3820 6316
435 327 559 402 1111

494 449 914 522 Consequenter
943 437 1448 524 autetn‘prommio,
1495 469 1712 524 requum
1752 454 1995 509 arbitror
2022 459 2070 516 Α

428 547 485 594 ut
512 543 800 610 praesentis
853 543 966 598 diei
1015 557 1242 612 scopum
1291 560 1392 614 pro
1419 544 1565 598 virili
1599 555 1790 600 nostra
1817 546 1994 614 expli-

425 645 618 686 cemus
651 671 668 694 ,
713 641 772 686 ut
810 648 876 687 ne
907 634 1020 686 ullo
1058 637 1352 690 commodo
1394 650 1459 689 ac
1515 637 1696 690 {metu
1732 636 1862 691 hinc
1893 636 1994 692 do-

427 733 576 772 mum
631 729 994 774 revertamur.
1041 723 1092 776 ls
1133 734 1317 775 autem
1349 731 1455 791 est,
1509 725 1600 778 illa
1640 726 1898 795 Baptistae
1926 726 1993 780 ad

428 807 698 861 Herodem
736 810 994 876 loquendi
1027 811 1279 872 libertas.
1313 829 1478 882 quam
1509 816 1674 870 hodie
1712 832 1994 886 exponens

425 895 566 948 liber
611 899 966 967 evangelicus
1019 903 1169 956 clare
1216 903 1481 973 loquitur.
1532 907 1680 960 Illam
1739 908 1866 963 dico
1910 910 1996 962 lo-

423 985 623 1051 quendi
652 986 983 1051 libertatem.
1027 993 1081 1044 in
1115 1008 1283 1062 quam
1315 995 1464 1048 nulla
1493 997 1655 1050 cadat
1689 1001 1993 1068 reprehen-

423 1073 528 1137 sio,
559 1083 626 1128 .ut
661 1091 782 1146 quae
821 1095 960 1147 pura
996 1090 1130 1146 tota,
1158 1085 1410 1156 nihilque
1443 1085 1734 1142 mundana:
1767 1089 1993 1144 liberta-

423 1163 497 1219 tis
543 1169 892 1224 commistum
968 1174 1198 1241 habens,
1263 1177 1478 1246 prodita
1533 1179 1638 1232 sit:
1703 1190 1855 1234 tanto
1903 1183 1993 1236 illa

423 1253 715 1310 mundanae
750 1258 992 1314 libertati
1044 1273 1334 1331 praestans,
1371 1275 1428 1319 ut
1457 1267 1666 1320 nullum
1699 1269 1770 1332 is,
1809 1271 1995 1339 priva-

337 1353 354 1376 ι
423 1353 537 1398 ιυιιι
573 1346 718 1401 inter
755 1364 819 1403 ac
872 1367 1050 1420 regem
1086 1357 1334 1423 posuerit
1362 1357 1659 1412 discrimen
1689 1366 1813 1429 (est
1843 1363 1992 1416 enim

422 1437 674 1504 utrisque
722 1445 1035 1498 communis
1072 1447 1410 1518 redargutio,
1455 1453 1674 1518 quando
1725 1452 1874 1506 actio
1913 1454 1994 1507 si-

423 1527 603 1580 milem
654 1531 823 1597 exigit
876 1535 1440 1602 reprehensionem):
1493 1541 1741 1610 quinimo
1790 1554 1847 1597 ut
1897 1543 1992 1600 Del

422 1619 714 1688 propheta,
765 1624 996 1694 ejusque
1056 1631 1348 1684 temulator
1400 1634 1805 1701 mandatorum,
1866 1652 1990 1692 cum

421 1723 746 1779 purpuram,
799 1729 862 1767 ac
911 1717 1074 1786 regiae
1119 1720 1428 1789 maiestatis
1480 1722 1760 1788 thronum,
1789 1733 1844 1780 et
1875 1725 1995 1780 dia-

1576 341 1636 399 S.
1673 339 2004 399 ANDREE
2033 337 2452 398 CRETENSIS

3549 329 3657 394 illi

2181 454 2448 523 Ἐχόμενα
2482 452 2537 505 δὲ
2571 451 2666 505 τοῦ
2702 452 3014 522 προοιμίου,
3071 452 3284 506 δίκαιον
3319 449 3558 520 ἠγοῦμαι
3581 468 3658 503 τον

2093 545 2190 614 τῆς
2233 545 2518 614 παρούσης
2546 544 2760 615 ἡμέρας
2789 545 2867 606 εἰς
2919 544 3153 613 δύναμιν
3199 541 3522 606 ὲξαπλῶσαι
3555 558 3662 594 no-

2096 636 2215 699 πδν,
2249 635 2324 698 ὡς
2348 636 2414 690 ἂν
2445 635 2519 706 μὴ
2546 635 2861 698 ἀσυντελεῖς
2888 674 2902 697 ,
2938 635 3075 704 μηδὲ
3109 633 3361 704 ἄκαρποι
3392 633 3504 684 τῶν
3550 634 3659 702 τῇδε

2097 727 2476 798 ὑποχωρῶμεν
2503 727 2709 781 οῐκαδε.
2757 727 2816 782 '0
2853 727 2910 780 δέ
2956 730 3108 780 ἔστιν
3132 767 3148 792 ,
3181 727 3215 795 ἠ
3248 725 3396 795 πρὸς
3439 724 3662 793 Ἡρώδην
3735 721 3737 726 ⁴

2095 817 2191 870 τοῦ
2222 816 2532 870 Βαπτιστοῢ
2564 817 2870 888 παρρησία,
2901 817 2969 887 ἣν
2993 817 3027 886 ἡ
3062 814 3414 884 εύαγγελικὴ
3449 816 3662 882 σήμερον

2095 908 2520 963 ἀναπτύσσουσα
2551 908 2758 978 βίϐλος,
2814 909 3159 978 διαπρυσίως
3193 907 3507 972 ὑποφωνεῖ.
3541 905 3663 974 11αρ-
3739 905 3741 966 Ι

2097 1001 2292 1070 ρησίαν
2324 1001 2538 1070 ἐκείνην
2569 1001 2715 1068 λέγω
2735 995 2802 1071 ἦς
2827 1000 3002 1062 οὐδεὶς
3033 999 3239 1068 ἅψαιτο
3263 998 3490 1067 μῶμος,
3519 997 3660 1048 καθα·
3741 1006 3743 1072 Ι

2099 1095 2197 1162 ρᾶς
2233 1092 2362 1161 ὅλης
2402 1094 2497 1146 καὶ
2527 1092 2760 1162 ἀμιγοῦς
2805 1092 2902 1160 τῆς
2935 1090 3038 1143 ἀνὰ
3069 1090 3168 1160 τὴν
3205 1089 3396 1142 κτίσιν
3438 1089 3662 1155 ἀποφαν-

2096 1183 2283 1253 θείσης
2316 1185 2624 1255 παρρησίας
2645 1201 2659 1214 ·
2706 1180 2770 1254 ἧς
2802 1181 3056 1236 τοσοῦτον
3104 1182 3230 1251 ἔσχε
3263 1180 3326 1232 τὸ
3370 1181 3582 1247 περιὸν,
3603 1179 3661 1240 ὡς

2099 1275 2263 1346 μηδὲν
2292 1273 2478 1327 θέσθαι
2512 1276 2674 1341 μέσον
2706 1273 2975 1336 ἰδιωτείας
3004 1273 3098 1324 καὶ
3146 1271 3461 1341 βασιλείας.
3495 1270 3658 1332 Keue;

2094 1367 2202 1436 γὰρ
2229 1367 2668 1436 ὲπ⁹άμφοτέροις
2700 1369 2727 1419 ὁ
2759 1366 3002 1434 ἔλεγχος,
3021 1364 3152 1416 ὅταν
3182 1365 3216 1432 ἡ
3250 1361 3468 1432 πρᾶξις
3495 1362 3654 1429 ὁμοίαν

2095 1460 2192 1530 ἔχῃ
2217 1459 2316 1529 τὴν
2339 1458 2651 1528 εἴσπραξιν·
2687 1458 2804 1511 ἀλλ’
2847 1453 2936 1510 οἷα
2966 1456 3104 1510 Θεοῦ
3142 1457 3446 1524 προφήτην
3467 1471 3481 1484 ·
3514 1452 3597 1504 καὶ
3616 1455 3654 1503 τξ

2093 1552 2202 1619 γάρ
2227 1567 2241 1615 ;
2271 1549 2519 1620 ζηλωτὴν
2563 1549 2673 1601 τῶν
2706 1539 2870 1602 αὐτοῦ
2900 1549 3376 1618 προσταγμάτων,
3407 1545 3658 1614 ὑπεριδεῖν
3751 1539 3753 1584 ¹

2097 1642 2198 1713 μὲν
2221 1641 2557 1712 ἁλουργίδας,
2582 1641 2675 1694 καὶ
2695 1641 2911 1713 θρόνου,
2936 1643 3032 1695 καὶ¹
3057 1641 3426 1712 διαδήματος,
3455 1641 3547 1691 καὶ
3573 1639 3660 1692 τῶν

2097 1736 2198 1789 ὅσα
2230 1734 2320 1787 τὸν
2343 1734 2507 1802 όγκον
2540 1734 2686 1805 αἴρει
2737 1737 2852 1797 τοῖς
2896 1733 3260 1804 φιλοκόμποις
3299 1733 3402 1786 τοῦ
3434 1733 3657 1786 διακένου

418 1799 576 1854 dema
637 1817 701 1857 ac
760 1815 1034 1877 quotquot
1080 1811 1378 1869 mundanis
1439 1815 1759 1872 hominibus
1807 1818 1988 1872 inanis

2102 1792 2452 1894 φυσήματος·
2505 1792 2994 1894 παρρησιάσασθαι
3039 1792 3103 1878 δὲ.
3127 1792 3556 1894 τὴν-ἀλήθειαν,
3584 1823 3659 1872 καὶ

419 1888 722 1948 inﬂationis
747 1903 1021 1952 tumorem
1052 1913 1252 1970 augere
1294 1902 1517 1967 habent,
1552 1906 1842 1973 spreverit,
1873 1914 1988 1959 tum

418 1981 592 2039 libere
622 1987 907 2043 veritatem
945 1992 1253 2059 protulerit,
1287 1995 1553 2064 nulloque
1590 2005 1759 2060 metu,
1798 2005 1992 2051 auclo-

2097 1917 2357 1986 συστολῆς
2408 1917 2630 1986 ἁπάσης
2686 1917 2830 1986 δίχα,
2879 1919 2974 1970 τοῦ
3025 1919 3195 1984 νόμου
3248 1917 3353 1986 τὴν
3389 1915 3658 1968 αύθεντίαν

2093 2007 2461 2078 ἀποκαλύψαι,
2496 2009 2577 2062 ὅτι
2605 2009 2679 2078 μὴ
2709 2009 2922 2078 φαύλην
2951 2009 3233 2078 ἀποφῆναι
3263 2007 3362 2060 τοῦ
3389 2007 3558 2075 νόμου
3579 2005 3659 2074 τὴν
3761 2068 3763 2082 1

3735 686 3737 716 l

3737 792 3739 846 |

3739 898 3741 958 l

3741 1006 3743 1054 |

3749 1430 3751 1484 l

3751 1536 3753 1570 |

3753 1642 3755 1690 |

3755 1750 3757 1798 |

3757 1856 3759 1896 |

3759 1962 3761 1980 ι

418 2071 638 2129 ritatem
681 2077 817 2146 legis
841 2118 857 2145 ,
899 2082 1061 2150 cujus
1089 2083 1254 2139 vellet
1293 2086 1601 2140 libertatem
1632 2087 1767 2141 nihil
1791 2102 1986 2142 vanam

2095 2071 2406 2170 ἐλευθερίαν
2440 2071 3003 2170 ἐϐούλετοίῐίῶςνγὰρ
3033 2071 3264 2167 ὀ-νόμου
3302 2071 3535 2168 μεσίτης
3581 2071 3658 2147 καὶ

416 2168 733 2231 ostendere,
799 2170 1188 2230 declaraverit.
1223 2174 1340 2242 Qua
1399 2178 1546 2232 enim
1605 2180 1836 2244 ratione,
1893 2181 1988 2250 qui

2097 2191 2338 2260 χάριτος,
2371 2189 2676 2260 περιορῷτο
2693 2188 2788 2242 τοῦ
2810 2189 2978 2259 νόμου
3002 2189 3102 2258 τὴν
3125 2187 3402 2251 εὔκλειαν,
3419 2187 3658 2258 προασπί-

418 2254 592 2326 legem
642 2259 788 2316 inter
837 2277 902 2318 ac
952 2266 1189 2334 gratiam
1225 2268 1438 2324 medius
1489 2277 1658 2335 esset,
1704 2271 1838 2341 legis
1868 2275 1988 2328 exi-

2097 2254 2206 2344 ξων
2232 2280 2328 2334 τοῦ
2358 2254 2524 2352 νόμου
2538 2254 2560 2348 ’ς
2585 2254 2597 2259 -
2618 2281 2741 2334 Ὀτι
2769 2279 2826 2334 δὲ
2877 2254 3476 2350 νόμου-προασπιστης
3517 2280 3545 2331 ό
3577 2278 3654 2330 τοῦ

417 2356 570 2404 stens
601 2363 1002 2423 propugnator,
1033 2357 1260 2427 gloriam
1295 2360 1429 2430 legis
1463 2360 1808 2431 despiceret?
1832 2363 1988 2430 Quod

2097 2368 2372 2421 Δεσπότου
2393 2367 2724 2438 Βαπτιστὴς,
2754 2367 2836 2432 τίς
2869 2368 3043 2433 οὕτως
3065 2369 3301 2438 ἠλίθιος,
3322 2368 3402 2432 ὡς
3429 2370 3503 2438 μὴ
3521 2369 3656 2421 τοῦτο

417 2451 598 2495 autem
631 2442 845 2499 Domini
899 2445 1146 2517 Baptista
1200 2451 1375 2520 egerit
1410 2463 1876 2522 prepugnatorem
1911 2457 1988 2512 le-

2095 2457 2373 2528 προῦργου
2402 2459 2510 2513 τῶν
2540 2459 2687 2534 αύτῷ
2722 2459 3188 2530 κατωρθωμένων,
3236 2461 3461 2531 πρῶτον
3487 2460 3658 2517 θέσθαι

416 2530 524 2600 gis,
549 2534 676 2602 quis
710 2538 917 2594 stultus
970 2541 1130 2601 adeo.
1169 2550 1229 2596 ut
1283 2557 1352 2597 ne
1399 2545 1522 2604 hoc,
1583 2560 1765 2598 rerum
1807 2546 1875 2599 ab
1920 2562 1986 2602 eo

2093 2550 2421 2616 κεφάλαιονς
2459 2530 2582 2604 ΤόνΓ
2609 2551 2671 2619 γέ
2703 2568 2782 2604 τοι
2828 2550 2992 2620 ζῆλον
3027 2553 3212 2612 ὁποῖος
3349 2551 3520 2622 αὐτῷ.
3577 2553 3654 2603 καὶ

417 2625 679 2692 praeclare
735 2637 1012 2698 gestarum
1075 2633 1311 2700 primum
1361 2622 1590 2688 omnino
1627 2644 1816 2705 caput,
1872 2647 1988 2690 sta-

2093 2638 2172 2700 είς
2202 2638 2327 2690 ὅσον
2357 2638 2580 2708 ἐξῆπτο,
2606 2637 2838 2710 δηλώσει
2868 2640 2928 2691 τὺ
2961 2639 3313 2708 Εύαγγέλιον.

379 2717 681 2797 eluendum
739 2723 1000 2779 duxerit?
1049 2723 1242 2790 Qualis
1301 2735 1484 2781 autem
1529 2737 1677 2782 esset
1725 2728 1844 2799 ejus
1887 2731 2040 2786 zelus
2072 2773 2088 2800 ,
2161 2746 2438 2802 quamque
2486 2735 2782 2790 vehemens
2842 2748 2910 2789 ac
2977 2749 3267 2801 accensus,
3358 2737 3652 2810 evangeliea

415 2810 676 2882 deinceps
708 2818 950 2873 narratio
976 2819 1295 2876 declarabit.

332 2888 337 2893 ’
492 2921 511 2953 ι
553 2903 609 2958 In
642 2906 738 2960 illo
768 2914 1036 2979 tempore,
1070 2924 1196 2965 cum
1219 2911 1466 2968 audisset
1495 2914 1736 2969 llerodes
1764 2913 1986 2970 Tetrar-

2169 2931 2186 2963 ι
2233 2910 2322 2965 Ἐν
2364 2912 2558 2982 ἐκείνῳ
2602 2911 2679 2983 τῷ
2714 2912 2911 2984 καιρῷ,
2941 2913 3174 2981 ἤκουσεν
3222 2914 3471 2986 Ἡρώδης
3499 2919 3527 2970 ό
3570 2937 3651 2972 τε·

413 2997 518 3051 elia
551 2997 750 3053 famam
779 2999 930 3066 Jesu,
967 3003 1046 3058 ait
1097 3005 1282 3074 pueris
1311 3005 1465 3061 suis:
1504 3005 1603 3061 llic
1632 3020 1718 3062 est
1743 3009 1988 3062 Joannes

2093 3004 2337 3074 τράρχης
2369 3003 2469 3074 τὴν
2523 3005 2694 3075 ἀκοὴν
2731 3005 2929 3074 Ἰησοῦ,
2980 3009 3074 3061 καὶ
3122 3002 3280 3059 εἶπεν
3315 3013 3430 3073 τοῖς
3485 3015 3652 3064 παισὶν

414 3089 696 3160 Baptista;
752 3092 870 3164 ipse
916 3097 1162 3151 surrexit
1201 3111 1231 3150 a
1289 3101 1558 3156 mortuis:
1604 3108 1662 3154 et
1695 3109 1986 3170 propterea

2093 3093 2290 3146 αὐτοῦ·
2319 3087 2487 3158 οὗτος
2536 3097 2684 3148 ἐστιν
2722 3096 2976 3168 Ἰωάννης
3021 3099 3050 3150 ὁ
3105 3099 3462 3171 Βαπτιστής·
3507 3105 3650 3167 αὑτὸς

414 3184 654 3239 virtutes
706 3197 1012 3255 operantur
1063 3191 1116 3244 in
1151 3205 1238 3246 eo.
1281 3194 1406 3262 Ipse
1452 3192 1598 3246 enim
1635 3191 1878 3247 llerodes
1908 3202 1988 3246 te-

2093 3183 2296 3253 ὴγέρθη
2330 3183 2439 3237 ἀπὸ
2461 3182 2571 3236 τῶν
2595 3183 2838 3254 νεκρῶν,
2893 3187 2986 3239 καὶ
3015 3185 3103 3240 διά
3142 3187 3304 3242 τοῦτο
3353 3191 3649 3262 ἐνεργοῦσιν

415 3273 535 3325 nuit
561 3271 852 3339 Joannem,
883 3285 938 3331 et
972 3279 1123 3336 misit
1175 3280 1229 3333 in
1269 3297 1571 3345 carcerem,
1627 3289 1849 3350 propter
1883 3281 1987 3338 Hc-

2093 3277 2144 3327 αί
2166 3275 2424 3346 δυνάμεις
2447 3277 2503 3327 ἐν
2535 3276 2704 3346 αύτῷ.
2740 3277 2796 3330 ⁸0
2826 3277 2937 3348 γὰρ
2986 3279 3229 3351 Ἡρώδης
3254 3287 3533 3354 κρατήσας
3565 3287 3648 3338 τὸν

413 3361 694 3417 rmliadem
754 3379 982 3420 uxorem
1036 3364 1275 3438 Philippi
1333 3369 1526 3426 fratris
1593 3372 1704 3426 sui.
1764 3371 1988 3426 Dicebat

411 3454 558 3508 enim
601 3457 650 3511 ei
706 3455 950 3515 Joannes
985 3477 999 3513 :
1030 3458 1149 3514 Non
1191 3461 1320 3516 licet
1359 3463 1456 3516 tibi
1512 3463 1713 3519 habere
1743 3479 1886 3519 eam.
1923 3466 1988 3520 Et

412 3561 539 3600 cum
595 3548 754 3602 vellet
777 3565 900 3604 eum
955 3552 1231 3617 occidere,
1276 3554 1504 3609 timebat
1551 3555 1794 3622 turbam,
1855 3557 1986 3628 quia

412 3638 557 3692 sicut
589 3640 910 3710 prophetam
963 3657 1090 3697 eum
1147 3644 1440 3699 habebant.
1473 3645 1610 3700 Cum
1649 3656 1827 3702 autem
1860 3662 1989 3719 age-

415 3735 565 3782 retur
595 3729 714 3785 dies
746 3732 948 3787 natalis
977 3732 1237 3800 llerodis,
1273 3736 1496 3790 saltavit
1524 3737 1632 3791 lilia
1663 3736 1984 3794 llerodiadis

412 3820 466 3875 in
503 3821 708 3888 medio,
740 3833 795 3878 et
839 3825 1050 3894 placuit
1083 3825 1302 3883 llerodi.
1350 3826 1716 3895 Quamobrem
1748 3846 1872 3885 cum
1896 3830 1987 3900 ju-

411 3923 660 3970 ramento
712 3917 990 3985 pollicitus
1041 3928 1128 3973 est
1184 3935 1245 3974 se
1297 3923 1345 3975 ei
1405 3923 1657 3976 daturum
1717 3921 1984 3992 quidquid

411 4001 771 4068 postulasset.
829 4005 899 4058 At
967 4007 1056 4060 illa
1122 4007 1348 4063 inducta
1398 4025 1428 4064 a
1490 4021 1661 4065 matre
1724 4027 1859 4066 sua:
1910 4011 1985 4066 Da

409 4091 568 4155 mihi,
602 4094 800 4164 inquit,
839 4097 928 4150 hic
960 4097 1013 4150 in
1045 4097 1200 4154 disco
1233 4107 1400 4170 caput
1431 4099 1667 4157 Joannis
1703 4101 1982 4172 Baptista.

410 4183 475 4236 Et
504 4187 867 4245 contristatus
899 4197 985 4245 est
1015 4205 1108 4244 rex
1137 4207 1150 4243 :
1206 4201 1430 4262 pr0pter
1452 4191 1845 4262 jusjurandum
1880 4210 1984 4249 au-

410 4285 540 4339 tem,
571 4286 625 4332 et
653 4277 816 4333 simul
864 4282 1271 4344 recumbentes,
1315 4281 1484 4350 jussit
1517 4282 1685 4338 dari:
1732 4285 1985 4341 mittens-

2102 3366 2377 3436 Ἰωάννην,
2435 3365 2588 3419 ἔθετο
2633 3370 2714 3430 εἰς
2754 3369 3002 3440 φυλακην
3059 3371 3147 3424 διὰ
3214 3372 3515 3444 Ἡρωδιάδα
3561 3377 3648 3445 τὴν

2088 3459 2324 3523 γυναῖκα
2351 3457 2620 3511 Φιλίππου
2652 3458 2746 3511 τοῦ
2787 3459 3016 3529 ἀδελφοῦ
3056 3462 3243 3518 αὐτοῦ.
3285 3466 3512 3533 Ἔλεγεν
3549 3468 3645 3534 γὰρ

2089 3545 2238 3618 αύτῷ
2270 3549 2299 3601 ό
2335 3548 2620 3618 Ἰωάννης·
2653 3549 2768 3603 οὒκ
2803 3549 2981 3614 ἔξεστι
3029 3567 3112 3604 σοι
3142 3552 3288 3623 ἔχειν
3318 3556 3510 3626 αὐτήν.
3550 3557 3644 3610 Καὶ

2089 3639 2262 3692 θέλων
2303 3639 2464 3692 αὑτὸν
2495 3642 2837 3703 ἀποκτεῖναι,
2877 3641 3127 3712 ἐφοϐεῖτο
3152 3645 3244 3697 τὸν
3269 3644 3446 3715 ϐχλον,
3480 3648 3554 3700 ὃτι
3577 3647 3642 3710 ὥς

2090 3731 2379 3802 προφήτην
2413 3731 2576 3784 αὐτὸν
2604 3725 2772 3800 εἶχον.
2803 3732 3072 3786 Γενεσίων
3127 3734 3185 3787 δὲ
3212 3736 3520 3804 γενομένων
3559 3735 3638 3788 τοῦ

2101 3821 2364 3893 Ἡρώδου,
2399 3822 2688 3892 ὠρχήσατο
2733 3825 2766 3893 ή
2805 3821 3051 3895 θυγάτηρ
3083 3825 3184 3894 τῆς
3224 3824 3544 3896 Ἡρωδιάδος
3572 3829 3637 3890 εἰς

2087 3914 2148 3969 τδ
2173 3914 2336 3985 μέσον
2355 3956 2370 3979 ,
2421 3915 2517 3968 καὶ
2546 3914 2745 3985 ἤρεσεν
2768 3913 2848 3985 τῷ
2897 3914 3112 3986 Ἡρώδῃ
3133 3932 3147 3945 ⁸
3195 3916 3324 3969 ὅθεν
3356 3917 3473 3986 μεθ’
3498 3919 3636 3986 ὅρκου

2087 4006 2441 4077 ὡμολόγησεν
2495 4007 2630 4076 αὐτῇ
2663 3995 2868 4071 δοῦναι,
2929 4008 2959 4060 δ
3005 4008 3101 4060 ἐὰν
3148 4009 3467 4078 αιτήσηται.
3506 4009 3637 4062 Ἡδὲ

2089 4095 2521 4166 προϐιϐασθεῖσα
2549 4096 2654 4148 ὑπὸ
2674 4097 2773 4167 τῆς
2798 4095 3002 4167 μητρὸς
3035 4095 3207 4165 αὐτῆς
3235 4137 3251 4162 ,
3288 4097 3391 4158 Δός
3421 4113 3526 4166 μοι,
3553 4112 3639 4162 φη·

2089 4189 2193 4250 σἰν,
2251 4181 2354 4240 ὦδε
2417 4188 2510 4240 ἐπὶ
2567 4188 2756 4240 πίνακι
2809 4187 2907 4256 τὴν
2959 4186 3204 4257 κεφαλὴν
3270 4187 3515 4240 Ἰωάννου
3551 4184 3634 4238 τοῦ

2087 4278 2417 4333 Βαπτιστοῦ.
2473 4280 2581 4333 Καὶ
2636 4279 2880 4350 ἐλυπήθη
2915 4280 2944 4332 ό
2991 4278 3269 4349 βασιλεύς.
3307 4279 3407 4331 Διὰ
3454 4278 3506 4332 δὲ
3534 4277 3638 4338 rei»;

408 4384 537 4438 que,
593 4368 885 4424 decollavit
932 4369 1196 4426 Joannem
1228 4373 1283 4427 in
1334 4388 1578 4428 carcere.
1622 4375 1688 4428 Et
1751 4376 1980 4430 allatum

2093 4369 2302 4440 ὅρκους,
2333 4369 2425 4422 καὶ
2452 4371 2579 4432 τοὺς
2609 4368 3130 4438 συνανακειμένους,
3170 4369 3460 4422 ἐκέλευσεν
3500 4366 3636 4433 δοοῆ-

407 4470 494 4514 est
519 4468 684 4530 caput
734 4461 854 4529 ejus
901 4463 956 4517 in
985 4463 1163 4526 disco,
1198 4473 1252 4518 et
1281 4464 1470 4519 datum
1494 4473 1578 4520 est
1613 4467 1850 4536 puellae:
1885 4468 1978 4522 illa

2093 4477 2196 4514 ναι.
2229 4461 2339 4514 Καὶ
2375 4460 2597 4528 πέμψας
2648 4459 3022 4528 άπεκεφάλισε
3081 4459 3174 4512 τὸν
3216 4461 3471 4529 Ἰωάννην
3504 4460 3556 4510 έν
3578 4459 3632 4524 τῇ

409 4551 967 4610 verolradiditmatri
1002 4571 1116 4611 suae
1143 4565 1190 4609 τ.
1228 4577 1245 4608 ι
1272 4557 1354 4610 An
1390 4573 1496 4610 non
1524 4557 1864 4612 tibividetur
1888 4559 1980 4615 hic

2093 4553 2321 4622 φυλακῇ·
2346 4551 2456 4605 Καὶ
2485 4551 2684 4622 ἠνέχθη
2708 4553 2741 4622 ἠ
2772 4551 2985 4620 κεφαλὴ
3017 4549 3184 4604 αὑτοῦ
3211 4551 3309 4603 ἐπὶ
3341 4547 3632 4606 πίνακι.καὶ

410 4644 525 4698 zelo
563 4644 848 4710 incitatus,
887 4663 952 4702 ac
987 4664 1098 4719 pra:
1144 4649 1403 4704 onmibus
1437 4663 1576 4718 riuos
1627 4650 1744 4706 zelo
1780 4650 1981 4705 incita-

2093 4643 2236 4715 ἐδόθη
2259 4641 2335 4712 τῷ
2364 4642 2606 4713 κορασίῳ
2627 4657 2641 4672 ·
2677 4643 2773 4695 καὶ
2791 4642 2854 4694 τδ
2879 4642 3140 4712 κοράσιον
3163 4641 3371 4695 ἔδωκεν
3399 4640 3554 4709 αὐτὴν
3577 4639 3630 4704 τῇ

411 4743 496 4788 tos
527 4736 757 4804 scimus,
785 4738 943 4810 longe
977 4740 1430 4807 incitatissimus;
1460 4742 1598 4798 adeo
1628 4752 1686 4796 ut
1710 4758 1780 4798 ne
1807 4757 1982 4814 usque

2093 4736 2255 4806 μητρὶ
2279 4735 2468 4805 αὐτῆς.
2511 4751 2529 4784 ι
2570 4729 2719 4804 Ἀρά
2750 4749 2832 4786 σοι
2869 4734 3017 4786 δοκεῖ
3044 4731 3296 4804 ζηλωτὴς
3321 4726 3473 4794 οὗτος
3494 4727 3630 4792 εἶναι,

407 4823 474 4877 ad
511 4840 699 4880 necem
743 4829 962 4897 quidem
1012 4833 1314 4899 prodiderit
1340 4834 1648 4900 veritatem,
1683 4849 1785 4890 nec
1812 4835 1979 4906 quid—

409 4929 574 4984 quam
622 4918 894 4973 remiserit
943 4921 1011 4977 de
1040 4926 1180 4989 zelo,
1233 4933 1396 4994 atque
1430 4925 1481 4979 id
1517 4941 1640 4978 cuiu
1675 4935 1865 4980 contra
1897 4942 1982 4982 re-

410 5021 528 5074 gem
590 5009 985 5065 contenderet?
1027 5013 1216 5085 Cogita
1263 5017 1412 5070 enim
1466 5024 1670 5086 quanta
1724 5033 1811 5073 res
1841 5029 1980 5086 erat,

411 5098 690 5153 hominem
751 5099 935 5156 videre
990 5104 1117 5173 pilis
1161 5108 1354 5161 cameli
1411 5109 1660 5164 indutum
1715 5124 1778 5163 ac
1841 5123 1979 5163 zona

413 5187 638 5257 pellieea
697 5175 1093 5247 succinctum:
1161 5209 1343 5264 regem
1413 5204 1594 5252 autem
1651 5199 1975 5268 superbum,

409 5279 706 5350 supercilia
736 5281 1100 5350 attollentem,
1135 5285 1360 5340 sublimi
1386 5287 1588 5342 elatum
1616 5290 1778 5356 sede;
1814 5305 1977 5359 quem

409 5379 624 5428 teneret
655 5373 992 5444 voluptatum
1033 5371 1316 5447 tyrannis;
1362 5381 1567 5449 quique
1613 5380 1775 5450 pleno
1804 5380 1977 5434 auda-

410 5463 494 5518 cia
550 5463 736 5520 furore
793 5465 927 5536 (l7),
984 5469 1101 5523 ueci
1151 5471 1366 5525 tradere
1423 5469 1728 5526 festinaret.
1781 5471 1975 5542 Cogita

479 5561 509 5592 ν
533 5553 723 5610 Matth.
757 5572 863 5624 xlv,
899 5558 919 5612 l
950 5573 1098 5632 seqq.

2067 4829 2179 4905 ¹καὶ.
2200 4825 2458 4897 ζηλωτῶν
2475 4824 2732 4879 ἁπάντων
2755 4823 3226 4894 ζηλωτικὼτατος,
3243 4823 3321 4888 ὡς
3341 4823 3471 4894 μηδὲ
3497 4821 3634 4891 μέχρι

2085 4915 2301 4987 σφαγῆς
2354 4915 2616 4987 προέσθαι
2651 4915 2751 4986 τὴν
2804 4915 3089 4987 ἀλήθειαν,
3145 4914 3284 4984 μηδὲ
3342 4913 3633 4980 καθυφεῖναι

2081 5009 2177 5061 τοῦ
2207 5007 2372 5078 ζήλου
2406 5025 2478 5070 τι,
2511 5008 2606 5060 καὶ
2630 5005 2802 5060 ταῦτα
2822 5006 2958 5077 πρὸς
2982 5006 3209 5076 βασιλέα
3231 5005 3630 5072 διατεινόμενονς

2093 5099 2377 5170 Ἐννόησον
2414 5099 2522 5168 γὰρ
2561 5098 2760 5150 ὁπόσον
2783 5092 2852 5167 ἦν
2879 5096 3170 5167 ἄνθρωπον
3229 5099 3380 5159 ίδεῖν,
3413 5092 3632 5164 καμήλου

2078 5191 2272 5262 τρίχας
2330 5189 2746 5260 ἠμφιεσμένον,
2801 5189 2898 5240 καὶ
2962 5187 3138 5258 ζώνην
3192 5187 3520 5260 δερματίνην
3567 5181 3632 5234 δι-

2078 5282 2408 5353 εζωσμένον·
2428 5280 2650 5351 βασιλέα
2672 5297 2729 5333 τε
2754 5279 2979 5350 γαῦρον,
3006 5270 3118 5332 ἄνω
3141 5279 3239 5342 τὰς
3262 5276 3430 5349 ὀφρύς
3448 5277 3630 5345 ἔχοντα,

2083 5375 2392 5446 καθήμενον
2421 5372 2816 5444 ύπερϐάθμιον,
2855 5372 2949 5425 καὶ
2981 5372 3175 5441 κράτει
3210 5372 3312 5441 μὲν
3345 5367 3538 5438 ἡδονῶν
3559 5382 3632 5416 τυ-

2088 5468 2468 5540 ραννούμενον,
2521 5465 2713 5537 θράσει
2748 5463 2804 5516 δὲ
2839 5462 3014 5534 θυμοῦ
3065 5464 3235 5534 φονᾷν
3289 5460 3628 5530 ἐπειγόμενον.

1731 5625 2117 5684 COMBEFlSll
2155 5624 2381 5679 ΝΟΤΛΞ.

480 5715 592 5788 (_l'_'l)
629 5717 833 5786 Quique
881 5719 1030 5788 pleno
1063 5719 1290 5774 audacia
1322 5720 1520 5788 furare.
1573 5720 1968 5776 Desiderantur

2095 5717 2282 5782 ⁵ιστοῦ,
2315 5718 2457 5785 quod
2491 5719 2784 5788 opponitur
2808 5716 2884 5786 τῷ
2909 5757 2934 5788 ,_
2963 5712 3415 5788 qua‘,'t-iyo:3v:_o;
3439 5706 3620 5788 πόλεις·

419 5783 470 5840 in
497 5783 819 5858 Lipomano,
846 5783 984 5861 ame
1015 5806 1176 5862 queat
1198 5783 1434 5848 vicissim
1457 5793 1587 5848 illud
1616 5803 1696 5848 est
1727 5801 1846 5862 post
1872 5808 1938 5843 πο

2072 5806 2171 5862 pro
2220 5789 2472 5842 πολιστοῦ
2518 5807 2529 5820 ·

2589 5779 2866 5858 interpres
2920 5779 3218 5857 Liplimzmi
3267 5784 3388 5854 legit
3431 5779 3617 5844 πολεμι-
