3820 6316
47 435 196 503 Ildl

1069 449 1163 524 “IN
1201 450 1746 511 DORMITIONEM
1779 451 1841 511 S.
1883 449 2172 516 )IARI.E.
2213 448 2331 508 III.

3206 441 3340 507 “02

55 552 227 606 Ἐκεῖ
265 554 459 626 Πατὴρ
493 559 906 626 προσκυνεῖται,
947 558 1040 610 καὶ
1070 560 1196 622 Υἱδς
1239 559 1548 627 δοξάζεται,
1571 563 1650 614 κατ

1771 559 2124 630 fontesjngis
2168 561 2312 621 vitae,
2361 558 2565 612 Iluenta
2615 557 2893 612 manantis
2940 573 2968 611 a
3019 555 3128 613 Deo
3179 558 3356 624 lucis,

45 645 300 717 Πνεῦμα
342 648 496 716 ἅγιον
547 649 869 720 ἀνυμνεῖται
903 664 916 674 ·
977 651 1010 718 ἠ
1044 650 1224 704 ἐνιαία
1261 651 1360 721 τῆς
1410 653 1541 722 μιᾶς
1598 654 1661 706 ἐν

43 736 260 804 τριάδι
292 738 551 808 θεότητος
582 739 765 808 φύσις.
794 736 1035 790 Τοιαῦτα
1079 739 1220 792 δοκῶ
1254 757 1346 811 μοι
1371 742 1492 795 τότε
1535 741 1660 805 τοὺς

53 829 406 902 θεολήπτους
431 831 674 894 ἐκείνους
712 830 916 903 ἄνδρας
943 832 1038 883 καὶ
1067 832 1236 900 φάναι
1263 833 1359 888 καὶ⁵
1393 834 1656 904 ὑμνῆσαι,

57 923 156 976 καὶ
197 923 301 975 ὅσα
331 922 543 986 τούτοις
566 922 1033 992 ὑπερανέστηκεν·
1065 923 1126 976 οὑ
1156 923 1264 994 γὰρ
1293 919 1390 976 οἶδ’
1416 925 1445 977 ὃ
1482 941 1535 976 τι
1565 924 1661 978 καὶ

67 1014 235 1067 πλέον
279 1015 438 1077 εἴπω,
479 1015 552 1084 γῆ
588 1015 681 1066 καὶ
719 1014 913 1077 σποδὸς
964 1015 1248 1086 ὑπάρχων,
1296 1017 1391 1070 καὶ
1435 1015 1496 1069 τὸ
1537 1016 1661 1070 ὅλον

73 1106 304 1177 σαπρία,
343 1106 438 1158 καὶ
473 1105 568 1157 ἴσα
587 1106 700 1167 τοῖς
731 1105 922 1173 διρεσιν
949 1106 1042 1159 ἐπὶ
1080 1105 1289 1160 κοιλίαν
1312 1107 1518 1179 ἕρπων.
1551 1107 1659 1160 Καί

77 1213 166 1265 μοι
192 1194 286 1248 τοῦ
319 1193 482 1261 λόγου
515 1192 674 1264 χρέος
705 1195 784 1256 είς
813 1194 1045 1265 δύναμιν
1086 1195 1287 1259 ἱκανῶς
1315 1196 1658 1266 άφωσίωται,

83 1285 326 1358 μηδενὸς,
349 1282 528 1355 οἶμαι,
557 1286 990 1356 παρεωραμένου
1014 1286 1121 1339 τῶν
1145 1289 1224 1352 εἰς
1242 1287 1339 1358 τὴν
1364 1287 1648 1358 παροῦσαν

81 1377 458 1430 συντεινόντων
493 1377 708 1446 ἑορτήν.
741 1377 856 1430 Καὶ
892 1378 945 1430 εἴ
981 1395 1034 1430 τι
1071 1380 1283 1439 τούτοις
1315 1381 1660 1452 συνεισφέροι

74 1488 158 1532 ⁸εις
187 1469 535 1540 ὑψηλότερον,
568 1469 664 1520 καὶ
709 1470 845 1539 ἡμῖν
883 1469 1044 1522 τοῦτο
1086 1471 1443 1542 συναγηοχὼς
1483 1472 1658 1534 ἔσται,

77 1564 171 1614 καὶ
202 1564 267 1632 τῇ
299 1559 602 1630 πανηγύρει
635 1559 923 1613 συνοίσων.
953 1561 1147 1632 Μικρὰ
1183 1562 1240 1615 δὲ
1275 1562 1464 1628 εἰπὼν,
1493 1561 1658 1615 αὑτοῦ

74 1672 179 1706 που
201 1654 299 1725 τὴν
328 1654 568 1723 εἰρεσίαν
593 1651 688 1704 τοῦ
711 1651 873 1718 λόγου
895 1651 1276 1706 διαναπαύσω.
1303 1652 1409 1706 Τοῦ
1437 1653 1534 1722 μὲν
1563 1649 1658 1706 οὖν

79 1745 197 1796 κατ’
247 1743 426 1808 ἀξίαν,
473 1743 678 1811 ὁμοίως
713 1744 918 1805 πάντες
957 1742 1405 1811 ἀπολειπόμεθα·
1469 1743 1564 1796 τοῦ
1602 1744 1659 1796 δὲ

69 1836 172 1903 τὴν
211 1833 419 1886 ἑαυτῶν
462 1832 856 1902 ἐπιδεδειχέναι
885 1833 1137 1903 δύναμιν,
1189 1833 1303 1886 ῐσον
1331 1833 1564 1886 ἑκάστου
1597 1833 1660 1886 τὸ

1762 650 1912 704 ﬂuvii
1965 651 2088 704 vivo
2127 664 2346 718 semper
2403 648 2553 702 fonte
2597 646 2870 704 aﬂluentis
2927 647 3174 703 luminis.
3227 648 3348 704 Illic:

1763 739 1888 795 ﬁnis
1924 751 2005 795 est
2053 740 2303 795 omnium
2333 740 2464 793 olim
2513 739 2566 792 in
2613 755 2711 808 spe
2753 740 3060 810 positorum
3088 777 3103 804 ,
3135 747 3191 794 et
3223 755 3348 810 qua

1763 835 1923 888 modo
1977 840 2301 904 sperantur,
2369 832 2676 902 complexio
2738 833 2988 887 omnium
3049 833 3344 897 bonorum,

1761 942 1952 982 eorum
1991 926 2367 982 manifestatio
2400 943 2520 996 qua:
2545 927 2788 990 occulta,
2833 943 2934 982 nec
2970 927 3076 983 nisi
3114 927 3168 981 id
3207 935 3346 982 tem-

1762 1021 1914 1089 poris
1939 1019 2333 1089 conspicienda
2364 1032 2532 1073 sunt:
2577 1017 2704 1076 ﬁnis
2735 1020 2986 1084 ultimus,
3022 1021 3165 1075 ultra
3182 1035 3344 1090 quem

1763 1110 1895 1164 nihil
1937 1111 2164 1165 omnino
2197 1111 2304 1165 sit.
2339 1109 2453 1163 Illic
2508 1109 2769 1164 aduratur
2817 1110 2999 1174 Pater,
3060 1119 3116 1167 et
3164 1109 3346 1176 Filius

1759 1200 2123 1270 glorilicatur,
2151 1215 2216 1255 ac
2243 1200 2480 1256 canticis
2505 1201 2816 1254 celebratur
2839 1199 3078 1267 Spiritus
3097 1210 3344 1262 sanctus,

1761 1287 2043 1342 individua
2076 1285 2167 1341 illa
2199 1295 2396 1342 natura
2453 1289 2620 1342 unius
2673 1287 2724 1340 in
2775 1286 3046 1342 Triuitate
3096 1287 3342 1342 deitatis.

1765 1379 2088 1449 lluju'smodi
2138 1391 2290 1449 puto,
2323 1375 2584 1433 dicebant
2620 1379 3084 1449 cclebrabautque
3117 1379 3220 1432 viri
3267 1379 3344 1433 illi

1763 1469 1874 1525 Deo
1908 1470 2107 1534 amati,
2157 1478 2326 1539 atque
2373 1471 2440 1526 iis
2487 1470 2817 1526 sublimiora
2851 1487 2866 1522 :
2904 1484 3012 1523 non
3048 1470 3195 1522 enim
3228 1469 3347 1524 scio

1761 1561 1894 1632 quid
1926 1563 2164 1632 amplius
2193 1563 2396 1626 dicam,
2422 1561 2518 1632 qui
2558 1561 2663 1616 sim
2697 1572 2842 1616 terra
2869 1569 2923 1616 et
2955 1561 3119 1627 ciuis,
3167 1575 3348 1614 mera-

1760 1671 1870 1723 que
1898 1654 2152 1724 putredo,
2179 1668 2244 1708 ac
2276 1655 2421 1709 velut
2453 1668 2680 1723 serpens
2729 1661 2919 1707 ventre
2953 1667 3161 1722 repam.
3198 1649 3348 1706 Satis

1762 1763 1893 1802 vero
1953 1761 2051 1817 pro
2101 1747 2246 1801 virili
2303 1746 2581 1802 sermonis
2630 1743 2816 1799 debito
2849 1744 3142 1798 defunctus
3178 1758 3343 1805 sum,

1763 1839 1934 1902 nullo,
1958 1846 2017 1892 ut
2038 1838 2300 1901 arbitror,
2356 1838 2591 1901 omisso,
2620 1849 2813 1890 eorum
2842 1849 2966 1904 qua:
2995 1841 3248 1903 spectant
3276 1832 3346 1887 ad

71 1922 377 1991 πρόθυμον.
411 1921 634 1988 Δέξεται
658 1923 716 1976 δὲ
736 1923 770 1991 ἠ
781 1920 900 1991 μῶν
926 1922 1025 1975 καὶ
1051 1922 1264 1985 τοῦτον,
1308 1917 1370 1975 εὖ
1399 1918 1538 1986 οἶδα,
1565 1922 1650 1974 τὸν

1761 1933 2051 2002 praesentis
2087 1930 2197 1985 diei
2263 1930 2488 1985 festum.
2529 1927 2625 1984 Sin
2665 1927 2870 1998 aliquis
2907 1927 3202 1982 sublimius
3244 1926 3347 1978 ali-

69 2012 410 2084 βραχύτατον
430 2012 644 2084 λόγονῆ
682 2011 919 2065 τεκοῦσα
952 2012 1044 2064 τὸν
1077 2011 1235 2081 λόγον
1263 2028 1276 2042 ·
1323 2014 1416 2065 καὶ
1439 2011 1650 2067 άντιδὼα

1759 2024 1890 2094 quid
1925 2025 1992 2078 ad
2023 2025 2136 2079 haec
2161 2023 2474 2089 contulerit,
2506 2029 2560 2077 et
2590 2021 2750 2076 nobis
2781 2020 2911 2075 illud
2943 2020 3253 2090 collegerit,
3291 2027 3346 2073 et

70 2121 153 2157 σει
187 2105 285 2173 οὑχ
318 2103 554 2172 ὃσα-μὲν
587 2104 718 2165 ἴσως
759 2101 1044 2173 αἰτοῦμεν,
1077 2103 1179 2156 ὅσα
1215 2103 1273 2156 δὲ
1312 2105 1531 2167 πάντως
1568 2104 1665 2158 λα-

71 2197 189 2249 δεῖν
220 2199 391 2267 ἐσμεν
428 2195 592 2260 ἄξιοι.
622 2194 775 2248 Φιλεῖ
805 2193 916 2265 γὰρ
949 2196 982 2263 ἡ
1021 2196 1288 2262 πανάγιος
1318 2194 1394 2259 ὡς
1423 2195 1663 2249 πολύδω-

74 2304 188 2357 ρος,
241 2288 338 2338 καὶ
389 2287 497 2338 τῶν
538 2285 898 2356 βραχυτάτων
946 2284 1273 2338 ἀντιδιδόναι
1312 2284 1382 2338 τὰ
1411 2286 1656 2355 μείζονα.

71 2380 182 2431 Καὶ
228 2374 328 2431 ὦδε
386 2378 486 2448 μὲν
539 2377 714 2432 ταῦτα
744 2378 953 2447 ἐχέτω·
991 2379 1156 2446 ἡμεῖς
1210 2377 1288 2444 δὲ,
1337 2371 1383 2431 ὦ
1423 2378 1654 2450 λαμπρά

71 2471 172 2521 καὶ
231 2470 677 2538 περιφανεστάτη
738 2469 1045 2540 πανήγυρις
1095 2466 1290 2538 (καλῶ
1336 2469 1446 2539 γὰρ
1494 2466 1650 2532 αὖθις

71 2561 219 2628 ὑμᾶς
255 2560 392 2631 πρὸς
420 2561 484 2613 τδ
518 2559 610 2614 τοῦ
641 2561 803 2628 λόγου
851 2560 1292 2630 συμπέρασμα),
1331 2559 1511 2630 δεῦρο,
1551 2560 1651 2630 τῆς

73 2649 225 2718 ἱερᾶς
260 2651 595 2722 προπομπῆς
624 2649 718 2703 τοῦ
741 2649 1078 2720 παρθενικοῦ
1101 2649 1352 2718 σώματος
1391 2650 1652 2721 προεξερ-

73 2757 276 2808 χοντες,
314 2739 536 2812 ᾄδωμεν
564 2741 878 2810 ἐπικήδεια,
919 2740 1016 2794 καὶ
1041 2741 1163 2803 ταῖς
1201 2743 1281 2804 εἰς
1322 2741 1554 2811 δύναμιν
1577 2759 1657 2795 τι·

73 2834 205 2902 ματς
244 2830 688 2904 στεφανώσωμεν
732 2833 834 2902 τῆς
887 2833 1084 2904 ἑορτῆς
1140 2833 1239 2904 τὴν
1289 2834 1652 2904 ἐξάρχουσαν.

83 2925 171 2987 Ὠς
214 2925 281 2979 ἂν
314 2925 372 2978 δὲ
417 2924 581 2978 τοῦτο
625 2925 1091 2996 περιφανέστερον
1141 2929 1372 2993 γένοιτο,
1427 2927 1660 2996 παρήτω

74 3015 222 3072 πᾶσα
262 3020 504 3090 σήμερον
541 3017 812 3088 οὐρανίων
869 3018 966 3070 καὶ
1017 3018 1278 3086 ἐπιγείων
1323 3020 1655 3090 πανήγυρις,

1757 2115 1904 2185 quod
1932 2115 2234 2171 conventui
2277 2131 2340 2169 ac
2369 2113 2681 2169 celebritati
2717 2112 2853 2166 utile
2883 2113 2976 2168 sit.
3028 2109 3130 2166 Ubi
3177 2125 3344 2181 porro

1758 2221 1931 2275 pauca
1965 2207 2176 2273 dixero,
2208 2225 2236 2259 a
2263 2207 2538 2261 sermonis
2563 2207 2710 2261 velut
2740 2205 2968 2276 remigio
2996 2213 3052 2258 et
3077 2203 3343 2258 Cuticith

1755 2299 2012 2352 cessabo.
2048 2297 2316 2367 Equidem
2343 2297 2508 2352 simili
2540 2313 2733 2352 omnes
2753 2297 2966 2351 defectu
3001 2294 3340 2358 laboramus,

1762 2397 1820 2442 ut
1856 2404 1924 2442 ne
1956 2404 2055 2457 pro
2082 2388 2374 2458 dignitate,
2418 2389 2562 2457 quod
2597 2389 2672 2441 rei
2707 2395 2791 2442 est
2834 2387 3338 2442 celebraverimus:

1762 2487 1819 2534 ut
1849 2491 2032 2535 autem
2064 2479 2199 2550 quid
2225 2481 2462 2549 quisque
2499 2480 2678 2549 possit
2705 2478 3137 2542 ostenderimus,
3185 2493 3344 2548 aeque

1760 2582 2008 2643 prompta
2045 2573 2244 2642 cuique
2301 2573 2578 2628 voluntas.
2618 2571 2790 2627 Porro
2845 2571 2981 2626 bene
3006 2570 3163 2636 novi;
3193 2569 3343 2623 hunc

1759 2679 1975 2735 quoque
2006 2664 2389 2720 brevissimum
2435 2678 2786 2727 sermonem,
2833 2653 3119 2720 Sermonis
3169 2660 3343 2716 Mater

1758 2755 1852 2810 illa
1885 2768 2213 2826 susceptura
2237 2767 2342 2818 est,
2377 2755 2643 2826 dabitque
2676 2755 2818 2810 baud
2852 2755 3070 2824 quidem
3102 2753 3244 2809 forte
3293 2753 3340 2809 si

1759 2861 1878 2915 quae
1926 2848 2202 2916 petimus;
2251 2849 2474 2901 omnino
2519 2857 2702 2902 autem
2733 2846 2776 2902 si
2805 2862 2930 2916 quae
2968 2845 3120 2917 digni
3148 2860 3342 2900 sumus

1759 2936 2038 3005 accipere.
2076 2935 2278 2993 Libens
2317 2941 2489 3002 enim,
2524 2937 2883 2992 sanctissima
2917 2951 3044 2990 cum
3080 2933 3340 2989 munifica

1760 3027 1855 3088 sit,
1890 3042 1987 3096 pro
2021 3028 2412 3083 minutissimis
2442 3027 2652 3095 majora
2687 3027 2964 3081 retribuit.
3000 3025 3065 3079 Et
3092 3025 3341 3095 haecqui-

75 3111 161 3162 καὶ
197 3110 607 3182 συμπληρούτω
643 3126 734 3179 μοι
770 3107 869 3180 τὴν
907 3109 1108 3175 ἐξόδιον
1148 3108 1406 3180 ὑμνησιν,
1447 3111 1503 3162 ἐν
1531 3108 1650 3162 τού-

1757 3117 1880 3172 dem
1927 3117 1999 3171 ita
2032 3119 2306 3186 habeant;
2343 3129 2398 3174 tu
2431 3127 2634 3183 autem,
2659 3133 2692 3172 ο
2717 3118 2981 3189 praeclara
3029 3116 3340 3172 illustrissi-

73 3217 180 3266 τοις
211 3202 586 3273 συγκειμένην
621 3204 734 3265 τοῖς
774 3202 1034 3272 ῥήμασιν.

1759 3221 1955 3276 maque
1984 3210 2219 3264 concio:
2252 3225 2352 3264 vos
2386 3211 2534 3264 enim
2571 3224 2767 3264 rursus
2803 3207 2870 3262 ad
2921 3208 3335 3279 perorationem

77 3300 272 3366 invito;
303 3301 512 3362 venite,
547 3312 612 3353 ac
639 3311 814 3353 sacra:
841 3295 1126 3363 virginalis
1153 3297 1402 3366 corporis
1473 3312 1683 3368 pompae
1757 3313 2082 3371 praeeuntes,
2132 3304 2394 3360 Inneritia
2451 3319 2756 3370 canamus,
2807 3304 3055 3374 totisque
3109 3303 3324 3356 viribus

73 3407 187 3446 eam
208 3393 518 3448 honoribus
537 3404 894 3455 coronemus,
924 3405 1045 3459 qure
1069 3389 1270 3444 festum
1333 3389 1474 3443 diem
1529 3390 1786 3446 initiavit.
1857 3394 1926 3450 Ut
1970 3409 2154 3453 autem
2209 3399 2312 3453 hoc
2353 3397 2695 3469 splendidius
2745 3399 2863 3462 ﬁat,
2906 3407 3104 3468 praesto
3175 3396 3338 3452 hodie

74 3487 144 3540 sit
168 3488 429 3542 universa
458 3485 764 3542 caelestium
799 3499 866 3540 ac
905 3485 1253 3539 terrestrium
1286 3484 1511 3548 concio,
1533 3501 1859 3557 mecumque
1909 3491 2165 3546 exodium
2225 3493 2508 3546 canticum
2572 3505 2637 3546 ae
2715 3488 3005 3546 funebrem
3049 3490 3330 3547 laudatio-

78 3593 217 3642 nem,
257 3579 414 3634 hisce
443 3586 762 3646 conceptam
796 3576 1000 3638 verbis,
1053 3576 1296 3646 impleat.

155 3672 416 3743 Ἀπῆρεν,
447 3671 660 3740 ἀπῆρεν
687 3671 720 3740 ὴ
743 3667 1065 3739 παρεμϐολὴ
1099 3667 1189 3720 τοῦ
1220 3667 1356 3721 Θεοῦ
1387 3668 1494 3722 ἀπὸ
1518 3685 1650 3739 σκη-

1827 3671 2231 3736 Discesserunt,
2265 3671 2644 3729 discesserunt
2676 3680 2856 3726 castra
2892 3672 2987 3727 Dei
3016 3716 3030 3735 ,
3074 3688 3103 3726 a
3144 3673 3334 3758 taber-

80 3763 339 3833 νευμάτων
371 3761 588 3832 Κηδὰρ,
641 3759 777 3829 πρὸς
826 3759 922 3822 τὰς
968 3757 1166 3821 ἁΰλους
1189 3757 1282 3810 καὶ
1313 3756 1649 3821 παλινζώους

86 3855 302 3925 σκηνάς.
343 3853 644 3908 ’Δπέλασεν
665 3854 700 3922 ὴ
732 3851 928 3922 σκηνὴ,
957 3852 1055 3920 τῆς
1089 3850 1321 3920 νομικῆς
1351 3851 1386 3920 ἡ
1421 3849 1651 3924 ἀρχέτυ-

83 3965 199 4012 πος,
226 3949 322 4019 τὴν
362 3950 736 4019 ὑπερκόσμιον
770 3940 1116 4018 κιδωτδν,ἦς
1157 3944 1328 4007 τύπος
1367 3945 1402 4015 ἡ
1431 3944 1646 4014 νομική.

87 4061 106 4094 ι
141 4045 314 4116 Ἤρθη
358 4044 469 4098 τῶν
524 4045 638 4098 ἄνω
686 4043 866 4112 θυρῶν
893 4042 955 4095 τὸ
988 4041 1320 4112 ὑπέρθυρον,
1360 4057 1380 4092 ι
1431 4040 1518 4092 ἵνα
1555 4038 1652 4109 τὴν

83 4137 330 4209 ὑπεράνω
364 4138 459 4193 τοῦ
489 4136 630 4192 Θεοῦ
658 4137 837 4206 πύλην
861 4137 970 4188 τῶν
1001 4135 1271 4201 οὐρανίων
1303 4134 1371 4188 τὰ
1404 4133 1654 4204 βασίλεια

87 4227 368 4297 βασιλικῶς
407 4229 849 4300 ἐγκολπώσηται.
909 4225 1273 4290 Ὑποδέξασθε
1307 4226 1496 4295 αὑτὴν,
1527 4223 1652 4276 λευ-

88 4323 450 4390 χειμονοῦντες
481 4321 726 4389 ἄγγελοι·
760 4319 1066 4390 ὑμνήσατε,
1101 4315 1338 4388 οὑρανοίο
1369 4317 1651 4380 δοξάσατε,

87 4418 325 4482 γηγενεῖς
349 4431 362 4446 ·
395 4413 648 4484 ὑψώσατε
696 4431 714 4463 ι
754 4410 852 4482 τὴν
885 4409 1041 4463 πόλιν
1077 4407 1173 4461 τοῦ
1207 4406 1345 4460 Θεοῦ
1378 4407 1473 4460 τοῦ
1503 4407 1655 4477 βασι-

89 4503 219 4567 λέως
243 4503 332 4558 τοῦ
353 4503 614 4576 μεγάλου.
648 4522 666 4555 ι
703 4502 803 4572 Γῆ,
831 4500 1220 4573 ἐπικρότησον,
1243 4499 1650 4568 ἀνευφήμησον,

93 4594 328 4668 διήγησαι
365 4589 484 4668 ⁸τῆς
544 4594 822 4668 Παρθένου
875 4593 946 4647 τὰ
999 4591 1210 4656 ἔνδοξα,
1269 4591 1364 4644 τοῦ
1391 4592 1552 4644 τόκου
1587 4590 1654 4643 τὰ

96 4687 383 4756 σπάργανα,
414 4686 510 4741 τοῦ
533 4686 703 4754 τάφου
737 4686 808 4739 τά
840 4679 1124 4754 θαύματα·
1151 4681 1269 4746 πῶς
1311 4683 1508 4751 ἐτάφη,
1538 4681 1656 4744 πῶς

97 4779 366 4849 μετετέθτγ
398 4777 514 4836 πῶς
541 4779 571 4830 ὁ
595 4776 767 4845 τάφος
799 4775 996 4846 ὁρᾶται
1037 4775 1195 4837 κενὸς
1242 4770 1651 4842 προσκυνούμε-

96 4883 192 4930 νος.
231 4870 476 4933 Ἰουδαία,
506 4868 708 4936 σύναγε
741 4868 871 4928 τοὺς
902 4864 1054 4928 υἱούς
1106 4880 1202 4916 σου
1229 4882 1243 4895 ·
1277 4864 1514 4934 κήρυττε
1554 4863 1653 4931 τὴν

97 4957 153 5022 ἐξ
189 4959 346 5017 Ἰούδα
400 4961 744 5033 βασίλισσαν,
783 4958 998 5029 θάρσει,
1054 4955 1129 5027 μὴ
1185 4954 1353 5025 φοϐοῦ
1377 4971 1388 4984 ·
1425 4955 1650 5026 ἐόρταζε

98 5050 186 5111 τὰς
213 5053 394 5126 ἑορτάς
425 5071 544 5118 σου,
590 5054 655 5107 Ίε
667 5051 943 5122 ρουσαλήμ
976 5066 989 5079 ·
1019 5048 1348 5119 ἀναϐόησον,
1375 5047 1645 5114 ὀλόλυξον.

102 5141 394 5216 πρόπεμψον
426 5145 522 5200 τοῦ
551 5145 686 5198 Θεοῦ
704 5145 803 5216 τὴν
838 5141 1193 5214 μητρόπολιν,
1240 5140 1407 5208 eam
1435 5142 1650 5193 Δανῖτιο

102 5231 215 5298 κῶς.
241 5237 359 5306 λέγε
410 5238 656 5310 τρανῶς·
708 5255 728 5288 ι
787 5235 874 5288 Ἑν
926 5232 1090 5303 ἐξόδῳ
1122 5231 1336 5303 Ἰσραὴλ
1377 5230 1436 5295 ἐξ
1481 5229 1647 5299 Αἰγύ-

167 5369 335 5428 ⁶Ρεο1.
391 5388 539 5438 cux,
579 5371 631 5426 5.
708 5368 736 5407 ά
765 5366 932 5422 Hebr.
964 5379 1084 5429 vin,
1119 5363 1171 5417 5.
1253 5373 1275 5400 ο
1312 5359 1418 5425 lsa.
1455 5378 1528 5422 νι,
1570 5361 1620 5436 1.⁵

1699 5360 1716 5399 τ
1756 5360 1903 5418 Psal.
1947 5376 2119 5426 ςινιι,
2176 5363 2229 5416 5.

1754 3763 1967 3819 naculis
2000 3763 2178 3818 Cedar
2208 3774 2255 3830 ο,
2285 3765 2349 3818 ad
2369 3765 2692 3835 incorporea
2718 3775 2772 3820 et
2807 3780 2963 3819 novae
2987 3766 3112 3820 vitae
3144 3767 3328 3822 taber-

1754 3855 1972 3909 nacula.
2015 3854 2244 3922 Recepit
2284 3856 2699 3910 tabernaculum
2753 3855 2912 3920 illud,
2952 3857 3143 3926 legalis
3175 3857 3323 3911 illius

1753 3947 2037 4016 exemplar
2069 3945 2120 4012 ά,
2149 3945 2445 4001 Cwlcstem
2481 3962 2664 4001 arcam
2701 3964 2716 4001 :
2751 3946 2913 4016 eujus
2946 3963 3077 4002 arca
3133 3948 3326 4019 legalis

1755 4039 1927 4110 ﬁgura
1952 4050 2034 4096 est
2065 4058 2077 4094 :
2115 4059 2134 4092 ι
2177 4040 2457 4098 Elevatum
2501 4048 2586 4095 est
2640 4040 3065 4110 superliminare
3104 4053 3127 4080 ο
3164 4059 3182 4092 ι
3217 4058 3332 4098 ραι-

1755 4133 1974 4188 lestinm
2024 4142 2334 4202 portarum,
2382 4143 2441 4186 ut
2471 4131 2562 4187 Dei
2597 4131 3044 4202 supercmlestem
3089 4144 3329 4204 portam,

1756 4225 2020 4280 calorum
2045 4224 2216 4294 regia,
2247 4223 2416 4295 regali
2443 4225 2848 4294 magniﬁcentia
2880 4223 3006 4279 sinu
3040 4225 3327 4295 suscipiat.

1757 4315 2024 4380 Voseam,
2042 4316 2242 4388 angeli,
2270 4316 2508 4371 candido
2533 4317 2734 4372 vestitu
2753 4316 3061 4387 suscipite;
3087 4315 3328 4382 laudate,

1756 4411 1918 4472 cmli;
1951 4411 2257 4481 terrigenae,
2299 4411 2644 4480 gluriﬁcate;
2681 4421 2733 4464 et
2766 4428 2784 4462 ι
2823 4409 2942 4474 Dei,
2979 4412 3149 4484 Regis
3181 4411 3334 4466 illius

1759 4502 1939 4569 magni
1965 4501 2246 4556 civitatem
2270 4501 2289 4540 τ
2324 4521 2343 4552 ι
2368 4503 2630 4557 exaltate.
2665 4503 2846 4557 Salias
2868 4543 2883 4566 ,
2911 4510 3056 4557 terra
3080 4542 3096 4566 ,
3113 4503 3330 4558 celebra

1756 4593 1906 4647 clara
1943 4592 2107 4657 l'ama,
2141 4591 2388 4658 Virginis
2417 4595 2646 4664 gloriam
2679 4609 2910 4658 enarra,
2950 4609 3186 4664 pannus,
3240 4593 3325 4648 in-

1757 4699 1941 4754 quam,
1979 4684 2298 4754 puerperii,
2359 4681 2601 4755 sepulcri
2661 4684 2928 4738 miracula
2984 4703 2997 4738 :
3056 4684 3334 4754 quomodo

1757 4774 1969 4840 sepulta
2003 4773 2099 4838 sit,
2130 4773 2406 4841 quomodo
2447 4773 2740 4838 translata,
2791 4783 2850 4828 ut
2880 4790 3114 4831 vacuum
3146 4776 3334 4845 sepul-

1757 4881 1912 4918 crum
1941 4864 2133 4930 b_onori
2154 4864 2443 4919 habeatur.
2473 4864 2682 4932 Iudaea,
2708 4880 2980 4938 congrega
3012 4876 3139 4923 tuos
3167 4867 3331 4933 ﬁlios;

1761 4957 2000 5028 prazdiea
2060 4965 2238 5012 ortam
2304 4972 2369 5011 ex
2403 4955 2540 5011 Iuda
2572 4956 2874 5026 Reginam;
2907 4957 3144 5022 conﬁde,
3169 4973 3237 5013 ne
3264 4958 3335 5012 ti-

1757 5049 1992 5114 mueris;
2027 5064 2123 5118 age
2157 5047 2296 5104 Iesta
2335 5057 2446 5114 tua,
2477 5047 2818 5116 Jerusalem;
2851 5050 3153 5114 succlama,
3174 5049 3333 5119 plau-

1753 5138 1844 5201 de,
1867 5138 2045 5194 deduc
2079 5137 2170 5194 Dei
2205 5139 2350 5193 illam
2387 5142 2758 5207 metropolim.
2793 5140 2973 5197 Psalle
2991 5141 3150 5212 juxta
3169 5138 3332 5193 Davi.

1753 5230 1912 5297 dem;
1947 5232 2032 5287 ilic
2055 5232 2242 5286 clare:
2278 5249 2296 5284 ι
2333 5231 2392 5285 ln
2415 5233 2564 5286 exitu
2587 5232 2751 5288 Israel
2775 5233 2843 5290 de
2865 5233 3153 5305 Egyptoi
3188 5231 3360 5300 (11).»

2311 5365 2338 5404 ⁸
2358 5361 2504 5417 Psal.
2537 5380 2696 5428 Cattl,
2737 5367 2783 5419 Ι.

1402 5505 1795 5562 COMBEFISII
1831 5507 2065 5564 ΝΟΤᾸΞ.

165 5607 258 5682 (ll)
317 5610 382 5666 In
410 5611 558 5667 exim
601 5607 770 5665 Israel
804 5607 868 5662 de
923 5604 1178 5682 Egypto.
1220 5603 1388 5658 Plane
1425 5618 1642 5682 accom-

97 5675 485 5736 mﬂda'tissimus
541 5682 824 5750 psalmus,
901 5675 1106 5750 mundo
1157 5675 1264 5730 hoc
1311 5676 1640 5750 exeuntibus

95 5754 280 5806 1“metis
331 5745 656 5814 animabus;
715 5749 1004 5806 submerso
1052 5747 1164 5813 jam
1219 5745 1441 5815 penitus
1490 5745 1641 5799 Pha-

98 5824 266 5888 r3.0m.
298 5837 359 5876 ac
385 5822 629 5892 perlecta
658 5821 914 5892 libertate
943 5827 1096 5892 parta
1119 5831 1290 5892 ;_quaa
1313 5829 1453 5892 sane
1485 5817 1642 5892 nob's

97 5883 262 5947 ιυίιιοι·
285 5883 663 5961 εειξψιαηᾱὶυ
694 5892 750 5945 in
786 5883 1044 5944 human-is
1079 5883 1313 5952 agimus.
1349 5883 1462 5940 Nec
1491 5887 1636 5942 enim

1751 5606 2018 5670 interim,
2086 5606 2251 5660 etiam
2314 5603 2686 5661 sanctissimis
2753 5602 2954 5658 desunt
3031 5604 3346 5670 ἀναγκαιοο,

1749 5676 1896 5748 πάθη
1959 5677 2073 5742 illa,
2109 5675 2316 5748 saltem
2378 5677 2647 5748 corporis.
2681 5673 2856 5748 Habet
2907 5673 3093 5748 etiarn
3131 5675 3333 5748 ltegius

1748 5741 1943 5811 codex,
1988 5741 2066 5801 n.’
2099 5745 2225 5808 955,
2268 5741 2491 5801 nomine
2531 5747 2707 5800 sancti
2764 5743 2996 5798 Joannis
3033 5741 3332 5800 Thessalo-

1748 5818 1995 5872 nicensis
2024 5818 2200 5872 fusam
2250 5817 2544 5871 admodum
2573 5816 2902 5876 orationem,
2949 5815 3195 5879 ejusdem
3237 5830 3332 5869 ar-

1747 5890 2014 5960 gumenti,
2052 5890 2105 5943 in
2141 5901 2247 5958 qua
2281 5902 2380 5942 ceu
2417 5902 2482 5942 ex
2515 5885 2746 5943 historia
2803 5885 3084 5942 inducitur
3138 5884 3330 5941 Petrus
