3820 6316
70 363 243 428 tios
1074 362 1153 424 1N
1199 361 1742 426 DORMITIONEM
1800 353 1864 413 s.
1889 351 2176 413 manu;
2207 350 2322 410 111.
3223 341 3362 408 me

69 493 183 528 σον
219 480 328 546 τῆς
364 475 626 545 κιννύρας
665 471 733 528 τὰ
771 471 1094 544 κρούσματα
1118 475 1396 526 ’κάλεσον
1424 474 1523 537 τὰς
1549 491 1699 544 παρ-

1812 478 1897 516 am
1930 465 2110 533 pulsa,
2145 478 2280 517 voca
2311 459 2577 532 virgines,
2617 473 2888 532 congrcga
2917 465 3204 514 cantorum
3239 462 3364 511 cho-

68 565 296 631 θένους
319 584 334 597 ·
371 568 646 633 συνάγαγε
681 569 808 630 τοὺς
843 569 1044 635 χοροὺς
1093 567 1202 620 τῶν
1255 568 1494 638 ᾀδόντων
1518 585 1531 600 ο
1597 585 1688 638 χο-

1810 569 1896 617 os,
1945 554 2180 626 dispone
2233 555 2504 617 choreas,
2543 561 2781 607 currant
2831 562 2978 606 retro
3035 549 3266 621 pariter,
3305 563 3367 603 ac

67 658 258 726 ρείας
285 659 565 724 διὰταξαι,
599 659 776 712 ὀπίσω
813 660 912 728 τῆς
942 658 1129 728 κλίνης
1171 658 1538 728 τρεχέτωσαν,
1583 659 1687 728 πρὸ

1817 654 1907 701 nte
1963 647 2202 712 lectum;
2259 647 2323 700 ad
2377 647 2580 701 lectum
2638 643 2865 708 ducant,
2922 643 3070 696 circa
3128 639 3366 694 loculum

71 751 194 819 τῆς
225 752 448 822 κλίνης,
479 753 620 820 μετὰ
678 752 778 822 τὴν
828 751 1019 822 κλίνην
1072 752 1465 820 ἡγείσθωσαν·
1500 752 1690 822 κύκλῳ

1818 745 1943 807 gaut
1981 739 2238 793 choreas.
2294 737 2435 793 Ecce
2481 737 2628 792 enim
2685 751 2823 790 nova
2860 733 3050 804 glotia:
3085 747 3213 786 arca
3248 730 3371 792 Dei,

69 844 191 909 τῆς
234 843 410 914 σοροῦ
439 843 841 913 χορευέτωααν.
883 843 1014 896 Ἰδοὺ
1035 847 1144 910 γὰρ
1197 845 1231 910 ἡ
1271 843 1362 896 νέα
1402 845 1498 911 τῆς
1527 844 1688 916 δόξης

1810 847 1838 882 n
1886 850 1902 880 ι
1941 845 2049 900 qua
2105 847 2241 884 urna
2291 837 2402 884 tota
2450 842 2658 894 aurea,
2708 835 2764 882 et
2812 825 2969 896 virga
3020 824 3203 877 Aaron
3252 836 3374 892 quae

75 932 345 995 κιϐωτὸς
374 931 471 983 τοῦ
507 930 672 994 Θεοῦ,
699 925 814 1001 ἐνῇ
846 948 863 982 t
903 932 936 999 ἡ
995 930 1235 1000 στάμνος
1267 934 1298 1000 ἡ
1341 932 1684 1001 πάγχρυσος,

1813 923 2226 983 rnndnerat,'et
2275 920 2474 976 tabulae
2527 920 2841 974 testamenti
2875 919 2919 971 ί.
2957 936 2976 968 ι
3018 916 3159 972 Ecce
3207 926 3374 986 caput

88 1025 190 1074 καὶ
226 1024 259 1087 ἡ
300 1019 498 1086 ρἀδος
527 1017 744 1086 Ἀαρὼν
783 1019 815 1085 ἡ
859 1017 1232 1084 βλαστήσασα,
1265 1017 1357 1070 καὶ
1393 1020 1446 1069 αἱ
1480 1019 1684 1082 πλάκες

94 1109 200 1176 τῆς
229 1106 535 1174 διαθήκης.
563 1123 582 1156 ι
618 1105 755 1156 Ἰδοὺ
789 1105 848 1157 τὸ
873 1104 1167 1171 κεφάλαιον
1213 1106 1339 1172 περὶ
1379 1098 1437 1156 οὗ
1464 1107 1513 1157 οἱ
1551 1124 1686 1175 χρη-

95 1195 322 1264 σμῳδτὶ
356 1193 465 1246 τῶν
496 1190 794 1260 προφητῶν
821 1190 1214 1260 ἐκεκράγεσαν.
1241 1192 1426 1261 Ἰδοῦή
1457 1194 1684 1262 κλίμαξ,

94 1287 166 1356 ἦν
193 1287 267 1337 τὰ
305 1285 428 1337 θεῖα
466 1283 782 1353 μυούμενος
827 1283 856 1334 ό
894 1281 1092 1334 Ἰακὼό
1140 1281 1423 1344 ἐθεάσατο,
1464 1289 1590 1355 περὶ
1621 1288 1686 1357 ἢν

97 1379 254 1448 ἑώρα
285 1378 416 1437 τοὺς
435 1377 702 1443 ἀγγέλους
725 1374 818 1428 τοῦ
838 1374 974 1426 Θεοῦ
1000 1375 1260 1428 ἀναϐαίνο
1277 1393 1390 1438 πτας
1409 1379 1505 1430 καὶ
1526 1397 1688 1431 κατα-

97 1469 426 1533 ϐαίνοντας,
457 1469 580 1537 ἥτις
609 1465 743 1518 ποτε
773 1461 841 1536 ἦν
873 1466 902 1534 ἡ
929 1465 1108 1519 τοιάδε
1152 1466 1458 1529 κατάϐασις
1488 1468 1520 1538 ἢ
1557 1470 1686 1522 ἀνά-

97 1563 268 1622 σωκ
291 1580 309 1594 ·
340 1561 481 1631 αὕτη
525 1561 637 1613 τῶν
667 1559 916 1628 οὐρανῶν
956 1560 988 1628 ἡ
1022 1557 1165 1628 πύλη
1195 1597 1210 1622 ,
1258 1559 1385 1628 περὶ
1418 1556 1484 1632 ἦς
1532 1555 1688 1613 εἶπεν

100 1656 328 1717 ἰκτῖνος
358 1671 372 1684 ·
415 1672 434 1706 t
475 1653 564 1715 Ὧς
598 1652 827 1723 φοϐερὸς
867 1653 896 1704 ὁ
947 1652 1112 1714 τόπος
1165 1644 1363 1713 obtegi
1415 1653 1514 1704 οὐκ
1570 1652 1686 1704 ἔστι

102 1749 298 1810 τοῦτο,
324 1746 433 1798 ἀλλ’
456 1746 488 1815 ἢ
517 1741 665 1806 οἴκος
694 1744 855 1796 Θεοῦ·
877 1744 976 1796 καὶ
997 1742 1140 1813 αῦτη
1161 1744 1196 1813 ἡ
1230 1743 1376 1812 πύλη
1400 1743 1494 1796 τοῦ
1517 1744 1684 1812 ούρα-

100 1836 244 1894 νοῦ.
275 1854 295 1890 ι
322 1837 454 1891 Ἰδοὺ
479 1837 539 1890 τδ
565 1835 888 1907 ἱλαστήριον
909 1834 970 1888 τὸ
998 1834 1220 1887 ἐπὶτῶν
1237 1832 1414 1900 ἁγίων
1429 1833 1622 1902 Ἀγιον
1645 1838 1692 1868 ⁷⁵

96 1930 370 1979 ἀνατεθὲν
425 1929 524 1997 τῆς
563 1929 868 1998 θεομύστου
923 1931 1130 2000 σκηνῆς
1181 1942 1274 1983 καὶ
1304 1930 1412 1983 τῶν
1463 1931 1694 1987 ἀδύτων.

95 2017 220 2069 νῦν
252 2019 346 2088 μὲν
400 2023 522 2081 ταῖς
565 2020 904 2090 Σεραφικαῖς
934 2023 980 2054 ⁷³
1007 2023 1516 2095 κατασκιαζόμενον
1565 2023 1700 2078 πτέ-

103 2110 246 2178 ρυξι
265 2125 279 2139 ·
308 2109 397 2162 νῦν
421 2109 480 2163 δὲ
510 2110 610 2173 τὰς
640 2111 805 2181 ἡμῶν
835 2113 1111 2182 ἁμαρτίας
1140 2113 1232 2166 διὰ
1255 2114 1353 2184 τῆς
1389 2113 1566 2184 Ἰησοῦ
1600 2131 1702 2184 μυ-

106 2199 310 2266 στικῆς
361 2200 659 2263 ἐποπτείας
717 2201 1175 2270 ὲξιλασκόμενον·
1228 2203 1413 2256 οὐκέτι
1467 2206 1703 2275 νομικῆς

101 2287 356 2353 δουλείας
393 2288 556 2358 ζυγὸς
594 2291 672 2362 τῷ
703 2293 945 2364 ἀληθινῷ
965 2293 1182 2366 Ἰσραὴλ
1211 2295 1540 2360 ἐπιτίθεται,
1564 2298 1701 2367 Χρι-

111 2380 255 2433 στοῦ
282 2381 370 2452 τὴν
401 2382 716 2454 ἐλευθερίαν
762 2387 896 2456 ἡμῖν
925 2387 1014 2440 διὰ
1051 2389 1154 2458 τῆς
1195 2390 1254 2440 ὲν
1301 2388 1574 2457 πνεύματι
1605 2389 1703 2441 λα-

111 2474 310 2542 τρείας
343 2475 411 2538 ib;
438 2477 495 2528 ὲν
527 2477 714 2548 χάριτι
745 2479 792 2510 ⁷⁵
820 2478 902 2549 τῷ
926 2477 1142 2540 σώματι
1193 2481 1258 2533 ἐκ
1302 2482 1402 2550 τῆς
1431 2482 1702 2536 Θεοτόκου

119 2568 682 2636 χειρογραφήσαντος.
741 2569 940 2622 Οὐκέτι
1017 2571 1322 2641 ἀρχιερέων
1373 2574 1704 2636 ὲνιαυσιαῖος

117 2657 315 2726 δρόμος
336 2661 441 2722 τοῖς
470 2661 649 2727 ἁγίοις
678 2661 1070 2732 προστρίϐεται
1096 2680 1110 2695 ·
1141 2664 1303 2727 αὐτὸς
1329 2664 1439 2735 γὰρ
1467 2669 1498 2719 ό
1515 2664 1706 2734 μέγας

123 2750 426 2818 ἀρχιερεὺς
488 2753 724 2822 Χριστὸς
785 2753 1048 2820 Ἰησοῦς,
1090 2757 1122 2808 ὀ
1155 2753 1529 2821 διεληλυθὼς
1563 2755 1705 2820 τοὺς

125 2843 412 2909 οὐρανοὺς
439 2846 504 2914 τῇ
537 2845 948 2918 πρρσληφθεὶσῃ
975 2863 1039 2899 σα
1051 2849 1142 2916 ρκὶ
1167 2848 1348 2919 ψυχὴν
1382 2849 1582 2920 ἐχούσῃ
1608 2849 1705 2921 τὴν

126 2935 346 3004 λογικήν
393 2953 453 2988 τε
504 2939 602 2990 καὶ
633 2938 849 3008 νοερὰν,
905 2938 982 3003 ὼς
1035 2941 1092 2993 ὲν
1128 2939 1236 3011 ναῷ
1271 2939 1350 3011 τῷ
1387 2941 1706 3013 παρθενικῷ

143 3029 399 3094 μυστικῶς
456 3030 768 3099 ἁγιάσματι
829 3030 1125 3094 διαπαντὸς
1180 3033 1312 3102 ἡμῖν
1362 3033 1704 3102 ἐμϐατεύων,

1787 1013 1940 1075 illud,
1967 1015 2112 1081 quod
2149 1013 2436 1083 Propheta:
2470 1010 2860 1074 Vaticinando,
2896 1009 3140 1064 clamore
3173 1009 3371 1078 praedi-

1787 1116 1985 1162 carunt
2011 1106 2056 1162 i.
2091 1106 2231 1161 Ecce
2252 1108 2400 1162 scala
2427 1107 2544 1170 illa,
2569 1120 2732 1175 quam
2764 1102 2938 1157 Jacob
2969 1102 3155 1156 divina
3176 1103 3375 1156 doctus
3444 1107 3458 1120 '

1787 1199 1945 1265 vidit;
1963 1209 2128 1268 atque
2142 1199 2205 1253 ad
2227 1213 2344 1252 eam
2365 1198 2591 1267 angelus
2607 1192 2968 1249 ascendentes
2982 1189 3377 1246 ettlescenden-

1791 1289 1930 1355 tes";
1944 1291 2194 1360 quisquis
2222 1289 2445 1344 tandem
2463 1289 2550 1354 cju
2567 1285 2733 1339 «nodi
2755 1284 3063 1338 descensus
3076 1290 3170 1335 aut
3189 1297 3378 1336 ascen-

1791 1397 1886 1435 sus
1916 1382 2006 1436 sit.
2035 1380 2116 1434 Tu
2143 1383 2410 1435 caelorum
2445 1389 2622 1450 parta,
2650 1376 2716 1431 de
2747 1391 2854 1444 qua
2875 1375 2949 1427 ait
2976 1374 3068 1427 ille
3099 1392 3117 1427 ι
3155 1392 3172 1425 ι
3202 1373 3376 1438 Quam

1794 1473 2060 1527 terribilis
2097 1483 2184 1531 est
2221 1474 2382 1528 locus
2427 1472 2533 1525 iste
2568 1472 2591 1524 ι.
2635 1485 2741 1524 non
2777 1479 2861 1522 est
2893 1467 2996 1521 hoc
3019 1467 3166 1520 aliud
3214 1481 3377 1535 quam

1795 1565 1994 1621 domus
2035 1565 2158 1633 Dei,
2185 1577 2238 1620 et
2281 1566 2397 1636 ipsa
2432 1564 2722 1620 vocabitur
2754 1569 2911 1630 porta
2947 1560 3073 1614 caeli
3097 1558 3144 1612 ‘.
3183 1577 3202 1610 ι
3238 1557 3380 1611 Ecce

1799 1658 2240 1727 propitiatorium
2290 1656 2426 1712 illttd
2487 1657 2553 1708 ad
2591 1655 2798 1709 Sancta
2847 1660 3176 1707 sanctorum
3221 1657 3276 1704 ct
3326 1649 3380 1702 in

1804 1751 2390 1820 penetralibusdivinrc
2417 1751 2777 1822 mysticmque
2803 1762 2947 1801 arcte
2971 1745 3285 1814 depositum
3311 1753 3381 1805 ηις

1803 1843 1948 1913 quod
2010 1843 2173 1898 modo
2236 1843 2458 1914 quidem
2515 1840 2960 1911 Seraphiuorum.
3023 1837 3230 1907 pennis
3270 1833 3382 1903 (M)

1800 1935 2198 2001 obnmhretnr;
2237 1935 2400 1989 modo
2441 1941 2643 1992 autem.
2680 1933 2917 2004 mystico
2953 1930 3083 1986 Jesu
3119 1923 3386 1988 adventu,

1803 2034 2030 2096 peccata
2080 2034 2269 2079 nostra
2327 2025 2533 2093 expiet.
2591 2021 2748 2077 Haud
2798 2021 2945 2076 ultra
2994 2033 3122 2074 vero
3196 2015 3383 2071 lsraeli

1802 2117 2105 2188 imponitur
2141 2117 2334 2186 legalis
2360 2115 2648 2170 servitutis
2682 2112 2914 2182 jttgum;
2948 2107 3094 2179 quod
3119 2105 3384 2160 nimirum

1804 2217 2032 2263 asserta;
2081 2207 2246 2262 nobis
2291 2207 2568 2261 libertatis
2605 2205 2824 2258 litteras
2871 2201 3144 2257 servitute
3194 2197 3289 2250 i-lla
3329 2202 3390 2250 et

1803 2305 1956 2354 cultu
1994 2301 2049 2354 in
2081 2301 2280 2370 spiritu
2321 2308 2347 2335 ιι
2370 2339 2384 2363 ,
2411 2292 2692 2367 tanquam
2718 2296 2772 2348 in
2805 2294 3020 2354 charta,
3058 2293 3114 2346 in
3143 2287 3388 2358 Dcipara

1803 2394 2160 2462 corpusculo,
2191 2407 2289 2447 sua
2318 2391 2574 2446 Christus
2609 2403 2772 2441 manu
2799 2381 3188 2453 descripserit.
3229 2378 3387 2432 Haud

1806 2485 1948 2538 ultra
1998 2482 2289 2552 pontiﬁces
2339 2495 2526 2535 annuo
2572 2495 2742 2534 cursu
2799 2475 3002 2530 habent
3045 2477 3238 2527 sancta
3273 2477 3386 2522 ter-

1805 2591 1923 2631 rere
1947 2583 1970 2610 ⁰
1998 2594 2011 2630 :
2051 2577 2168 2644 ipse
2195 2575 2340 2628 enim
2368 2588 2590 2643 magnus
2626 2570 2716 2624 ille
2766 2566 3017 2632 Pontifex
3047 2561 3203 2618 Iesus
3226 2559 3391 2615 Chri-

1805 2680 1926 2724 stus
2014 2707 2030 2731 ,
2089 2669 2183 2737 qui
2240 2673 2528 2735 assumpta
2579 2678 2771 2726 carne,
2827 2660 2941 2723 illa,
2972 2657 3221 2726 inquam,
3271 2653 3386 2706 ani-

1807 2776 1950 2814 mam
2011 2759 2246 2814 habente
2291 2759 2526 2811 rationis
2583 2763 2637 2809 et
2696 2752 3011 2807 intellectus
3067 2746 3388 2818 praeditam.

1813 2872 1830 2904 ε
1870 2853 2040 2907 caelos
2066 2852 2375 2921 penetravit
2400 2861 2425 2899 ιι
2450 2892 2465 2916 ,
2499 2867 2517 2900 ι
2555 2857 2819 2916 tauquam
2857 2845 2913 2898 in
2957 2841 3246 2912 templum,
3281 2839 3393 2890 vir-

1807 2944 1989 3014 ginale
2024 2943 2160 2996 illutl
2195 2942 2584 2996 sanctuarium
2616 2939 2847 3010 mystice
2898 2947 3114 3003 semper
3151 2944 3250 3001 pro
3289 2943 3391 2982 no-

1817 3036 1899 3090 bis
1941 3033 2223 3094 iuccdens,
2256 3032 2473 3098 adolet;
2500 3028 2910 3098 sacriﬁcatque,
2939 3031 2994 3078 et
3009 3020 3388 3080 sacriﬁcatur;

137 3116 292 3189 θυμιᾷ
312 3137 326 3150 ·
352 3119 448 3172 καὶ
471 3116 615 3184 θύει,
651 3121 748 3174 καὶ
776 3120 966 3176 θύεται
986 3139 1002 3154 ·
1033 3124 1128 3176 καὶ
1164 3124 1264 3186 τὰς
1295 3123 1704 3194 ὁλοκαρπώσεις

1816 3135 1982 3198 atque
2031 3125 2351 3179 holocausta
2407 3122 2668 3184 oti'erens,
2720 3119 2838 3189 ipse
2884 3114 3151 3180 oﬂ‘ertur;
3211 3123 3276 3164 ac
3333 3123 3394 3162 se

144 3212 433 3285 ἀναφέρων,
498 3216 875 3286 προσάγεται·
934 3218 1031 3272 καὶ⁵
1073 3219 1214 3290 ὑπὲρ
1259 3220 1418 3290 ἡμῶν
1465 3222 1711 3290 ἁγιάζων

143 3303 333 3365 ἑαυτὸν,
377 3305 600 3373 ἁγιάζει
651 3307 782 3370 τοὺς
843 3308 1010 3362 αὑτὸν
1059 3308 1410 3378 ἁγιάζοντας.
1469 3313 1712 3371 Τοιαῦτά

141 3411 244 3459 σου,
273 3396 525 3463 Θεοτόκε,
547 3398 648 3469 τῆς
672 3399 1047 3472 ὑπερκοσμίου
1074 3402 1386 3473 κοιμήσεως
1407 3405 1474 3459 τὰ
1501 3410 1712 3478 μυστή-

134 3503 252 3556 ρια·
282 3487 458 3542 ταῦτα
493 3489 595 3560 τῆς
626 3491 778 3562 ἱερᾶς
824 3493 1168 3563 προπομπῆς
1217 3493 1313 3548 τοῦ
1351 3495 1710 3568 θεοκηδεύτου

125 3596 219 3632 σου
249 3581 483 3652 σκήνους
529 3581 601 3635 τὰ
643 3584 950 3652 ἑπιτάφια·
1007 3587 1041 3656 ἡ
1077 3585 1281 3652 ὲξόδιος
1330 3586 1598 3660 ὕμνησις·
1642 3592 1714 3646 τὰ

125 3671 230 3742 πρὸ
251 3673 354 3742 τῆς
396 3674 599 3742 ταφῆς,
630 3675 700 3730 τὰ
733 3675 876 3749 μετα
929 3675 1030 3747 τὴν
1066 3677 1244 3749 ταφὴν
1296 3679 1670 3752 ὑπομνήματα
1695 3701 1710 3715 ·

126 3763 215 3832 τῆς
250 3765 687 3835 ὑπεραγνώστου
739 3767 1088 3837 μεταθέσεως
1141 3770 1208 3823 τὰ
1255 3775 1708 3844 προπεμπτήρια.

127 3853 309 3906 Ταῦτα
327 3854 440 3906 τῶν
473 3857 600 3926 περὶ
632 3855 692 3909 σὲ
721 3855 882 3910 θείων
928 3858 1247 3930 μῦστηρίων
1291 3863 1386 3916 καὶ
1423 3864 1712 3936 μακαρίων

125 3945 448 4015 ἔλλάμψεων
501 3947 571 4000 τὰ
622 3949 690 4002 δι’
734 3949 1078 4019 αἰνιγμάτων
1111 3953 1442 4024 είκάσματα.
1497 3958 1572 4010 Ού
1602 3959 1710 4030 γὰρ

120 4037 430 4106 ἐφικνεῖταί
460 4055 513 4092 τι
553 4039 715 4093 πλέον
745 4042 773 4093 ὁ
805 4040 930 4104 νοῦς
975 4042 1004 4094 ὁ
1049 4043 1316 4115 ἡμέτερος
1347 4047 1458 4101 τῶν
1488 4051 1714 4121 είρημέ-

119 4144 225 4181 νων
284 4129 830 4198 καταποχάαασθαι.
891 4123 1061 4193 Οὗτος
1118 4135 1146 4185 ὁ
1209 4133 1415 4206 βραχύς
1449 4155 1530 4192 σοι
1580 4141 1712 4211 παρ’

116 4218 283 4287 ἡμῶν
311 4217 736 4274 διεσπούδασται
772 4221 960 4290 λόγος·
996 4226 1353 4296 χαριστήριος
1373 4231 1401 4282 ὁ
1427 4230 1590 4295 αὐτὸς
1616 4235 1712 4286 καὶ

118 4310 357 4372 ίκέσιος.
409 4311 475 4365 Ei
542 4311 642 4382 μέν
678 4329 733 4366 τι
773 4314 874 4384 τῆς
925 4315 1024 4384 σῆς
1082 4317 1506 4391 μεγαλειότητος
1569 4323 1712 4394 ἔχων

115 4398 295 4462 ἀξιον,
328 4398 629 4458 σοὶτούτου
651 4399 834 4471 χάρις,
859 4403 926 4472 τῇ
971 4402 1068 4456 καὶ
1095 4403 1316 4476 διδούσῃ
1353 4408 1448 4460 καὶ
1477 4409 1708 4478 ἀσμενι-

123 4488 338 4560 σαμένῃ
364 4489 427 4542 τὸ
456 4489 738 4560 πρόθυμον
763 4506 776 4520 ·
824 4493 874 4543 εί
901 4491 979 4558 δὲ,
1019 4492 1048 4545 ὃ
1083 4494 1235 4546 πᾶσα
1265 4494 1462 4550 παθεῖν
1491 4499 1704 4573 ἀνάγκη

1819 4513 2130 4576 promptum
2189 4505 2461 4567 animum,
2525 4503 2791 4574 gratias:

132 4583 239 4644 τοῖς
273 4583 402 4652 περὶ
438 4583 532 4636 σοῦ
579 4601 630 4636 τι
686 4583 864 4652 λέγειν
900 4584 1261 4654 ἐπιχειροῦσι,
1315 4591 1548 4645 κατόπιν
1581 4597 1708 4663 φαι·

137 4690 272 4726 νοιτο
305 4677 404 4745 τῆς
432 4675 611 4741 ἀξίας,
646 4674 939 4750 συγγνὼσῃ
969 4677 1188 4742 πάντως
1217 4679 1376 4749 αὑτὴ,
1401 4681 1462 4735 τὸ
1490 4700 1713 4755 συμπα-

138 4766 222 4830 θὲς
248 4768 312 4819 ὲκ
349 4767 566 4837 φύσεως
620 4768 842 4838 ἔχουσα,
897 4771 964 4839 τῇ
1001 4768 1138 4841 πρὸς
1163 4771 1256 4824 τὸν
1304 4772 1397 4826 σὺν
1447 4773 1575 4831 Υίὸν
1623 4784 1719 4832 καὶ

1817 3233 1914 3289 pro
1945 3216 2107 3272 nobis
2141 3214 2532 3276 sanctiﬁcans,
2569 3210 2890 3267 sant-tilicat
2933 3207 3114 3276 ipsum
3148 3201 3396 3258 sanctiti-

1815 3318 2029 3365 cantes.
2066 3306 2352 3379 Ejusmodi
2401 3312 2554 3370 sunt,
2588 3320 2620 3359 ο
2671 3302 2926 3372 lleipara,
2968 3298 3252 3354 altissima:
3282 3303 3394 3348 tute

1814 3402 2179 3458 Dortnitionis
2209 3406 2578 3456 sacramenta.
2616 3396 2743 3452 Haec
2777 3407 2990 3466 pompae
3022 3405 3191 3446 sacra:
3214 3388 3396 3442 taber-

1815 3494 1997 3548 naculi
2025 3494 2101 3546 ttti
2146 3492 2234 3545 cui
2272 3489 2584 3561 parentavit
2624 3487 2773 3541 Deus
2804 3482 3122 3555 cpitaphia;
3157 3486 3270 3535 haec
3297 3493 3395 3550 pro

1814 3587 1960 3640 exitu
2008 3585 2286 3650 laudatio;
2316 3583 2433 3637 haec
2467 3589 2616 3645 ante,
2649 3588 2885 3650 postque
2906 3577 3245 3648 sepulturam
3273 3588 3397 3626 mu-

1817 3690 2112 3744 numenta;
2153 3679 2268 3730 haec.
2320 3673 2682 3746 ignotissimae
2711 3681 2820 3726 tua:
2866 3668 3252 3742 translationis
3292 3681 3394 3721 ceu

1815 3771 2162 3824 deductionis
2222 3767 2422 3822 oﬂieia.
2481 3765 2574 3819 Hae
2629 3773 2856 3818 tuorum
2913 3768 3394 3817 sacramentorum

1818 3861 2220 3929 beatarumque
2270 3857 2706 3912 illustrationum
2761 3854 3018 3918 illarum,
3057 3859 3252 3904 tenues
3301 3865 3397 3918 per

1814 3932 2102 4022 aenigmata
2151 3947 2697 4020 repraesentationes.
2745 3944 2894 4000 Nihil
2950 3943 3097 3998 enim
3155 3940 3396 4011 amplius

1817 4045 1980 4100 habet
2009 4043 2227 4097 animus
2278 4049 2478 4112 praeter
2519 4054 2582 4094 ea
2629 4053 2753 4108 quin
2796 4037 2910 4092 dixi
2958 4035 3257 4105 conjicere.
3298 4033 3398 4088 llic

1815 4145 1901 4191 est
1939 4135 2120 4190 brevis
2150 4134 2243 4188 ille
2280 4147 2486 4198 sermo,
2531 4146 2694 4202 quem
2736 4129 2832 4184 tibi
2866 4126 3054 4184 studio
3083 4125 3398 4179 elaboravi-

1814 4243 1971 4292 nius;
2003 4226 2254 4280 eumdem
2291 4224 2432 4296 grati
2461 4223 2629 4278 animi
2661 4221 3082 4283 monimentum,
3110 4227 3165 4273 et
3188 4219 3399 4286 suppli-

1814 4337 1956 4378 cem.
1999 4319 2155 4387 Quod
2189 4320 2233 4375 si
2287 4320 2336 4376 is
2393 4326 2488 4373 tua
2540 4317 2752 4390 aliquid
2817 4315 3112 4386 majestate
3167 4312 3395 4382 dignum

1818 4415 2052 4478 habeat,
2093 4413 2192 4468 tibi
2225 4421 2279 4467 et
2312 4413 2532 4477 datrici,
2557 4418 2614 4465 et
2651 4426 2774 4480 qtue
2807 4409 3068 4463 habueris
3106 4412 3394 4474 acceptum

2851 4501 2936 4556 sin
2979 4506 3185 4562 autem,
3248 4493 3394 4565 quod

1820 4597 1982 4667 plane
2018 4597 2197 4651 cuivis
2245 4603 2370 4650 tuas
2407 4610 2497 4650 res
2551 4607 2817 4648 enarrare
2873 4590 3106 4646 tentanti
3157 4586 3395 4650 accidat,

1817 4689 2044 4744 omnino
2079 4701 2308 4742 necesse
2342 4687 2434 4749 sit,
2469 4686 2654 4740 minus
2693 4699 2795 4754 pro
2823 4682 3093 4752 dignitate
3121 4680 3394 4743 videatur.

1813 4783 1929 4851 ipsa
1966 4782 2152 4851 utique
2200 4777 2536 4849 indulgebis,
2566 4778 2658 4833 cui
2683 4776 2935 4841 omnino,
2973 4775 3065 4830 illa
3099 4773 3165 4828 ad
3194 4771 3394 4826 Filium

159 4981 174 5059 ί
213 4980 441 5059 ine-.br-
485 4985 653 5059 ιιι-4ο
730 4996 744 5034 ι
797 4986 908 5059 iga.
935 4986 1096 5059 v1i,8
1133 4984 1518 5059 seq.‘_'_‘tGen.
1569 4986 1704 5059 gavit

1810 4987 1888 5041 I2.
1963 4985 1978 5019 ⁸
2005 4987 2138 5042 ibid.
2169 4987 2282 5042 17.
2313 4996 2402 5059 ν’·
2431 4983 2472 5040 ll
2507 4985 2686 5048 Parai.
2711 5002 2766 5056 ν,
2800 4986 2857 5042 τ.
2935 4995 2961 5024 η
2992 4983 3152 5042 Joan.
3185 5002 3259 5054 tv,
3303 4983 3403 5039 Et".

159 5058 186 5088 ο
213 5051 380 5109 Exod.
407 5069 538 5119 xu,
568 5055 654 5110 l0.
735 5065 762 5106 ι’
795 5055 962 5112 Hebr.
996 5051 1050 5121 ν,
1083 5058 1139 5116 7.
1215 5051 1242 5108 i1
1272 5055 1438 5114 Hebr.
1466 5072 1543 5122 iv,
1572 5057 1662 5112 14.

1437 5175 1672 5234 VARle
1703 5172 2106 5231 LECTIONES.

209 5278 255 5309 rs
286 5272 614 5347 γρ,Ἃγίων.
693 5274 738 5306 ⁷³
767 5289 854 5342 γρ.
883 5271 1268 5344 Χερουϐικαῖς.

1345 5271 1390 5303 ⁷⁸
1418 5287 1510 5342 γρ·
1539 5269 1742 5341 χάρτη-

1466 5388 1856 5447 CUMBEFISII
1897 5387 2129 5444 ΝΟΤᾸΞ.

213 5487 322 5550 (Η)
375 5484 529 5551 Quod
581 5469 741 5537 modo
786 5482 994 5553 quidem
1047 5481 1460 5552 Seraphinorum
1502 5483 1709 5553 pennis.

154 5557 270 5617 Ταῖς
303 5557 632 5623 σεραφικαῖς
675 5553 922 5622 πτέρυξι.
955 5552 1052 5606 Vel
1083 5562 1167 5606 est
1199 5568 1360 5607 error
1394 5552 1714 5622 autiquarii,

153 5629 226 5678 vel
253 5629 439 5693 lapsus
470 5627 749 5677 memoriae
775 5625 1041 5685 auctoris,
1075 5624 1166 5689 qui
1216 5628 1560 5693 σεραφικαῖς,
1595 5623 1718 5674 ἀντὶ

154 5697 260 5750 τοῦ.
320 5693 667 5764 χερονϐικαίς
725 5693 1045 5762 scripserit;
1096 5709 1328 5762 quorum
1381 5695 1483 5764 alis
1540 5693 1718 5764 palam

154 5777 228 5818 est
255 5761 427 5819 fuisse
457 5761 854 5818 oiomubratutn
896 5761 1361 5832 pronitiatm'ium.
1397 5763 1415 5816 l
1447 5761 1626 5814 Paral.
1660 5778 1713 5822 ν,

156 5850 205 5892 ct
245 5835 406 5891 ilcbr.
439 5850 513 5888 ut.
541 5833 937 5891 Antecedcntia
979 5836 1160 5889 minus
1204 5834 1435 5890 feliciter
1477 5832 1690 5887 reddita

1821 5484 1957 5537 satis
1990 5482 2222 5534 confuso
2245 5487 2421 5541 textu,
2455 5475 2559 5532 et'si
2593 5489 2749 5538 sana,
2779 5481 2960 5528 conati
2989 5485 3181 5541 smnus
3213 5484 3398 5541 enimp

1823 5555 1953 5606 dare
1983 5553 2038 5605 in
2091 5558 2265 5604 errat.
2301 5539 2476 5617 eoque
2517 5547 2571 5600 d.
2621 5561 2694 5617 tn.
2731 5542 2956 5617 τὺηγρζ
2991 5539 3205 5617 ᾌγίων.
3245 5539 3400 5600 Quod

1826 5622 1954 5674 item
2013 5621 2174 5690 paulo
2221 5609 2454 5673 inferius
2487 5609 3402 5690 setpnitugjn‘Dciparttjrgrvm-

1829 5692 1986 5750 culo:
2015 5679 2252 5761 'corrige
2289 5709 2301 5743 :
2340 5679 2659 5761 sumpt-0:“:
2706 5683 2956 5752 Dcipara,
3017 5679 3162 5750 quod
3215 5679 3402 5734 Grch

1836 5763 2060 5827 habent,
2091 5770 2148 5815 ct
2189 5756 2416 5816 utatcria
2445 5756 2632 5828 exigit.
