3820 6316
467 362 600 430 “(l7

1635 369 1694 427 S.
1733 367 2061 429 ANDREAS
2101 367 2522 428 CBETENSIS

3574 365 3593 426 ι
3605 365 3692 430 103

460 487 512 531 et
537 493 874 548 prorisorem
914 477 1349 532 necessitudinis
1388 477 1692 540 vicinitate,
1727 480 2028 532 commise-

2138 479 2415 548 κηδεμόνα
2453 478 2673 540 πάντως
2723 475 2937 539 οἰκείως
2966 473 3248 546 ἐγγύτητι.
3280 475 3426 546 Δέξῃ
3452 475 3509 528 δι
3529 477 3693 532 τοῦτον

462 571 605 623 ratio
638 569 782 624 velut
815 586 842 621 a
871 578 1072 622 natura
1121 568 1215 622 sit.
1250 566 1443 632 Porro,
1488 570 1638 634 novi,
1674 568 1880 624 donum
1915 569 2038 640 pul-

460 659 819 716 cherrimum.
853 673 917 712 ex
943 658 1134 728 egenis
1168 657 1450 714 laboribus
1487 660 1624 714 meis
1647 662 2034 730 compositum,

458 759 746 820 acceptum
776 751 1058 804 habueris.
1093 748 1213 805 Non
1244 751 1389 804 enim
1417 750 1567 805 aliud
1607 752 1864 806 omnibus
1900 752 2037 806 emi-

456 844 608 897 neuti
645 841 931 898 Sermonis
960 835 1144 904 Matri,
1179 859 1344 914 quam
1376 860 1712 910 sermonem,
1753 862 1821 901 ex
1865 862 2033 916 spon-

458 932 634 986 laneis
681 942 786 987 tua:
824 932 1014 1001 gratia:
1053 931 1320 998 fontibus,
1361 949 1394 988 ο
1443 935 1686 1002 gratiosa
1731 934 1864 1002 Deo,
1907 951 2035 1007 pro-

457 1023 739 1085 fluentem,
790 1023 1134 1079 oll‘erendum
1188 1026 1378 1081 habui.
1427 1025 1703 1081 C.eterum
1738 1037 1843 1082 tua:
1887 1029 2036 1082 illius

457 1112 658 1167 divinat
691 1116 1134 1171 conversationis
1165 1116 1218 1170 in
1256 1118 1394 1172 senii
1443 1118 1629 1172 nescia
1670 1119 2033 1184 beatitudine,

458 1201 770 1260 horrendus
802 1219 935 1260 sane
960 1220 1292 1277 omnemque
1320 1224 1594 1278 superans
1639 1209 2035 1264 obscuritatem

457 1299 585 1349 tuus
616 1296 708 1351 ille
739 1303 941 1362 status,
975 1299 1128 1352 velut
1161 1300 1255 1368 qui
1285 1300 1440 1354 nullo
1465 1302 1628 1356 modo
1653 1309 1747 1354 aut
1777 1302 2036 1372 cognosci

456 1389 630 1455 possit
663 1396 758 1443 aut
795 1393 1069 1456 enarrari,
1097 1392 1320 1447 silentio
1347 1393 1671 1448 honoretur.
1699 1394 1864 1448 Plane
1887 1395 2032 1449 enim

449 1481 593 1550 juris
629 1492 731 1536 est.
772 1482 890 1537 Non
926 1485 1074 1538 enim
1123 1494 1208 1540 est
1241 1496 1515 1550 nostrum,
1544 1495 1601 1540 ut
1639 1503 1760 1557 qua:
1789 1499 2033 1544 nostram

454 1583 721 1642 superant
753 1574 1094 1641 facultatem,
1125 1595 1356 1648 qumque
1401 1580 1884 1649 iucompreheusa,
1917 1599 2036 1635 om-

454 1664 588 1718 nino
625 1665 873 1736 indagari
925 1678 1226 1738 nequeunt,
1279 1672 1555 1740 explicare
1593 1666 1863 1729 "velimus.
1908 1673 2034 1730 Haec

455 1769 596 1809 sane
630 1755 752 1820 tibi,
791 1773 825 1810 υ
864 1766 948 1812 ter
977 1758 1164 1828 regina
1205 1759 1296 1816 Dei
1340 1759 1614 1826 Genitrix,
1652 1779 1681 1817 a
1727 1772 1780 1818 te
1813 1765 2034 1834 tuisque

2137 563 2236 622 οἷδ’
2276 570 2358 622 ὅτι
2391 569 2568 640 δῶρον
2623 566 2928 630 κάλλιστον,
2964 568 3027 619 ὲκ
3059 567 3341 636 πενιχρῶν
3393 569 3694 635 συνταγὺτα

2141 679 2231 732 μοι
2282 661 2483 714 πόνων.
2521 660 2598 712 Οὐ
2644 659 2754 730 γὰρ
2803 653 2951 730 εἶχον
2981 661 3009 712 ὃ
3039 677 3092 712 τι
3135 657 3420 728 προσοίσω
3465 658 3693 732 πλέως-ᾗ

2138 755 2356 808 πάντων
2385 751 2730 824 ὑπερεχούσῃ
2760 753 2928 822 μητρὶ
2947 751 3042 804 τοῦ
3066 751 3253 819 λόγου,
3290 749 3437 820 πλὴν
3463 751 3541 802 ὅτι
3562 750 3697 816 λόγον

2136 847 2196 913 ἐξ
2228 847 2584 918 αὐτορῥύτων
2605 844 2800 915 πηγῶν
2828 846 2926 915 τῆς
2955 845 3014 896 ἐν
3043 843 3147 905 σοὶ,
3176 841 3694 911 θεοχαρίτωτε,προ-

2135 939 2394 1010 χεόμενον
2418 937 2660 1009 χάριτος.
2694 935 2810 1006 Τῆς
2843 934 2910 1003 γέ
2938 951 3020 987 τοι
3051 933 3202 997 θείας
3227 935 3289 985 ἑν
3317 932 3515 1001 ἀγήρῳ
3546 949 3694 1001 μακα-

2137 1031 2345 1102 ριότητι
2369 1029 2648 1098 διαγωγῆς
2673 1029 2706 1098 ἡ
2733 1026 3036 1097 ἐμφρικτος
3063 1023 3157 1076 καὶ
3178 1021 3596 1092 ὑπερὰγνωστὸς
3617 1039 3690 1074 σου

2136 1119 2496 1181 κατάστασις,
2553 1116 2627 1179 ὡς
2667 1116 3040 1184 ἀδιάγνωστος
3097 1112 3280 1181 πάντη
3335 1110 3434 1162 καὶ
3483 1111 3688 1175 ἄλεκτος,

2137 1211 2315 1279 σιωπῇ
2339 1207 2606 1278 τιμάσθω.
2633 1209 2854 1260 Δίκαιον
2884 1205 2993 1276 γὰρ
3019 1206 3101 1259 ὅτι
3127 1206 3205 1276 μὴ
3234 1203 3380 1273 πρὸς
3421 1202 3573 1271 ἡμῶν
3596 1206 3686 1255 ἔτι·

2136 1299 2357 1352 ϐάλλειν
2385 1301 2500 1361 τοῖς
2551 1298 2852 1369 κρεῖττονῆ
2893 1297 3016 1351 καθ’
3067 1298 3218 1368 ἡμᾶς
3275 1295 3494 1366 ἔχουσι,
3529 1295 3682 1366 καὶτῷ

2135 1390 2366 1459 ἀλήπτῳ
2395 1390 2574 1442 πᾶσαν
2599 1387 3022 1458 διατειχίζουσιν
3053 1387 3308 1458 ἔρευναν.
3351 1387 3450 1438 Σοὶ
3484 1384 3574 1456 μὲν
3597 1384 3680 1450 οὖν,

2123 1475 2180 1534 ’ὦ
2241 1481 2512 1535 πανολϐία
2568 1483 2943 1550 τρισσάνασαα
3004 1479 3446 1548 Θεογεννήτρια,
3503 1476 3535 1531 ἀ
3581 1479 3680 1546 πρὸς

2135 1573 2294 1646 ἡμῶν
2325 1572 2683 1641 ὲπωφείλετο,
2736 1571 2845 1624 τῶν
2877 1571 2982 1624 ὑπο
3020 1573 3104 1624 σοὶ
3135 1571 3230 1624 καὶ
3261 1573 3384 1633 ταῖς
3431 1573 3545 1630 σαῖς
3580 1571 3683 1637 προς

2134 1665 2195 1717 τὸ
2226 1664 2379 1717 Θεῐον
2405 1663 2907 1734 εὐπαῤῥησιᾶστοις
2936 1664 3134 1726 λιταῖς,
3177 1663 3306 1724 τοὺς
3335 1663 3472 1732 περὶ
3500 1660 3554 1712 σὲ
3579 1679 3684 1730 κρυ-

2137 1753 2294 1821 φίους
2344 1751 2799 1822 στοιχειωθέντων
2834 1752 3048 1820 λόγους,
3072 1751 3201 1805 τάδε
3231 1749 3329 1803 νῦν
3357 1748 3588 1820 μετρίως
3623 1752 3684 1811 εἰς

455 1845 523 1899 ιιι
575 1845 746 1901 Deum
777 1847 1178 1906 efficacissimis
1227 1853 1505 1921 precibus.
1543 1856 1801 1910 occultos
1846 1873 2028 1910 rerum

2136 1845 2363 1914 δύναμιν
2392 1844 2757 1916 ἐσχεδίασται.
2815 1844 2978 1914 Ἡμῖν
3003 1843 3082 1921 ⁸δὲ
3113 1842 3197 1906 τίς
3229 1841 3596 1910 ἀναλογοῦσαν
3623 1841 3684 1909 τῷ

452 1946 696 2006 tuarum,
755 1955 1072 2011 quanquam
1129 1944 1343 2010 rudins,
1397 1946 1541 2001 docti
1582 1962 1890 2014 sermones,
1935 1965 2052 2020 pro.

451 2030 668 2084 modica
698 2047 850 2087 nunc
884 2031 1174 2096 facultate,
1210 2035 1296 2088 vel
1345 2037 1528 2092 minus
1568 2049 1824 2096 accurate
1849 2041 2033 2110 diges-

451 2122 652 2177 simus.
689 2122 830 2189 Quis
859 2139 994 2180 vero
1036 2140 1338 2195 congruam
1365 2128 1686 2183 sublimitati
1716 2147 1780 2184 ac
1823 2133 2034 2202 magni-

451 2215 629 2270 tudini
669 2232 860 2272 eorum
891 2233 1015 2288 quae
1043 2221 1330 2288 magnifice
1358 2222 1601 2289 gloriosa
1639 2222 1705 2278 de
1749 2234 1798 2278 te
1826 2226 2034 2294 cogita-

451 2324 574 2362 mus
599 2324 784 2364 vocem
809 2313 1069 2381 prebeat,
1099 2328 1163 2368 ac
1188 2315 1293 2367 vim
1319 2313 1560 2371 dicendi.
1605 2315 1734 2380 Sed,
1760 2333 1793 2371 ο
1823 2317 2030 2386 Regina

451 2400 837 2456 universorum
875 2404 1184 2472 hominum,
1225 2407 1515 2477 ipsiusque
1539 2423 1638 2478 per
1655 2425 1715 2464 se
1735 2408 2032 2478 Sapientiae

447 2501 503 2546 et
524 2482 690 2547 Verbi
738 2495 1126 2562 subsistentis,
1172 2500 1630 2582 capaxzoprimaa,
1681 2498 1926 2569 inquam,
1965 2501 2032 2552 il-

449 2581 578 2649 rnts,
619 2593 672 2638 et
701 2587 990 2657 principis,
1033 2604 1097 2642 ac
1130 2593 1376 2646 omnium
1403 2581 1602 2646 causa:
1635 2590 1720 2646 l0
1748 2592 1872 2646 vitae
1905 2592 2032 2647 sub-

449 2674 837 2740 ministratrix,
875 2679 1095 2748 vitaque
1133 2681 1460 2748 viventium,
1511 2698 1574 2736 ac
1607 2685 1824 2738 auctrix
1864 2685 2025 2741 vitae!

447 2762 495 2817 0
527 2775 743 2830 sam-ta,
771 2775 826 2820 et
861 2771 1106 2825 sanctior
1141 2773 1385 2836 sanctis,
1437 2775 1902 2846 sanctissimeque
1955 2785 2032 2832 to-

449 2854 562 2912 tius
609 2858 920 2916 sanctitatis
953 2861 1246 2918 thesaure!
1293 2861 1337 2917 Ο
1371 2863 1682 2932 dividuum,
1739 2883 1849 2921 non
1907 2884 2030 2939 quae

449 2948 692 3015 dividue,
723 2950 818 3006 sed
878 2969 1001 3021 qua:
1062 2953 1341 3011 insolubili
1400 2959 1660 3025 vinculo,
1723 2959 2027 3017 humanum

449 3056 625 3110 genus
652 3043 859 3100 unieris
905 3044 1046 3102 Deo!
1081 3045 1126 3102 Ο
1178 3058 1526 3105 terrenarum
1574 3066 1826 3122 regnum,
1871 3054 2026 3109 insu-

454 3133 683 3200 perabili
717 3149 747 3188 a
779 3150 1018 3206 superna
1055 3138 1252 3208 gloria,
1300 3149 1572 3209 potestate
1607 3144 1932 3212 praeditum!
1985 3145 2028 3198 ι)
2055 3172 2098 3230 ο

451 3219 783 3279 Christianae
832 3225 951 3280 fidei
1007 3231 1508 3298 prOpugnaculum,
1565 3248 1870 3302 eorumque
1906 3252 2031 3304 pro-

453 3312 770 3380 pugnatrix,
801 3315 894 3384 qui
934 3315 989 3369 in
1034 3323 1086 3371 te
1135 3333 1286 3388 spem
1342 3324 1682 3390 posuerunt!
1723 3323 1958 3395 Suscipe
2001 3341 2029 3379 a

454 3400 636 3464 nobis,
667 3403 758 3470 qui
793 3419 890 3473 per
922 3415 975 3458 te
1004 3409 1354 3476 suscepimus
1390 3412 1641 3468 veritatis
1667 3415 1870 3479 lumen,
1909 3431 2032 3483 quae

455 3496 570 3552 tua,
605 3497 664 3542 ut
692 3489 868 3552 licuit,
922 3495 1223 3562 pra'conia,
1271 3513 1334 3552 cx
1388 3500 1645 3557 obscuris
1697 3503 2030 3572 imaginibus

455 3580 684 3652 mystice
721 3585 1074 3652 contemplati
1125 3602 1342 3642 sumus.
1387 3589 1467 3644 Tu
1511 3607 1696 3661 porro,
1736 3594 1787 3646 in
1834 3602 1883 3649 te
1917 3597 2032 3666 glo-

451 3669 729 3727 riantibus
771 3672 956 3740 nobis,
998 3690 1030 3729 ο
1067 3673 1314 3747 Deipara,
1362 3680 1415 3734 id
1446 3682 1646 3737 modici
1679 3683 1844 3751 hujus
1872 3685 2028 3741 labo-

449 3763 530 3818 ris
575 3766 858 3834 praemium
901 3768 1262 3838 retribueris;
1303 3780 1362 3826 ut
1409 3773 1692 3840 nimirum,
1753 3776 2028 3832 thesauris

450 3856 708 3910 omnibus
755 3859 1124 3929 pretiosisque
1178 3862 1374 3930 opibus
1421 3863 1852 3934 splendidiorem
1900 3883 2028 3936 pre-

451 3944 863 4016 tiosioremque,
899 3955 1046 4002 tuam
1085 3949 1151 4003 ad
1187 3949 1384 4004 Filium
1420 3959 1596 4016 tuum,
1626 3954 2028 4025 Domiuutnque

450 4043 702 4088 nostrum
735 4050 797 4089 ac
822 4034 1044 4106 Regem,
1077 4036 1361 4109 Deumque
1403 4051 1458 4096 ct
1489 4042 1784 4098 Dominum
1815 4047 2026 4100 oratio-

451 4139 580 4178 nem
633 4128 936 4196 supplicem
998 4131 1355 4200 praebueris;
1419 4150 1525 4204 qua
1587 4145 1642 4190 et
1699 4147 2020 4207 peccantes,

451 4217 618 4272 Deum
643 4220 913 4288 plaeaturi
943 4223 1154 4288 simus;
1187 4236 1242 4279 et
1273 4241 1339 4280 ex
1368 4226 1592 4284 virtutis
1620 4231 1831 4284 ratione
1863 4248 2024 4301 agen-

449 4317 554 4383 tes,
589 4307 881 4378 benignius
929 4312 1279 4367 conciliaturi
1315 4331 1328 4368 :
1382 4330 1492 4385 qua
1533 4317 1893 4373 barbarorum
1929 4337 2022 4375 ar-

449 4413 559 4461 ma,
597 4399 828 4468 sagittas
874 4404 1230 4471 parvulorum
1281 4408 1456 4464 simus
1495 4409 1862 4467 existimaturi
1901 4431 1914 4467 :
1968 4422 2022 4468 et

2139 1934 2262 2005 ὕψει
2296 1935 2388 1988 καὶ
2424 1934 2647 2003 μεγέθει
2675 1935 2782 1988 τῶν
2819 1919 3192 2003 ὑπερενδόξων
3216 1933 3347 2004 περὶ
3384 1933 3480 1985 σοῦ
3513 1933 3683 2000 νοημὰ-

2135 2040 2243 2076 των
2301 2021 2600 2093 ὲμπαρέξει
2651 2023 2836 2092 φωνὴν
2873 2022 3212 2091 σύμμετρον,
3265 2019 3361 2071 καὶ
3413 2018 3507 2070 τοῦ
3535 2017 3684 2082 λέγειν

2139 2114 2326 2184 ίσχύνς
2358 2114 2523 2178 Ἀλλ’,
2553 2112 2598 2166 ὦ
2620 2114 2887 2166 Δέσποινα
2915 2115 3132 2166 πάντων
3147 2110 3477 2182 ἀνθρώπων,
3500 2110 3585 2162 καὶ
3606 2111 3682 2176 τῆς

2136 2206 2464 2276 αὐτοσοςρίας
2497 2207 2590 2259 καὶ
2639 2206 3005 2259 ὲνυποστάτου
3056 2205 3232 2272 Λόγου
3268 2202 3544 2273 χωρητική
3567 2218 3580 2231 ·
3606 2201 3683 2253 τοῦ

2135 2296 2356 2368 πρώτου
2409 2299 2502 2350 καὶ
2554 2295 2785 2366 ἀρχικοῦ
2815 2297 2912 2348 καὶ
2956 2296 3176 2348 πάντων
3230 2293 3430 2348 αἰτίου.
3457 2289 3520 2344 '0
3565 2291 3681 2359 ’ζωῆς

2133 2387 2339 2459 χορηγὲ
2391 2389 2486 2441 καὶ
2530 2389 2642 2441 τῶν
2687 2389 2904 2452 ζώντων
2938 2387 3052 2457 ζωὴ
3089 2387 3184 2439 καὶ
3224 2384 3373 2456 ζωῆς
3410 2383 3677 2453 auguria!

2133 2476 2203 2532 Ὦ
2234 2479 2387 2547 ἁγία,
2423 2479 2515 2532 καὶ
2547 2479 2657 2532 τῶν
2682 2478 2850 2545 ἁγίων
2878 2479 3152 2548 ἁγιωτέρα
3172 2493 3188 2509 ·
3224 2475 3322 2530 καὶ
3347 2475 3521 2544 πάσης
3549 2473 3677 2538 ἀγια-

2135 2569 2318 2631 στείας
2364 2569 2630 2636 ὑπεράγιε
2687 2567 2963 2637 θησαυρέί
2999 2563 3069 2619 Ὦ
3111 2567 3291 2636 μερὶς,
3324 2568 3357 2633 ἡ
3407 2563 3601 2624 ἀλὺτως
3629 2562 3676 2612 οὐ

2137 2658 2408 2728 μεριστῶς
2439 2655 2687 2709 ὲνώσασα
2719 2655 2838 2726 Θεῷ
2867 2655 2930 2707 τὸ
2967 2653 3344 2724 ἀνθρώπινονί
3377 2647 3446 2704 Ὠ
3467 2649 3676 2721 βασιλεία

2131 2750 2240 2802 τῶν
2268 2750 2376 2803 ἀπὸ
2396 2749 2500 2816 γῆς
2521 2748 2744 2818 χοῖκῶν,
2766 2748 2829 2799 ἐκ
2849 2749 2946 2818 τῆς
2968 2746 3230 2800 ἀνωτάτω
3256 2744 3416 2815 δόξης
3431 2743 3489 2794 τὸ
3511 2743 3676 2812 κράτος

2133 2841 2328 2911 ἔχουσα
2359 2841 2784 2912 ἀπροσμάχητον
2809 2840 2822 2892 l
2855 2835 2926 2890 Ὦ
2955 2838 3056 2908 τῆς
3085 2837 3429 2908 Χριστιανῶν
3461 2833 3676 2904 πρόπυρ-

2131 2951 2250 3002 γιον
2281 2935 2536 2996 πίστεως,
2573 2933 2664 2984 καὶ
2698 2931 2808 2984 τῶν
2837 2931 2918 2993 είς
2951 2931 3008 2983 σὲ
3045 2931 3144 2991 τὰς
3193 2928 3418 2988 ἐλπίδας
3467 2927 3675 2994 θεμένων

2133 3022 2448 3097 ὑπέρμαχεί
2503 3023 2668 3092 Δέχου
2708 3021 2848 3091 πρὸς
2904 3021 3060 3090 ἡμῶν
3092 3019 3200 3072 τῶν
3234 3019 3337 3087 τῆς
3369 3013 3676 3087 ἀληθείαςτδ

2133 3117 2249 3185 φῶς
2274 3116 2360 3168 διὰ
2384 3113 2477 3168 σοῦ
2501 3114 2809 3184 δεξαμένων
2832 3153 2846 3177 ,
2875 3111 2939 3166 τὰ
2967 3111 3026 3177 ἐξ
3051 3109 3310 3179 ἀμυδρῶν
3333 3109 3546 3161 εἰκόνων
3567 3107 3674 3175 ἡμῖν

2131 3208 2205 3270 ῶς
2232 3207 2453 3275 ἐφικτὸν
2509 3204 2793 3276 μυστικῶς
2839 3203 3187 3274 θεωρηθέντα
3235 3199 3671 3270 σεμνολογήματα.

2140 3300 2302 3370 Ἦμῖν
2333 3298 2390 3352 δὲ
2420 3301 2533 3358 τοῖς
2557 3299 2636 3360 είς
2669 3297 2750 3361 σὲ,
2778 3296 3082 3366 Θεομῆτορ,
3117 3291 3546 3362 καλλυνομένοις,
3565 3287 3671 3341 ταὺ-

2129 3409 2228 3461 την
2253 3389 2535 3452 ἀντιδίδως
2580 3387 2676 3441 τοῦ
2738 3386 2940 3458 μικροῦ
2969 3384 3158 3439 τούτου
3221 3385 3323 3454 τὴν
3361 3381 3592 3454 ἀμοιϐὴν,
3617 3379 3670 3432 ἶν’

2129 3483 2347 3552 ἔχοιμεν
2375 3479 2668 3552 θησαυρῶν
2699 3479 2919 3532 πάντων
2975 3476 3073 3530 καὶ
3101 3475 3338 3528 πλούτου
3386 3466 3668 3530 πολυτελοῦς

2128 3574 2569 3646 τιμαλφεστέραν
2615 3573 2711 3626 καὶ
2761 3569 3170 3641 λαμπροτέραν,
3210 3567 3310 3639 τὴν
3335 3567 3432 3634 σὴν
3452 3563 3572 3633 πρὸς
3596 3560 3667 3612 τὸν

2131 3668 2222 3720 σὺν
2247 3667 2374 3719 Υίδν
2403 3665 2500 3718 καὶ
2549 3664 2819 3734 ἡμέτερον
2851 3660 3154 3732 Δεσπότην,
3195 3659 3290 3712 καὶ
3331 3655 3567 3714 Βασιλέα,
3591 3651 3664 3704 καὶ

2128 3761 2283 3827 Θεὸν,
2317 3760 2413 3812 καὶ
2438 3757 2666 3828 Κύριον,
2700 3757 2905 3810 ἱκέσιον
2934 3755 3119 3826 δέησιν
3141 3770 3156 3787 ·
3182 3753 3251 3806 δι’
3276 3745 3344 3822 ἧς
3377 3747 3664 3819 ἁμαρτάνον-

2126 3870 2239 3916 τες,
2272 3852 2334 3904 τὸ
2381 3852 2536 3906 Θεῐον
2568 3848 2926 3919 ὲξιλεούμεθα
2947 3863 2961 3878 ⁸
3004 3847 3098 3899 καὶ
3126 3842 3526 3915 κατορθοῦντες,
3555 3854 3659 3906 χρη-

2129 3945 2381 4015 στότερον
2410 3945 2620 4005 ἑαυτοῖς
2647 3939 3042 4010 ιεπισσιτώμεθα⁸
3071 3939 3138 3992 δι’
3159 3939 3226 4008 ἣν
3255 3935 3393 3990 ὅπλα
3418 3931 3659 4004 βαρσάρων

2129 4038 2255 4109 βέὲη
2287 4037 2496 4108 νηπίων
2549 4034 2870 4106 ήγούμεθα’
2924 4033 3018 4084 καὶ
3046 4030 3196 4100 δόρυ,
3244 4029 3339 4080 καὶ
3365 4026 3550 4096 κράνος
3587 4020 3658 4072 καὶ

2125 4131 2281 4193 τόξου
2307 4129 2474 4198 βολὶς,
2502 4129 2739 4195 ἀνήνυτα
2773 4126 2920 4196 μένει
2952 4126 3046 4176 καὶ
3081 4125 3372 4190 ἄπρακτα·
3408 4118 3496 4170 καὶ
3520 4113 3654 4172 vim.

2117 4221 2274 4294 Dl'ﬁ;
2310 4221 2456 4274 ἅπαν
2483 4221 2831 4288 Χριστιανοῖς
2866 4213 3072 4283 ἀγαθὸν
3095 4211 3476 4283 κατορθοῦται.
3514 4207 3592 4260 καὶ
3631 4203 3655 4269 ἡ

2126 4315 2263 4386 πρὸς
2287 4313 2346 4366 τὸ
2373 4312 2527 4366 Θεῖον
2551 4311 2833 4382 ὁμοίωσις.
2859 4311 3066 4379 Ἔχεις,
3084 4301 3465 4376 ἁγαπητὲ,τοῦ
3492 4311 3654 4369 μυττη·

2126 4410 2242 4479 ρίου
2265 4407 2352 4460 τὸν
2380 4405 2557 4473 λόγον,
2585 4406 2632 4456 εἰ
2656 4403 2751 4456 καὶ
2779 4403 2929 4473 παρά
2963 4401 3098 4453 πολὺ
3143 4401 3243 4468 τῆς
3275 4395 3482 4455 ἐλπίδος
3510 4386 3654 4444 λειπό-

449 4504 552 4558 qua
586 4491 658 4545 sit
681 4489 947 4556 futurum,
989 4503 1047 4550 ut
1099 4497 1276 4563 hasta,
1327 4501 1502 4570 galea,
1547 4517 1614 4556 ac
1662 4505 1834 4560 missa
1889 4508 2016 4572 tela,

2129 4516 2287 4568 μενον
2308 4515 2321 4528 ·
2357 4499 2454 4568 τῆς
2483 4497 2535 4564 γ’
2571 4493 2666 4550 οὖν
2697 4494 3010 4565 προθυμίας
3051 4491 3152 4561 τῆς
3190 4489 3463 4560 ἡμετέρας
3489 4485 3571 4536 οὐκ

449 4582 663 4638 inutilia
709 4600 775 4638 ac
807 4587 1104 4643 iuelllcacia
1135 4600 1394 4648 maneant
1436 4611 1450 4648 :
1501 4609 1610 4665 qua
1655 4596 1896 4668 denique
1931 4601 2026 4655 bo-

449 4687 578 4726 num
606 4690 768 4728 omne
792 4676 1124 4736 Christianis
1153 4693 1302 4738 recte
1329 4695 1576 4753 geratur,
1609 4696 1663 4743 et
1695 4691 2025 4747 concilietur

448 4761 542 4817 Dei
566 4766 889 4824 similitudo.
905 4768 1105 4836 l-labes,
1127 4771 1349 4836 dilecte,
1373 4780 1706 4830 sacramenti
1729 4780 2020 4845 rationem,

433 4869 512 4928 Iac
533 4872 848 4926 quanquam
894 4863 1189 4929 plurimum
1223 4866 1291 4918 ab
1322 4866 1444 4934 ipso
1479 4867 1718 4932 deficiat,
1769 4870 1910 4924 haud
1942 4879 2023 4925 ta-

449 4960 570 4999 men
592 4947 774 5001 miuus
800 4949 964 5004 habet
988 4967 1150 5020 qttam
1180 4968 1279 5022 pro
1305 4956 1507 5011 alacris
1540 4959 1708 5012 animi
1740 4959 2021 5017 facultate.

450 5036 861 5093 Abstrusiorem
895 5052 1076 5095 autem
1099 5058 1162 5096 ac
1191 5045 1572 5102 sublimiorem
1607 5050 1872 5106 rationem
1906 5069 2024 5108 ser-

446 5143 798 5200 monemque,
826 5131 894 5186 ab
926 5132 1047 5202 ipso
1083 5133 1178 5190 illo
1203 5135 1469 5194 Sermone
1495 5141 1803 5210 quaesieris,
1839 5145 1932 5214 qui
1962 5161 2022 5201 se

447 5225 523 5277 tui
575 5240 741 5280 causa
776 5227 1109 5294 exinanivit,
1152 5237 1206 5284 et
1240 5246 1406 5288 carne
1439 5233 1791 5302 incrassavit,
1819 5247 2024 5293 totum-

444 5331 552 5385 que
577 5332 637 5370 se
683 5317 801 5380 tibi,
855 5317 1177 5389 impensiori
1232 5321 1328 5377 illo
1383 5340 1570 5381 amore
1621 5326 1676 5380 in
1735 5326 2019 5383 hominum

443 5423 640 5476 genus,
673 5409 848 5464 univit
880 5429 894 5465 :
933 5427 1034 5467 nec
1067 5413 1248 5470 minus
1282 5425 1406 5485 apte
1439 5417 1684 5480 dicatur,
1740 5418 2017 5474 hominem

443 5499 603 5566 fecit;
627 5517 734 5570 quo
765 5510 818 5557 te
851 5509 1024 5557 totum
1051 5505 1252 5576 spiritu
1287 5505 1454 5560 Deum
1489 5507 1714 5570 faceret,
1743 5525 1807 5564 ac
1829 5550 1844 5575 ,
1871 5513 2016 5581 quod

442 5591 690 5648 deterius
721 5604 825 5660 est,
856 5597 1069 5651 meliori
1104 5599 1438 5664 absumeret,
1478 5610 1640 5671 teque
1689 5603 1838 5657 humi
1872 5604 2021 5672 abje-

441 5694 614 5744 ctum,
647 5701 752 5740 uua
783 5702 971 5743 secum
1010 5690 1304 5752 exaltaret,
1336 5705 1399 5745 ac
1437 5691 1490 5745 in
1523 5696 1766 5762 paternis
1792 5695 2018 5751 sedibus

442 5776 843 5836 constitueret:
885 5781 953 5836 ad
988 5770 1150 5854 quetu
1209 5799 1423 5855 semper
1452 5788 1558 5842 vita
1593 5798 1643 5841 ot
1676 5789 2015 5859 contempla-

2127 4589 2423 4660 δεέστερον.
2451 4588 2554 4640 Τδν
2583 4587 2640 4640 δὲ
2671 4589 3075 4656 μυστικώτερον
3109 4585 3207 4635 καὶ
3231 4579 3562 4650 ὑψηλότερον,
3583 4569 3658 4638 ἔτ.

2126 4683 2351 4749 τήσειας
2373 4679 2440 4732 ἂν
2471 4681 2599 4747 παρ’
2635 4677 2798 4732 αὐτοῦ
2821 4675 2918 4729 τοῦ
2949 4675 3036 4728 διὰ
3066 4674 3125 4726 σὲ
3151 4671 3475 4731 κενωθέντος
3500 4666 3651 4730 Λόγου.

2126 4773 2217 4824 καὶ
2255 4773 2419 4841 σαρκὶ
2455 4770 2842 4841 παχυνθέντος,
2882 4769 2976 4821 καὶ
3017 4767 3136 4819 ὅλον
3161 4763 3344 4832 ἑαυτῷ
3374 4779 3431 4815 σε
3460 4757 3539 4812 διὰ
3565 4752 3654 4822 φιλ·

2126 4864 2441 4934 ανθρωπέαν
2467 4863 2790 4925 ἔνώσαντος.
2827 4862 2902 4914 Οὐ
2923 4863 3103 4930 χεῖρον
3127 4858 3184 4910 δὲ
3211 4858 3407 4919 είπεῖν,
3435 4853 3523 4906 καὶ
3539 4851 3653 4900 ἐναν-

2127 4955 2561 5026 θρωπισθέντος’
2601 4955 2665 5008 ἵν’
2691 4955 2812 5007 ὅλον
2850 4969 2908 5005 σε
2958 4949 3254 5019 θεοποιήσῃ
3289 4945 3368 5016 τῷ
3408 4941 3651 5010 πνεύματι.

2126 5049 2218 5102 καὶ
2249 5047 2596 5118 ὲνδαπανήσῃ
2623 5045 2684 5099 τὸ
2708 5047 2892 5114 χεῖρον
2915 5041 2995 5113 τῷ
3021 5041 3314 5111 κρείττονι,
3341 5036 3435 5090 καὶ
3458 5028 3651 5104 χαμόθεν

2125 5143 2303 5214 ἑαυτῷ
2331 5142 2625 5215 συνυψὼσῃ
2657 5158 2739 5206 σε,
2773 5141 2866 5194 καὶ
2886 5143 3002 5202 τοῖς
3060 5136 3349 5205 πατρικοῖς
3382 5120 3650 5199 ἐγκαθιδρῦ-

2125 5252 2194 5309 “Il
2225 5253 2280 5289 σε
2324 5233 2556 5298 θώκοις*
2604 5233 2742 5305 πρὸς
2792 5232 2850 5285 ὃν
2886 5231 2972 5284 ἀεὶ
3025 5229 3113 5282 διὰ
3161 5227 3276 5298 βίου
3323 5223 3416 5279 καὶ
3462 5215 3646 5286 θεωρίας

2124 5327 2370 5396 καθαρᾶς
2399 5327 2624 5393 ἀνάγου,
2650 5325 2816 5387 θείοις
2858 5321 3354 5393 ἐμπολιτευόμενος
3388 5314 3477 5368 καὶ
3510 5309 3648 5374 λόγοις

2123 5421 2213 5473 καὶ
2243 5421 2397 5490 ἤθεσι
2417 5435 2432 5449 ο
2455 5418 2586 5471 Θεόν
2611 5435 2670 5470 τε
2704 5416 2846 5488 ὁρῶν
2867 5418 2988 5468 ὅσον
3013 5416 3256 5481 ἐφικτὸν,
3282 5411 3374 5462 καὶ
3399 5404 3646 5477 ὁρώμενος

2120 5510 2180 5562 ὃν
2215 5510 2308 5562 καὶ
2340 5507 2670 5579 τρανοῦσθαί
2697 5523 2778 5560 σοι
2809 5506 2896 5559 ἀεὶ
2925 5506 3044 5566 ταῖς
3069 5501 3211 5556 κατὰ
3233 5500 3463 5594 θεωρίαν
3487 5490 3647 5594 ἑλλάμῖ

2119 5604 2244 5671 ψεσι
2278 5600 2522 5669 ἐπείγου,
2573 5601 2668 5653 καὶ
2715 5601 2841 5662 ταῖς
2870 5596 2989 5651 κατ’
3017 5593 3222 5666 ἀρετὴν
3251 5589 3577 5690 ἀναϐάσεσινἶ
3600 5589 3633 5630 ῐν

2121 5694 2512 5766 ἀμφοτέρωθεν
2566 5695 2629 5746 ὲκ
2687 5693 2940 5763 πράξεως
2991 5690 3056 5759 δὴ
3105 5688 3252 5756 λέγω
3307 5685 3398 5739 καὶ
3433 5681 3642 5745 θεωρίας.

2068 5795 2083 5808 ’
2122 5789 2302 5859 ἀρτιοί
2343 5787 2458 5857 εἶ’ηέ
2493 5787 2584 5840 κπῖ
2614 5785 2836 5854 πάι-μοι’
2880 5786 2956 5847 εἰς
2983 5780 3152 5866 ἄνδρα
3183 5779 3352 5834 τελῶν
3380 5768 3636 5844 πληρίατιι·
