3820 6316
147 313 321 382 110‘.)
1180 323 1262 383 IN
1292 324 1399 383 SJ
1405 322 1608 383 OANN
1618 325 1688 384 IS
1729 325 2386 387 DECOLLATIONEM.
3318 314 3458 382 1110

151 449 299 496 τον,
329 451 353 485 ι
389 435 474 498 είς
517 433 716 507 μέτρον
747 435 966 506 ἡλικίας
995 434 1087 489 τοῦ
1119 435 1382 508 Χριστοῦ.
1435 454 1452 486 ι
1481 431 1553 506 ᾯ
1583 437 1615 506 ἡ
1645 434 1774 500 δόξα
1805 446 1823 500 Α

1886 437 2032 492 tione
2062 437 2270 492 munda
2303 437 2628 505 subvehere,
2676 437 2732 492 in
2763 437 2967 494 divinis
3007 445 3062 495 et
3107 439 3460 494 sermonibus

153 524 280 578 καὶ
306 525 370 579 τὸ
400 525 607 596 κράτος
634 527 716 590 είς
750 528 875 590 τοὺς
914 527 1119 592 αἰῶνας
1156 528 1265 580 τῶν
1283 525 1518 580 αἰώνων.
1562 527 1756 597 Ἀμήν.

1886 534 1923 580 :t
1955 527 2206 582 moribus
2237 543 2504 595 versans;
2547 544 2610 583 ac
2639 527 2835 594 Deum,
2884 540 3152 600 quantum
3190 531 3352 585 liccat
3373 529 3458 584 vi-

156 614 347 680 dens,
395 619 557 688 eique
580 619 826 674 vicissim
859 619 1044 685 visus,
1078 635 1239 691 quem
1269 627 1327 676 et
1361 619 1458 674 tibi
1490 620 1770 673 continu-.2
1806 620 2294 690 contemplationis
2327 620 2659 691 fulgoribus,
2722 623 3056 692 virtutisque
3125 622 3456 680 ascensibus

166 708 460 763 declarari
485 710 822 776 contendas;
867 722 928 765 ut
961 711 1242 781 utrinque,
1288 710 1359 766 ab
1398 710 1637 771 actione,
1671 711 1917 779 inquam,
1969 716 2024 765 et
2058 711 2544 780 contemplatione,
2613 711 2892 780 perfectus
2963 723 3017 768 et
3085 715 3280 770 tirmus
3351 713 3455 776 sis,

177 797 241 854 in
285 802 465 854 virum
500 803 881 871 plenissimum
913 813 1225 874 provectus,
1278 820 1298 855 ι
1355 803 1411 858 in
1446 816 1762 856 mensuram
1797 802 1977 858 aetatis
2011 801 2219 860 Christi
2248 811 2291 855 τ.
2334 821 2352 852 ι
2386 801 2486 858 Cui
2525 801 2701 870 gloria
2733 812 2788 858 et
2819 810 3066 872 potestas
3133 805 3188 858 in
3255 805 3457 862 saecula

179 892 538 948 saeculorum.
580 894 780 947 Amen.

803 1010 1022 1064 ΛΟΓΟΣ
1053 1009 1154 1066 ιε’.

316 1116 426 1183 Εἰς
456 1117 774 1188 ἀποτομὴν
799 1118 1084 1175 Ἰωάννου
1117 1121 1225 1176 τοῦ
1254 1122 1628 1192 Προδρὸμου.

2463 1002 2721 1059 ORATIO
2760 1001 2849 1059 XV
2871 1043 2884 1058 .

2125 1117 2192 1173 In
2223 1119 2572 1184 prwcursoris
2612 1115 3025 1170 Decollatt’onem
3049 1113 3186 1184 (15).

1339 1231 1568 1292 (Conser.
1593 1233 1795 1282 Auctar.
1821 1245 1934 1280 nov.
1962 1235 1997 1280 t.
2022 1230 2061 1290 Ι,
2085 1243 2136 1292 p.
2168 1227 2329 1291 1521.)

249 1336 410 1408 Πηδᾷ
442 1337 542 1390 καὶ
569 1335 752 1406 γῆρας
800 1335 876 1399 ὡς
906 1335 976 1390 τὰ
1017 1336 1190 1392 πολλὰ
1242 1336 1559 1409 προθυμίας
1599 1339 1775 1404 τόνοις

176 1429 380 1502 νευρού
391 1447 577 1500 μενον,
592 1428 686 1482 καὶ
709 1428 868 1496 λόγος
893 1427 1130 1501 ἀσθενὴς
1147 1429 1637 1504 ὲπιῤῥώννυταιτῇ
1666 1450 1757 1485 πα-

175 1521 412 1594 ραθήξει
441 1520 555 1574 τῶν
585 1521 877 1592 ἀκροατῶν
909 1521 1345 1593 δυναμούμενος.
1395 1523 1570 1578 Τοῦτο
1594 1566 1609 1590 ,
1638 1527 1776 1598 ὅπερ

172 1614 272 1668 νῦν
302 1617 334 1668 ό
364 1614 639 1685 ἡμέτερος
668 1615 830 1684 λόγος
859 1619 1273 1687 παρυφίσταται
1293 1636 1306 1650 ·
1341 1621 1477 1691 πρὸς
1515 1621 1616 1692 μὲν
1643 1623 1778 1676 ὑπό·

169 1706 335 1759 θεσιν
353 1707 676 1778 ἐγκωμίων,
701 1707 806 1760 ὑπὸ
829 1708 938 1762 τῶν
969 1712 1404 1784 συνειλεγμένων
1427 1715 1784 1786 ὁρμώμενοςο·

177 1797 326 1866 πρὸς
384 1798 447 1850 δὲ
502 1798 604 1869 τὴν
648 1798 743 1852 τοῦ
789 1801 1278 1874 ὲγκωμιαζομένου
1331 1807 1639 1880 περιωπὴν,
1674 1807 1774 1880 τὴν

171 1887 353 1944 αὑτοῦ
379 1890 786 1958 ἀντεπεξάγειν
809 1893 1235 1962 συστελλόμενος
1263 1895 1516 1966 δύναμιν.
1549 1898 1662 1954 Καὶ
1697 1917 1717 1950 ι
1746 1901 1774 1952 ὁ

173 1981 283 2050 μὲν
327 1983 512 2051 λόγος,
569 1983 948 2048 ἁποστολικῶς
988 1987 1165 2040 εἰπεῖν
1191 2027 1206 2050 ,
1239 1987 1498 2060 ἀσθενὴς,
1541 2010 1560 2042 ι
1596 1991 1690 2044 καὶ
1715 1991 1773 2058 ἐξ

170 2073 633 2146 ὴῤῥωοτηκότων
684 2076 934 2146 ὀργάνων
963 2077 1426 2150 ὑποφωνούμενος
1456 2097 1470 2110 ·
1510 2081 1544 2152 ή
1579 2081 1638 2134 δὲ
1665 2081 1774 2136 τῶν

173 2166 485 2236 ἐγκωμίων
517 2167 774 2236 ὑπόθεσις
799 2207 814 2232 ,
844 2171 1086 2241 τοσούτῳ
1109 2170 1292 2224 πλεῖον
1319 2171 1433 2242 ἔχει
1459 2174 1602 2227 κατὰ
1633 2191 1774 2228 παν-

172 2256 274 2320 τὸς
312 2256 478 2326 λόγου
525 2260 592 2312 τὰ
618 2261 940 2331 νικητήρια,
975 2261 1086 2332 ὅσῳ
1116 2265 1213 2316 καὶ
1263 2263 1362 2334 τὴν
1391 2264 1666 2336 ὑπεροχὴν
1705 2269 1774 2338 τῇ

181 2350 334 2402 κατὰ
364 2349 658 2420 σύγκρισιν
685 2354 1013 2422 παραθέσει,
1058 2353 1152 2408 τὸν
1180 2355 1224 2389 ⁷⁵
1269 2357 1329 2410 ὲν
1357 2360 1646 2428 γεννητοῖς
1674 2375 1777 2426 γυ-

186 2442 397 2495 ναικῶν
427 2447 846 2515 προσεκτήσατο
865 2460 880 2476 ⁶
919 2447 996 2510 ὡς
1034 2447 1206 2518 μόνης
1237 2448 1333 2501 καὶ
1365 2448 1592 2520 πρώτης
1626 2451 1771 2505 ὲκεί-

185 2549 289 2602 νης
320 2531 537 2587 δεῖσθαι
569 2533 672 2604 τῆς
703 2535 889 2604 φωνῆς
910 2575 926 2598 ,
960 2535 1056 2589 τοῦ
1091 2539 1187 2592 καὶ
1229 2537 1453 2609 πρώτου
1483 2541 1577 2594 καὶ
1610 2541 1775 2610 μόνου

186 2625 332 2677 κατὰ
382 2623 546 2692 φύσιν
577 2626 870 2695 αὐτολόγου
893 2667 907 2690 ,
936 2629 1030 2682 καὶ
1060 2629 1249 2697 σοφίας
1277 2629 1414 2684 Θεοῦ
1435 2672 1448 2694 ,
1482 2632 1576 2685 καὶ
1611 2633 1776 2686 δυνά-

189 2731 366 2784 μεως.
431 2717 542 2769 Καὶ
593 2719 628 2787 ὴ
676 2719 776 2788 μὲν
827 2717 1088 2782 ὑπόθεσις
1131 2722 1392 2791 τοιαύτη,
1456 2722 1552 2775 καὶ
1603 2722 1777 2788 οὕτως

187 2805 390 2874 ἔχουσα
422 2823 436 2835 ·
473 2806 532 2860 τδ
571 2807 629 2860 δὲ
661 2809 755 2861 τοῦ
789 2809 1064 2878 ἡμετέρου
1111 2810 1274 2878 λόγου
1321 2812 1548 2873 ἀσθενὲς
1576 2813 1777 2866 ὁπόσον

185 2897 336 2949 ἐστὶν
361 2936 377 2962 ,
403 2895 672 2952 δέδεικται
693 2898 888 2969 δήπου·
908 2896 982 2956 ὧν
1006 2901 1037 2971 ἠ
1064 2902 1164 2971 μὲν
1197 2903 1287 2955 τὸν
1314 2904 1491 2972 μέγαν
1516 2906 1778 2974 ὲνγεννη-

186 2989 299 3050 τοῖς
323 2987 607 3056 γυναικῶν
643 2990 899 3061 Ἰωάννην
938 2994 1070 3063 ἡμῖν
1093 2993 1434 3061 ὑποτίθεται,
1457 2989 1520 3050 οὗ
1553 2999 1778 3066 μείζονα

1957 1335 2078 1405 Ipsa
2113 1336 2280 1390 etiam
2315 1344 2577 1392 senectus
2610 1345 2666 1391 ut
2699 1336 2996 1406 plurimum
3032 1336 3237 1396 exsilit,
3275 1351 3460 1404 prom-

1874 1438 1968 1499 pto
2005 1442 2070 1482 ac
2099 1427 2270 1482 alacri
2309 1427 2608 1483 roborante
2666 1427 2835 1482 animi
2892 1427 3113 1492 studio;
3168 1441 3461 1495 sermoque

1876 1519 2186 1576 imbecillus
2225 1518 2294 1574 ab
2323 1519 2639 1574 auditorum
2680 1519 3004 1573 incitatione
3026 1555 3042 1581 ,
3088 1517 3236 1572 vires
3263 1520 3462 1587 accipit

1877 1627 1940 1667 ac
1969 1612 2285 1668 roboratur.
2333 1610 2448 1667 Hoc
2495 1612 2676 1683 ipsum
2709 1625 2854 1666 nunc
2885 1625 3105 1681 quoque
3134 1619 3328 1665 nostro
3358 1626 3460 1665 usu

1875 1703 2030 1758 venit
2059 1703 2339 1768 sermoni;
2371 1718 2534 1774 quem
2573 1703 2804 1758 collecta
2833 1701 3056 1772 quidem
3106 1715 3312 1756 corona
3367 1718 3462 1770 pro

1808 1775 1848 1829 Β
1878 1795 2062 1848 studio
2094 1809 2198 1850 suo
2229 1793 2297 1849 ad
2330 1794 2706 1849 laudationum
2736 1802 3120 1863 argumentum
3173 1793 3459 1864 impellat;

1873 1887 2079 1956 quique
2112 1887 2500 1952 nihilominus,
2529 1888 2651 1954 ejus
2687 1887 2782 1958 qui
2823 1885 3138 1940 laudandus
3193 1885 3463 1940 incumbit

1875 1979 2264 2050 speculationi,
2324 1995 2481 2035 suam
2535 1994 2601 2034 ex
2629 1979 2869 2034 adverso
2931 1978 3194 2032 virtutem
3223 1976 3465 2047 objicerc

1875 2083 2154 2130 vereatur.
2202 2077 2278 2130 Ac
2301 2091 2474 2129 sermo
2510 2074 2742 2144 quidem,
2779 2084 2837 2128 ut
2862 2074 3112 2144 Apostoli
3153 2081 3176 2110 ³
3211 2088 3365 2128 more
3388 2073 3467 2127 lo-

1875 2179 2046 2234 quar,
2077 2165 2322 2235 inﬁrmus
2347 2174 2425 2220 est
2448 2166 2584 2236 (16),
2616 2165 2903 2234 fractaque
2931 2180 3064 2221 voce
3090 2181 3159 2220 ex
3189 2164 3464 2220 debilibus

1877 2257 2190 2314 submissus
2218 2259 2443 2328 organis
2475 2276 2489 2314 :
2527 2257 2906 2314 encomiorum
2953 2266 3132 2312 autem
3167 2271 3463 2326 argumen-

1879 2357 1993 2405 tum
2034 2359 2191 2404 tanto
2221 2351 2458 2420 amplius
2508 2352 2618 2404 vim
2649 2365 2867 2405 omnem
2893 2351 3170 2405 sermonis
3216 2359 3462 2420 superat,

1877 2451 2088 2512 quanto
2121 2441 2214 2512 qui
2246 2443 2300 2496 in
2335 2441 2465 2496 illud
2493 2443 2842 2513 proponitur,
2876 2441 3136 2512 majorem
3165 2457 3276 2512 prae
3319 2443 3464 2499 natis

1879 2535 2192 2598 mulierum,
2242 2535 2680 2604 comparationis
2736 2550 2892 2604 ergo,
2945 2536 3331 2589 excellentiam
3379 2543 3465 2590 est

1879 2637 2198 2682 asset-ntus:
2222 2635 2278 2680 ttt
2307 2626 2354 2682 is
2371 2628 2553 2698 plane,
2574 2628 2690 2683 sola
2721 2626 3006 2696 primaque
3027 2627 3115 2681 illa
3136 2637 3290 2694 egeat
3311 2642 3463 2689 voce.

1877 2717 2000 2788 ejus
2035 2719 2130 2790 qui
2164 2720 2377 2789 primus
2409 2719 2673 2790 solusque
2704 2720 2884 2789 ipsum
2930 2727 3016 2775 est
3061 2727 3259 2774 natura
3286 2735 3381 2789 per
3404 2735 3464 2773 se

1879 2809 2145 2876 Verbum,
2181 2811 2388 2882 Deique
2423 2811 2714 2882 sapientia,
2755 2826 2820 2866 ac
2851 2812 3047 2865 virtus.
3096 2812 3276 2882 Atque
3315 2813 3464 2880 ejus-

1879 2899 2027 2955 modi
2049 2901 2271 2971 quidem
2298 2910 2386 2958 est
2425 2910 2833 2972 argumentum,
2867 2917 2932 2955 ac
2954 2903 3034 2956 sic
3068 2901 3315 2956 habens:
3367 2917 3467 2954 no-

1887 2991 1992 3046 stri
2041 2999 2220 3046 autem
2254 2993 2528 3046 sermonis
2579 2991 2926 3046 imbecillitas
2970 3004 3172 3060 quanta
3222 2993 3312 3055 sit,
3364 2990 3468 3046 fuit

186 3079 296 3132 τῶν
329 3081 426 3132 ἀπ’
461 3081 658 3144 αἰῶνος
691 3082 881 3136 οὐδένα
912 3085 1292 3155 πατριαρχῶν,
1325 3086 1356 3156 ἢ
1391 3089 1713 3158 προφητῶν,
1743 3089 1774 3158 ἣ
1805 3118 1823 3177 ε

1889 3083 2084 3153 utique
2139 3093 2444 3139 ostensum.
2495 3085 2572 3140 Ac
2611 3093 2992 3154 argumentum
3053 3084 3305 3152 quidem,
3359 3101 3467 3139 ma-

185 3172 435 3236 δικαίων,
470 3175 498 3226 ό
557 3177 824 3245 σωτήριος
872 3177 1192 3244 ἀπεφήνατο
1242 3178 1440 3246 λόγος·
1487 3181 1515 3233 ό
1556 3178 1633 3244 δὲ,
1673 3182 1769 3234 τοῦ

190 3264 297 3334 πρὸ
329 3263 546 3318 αἰώνων
582 3266 758 3335 Λόγου
785 3255 883 3338 τὴν
936 3270 1122 3341 φωνὴν
1154 3271 1532 3340 ἐγκωμιάζειν
1556 3273 1770 3343 ἐπιχει-

191 3355 322 3425 ρῶν.
353 3356 498 3427 Πρὸς
542 3358 597 3410 δὲ
627 3359 725 3428 τὴν
768 3360 962 3414 ἑαυτοῦ
1003 3361 1237 3428 δύναμιν
1275 3362 1496 3430 ἀφορῶν
1520 3403 1534 3426 ,
1574 3356 1772 3434 μικροῧ

189 3445 289 3511 τὴν
315 3445 529 3516 σιωπὴν
563 3448 778 3519 ἐκείνην
805 3451 1136 3516 ἀσπάζεται,
1167 3454 1236 3524 ἢν
1267 3454 1548 3524 Ζαχαρίας
1579 3457 1639 3508 ὲν
1661 3459 1775 3520 τοῖς

190 3536 412 3602 ἀδύτοις
455 3537 520 3592 δι’
553 3540 810 3596 ἀπιστίαν
841 3543 1151 3614 ὑφέστηκεν
1173 3585 1188 3609 ,
1223 3545 1329 3609 ἕως
1355 3547 1495 3617 αὑτὴ
1522 3547 1774 3618 προφθά-

194 3646 356 3694 σασα,
393 3630 489 3684 τοῦ
517 3633 786 3704 ἡμετέρου
815 3634 979 3703 λόγου
1014 3634 1154 3707 λύσῃ
1187 3636 1287 3708 τὴν
1314 3636 1548 3708 σιωπὴν,
1583 3637 1657 3700 ὡς
1687 3639 1777 3691 δν-

191 3738 298 3784 τως
334 3717 478 3777 οὖσα
523 3722 618 3776 τοῦ
665 3724 809 3779 κατὰ
857 3726 1022 3794 φύσιν
1067 3728 1241 3794 Λόγου
1285 3728 1461 3798 φωνή.
1516 3726 1690 3781 Δώσει
1719 3729 1776 3782 δὲ

191 3813 351 3866 τοῦτο
376 3816 596 3878 πάντως
627 3815 703 3879 ῶς
728 3817 903 3886 Λόγου
935 3807 1090 3890 φωνή
1109 3835 1122 3848 ·
1159 3820 1256 3890 οὐχ
1298 3819 1386 3872 ἵνα
1419 3819 1583 3882 αὐτὸς
1615 3818 1776 3872 πλέον

193 3923 246 3956 τι
293 3905 532 3977 δοξασθῇ
564 3907 716 3977 (ποία
744 3909 855 3980 γὰρ
885 3909 952 3964 ἂν
993 3911 1088 3965 καὶ
1133 3910 1463 3982 προστεθείη
1499 3910 1626 3976 δόξα
1651 3949 1667 3972 ,
1698 3909 1776 3981 τῷ

197 3996 437 4050 τοιοῦτον
489 3998 818 4070 πλεξαμένῳ
847 4002 1002 4072 παρὰ
1056 4001 1264 4072 Κυρίου
1323 4001 1415 4055 τὸν
1467 4001 1774 4069 στέφανον,

185 4088 379 4142 ,ὁποῖον
409 4089 589 4153 οὐδεὶς
618 4092 868 4162 γηγενῶν
895 4093 1249 4164 ἀνεδήσατο),
1288 4093 1403 4147 ἀλλ’
1427 4094 1515 4147 ἵνα
1562 4094 1778 4148 ἐκείνου

197 4181 309 4241 τοῖς
355 4181 678 4252 ἐγκωμίοις,
736 4184 899 4252 ἡμεῖς
956 4183 1097 4254 πρὸς
1151 4183 1387 4254 μίμησιν
1429 4182 1777 4253 ὲναγώμεθα.

199 4269 368 4324 Τοῦτο
391 4274 500 4344 γὰρ
541 4274 789 4344 βούλεται
816 4315 831 4339 ,
863 4276 890 4327 ό
920 4275 1047 4338 τοὺς
1077 4275 1398 4341 δοξάζοντας
1425 4275 1586 4329 αὑτὸν
1619 4274 1778 4341 δοξά-

201 4361 304 4424 ζων
325 4364 482 4429 Θεὸς,
507 4367 604 4420 καὶ
633 4370 759 4430 τοὺς
791 4367 952 4420 αὐτὸν
971 4365 1245 4435 ὑψοῦντας
1275 4367 1449 4436 ὑψῶν.

1879 3190 2047 3246 gnum
2063 3175 2211 3230 illum
2231 3175 2374 3230 inter
2387 3184 2542 3230 natos
2558 3175 2846 3228 mulierum
2861 3177 3125 3230 Joannem
3143 3177 3396 3244 proponit
3418 3176 3461 3242 t;

1876 3281 1988 3336 quo
2012 3266 2219 3320 nullum
2241 3265 2501 3336 majorem
2522 3280 2552 3320 a
2575 3267 2774 3322 saacttlo
2797 3267 2876 3321 vel
2902 3266 3360 3336 patriarcharum,
3387 3269 3466 3323 vel

1881 3360 2278 3431 prophetarum
2301 3362 2714 3432 autjustorum,
2739 3363 3000 3418 salutaris
3026 3378 3206 3418 sermo
3222 3378 3466 3432 pronuu~

1881 3453 2058 3520 tiavit;
2072 3467 2254 3509 sermo
2273 3455 2788 3524 autem,praeaeterni
2802 3456 3091 3517 Sermonis
3113 3456 3258 3510 illius
3281 3471 3460 3510 vocem

1881 3542 2107 3598 laudare
2124 3544 2468 3616 aggrediens,
2493 3553 2658 3615 atque
2676 3546 2741 3600 ad
2759 3561 2889 3600 suas
2906 3547 3206 3616 respiciens
3224 3547 3464 3610 vires,il-

1884 3635 1977 3688 lud
2007 3636 2402 3706 propemodum
2420 3639 2700 3692 silentium
2724 3639 3100 3706 amplectitur,
3128 3657 3238 3710 quo
3259 3639 3467 3693 Zacha-

1883 3727 1994 3780 rias
2014 3727 2068 3780 in
2087 3729 2263 3797 adytis
2277 3728 2550 3784 exsistcns
2572 3741 2794 3798 propter
2813 3728 3246 3784 incredulitatem
3264 3733 3463 3784 multa-

1884 3825 1975 3870 tus
1998 3821 2106 3880 est,
2131 3815 2305 3870 donec
2331 3814 2521 3870 eadem
2549 3825 2800 3870 nostrum
2824 3831 3106 3886 occupans
3127 3832 3461 3878 sermonem,

1883 3909 2055 3963 nostri
2082 3909 2199 3978 ipsa
2223 3907 2576 3962 sermonibus
2605 3908 2890 3963 silentium
2917 3909 3116 3971 solvat,
3147 3923 3268 3978 qua:
3303 3908 3462 3964 Verbi

1884 4013 1982 4068 per
2022 4007 2275 4052 naturam
2349 3997 2530 4066 reipsa
2595 4013 2697 4051 vox
2763 3999 2995 4052 exsistat
3032 3998 3082 4052 ⁸³.
3130 3999 3244 4051 Hoc
3300 4015 3464 4068 porro

1885 4089 2127 4145 Joannes
2154 4099 2416 4160 tanquam
2447 4089 2606 4144 Vrrbi
2627 4105 2726 4144 vox
2761 4089 2987 4144 omnino
3009 4089 3325 4158 praestabit:
3355 4105 3462 4144 non

1887 4192 1947 4238 ut
1989 4182 2254 4251 iuniorem
2320 4183 2436 4252 ipse
2467 4183 2692 4253 gloriam
2752 4189 3142 4251 consequatur,
3179 4181 3462 4250 (quaenam

1883 4273 2026 4328 enim
2071 4274 2118 4328 ei
2151 4273 2325 4342 gloria
2357 4272 2676 4335 accesserit,
2710 4273 2850 4326 cuia
2887 4271 3119 4325 Domino
3153 4270 3275 4325 talis
3335 4287 3466 4322 cou-

1883 4373 2034 4421 texta
2066 4366 2139 4420 sit
2193 4380 2422 4429 corona,
2482 4365 2632 4434 quali
2680 4381 2842 4419 nemo
2897 4379 3139 4434 unquam
3193 4364 3464 4432 terrigena

204 4458 486 4514 redimitus
539 4462 700 4528 fuit?)
751 4461 848 4516 sed
873 4469 934 4516 ut
963 4460 1087 4530 eius
1125 4477 1226 4515 nos
1268 4461 1523 4516 laudibus
1568 4461 1637 4515 ad
1672 4461 2038 4516 imitationem
2096 4462 2451 4518 inducamttr.
2517 4460 2632 4518 Hoc
2659 4462 2806 4518 enim
2852 4462 2966 4518 vult
3023 4461 3187 4526 Deus,
3257 4458 3350 4527 qui
3405 4471 3464 4510 st:

201 4545 568 4617 gloriﬁcantes
620 4552 924 4623 gloriticat;
981 4567 1046 4606 ac
1095 4567 1192 4607 eos
1220 4551 1578 4622 exaltatpqui
1611 4552 1788 4621 ipsum
1831 4554 2096 4608 exaltant.

271 4715 292 4744 I’
333 4707 538 4778 Ephes.
586 4726 660 4773 tv,
697 4710 784 4764 l5.

865 4709 887 4737 '
927 4711 967 4766 ll
999 4713 1126 4769 Cor.
1161 4731 1214 4777 ι,
1249 4715 1332 4780 10,
1417 4720 1434 4753 τ
1463 4717 1658 4772 Matth.
1692 4731 1768 4777 XI.
1808 4717 1896 4773 Η.
1973 4723 2000 4752 ¹³
2046 4716 2253 4781 Luc-.1,
2290 4718 2382 4771 20.

1521 4853 1756 4909 VAlll/E
1791 4853 2186 4910 LECTlONES.

271 4934 315 4971 ’³
334 4954 428 5024 (ρ.
457 4937 585 4993 τῶν.

1511 5075 1905 5136 COMBEFISH
1945 5080 2179 5137 NOTJE.

269 5167 386 5242 (πῆ
406 5167 590 5242 Latuit
621 5176 772 5225 tanta
799 5171 952 5240 spica
980 5172 1327 5242 colligentem
1364 5188 1541 5242 nuper
1568 5177 1776 5229 oratio-

203 5252 329 5315 num
358 5237 593 5294 Andreae
617 5237 980 5315 manipulum,
1012 5237 1176 5315 digna
1229 5243 1390 5315 plane
1418 5237 1539 5314 quae
1601 5249 1780 5315 potio-

202 5309 356 5360 ribus
387 5309 1246 5384 accenseaturﬁEdiderat‘jam'
1282 5309 1643 5384 Lipomanus.
1700 5316 1782 5368 iu-

206 5385 440 5448 tcrprete
496 5389 677 5435 tamen
736 5381 921 5438 minus
973 5381 1260 5448 accurato,
1310 5381 1372 5438 ut
1419 5399 1562 5438 nova
1598 5388 1781 5440 vcrsio

213 5447 519 5519 adornanda
552 5449 740 5514 fuerit,
770 5466 878 5519 qua
926 5451 1031 5506 sibi
1081 5447 1358 5508 Andream
1387 5469 1618 5512 conarer
1659 5462 1782 5510 red-

211 5513 647 5590 dcre,_ac_magis
678 5513 1007 5590 exprimere.

275 5586 629 5667 (i6)_S_e_t_'_nio
690 5586 1009 5645 imbecillus.
1063 5591 1466 5667 ld_Pa_ulusde
1493 5597 1782 5666 praesentia

210 5659 493 5732 corporis;
521 5659 890 5732 itesertttonc,
923 5677 1030 5717 non
1059 5662 1306 5732 ἀσθενὴς.
1351 5666 1446 5727 ait,
1495 5659 1598 5720 sed
1633 5667 1785 5730 ego-.-

209 5723 524 5796 θενημένος.
559 5727 684 5786 Vult
717 5723 1157 5800 contemptibilis.
1217 5723 1354 5788 Sunt
1389 5723 1569 5792 crebri
1599 5723 1780 5791 Patri-

1887 5179 1991 5252 bus
2025 5181 2168 5236 lcvcs
2198 5181 2250 5236 hi
2283 5182 2654 5252 paralogismi.
2683 5182 2819 5238 Male
2849 5183 3120 5252 interpres
3147 5182 3200 5236 in
3228 5197 3460 5251 sequen-

1889 5249 2036 5322 tibus
2094 5249 2367 5322 expressit
2415 5249 2840 5322 tnetaphoram:
2893 5249 3459 5322 ‘Ex'vt'iivﬂppmczq-

1889 5319 2062 5371 κότων
2086 5321 2334 5391 ὀργάνων
2392 5319 2845 5391 ὑποφωνούμενος
2879 5338 2893 5352 ·
2945 5319 3201 5391 contextu
3247 5319 3317 5373 ex
3379 5319 3461 5372 in-

1891 5389 2227 5456 stramentis,
2259 5407 2376 5462 quae
2406 5402 2529 5446 sunt
2559 5389 2716 5460 plane
2752 5391 2992 5453 debilia;
3028 5389 3176 5443 aliud
3217 5399 3365 5443 certe
3403 5392 3458 5443 iu

1895 5462 2139 5530 organis,
2165 5463 2472 5531 ὑποφωνεῖν
2513 5477 2843 5524 sermonem,
2901 5476 3063 5529 quam
3121 5470 3411 5531 contexere
3445 5482 3459 5515 ε

1895 5529 2179 5594 nimirum,
2231 5529 2668 5585 submurmurare
2699 5573 2714 5597 ,
2776 5531 3043 5584 submissa
3106 5545 3225 5584 voce
3260 5529 3409 5583 edere
3444 5547 3461 5584 :

1893 5603 2039 5673 quod
2065 5603 2348 5673 eptimein
2377 5611 2714 5673 Senectutem
2756 5601 3030 5673 congruit,
3079 5602 3146 5656 de
3207 5616 3311 5671 qua
3354 5603 3461 5655 hic.

1894 5669 2070 5726 Nolim
2103 5669 2321 5742 Singula
2360 5672 2634 5742 prosequi.
