3820 6316
73 351 240 422 ιιι-τ

1135 373 1220 439 IN
1262 378 1324 441 S.
1359 379 1686 442 JOANNIS
1723 385 2376 451 DECOLLATIONEM.

3247 397 3386 463 1118

71 472 446 575 :ep'qviam:
483 478 582 551 οὐχ
626 479 786 552 ὔΰριν
813 483 1062 566 ἡγήσατο
1117 490 1213 544 τοῦ
1270 495 1550 564 προφήτου
1601 500 1670 550 τὸ·

1804 506 1883 554 est
1916 501 2238 574 indignatus
2265 519 2418 571 ;non
2440 506 2554 575 egit
2587 506 2927 572 insolenter;
2961 524 3074 565 non
3103 509 3266 567 duxit
3299 513 3388 568 in-

67 563 324 660 ίλεγχον
344 589 362 604 ·
398 573 516 626 ἀλλ’
535 576 610 640 ὡς
635 577 771 631 Θεοῦ
797 563 1108 652 προφήτην,
1141 585 1238 639 καὶ
1259 563 1329 640 τὰ
1356 563 1476 644 Osis:
1523 591 1687 660 φθεγ-

67 656 336 726 γόμενον
358 704 374 727 ,
403 664 497 716 τὸν
547 665 650 735 μὲν
697 667 786 721 διὰ
809 671 978 741 τιμῆς
1010 667 1115 743 ἦγε
1136 689 1151 704 ⁸
1194 674 1263 730 τὰ
1291 675 1371 742 δὲ,
1426 673 1515 733 οἶα
1534 656 1687 734 -Θεοῦ

73 754 572 826 παραγγέλματα,
634 760 776 814 αἰδοῖ
802 763 896 816 καὶ
929 765 1081 837 φόϐῳ
1125 769 1582 839 περιεπτύσσετο.
1624 771 1690 826 Τί

74 840 184 898 οὖν
239 850 428 915 ποιεῖς
493 849 604 904 τῶν
645 851 944 908 Βασιλειῶν
979 856 1245 912 ἄκουσον·
1313 878 1332 911 ι
1372 861 1481 913 Καὶ
1511 859 1688 928 εἶπεν,

84 937 285 1004 φησὶν,
353 939 562 1010 Κύριος
607 943 744 1014 πρὸς
788 944 972 1000 Ἦλιοῦ
1023 949 1117 1002 τὸν
1151 949 1444 1018 Θεσϐίτην,
1479 952 1687 1020 λέγων’

109 1028 424 1101 ’Δνάστηθι,
458 1033 552 1085 καὶ
581 1035 855 1106 κατάὗηθι
888 1041 970 1102 είς
1011 1041 1320 1112 ἀπάντησιν
1360 1042 1566 1113 ’Δχαὰό
1589 1043 1690 1114 βα-

105 1121 291 1184 σιλέως
343 1120 584 1195 Ἰσραὴλ,
635 1128 731 1181 καὶ
784 1129 1018 1201 λάλησον
1048 1133 1189 1203 πρὸς
1241 1134 1426 1199 αὐτὸν,
1473 1133 1649 1202 λέγων
1672 1150 1684 1164 ·

98 1212 232 1266 Τάδε
262 1212 416 1281 λέγει
439 1215 642 1286 Κύριος
666 1233 681 1248 ·
735 1217 822 1284 Ὦς
853 1223 918 1275 σὺ
953 1223 1250 1290 ἐφόνευσας
1294 1223 1563 1289 Ναϐουθὲ,
1592 1225 1688 1278 καὶ

95 1303 545 1376 ἐκληρονόμησας
569 1310 752 1376 αὐτὸν,
771 1311 862 1365 διὰ
877 1311 1058 1379 τοῦτο,
1083 1314 1232 1383 λέγει
1251 1316 1477 1386 Κύριος,
1498 1317 1684 1384 ἐπάξω

92 1396 185 1448 ἐπὶ
208 1397 270 1448 σὲ
297 1397 467 1465 κακὰ,
495 1403 591 1453 καὶ
615 1402 872 1458 ἐκκαύσω
899 1405 1076 1459 ὀπίσω
1105 1423 1223 1469 σου,
1252 1410 1346 1462 καὶ
1375 1408 1685 1480 ἐξολοθρεύ-

21 1564 23 1566 η
92 1503 168 1539 σω
205 1486 304 1541 τὸν
340 1489 550 1561 ’Δχαὰό
567 1494 832 1564 οὐροῦντα
865 1497 1000 1569 πρὸς
1027 1502 1240 1570 τοῖχονο
1272 1519 1290 1553 1
1323 1501 1415 1554 καὶ
1439 1502 1506 1556 τὰ
1528 1501 1683 1570 ἄλλα,

87 1571 170 1641 οἷς
198 1579 306 1650 τὴν
324 1581 558 1653 ἀπειλὴν
586 1586 704 1654 μετ’
734 1587 905 1658 ὀργῆς
935 1591 1221 1644 ἀπέτεινεν
1246 1607 1258 1620 ·
1292 1593 1390 1645 οὐκ
1407 1594 1494 1646 ἐπ’
1521 1593 1687 1648 αὑτὸν

87 1670 300 1723 ἐκεῖνον
319 1672 502 1741 μόνον,
521 1675 658 1730 ἀλλὰ
685 1678 778 1731 ἐπὶ
794 1680 893 1750 τὴν
909 1679 1144 1743 Ἰεζάϐελ
1164 1698 1176 1711 ·
1190 1702 1208 1734 ι
1243 1684 1330 1748 Ὡς
1347 1685 1682 1756 ἐπειράθηττ,

87 1761 279 1830 φησιν,
303 1764 531 1834 ποιῆσαι
571 1769 636 1821 τὸ
677 1771 916 1842 πονηρὸν
946 1772 1178 1828 ἐνώπιον
1209 1776 1438 1847 Κυρίου,
1474 1778 1569 1832 καὶ
1607 1779 1683 1842 ώς

87 1852 400 1924 μετέθηκεν
433 1857 598 1913 αὑτὸν
627 1861 660 1932 ἠ
706 1861 1003 1935 Ἰεζάσελή
1039 1865 1181 1936 γυνὴ
1229 1845 1422 1922 αὑτοῦ.
1459 1887 1478 1919 1
1547 1864 1681 1922 Εἶτα
1713 1845 1756 1900 Β

80 1941 158 2006 τί,
182 1943 394 2000 τούτων
427 1948 690 2019 ἀκούσας,
729 1957 898 2022 ποιεῖ;
931 1958 1008 2010 Οὐ
1040 1960 1179 2030 φονᾷ
1199 1977 1214 1990 ·
1239 1961 1302 2013 οὐ
1341 1961 1478 2032 πρὸς
1507 1961 1680 2031 θυμὸν

80 2034 395 2094 ἀνίσταται·
427 2040 566 2100 ἀλλὰ
595 2047 846 2118 κατηφὴς
873 2050 1136 2118 γεγονὼς,
1159 2052 1251 2106 ἐπὶ
1277 2053 1338 2106 τὸ
1356 2053 1680 2126 σκυθρωπὸν

84 2133 468 2197 μεταποιεῖται
497 2138 709 2208 σχῆμα,
761 2141 856 2194 καὶ
893 2143 1104 2212 γίνεται
1126 2147 1224 2214 τῆς
1248 2145 1441 2199 ἐαυτοῦ
1479 2145 1679 2214 μᾶλλον

81 2222 421 2294 ἐπιγνώμων
450 2229 682 2300 κακίας,
741 2232 842 2287 οὐκ
877 2235 1222 2309 ἀφηνιαστὴς
1265 2237 1376 2292 τῶν
1410 2255 1680 2311 προφητι-

82 2311 203 2367 κῶν
219 2315 476 2386 ἐλέγχων.
518 2338 539 2372 ι
577 2321 721 2376 ’Υπὺ
755 2324 864 2396 γὰρ
891 2327 986 2380 τοῦ
1033 2327 1195 2397 λόγου
1227 2329 1526 2400 κατενύγη,
1569 2347 1677 2404 φη·-

83 2404 201 2467 σπιν,
233 2405 436 2477 ’Δχαὰό
481 2410 591 2464 ἀπὸ
626 2415 925 2484 προσώπου
945 2418 1176 2489 Κυρίου,
1235 2420 1332 2474 καὶ
1381 2421 1678 2491 ἐπορεύετο

79 2491 310 2560 κλαίων,
358 2498 453 2551 καὶ
503 2498 788 2573 διέρρηξεν
823 2504 916 2558 τὸν
945 2507 1150 2576 χιτῶνα
1199 2509 1388 2573 αὑτοῦ,
1430 2512 1524 2564 καὶ
1556 2511 1679 2583 ἐνήο

83 2599 335 2653 στευσεν,
365 2588 459 2642 κοιλ⁵
487 2592 844 2662 περιεϐάλετο
888 2597 1112 2654 σάκκον.
1152 2618 1172 2652 1
1206 2601 1272 2653 Τί
1295 2597 1391 2655 οὖν
1411 2605 1438 2655 ό
1457 2602 1675 2656 πάντων

78 2675 250 2744 ἡμῶν
269 2677 362 2750 τὴν
410 2683 748 2756 ἐπιστροφὴν
783 2689 1069 2761 ἀναμένων
1102 2693 1236 2756 Θεός
1255 2707 1269 2722 ·
1306 2694 1334 2746 ὁ
1364 2693 1564 2764 βραδὺς
1593 2695 1675 2758 εἰς

76 2766 159 2857 τὸ
191 2765 381 2838 πλῆξαι
405 2811 420 2834 ,
453 2773 553 2825 καὶ
596 2776 770 2846 ταχὺς
803 2779 884 2842 είς
938 2781 998 2833 τὸ
1049 2782 1254 2850 σῶσαις
1297 2784 1409 2853 Τῆς
1449 2786 1490 2836 Γ
1495 2787 1673 2857 ραφῆς

79 2851 348 2909 ἄκουσονο
408 2877 427 2910 ι
458 2861 570 2914 Καὶ
620 2859 775 2918 εἶπεν
834 2867 1056 2937 Κύριος.
1117 2871 1313 2939 φησίν·
1365 2851 1667 2940 Ἒώρακάὲ,

91 2945 302 3014 ’Πλιοῶ
335 2950 451 3015 πῶς
481 2955 757 3028 κατενύγη
797 2959 1003 3030 ’Λχαὰσ
1030 2962 1138 3015 ἀπὸ
1186 2962 1482 3035 προσώπου
1534 2982 1668 3034 μου;

264 3041 323 3094 οὐ
355 3043 428 3114 μὴ
461 3046 650 3112 ἐπάξω
703 3049 801 3122 τὴν
830 3049 1120 3108 κακίανέν
1145 3059 1263 3120 ταῖς
1311 3058 1552 3129 ἡμέραις
1576 3060 1674 3113 αὑ-

77 3128 206 3183 τοῦ.
241 3151 260 3183 1
295 3130 447 3199 Εἶδες
472 3136 644 3208 ὀργῆς
665 3139 1004 3214 ὑπερϐολήνς
1046 3142 1203 3211 Εἶδες
1231 3149 1409 3216 ὀξεῖαν
1439 3151 1669 3220 μεταδο-

77 3220 220 3289 him
249 3225 360 3279 οὐκ
391 3227 502 3282 ἔδει
531 3229 706 3285 ταῦτα
734 3233 828 3288 τὸν
887 3235 1134 3308 Ἡρώδην
1165 3239 1364 3307 εἰδότα,
1416 3242 1508 3295 τδν
1556 3243 1668 3296 ἴσον

75 3313 286 3406 τρόπον
337 3319 620 3390 ὑπελθεῖν;
651 3324 792 3392 Οὐκ,
819 3328 869 3379 sl
907 3330 982 3398 μὴ
1013 3329 1208 3396 τοῦτο,
1237 3331 1338 3402 τήν
1369 3351 1431 3402 γε
1461 3351 1669 3406 μαρτυ-

80 3405 218 3500 alar
235 3409 548 3482 αἰδεσθῆναι
598 3417 700 3486 τὴν
753 3419 950 3473 ἐαυτοῦ
975 3461 990 3486 ,
1048 3424 1115 3492 ἢν
1161 3405 1548 3498 ἐμαρτύρησεν
1592 3427 1670 3500 τῷ

88 3497 349 3572 ’Ἰωάννης
388 3504 521 3569 Ναὶ,
548 3506 741 3563 τοῦτον
783 3511 843 3564 οὐ
899 3513 1169 3582 μετῆλθεν
1199 3515 1291 3570 τὸν
1337 3497 1564 3588 τρόπον.
1603 3497 1669 3573 Ti

87 3589 256 3659 ﬁrm;
295 3595 430 3666 πρὸς
468 3601 786 3668 μιαιφονίαν
833 3603 934 3675 τὴν
985 3605 1300 3677 φιληδονίαν
1335 3612 1666 3682 μετήνεγκε,

92 3683 201 3737 ἀπὸ
227 3687 330 3742 τῶν
359 3691 614 3760 γαμικῶν
635 3734 651 3758 ,
683 3694 778 3748 ἐπὶ
828 3696 896 3753 τὰ
928 3699 1126 3767 φονικὰ
1160 3701 1537 3769 μεταϐιϐάσας
1579 3704 1672 3773 δρ-

91 3793 229 3841 γανα
247 3780 338 3851 τὴν
369 3784 682 3839 κακόνοιαν.
724 3788 968 3861 Πονηρὸς
998 3793 1026 3844 ό
1075 3792 1308 3863 τρόπος·
1364 3796 1670 3866 ἀσωφρόνι-

28 3896 30 3898 τ
95 3885 217 3934 στος
239 3873 264 3926 ό
288 3877 508 3940 σκοπός.
544 3877 692 3932 Ἔδει
718 3882 850 3952 γὰρ,
896 3885 945 3936 εί
975 3886 1071 3936 καὶ
1101 3885 1177 3956 μὴ
1208 3887 1538 3957 καθυφεῖναι
1574 3887 1668 3941 τοῦ

95 3961 288 4026 πάθους
317 3966 588 4034 ἐϐούλετο,
628 3971 724 4024 τοῦ
747 3987 812 4040 γε
861 3977 1145 4046 προφήτου
1195 3977 1270 4048 μὴ
1299 3978 1562 4046 ἅψασθαι,
1590 3980 1671 4032 εί-

95 4051 196 4116 δὼς
223 4055 378 4111 αὐτὸν
404 4060 576 4133 ἄνδρα
593 4062 805 4117 δίκαιον
834 4067 928 4120 καὶ
959 4065 1137 4135 ἅγιον,
1165 4071 1260 4122 καὶ
1277 4072 1542 4134 πολλάκις
1570 4074 1671 4127 αὐ-

95 4145 186 4196 τοῦ
215 4148 442 4217 ἀκούων,
476 4156 571 4205 καὶ
627 4155 802 4208 πολλά
835 4159 1010 4210 ποιῶν
1029 4159 1098 4212 δι’
1144 4161 1327 4225 αὑτὸν,
1377 4165 1472 4216 καὶ
1501 4164 1672 4235 ἡδέως

97 4236 188 4288 ὑπ’
227 4241 383 4294 αὑτοῦ
433 4242 847 4315 διδασκόμενος.
898 4249 1040 4302 Ἀλλ’
1075 4244 1188 4306 οἷον
1230 4253 1379 4324 αὐτῷ
1407 4255 1468 4308 τὸ
1496 4255 1671 4327 πέρας

97 4327 198 4378 τῶν
217 4328 596 4404 βουλευμάτων
621 4376 636 4402 ,
673 4338 768 4392 καὶ
805 4339 940 4408 πρὸς
962 4343 1125 4397 ποίαν
1154 4343 1256 4413 τῆς
1290 4345 1548 4408 ἀϐουλίας
1576 4349 1672 4417 ὁρ-

103 4420 228 4487 μὴν,
279 4426 312 4495 ἡ
376 4430 762 4500 στρατηγοῦσα
815 4433 1099 4502 φιλήδονος
1160 4436 1322 4490 αὐτὸν
1385 4441 1670 4509 μιαιφονία

101 4513 468 4588 παρώτρυνενς
514 4521 625 4576 τῶν
649 4523 1060 4593 εὐαγγελιστῶν
1088 4525 1342 4582 ἄκουσον.

162 4714 179 4746 ι
209 4699 316 4753 Καὶ
366 4701 692 4775 γενομένης,
737 4706 925 4777 φησιν,
976 4708 1195 4780 ἡμέρας
1249 4713 1534 4783 εὐκαίρου,
1573 4716 1663 4770 ὅτε

1793 589 1958 660 Ῑιιι-ἱε
2019 594 2403 664 propheticam
2465 596 2985 665 reprehensionem:
3039 602 3134 656 sed
3168 609 3227 656 ut
3289 604 3386 658 Dei

1799 685 2123 755 prophetam
2152 700 2215 740 ac
2246 685 2431 742 divina
2475 688 2823 759 loquentem,
2879 691 3034 745 illum
3069 693 3294 762 quidem
3329 695 3386 753 in

1797 777 2009 833 honore
2049 779 2264 846 habuit,
2325 780 2440 836 haec
2473 791 2656 836 autem
2683 797 2785 837 ceu
2826 781 2920 838 Dei
2959 794 3262 854 pmcepta,
3295 802 3386 841 re-

1795 869 2042 924 verentia
2106 880 2437 940 prosecutus
2494 882 2605 929 est.
2647 872 2792 940 Quid
2839 889 2971 945 ergo
3026 874 3206 930 facit?
3238 877 3386 930 Audi

1795 958 2110 1032 Regnorum
2139 963 2438 1018 historiam
2470 983 2484 1020 :
2527 985 2546 1017 ι
2587 965 2652 1020 Et
2683 967 2822 1021 dixit
2851 967 3143 1034 Dominus,
3179 967 3383 1038 inquit,

1793 1051 1861 1106 ad
1893 1051 2064 1107 Eliam
2099 1053 2445 1126 Thesbitem,
2471 1057 2702 1114 dicens:
2737 1057 2915 1129 Surge
2945 1068 3000 1114 et
3022 1060 3300 1115 descende
3325 1061 3380 1115 in

1790 1157 2082 1198 occursum
2121 1143 2316 1198 Achab
2363 1146 2510 1214 regis
2553 1146 2744 1212 Israel,
2798 1157 2853 1203 et
2901 1147 3128 1218 loquere
3153 1150 3222 1204 ad
3251 1165 3379 1204 eum

1790 1235 1980 1290 dicens
2013 1254 2027 1290 :
2063 1233 2192 1291 lia-c
2222 1237 2358 1291 dicit
2393 1239 2700 1294 Dominus:
2747 1238 3038 1306 Quomodo
3071 1251 3128 1294 tu
3161 1241 3376 1295 occidi-

1791 1327 1886 1388 sti,
1916 1334 1972 1379 et
2005 1326 2218 1381 vineam
2263 1329 2610 1397 possedisti?
2652 1330 2884 1401 PrOpter
2931 1331 3059 1396 hoc,
3093 1331 3210 1385 haec
3243 1332 3380 1385 dicit

1790 1415 2060 1472 Dominus
2097 1436 2110 1472 :
2139 1418 2404 1474 lndncam
2435 1436 2604 1490 super
2637 1429 2690 1477 te
2736 1423 2903 1486 mala,
2951 1431 3005 1477 et
3037 1418 3371 1477 succendam

1791 1519 1914 1578 post
1945 1518 2018 1573 te.
2057 1519 2112 1565 et
2165 1510 2487 1580 disperdam
2553 1513 2622 1568 de
2673 1513 2860 1566 Achab
2909 1513 3244 1583 mingentem
3299 1514 3371 1569 ad

1788 1602 2051 1670 parietem
2084 1613 2144 1669 e;
2186 1622 2204 1654 1
2260 1619 2325 1657 ac
2362 1604 2598 1672 reliqua,
2645 1604 2855 1674 quibus
2912 1604 3092 1658 minas
3135 1603 3378 1659 intendit

1789 1709 1916 1748 cum
1959 1694 2064 1760 ira,
2099 1711 2210 1748 non
2237 1703 2455 1749 tantum
2491 1696 2719 1762 incum,
2759 1710 2949 1751 verum
2981 1695 3148 1750 etiam
3190 1696 3246 1750 in
3279 1694 3375 1750 Je-

1790 1785 2034 1840 zabeiem
2070 1802 2082 1838 :
2111 1803 2130 1838 ι
2169 1784 2460 1852 Quomodo
2485 1786 2855 1842 venumdatus
2890 1797 2974 1842 est
3002 1787 3142 1858 (ιο),
3169 1787 3373 1858 inquit,

1785 1888 1842 1932 ut
1897 1876 2104 1932 faceret
2155 1878 2361 1931 malum
2421 1893 2610 1932 coram
2669 1877 2945 1945 Domino;
2983 1887 3038 1933 et
3097 1879 3378 1948 quomodo

1780 1984 1904 2024 eum
1931 1969 2134 2022 evertit
2163 1966 2388 2023 Iezabel
2422 1985 2566 2042 pxor
2610 1977 2712 2023 sua
2755 1969 2800 2023 τ.
2840 1987 2860 2020 1
2911 1967 3053 2022 Tum
3102 1969 3374 2038 ergoille,

1779 2076 1906 2116 cum
1935 2061 2051 2116 haec
2087 2062 2360 2127 audisset,
2399 2062 2531 2131 quid
2573 2060 2747 2116 fecit?
2775 2061 2900 2115 Non
2939 2060 2995 2114 in
3031 2059 3236 2114 caedem
3270 2073 3376 2114 an-

1778 2153 1946 2218 helat,
1981 2169 2088 2206 non
2119 2153 2397 2207 excitatur
2423 2153 2492 2207 ad
2528 2153 2689 2214 iram,
2733 2152 2835 2207 sed
2873 2165 3111 2206 maerore
3140 2150 3375 2207 allectus

1779 2244 2030 2299 habitum
2061 2243 2127 2298 ad
2167 2246 2447 2300 tristitiam
2481 2243 2767 2312 componit
2797 2260 2809 2296 :
2859 2257 3136 2312 suumque
3195 2244 3374 2312 magis

1778 2336 2030 2404 agnoscit
2072 2335 2288 2402 scelus,
2321 2350 2433 2389 non
2470 2334 2780 2390 insolenter
2825 2333 3097 2388 adversus
3129 2333 3375 2403 pr0phe-

1778 2429 1946 2483 ticam
2002 2429 2495 2497 reprehensionem
2548 2427 2686 2497 agit.
2727 2443 2746 2477 ι
2783 2427 2830 2478 Α
2885 2440 3144 2481 sermone
3197 2425 3370 2489 enim,

1776 2520 1978 2591 inquit,
2015 2529 2388 2590 compunctus
2422 2527 2508 2575 est
2545 2518 2737 2573 Achab
2770 2534 2798 2572 a
2836 2517 2979 2574 l'acie
3013 2517 3253 2582 Domini,
3315 2524 3373 2571 et

1777 2614 1888 2669 ibat
1935 2613 2181 2682 plorens,
2221 2619 2276 2666 et
2309 2611 2590 2666 conscidit
2654 2611 2898 2664 tunicam
2957 2624 3138 2676 suam,
3194 2618 3251 2664 et
3283 2609 3374 2678 je-

1769 2707 2009 2777 junavit,
2047 2713 2102 2761 et
2135 2705 2366 2760 indutus
2397 2713 2484 2759 est
2509 2718 2734 2758 saccum
2761 2705 2808 2756 8.
2849 2721 2868 2754 1
2903 2701 3045 2768 Quid
3088 2716 3241 2770 ergo.
3274 2717 3370 2771 qui

1773 2801 2040 2854 omnium-
2073 2805 2322 2852 nostrum
2381 2795 2808 2850 conversionem
2841 2799 3128 2862 exspectat
3187 2789 3367 2857 Dens;

1772 2891 1866 2960 qui
1903 2889 2095 2944 tardus
2125 2895 2214 2943 est
2243 2887 2312 2941 ad
2361 2884 2805 2954 percutiendum,
2849 2893 2905 2938 et
2945 2882 3104 2936 velox
3157 2880 3224 2934 ad
3253 2883 3370 2936 sal-

1772 2981 2010 3036 vandum
2031 2979 2212 3034 ?Audi
2239 2979 2590 3048 Scripturam
2617 2993 2631 3030 :
2661 2995 2678 3028 ι
2722 2975 2786 3028 Et
2816 2974 2958 3028 dixit
2979 2972 3266 3034 Dominus,
3287 2973 3370 3024 in-

1771 3075 1892 3144 quit
1918 3071 2172 3132 :Vidisti,
2194 3069 2336 3132 Elia,
2365 3067 2647 3138 quomodo
2669 3071 3039 3134 compunctus
3061 3068 3147 3116 est
3177 3061 3369 3115 Achab

1772 3182 1802 3220 a
1836 3165 1974 3220 facie
2006 3162 2165 3218 mea?
2221 3161 2339 3216 ‘Nec
2377 3175 2478 3230 ego
2526 3159 2784 3212 inducam
2831 3156 3035 3210 malum
3074 3154 3129 3208 in
3156 3151 3360 3208 diebus

1773 3257 1896 3327 ejus
1922 3257 2018 3310 ιι.»
2071 3252 2271 3310 Vidisti
2326 3268 2600 3308 summam
2661 3249 2843 3305 iram?
2879 3247 3079 3303 Vidisti
3127 3247 3367 3301 celerem

1775 3347 2182 3404 mutationem?
2241 3343 2364 3399 Non
2419 3346 2710 3414 oportebat
2762 3339 3064 3403 Herodem,
3120 3339 3216 3410 qui
3254 3338 3371 3392 haec

1775 3442 1968 3501 sciret,
2000 3441 2075 3493 ita
2124 3453 2184 3493 se
2219 3436 2452 3509 gerere?
2491 3435 2588 3490 Sin
2620 3444 2804 3490 autem
2839 3449 2944 3488 nec
2977 3432 3082 3486 hoc
3117 3431 3367 3496 .volebat,

1775 3543 1830 3586 at
1861 3545 1960 3601 par
1991 3531 2185 3586 saltem
2223 3538 2346 3584 erat
2404 3538 2463 3582 ut
2502 3543 2668 3582 suum
2697 3525 2880 3595 ipsius
2927 3523 2996 3579 de
3029 3521 3242 3578 Joanne
3283 3535 3371 3576 re—

1775 3629 2062 3676 vereretur
2103 3619 2532 3675 testimonium?
2563 3616 2720 3671 llaud
2756 3623 2917 3670 certe
2965 3615 3040 3669 ita
3079 3630 3141 3670 se
3173 3613 3368 3685 gessit.

1776 3713 1915 3780 Quid
1951 3712 2122 3778 ergo?
2167 3710 2248 3762 Ad
2286 3710 2489 3764 caedem
2525 3709 2800 3762 luxuriam
2833 3707 3140 3769 transtulit,
3165 3706 3233 3760 ad
3265 3719 3372 3759 cae-

1775 3805 1860 3860 dis
1890 3805 2260 3858 instrumenta
2295 3801 2598 3869 malignum
2633 3797 2881 3852 traduxit
2917 3799 3200 3851 animum.
3237 3794 3369 3848 Mali

1776 3909 1960 3950 mores
1993 3911 2006 3945 :
2049 3892 2439 3961 incastigahile
2490 3889 2869 3960 propositum.
2901 3889 3009 3941 Par
3037 3888 3187 3942 enim
3222 3894 3373 3952 erat,

1777 3997 1836 4043 ut
1870 3986 2144 4057 siquidem
2179 3985 2407 4040 nolebat
2456 3992 2770 4052 temperare
2799 3996 2831 4032 a
2862 3980 3021 4042 vitio,
3049 3980 3134 4034 vel
3172 3978 3376 4034 saltem

1777 4094 1887 4133 non
1933 4078 2234 4147 attingeret
2284 4077 2614 4146 pmphetam
2652 4113 2667 4140 ,
2717 4085 2884 4142 quem
2935 4070 3119 4124 virum
3154 4069 3374 4139 justum

1778 4186 1841 4226 ac
1865 4179 2120 4226 sanctum
2179 4169 2392 4234 sciret;
2423 4183 2586 4238 quem
2638 4180 2783 4234 smpe
2813 4164 3066 4229 audiret;
3101 4163 3170 4214 oh
3205 4160 3378 4228 cujus

1776 4279 2002 4334 quoque
2037 4263 2412 4317 reverentiam
2471 4259 2644 4312 multa
2693 4261 2934 4322 faceret;
2966 4270 3030 4310 ac
3067 4254 3229 4321 cujus
3269 4252 3372 4305 tio-

1777 4355 2014 4410 ctrinam
2047 4354 2244 4409 lubens
2271 4352 2577 4421 exciperet.
2607 4349 2803 4416 Qualis
2839 4363 2972 4403 vero
3004 4347 3052 4402 ei
3095 4345 3366 4415 obtigerit

1777 4447 2140 4501 consiliorum
2200 4445 2348 4509 linis,
2379 4453 2434 4498 et
2461 4443 2528 4497 ad
2563 4456 2726 4511 quem
2779 4441 3033 4494 amentia:
3073 4439 3370 4508 impetum,

1698 4528 1742 4583 Ι)
1776 4538 2085 4608 voluptaria
2122 4553 2250 4592 eum
2297 4536 2608 4590 crudelitas
2643 4533 2845 4601 egerit,
2873 4549 2983 4603 qua
3018 4531 3162 4586 duce
3214 4530 3366 4584 mili-

1773 4636 1914 4682 taret
1934 4668 1948 4689 .
1982 4627 2113 4680 audi
2141 4641 2336 4682 sacros
2364 4624 2767 4694 evangelistas.

1845 4739 1864 4771 ι
1910 4719 1977 4773 Ει
2029 4735 2152 4774 cum
2201 4719 2339 4784 dies,
2391 4717 2594 4786 inquit,
2646 4725 2994 4784 opportunus
3033 4711 3364 4775 accidisset,

113 4782 332 4861 Ἡρώδης
377 4797 495 4856 τοῖς
542 4796 810 4860 γενεσίοις
849 4797 1040 4864 αὑτοῦ,
1091 4801 1312 4854 δεῖπνον
1342 4803 1516 4857 ἐποίει
1547 4808 1662 4869 τοῖς

1804 4808 2013 4864 Ierodes
2039 4807 2236 4862 natalis
2271 4782 2360 4861 sui
2390 4782 2610 4860 coenam
2645 4782 2781 4859 fecit
2839 4802 3190 4874 principibus
3217 4803 3362 4865 suis,

108 4888 401 4952 μεγιστᾶσιν
427 4888 620 4955 αὑτοῦ,
655 4890 750 4944 καὶ
776 4892 1105 4964 χιλιάρχοις,
1139 4896 1234 4949 καὶ
1279 4899 1396 4960 τοῖς
1416 4897 1660 4969 πρώτοις

1804 4901 2102 4964 ttribunis,
2157 4909 2210 4954 et
2246 4898 2442 4970 primis
2493 4896 2750 4952 Galilmae.
2787 4896 3041 4966 Cumque
3074 4894 3362 4949 introisset

164 5057 273 5113 ⁸111
301 5061 436 5132 Reg.
479 5077 594 5126 ut,
627 5062 716 5127 ‘18,
749 5064 838 5120 19.
921 5064 941 5104 τ
970 5065 1124 5121 -ibid.
1175 5068 1268 5120 ‘20.
1349 5071 1374 5109 8
1401 5069 1538 5123 ibid.
1599 5069 1693 5123 27.

1771 5071 1799 5110 δ
1839 5071 1974 5126 ibid.
2023 5070 2116 5125 29.

1351 5205 1584 5262 VARUE
1645 5207 2054 5264 LECTIONl‘LS.

162 5289 194 5323 ”
227 5291 354 5364 Leg.
387 5294 605 5365 ἐπράθη
634 5310 702 5348 ex
744 5293 1009 5366 Septnag.

1399 5425 1793 5483 consensu
1835 5401 2066 5483 sons.

176 5521 267 5592 9.0)
327 5522 609 5590 Quomodo
641 5533 878 5578 tentatus
923 5533 1023 5579 est.
1090 5522 1419 5595 Ἐπειράθη.
1477 5522 1655 5595 Habet
1765 5525 1950 5580 braica
1997 5524 2424 5595 liquidohahet,
2467 5525 2814 5594 redduntque
2847 5540 3041 5580 omnes
3075 5526 3356 5595 interpre-

110 5599 268 5648 nostcr
288 5596 406 5664 cod.
441 5595 741 5661 habuitque
764 5595 936 5649 codex
962 5594 1273 5664 Lipomani.
1297 5593 1458 5662 cujus
1486 5594 1658 5647 inter-

112 5670 252 5734 pres:
309 5663 586 5730 Quomodo
648 5666 890 5726 tentavit,
948 5663 1140 5734 sicque
1187 5664 1328 5718 forte
1371 5664 1659 5734 scripserit

1764 5604 1884 5658 tes,
1925 5606 2147 5654 ’πω-ιη.
2197 5594 2559 5648 Venumdatus
2609 5607 2709 5648 est.
2757 5595 2957 5649 Crasse
3003 5595 3164 5648 nimis
3197 5594 3353 5664 post-

1766 5666 1986 5720 .nodum
2031 5665 2404 5734 typo-graphus
2443 5666 2525 5727 τὸ,
2561 5664 2930 5735 Prophcticam
2983 5665 3349 5732 rept'oltcnst'o-
3463 5703 3468 5708 -

113 5726 354 5806 A‘ndrras’,
411 5735 628 5789 tametsi
679 5737 850 5797 liquet
907 5726 1657 5806 esser'pleonasmnmillius
1767 5753 1903 5802 nem,
1936 5726 2212 5806 expressit
2246 5726 2592 5804 prohibitam.

115 5797 423 5879 diphthongi,
465 5821 528 5860 ac
559 5806 847 5877 legendum
884 5797 1135 5876 ἐπράθη·
1190 5805 1333 5873 quod
1391 5819 1490 5857 vox
1549 5803 1656 5856 ilc-
