3820 6316
479 385 619 452 1119

1643 387 1706 447 S.
1750 383 2078 445 ANDREJE
2119 381 2541 442 CRETENSIS

3610 376 3724 441 1m

477 502 592 555 lilia
645 499 822 572 ipsius
880 498 1235 563 llerodiadis,
1271 506 1326 555 et
1351 497 1634 563 saltasset,
1663 503 1720 552 et
1753 495 2055 566 placuisset

2168 491 2603 564 τῆς-Γαλιλαίας.
2643 491 2751 544 Καὶ
2777 457 3138 560 εἰσελθούσηέ
3162 489 3258 558 τῆς
3284 487 3564 558 θυγατρδς
3584 489 3727 562 αὑτῆς

476 591 704 658 llerodi,
736 592 1012 662 simulque
1044 592 1536 668 recumbentibus,
1592 603 1688 642 rex
1717 589 1796 642 ait
1825 587 2058 658 puellae:

473 683 612 740 Pete
641 700 672 738 a
706 699 794 739 Ine
846 684 994 753 quod
1026 683 1128 748 vis,
1160 691 1216 738 et
1248 684 1394 738 dabo
1435 683 1556 748 tibi,
1587 695 1765 752 usque
1795 679 1867 734 ad
1899 680 2066 734 dimi-

474 775 628 830 dium
689 777 846 846 regni
888 775 1017 832 mei.
1053 773 1214 831 Unde
1257 791 1387 831 cum
1424 777 1747 843 iuramento
1779 774 2062 845 pollicitus

473 876 560 922 est
577 868 627 923 ei
650 867 780 922 dare
805 867 1078 937 quidquid
1127 869 1485 938 postulasset.
1522 869 1657 935 Quae.
1678 883 1806 922 cum
1830 868 2062 932 exisset,

474 957 614 1012 dixit
647 959 806 1011 matri
843 974 963 1013 suae
988 977 1001 1014 :
1031 959 1174 1026 Quid
1202 961 1422 1029 petam?
1455 961 1526 1014 At
1549 960 1643 1013 illa
1672 958 1813 1014 dixit
1847 959 2065 1029 :Caput

473 1046 702 1105 Joannis
734 1050 1016 1120 Baptistae.
1041 1049 1291 1120 Cumque
1326 1052 1615 1106 introisset
1635 1053 1820 1107 statim
1840 1067 1965 1107 cum
1987 1051 2066 1106 l‘e-

474 1141 780 1197 stinatione
799 1142 864 1197 ad
898 1159 1106 1213 regem,
1135 1143 1503 1214 petiitdicens
1531 1144 1702 1199 :Volo
1732 1144 2064 1214 utprotinus

474 1231 572 1288 des
605 1234 736 1286 mihi
775 1237 829 1288 in
861 1235 1018 1290 disco
1048 1243 1212 1302 caput
1237 1234 1474 1290 Joannis
1519 1233 1802 1306 Baptistae.
1832 1235 1898 1289 Et
1929 1251 2066 1290 con-

479 1325 736 1378 tristatus
771 1335 854 1378 est
890 1341 986 1379 rex
1019 1342 1031 1376 :
1068 1325 1706 1395 propterjusjurandum
1739 1333 1795 1381 et
1839 1333 2065 1396 propter

475 1413 1096 1480 simuldiscumbenles,
1128 1408 1447 1472 noluiteam
1476 1415 1714 1485 rejicere
1749 1416 2066 1485 :mlssoque

481 1504 670 1558 statim
727 1506 1091 1572 spiculatore,
1129 1507 1392 1576 praecepit
1429 1506 1613 1562 aﬂerri
1655 1515 1822 1577 caput
1851 1507 1972 1575 ejus
2005 1507 2063 1562 in

476 1593 650 1649 disco.
713 1595 918 1666 llleque
953 1599 1147 1653 abiens
1196 1599 1501 1653 dccollavit
1531 1614 1656 1654 eum
1708 1600 1763 1653 in
1813 1613 2061 1664 carcere,

476 1695 530 1740 et
558 1686 743 1740 attulit
765 1695 931 1757 caput
963 1687 1086 1758 ejus
1113 1690 1165 1743 in
1196 1689 1380 1754 disco;
1407 1699 1461 1744 et
1482 1689 1633 1744 dedit
1668 1689 1799 1743 illud
1827 1690 2020 1759 puella:
2047 1709 2058 1744 :

476 1785 532 1834 et
577 1779 760 1848 puella
799 1779 953 1834 dedit
1006 1781 1167 1834 matri
1201 1797 1319 1836 sua:
1356 1782 1402 1835 ί.
1446 1801 1464 1834 ι
1500 1780 1546 1835 Ο
1585 1783 1820 1838 acerbos
1851 1783 2063 1837 natales

2163 583 2266 653 τῆς
2321 583 2685 655 Ἡρωδιάδος,
2744 582 2840 636 καὶ
2893 582 3315 653 ὀρχησαμένης,
3352 579 3454 632 καὶ
3487 581 3728 651 ἀρεσάσης

2162 673 2241 743 τῷ
2287 673 2526 744 Ἡρώδῃ,
2560 673 2658 726 καὶ
2687 676 2796 736 τοῖς
2827 672 3346 742 συνανακειμένοις,
3374 665 3528 722 εἶπεν
3555 673 3582 722 ό
3603 671 3729 739 βασι-

2163 765 2291 828 λεὺς
2317 765 2396 836 τῷ
2414 763 2679 836 κορασίῳ·
2703 765 2940 835 Δίτησόν
2965 782 3031 834 με
3064 763 3094 817 ὃ
3129 763 3226 817 ἐὰν
3259 762 3452 833 θέλῃς,
3489 763 3581 814 καὶ
3603 762 3732 816 ὃὼσυ

2171 875 2277 924 σοι,
2301 857 2407 920 ἕως
2429 857 2663 926 ἡμίσους
2681 856 2780 926 τῆς
2799 856 3082 926 βασιλείας
3107 870 3236 925 μου.
3265 851 3441 906 Ὅθεν
3461 852 3577 920 μεθ’
3598 853 3730 922 ὅρκος

2165 949 2526 1019 ὡμολόγησεν
2584 949 2725 1019 αὐτῇ
2792 946 2980 1001 δοῦναι
3038 947 3067 1000 ὅ
3120 945 3578 1015 ἐάναίτήσηται.
3613 947 3730 1003 ’[1δέ

2167 1039 2484 1105 ἐξελθοῦσα,
2533 1035 2686 1092 εἶπεν
2746 1042 2812 1111 τῇ
2869 1039 3038 1110 μητρὶ
3079 1039 3286 1106 αὐτῆς.
3323 1038 3396 1091 Τί
3431 1038 3725 1106 αίτήσομαις

2179 1131 2241 1184 Ἢ
2260 1131 2316 1183 δέ
2347 1127 2504 1184 εἴπεν
2527 1148 2540 1162 ·
2572 1130 2682 1201 Τὴν
2711 1130 2956 1200 κεφαλὴν
2999 1129 3255 1183 Ἰωάννου
3291 1129 3395 1183 τοῦ
3433 1128 3726 1185 Βαπτιποῦ.

2166 1224 2279 1277 Καὶ
2307 1222 2630 1276 εἰσελθοῦσα
2655 1222 2861 1286 εὐθέως
2916 1221 3056 1292 μετὰ.
3087 1220 3330 1290 σπουδῆς
3363 1222 3512 1289 πρδς
3543 1221 3626 1272 es.»
3657 1220 3727 1288 βα-

2167 1317 2340 1380 σιλέα,
2375 1314 2618 1387 ᾐτήσατο
2645 1315 2907 1383 λέγουσα·
2934 1313 3085 1366 Θέλω
3113 1314 3202 1365 ἵνα
3255 1329 3355 1382 μοι
3386 1311 3500 1381 δῷς
3525 1311 3582 1376 ἐξ
3596 1313 3724 1379 αὐτῆς

2166 1406 2260 1458 ἐπί⁵
2314 1405 2507 1458 πίνακι
2566 1398 2672 1474 τὴν
2701 1403 2945 1473 κεφαλὴν
2982 1402 3233 1456 Ἰωάννου
3293 1400 3397 1454 τοῦ
3435 1401 3720 1454 Βαπτισττὲ.

2166 1498 2278 1551 Καὶ
2311 1499 2614 1568 περίλυπος
2669 1497 2963 1567 γενόμενος
3007 1497 3036 1548 ὁ
3076 1485 3361 1565 βασιλεὺς,
3410 1492 3506 1546 διὰ
3535 1493 3723 1563 105:6?-

2165 1607 2296 1654 κους
2325 1591 2575 1653 καὶτοὺς
2615 1589 3136 1658 συνανακειμένους,
3191 1587 3296 1639 οὐκ
3343 1585 3614 1654 ἠθέλησεν
3637 1587 3724 1640 hi;-

2165 1683 2330 1752 τῆσαι
2389 1683 2603 1752 αὐτήνο
2667 1680 2764 1734 καὶ
2815 1679 3018 1743 εὐθέως
3075 1677 3421 1740 ἀποστείλας
3469 1677 3724 1731 σπεκουλά-

2165 1790 2338 1843 τωρα,
2399 1771 2662 1838 ἐπέταξεν
2709 1771 2997 1841 ἐνεχθῆναι
3029 1771 3128 1839 τὴν
3161 1768 3425 1839 κεφαλὴν
3471 1767 3644 1821 αὑτοῦ.
3681 1770 3722 1820 '0

477 1885 543 1926 ac
599 1885 815 1928 caenam
864 1872 1014 1927 cazde
1057 1873 1299 1942 plenam!
1347 1875 1506 1929 Hune
1541 1875 1637 1928 tibi
1679 1874 1794 1944 ipse
1825 1876 2055 1929 servasti

2168 1865 2223 1918 δὲ
2246 1863 2499 1919 ἀπελθὼν
2530 1862 2937 1934 ἀπεκεφάλισεν
2971 1861 3142 1930 αὐτὴν
3179 1861 3238 1913 ἐν
3286 1863 3354 1930 τῇ
3395 1860 3628 1930 φυλακῇ,
3656 1862 3724 1912 καὶ

477 1963 782 2018 honorem?
812 1962 925 2020 Has
985 1973 1081 2019 tuo
1116 1966 1286 2020 natali
1353 1966 1592 2022 intulisti
1629 1966 1902 2020 delicias?
1929 1967 2061 2022 Tale

475 2057 576 2111 tibi
619 2058 825 2122 parasti
867 2057 1227 2131 convivium?
1268 2057 1413 2113 lisne
1474 2049 1697 2114 ﬂuentis
1743 2057 2058 2127 sanguinis,

476 2163 694 2203 cmuam
725 2149 981 2203 convivis
1017 2157 1328 2219 temperare
1364 2150 1654 2205 habuisti?
1695 2150 1787 2204 Sic
1820 2150 2061 2204 honora-

477 2239 548 2294 sti
599 2240 877 2302 tribunos,
928 2251 1151 2311 tamque
1183 2241 1419 2312 benigne
1476 2241 1744 2311 excepisti
1805 2242 2062 2296 amicos?

477 2327 669 2398 Neque
706 2329 966 2384 Davidem
1001 2331 1276 2386 reveritus
1319 2346 1380 2386 es
1413 2328 1462 2399 i,
1502 2331 1598 2400 qui
1629 2331 2006 2400 reprehensus
2031 2345 2063 2384 a

476 2419 716 2484 Nathan,
767 2433 1059 2491 peccatum
1090 2436 1120 2474 a
1159 2437 1241 2487 se,
1290 2437 1400 2476 non
1444 2422 1787 2493 arrogantia,
1815 2423 1912 2476 sed
1945 2438 2063 2493 pm-

478 2511 712 2566 nitentia
767 2511 1016 2582 depulit?
1061 2511 1250 2583 Neque
1285 2521 1340 2568 te
1371 2511 1556 2568 Saulis
1606 2512 1801 2583 puduit
1823 2515 1872 2577 ιι,
1903 2514 1996 2584 qui
2031 2531 2061 2568 a

480 2617 682 2667 magno.
747 2601 1025 2668 Samuele,
1081 2618 1268 2658 coram
1319 2604 1439 2674 ipsa
1497 2602 1791 2658 lsraelitici
1865 2605 2062 2674 populi

480 2693 836 2747 multitudine
894 2695 1147 2750 severius
1195 2695 1533 2764 perstrictus
1583 2710 1650 2750 ac
1705 2695 2060 2766 objurgatus,

480 2781 617 2835 nihil
654 2793 842 2838 tamen
895 2784 951 2838 in
989 2800 1141 2848 eum,
1189 2799 1288 2854 pro
1317 2799 1416 2839 sua
1471 2784 1526 2838 in
1557 2785 1882 2854 prophetam
1913 2800 2066 2839 reve-

481 2877 684 2940 rentia,
718 2877 946 2944 gravius
987 2877 1336 2948 perpetrarit.
1371 2876 1489 2931 Non
1527 2876 1991 2940 animadvertisti,
2030 2892 2064 2931 o

481 2965 690 3022 miseri
721 2965 912 3022 Achab
965 2975 1018 3023 te
1077 2967 1259 3023 scelus
1323 2967 1380 3022 in
1437 2965 1656 3022 Naboth
1699 2967 2060 3038 duplicasse:

478 3055 628 3125 quod
659 3057 749 3112 ille
769 3058 990 3128 quidem
1013 3058 1396 3129 deprehensus
1425 3058 1499 3114 sit
1543 3055 1744 3118 victus.
1764 3058 2066 3130 cupiditate

479 3147 692 3219 vineae,
732 3163 796 3202 ac
822 3156 985 3204 terra:
1025 3149 1286 3206 inanimis
1333 3151 1757 3221 plantarumque
1800 3150 2064 3206 vinifera-
2089 3180 2135 3238 ε

480 3253 603 3292 rum
640 3248 735 3292 :tu
761 3249 944 3294 autem
1000 3241 1254 3296 mulieris
1319 3241 1589 3297 adulterio
1653 3241 1871 3297 [redata
1911 3258 2059 3306 reus,

480 3330 927 3400 insidiarumque
957 3331 1128 3385 cubili
1159 3330 1408 3388 fraterno
1441 3333 1784 3401 positarum;
1813 3347 1879 3387 ac
1910 3334 2061 3403 quod

481 3421 752 3476 malorum
786 3423 1036 3477 omnium
1067 3437 1393 3492 supremum
1445 3430 1553 3489 est,
1593 3423 1746 3478 necis
1781 3426 2063 3495 prepheta:

480 3519 648 3582 atque
700 3512 980 3582 Baptistae,
1026 3511 1193 3584 idque
1236 3513 1288 3568 in
1331 3511 1422 3569 die
1461 3513 1813 3580 deliciarum,
1847 3525 2059 3570 etcum

481 3603 861 3658 natalitiorum
886 3610 1142 3674 ageretur
1179 3601 1320 3659 dies.

479 3697 872 3767 φικῆςκοιτης
904 3695 1164 3767 ἐπιϐουλῇ
1199 3711 1212 3725 ·
1242 3694 1376 3762 καὶ,
1421 3693 1485 3750 τὸ
1541 3696 1760 3750 πάντων
1813 3695 2004 3752 κακῶν
2071 3696 2330 3768 ἔσχατον,
2387 3700 2671 3772 προφήτου
2727 3699 2823 3753 καὶ
2872 3697 3184 3752 Βαπτιστοῦ

477 3786 670 3852 ταῦτα,
697 3787 755 3840 ἐν
779 3785 995 3858 τρυφῆς
1027 3785 1232 3858 ἡμέρᾳ,
1257 3785 1356 3839 καὶ
1383 3785 1647 3854 γενεσίων
1683 3785 1910 3858 τελετῇ.ι

552 3877 773 3933 Utinam
797 3895 898 3935 nec
928 3894 1084 3936 esses
1102 3889 1287 3944 natus,
1315 3895 1496 3950 neque
1519 3881 1574 3935 in
1609 3881 1788 3936 lucem
1814 3881 2061 3937 venisses

479 3985 649 4042 super
711 3974 956 4027 terram!
1027 3970 1250 4027 Utinam
1303 3974 1560 4042 periisset
1619 3988 1804 4028 semen
1837 3987 1902 4028 ex
1951 3989 2062 4040 quo

478 4060 825 4130 germinasti,
847 4076 912 4116 ac
941 4069 1134 4116 uterus
1163 4075 1229 4116 ex
1259 4075 1371 4130 quo
1398 4063 1682 4130 prodiistil
1714 4061 1872 4125 Nam,
1900 4076 2058 4132 rogo,

477 4167 720 4223 quanam
771 4168 838 4207 ex
888 4166 1060 4206 causa
1125 4154 1471 4220 prophetam,
1531 4167 1655 4222 qua:
1717 4167 1842 4207 vera
1872 4161 2060 4208 essent

480 4245 897 4314 praedicantem,
956 4243 1306 4312 nefandaque
1364 4250 1460 4298 tua
1499 4254 1850 4315 arguentem,
1885 4247 2058 4300 inter-

2163 1958 2398 2028 ήνεγκεν
2425 1956 2524 2028 τὴν
2555 1956 2799 2028 κεφαλήν
2829 1952 2998 2009 αὐτοῦ
3055 1953 3151 2006 ἐπὶ
3177 1953 3400 2017 πίνακι,
3433 1952 3532 2006 καὶ
3563 1953 3724 2004 ἔδωκεν

2162 2045 2332 2114 αὐτὴν
2360 2045 2439 2117 τῷ
2461 2047 2705 2117 κορασίῳ
2733 2064 2746 2076 ·
2778 2046 2876 2100 καὶ
2908 2045 2970 2099 τὸ
3000 2047 3264 2116 κοράσιον
3281 2043 3565 2097 ἐπέδωκεν
3589 2045 3725 2112 αὑτήν

2161 2139 2229 2208 τῇ
2263 2139 2434 2210 μητρὶ
2465 2139 2660 2210 αὐτῆς.
2695 2157 2714 2190 ι
2746 2140 2812 2192 Ὢ
2836 2139 3101 2206 γενεσίων
3137 2137 3390 2208 πικρῶν,
3417 2139 3515 2190 καὶ
3541 2136 3721 2189 δείπνου

2164 2230 2327 2298 φόνου
2355 2229 2558 2302 μεστοῦ
2587 2232 2601 2284 l
2632 2229 2851 2301 Ταύτην
2873 2229 3089 2300 σεαυτῷ
3105 2232 3426 2300 τετήρηκας
3455 2227 3550 2296 τὴν
3569 2229 3722 2297 τιμὴν,

2164 2320 2370 2391 ταύτην
2415 2324 2530 2385 τοῖς
2585 2324 2698 2385 σοῖς
2759 2321 3026 2390 γενεσίοις
3080 2323 3443 2392 προσήγαγες
3471 2320 3568 2390 τὴν
3617 2336 3720 2388 τριδ-

2166 2413 2308 2484 φήν;
2336 2412 2592 2467 Τοιοῦτον
2622 2413 2840 2484 σεαυτῷ
2870 2410 3298 2484 παρεσκεύασας
3319 2412 3384 2465 τὸ
3417 2411 3719 2480 cup-admei;

2166 2505 2353 2568 Οὖτως
2380 2506 2611 2574 αἵματος
2637 2507 2844 2575 ὀχετοῖς
2879 2507 2985 2558 ἔδει
3013 2507 3248 2574 κεράσαι
3289 2506 3411 2567 τοῖς
3451 2504 3717 2571 συμπόταις

2163 2596 2224 2648 τὸ
2254 2596 2503 2663 δεῖπνον;
2552 2595 2710 2650 Οὕτω
2758 2599 2885 2659 τοὺς
2939 2603 3262 2667 χιλιάρχους
3296 2595 3717 2665 τετίμηκας.καὶ

2165 2690 2290 2753 τοὺς
2323 2689 2513 2759 φίλους
2563 2689 3080 2761 πεφιλοφρόνηκας;
3135 2690 3275 2743 Οὑδέ
3333 2689 3428 2742 τὸν
3471 2687 3625 2740 Δαεὶδ
3649 2688 3715 2737 ἑν-

2166 2783 2413 2850 ετράπης
2463 2781 2570 2835 ὑπὸ
2620 2781 2715 2834 τοῦ
2744 2781 2931 2835 Νάθαν
2983 2780 3333 2860 ἐλεγχθέντα,
3368 2781 3466 2833 καὶ
3499 2777 3716 2848 μετανοίᾳ

2171 2872 2392 2943 μᾶλλον,
2426 2873 2528 2926 οὐκ
2559 2874 2808 2944 ἀπονοίᾳ,
2851 2873 2949 2942 τὴν
2988 2873 3269 2943 ἁμαρτίαν
3295 2869 3714 2938 ἀποσκευασάμε-

2169 2981 2294 3031 νον;
2325 2965 2460 3019 οὐδὲ
2498 2965 2590 3018 τὸν
2622 2964 2796 3018 Σαοὺλ
2825 2964 3057 3035 ῂδέσθης
3099 2965 3206 3017 ὑπὸ
3245 2964 3342 3018 τοῦ
3381 2964 3605 3032 μεγάλου
3634 2962 3718 3012 Σα-

2172 3055 2367 3128 μουὴλ,
2398 3058 2492 3112 ἐπὶ
2520 3056 2703 3126 πάσης
2723 3041 2868 3127 ’ὁμοῦ
2925 3054 3027 3124 τῆς
3072 3055 3481 3127 Ἰσραηλιτικῆς
3508 3053 3714 3124 πληθπ

2168 3152 2284 3212 τοῖς
2323 3149 2592 3220 ἐλέγχοις,
2666 3148 3074 3219 ἐπιπληχθέντα
3121 3148 3242 3218 μὲν,
3299 3147 3440 3220 πλὴν
3480 3147 3609 3201 αίδοῖ
3663 3147 3712 3214 τῇ

2169 3241 2306 3312 πρὸς
2328 3241 2419 3294 τὸν
2447 3242 2759 3312 προφήτην,
2822 3240 2993 3310 μηδὲν
3053 3239 3218 3292 πλέον
3270 3239 3711 3310 διαπραξάμενονς

2168 3334 2415 3404 Λέληθας
2471 3334 2722 3400 σεαυτὸν,
2757 3331 2936 3397 ἄθλιε,
2963 3331 3062 3403 τὴν
3108 3331 3318 3401 ’Δχαάσ
3365 3332 3462 3386 ἐπὶ
3503 3328 3712 3385 Nam”

2169 3425 2516 3497 παρανομίαν
2563 3425 2952 3487 διπλασιάσας,
3012 3424 3138 3476 ὅσον
3189 3426 3218 3476 ὀ
3266 3423 3370 3493 μὲν
3432 3422 3710 3494 ἀμπελῶνος

2170 3517 2462 3588 ἐπιθυμίᾳ.
2494 3517 2598 3586 γῆς
2621 3533 2680 3569 τε
2711 3515 2944 3586 ἀψύχου,
2983 3515 3080 3568 καὶ
3119 3514 3304 3584 φυτῶν
3325 3516 3610 3585 οίνηφόρων
3634 3513 3707 3581 iﬁ-

2166 3607 2353 3678 τηθεὶς
2377 3607 2640 3679 ἐφωράθη
2661 3625 2674 3638 ·
2713 3609 2778 3662 σὺ
2803 3607 2880 3672 δέ,
2911 3607 3175 3676 γυναικὸς
3205 3606 3447 3678 μοιχεία,
3480 3606 3565 3659 καὶ
3581 3604 3706 3659 ἀδελ-

3265 3697 3562 3769 μιαιφονίᾳ·
3633 3697 3705 3747 ut

2250 3881 2339 3943 Ὠς
2388 3877 2498 3932 εἴθε
2554 3877 2630 3949 μὴ
2673 3877 2996 3948 γεγέννησο,
3034 3877 3171 3948 μηδὲ
3211 3879 3294 3940 είς
3345 3879 3460 3947 φῶς
3502 3873 3701 3947 ἦλθεςώ

2169 3971 2310 4040 ὑπὲρ
2339 3970 2464 4041 γῆν.
2515 3969 2604 4033 Ὠς
2630 3969 2885 4022 ἀπόλοιτο
2927 3972 2960 4038 ἡ
2998 3969 3200 4040 σπορὰ,
3234 3964 3304 4040 ἦς
3341 3969 3498 4033 αὐτὸς
3526 3967 3701 4032 ἐξεϐλά-

2169 4077 2394 4132 στησας,
2430 4061 2525 4113 καὶ
2553 4062 2586 4130 ή
2621 4061 2807 4130 νηδὺς,
2843 4060 2901 4126 ἐξ
2930 4055 2998 4132 ἦς
3028 4059 3431 4131 προελήλυθας.
3466 4059 3699 4113 Ἀνθ’δτον

2169 4153 2294 4223 γάρ,
2325 4151 2469 4214 εἰπὲ,
2495 4151 2588 4204 τὸν
2642 4152 2932 4222 προφήτην
2958 4151 3172 4215 ἀνεῖλες
3223 4151 3435 4222 τάληθῆ
3465 4148 3699 4218 διαστορεὺ⁶

2167 4260 2356 4309 σαντα,
2381 4244 2475 4297 καὶ
2513 4243 2770 4314 περὶτῶν
2793 4243 2855 4296 οὐ
2889 4243 3184 4312 πρακτέων
3207 4243 3498 4308 ἐλέγξαντα
3519 4257 3533 4302 ;
3561 4237 3697 4305 παρὸν

481 4341 700 4397 fecisti?
760 4343 897 4396 Cum
955 4349 1104 4397 esset
1151 4341 1206 4396 in
1257 4352 1537 4412 promptu,
1579 4353 1638 4397 ιιι
1665 4343 1850 4398 scelus
1875 4351 2055 4398 tecum

2168 4337 2301 4407 πρὸς
2326 4336 2428 4406 τὴν
2450 4337 2514 4390 ἐκ
2539 4335 2636 4388 τοῦ
2695 4335 2865 4403 ἄγους
2915 4334 3300 4405 συστραφέντα
3345 4334 3569 4404 μνήμην,
3592 4328 3696 4380 dao-

477 4434 665 4488 animo
698 4434 972 4503 cogitans,
1011 4435 1080 4490 ab
1104 4451 1171 4490 eo
1198 4437 1542 4498 'declinares,
1573 4450 1639 4490 ac
1665 4435 2054 4504 resipisceres;

2161 4429 2339 4482 κλῖναι
2369 4427 2466 4481 τοῦ
2504 4427 2741 4498 μύσους·
2785 4426 2818 4497 ἦ
2875 4427 3014 4498 πρὸς
3049 4425 3150 4496 τὴν
3208 4427 3321 4478 τῶν
3351 4426 3572 4494 ἐλέγχων
3589 4423 3695 4490 παῤ·

478 4532 610 4580 utve
639 4524 705 4580 ad
743 4525 972 4580 liberam
1007 4527 1495 4598 reprehensionem
1520 4525 1764 4580 animum
1786 4525 2054 4596 dirigens,

2168 4523 2362 4594 ρησίαν
2416 4521 2509 4575 τὸν
2569 4521 2694 4574 νοῦν
2747 4518 3152 4583 ἀπευθύναντα,
3224 4518 3460 4607 σώφρονι
3497 4509 3694 4580 λογισμῷ

479 4618 668 4673 sobria
722 4618 1062 4690 cogitatione
1104 4629 1414 4692 assumpta,
1439 4618 1494 4674 id
1528 4620 1675 4690 quod
1704 4619 2055 4690 praestantius

2168 4614 2259 4668 τοῦ
2283 4613 2592 4686 κρείττονος
2618 4609 2995 4682 περιέσεσθαι,
3025 4611 3162 4680 πρὸς
3194 4604 3496 4664 τούναντίον
3515 4604 3692 4672 titiam-

477 4716 650 4774 esset,
696 4709 1016 4776 obtineres;
1069 4709 1124 4765 in
1164 4710 1511 4766 contrarium
1571 4709 1734 4779 plane
1766 4709 2059 4780 prolapsus

480 4811 562 4859 es,
609 4798 810 4852 malum
848 4801 1040 4869 utique
1087 4802 1232 4857 malo
1271 4802 1502 4865 addens,
1543 4816 1652 4856 non
1684 4801 1762 4854 uti
1793 4800 2060 4869 eportuit,

480 4886 764 4954 depelleus
799 4905 812 4940 :
848 4905 912 4943 ac
953 4891 1228 4960 siquidem
1278 4909 1423 4963 aegre
1478 4889 1804 4962 reprehendi
1849 4891 2058 4954 ferens,

2165 4707 2289 4769 λας·
2314 4703 2472 4775 κακῷ
2499 4703 2561 4758 τὺ
2593 4703 2765 4757 κακὸν
2794 4702 3308 4774 προσκτησάμενος,
3345 4702 3442 4769 οὺχ
3469 4700 3535 4761 ὠς
3564 4693 3689 4764 ίχρῆν

2167 4793 2568 4868 παρωσάμενος
2587 4809 2600 4824 ·
2636 4794 2732 4848 καὶ
2763 4796 2814 4846 εἰ
2847 4792 2948 4864 μέν
2959 4792 3098 4862 πρὸς
3121 4792 3247 4854 τοὺς
3269 4790 3516 4860 ἐλέγχους
3540 4788 3692 4882 δυσφο-

2171 4889 2280 4961 ρῶν
2331 4888 2412 4950 είς
2462 4885 2623 4939 τοῦτο
2672 4884 2882 4952 τάξεως
2927 4883 3170 4955 ῆλασαςο
3234 4880 3544 4937 ἀπαιδευσία
3572 4880 3689 4961 τοῦτο

482 4991 550 5031 eo
603 4975 876 5034 deductus
936 4954 1038 5047 es;-
1065 4981 1194 5036 hinc
1233 4954 1396 5053 plane
1422 4954 1664 5038 alienum
1701 4999 1732 5037 a
1759 4982 2055 5051 disciplina

2168 4954 2365 5049 ἐκφής.
2401 4976 2648 5046 Ἀγαπᾷν
2671 4975 2803 5046 γὰρ,
2821 4975 2883 5028 οὐ
2902 4954 3070 5044 φονᾷν
3093 4973 3223 5037 ἔδει,
3254 4973 3332 5035 ὡς
3351 4972 3424 5040 τῷ
3445 4954 3686 5034 Σολομὼιιῖτι

483 5068 752 5124 ostendis.
813 5069 1138 5139 Diligentius
1171 5072 1348 5138 enim,
1379 5089 1486 5128 non
1519 5073 1864 5128 occidendus
1915 5079 2058 5137 erat,

487 5159 578 5228 qui
609 5171 884 5230 argueret,
920 5162 996 5216 uti
1026 5160 1338 5219 Salomonis
1369 5164 1649 5219 sententia
1677 5173 1761 5220 est
1799 5162 1818 5203 ι
1846 5179 1862 5230 ;
1899 5171 1960 5216 ιιι
1996 5178 2064 5218 ne

485 5259 541 5305 et
595 5251 710 5321 ipse
736 5260 877 5304 esset
900 5251 1240 5310 auditurus:
1277 5275 1295 5307 ι
1344 5255 1596 5311 Oderunt
1651 5263 1973 5326 arguentem
2008 5254 2062 5308 in

491 5344 689 5412 portis.
717 5353 770 5400 et
795 5359 1110 5401 sermonem
1158 5355 1411 5401 sanctum
1445 5347 1745 5401 abominati
1780 5354 2002 5403 suntm.
2042 5365 2061 5398 ι

491 5431 589 5486 Sin
614 5442 795 5488 autem
819 5450 945 5489 cum
973 5434 1363 5505 jusjurandum
1392 5451 1614 5491 servare
1642 5437 1832 5499 velles,
1862 5437 2063 5491 caedem

492 5527 866 5596 praposuisli,
948 5537 1211 5598 tanquam
1283 5527 1376 5597 qui
1447 5526 1678 5598 perjurii
1742 5527 2065 5581 barathrum

487 5614 719 5688 fugeres
753 5635 766 5672 :
796 5617 1078 5673 enimvero
1107 5635 1204 5688 par
1229 5627 1348 5674 erat
1386 5626 1446 5680 ut
1499 5633 1599 5688 pro
1618 5619 1788 5690 regali
1829 5619 2070 5689 pruden-

2164 5071 2333 5134 δοκεῖ,
2384 5068 2716 5137 ἐλέγχοντα·
2764 5067 2842 5130 ῶς
2895 5064 2962 5118 ἂν
3010 5064 3086 5135 μὴ
3142 5063 3242 5118 καὶ
3283 5063 3442 5125 αὐτὸς
3473 5055 3684 5123 ἀκούσῃς’

2173 5181 2194 5216 ι
2244 5161 2549 5231 Ἑμίσησαν
2579 5160 2638 5212 ἐν
2669 5157 2867 5220 πύλαις
2917 5156 3234 5226 ἐλέγχοντα,
3279 5157 3373 5225 καὶ
3417 5153 3558 5219 λόγον
3579 5148 3683 5199 ὅσιον

2171 5252 2548 5317 ἐϐδελύξαντο.
2589 5268 2608 5302 ι
2639 5250 2701 5303 El
2730 5249 2787 5302 δὲ
2817 5246 2913 5302 τοῦ
2961 5247 3211 5319 εὐορκεῖν
3249 5245 3615 5318 περιεχόμενος.
3640 5235 3681 5285 τδ

2177 5347 2480 5418 μιαιφονεῖν
2515 5341 2921 5414 προετίμησας,
2975 5339 3051 5403 ὡς
3078 5339 3177 5408 τῆς
3214 5338 3490 5408 ἐπιορκίας
3521 5329 3679 5401 φεύ-[ων

2173 5439 2234 5492 τὸ
2266 5436 2542 5508 βάραθρον
2563 5452 2578 5468 ο
2618 5435 2735 5489 ἀλλ’
2777 5434 2884 5488 ἔδει
2926 5433 3186 5504 βασιλείῳ
3214 5432 3528 5503 φρονήματι,
3547 5420 3679 5488 δικαίᾳ

2175 5529 2270 5582 τοῦ
2292 5528 2385 5582 νοῦ
2419 5527 2636 5599 στάθμῃ
2665 5523 3153 5580 άντιταλαντεῦσαι
3195 5525 3294 5595 τὴν
3325 5522 3594 5591 σύγκρισιν.
3615 5510 3678 5564 υἱ

2162 5622 2276 5691 ,τῆς
2297 5620 2505 5691 ἀμείνω
2535 5617 2790 5688 γενέσθαι
2823 5617 3018 5692 μοίρας
3045 5633 3059 5647 ο
3099 5616 3238 5686 ὅπερ
3262 5614 3343 5668 σοὶ
3373 5609 3496 5682 πρὸς
3517 5605 3676 5660 τούναν-

561 5793 580 5825 ·³
634 5791 799 5848 M'rc.
850 5810 922 5860 vt,
985 5793 1171 5849 ει-εδ.
1254 5797 1266 5845 ι
1317 5796 1357 5851 ll
1409 5793 1540 5868 llcg.
1596 5813 1692 5864 xu,
1740 5799 1785 5854 Ι.
1869 5798 1892 5838 ll
1938 5797 1955 5851 Ι
1999 5798 2132 5870 llcg.
2164 5770 2264 5862 xv,
2302 5796 2396 5848 2i.
2480 5793 2686 5850 li‘rov.
2725 5811 2800 5860 Ix,
2861 5791 2911 5848 8.
2991 5791 3166 5848 ‘lsa.
3209 5806 3354 5859 nix,
3409 5787 3485 5842 21.
