3820 6316
103 335 292 404 1121
1195 343 1279 404 ΙΝ
1323 345 1381 404 S.
1419 343 1746 406 JOANNIS
1776 341 2442 404 DECOLLATIONEM.
3294 337 3432 402 1122

99 455 260 509 τιον
297 455 370 510 ἐκ
389 453 706 527 παραλόγου
725 453 1222 525 πεπραγμάτευται
1245 457 1490 529 γνώμης.
1525 459 1740 528 Τίςγὰρ

1857 458 1943 522 tia,
1999 457 2233 512 alterius
2282 469 2409 510 cum
2441 453 2616 510 altero
2673 452 3153 522 comparationem
3195 452 3432 522 justitize

99 545 142 599 ὸ
178 545 307 601 τὴν
332 532 526 619 ἀρχὴν
555 548 754 618 ὀμόσαι
817 550 1322 616 προσαναγκάσαςς
1370 551 1437 604 Τί
1475 551 1534 604 δέ
1564 550 1742 604 κοινὸν

1857 548 2056 601 trutina
2115 546 2480 617 expenderes,
2546 559 2611 599 ac
2644 559 2676 598 a
2725 546 2940 598 meliori
2990 553 3150 615 parte
3203 554 3383 600 stares
3413 566 3436 623 ι.

111 639 423 706 μαινάδος
451 638 680 709 ὀρχήσει
709 639 919 706 παιδὸς,
953 640 1048 693 καὶ
1078 641 1361 711 προφήτου
1396 645 1576 714 σφαγῇ
1601 659 1616 709 ;
1649 643 1743 706 Τίς

1857 638 1993 708 quod
2047 654 2209 695 secus
2255 637 2485 694 omnino
2521 653 2586 692 ex
2612 636 2790 690 aliena
2827 651 2856 689 a
2889 637 3103 691 ratione
3143 639 3433 701 voluntate

84 728 188 796 5E
225 730 508 800 μετουσία
536 729 712 800 θυμοῦ
744 732 863 800 μετ’
892 731 1234 810 εὐφροσύνης
1263 748 1280 801 ;
1315 733 1378 787 Εἰ
1414 733 1472 787 δέ
1496 734 1586 787 διὰ
1617 735 1743 798 τοὺς

1857 733 2079 788 molitus
2115 749 2197 788 es.
2235 731 2372 797 Quis
2427 732 2574 786 enim
2616 738 2670 784 te
2696 730 2765 784 ab
2799 729 2956 784 initio
2989 729 3164 800 coegit
3191 731 3381 800 jurarc
3407 729 3434 784 ?

121 826 380 892 ερκους,
437 823 514 887 ὡς
573 824 741 888 αὐτὸς
780 824 916 878 οίει·
941 826 1057 878 ἀλλ’
1098 826 1207 880 οὐδ’
1237 827 1412 891 οὓτως
1443 827 1612 897 ἐχρῆν
1645 828 1743 897 τὴν

1857 821 1990 888 Quid
2047 811 2320 878 Mainadis
2389 822 2586 892 puellae
2637 821 2860 875 saltatio
2915 833 3214 873 commune
3264 819 3431 874 habet

121 914 340 988 ψῆφον
371 917 667 987 ἐπιτρέψαι
689 919 757 989 τῇ
791 917 950 990 μέθῃ.
1005 918 1323 988 Εὑφρασίας
1363 917 1495 988 γὰρ,
1527 919 1626 971 οὐκ
1652 919 1743 971 ἀν-

1857 928 1974 966 eum
2023 928 2158 968 nece
2205 913 2534 984 prophetae?
2569 912 2831 978 Quaenam
2879 911 2977 964 ira
3024 911 3264 965 societas
3304 926 3429 965 cum

129 1006 478 1078 δροκτονίας
509 1002 582 1078 ἦν
605 1010 634 1060 ὁ
663 1007 876 1079 καιρός.
912 1009 1022 1061 Καὶ
1042 1009 1101 1061 τό
1134 1025 1198 1076 γε
1221 1010 1458 1080 πρᾶγμα
1487 1009 1743 1072 ἐπιεικῶς

1857 1005 2077 1059 laetitia?
2134 1002 2232 1058 Sin
2288 1019 2422 1059 vero
2488 1011 2716 1074 propter
2775 1001 3194 1072 jusjurandum,
3235 1011 3292 1056 ut
3316 1002 3434 1074 ipse

129 1098 386 1163 ἁτοπον,
413 1099 511 1154 καὶ
539 1100 884 1170 παράφορον.
945 1099 1229 1168 Νήφοντος
1281 1099 1394 1170 γὰρ
1429 1100 1602 1154 ἐδεῖτο
1627 1118 1743 1154 και-

1857 1099 2148 1167 opinaris:
2193 1112 2256 1152 ac
2316 1113 2384 1152 ne
2425 1099 2508 1152 sic
2562 1095 2786 1166 quidem
2838 1094 3129 1150 sententia:
3185 1095 3436 1150 calculus

141 1190 272 1258 ροῦ,
306 1191 403 1243 καί
423 1187 688 1256 λογισμοῦ
723 1187 1035 1258 βεῦηκότος.
1083 1188 1156 1240 Οὐ
1187 1188 1296 1258 γὰρ
1354 1188 1483 1258 περὶ
1515 1187 1610 1241 τοῦ
1653 1205 1749 1241 τυ-

137 1282 350 1350 χόντος
370 1283 404 1350 ἠ
438 1279 632 1350 βλάϐη.
662 1281 833 1346 Πλὴν,
864 1279 981 1332 ἀλλ’
1010 1279 1064 1331 εἴ
1087 1296 1141 1332 τι
1185 1279 1283 1332 καὶ
1315 1279 1598 1350 κέκρυπτο
1621 1279 1748 1333 λαν-

148 1370 325 1423 θάνον
346 1371 483 1432 τέως
511 1368 622 1420 τῶν
647 1371 705 1421 ὲν
734 1367 818 1419 σοὶ
855 1365 1059 1428 κακῶν,
1092 1365 1249 1418 τοῦτο
1273 1365 1337 1417 σὺ
1371 1365 1513 1417 κατά
1545 1364 1744 1418 σαυτοῦ

152 1462 583 1534 πεφανέρωκας,
605 1459 910 1531 μιαιφονίᾳ,
933 1458 1032 1528 τῆς
1055 1449 1404 1528 παρανομίας
1420 1459 1747 1528 ἀπογυμνὼ-

135 1569 265 1622 ,σας
293 1556 386 1608 τὸν
409 1555 650 1622 ἔλεγχον.
683 1552 779 1616 Τίς
802 1552 910 1622 γάρ
939 1551 1183 1620 ἀνάγκη,
1219 1550 1314 1604 τὸν
1355 1552 1415 1603 ἐν
1455 1549 1535 1621 τῷ
1565 1568 1746 1620 παρα-

165 1645 355 1716 ϐύστῳ
389 1644 661 1715 μοιχεύειν
719 1643 1078 1712 ἀπείργοντα,
1108 1642 1200 1694 ἐπὶ
1252 1640 1526 1712 θριάμϐου
1557 1643 1745 1712 φέρειν

175 1737 491 1808 ἐλέγχοντας
520 1737 591 1790 Σὺ
619 1736 677 1790 δέ
709 1733 1015 1804 φιληδονῶν
1040 1733 1266 1807 ἐλέγχῃ,
1311 1735 1636 1804 μιαιφονῶν.

1848 1187 2120 1242 ebrietate
2175 1187 2578 1257 permittendus
2612 1194 2752 1239 erat.
2800 1185 3015 1255 Quippe
3066 1192 3185 1240 erat
3230 1185 3436 1239 laetitiae

1831 1271 2092 1346 tempus,
2127 1294 2237 1332 non
2262 1276 2450 1332 credis.
2482 1280 2557 1332 Ac
2583 1279 2742 1347 plane
2765 1293 2855 1332 res
2877 1277 3174 1346 ejusmodi.
3195 1277 3434 1334 absurda

1854 1384 1918 1423 ac
1970 1369 2273 1438 praecipitis
2335 1368 2557 1422 consilii
2614 1376 2756 1422 erat.
2820 1367 2952 1422 Erat
2984 1367 3258 1436 siquidem
3291 1383 3434 1438 opus

1855 1469 2101 1528 tempore
2131 1460 2342 1522 sobrio,
2373 1475 2438 1512 ac
2461 1459 2654 1512 sedata
2697 1461 2932 1512 ratione.
2971 1456 3090 1512 Non
3127 1460 3272 1512 enim
3300 1459 3436 1514 levis

1845 1551 2064 1621 jactura
2125 1550 2308 1604 l‘utura
2342 1559 2484 1605 erat.
2521 1548 2627 1604 Sed
2669 1549 2978 1614 enimvero,
3025 1557 3082 1604 ut
3113 1551 3242 1619 quid
3268 1551 3434 1606 etiam

1852 1660 1881 1699 e
1911 1645 2022 1699 tuis
2061 1645 2190 1698 mali
2227 1645 2494 1699 hactenus
2521 1643 2799 1698 occultum
2844 1642 3062 1706 lateret,
3099 1643 3153 1696 id
3190 1643 3308 1712 ipse
3339 1643 3436 1696 ad-

1851 1752 2070 1792 versum
2115 1749 2168 1792 te
2219 1735 2574 1792 manifestum
2625 1734 2936 1799 reddidisti,
2987 1735 3135 1790 caade
3181 1734 3437 1804 aperiens

183 1830 455 1901 ﬂagitium,
503 1829 662 1898 cujus
719 1827 1063 1896 arguebaris.
1118 1826 1262 1894 Quid
1300 1827 1446 1882 enim
1501 1841 1728 1883 necesse
1769 1837 1892 1884 erat
1923 1837 1984 1884 ut
2015 1844 2138 1884 eum
2165 1870 2180 1895 ,
2210 1830 2304 1900 qui
2343 1829 2396 1883 in
2463 1831 2686 1884 occulto
2731 1829 2998 1885 umechari
3068 1829 3434 1899 prohibebat,

192 1922 652 1994 reprehendentem
692 1921 973 1990 triumpho
1005 1921 1356 1977 traduceres?
1401 1921 1493 1976 -Tu
1553 1923 1738 1993 igitur,
1779 1925 1909 1980 dum
1941 1925 2144 1980 caedem
2186 1933 2393 1992 patras,
2431 1926 2679 1996 argueris
2706 1925 2968 1980 libidinis.

259 2015 503 2084 Συνέχεας
554 2013 654 2082 τὴν
707 2011 864 2077 τάξιν
916 2012 1017 2082 τῆς
1065 2014 1394 2078 ἑστιάσεως,
1466 2015 1743 2086 ἄνθρωπε.

1925 2016 2187 2072 Ordinem
2227 2018 2463 2072 convivii
2493 2017 2814 2079 confudisti,
2842 2033 2874 2070 ο
2904 2018 3090 2073 immo.
3133 2017 3266 2073 Nam
3302 2035 3430 2075 cum

211 2105 401 2178 Ἐστιᾷν
450 2105 840 2177 προελόμενος,
879 2107 1039 2178 άνιᾷν
1085 2107 1212 2169 τοὺς
1241 2107 1574 2179 δαιτυμόνας
1615 2127 1752 2179 προ-

207 2200 417 2268 ίιιρινας.
449 2197 513 2250 Τί
537 2200 738 2261 ποιεῖς,
775 2196 965 2260 άθλιε;
1014 2197 1157 2251 ’Δντ’
1193 2199 1513 2270 ἐδέσματος,
1546 2200 1752 2274 ταύτην

191 2287 515 2360 προπεδωδὴν
540 2287 807 2355 εἰσάγεις,
827 2287 927 2358 τὴν
945 2287 1188 2358 κεφαλὴν
1217 2289 1310 2342 τοῦ
1338 2289 1707 2354 Βαπτίζοντος
1732 2309 1746 2357 ;

203 2380 338 2435 ’Δντὶ
363 2379 656 2452 κρατῆρος,
698 2378 944 2432 τοιοῦτον
987 2381 1251 2450 οίνοχοεῖς
1287 2382 1751 2452 τοῖςσυμπόταις

195 2475 550 2545 1τέινάκρατονς
590 2474 849 2528 Τοιοῦτον
894 2474 1118 2546 κίρνησι
1151 2475 1410 2546 βασιλεὺς
1450 2477 1602 2547 πόμα
1637 2480 1750 2541 τοῖς

203 2568 500 2638 συμϐούλοις
523 2585 539 2634 ;
575 2568 644 2620 Ἢ
669 2569 769 2638 ούχ
801 2569 935 2638 ὁρᾷς
967 2569 1094 2621 ὅσον
1111 2568 1284 2621 κακόν
1310 2571 1458 2622 ἐστιν
1485 2570 1745 2642 ἀκρασία,

207 2665 285 2715 καὶ
303 2662 564 2733 φιλήδονος
585 2661 820 2733 πρᾶξιςς
857 2661 1184 2731 Ἀνάνηψον,
1213 2663 1262 2714 εί
1291 2661 1502 2732 βούλει,
1529 2663 1746 2734 μικρὸν,

213 2752 474 2816 ιαὶσύνες·
542 2753 618 2814 ὠς
676 2751 834 2804 οὐδὲν
882 2749 1058 2812 οὕτως
1103 2751 1444 2804 ἐπιλωδᾶται
1475 2754 1567 2806 τὸν
1597 2753 1749 2816 ἐντὸς

211 2843 483 2916 ἄνθρωπον,
508 2844 540 2915 ἢ
571 2844 662 2898 τὸν
690 2842 852 2906 ἐκτὸς
889 2841 1264 2906 ἐπιδόσκεται,
1316 2841 1392 2907 ὠς
1422 2842 1591 2913 θυμὸς
1620 2843 1750 2897 ταύ-

209 2952 306 2998 ταις
328 2934 937 3006 ἐξυπηρετούμενοςιΣὺ
983 2933 1062 2996 δέ,
1094 2933 1305 2997 τούτοις
1334 2936 1398 2987 ἐκ
1432 2935 1748 3004 περιουσίας

209 3024 469 3091 ὑποζεύξας
527 3025 618 3077 τὸν
648 3024 798 3087 νοῦν,
859 3023 920 3075 τὸ
955 3023 1053 3091 τῆς
1087 3020 1266 3092 ψυχῆς
1326 3021 1777 3088 κατεδούλωσας,

207 3116 443 3186 φρόνημα.
485 3115 680 3169 Καίτοι
717 3113 812 3166 δύο
845 3112 1188 3187 γενικώτατα
1221 3114 1370 3184 πάθη
1394 3113 1502 3166 τῶν
1531 3117 1587 3168 ἐν
1616 3117 1747 3186 ἡμῖν

205 3209 422 3261 ἁπάντων
481 3205 697 3272 παθῶν,
731 3207 780 3258 oi.
815 3205 945 3276 περὶ
966 3204 1140 3258 ταῦτα
1171 3205 1349 3274 σοφοὶ,
1378 3205 1704 3278 διορίζονται
1728 3224 1742 3238 ·

203 3300 360 3370 θυμὸν,
393 3301 487 3354 καὶ
522 3297 821 3368 ἐπιθυμίαν
841 3315 855 3330 ⁶
880 3291 955 3352 ὧν
977 3297 1238 3368 ἑκάτερον
1260 3299 1318 3350 ἐν
1337 3299 1420 3351 σοὶ
1444 3299 1746 3371 ἐπικρατῆ-

1854 2109 2150 2164 statuisses
2205 2109 2462 2163 convivio
2524 2108 2808 2177 excipere,
2885 2109 3129 2164 maluisti
3187 2112 3437 2166 convivis

1853 2201 2163 2276 molestiam
2200 2198 2401 2255 facere.
2425 2197 2565 2265 Quid
2600 2197 2757 2264 facis,
2777 2213 2810 2252 ο
2845 2201 3057 2254 miser?
3084 2200 3189 2255 Pro
3215 2202 3436 2265 cibune.

1851 2301 2018 2363 caput
2049 2293 2308 2362 Baptista:
2327 2293 2395 2347 ad
2432 2305 2588 2346 esum
2627 2290 2886 2346 inducis?
2919 2289 3025 2346 Pro
3054 2302 3293 2359 cratere,
3329 2295 3438 2350 tale

1851 2400 2066 2440 merum
2119 2383 2358 2439 aﬂ'undis
2405 2384 2697 2440 convivis?
2727 2383 2914 2438 Talem
2964 2401 3058 2440 rex
3090 2393 3278 2456 potum
3317 2390 3437 2444 suis

1851 2485 2125 2548 temperat
2172 2462 2558 2532 consiliariis?
2585 2477 2667 2530 An
2701 2493 2808 2532 non
2845 2477 2998 2533 vides
3029 2488 3296 2548 quantum
3321 2497 3437 2534 ma-

1852 2571 1962 2624 lum
2021 2571 2092 2625 sit
2131 2569 2582 2639 intemperantia,
2628 2578 2682 2623 et
2711 2572 2855 2624 actio
2902 2570 3239 2627 libidinosa?
3269 2572 3350 2626 Ad
3383 2582 3437 2626 te

1851 2677 2044 2732 parum
2089 2661 2230 2724 redi,
2268 2663 2315 2717 si
2357 2662 2462 2727 vis,
2495 2671 2545 2716 et
2611 2661 2873 2731 intellige,
2908 2669 2968 2716 ut
3016 2663 3151 2717 nihil
3186 2665 3258 2718 sit
3285 2664 3434 2735 quod

1849 2755 2131 2809 internum
2185 2752 2321 2806 adeo
2355 2753 2518 2807 lmdat
2562 2753 2872 2820 hominum,
2927 2769 2991 2808 ac
3031 2756 3111 2809 sic
3139 2764 3434 2812 externum

1848 2842 2130 2913 depascat,
2175 2843 2251 2896 uti
2289 2843 2355 2896 iis
2389 2844 2699 2912 obsequens
2759 2845 2840 2898 ira
2862 2839 3101 2910 (2i).Tu
3131 2854 3312 2900 autem
3366 2859 3442 2900 ex‘

1849 2934 2149 2989 abundanti
2204 2943 2442 2988 mentem
2471 2934 2582 2988 illis
2629 2935 2959 3005 snbjugans,
3010 2936 3177 2988 animi
3209 2952 3431 2990 sensum
3535 2967 3542 2980 ι

1849 3026 2125 3096 captivum
2154 3025 2408 3080 elTecisli.
2450 3025 2619 3094 Atqui
2647 3026 2890 3079 omnium
2918 3041 3108 3080 earum
3142 3042 3265 3094 quae
3302 3036 3434 3082 sttnt

1850 3121 1904 3174 in
1943 3119 2124 3185 nobis,
2167 3117 2540 3180 ali‘ectionum,
2581 3121 2678 3172 has
2712 3117 2852 3172 duas
2884 3119 3120 3171 maxime
3145 3121 3434 3187 generales

1850 3207 2120 3264 deﬁniunt
2170 3209 2408 3275 morales
2455 3209 2790 3279 philosophi,
2822 3208 2962 3263 iram
2999 3210 3217 3264 scilicet
3241 3220 3294 3266 et
3333 3227 3434 3266 cu-

1850 3301 2154 3370 piditatem,
2189 3316 2422 3372 quarum
2455 3312 2688 3372 utraqtte
2731 3301 2783 3355 in
2822 3309 2874 3356 te
2898 3301 3242 3358 dominatum
3287 3305 3434 3360 obti-

201 3407 298 3453 σσδι,
322 3388 646 3462 τυραννικῷ,
699 3389 800 3442 οὐκ
844 3387 1103 3460 ἰδιωτικῷ
1132 3389 1210 3459 τῷ
1251 3391 1532 3462 ὁρμήματι
1554 3391 1739 3444 δυστυ-

1857 3412 2012 3461 nens,
2064 3399 2377 3468 tyrannico,
2429 3412 2540 3451 non
2585 3397 2805 3467 privato
2865 3397 3094 3466 impetu,
3130 3397 3432 3453 infeliciter

191 3481 282 3550 χῶς
305 3481 763 3552 ἐϐασίλευσενοή
821 3481 941 3550 μὲν,
992 3480 1089 3534 καὶ
1147 3482 1280 3534 ἄνευ
1336 3483 1748 3552 μηχανημάτων

186 3576 315 3649 νόμῳ
342 3574 665 3646 πολιορκίας
695 3572 893 3626 ἐλοῦσα
924 3572 1033 3626 τῶν
1079 3572 1191 3626 σῶν
1227 3575 1438 3646 φρενῶν
1461 3575 1560 3646 τὴν
1583 3577 1749 3644 ἀκρό-

178 3669 342 3732 πολιν,
375 3665 470 3720 καὶ
500 3666 670 3718 οίονεὶ
711 3664 997 3736 πολιοῦχος
1043 3665 1142 3737 τῆς
1189 3666 1287 3737 σῆς
1329 3667 1746 3736 άπρυτανεύτου

169 3758 341 3830 ψυχῆς
375 3774 389 3788 ·
416 3761 444 3811 ὁ
464 3756 543 3822 δὲ,
573 3755 738 3827 μέχρι
767 3753 926 3808 τοῦδέ
958 3771 1016 3808 σε
1067 3755 1502 3824 δουλωσάμενος,
1538 3757 1644 3818 ἕως
1682 3755 1748 3808 ἂν

162 3853 242 3914 είς
276 3849 407 3921 ᾅδου
437 3848 734 3917 πεταυρον,
777 3845 874 3899 καὶ
901 3847 982 3908 είς
1006 3844 1105 3914 τὴν
1159 3846 1394 3915 ἐσχάτην
1421 3844 1530 3898 τῶν
1557 3845 1746 3898 κακῶν

159 3940 531 4010 άπηκὸντισεν
589 3935 892 4005 Χάρυϐδιν.
935 3935 1004 3987 Ἢ
1058 3936 1182 4006 ούχὶ
1222 3935 1359 4006 αῦτη
1409 3937 1442 4004 ἡ
1487 3935 1613 3998 ὁδὸς
1640 3937 1746 3989 τῶν

156 4029 526 4086 ἐκτελούντων
555 4030 622 4081 τά
652 4028 865 4097 ἄνομα;
901 4027 972 4080 ’Ἡ
1021 4025 1228 4096 ἑτέρως
1262 4028 1364 4080 οίει
1414 4027 1541 4089 τοὺς
1573 4025 1748 4088 οὕτως

155 4125 392 4184 ἁλόντας
417 4122 522 4175 ὑπὸ
545 4120 646 4190 τῆς
680 4120 863 4188 δίκης,
890 4119 1403 4190 κολασθησομένους
1427 4119 1742 4184 ἐτάξεσθαι;

155 4219 272 4288 Τῆς
328 4215 387 4268 δὲ
445 4214 552 4269 τῶν
599 4211 948 4282 Εύαγγελίων
1017 4211 1204 4281 φωνῆς
1279 4203 1745 4276 αῦθιςάκουσὼο

155 4311 329 4383 μεθα.

239 4422 258 4453 ‹
289 4400 561 4455 Γενεσεων
621 4400 752 4471 γὰρ,
806 4397 992 4467 φησὶν,
1019 4393 1302 4466 ἀγομένων
1332 4394 1428 4448 τοῦ
1481 4393 1744 4463 Ἡρώδου,

167 4495 456 4565 ὠρχήσατο
516 4495 548 4564 ὴ
600 4492 849 4562 θυγάτηρ
875 4491 974 4558 τῆς
1009 4488 1337 4560 Ἡρωδιάδος
1370 4489 1428 4540 ἐν
1458 4487 1535 4558 τῷ
1573 4487 1744 4558 μέσῳ,

171 4590 259 4641 καὶ
296 4590 493 4660 ηρεσεν
529 4585 606 4656 τῷ
647 4585 886 4656 Ἡρώδῃ.
926 4603 944 4634 ι
987 4581 1180 4634 Βαὸαὶ-
1208 4582 1310 4650 τῆς
1359 4581 1580 4644 ἀνοίαςι
1618 4582 1747 4650 Ὀρ-

171 4696 328 4749 χησις
379 4677 645 4741 νεάνιδος,
690 4675 788 4747 τὴν
826 4673 1100 4744 βασιλέως
1148 4672 1418 4743 ἐθήρασεν
1457 4672 1741 4742 φρόνησιν.

1851 3489 2120 3558 regnavit.
2147 3488 2430 3558 Cupiditas
2477 3486 2722 3556 quidem,
2765 3501 2833 3540 ne
2867 3487 2990 3541 ullis
3020 3476 3246 3556 quidem
3279 3487 3435 3541 adhi-

1849 3580 1982 3634 bitis
2037 3580 2330 3642 machinis,
2365 3579 2566 3632 mentis
2619 3588 2728 3632 tua:
2760 3592 2945 3631 arcem
2980 3578 3291 3633 obsidionis
3318 3579 3436 3649 lege

1849 3671 2093 3739 capiens,
2131 3684 2194 3722 ac
2246 3683 2347 3721 ceu
2383 3683 2589 3736 prwses
2635 3668 2806 3723 nescii
2841 3669 2953 3736 regi
2981 3669 3152 3722 animi
3198 3669 3302 3730 tui.
3335 3685 3434 3724 ex-

1851 3761 2055 3814 sistens
2086 3778 2098 3812 :
2127 3758 2206 3812 ira
2248 3769 2430 3812 autem
2484 3758 2674 3812 tandiu
2709 3759 3018 3827 captivans,
3047 3759 3221 3812 donec
3255 3760 3306 3812 in
3344 3762 3430 3814 in-

1851 3850 1988 3905 ferni
2025 3851 2300 3920 laqueum,
2331 3865 2398 3904 ac
2421 3865 2733 3920 supremam
2760 3850 3034 3903 malorum
3066 3851 3430 3922 Charybdim.

1849 3940 1998 3996 dedit
2023 3941 2379 4011 praecipitem.
2423 3941 2504 3994 An
2539 3955 2648 3993 non
2682 3939 2798 3995 haec
2829 3939 2913 3994 via
2952 3940 3170 3993 illorum
3203 3949 3290 3996 est
3333 3943 3431 4012 qui

1850 4034 2086 4090 scelesta
2145 4033 2403 4103 patranti
2448 4031 2589 4086 Num
2653 4033 2836 4098 aliter,
2889 4032 3095 4087 divina
3161 4033 3436 4090 obnoxius

1819 4120 2072 4190 'ultioni,
2125 4127 2190 4180 ad
2255 4140 2473 4196 poenam
2529 4122 2930 4179 examinandos
2977 4125 3172 4194 putas?
3219 4122 3432 4180 Rursus

1850 4235 1980 4275 vero
2005 4218 2378 4288 evangelicum
2407 4231 2596 4272 vocem
2631 4215 2948 4271 audiamus.

1927 4418 1946 4449 ι
1981 4397 2117 4454 Cum
2142 4387 2402 4461 Herodis,
2441 4395 2638 4467 inquit,
2670 4394 2921 4449 natalitia
2954 4401 3276 4464 agerentur,
3314 4393 3432 4450 sal-

1851 4490 1984 4543 tavit
2016 4488 2343 4543 llerodiadis
2380 4489 2487 4542 lilia
2521 4488 2574 4542 in
2606 4487 2806 4550 medio,
2835 4495 2889 4540 et
2921 4486 3125 4555 placuit
3155 4483 3378 4540 Herodi.
3406 4503 3425 4536 ι
3529 4480 3532 4482 ’

1849 4580 2190 4636 Amentiam!
2234 4578 2467 4632 Saltatio
2512 4575 2956 4641 adulescentulas,
2999 4576 3142 4644 regis
3191 4573 3433 4644 pruden-

1852 4673 1981 4728 tiam
2021 4671 2187 4741 cepit.
2222 4669 2406 4724 Fracti
2447 4683 2708 4721 manuum
2742 4675 2956 4731 motus,
2990 4666 3299 4736 pedumque
3330 4666 3433 4719 im-

168 4773 379 4845 Χειρῶν
409 4771 762 4834 ἀνακλάσεις,
802 4771 894 4823 καὶ
922 4767 1096 4820 ποδῶν
1126 4765 1403 4836 λυγισμοὶ,
1441 4767 1537 4819 καὶ
1567 4765 1743 4834 μελῶν

1857 4764 2040 4836 pudici
2087 4760 2283 4824 ﬂexus,
2311 4774 2376 4814 ac
2409 4759 2653 4814 membra
2703 4757 2769 4811 ad
2802 4757 3072 4812 luxuriam
3120 4758 3323 4822 soluta,
3349 4756 3435 4811 ﬂr-

131 4927 136 4934 _
169 4864 436 4926 ἐκλύσεις,
505 4862 566 4914 τδ
603 4859 835 4932 στερρὸν
873 4857 970 4912 τοῦ
1013 4857 1282 4926 βασιλέως
1323 4855 1582 4921 ἐξέλυσαν
1613 4855 1747 4924 φρό-

171 4974 333 5026 νημα.
371 4957 488 5008 Ούκ
519 4956 760 5026 ἡκούσας
791 4952 882 5006 τὸν
938 4951 1208 5003 Φιλίππου
1249 4949 1622 5019 Ἀλέξανδρον,
1654 4948 1748 5001 ἐπὶ

173 5051 284 5111 ταῖς
313 5047 542 5114 Δαρείου
573 5044 910 5115 θυγατράσιν
931 5040 1412 5114 προσενεχθείσαις
1439 5039 1587 5109 αὐτῷ
1609 5039 1746 5110 πρὸς

1853 4871 2001 4910 mum
2037 4868 2101 4908 ac
2153 4852 2386 4909 solidum
2421 4849 2568 4920 regis
2623 4863 2844 4903 sensum
2904 4859 3259 4903 enervarunt.
3310 4847 3430 4902 Non

1853 4943 2110 4998 audivisti
2173 4940 2544 4996 Alexandrum
2597 4937 2833 5008 Philippi
2901 4937 3070 4992 lilium
3135 4939 3334 4993 oblatis
3364 4936 3433 4990 ad

1855 5035 2216 5092 concubitum
2254 5031 2398 5088 Darii
2436 5031 2652 5088 ﬁliabus
2695 5031 2845 5104 (22),
2877 5031 3049 5103 regali
3084 5030 3251 5085 animi
3289 5045 3433 5102 prae-

1489 5211 1878 5270 COMBEFISH
1912 5208 2141 5269 NOTAE.

239 5360 352 5428 (‘21)
405 5355 500 5428 Uti
543 5357 632 5410 ira
683 5355 750 5408 iis
808 5351 1245 5428 obsequens._'ﬂ_;
1289 5349 1462 5428 θυμὸς
1519 5351 1748 5428 ταῦτα-ις

174 5421 680 5501 ἐξυπηρετο-ύῌμενος
711 5441 739 5501 ο-
775 5421 1034 5501 nimirum
1078 5421 1436 5501 τῇάκρασία
1481 5425 1575 5474 καὶ
1626 5421 1745 5501 φιλ-

139 5533 141 5536 -
175 5491 598 5570 ηδίνιᾷπράξει,
636 5495 776 5548 Male
812 5495 1084 5570 interpres
1118 5492 1426 5570 Lipontaui,
1461 5506 1560 5558 pro
1590 5491 1745 5570 obse-

177 5561 342 5639 q-eus
374 5561 439 5622 ac
472 5561 817 5639 ministratus,
842 5564 1100 5639 reddidit,
1131 5561 1453 5624 dominans;
1479 5561 1626 5639 quod
1657 5568 1744 5616 est

182 5633 408 5696 alienum
450 5653 575 5692 cum
617 5652 646 5689 a
686 5633 1053 5703 philos0pltia,
1085 5642 1198 5687 tum
1241 5649 1270 5686 a
1310 5640 1455 5703 textu
1491 5633 1741 5703 andreas.

183 5708 331 5764 Deest
387 5710 553 5764 etiam
605 5699 746 5776 apud
784 5699 921 5761 cuni
960 5704 1044 5766 τὸ,
1089 5706 1182 5776 τὸν
1224 5699 1373 5765 ἐντὸς
1421 5699 1740 5772 ἄνθρωπονο

187 5778 578 5849 ιιυοιίλοιιιοὶιιο
606 5771 1010 5831 restituendum
1041 5789 1106 5829 ex
1147 5771 1280 5845 Reg.

1925 5347 2037 5418 (22)
2085 5346 2294 5418 Oblatis
2325 5345 2396 5399 ad
2447 5346 2780 5418 concubitum
2831 5342 2990 5418 Darii
3033 5339 3270 5418 ﬁliabus.
3310 5339 3430 5393 ’ἴπὶ

1850 5409 1970 5488 ταῖς
2004 5409 2572 5488 Δαρείουιθυγατράσι
2593 5413 3110 5488 ᾲπρᾼοσενεχθείσαις.
3157 5409 3432 5488 Interprcs

1851 5478 2136 5555 Lipnmaiti
2173 5505 2186 5540 :
2219 5478 2962 5555 Septem'Darii'ﬁlias,'etc.
3002 5478 3191 5533 Putem
3235 5479 3432 5555 legisse

1851 5547 2012 5618 ἑπτα,
2047 5557 2166 5610 ἀντὶ
2200 5547 2320 5618 τοῦ,
2345 5555 2468 5607 ἐπίο
2499 5554 2643 5622 quod
2658 5547 2810 5607 satis
2839 5566 3084 5603 crassum
3117 5563 3180 5601 ac
3204 5547 3433 5622 ridicu-

1853 5628 1962 5681 lum
1997 5636 2100 5680 cst.
2127 5625 2274 5680 Duas
2297 5640 2398 5695 ego
2430 5618 2920 5695 sic—oblataslego,
2942 5629 3138 5695 _castas
3159 5618 3430 5695 virgines,

1849 5713 1913 5752 ac
1939 5695 2113 5750 forma
2143 5687 2398 5756 decoras,
2429 5709 2665 5764 quarum
2712 5687 3021 5764 Alexander
3067 5687 3270 5764 pudori
3294 5703 3431 5744 con-

1847 5767 2080 5823 suluerit
2109 5784 2120 5820 :
2151 5780 2258 5836 qua
2291 5767 2358 5819 de
2395 5759 2463 5818 re'
2485 5765 2670 5818 multis
2705 5766 2758 5816 in
2793 5777 2859 5817 eo
2889 5759 3242 5816 Plutarchus.
