3820 6316
59 366 238 439 1125
1147 388 1230 450 ΙΝ
1261 388 1322 452 S.
1360 388 1602 452 JOANN
1610 392 1682 452 IS
1720 393 2376 458 DECOLLATIONEM.
3233 404 3369 470 “25

57 509 222 560 μου.
250 510 274 544 ι
312 490 508 557 οὕτως
537 492 848 561 ἀφύλακτος
878 489 963 560 εἷς
1010 494 1184 560 οὕτως
1217 497 1468 570 εὐχερὴς,
1495 497 1568 562 ὥς
1614 501 1678 570 μὶ

1796 502 2051 572 prolapsa
2076 505 2148 558 sit
2175 506 2602 574 absurditatem,
2637 506 2996 582 iurisiurandi
3033 528 3165 572 voce
3205 525 3370 574 tenus

59 582 278 656 μέτρα
308 583 507 638 θέσθαι
533 587 646 648 σοῖς
670 586 953 657 λογισμοῖς
973 602 988 616 ⁶
1027 587 1187 658 μηδὲ,
1217 588 1356 659 ὅπερ
1389 589 1488 642 οὐκ
1519 589 1678 660 ἐχρῆν

1791 595 2068 663 prolatio?
2091 596 2283 668 Magna
2310 599 2548 665 insania,
2590 603 2792 658 mentis
2811 607 3048 672 caecitas,
3073 623 3370 666 sensuum.

57 674 487 740 ἀϐασανίστως
541 677 928 748 προσηκασθαι
985 679 1256 746 συνιδετν;
1301 680 1505 734 Σκόπει
1548 681 1678 751 πρὸς

1792 699 1899 751 que
1959 687 2258 754 bcbetudo,
2314 691 2457 746 hanc
2509 693 2607 748 tibi
2662 697 2955 752 stultitiam
3015 716 3370 772 pepererunt.

58 766 218 820 ὃσσν
242 766 511 830 ἀϐουλίας
540 765 803 837 ἐξηνέχθη
829 783 933 832 σοι,
965 768 1028 822 τὸ
1049 768 1338 840 προπετῶς
1368 769 1585 839 ὀμόσαι·
1613 770 1678 825 Ti

1799 795 1818 828 σ
1851 775 1985 832 Pete
2013 793 2042 830 a
2075 795 2161 835 me
2189 781 2338 852 quod
2372 783 2634 853 volueris,
2665 795 2720 842 et
2743 788 2887 843 dabo
2931 765 3051 854 tibi,
3084 765 3259 862 usque
3301 796 3370 849 ad

61 857 134 913 δδ
161 859 592 930 συνηρπάσθαι,
616 859 678 912 οὔ
711 876 856 930 φημι
887 859 1168 930 βασιλικὸν
1206 856 1349 916 εἶναι
1373 863 1678 934 γνώρισμα,

1794 868 2084 923 dimidium
2115 872 2263 942 regni
2312 875 2438 929 mei.
2494 894 2514 928 ι
2576 877 2730 933 Adeo
2797 880 3056 937 incautus
3095 856 3184 944 es.-
3231 871 3372 942 adeo

65 955 513 1028 ἀθυροστομίας
529 954 588 1007 δέ
612 953 784 1017 πάθος
809 954 1046 1024 ἀκρατὲς
1060 970 1074 984 ·
1089 955 1227 1026 ὅπερ
1246 954 1409 1018 αὐτὸς
1425 954 1678 1022 ὑποστάς,

1796 959 1934 1016 levis
1961 969 2015 1016 et
2053 961 2259 1029 facilis,
2284 975 2344 1020 ut
2372 983 2480 1022 non
2524 972 2781 1038 posueris
2809 976 3031 1030 modum
3063 978 3374 1037 rationibus

69 1047 140 1100 τδ
213 1048 302 1118 μὴ
357 1047 689 1118 κεκριμένον
738 1043 906 1109 ἐδέξω
943 1045 1018 1108 ὡς
1045 1045 1397 1116 κεκριμένον.
1435 1045 1678 1110 Τοιοῦτος

1794 1055 1928 1120 tuis,
1969 1070 2148 1128 neque
2179 1064 2252 1122 te,
2286 1059 2433 1129 quod
2458 1075 2567 1115 non
2600 1071 2906 1133 oporteret,
2933 1068 3055 1123 sine
3090 1071 3377 1139 probatio-

77 1139 207 1211 γὰρ
257 1139 415 1202 ἄπας
456 1137 582 1201 νοῦς
601 1137 956 1207 ἄχαλίνωτος,
989 1137 1085 1189 καὶ
1136 1135 1294 1206 λόγος
1335 1137 1678 1207 ἀφύλακτος.

1795 1160 1866 1200 ne
1890 1160 1953 1200 ac
1974 1147 2187 1216 judicio
2226 1149 2516 1208 admittere
2547 1154 2908 1212 intellexeris.
2937 1135 3237 1218 Considera
3261 1181 3372 1235 quo

87 1229 171 1300 μὴ
204 1229 316 1299 τῆς
366 1227 465 1282 τοῦ
515 1227 682 1281 καλοῦ
720 1225 955 1296 κρίσεως
986 1227 1388 1298 ἐπιστατούσης
1424 1231 1534 1292 τοῖς
1555 1228 1672 1298 λογι

1794 1250 1886 1291 res
1943 1238 2196 1303 cesserit,
2233 1249 2285 1294 et
2327 1253 2490 1310 quam
2526 1258 2723 1313 parum
2759 1247 2814 1300 in
2849 1253 2903 1301 te
2933 1252 3148 1306 consilii
3178 1225 3374 1324 argue-

89 1323 286 1391 σμοῖς,
313 1321 450 1374 ἀλλὰ
461 1319 725 1374 τάναντία
745 1318 877 1390 δρᾷν
892 1318 988 1372 τοῦ
1014 1317 1108 1372 νοῦ
1127 1319 1202 1390 μὴ
1218 1320 1541 1385 κωλύοντος,
1565 1340 1678 1394 προ·

1794 1326 1886 1391 rit,
1911 1327 2057 1396 quod
2099 1337 2306 1384 temere
2333 1330 2634 1400 juraveris.
2664 1333 2757 1388 Sic
2781 1345 2959 1391 autem
2985 1337 3147 1396 facile
3177 1317 3370 1415 arripi,

101 1413 504 1484 σαφῃρημένου
522 1411 614 1464 τοῦ
627 1411 772 1465 κατὰ
793 1411 954 1479 φύσιν
977 1411 1347 1482 φρονήματος.
1384 1412 1524 1466 Ἀλλ’
1541 1415 1570 1466 ὁ
1599 1414 1678 1484 μέπ

1791 1431 1904 1471 non
1926 1419 2093 1488 regiae
2119 1423 2325 1476 mentis
2353 1421 2622 1479 indicium
2657 1425 2914 1492 dixerim,
2945 1433 3042 1485 sed
3088 1411 3374 1502 profusio-

111 1502 370 1574 Ἡρώδης
413 1502 557 1556 οὕτω
601 1501 821 1570 κούφως
863 1501 1106 1570 ἐνεχθεὶς
1124 1501 1220 1555 καὶ
1254 1501 1477 1569 ἀθλίως,
1503 1502 1678 1558 ἁθλίαπ

1790 1508 1871 1564 ris
1905 1509 2181 1577 impotens
2204 1512 2435 1581 vitium;
2464 1517 2554 1570 cui
2593 1516 2710 1587 ipse
2737 1519 3044 1588 subjectus,
3085 1501 3231 1594 quod
3261 1543 3373 1584 non

97 1596 190 1648 καὶ
231 1593 342 1664 τὴν
370 1595 594 1666 μνήμην
606 1592 902 1647 διαπαντὸς
929 1591 1306 1660 ἀπηνέγκατο.
1597 1637 1600 1639 Α

1789 1608 1910 1655 erat
1955 1600 2168 1672 judicio
2225 1605 2522 1675 probatum
2557 1600 2896 1680 suscepisti,
2926 1591 3191 1686 tanquam
3220 1633 3366 1678 esset

93 1689 309 1760 judicio
347 1689 656 1758 probatum.
687 1687 967 1758 Ejusmodi
1002 1687 1151 1780 cnim
1185 1695 1272 1780 est
1308 1703 1467 1780 mens
1499 1690 1680 1747 omnis
1716 1693 1965 1760 effrenis,
2017 1706 2071 1751 et
2107 1697 2372 1755 incautus
2425 1716 2611 1757 sermo
2642 1743 2656 1766 .
2726 1715 2784 1760 ut
2814 1722 2922 1761 non
2967 1708 3096 1764 boni
3159 1711 3374 1780 judicio

96 1777 469 1848 cogitationes
531 1779 883 1842 moderante,
947 1776 1044 1832 sed
1080 1778 1280 1835 mentis
1319 1778 1532 1848 judicio
1594 1782 1733 1838 nihil
1801 1786 2152 1861 prohibente,
2179 1800 2459 1846 contraria
2493 1792 2677 1861 faciat,
2706 1797 2926 1852 sublato
2960 1816 3125 1856 sensu
3159 1776 3375 1862 natura:

96 1881 496 1927 consentanea.
537 1870 627 1926 Sic
664 1887 794 1927 vero
838 1871 1086 1928 Herodes
1129 1872 1324 1929 leviter
1353 1888 1420 1929 ac
1464 1875 1663 1932 misere
1701 1889 1977 1952 arreptus,
2025 1884 2291 1939 miserum
2347 1902 2548 1941 nomen
2581 1889 2635 1942 in
2694 1900 3022 1960 perpetuum
3057 1895 3263 1954 retulit.

163 1991 234 2045 Τί
268 1991 326 2044 δὲ
349 1991 412 2045 τὸ
430 1990 534 2060 τῆς
591 1990 818 2061 ἀνομίας
868 1991 1157 2063 κοράσιον;
1185 1991 1285 2063 τῆς
1345 1992 1593 2064 μοιχείας
1623 1993 1678 2047 τὸ

1856 2000 2000 2066 Quid
2054 2016 2188 2056 vero
2235 2004 2471 2060 scelesta
2499 2003 2682 2073 puella
2714 2005 2739 2058 ?
2775 2006 3040 2063 adulterii
3075 2024 3205 2066 esca
3255 2011 3372 2079 illa,

93 2084 292 2156 δέλεαρ
312 2127 328 2150 ,
357 2084 418 2137 τὺ
437 2082 535 2136 τοῦ
580 2083 825 2155 Ἡρώδου
883 2085 1209 2154 ἄγκιστρον
1245 2087 1279 2158 ἡ
1315 2089 1481 2155 παγὶς
1503 2085 1588 2155 ἐφ’
1615 2087 1678 2156 ῆν

1787 2090 2020 2148 llerodis
2053 2094 2282 2160 hamus,
2325 2097 2556 2166 laqueus
2603 2097 2658 2151 in
2709 2113 2871 2168 quem
2925 2100 3018 2155 ille
3079 2102 3376 2172 prolapsus

109 2179 322 2240 ἐκεῖνος
391 2175 797 2247 παρολισθήσας
871 2176 1218 2247 προσέκοψε,
1270 2177 1366 2231 καὶ
1422 2177 1678 2248 θηραθεὶς

1787 2185 2032 2251 offendit,
2086 2195 2141 2242 et
2195 2203 2305 2258 quo
2356 2197 2555 2258 captus
2588 2189 2817 2245 minime
2881 2190 3110 2263 effugit?
3140 2212 3160 2246 ι
3202 2194 3371 2260 Dixit,

97 2274 195 2322 οὐκ
228 2269 516 2339 ἐξέφυγεν;
555 2287 573 2320 ι
599 2262 787 2333 Εἶπεν,
841 2267 1026 2338 φησὶν,
1064 2272 1132 2340 τῇ
1164 2271 1333 2341 μητρὶ
1385 2271 1586 2341 αὐτῆςο
1617 2271 1678 2323 Τί

1787 2277 1986 2348 inquit,
2019 2279 2185 2332 matri
2226 2295 2378 2334 suae:
2416 2279 2556 2346 Quid
2595 2282 2814 2350 petam?
2846 2281 2947 2336 Illa
2979 2262 3166 2340 autem
3217 2301 3374 2358 prta-

101 2361 430 2431 αἱτήσομαις
471 2361 536 2413 Ἦ
586 2359 642 2414 δὲ
697 2359 1126 2432 προϐιϐασθεῖσα
1169 2403 1184 2424 ,
1245 2363 1346 2427 Δός
1407 2380 1501 2434 μοι
1543 2360 1678 2428 ὦδε,

103 2454 289 2523 φησὶν,
311 2452 372 2517 ἐξ
399 2453 571 2522 αὐτῆς
601 2451 701 2523 τὴν
732 2452 974 2523 κεφαλὴν
1031 2453 1279 2506 Ἰωάννου
1330 2454 1425 2508 τοῦ
1473 2456 1680 2509 Βαπτι-

105 2545 252 2598 στοῦ.
292 2565 310 2598 ι
361 2545 526 2616 Ὁρᾷς
559 2544 650 2597 τὸν
705 2543 1099 2615 εὸαγγελιστὴν
1141 2545 1350 2616 τάληθῆ
1398 2547 1679 2619 πανταχοῦ

103 2638 529 2708 προϊσχόμενον;
560 2637 624 2689 Τί
654 2636 760 2708 γάρ
790 2653 994 2706 φησιν;
1033 2655 1051 2687 ι
1081 2637 1147 2688 ’Π
1177 2637 1234 2690 δέ
1274 2638 1544 2708 Ἡρωδιὰς
1597 2642 1683 2692 ἐν-

106 2732 248 2798 εῖχεν
289 2728 459 2798 αὐτῷ,
487 2729 582 2781 καὶ
613 2728 806 2798 ἢθελεν
859 2728 1023 2780 αὑτὸν
1072 2727 1420 2790 ἀποκτεῖναι,
1457 2731 1550 2782 καὶ
1579 2731 1681 2782 οὐκ

107 2819 352 2888 ἠδύνατο.
405 2822 464 2874 ’0
501 2819 612 2891 γὰρ
657 2819 904 2890 Ἡρώδης
937 2819 1188 2887 ἐφοϐεῖτο
1246 2820 1339 2872 τὸν
1392 2820 1678 2889 Ἰωάννην,

107 2911 261 2976 εἰδὼς
291 2913 454 2967 αὑτὸν
487 2913 656 2984 ἄνδρα
687 2912 896 2966 δίκαιον
941 2913 1037 2964 καὶ
1094 2911 1250 2980 ἇγιον
1275 2930 1288 2942 ο
1325 2915 1420 2966 καὶ
1467 2913 1683 2968 ἁκούων

108 3004 268 3058 αὐτοῦ
334 3006 503 3060 πολλὰ
552 3005 748 3070 ἐποίει,
806 3005 902 3059 καὶ
966 3006 1136 3075 ἡδέως
1188 3005 1353 3059 αὐτοῦ
1413 3007 1674 3078 ἤκουεν.»

109 3094 332 3162 Βλέπεις
387 3100 480 3151 καὶ
530 3099 638 3168 πρὸ
694 3097 802 3150 τῶν
860 3098 1044 3167 ὅρκων
1073 3097 1172 3168 ἤδη
1204 3099 1682 3168 προσεγκειμὲνην

111 3189 172 3257 τῇ
202 3189 452 3261 βδελυρᾷ,
481 3189 584 3260 τὴν
613 3190 754 3242 κατά
781 3187 877 3243 τοῦ
909 3189 1200 3260 προφήτου
1232 3190 1682 3262 φιλαπεχθήμονα

113 3281 353 3353 γνώμην,
382 3283 491 3335 Καὶ
523 3282 575 3335 τί
615 3283 820 3352 ταύτης
878 3283 1274 3352 ἐναργέστερον
1313 3283 1415 3352 τῆς
1474 3301 1684 3356 μαρτυ-

119 3347 230 3441 ρίεις⁷
271 3347 470 3442 γένοιτ’
511 3372 616 3434 ἄνς
674 3347 790 3443 Τήν
823 3390 882 3427 τε
915 3347 1386 3446 γάνρνπαρρησίαν,
1444 3347 1680 3430 καὶ-τὸν
1707 3347 1750 3406 C

120 3462 282 3532 ζῆλον,
313 3464 398 3518 διὰ
424 3465 517 3518 τὸν
553 3463 689 3534 πρὸς
716 3462 970 3535 Ἡρώδην
1029 3465 1251 3535 ἔλεγχον
1300 3467 1393 3520 τοῦ
1428 3469 1676 3522 Ἰωάννου

123 3556 419 3628 παρίστησι,
480 3556 576 3610 καὶ
608 3555 706 3628 τὴν
740 3556 847 3608 ἀπὸ
878 3557 1076 3626 χρόνου
1109 3557 1254 3610 κατὰ
1308 3557 1507 3626 βάθους
1547 3559 1679 3611 ύπο-

126 3648 439 3718 τρεφομένην
464 3647 606 3717 αὐτῇ
650 3645 832 3716 μῆνιν,
887 3644 978 3698 ὑπ’
1006 3645 1130 3714 ὄψιν
1164 3645 1287 3714 ἄγει
1314 3647 1426 3700 τῶν
1447 3650 1676 3702 ἀκουόν-

127 3751 233 3792 των.
263 3737 429 3792 Τοῦτο
446 3739 491 3771 ⁷³
546 3738 657 3809 γὰρ
685 3738 764 3801 τὸ,
800 3737 1058 3806 ἐνεῖχεν,
1087 3738 1325 3808 ὑπάρχει
1378 3754 1675 3808 προστατι-

130 3823 206 3880 κδν
237 3827 366 3898 ἄμα,
401 3829 495 3883 καὶ
523 3828 798 3882 δεικτικόν
819 3842 832 3857 ·
867 3827 991 3879 ἐπεὶ
1016 3828 1107 3880 καὶ
1136 3826 1219 3893 τὺ,
1250 3829 1362 3882 οὐκ
1388 3827 1676 3895 ἠδύνατο,

130 3915 378 3987 ἀπόδειξιν
433 3921 548 3991 ἔχει
607 3919 708 3989 τῆς
774 3917 1018 3988 Ἡρώδου
1071 3919 1208 3990 πρὸς
1259 3920 1514 3990 Ἰωάννην
1558 3920 1678 3991 μετ’

130 4007 385 4076 εὐλαϐείας
416 4011 586 4082 τιμῆς
611 4029 624 4042 ο
655 4011 736 4064 ὅτι
786 4027 847 4062 τε
879 4011 1038 4078 ἄγιον
1098 4011 1194 4064 καὶ
1251 4012 1458 4066 δίκαιον
1517 4013 1678 4066 αὐτὸν

130 4093 272 4173 εἶχεν,
324 4105 415 4158 καὶ
450 4103 668 4158 ἀκούων
720 4101 887 4156 αὑτοῦ
949 4101 1121 4157 πολλὰ
1151 4105 1347 4166 ἐποίει,
1382 4107 1475 4158 καὶ
1507 4105 1679 4177 ηδέως

127 4191 274 4248 αὖτοῦ
320 4197 535 4268 ηκουεν.
583 4197 646 4249 El
685 4195 782 4248 καὶ
833 4195 930 4265 ἥδε
952 4195 1062 4248 τῶν
1099 4195 1212 4250 ἄνω
1261 4196 1396 4268 πρὸς
1429 4197 1498 4250 τὰ
1528 4199 1679 4250 κάτω

124 4282 408 4358 σύγκρισις,
434 4288 573 4342 πολὺ
617 4288 756 4360 πρὸς
786 4288 990 4357 ἑαυτὴν
1018 4287 1080 4341 τδ
1106 4288 1365 4359 διάφορον
1397 4289 1545 4359 ἔχει’
1583 4291 1679 4342 καὶ⁵

115 4372 219 4431 οὐκ
248 4381 326 4432 ίσα
351 4381 418 4433 τὰ
451 4380 779 4451 πράγματα,
812 4379 910 4448 τὴν
936 4377 1112 4442 ἄλλως
1136 4379 1182 4409 "
1211 4378 1352 4431 αὐτὰ
1379 4377 1475 4431 τοῦ
1537 4395 1679 4449 κρα-

110 4470 322 4536 resima;
374 4473 625 4542 ἄγοντος.
659 4473 740 4526 Τά
773 4472 876 4542 μὲν
929 4471 1040 4543 γὰρ
1091 4471 1328 4542 πρῶταο
1385 4473 1676 4545 παρρησία

103 4562 218 4613 κιαι
254 4563 398 4633 ζῆλος
423 4582 432 4593 ·
461 4565 556 4617 καὶ
582 4565 820 4633 ἔλεγχοι,
849 4565 949 4634 τὴν
972 4562 1066 4616 τοῦ
1103 4563 1368 4633 βασιλέως
1403 4565 1678 4636 ἐπέπλητο

109 4656 216 4700 την
248 4655 456 4708 ἄνοιαν·
527 4654 838 4725 άνομοῦντά
885 4671 944 4707 τε
997 4654 1161 4708 αὐτόν
1195 4671 1209 4684 ο
1262 4657 1384 4708 κατ’
1442 4656 1675 4725 ἀδελφοῦ

136 4746 383 4816 ιἱδεινερὼς,
451 4745 553 4816 τὴν
619 4745 806 4816 κοίτην
866 4744 1327 4810 ἐπιϐουλεύοντα,
1400 4745 1678 4816 προύργου

146 4823 400 4908 διήλεγχεν.
448 4835 616 4908 Ὀμοῦ
639 4836 700 4889 τὸ
726 4836 793 4890 δι’
819 4836 1002 4900 αἰδοῦς
1055 4836 1201 4907 ἔχειν
1255 4836 1351 4890 τοῦ
1417 4837 1554 4890 Θεοῦ
1590 4837 1682 4890 τὸν

141 4928 388 5001 προφήτην
419 4969 436 4995 ,
492 4930 590 4983 ἅτε
651 4928 860 4983 δίκαιον
921 4928 1017 4982 καὶ
1066 4928 1223 4996 ἄγιον
1291 4929 1476 4999 χώραν
1535 4925 1680 5001 εῖχεν

133 5004 368 5084 “Nysa
410 5021 470 5074 δὲ
530 5021 680 5091 ἑξῆς,
737 5020 973 5092 ἀνόμοια
1036 5021 1217 5090 πάντη
1271 5023 1365 5074 καὶ
1398 5023 1680 5091 άπεμφαί-

125 5105 285 5174 νοντα,
330 5113 426 5166 καὶ
479 5111 588 5165 τῶν
638 5113 922 5183 προτέρων
967 5111 1124 5165 οὐδὲν
1168 5112 1289 5165 κατ’
1320 5112 1511 5166 οὐδένα
1553 5113 1681 5183 τρό-

59 5259 62 5266 ,
115 5193 220 5274 ἓν
245 5202 528 5274 ἐφάμιλλον
575 5202 792 5274 ἔχοντα.
826 5205 993 5256 Ὅτου
1022 5204 1087 5274 δὴ
1119 5204 1301 5274 χάριν,
1350 5206 1446 5257 καὶ
1497 5205 1674 5272 διατί;

115 5267 413 5368 Ἐξετράπη
433 5295 545 5367 γάρ
567 5267 815 5360 οἰνωθεὶς
837 5295 975 5368 πρὸς
991 5293 1054 5349 τὸ
1195 5267 1372 5367 μέθης
1400 5296 1600 5364 κοῦφόν
1617 5267 1676 5349 τε

93 5371 223 5442 κζὶ
265 5388 552 5460 ὑπηνέμιον
603 5388 809 5460 ἔρυμα,
879 5388 1000 5468 ὃθεν
1025 5387 1241 5459 ψυχρᾶς
1276 5387 1484 5441 εἵνεκεν
1518 5389 1676 5459 εύορ-

177 5561 225 5601 ἱ
249 5563 395 5622 Marc.
471 5580 546 5632 Vl,
579 5565 672 5631 l9,
704 5567 790 5624 20.

1785 2372 1994 2424 monita
2033 2385 2048 2423 :
2087 2369 2163 2425 Da
2203 2371 2338 2425 mihi
2399 2370 2511 2438 hic,
2583 2372 2788 2440 inquit,
2857 2375 3045 2428 statim
3105 2375 3162 2430 in
3213 2377 3374 2433 disco

1761 2461 1948 2528 'caput
1985 2457 2217 2516 Joannis
2273 2458 2554 2530 Baptistae.
2605 2478 2624 2511 ι
2663 2457 2829 2515 Vides
2859 2463 3260 2532 evangelistam
3305 2481 3371 2521 ea

1785 2565 2002 2620 semper
2054 2567 2179 2621 qua:
2235 2566 2365 2607 vera
2419 2561 2550 2607 sunt
2598 2553 3000 2608 adducentem?
3045 2555 3188 2620 Quid
3222 2557 3370 2611 enim

1785 2641 1900 2695 ait?
1931 2660 1952 2694 t
1985 2641 2262 2700 Hcrodias
2316 2653 2500 2699 autem
2538 2644 2586 2699 ei
2632 2643 3023 2711 insidiabatur,
3062 2656 3114 2701 et
3156 2648 3374 2704 volebat

1795 2747 1922 2786 eum
1966 2734 2246 2799 occidere,
2273 2749 2376 2789 nec
2405 2740 2644 2804 poterat.
2696 2732 2940 2790 Herodes
2971 2734 3123 2790 enim
3160 2745 3375 2792 metue-

1785 2822 1878 2876 bat
1902 2822 2196 2890 Joannem,
2221 2826 2407 2880 sciens
2424 2839 2550 2879 ettm
2582 2823 2988 2894 virumjustum
3009 2833 3064 2880 et
3088 2835 3373 2895 sanctum;

1784 2927 1838 2970 ct
1865 2917 2055 2973 audito
2082 2934 2149 2973 eo
2176 2919 2345 2973 multa
2385 2918 2646 2982 faciebat,
2676 2925 2731 2972 et
2763 2918 2994 2974 libenter
3019 2934 3144 2973 eum
3178 2919 3375 2975 audie-

1785 3011 1877 3065 bat
1912 3019 1958 3062 τ.
2001 3027 2020 3060 ι
2067 3006 2234 3064 Vides
2263 3019 2390 3064 ante
2414 3009 2580 3064 etiam
2612 3007 3006 3078 jusjurandum
3043 3009 3218 3066 fuisse
3247 3025 3372 3066 sce-

1784 3100 2016 3156 leratam
2069 3099 2332 3154 feminam
2395 3099 2618 3154 infenso
2671 3099 2859 3152 animo
2897 3099 2950 3153 in
3005 3102 3374 3170 prophetam?

1784 3192 1927 3260 Quid
1946 3201 2134 3246 autem
2169 3191 2490 3246 testimonio
2522 3191 2627 3246 hoc
2655 3191 2975 3246 evidentius
3003 3207 3128 3248 esse
3151 3201 3320 3262 queat
3345 3193 3373 3248 ?

1782 3284 1918 3340 Cum
1953 3284 2097 3339 enim
2126 3284 2438 3338 libertatem
2473 3281 2735 3354 loquendi
2799 3297 2865 3338 ac
2909 3284 3088 3339 zelum
3139 3284 3372 3342 Joannis

1787 3377 2068 3440 ostendit,
2105 3391 2172 3432 co
2207 3375 2354 3446 quod
2399 3375 2490 3430 ille
2552 3374 2828 3431 Herodem
2887 3376 3320 3446 reprehenderet
3352 3396 3370 3435 :

1787 3480 1901 3523 tum
1927 3470 2056 3523 olim
2097 3470 2209 3523 imo
2243 3477 2469 3539 pectore
2512 3477 2714 3535 satam,
2745 3481 2811 3521 ac
2842 3467 3203 3524 inveteratam
3250 3486 3372 3525 mu-

1789 3560 2033 3621 liercula:
2064 3559 2223 3622 iram,
2261 3559 2314 3611 in
2373 3557 2691 3610 auditorum
2750 3565 3036 3624 aspectum
3087 3559 3369 3628 producit.

1788 3649 1902 3704 lloc
1969 3649 2115 3702 enim
2168 3647 2445 3718 signiﬁcat
2499 3648 2707 3716 pariter
2745 3655 2913 3716 atque
2963 3651 3210 3702 ostendit
3265 3665 3369 3704 vox

1787 3742 1903 3803 illa,
1927 3739 2309 3794 insidiabatur.
2342 3737 2479 3820 Nam
2499 3747 2552 3793 et
2573 3736 2732 3796 illud.
2758 3753 2862 3792 non
2874 3747 3106 3805 poterat,
3126 3741 3374 3795 ostendit

1788 3831 2018 3887 Herodis
2075 3831 2133 3885 in
2180 3829 2450 3886 Joannem
2501 3831 2772 3886 honorem
2845 3841 2897 3885 et
2954 3832 3370 3886 reverentiam:

1786 3922 1934 3994 quod
1969 3924 2236 3976 nimirum
2276 3923 2325 3978 is
2375 3931 2631 3978 sanctum
2663 3937 2728 3976 ac
2751 3921 2970 3992 justum
3021 3937 3148 3976 eum
3199 3921 3374 3978 habe-

1787 4025 1892 4081 ret,
1921 4028 2099 4084 eoque
2144 4013 2334 4069 audito
2380 4014 2554 4068 multa
2601 4013 2831 4077 faceret,
2868 4026 2934 4066 ac
2972 4011 3212 4067 libenter
3243 4025 3370 4065 eum

1787 4107 2022 4162 audiret.
2083 4105 2410 4176 Quanquam
2455 4114 2517 4158 ut
2573 4105 2756 4174 priora
2817 4118 2946 4158 cum
3005 4104 3373 4173 sequentibus

1787 4199 2224 4270 comparaveris.
2282 4211 2538 4265 magnum
2594 4195 2898 4254 discrimen
2961 4206 3065 4261 est,
3127 4209 3227 4249 nec
3282 4209 3373 4249 res

1788 4300 1918 4348 sunt
1943 4291 2211 4362 arquales,
2252 4290 2307 4345 in
2347 4291 2550 4360 quibus
2598 4304 2692 4344 rex
2731 4289 2926 4344 leviter
2953 4287 3202 4344 haberet.
3231 4286 3370 4342 Nam

1785 4385 1964 4453 prima
1992 4382 2217 4452 quidem
2239 4420 2255 4445 ,
2297 4397 2495 4452 nempe
2527 4382 2793 4451 loquendi
2824 4381 3056 4437 libertas
3093 4396 3159 4436 ac
3192 4381 3372 4446 zelus,

1759 4472 2386 4541 .repreltensionesque,
2439 4470 2586 4540 regis
2635 4470 2996 4539 increpabant
3041 4471 3371 4534 amentiam,

1787 4564 2082 4635 ipsumque
2117 4562 2298 4630 palam
2351 4561 2622 4616 adversus
2661 4560 2886 4615 fratrem
2942 4560 3135 4630 inique
3183 4575 3369 4630 agere,

1787 4657 1948 4726 cujus
2009 4653 2178 4708 cubili
2243 4651 2622 4715 insidiaretur,
2681 4651 2975 4706 commode
3036 4651 3369 4722 arguebant.

1783 4746 2062 4801 Hactenus
2090 4755 2273 4798 tamen
2323 4743 2563 4797 habebat
2595 4744 2798 4808 locum,
2827 4751 2889 4797 ut
2917 4741 3014 4798 Dei
3046 4747 3370 4814 prophetam

1781 4846 2132 4894 revereretur
2161 4843 2428 4904 tanquam
2458 4834 2674 4903 justum
2715 4848 2778 4888 ac
2811 4843 3070 4890 sanctum
3104 4852 3119 4889 :
3157 4845 3214 4888 at
3244 4851 3371 4906 qua:

1781 4937 2094 5000 sequuntur
2133 4928 2432 4984 dissimilia
2461 4930 2688 4984 omnino
2711 4945 2776 4985 ac
2807 4930 3191 5003 discrepantia
3214 4941 3368 4998 sunt,

1783 5039 1884 5078 nec
1921 5021 2224 5093 quidquam
2260 5037 2493 5091 prorsus
2529 5021 2736 5078 habent
2766 5023 2912 5093 quod
2947 5024 3227 5093 prioribus
3283 5039 3374 5080 re-

1787 5113 2079 5184 spondeat.
2119 5111 2401 5180 Quorsum
2455 5128 2610 5175 vcro,
2668 5129 2733 5169 ac
2777 5129 3022 5184 quanam
3057 5129 3123 5170 ex
3157 5116 3374 5170 causa?

1786 5203 2148 5260 Temulentus
2178 5205 2350 5271 enim,
2377 5207 2445 5258 ad
2477 5205 2598 5260 leve
2627 5219 2693 5259 ac
2734 5203 2999 5260 frivolum
3048 5219 3371 5274 propugna-

1785 5297 1973 5353 culum
2019 5296 2307 5352 ebrietatis
2343 5311 2467 5352 sese
2512 5296 2792 5352 convertit
2823 5313 2838 5350 ε
2895 5311 3010 5366 quo
3044 5297 3247 5350 factum
3281 5306 3368 5350 est

1786 5397 1848 5444 ut
1891 5397 2122 5460 propter
2150 5388 2413 5460 frigidum
2446 5389 2842 5460 jusjurandum
2862 5429 2877 5454 ,
2908 5395 2966 5444 et
2997 5386 3369 5442 convivarum

1357 5715 1593 5774 VAR'AE
1627 5715 2034 5774 LECTIONES.

209 5811 242 5842 "
261 5831 336 5883 τι).
361 5812 582 5868 τούτου.
661 5812 705 5843 ’³
725 5827 818 5880 rp.
851 5808 950 5880 τὴν
975 5808 1173 5872 ἄλλως.
