3820 6316
545 358 680 424 1131

1729 359 1793 420 S.
1821 355 2151 420 ΑΝΒΒΕᾸΞ
2191 354 2616 416 CRETENSIS

3629 356 3725 422 ll?!

542 471 930 537 reverentiam,
981 471 1244 540 majorem
1295 469 1536 527 nefando
1567 471 1867 526 concubitu
1923 472 2118 540 nequi-

2226 468 2369 535 κίας,
2400 467 2617 537 καὶτῆς
2647 467 2786 538 πρὸς
2811 465 2933 530 τοὺς
2971 463 3277 536 συμπότας
3321 465 3506 534 αἰδοῦς,
3529 471 3608 543 τὴν
3647 478 3728 544 με.

540 566 673 619 tiam
709 570 970 634 pareret;
1026 571 1286 632 tanquam
1339 562 1396 616 in
1427 576 1595 617 scena
1639 560 1858 617 luderet
1889 561 2123 617 simula-

538 657 773 720 tionem,
813 661 967 708 ratus
999 650 1122 707 fore
1148 659 1207 706 ut
1241 653 1462 708 oculum
1502 651 1748 716 falleret,
1787 667 1953 724 quem
1987 651 2126 706 nihil

540 752 725 817 potest
759 745 953 800 latere.
973 745 1094 810 Qua
1127 743 1181 798 id
1211 745 1462 800 ratione?
1492 763 1511 796 ι
1548 743 1924 800 Contristatus
1953 743 2121 807 enim,

542 837 748 906 inquit,
778 844 865 892 est
894 851 993 891 rex
1021 853 1034 889 :
1066 835 1162 891 sed
1193 836 1847 907 protiterjusjurandum,
1875 845 1931 892 et
1955 835 2125 892 simul

542 928 956 992 recumbentes,
988 926 1166 982 noluit
1195 927 1244 980 ei
1275 927 1539 982 abnuere.
1587 945 1605 979 ι
1633 925 1777 992 Quid
1813 927 1916 982 hac
1945 927 2124 982 simu-

543 1018 750 1073 latione
789 1017 966 1088 magis
995 1017 1470 1072 abominandum?
1499 1017 1644 1083 Quid
1673 1033 1803 1073 vero
1833 1016 2125 1073 miserabi-

543 1110 653 1165 lius
688 1109 994 1180 juramenti
1048 1107 1201 1162 illius
1247 1109 1553 1180 religione?
1596 1107 1733 1162 Nam
1772 1124 1899 1162 cum
1934 1107 2124 1164 liceret

543 1203 634 1273 pio
681 1201 855 1272 magis
901 1207 1204 1272 praetextu,
1233 1213 1298 1253 ac
1334 1213 1501 1254 sensu
1541 1199 1694 1267 regio
1726 1197 2121 1268 jusjurandum

543 1295 838 1364 depellere,
865 1294 1070 1346 malum
1109 1293 1253 1346 malo
1285 1291 1545 1347 confecit.
1589 1311 1606 1341 ι
1631 1290 1803 1346 Misso
1831 1291 1981 1346 enim
2011 1291 2125 1362 spi-

542 1388 794 1443 culatore
844 1385 1017 1454 jussit
1069 1386 1346 1455 amputari
1397 1393 1560 1454 caput
1595 1382 1827 1438 Joannis
1854 1422 1870 1448 ,
1913 1391 1966 1438 et
2001 1382 2122 1436 dari

542 1477 763 1546 puellae.
809 1495 827 1528 ι
867 1473 1071 1529 Vidisti
1118 1474 1504 1528 bebetudinem
1534 1489 1836 1534 summam.
1879 1488 1944 1528 ac
1985 1474 2121 1528 levi-

543 1566 752 1621 tatem?
777 1565 972 1620 Nonne
1001 1565 1300 1634 praestabat
1322 1564 1463 1620 bene
1488 1565 1766 1635 pejerare,
1790 1580 1954 1635 quam
1979 1565 2122 1621 male

539 1658 933 1729 jusjurandum
971 1655 1230 1712 servare?
1267 1657 1469 1726 Aperte
1501 1657 1745 1722 mentiri,
1776 1672 1876 1712 nec
1899 1658 1952 1711 in
1989 1673 2120 1727 pro-

548 1749 767 1819 phetam
803 1763 1025 1802 manum
1065 1746 1319 1803 mittere?
1353 1747 1544 1802 Delicti
1569 1787 1584 1813 ,
1641 1762 1704 1802 ac
1751 1747 2120 1818 imprudentis

2227 558 2359 624 ζονα
2387 559 2489 630 τῆς
2519 558 2780 630 ἀθεμίτου
2845 558 3058 629 μίξεως
3119 556 3353 626 ἀνομίαν
3399 556 3560 614 ὤδινεν
3580 579 3593 593 ·
3621 563 3730 628 dubi

2228 654 2403 723 σκηνῇ
2434 650 2635 716 παίξας
2655 651 2717 704 τὸ
2743 651 2925 722 δρᾶμα
2951 650 3066 720 τῆς
3124 648 3484 718 ὑποκρίσεως,
3525 651 3732 710 λανθάνειν

2227 747 2454 818 νομίσας
2466 746 2558 798 τὸν
2576 745 2822 816 -ἀληστον
2845 741 3170 812 ὀφθαλμόν.
3203 741 3341 795 Τίνα
3367 743 3572 811 spem;
3595 749 3732 801 «Ἕω.

2227 839 2376 911 πήθη
2417 839 2550 910 γὰρ,
2613 838 2799 907 φησιν,
2829 837 2859 890 ὀ
2893 833 3172 906 βασιλεύς
3201 847 3216 863 ’
3255 832 3391 886 ἀλλά
3444 828 3643 900 eam;
3671 840 3732 906 δρ-

2227 949 2381 996 κους.
2417 932 2658 996 καὶτοὺς
2717 928 3258 998 συνανακειμένους,
3286 926 3387 980 οὑκ
3419 925 3584 996 ἧθελεν
3618 931 3732 1001 sistit

2226 1023 2515 1094 ἀθετῆσαι.
2549 1042 2567 1076 ι
2610 1023 2676 1076 Τί
2698 1021 2904 1088 ταύτης
2933 1023 3040 1092 τῆς
3101 1018 3454 1090 ὑποκρίσεως
3479 1017 3731 1086 paetum:-

2228 1132 2360 1187 ρον;
2392 1116 2456 1168 Τί
2480 1114 2538 1168 δὲ
2562 1115 2660 1184 τῆς
2695 1113 2951 1184 εὐορκίας
2991 1112 3234 1182 ἐκείνης
3291 1109 3728 1181 ἀθλιώτερονιῈ-ὲτ

2227 1207 2336 1278 γὰρ
2363 1207 2514 1277 αὑτῷ
2536 1205 2869 1277 παρωθῆσαι
2899 1206 3031 1268 τοὺς
3061 1206 3275 1274 ὅρκους
3299 1202 3631 1274 εὑσεὸεστέρῳ

2227 1299 2490 1369 ϐλήματι.
2524 1299 2618 1353 καὶ
2648 1297 2910 1369 βασιλείῳ
2969 1298 3328 1368 φρονήματι,
3388 1296 3531 1366 κακῷ
3546 1297 3594 1349 τὸ
3621 1303 3722 1352 xui-1

2241 1389 2633 1460 συνεπέρανεν.
2698 1409 2716 1442 ι
2751 1389 3120 1451 ’Δποστείλας
3183 1388 3297 1458 γὰρ
3345 1387 3721 1460 σπεκοιιλάτωρε,

2225 1478 2512 1532 ἐκέλευσεν
2561 1479 2956 1549 ἀποτμηθῆναι
2993 1478 3106 1547 τὴν
3142 1476 3394 1546 κεφαλὴν
3434 1477 3721 1542 Ἰωάννου,ιή

2224 1567 2448 1639 δοθῆναι
2478 1568 2556 1637 τῷ
2587 1568 2850 1638 κορασίῳ.
2889 1586 2908 1620 ι
2968 1562 3135 1626 Εἶδες
3193 1565 3428 1628 νωθείας
3477 1567 3558 1618 καὶ
3595 1571 3724 1634 mel-

2223 1678 2384 1730 τητος
2444 1662 2757 1732 ὑπερϐολήν
2807 1679 2824 1727 ;
2883 1661 2999 1714 Οὑκ
3060 1660 3180 1713 ἔδει
3250 1659 3449 1726 μᾶλλον
3493 1660 3721 1731 suum”:

2225 1751 2482 1820 καλῶς,ἢ
2523 1751 2710 1816 κακῶς
2750 1751 3094 1824 εύορκῆσαι,
3131 1749 3451 1818 ψεύσασθαι
3500 1751 3720 1818 προςανύς,

541 1840 962 1912 pollicitationis
993 1841 1210 1894 veniam
1247 1847 1452 1909 petere,
1489 1855 1652 1909 quam
1683 1839 1834 1909 juste
1877 1855 2006 1894 vera
2035 1839 2118 1894 di-

2226 1844 2317 1897 καὶ
2370 1843 2468 1895 τοῦ
2518 1841 2802 1912 προφήτου
2867 1841 2942 1910 μὴ
2993 1841 3309 1910 ἆψασθαι;
3367 1838 3644 1907 συγγνώμην
3672 1841 3721 1892 εἰ·

542 1945 755 1988 centem
791 1972 808 1996 ,
887 1933 1156 2002 injustum
1219 1932 1357 1986 efﬁci
1420 1933 1702 2001 prophetae
1758 1935 2064 1987 occisorem
2099 1972 2115 1997 ,

536 2022 861 2094 justumque
893 2023 996 2078 sibi
1029 2038 1295 2093 reponere
1319 2023 1592 2092 judicium
1619 2063 1634 2088 ,
1675 2037 1740 2077 ac
1771 2022 1910 2078 elﬁci
1945 2025 2114 2078 illium

457 2165 461 2170 .
542 2115 844 2185 gehennae?
873 2116 930 2170 Si
964 2115 1190 2186 quidem
1215 2116 1360 2171 enim
1397 2116 1734 2185 postulasset
1767 2124 1826 2169 ut
1857 2118 1911 2170 in
1945 2115 2118 2171 Deum

542 2214 797 2278 peccaret
833 2215 888 2262 et
912 2206 1060 2262 idola
1090 2209 1353 2278 erigeret,
1385 2208 1578 2278 eisque
1613 2209 1964 2264 subditorum
1992 2224 2118 2264 san-

541 2300 763 2372 guinem
797 2299 1033 2366 libaret;
1069 2299 1342 2370 Iiliosque,
1377 2315 1442 2354 ac
1488 2301 1665 2367 ﬁlias,
1693 2310 2031 2370 matresque,
2063 2311 2119 2354 et

541 2391 768 2454 Iratres,
807 2399 862 2447 et
893 2405 1094 2446 uxores
1117 2392 1347 2462 insuper
1375 2400 1641 2447 mactaret
1671 2409 1686 2448 :
1718 2393 1996 2463 quomodo
2036 2394 2122 2452 vir

541 2485 747 2539 stultus
763 2483 1158 2553 jusjurandum
1182 2499 1348 2553 super
1367 2484 1453 2540 his
1470 2485 1805 2556 depelleret?
1828 2486 2119 2551 Quomodo

541 2588 724 2633 autem
762 2576 815 2630 id
839 2577 1067 2632 auderet
1095 2576 1343 2646 implere,
1376 2592 1500 2630 eum
1533 2577 1719 2632 Judaea
1749 2588 1894 2634 esset
1919 2576 2118 2632 Roma-

542 2669 630 2722 nis
666 2667 992 2732 tributaria,
1054 2667 1214 2736 cujus
1265 2667 1384 2736 ipse
1421 2667 1790 2722 ‘tetrarchiam
1842 2669 1981 2723 male
2026 2682 2118 2720 rex

540 2757 1008 2828 administrabat?
1041 2757 1110 2810 At
1168 2759 1259 2812 ille
1311 2759 1536 2828 quidem
1589 2760 1645 2813 in
1701 2761 1847 2814 hunc
1895 2763 2116 2816 modum

543 2851 829 2920 deceptus,
868 2849 1064 2919 puellae
1110 2849 1326 2905 miserae
1375 2852 1572 2920 laqueo
1625 2859 1822 2921 captus
1877 2863 1984 2908 est.
2021 2854 2121 2907 llla

543 2952 727 2999 autem
760 2957 887 2997 cum
939 2950 1090 2997 esset
1132 2943 1568 2998 instrumentum
1621 2943 1689 2997 ad
1724 2945 2118 3014 malignitatem

546 3036 854 3099 inventum,
883 3043 1175 3104 totamque
1215 3035 1269 3088 in
1329 3051 1388 3090 se
1424 3037 1621 3090 matris
1669 3037 2004 3092 malitiosum
2057 3051 2120 3090 ac

2219 1934 2384 2004 τῆσαι
2410 1931 2505 1986 τοῦ
2537 1932 2953 2002 παροράματος,
2987 1932 3144 2002 ἤπερ
3173 1928 3537 2000 ἀληθεύσαντα
3555 1929 3720 1992 δικαίως,

2220 2024 2404 2078 ἄδικον
2430 2023 2696 2094 φονευτὴν
2728 2022 3128 2093 ἀποδειχθῆναι
3163 2022 3483 2093 προφήτου,
3525 2019 3600 2071 καὶ
3646 2019 3720 2090 κρί-

2223 2133 2306 2170 σιν
2327 2114 2534 2169 ἔνδικον
2563 2113 2740 2185 ἑαυτῷ
2772 2111 3211 2184 ταμιεύσασθαι,
3265 2113 3360 2164 καὶ
3415 2110 3602 2178 γεέννης
3624 2109 3720 2175 γενέ.

2223 2205 2348 2259 σθαι
2404 2204 2646 2272 υἰόνςΕί
2694 2203 2805 2274 γὰρ
2877 2204 3088 2274 ᾔτησεν
3170 2202 3494 2271 ἐξαμαρτεῖν
3530 2202 3592 2262 είς
3622 2199 3717 2262 Θεὸν,

2221 2297 2319 2350 καὶ
2365 2295 2560 2349 είδωλα
2594 2294 2813 2364 στῆσαι,
2840 2297 2936 2348 καὶ
2966 2296 3203 2347 σπεῖσαι
3234 2292 3441 2353 τούτοις
3468 2289 3631 2360 αἵματι
3651 2289 3718 2340 τῶν

2221 2387 2508 2459 ὑπηκόωνο
2561 2388 2715 2451 υίούς
2742 2402 2822 2449 τε,
2852 2385 2948 2440 καὶ
2991 2385 3333 2454 θυγατέρας,
3392 2383 3479 2435 καὶ
3530 2381 3714 2450 μητέρας.

2221 2480 2314 2534 καὶ
2366 2478 2648 2548 ἀδελφοὺς.
2709 2477 2806 2532 καὶ
2853 2479 3128 2546 γυναῖκας
3193 2472 3586 2546 προσεπιθύσιι,
3623 2469 3711 2532 πῶς.

2221 2573 2289 2626 ἂν
2319 2572 2448 2634 τοὺς
2471 2572 2563 2624 ἐπὶ
2587 2569 2800 2632 τούτοις
2822 2571 3020 2640 ὅρκους
3046 2569 3077 2621 ὀ
3111 2567 3349 2638 μάταιος
3397 2563 3711 2634 ὲξεκρούαατο;

2222 2663 2346 2728 Πῶς
2405 2662 2450 2715 δ’
2487 2662 2554 2716 ἂν
2624 2661 2724 2716 καλ⁸
2775 2659 3020 2731 πληροῦν
3094 2661 3306 2721 αὑτοὺς
3365 2654 3706 2723 κατετόλμησεν,

2232 2754 2523 2825 Ῥωμαίων
2582 2751 2752 2824 οΰσης
2781 2753 3058 2821 ὑποφόρου
3084 2751 3195 2820 τῆς
3244 2748 3510 2811 Ἰουδαίας,
3529 2742 3582 2815 ἧς
3608 2741 3708 2801 αὖτίς

2219 2846 2540 2918 τετραρχῶν
2581 2846 2768 2908 κακῶς
2819 2843 3185 2908 ὲ6ασίλευεν;
3240 2839 3380 2893 Ἀλλ’
3405 2840 3432 2892 ὁ
3497 2839 3574 2908 μὲν
3614 2833 3704 2885 οὕτω

2223 2938 2536 3007 κεπφωθεὶς
2554 2938 2639 3002 ⁸⁸,
2696 2936 2802 2990 ὑπὸ
2858 2937 3028 3006 κόρης
3083 2933 3282 2994 ἀθλίας
3340 2922 3709 2998 ἑσαγηνεύθη.⁹ῐὶ

2221 3014 2299 3097 at,
2339 3030 2475 3101 πρὸς
2537 3029 2875 3100 κακουργίαν
2925 3029 3164 3098 ὖργανον
3220 3020 3560 3095 ὲξηυρημένον
3593 3015 3705 3082 ὑπᾶρ-

546 3128 872 3182 sceleratam
893 3137 1144 3180 -mentem
1182 3127 1576 3194 expressisset,
1622 3141 1912 3196 personam
1943 3127 2121 3180 induit

2226 3140 2416 3194 χονσα,
2483 3122 2614 3192 ὃλην
2642 3139 2701 3174 τε
2736 3122 2835 3191 τῆς
2905 3120 3113 3226 μητρὸς
3164 3119 3252 3188 ἐφ’
3289 3106 3707 3226 causave»??-

545 3216 865 3280 creditoris,
927 3231 990 3270 ac
1072 3225 1332 3284 tanquam
1391 3217 1798 3286 indeprecabile
1877 3219 2123 3272 debitum

544 3307 800 3375 exigens,
839 3305 978 3360 solvi
1016 3309 1151 3376 petit
1185 3320 1216 3358 a
1248 3322 1374 3375 rege
1409 3326 1422 3361 :
1464 3327 1482 3357 ι
1520 3309 1594 3361 Da
1627 3309 1759 3362 mihi
1812 3310 1904 3363 hic
1941 3311 2126 3364 statim

547 3398 604 3452 in
653 3398 808 3451 disco
848 3405 1018 3466 caput
1071 3397 1303 3452 Joannis
1339 3399 1620 3468 Baptistae.
1663 3419 1682 3453 ι
1717 3401 1800 3454 Da
1851 3401 2002 3466 mihi,
2051 3403 2129 3456 in-

547 3487 692 3557 quit,
753 3487 872 3552 hic;
915 3487 1081 3558 idque
1128 3489 1336 3556 statim,
1397 3498 1453 3544 et
1492 3491 1545 3544 in
1589 3491 1755 3545 disco.
1781 3491 1922 3558 Quid
1965 3509 2128 3563 porro

547 3583 733 3638 dabo?
770 3582 891 3638 Non
923 3598 1154 3649 aurum,
1192 3585 1392 3653 inquit,
1446 3601 1555 3640 non
1606 3602 1851 3656 gemmas
1896 3588 2129 3657 pelluci-

548 3674 686 3742 das;
719 3691 829 3730 non
865 3676 910 3730 si
939 3677 1072 3746 quid
1105 3679 1256 3746 regia
1293 3686 1679 3746 sumptuosum
1714 3679 1881 3735 habet
1906 3683 2128 3750 ac'pre-

549 3753 793 3832 tiosum;
831 3766 927 3821 sed
957 3777 1114 3834 caput
1145 3765 1376 3822 Joannis
1429 3767 1714 3838 Baptistae.
1755 3770 1898 3838 Quid
1949 3771 2129 3826 di'cis?

547 3855 658 3910 Das
688 3865 874 3925 caput,
907 3856 1052 3924 quod
1091 3857 1176 3911 vel
1217 3857 1321 3927 ipsi
1381 3867 1707 3913 reverentur
1752 3861 1968 3930 angeli?
2020 3859 2128 3916 Das

549 3958 716 4018 caput
748 3949 908 4013 illud,
938 3964 1103 4018 super
1137 3951 1282 4019 quod
1305 3965 1430 4004 cum
1462 3949 1702 4005 Verbum
1729 3953 2125 4022 baptizaretur,

553 4037 794 4108 Spiritus
841 4040 895 4091 in
945 4038 1131 4108 specie
1179 4039 1450 4095 columba;
1490 4040 1835 4096 descendens
1881 4042 2129 4096 volavit?

554 4130 661 4186 Das
712 4145 811 4200 pro
873 4145 1042 4199 parva
1099 4131 1401 4200 voluptatis
1454 4133 1906 4187 remuneratione
1961 4142 2128 4203 caput

552 4225 711 4284 illud,
745 4223 907 4290 cujus
966 4222 1192 4277 dextera
1231 4237 1356 4278 eum
1409 4223 1699 4293 baptizans
1767 4225 1860 4295 qui
1908 4226 2061 4281 sedet
2095 4241 2126 4280 a

551 4315 768 4370 dextris
795 4314 999 4378 Patris,
1033 4316 1378 4369 sanctiﬁcata
1399 4317 1524 4372 est?
1552 4315 1728 4387 Caput
1765 4317 1900 4372 illud
1927 4319 2124 4373 nefarii

554 4407 666 4460 ludi
724 4406 994 4475 persolvis
1031 4408 1362 4473 mercedem,
1400 4407 1561 4476 cujus
1600 4410 1787 4478 lingua
1819 4411 1872 4464 in
1903 4411 2123 4465 hodier-

553 4509 686 4548 num
739 4510 914 4564 usque
954 4495 1098 4549 diem
1158 4505 1272 4550 stat
1320 4496 1606 4550 clamans:
1642 4515 1660 4548 ι
1701 4497 1818 4551 Non
1861 4499 1987 4552 licet
2025 4502 2122 4554 tibi

2232 4497 2597 4566 καθεζόμενον
2630 4535 2645 4557 ,
2697 4495 2939 4565 ἡγιάσθη
2996 4494 3367 4565 βαπτίζουσα;
3415 4483 3580 4548 ἐκείνην

2235 3217 2372 3286 μένη
2421 3214 2522 3284 τὴν
2566 3213 2898 3267 κακότεκνον
2925 3209 3183 3282 γνώμην.
3211 3204 3572 3281 χρεωφειλέτου
3599 3197 3704 3265 δῆθεν

2231 3306 2582 3378 ὑποκρίνεται
2641 3306 2932 3375 πρόσωπον
2963 3320 2978 3335 ο
3013 3305 3110 3357 καὶ⁵
3141 3304 3331 3372 ὥσπερ
3373 3299 3511 3370 χρέος
3534 3290 3701 3360 ἀπαραί-

2229 3413 2411 3465 τητον,
2443 3397 2587 3447 αίτεί
2639 3395 2790 3466 παρὰ
2821 3393 3086 3465 βασιλέως
3113 3395 3216 3465 τὴν
3253 3391 3449 3444 ἔκτισιν
3471 3405 3482 3418 ·
3514 3405 3530 3436 ι
3553 3385 3626 3444 A4;
3644 3397 3699 3448 μοι

2229 3483 2333 3542 ὧδε
2374 3487 2432 3555 ἐξ
2467 3487 2635 3556 αὑτῆς
2695 3487 2789 3538 ἐπὶ
2840 3485 3053 3552 πίνακι,
3113 3485 3216 3556 τὴν
3270 3480 3490 3550 κεφαλὴν
3532 3475 3698 3528 Ἰωάννου

2223 3578 2323 3632 τοῦ
2355 3577 2684 3631 Βαπτιστοῦ.
2706 3577 2814 3644 Δός
2836 3593 2960 3646 μοι,
2984 3577 3178 3647 φησὶν,
3209 3570 3344 3637 ὧδε,
3373 3573 3456 3624 καὶ
3472 3569 3530 3632 ἐξ
3557 3561 3694 3625 αὐτῆς,

2229 3670 2326 3723 καὶ
2381 3670 2482 3722 ἐπὶ
2537 3669 2770 3722 πίνακι.
2837 3669 2902 3721 Τί
2929 3668 3122 3733 adiam;
3160 3670 3236 3723 Οὑ
3261 3664 3461 3739 χρυσον,
3504 3653 3694 3728 φησὶν,ιὺ

2227 3760 2412 3824 λίθους
2466 3761 2746 3828 διαφανεῖς
2775 3777 2789 3791 ·
2838 3761 2942 3814 οὑκ
2996 3761 3137 3814 εἴτι
3195 3759 3301 3813 τῶν
3329 3760 3382 3811 ὲν
3423 3748 3643 3824 βασιλείοις
3659 3743 3694 3793 τέ

2230 3850 2520 3914 πολυτελὲς
2571 3851 2704 3923 ἔχει,
2768 3853 2863 3904 καὶ
2908 3851 3092 3920 τίμιον
3130 3869 3143 3882 ·
3199 3849 3333 3905 ἀλλὰ
3374 3845 3458 3917 τὴν
3504 3835 3692 3908 κεφαλὴν

2241 3943 2527 3998 Ἰωάννου
2558 3945 2666 3999 τοῦ
2698 3945 3066 4000 Βαπτιστοῦ.
3097 3945 3166 4000 Τί
3221 3945 3416 4012 λέγεις;
3469 3936 3547 4004 τὴν
3582 3943 3691 3995 λαῖμα-

2226 4037 2326 4107 λὴν
2375 4036 2535 4099 δίδως
2565 4038 2632 4108 ἣν
2658 4038 2934 4092 αἰδοῦνται
2987 4039 3084 4092 καὶ
3141 4037 3399 4107 ἀγγελοις
3442 4027 3623 4092 Ἔκείνην

2227 4129 2382 4192 δίδως
2433 4129 2532 4200 τὴν
2567 4129 2834 4200 κεφαλὴν,
2861 4123 2930 4200 ἦς
2961 4129 3222 4201 ὑπεράνω
3267 4119 3598 4200 βαπτιζομένους»
3631 4126 3687 4161 τω

2225 4221 2420 4288 Λόγου,
2454 4220 2515 4274 τὸ
2539 4220 2764 4290 Πνεῦμα
2815 4221 2874 4272 ὲν
2915 4220 3049 4273 είδει
3106 4217 3423 4290 περιστερᾶς
3458 4205 3683 4273 καθιέμενον

2228 4313 2421 4366 ἵπτατο
2474 4329 2489 4374 ;
2545 4311 2766 4382 Ταύτην
2837 4312 3071 4384 ἀμοιϐὴν
3128 4314 3329 4383 μικρᾶς
3380 4301 3541 4376 ἡδονῆς
3584 4291 3684 4384 aia-ﬂ;

2224 4406 2322 4476 τὴν
2352 4404 2618 4474 κεφαλὴν,
2648 4380 2779 4475 ﬁt?)
2802 4380 2976 4470 δεξιὰ,
3006 4380 3101 4456 τὸν
3123 4380 3187 4457 ἐκ
3216 4380 3393 4467 δεξιῶν
3434 4391 3509 4484 τού
3540 4380 3678 4484 llr-93*;

3618 4487 3679 4536 την

554 4583 760 4638 habere
793 4555 1018 4638 u'xorcm
1052 4581 1284 4654 Philippi
1321 4582 1510 4640 fratris
1549 4587 1667 4640 tui?
1695 4605 1712 4637 ι
1750 4586 1862 4642 Hoc
1896 4595 1953 4641 tu
1971 4600 2124 4660 capul

2233 4584 2476 4655 κεφαλὴν
2519 4585 2712 4655 μισθὸν
2738 4584 2995 4654 ἀθεμίτου
3055 4585 3276 4648 παιδιᾶς
3324 4570 3607 4634 ἀποτιννύειςο

554 4673 653 4728 das
692 4675 746 4728 in
804 4674 964 4729 disco
1018 4675 1236 4746 puellae,
1271 4677 1415 4745 quod
1456 4677 1548 4730 illa
1586 4687 1737 4731 tuum
1774 4693 2016 4734 amorem
2068 4682 2135 4749 ad

556 4765 850 4818 moechiam
891 4767 1230 4831 accenderit,
1264 4777 1318 4822 et
1347 4783 1445 4822 cor
1479 4768 1868 4826 saltationibus
1917 4773 2133 4825 saucia-

555 4852 738 4905 verit?
771 4851 912 4918 Quid
950 4854 1109 4920 facis,
1157 4857 1371 4911 miser?
1412 4857 1778 4927 Ejusntodine
1834 4859 1946 4915 l'ers
1991 4862 2137 4931 leges

555 4955 694 5007 quas
725 4943 816 5010 qui
845 4952 1052 5006 servat,
1086 4945 1294 5015 inique,
1329 4963 1392 5002 ac
1414 4949 1550 5018 legis
1575 4958 1957 5019 transgressor
1983 4953 2130 5022 agit?

557 5032 710 5087 Eane
764 5034 947 5088 sancis
983 5049 1105 5104 quae
1152 5049 1410 5106 separant
1462 5055 1490 5092 a
1548 5040 1673 5100 Deo,
1723 5049 1776 5095 et
1807 5041 2012 5112 quibus
2036 5041 2128 5112 jus

560 5123 817 5180 laeditur?
851 5125 1006 5200 Unde
1038 5126 1134 5180 tibi
1183 5129 1411 5198 impimn
1461 5131 1564 5186 hoc
1609 5149 1671 5187 ac
1704 5133 1976 5188 nefarium
2025 5135 2130 5188 sci-

556 5215 716 5302 tum?
757 5216 1016 5284 Quaenam
1055 5219 1220 5290 impia
1259 5221 1340 5274 lex
1373 5222 1488 5276 haec
1537 5226 1854 5295 suggessit?
1900 5229 2085 5297 Apage
2112 5269 2126 5292 ,

557 5325 668 5364 non
701 5319 833 5365 sunt
870 5313 985 5365 haec
1023 5309 1118 5366 Dei
1150 5312 1254 5366 mei
1289 5313 1428 5383 legis
1465 5353 1480 5378 ,
1531 5325 1626 5370 aut
1675 5317 1952 5374 Mosaicae.
2009 5317 2128 5373 Non

558 5399 821 5456 audivisti
839 5399 1260 5458 Proverbiorum
1282 5406 1614 5475 scriptorem
1638 5409 1909 5466 dicentem
1935 5430 1949 5466 :
1981 5428 1998 5462 ι
2036 5411 2128 5464 Li-

559 5491 688 5546 bera
728 5508 826 5549 eos
863 5495 955 5565 qui
1010 5495 1365 5552 abducuntur
1416 5497 1482 5553 ad
1538 5508 1792 5568 mortem,
1819 5515 1878 5558 et
1910 5518 2008 5558 eos
2041 5503 2132 5573 qui

2232 4676 2506 4747 ήγλῶσσα
2571 4675 2735 4747 μέχρι
2773 4678 2866 4727 καὶ
2897 4676 2992 4729 νῦν
3031 4676 3226 4746 ἕστηκε
3280 4670 3511 4745 κράζονσα
3535 4678 3546 4691 ⁸
3571 4658 3675 4751 ill-nt

2229 4769 2439 4836 ἔξεστίν
2471 4783 2551 4822 σοι
2575 4768 2722 4838 ἔχειν
2763 4768 2859 4838 τὴν
2885 4771 3118 4836 γυναῖκα
3141 4769 3396 4821 Φιλίππου
3418 4757 3491 4813 τοῦ
3521 4751 3667 4812 ἀδει-ςω

2234 4874 2366 4925 σου;
2401 4877 2418 4910 ι
2464 4857 2686 4927 Ταύτην
2749 4857 2904 4921 δίδως
2946 4859 3008 4910 σὺ
3035 4857 3132 4926 τὴν
3190 4853 3411 4926 κεφαλὴν
3452 4846 3523 4942 tet
3551 4838 3670 4942 etv-af

2235 4946 2314 5018 τῷ
2344 4947 2610 5018 κορασίῳ,
2677 4945 2866 5015 ἐπειδὴ
2919 4960 3013 4999 σου
3075 4946 3212 5017 πρὸς
3255 4939 3467 5015 μοιχείαν
3507 4933 3664 4988 ἐπανηνε

2235 5040 2325 5092 τὸν
2357 5030 2554 5109 ἔρωτας
2581 5038 2680 5090 καὶ
2704 5037 2802 5107 τὴν
2831 5036 3059 5106 καρδίαν
3085 5037 3288 5107 ἔτρωσε
3315 5034 3416 5093 ταῖς
3441 5025 3662 5110 ὀρχήσεπιξι

2235 5131 2302 5184 Τί
2331 5133 2527 5196 ποιεῖς,
2567 5127 2718 5183 ἄθλιε
2744 5146 2758 5194 ;
2790 5127 3030 5182 Τοιαῦτα
3051 5129 3369 5198 νομοθετεῖς.
3399 5114 3540 5185 ἅπερδ

2237 5225 2460 5293 dwell-si;
2513 5219 2734 5274 τοιαῦτα
2797 5219 3096 5283 θεσπίζειςι
3130 5218 3275 5272 διτοῦ
3329 5211 3440 5270 θεοῦ
3481 5199 3696 5298 ﬂagiti

2239 5281 2352 5369 καὶ·
2395 5281 2636 5365 λωϐᾶται
2682 5310 2744 5363 τὸ
2796 5281 3006 5363 δίκαιον
3129 5309 3299 5364 Πόθεν
3352 5321 3418 5360 σοι
3460 5296 3506 5349 τὸ
3538 5281 3660 5381 ἀσεξὸ

2237 5402 2398 5456 τοῦτο
2425 5401 2520 5456 καὶ⁵
2547 5399 2806 5470 ἀθέμιτον
2833 5399 2936 5472 πρό
2948 5417 3161 5472 τταγμα
3183 5419 3198 5464 ;
3225 5402 3368 5461 noto;
3385 5385 3534 5454 ἀσεὸὴς
3550 5383 3656 5472 rarts

2241 5494 2617 5566 ὑπηγόρευσεν
2650 5465 2833 5563 *νόμος
2860 5465 2891 5560 ς’
2922 5465 3158 5562 Ἄπαγε.
3214 5493 3288 5548 Οὐ
3331 5485 3408 5544 τοῦ
3439 5473 3538 5551 ipa?
3573 5465 3655 5518 Μ

1833 5676 2068 5733 VARUE
2097 5672 2501 5731 LECTIONES.

630 5759 674 5790 ⁸³
706 5759 775 5812 ισ
798 5804 806 5811 .
827 5761 1118 5830 κεκωφωθ.
