3820 6316
174 411 320 478 1133

1179 404 1266 479 ΪΝ
1308 419 1371 478 s.
1409 405 1734 478 JOANNIS
1769 415 2432 478 DECOLLATIONEM.

3316 415 3454 483 113i

171 531 283 600 γὰρ
315 525 491 600 ἄνδρα
525 503 879 600 ἀγρεῠουσιν.
925 546 944 578 ι
1003 526 1218 598 Ἐκεῖνη
1249 529 1329 592 δέ,
1373 529 1511 600 πρὸς
1547 529 1627 600 τῷ
1661 532 1760 601 τῆς

1885 530 2021 584 riunt
2050 530 2228 584 virum
2261 545 2307 582 κ.
2342 547 2360 580 ι
2398 527 2494 582 Illa
2533 537 2735 592 autem,
2771 538 2966 600 praeter
3000 529 3265 602 ﬂagitiqu
3293 533 3455 589 adul-

171 621 432 692 μοιχείας
485 623 780 690 μιάσματι,
838 620 936 674 καὶ
980 621 1046 676 τὸ
1093 622 1192 691 τῆς
1247 623 1560 692 μιαιφονίας
1595 639 1764 693 προσ-

167 714 453 785 εκτήσατο
489 713 680 784 μῦσος.
713 731 730 763 ι
771 712 913 784 Γυνὴ
938 712 1046 782 γὰρ
1071 712 1284 783 ἀφρων,
1319 715 1506 784 φησὶν,
1533 714 1632 766 οὒκ
1650 714 1766 766 ἐπί-

168 823 371 860 σταται
403 804 690 876 αἰσχύνην,
728 805 844 859 ἀλλ’
875 805 972 857 ἐπὶ
993 804 1265 873 πέταυρον
1299 804 1429 876 ᾆδον
1462 806 1715 876 συναντᾷ.
1745 825 1762 855 ι

178 897 242 950 Ἠ
303 897 368 950 δέ
400 895 503 966 τῆς
557 894 858 966 μαχλὼσης
915 894 1250 965 μαστρωπδς
1301 885 1626 966 ὂρχηστρὶς,
1661 912 1768 965 μη-

165 985 374 1058 τρῴοις
447 987 949 1058 συμπαροινήσασα
1012 985 1221 1055 φόνοις,
1291 984 1443 1038 οὐδὲν
1512 982 1770 1038 ἀπώνατο

165 1079 339 1133 πλέον
376 1079 481 1148 τῆς
521 1079 581 1130 ἐν
632 1076 830 1146 γεέννῃ
870 1075 1093 1145 φλογὸς,
1128 1075 1252 1129 καθ’
1296 1076 1364 1145 ἢν
1398 1075 1626 1138 ἐνδίκως
1672 1076 1772 1137 τὰς

160 1170 407 1233 εὐθύνας
452 1168 868 1239 εἰσπράττεται.
923 1185 943 1218 ι
991 1167 1102 1237 Τῆς
1154 1165 1470 1237 ἀφροσύνης
1509 1166 1559 1218 οἱ
1613 1166 1772 1228 πόδες

160 1263 484 1330 κατάγουσι
521 1261 648 1324 τοὺς
694 1259 1016 1330 χρωμένους
1049 1258 1190 1327 αὐτῇ
1235 1256 1376 1325 μετά
1414 1255 1651 1310 θανάτου
1690 1259 1772 1320 εἰς

155 1354 255 1407 τὸν
291 1353 464 1426 ᾅδην,
486 1353 560 1406 τά
582 1351 640 1404 δέ
668 1353 789 1421 ῖχνη
822 1349 996 1420 αὐτῆς
1025 1350 1126 1403 οὐκ
1151 1351 1442 1422 ἐρείδεται.
1481 1368 1499 1400 ι
1534 1348 1775 1402 Τοιαῦτα.

154 1441 272 1498 τῶν
333 1444 687 1514 ἀνομούντων
740 1444 809 1496 τὰ
859 1442 1138 1513 δράματα·
1188 1440 1398 1512 ταύτην
1453 1440 1638 1493 δίδωσι
1672 1440 1774 1510 τὴν

153 1537 521 1607 ὲπικαρπὲαν
557 1538 672 1597 τοῖς
706 1534 877 1604 αὐτῆς
905 1535 1169 1604 ἐρασταῖς
1213 1534 1246 1604 ἡ
1291 1531 1519 1601 λαγνεεα
1542 1547 1560 1566 ο
1597 1531 1774 1586 ταῦτα

153 1628 282 1692 τοῖς
318 1629 645 1690 ἀκολάστοις
674 1628 709 1697 ἡ
741 1625 1000 1696 ἐμπαθὴς
1027 1625 1140 1678 τῶν
1164 1625 1370 1696 ἡδονῶν
1395 1624 1641 1696 ἀκρασία
1672 1641 1776 1696 Za-

157 1720 396 1790 ρῖζεται
417 1720 486 1774 τὰ
515 1720 792 1790 ἐπέχειρα.

1871 622 2020 687 terii,
2054 623 2220 678 eal‘dis
2250 637 2472 692 quoque
2502 621 2718 678 facinus
2749 622 2967 694 adjecit.
3008 645 3026 676 ι
3069 627 3261 682 Mulier
3307 630 3453 684 enim
3551 655 3558 666 -

1869 714 2162 786 insipiens,
2199 716 2400 786 inquit,
2454 715 2720 786 pudorem
2770 718 2971 783 nescit,
3009 719 3104 774 sed
3147 721 3217 775 ad
3253 721 3454 778 inferni

1872 806 2207 876 profundum
2234 807 2478 862 occurrit
2514 815 2566 862 ἲ.
2608 827 2626 859 ι
2661 807 2994 863 Libidinosa:
3027 819 3209 871 autem
3239 811 3459 868 femina:

1874 899 2000 954 lena
2049 899 2324 963 saltatrix.
2353 915 2461 954 una
2509 916 2634 955 cum
2673 909 2846 954 matre
2891 901 2945 955 in
3002 904 3149 956 caede
3182 907 3454 972 petulans.

1874 991 2163 1046 niltilhiuc
2196 993 2436 1062 amplius
2466 993 2739 1048 commodi
2791 995 3113 1064 reportavit,
3160 1013 3324 1066 quam
3365 1015 3457 1066 ge-

1875 1081 2070 1137 henna:
2098 1081 2401 1150 ﬂammam,
2435 1083 2488 1138 iu
2515 1100 2624 1153 qua
2651 1084 2844 1138 merito
2886 1099 3080 1154 poenas
3115 1086 3214 1139 luit
3243 1106 3256 1141 :
3292 1105 3310 1138 ι
3353 1087 3459 1141 Im-

1875 1172 2182 1243 prudentia;
2228 1175 2393 1244 pedes
2441 1177 2722 1230 deducunt
2773 1185 2991 1233 utentes
3025 1193 3088 1233 ea
3131 1193 3254 1232 cum
3288 1193 3462 1235 uterne

1877 1266 1944 1320 ad
1981 1266 2257 1320 infernum
2295 1283 2308 1317 :
2342 1275 2397 1322 et
2446 1270 2677 1338 vestigia
2726 1269 2848 1338 ejus
2898 1285 3005 1324 non
3041 1269 3331 1323 ﬁrmantur
3359 1281 3402 1322 ι.
3438 1290 3456 1321 ι

1877 1357 2040 1415 Tales
2090 1370 2220 1415 sunt
2263 1346 2659 1414 sceleratorum
2719 1359 2916 1415 fabulae
2959 1378 2973 1414 ε
3032 1361 3178 1416 hunc
3243 1362 3458 1417 luxuria

1879 1450 2121 1506 fructum
2169 1453 2287 1508 suis
2333 1454 2530 1507 tribuit
2581 1453 2967 1508 amatoribus:
3023 1453 3137 1506 haec
3174 1454 3463 1524 impudicis

1879 1542 2127 1611 pmmia,
2180 1543 2379 1599 vitiosa
2451 1543 2798 1612 voluptatum
2874 1542 3300 1612 intemperantia
3358 1547 3465 1598 lar.

1879 1631 2045 1702 gitur.

241 1812 470 1867 Τούτων
504 1811 752 1872 ἀκούετε,
781 1811 897 1864 ὅσοι
922 1827 979 1864 τε
1007 1797 1253 1881 μιγάδες,
1283 1810 1378 1864 καὶ
1406 1812 1455 1865 οἱ
1477 1811 1539 1865 τὸ
1566 1811 1773 1880 ἀζυγον

1954 1810 2079 1867 Haec
2110 1811 2315 1878 audite,
2373 1819 2645 1883 quotquot
2689 1813 2893 1868 stcculo
2946 1813 3073 1869 aliis
3114 1817 3462 1871 commistum

174 1904 557 1975 περιέποντες,
592 1901 687 1955 καὶ
719 1900 904 1969 λόγοις
955 1877 1357 1970 Παροιμιακοῖς
1411 1877 1772 1970 ἐστιαθῶμεν,

1885 1901 2084 1965 vivitis,
2123 1915 2188 1955 ac
2217 1900 2262 1955 si
2291 1877 2583 1970 qui-vitain
2617 1900 2864 1955 czelibem
2895 1901 3078 1970 agitis,
3121 1901 3467 1971 sumptisque

186 1998 286 2050 καὶ
306 1995 518 2058 τούτοις
563 1992 765 2064 μᾶλλον
799 1991 898 2062 τὴν
929 1989 1100 2062 ἀκοὴν
1139 1991 1596 2062 καταυλήσωμεν.
1632 1990 1774 2044 Τίδέ

1885 2007 1910 2047 e
1945 1988 2373 2047 Proverbiorum
2429 1991 2570 2046 libro
2608 1991 2793 2046 verbis
2844 1993 3152 2061 epulemur,
3200 2000 3367 2062 atque
3399 1992 3465 2046 iis

189 2090 270 2144 ’δεῖ
297 2081 426 2161 πρὸς
474 2087 685 2150 εἰδότας
728 2087 932 2148 εἰπεῖν,
985 2084 1022 2138 ἃ
1065 2085 1140 2155 μὴ
1178 2084 1494 2153 πεφύκασιν
1531 2085 1774 2153 ἀγνοεϊνς

1885 2083 2117 2140 maxime
2151 2097 2312 2140 aures
2339 2083 2702 2138 mulceamus.
2735 2082 2875 2148 Quid
2915 2099 3085 2154 porro
3111 2084 3178 2137 ad
3212 2100 3308 2138 eos
3337 2085 3465 2136 atti—

200 2183 389 2245 Πάντες
413 2183 520 2253 γάρ
553 2183 722 2250 ἐσμεν
745 2177 987 2233 διδακτοὶ
1015 2176 1152 2231 Θεοῦ
1171 2179 1229 2231 ἐν
1255 2176 1502 2250 Χριστῷ,
1521 2176 1665 2232 κατά
1689 2177 1774 2230 τὸν

1885 2184 1971 2232 net
2000 2175 2202 2239 dicere,
2229 2174 2322 2245 qui
2350 2175 2555 2230 sciunt.
2575 2173 2780 2230 Omnes
2801 2176 2946 2228 enim
2975 2175 3275 2230 didicimus
3301 2191 3329 2230 a
3358 2173 3466 2231 Deo

216 2270 546 2326 ’Δπόστολον.
587 2270 678 2332 Ὠς
700 2267 913 2336 ὤφελον
940 2266 1039 2320 καὶ
1077 2268 1264 2338 ἡμεῖς,
1287 2268 1315 2320 ὁ
1341 2266 1467 2337 τῇδε
1499 2266 1774 2334 συνειλεγ-

1885 2267 1933 2323 in
1981 2267 2226 2332 Christo,
2271 2265 2429 2335 juxta
2494 2265 2818 2336 Apostolum
2849 2276 2874 2304 ι
2907 2264 3042 2337 (26).
3089 2265 3314 2320 Utinam
3365 2281 3466 2322 nos

211 2367 355 2436 μένος
382 2363 730 2434 ίερότευκτος
759 2360 1044 2430 σύλλογος,
1061 2359 1160 2428 τῆς
1183 2359 1354 2429 αὐτῆς
1382 2358 1666 2430 ἡξιώμεθα
1682 2357 1774 2428 χά-

1885 2375 2118 2430 quoque,
2144 2359 2236 2414 hic
2271 2359 2378 2414 loci
2395 2357 2664 2414 collectus
2691 2370 2851 2413 sacer
2881 2368 3208 2422 conventus,
3231 2359 3462 2428 gratiam

210 2473 360 2526 ριτος,
389 2455 462 2518 ὡς
501 2453 577 2525 μὴ
608 2452 823 2506 δεῖσθαι
872 2450 970 2505 τοῦ
1009 2449 1338 2516 διδάξοντος,
1377 2449 1412 2520 ἢ
1449 2439 1778 2520 ἐπιπλήξον-

210 2546 437 2610 τες-ἀλλ’
481 2544 772 2617 ἀρκεῖσθαι
814 2545 963 2615 μόνῳ
989 2543 1067 2612 τῷ
1096 2541 1481 2612 ὑποδείγματι,
1524 2541 1661 2610 πρὸς
1716 2539 1777 2594 τὸ

211 2641 369 2694 πᾶσαν
401 2640 664 2707 ἐκφυγεῖν
702 2639 805 2708 τῆς
850 2636 1094 2708 Ἡρώδου
1128 2634 1520 2705 παραπληξίας
1551 2633 1652 2704 τὴν
1687 2631 1776 2703 μι-

209 2749 376 2804 μησιν,
399 2734 493 2784 καὶ
532 2733 673 2802 μήτε
715 2728 975 2801 ῥᾳστώνη
1015 2727 1125 2781 τινε
1157 2743 1260 2779 που
1294 2729 1414 2790 ταῖς
1450 2725 1776 2788 ἀκαθέκτοις

206 2826 303 2879 τῶν
331 2825 585 2896 ἐμπαθῶν
630 2822 867 2896 ὀρέξεων
897 2823 1100 2891 ὁρμαῖς
1154 2821 1452 2888 ἐπαφεῖναι
1478 2818 1571 2871 τὸν
1621 2817 1771 2882 νοῦν,

210 2919 332 2989 μήτε
362 2915 434 2987 τῷ
467 2915 597 2984 λείῳ
640 2915 750 2968 τῶν
799 2912 1006 2983 ἡδονῶν
1035 2912 1338 2982 συληθέντα
1376 2911 1466 2964 τὸν
1490 2907 1772 2979 λογισμὸν,

208 3009 524 3081 ὐποσνρῆναι
555 3009 692 3078 πρὸς
739 3005 1150 3074 συγκατάθεσιν
1174 3022 1188 3036 ·
1217 3005 1340 3075 ἥτις
1377 3003 1645 3057 ὠδίνουσα
1675 3001 1774 3070 τῆς

207 3101 457 3170 ἁμαρτίας
501 3099 564 3152 τὸ
621 3097 942 3170 φάρμακον,
1001 3095 1337 3150 συναποκύει
1384 3089 1786 3153 τὸνθάνατονη.

1875 2440 2148 2522 ejusmodi
2187 2452 2708 2523 promeruissemus,
2731 2459 2791 2504 ut
2823 2466 2930 2504 non
2964 2451 3295 2507 haberemus
3325 2468 3463 2522 opus

1875 2545 2124 2609 docente,
2152 2553 2248 2600 aut
2284 2541 2756 2615 increpante;sed
2791 2544 2949 2598 nobis
2972 2541 3245 2599 suﬂiceret
3280 2559 3465 2598 exem-

1873 2639 2048 2709 plum,
2083 2645 2144 2691 ut
2175 2651 2392 2693 omnem
2429 2636 2660 2692 Herodis
2687 2637 2942 2692 amentia:
2975 2637 3336 2690 imitationem
3380 2635 3467 2690 fu-

1873 2745 2150 2802 geremus,
2184 2745 2249 2785 ac
2285 2744 2465 2801 neque
2521 2729 2852 2785 remissione
2905 2729 3015 2783 ulla
3066 2730 3467 2798 impotentibus

1876 2822 2204 2878 vitiosarum
2255 2822 2620 2893 cupiditatum
2664 2821 2912 2877 motibus
2953 2821 3196 2876 animum
3238 2821 3468 2876 dedere-

1874 2927 2037 2982 mus;
2072 2929 2254 2985 neque
2281 2914 2626 2984 voluptatum
2683 2913 2971 2968 blanditiis
3023 2913 3306 2968 inescatus
3345 2914 3469 2966 aui-

1873 3021 2023 3071 mus,
2065 3006 2120 3060 in
2149 3019 2482 3060 consensum
2542 3005 2765 3060 sinistre
2797 3003 3195 3075 agerctur:qui
3249 3002 3467 3072 quidem

1876 3098 2004 3152 dum
2054 3097 2266 3168 peccati
2303 3096 2616 3152 remedium
2669 3097 2907 3166 parturit
2949 3093 3084 3166 (‘27),
3139 3109 3248 3148 una
3301 3096 3466 3148 etiam

206 3193 368 3264 Ὅπερ
395 3193 479 3245 ἴνα
505 3191 590 3262 ,μὴ
618 3189 890 3259 πάθωμεν
929 3189 1115 3259 ἡμεῖς,
1157 3186 1772 3286 τηρήσωμενιὲαυτοὺς,

1885 3201 2110 3247 mortem
2163 3191 2328 3260 parit.
2373 3189 2532 3256 Quod
2577 3205 2644 3245 ne
2695 3188 2855 3244 nobis
2893 3187 3179 3252 acciderit,
3228 3202 3331 3241 nos
3363 3184 3468 3255 ipsi

201 3282 457 3352 ὀφθαλμὸς
485 3282 551 3334 δι’
575 3281 702 3334 ὅλου
739 3279 1038 3350 γινόμενοι,
1078 3275 1380 3348 νυσταγμῷ
1413 3269 1606 3346 μηδενὶ
1638 3290 1773 3344 συγ-

203 3375 516 3445 κλειόμενος,
553 3375 643 3427 ῖνα
679 3373 754 3445 μὴ
780 3370 964 3425 λαθὼν
1000 3373 1028 3425 ὁ
1059 3371 1301 3443 δράκων,
1339 3371 1664 3444 ὐποσυλήσῃ
1687 3371 1778 3424 τὸν

202 3466 476 3538 θησαυρόν.
501 3465 777 3535 Δάδωμεν
809 3463 905 3518 οὖν
929 3466 1084 3534 κοινῇ
1115 3463 1322 3527 πάντες
1339 3463 1666 3517 διδάσκαλον
1689 3463 1780 3517 τὸν

203 3556 601 3628 Παροιμιαστὴν
649 3557 916 3628 σήμερον,
958 3557 1428 3625 προφυλακτικοῖς
1463 3556 1615 3626 ἡμᾶς
1648 3573 1780 3609 κατ-

203 3651 623 3722 ασφαλιζόμενον
670 3650 875 3716 λόγοις,
924 3649 1017 3702 καὶ
1049 3647 1496 3716 διεξοδικώτερόν
1535 3665 1651 3710 πως
1679 3647 1780 3701 ὕπ-

203 3741 399 3807 εξιόντα
429 3744 496 3796 τὰ
543 3742 606 3808 ἐξ
630 3742 934 3809 ἐπιϐουλῆς
963 3740 1247 3810 γυναικῶν
1275 3740 1648 3811 ὑποτιθέμενα
1669 3743 1780 3804 τοῖς

203 3835 586 3908 ἁπλουστέροις
609 3834 824 3904 ἔνεδρα.
845 3831 1015 3902 Φησὶν
1031 3832 1183 3900 γοῦν·
1214 3849 1232 3882 ι
1262 3831 1354 3901 Μὴ
1379 3831 1610 3902 πρόσεχε
1642 3831 1781 3900 φαύ-

201 3925 264 3996 λῃ
295 3927 525 3996 γυναικί.
562 3926 711 3980 Μέλι
735 3925 846 3996 γὰρ
875 3923 1176 3988 ἀποστάζει
1207 3923 1314 3977 ἀπὸ
1342 3922 1566 3994 χειλέων
1593 3939 1782 3990 γυναι-

203 4015 292 4079 κὸς
311 4017 530 4088 πόρνης,
574 4017 608 4086 ἢ
644 4015 782 4086 πρὸς
821 4013 1016 4084 καιρὸν
1063 4013 1308 4066 λιπαίνει
1364 4012 1453 4065 σδν
1499 4013 1778 4082 φάρυγγω

201 4105 414 4180 ὕστερον
464 4110 648 4179 μέντοι
676 4146 691 4171 ,
743 4107 1075 4178 πικρότερον
1133 4104 1296 4174 χολῆς
1343 4105 1596 4176 εὑρήσεις
1625 4121 1639 4132 ·
1687 4104 1782 4159 καὶ

199 4200 519 4271 ἠκονημένον
547 4199 750 4270 μᾶλλον
783 4199 1062 4268 μαχαίρας
1083 4195 1365 4266 διστόμου.
1395 4213 1413 4246 ι
1487 4187 1490 4190 ί

280 4376 409 4429 Ἀλλ’
440 4377 516 4441 ὡς
568 4378 637 4431 ἂν
687 4370 761 4448 μὴ
804 4377 1124 4448 προσκορὴς
1160 4377 1188 4428 6
1247 4374 1404 4444 λόγος
1523 4379 1782 4450 φορτικὸς

201 4469 466 4540 φαίνηται,
520 4471 695 4540 μικρὰ
751 4470 892 4524 ἄττα
935 4467 1230 4537 προσθήσω
1278 4472 1392 4532 τοῖς
1441 4472 1776 4542 εἰρημένοις·

1881 3293 2299 3343 conservemus,
2337 3277 2468 3335 facti
2506 3278 2738 3335 omnino
2773 3279 2989 3342 oculus,
3026 3279 3119 3348 qui
3158 3278 3308 3332 nulta
3341 3280 3470 3331 dut-
3549 3283 3552 3286 ’

1880 3371 2170 3426 mitatione
2208 3370 2526 3437 claudatur,
2557 3377 2616 3425 ut
2656 3385 2725 3426 ne
2775 3371 2920 3424 clam
2953 3370 3114 3425 nobis
3153 3369 3323 3424 draco
3355 3369 3469 3423 the-

1883 3475 2110 3515 saurum
2152 3459 2387 3517 furetur.
2418 3460 2716 3517 Communi
2750 3475 2884 3530 ergo
2937 3463 3131 3516 Omnes
3181 3463 3470 3530 conspira-

1882 3553 2054 3618 tione,
2090 3553 2371 3610 doctorem
2425 3555 2592 3610 hodie
2642 3553 3062 3610 Parwmiastem
3093 3559 3468 3618 assumamus,

1883 3646 1976 3715 qui
2014 3660 2116 3699 nos
2163 3646 2344 3700 verbis
2371 3646 2437 3700 ad
2483 3645 2588 3700 hoc
2624 3646 2950 3716 compositis
2983 3646 3185 3714 praavie
3235 3647 3468 3708 muniat,

1885 3734 2176 3805 fusiusque
2207 3744 2448 3800 enarret,
2485 3751 2622 3805 quas
2653 3749 2718 3790 ex
2751 3735 3046 3788 mulierum
3078 3737 3296 3792 insidiis
3344 3738 3470 3792 sim-

1883 3825 2142 3894 pliriores
2171 3825 2426 3880 homines
2474 3825 2809 3880 offensiones
2849 3827 3152 3894 accipiunt.
3189 3827 3330 3881 Dicit
3363 3829 3468 3880 ita-

1883 3932 2032 3986 que:
2074 3935 2092 3968 ι
2145 3915 2267 3971 Noli
2326 3918 2615 3972 attendere
2667 3916 2887 3970 mulieri
2943 3915 3149 3970 faliaci.
3181 3911 3278 3972 Mel
3323 3921 3466 3974 enim

1883 4007 2116 4064 distillat
2155 4025 2185 4063 a
2214 4009 2378 4064 labiis
2422 4008 2673 4064 mulieris
2716 4008 3048 4070 meretricis,
3083 4026 3204 4080 quae
3233 4011 3299 4065 ad
3339 4021 3468 4066 tem-

1886 4117 1989 4171 pus
2025 4101 2333 4172 impinguat
2363 4101 2552 4158 fauces
2591 4109 2716 4156 tuas
2760 4119 2773 4155 :
2829 4110 3022 4172 postea
3055 4117 3188 4157 vero
3229 4105 3461 4159 amario-

1886 4205 1999 4247 rem
2035 4192 2162 4250 felle
2195 4195 2466 4261 invenies,
2497 4202 2553 4250 et
2603 4203 2818 4251 acutam
2875 4195 3049 4266 magis
3100 4195 3280 4265 gladio
3333 4196 3466 4250 biei-

1883 4286 1981 4359 piti
2008 4287 2057 4340 δ.
2092 4306 2110 4338 ι

1957 4378 2064 4435 Sed
2103 4395 2169 4435 ne
2197 4389 2291 4433 aut
2322 4378 2630 4434 satietatem
2655 4373 2864 4443 afferat,
2897 4387 2991 4432 aut
3023 4378 3252 4433 molesta
3287 4378 3468 4432 vidca-

1887 4483 1976 4527 tur
2010 4473 2210 4535 oratio,
2247 4461 2422 4543 pauca
2460 4471 2711 4541 quaedam
2749 4470 3004 4541 adjiciam
3057 4471 3124 4524 iis
3156 4486 3278 4539 qua:
3320 4471 3462 4524 dicta

199 4561 302 4621 τοῖς
351 4561 446 4630 μὲν
491 4561 694 4613 εἰδόσιν
728 4559 1064 4629 ὑπόμνησιν,
1102 4560 1215 4620 τοῖς
1265 4559 1320 4612 δὲ
1359 4560 1644 4627 ἀγνοοῦσιν
1674 4565 1772 4616 ἀσ-

1885 4575 2036 4628 suut;
2072 4565 2190 4634 ipsa
2238 4563 2484 4631 quidem,
2536 4562 2606 4616 iis
2642 4562 2733 4632 qui
2767 4569 2992 4624 norunt,
3047 4561 3112 4613 ad
3144 4560 3464 4614 memoriam

201 4649 406 4714 φάλειαν
436 4652 498 4704 οὐ
521 4653 620 4721 τὴν
650 4649 926 4720 τυχοῦσαν
953 4649 1326 4717 προσάγοντα.
1359 4671 1376 4701 ι
1418 4652 1567 4716 "ius,
1597 4657 1782 4723 φησὶν,

177 4739 359 4796 ςῦδατα
388 4745 498 4796 ἀπὸ
531 4744 643 4796 σῶν
682 4741 952 4812 ἀγγείων,
979 4740 1071 4792 καὶ
1096 4741 1203 4792 ἀπὸ
1244 4742 1352 4794 σῶν
1390 4744 1643 4812 φρεάτων
1675 4763 1781 4816 πη-

266 4939 290 4966 ι
327 4925 487 4980 l‘rov.
512 4939 546 4977 v
575 4961 591 4988 ,
623 4919 717 4976 22.
795 4929 826 4970 γ
859 4919 1021 4977 Prov.
1072 4938 1150 4987 is,
1189 4923 1277 4988 15,
1340 4924 1430 4989 18,

1511 4935 1533 4963 ²
1575 4925 1736 4982 Prov.
1767 4945 1820 4992 ν,
1845 4928 1878 4982 5

1886 4656 2094 4717 futura,
2128 4653 2196 4707 iis
2220 4661 2403 4707 autem
2437 4652 2530 4721 qui
2567 4653 2846 4714 nesciunt,
2891 4666 2997 4702 non
3042 4650 3212 4704 levem
3245 4649 3465 4702 cautio-

1887 4763 2011 4800 nem
2052 4744 2374 4814 prtebitura.
2402 4761 2420 4794 ι
2459 4742 2613 4807 Bibe,
2643 4742 2846 4810 inquit,
2881 4757 3055 4811 aquas
3078 4740 3145 4796 de
3178 4739 3288 4794 tuis
3313 4741 3463 4794 vasis

1976 4942 2000 4970 α
2041 4929 2057 4982 1
2142 4927 2334 4984 Thess.
2384 4940 2452 4989 ιν,
2488 4925 2541 4977 9.
2616 4922 2644 4962 ³³
2670 4920 2831 4976 Prov.
2872 4937 2922 4983 v,
2959 4921 3097 4980 2.4.

1470 5055 1705 5118 VARUE
1728 5063 2158 5120 LECTIONES.‘

261 5151 298 5182 "
324 5154 530 5222 lnterp.
561 5149 780 5220 Lipotn.
806 5141 1058 5214 θάνατον,
1089 5163 1196 5205 ηοη
1223 5151 1391 5207 bene.

1485 5287 1881 5351 COMBEFISII
1918 5296 2154 5352 NOTAE.

246 5385 367 5478 .(26)
402 5403 964 5488 Juxta-Apostolunt.
995 5401 1298 5488 _luterpres
1321 5400 1557 5488 _i.iporn.
1610 5403 1780 5488 Joan-

203 5473 306 5532 nein
349 5473 805 5546 evangelistam:
862 5473 1008 5540 apud
1067 5488 1230 5542 quem
1286 5474 1453 5528 etiam
1503 5476 1779 5542 reperitur

203 5548 282 5602 illa
311 5556 633 5622 sanctorum
671 5561 712 5622 ιι
745 5545 854 5622 Deo
881 5543 1176 5622 doctrina:
1233 5557 1559 5622 eoque_nou
1603 5543 1778 5622 liquet

203 5630 368 5674 utrum
399 5617 654 5672 Andreas
673 5615 908 5668 Paulum
941 5621 1038 5666 aut
1069 5609 1341 5668 Joannem
1383 5613 1665 5665 citaverit.

257 5688 368 5756 (27)
407 5685 552 5756 Dum
592 5683 1144 5756 peccati_remedium
1188 5682 1467 5756 ρςινιιινίι.Δ
1503 5681 1780 5756 Ὧδίνουσα

197 5749 282 5826 τῆς
322 5749 602 5826 ἀμαρτίας
651 5755 713 5806 τὸ
765 5753 1110 5826 φάρμακον·Δ
1159 5749 1335 5826 palam
1379 5749 1651 5826 referens,
1695 5751 1778 5811 τὸ,

201 5813 954 5896 σᾶγκάδεὰιν,’τοηεεὶιεὶιὶκ.
1019 5813 1173 5880 Velit
1223 5823 1412 5878 dicere
1475 5820 1599 5890 ejus
1659 5835 1781 5876 esse

1882 5412 2092 5481 peccati
2127 5421 2378 5476 mortem,
2412 5426 2476 5465 ac
2517 5409 2820 5481 remedium
2855 5409 3064 5481 peccati
3097 5425 3111 5463 :
3140 5409 3276 5481 sive,
3320 5425 3464 5462 more

1883 5477 1993 5535 tem
2024 5497 2089 5537 ac
2118 5483 2285 5534 vitam
2321 5500 2334 5535 :
2368 5481 2517 5550 quod
2552 5481 2632 5536 sic
2665 5480 2826 5548 plane
2860 5479 3039 5537 habet.
3067 5495 3130 5533 ac
3165 5477 3465 5550 formaliter

1885 5559 1945 5626 nt
1977 5549 2546 5626 vocant._supposit_a_
2599 5563 2820 5626 semper
2869 5549 3200 5626 escitationc
3252 5549 3460 5626 divina.

1883 5617 2161 5690 Interpres
2216 5617 2430 5686 Lipom.
2475 5622 2633 5673 aliter
2678 5619 2808 5690 legit
2852 5618 2936 5672 vel
2979 5619 3208 5690 habuit:
3247 5617 3465 5674 Prccati

1886 5688 2106 5744 mortem
2170 5690 2406 5757 cupiens,
2439 5702 2656 5743 mortem
2700 5688 2868 5755 ipsam
2921 5689 3099 5757 parit,
3155 5691 3301 5760 quod
3356 5708 3464 5746 non

1886 5760 2024 5816 satis
2067 5761 2337 5830 intelligo.
