3820 6316
409 451 416 456 _
479 358 622 423 H35

1671 364 1734 426 S.
1759 366 2093 428 ΑΝΒΒΕᾸΕ
2127 369 2549 433 CRETENSIS

3532 387 3627 454 1136

471 483 527 528 et
553 474 622 528 dc
653 479 939 543 puteorum
978 479 1193 525 tuorum
1227 468 1396 527 fonte.
1439 471 1586 529 Fons
1636 491 1791 547 aqua:
1825 480 1898 535 sit
1944 481 2037 534 tibi

2149 484 2274 551 γῆς.
2317 486 2380 537 Ἡ
2425 485 2576 557 πηγὴ
2615 485 2710 538 τοῦ
2741 486 2950 552 ὕδατος,
2989 488 3135 542 ἔστω
3163 507 3242 545 σοι
3260 493 3374 557 ἰδία,
3395 499 3471 552 καὶ
3494 518 3630 562 συνευ-

469 564 751 634 proprius,
789 570 842 617 et
863 563 1170 632 jucundare
1194 579 1316 618 eum
1342 579 1535 632 uxore,
1563 582 1683 636 quae
1708 584 1737 622 a
1760 569 2048 639 juventute

469 665 561 710 tua
596 675 609 710 :
650 656 705 710 in
737 654 859 724 ejus
892 655 1038 709 enim
1071 655 1313 711 amicitia
1341 669 1720 725 conversatus,
1757 662 2048 719 diuturnus

467 745 578 800 eris
615 755 665 800 ε.
708 763 724 796 ι
765 743 831 798 Et
859 745 1055 800 iterum
1092 761 1106 796 :
1153 763 1172 797 ι
1214 745 1292 802 Ne
1334 753 1540 803 multus
1582 750 1660 805 sis
1686 750 1752 804 ad
1788 753 2045 818 alienam,

469 850 646 904 neque
679 842 733 889 te
781 834 922 888 ulnae
981 835 1422 906 complectantur
1471 853 1580 893 non
1615 831 1873 912 pi‘0pria3.
1909 843 2047 896 Sunt

465 927 612 982 enim
641 941 824 979 coram
859 927 954 980 Dei
975 927 1153 981 oculis
1184 927 1285 982 viae
1303 928 1519 984 viri.Ne
1547 931 1764 987 dederis
1793 948 2044 988 somnum

467 1021 647 1075 oculis
677 1020 813 1086 tuis,
846 1034 1026 1090 neque
1087 1021 1414 1078 indormites
1464 1024 1738 1094 palpebris
1767 1027 1876 1081 tuis
1911 1042 1924 1079 :
1990 1035 2048 1081 ut

466 1112 694 1168 salveris
725 1120 984 1182 tanquam
1042 1111 1262 1166 damula
1308 1129 1338 1168 e
1400 1115 1632 1184 laqueis,
1689 1125 1744 1171 et
1788 1126 2044 1186 tanquam

465 1202 583 1256 avis
619 1217 649 1256 e
684 1199 920 1255 retiJur
954 1199 1018 1253 Et
1069 1201 1266 1254 iterum
1311 1219 1322 1254 :
1371 1221 1388 1252 ι
1424 1201 1500 1258 Ne
1529 1211 1581 1256 te
1615 1204 1801 1258 vincat
1856 1205 2046 1260 formae

461 1290 939 1361 cencupiscentia,
973 1305 1152 1361 neque
1201 1292 1434 1360 capiaris
1469 1292 1648 1348 oculis
1694 1293 1825 1359 tuis,
1865 1310 2046 1364 neque

463 1383 752 1453 abripiaris
779 1383 848 1436 ab
875 1382 997 1451 ejus
1024 1383 1300 1452 palpebris
1327 1399 1340 1435 :
1378 1382 1569 1437 Mulier
1595 1385 1740 1438 enim
1797 1385 2042 1438 virorum

463 1477 740 1548 pretiosas
791 1481 1024 1528 venatur
1060 1473 1301 1529 animas.
1347 1472 1464 1527 Vite
1512 1481 1692 1528 autem
1735 1473 2040 1528 inferorum

462 1570 659 1621 domus
690 1564 829 1634 ejus,
862 1564 1204 1620 deducentcs
1235 1565 1287 1619 in
1320 1582 1572 1621 secessus
1597 1567 1814 1622 mortis.
1835 1567 1916 1622 Tu
1945 1583 2043 1623 au-

463 1668 596 1722 tem,
630 1658 728 1721 lili,
765 1657 892 1711 audi
927 1672 1015 1710 mc
1049 1675 1061 1710 :
1089 1671 1269 1726 neque
1297 1657 1537 1712 declinet
1575 1659 1629 1711 in
1653 1659 1770 1713 vias
1793 1659 1914 1728 ejus
1944 1674 2042 1713 cor

461 1759 652 1817 tuum;
687 1764 787 1804 nec
820 1748 1119 1817 decipiaris
1157 1748 1211 1801 in
1248 1749 1458 1803 semitis
1489 1749 1631 1817 ejus.
1669 1749 1863 1805 Multos
1893 1751 2036 1805 enim

2137 575 2377 644 φραίνου
2420 578 2560 647 μετὰ
2604 579 2885 646 γυναικὸς,
2929 580 3040 650 τῆς
3085 584 3152 635 ἐκ
3203 585 3426 656 νεότητός
3452 609 3542 649 σου.
3573 602 3633 656 ’ἓν

2149 664 2257 734 γὰρ
2287 668 2352 736 τῇ
2392 666 2596 754 ταύτης
2635 668 2791 740 φιλίᾳ
2831 674 3389 742 συμπεριφερόμενος,
3423 682 3634 754 πολλοστὸς

2148 754 2268 843 ἔσῃ.
2301 773 2319 806 ι
2361 757 2470 808 Καὶ
2507 753 2663 820 αὖθις
2684 773 2697 788 ·
2733 777 2750 810 ι
2794 757 2885 828 Μὴ
2916 760 3092 821 πολὺς
3123 761 3229 814 ἴσθι
3260 765 3381 834 πρδις
3405 753 3633 843 ἀλλοτρίως

2151 842 2284 940 μηδὲ
2315 845 2538 940 συνέχον
2562 847 2831 914 ἀγκάλαις
2854 852 2978 912 ταῖς
3021 851 3099 920 μὴ
3127 851 3299 914 ἰδίαις.
3338 842 3550 916 Ἐνὼπιον
3565 871 3636 940 γάρ

2147 934 2285 1028 είσιν
2316 934 2428 989 τῶν
2456 937 2550 1028 τοῦ
2582 939 2717 990 Θεοῦ
2762 939 3085 1011 ὀφθαλμῶν,
3115 943 3224 995 ὁδοὶ
3252 946 3443 1017 ἀνδρός.
3471 955 3542 1023 Μὴ

2148 1020 2315 1076 ὕπνον
2347 1029 2458 1090 σοῖς
2496 1027 2759 1097 ὄμμασιν,
2803 1031 2936 1100 μηδὲ
2981 1034 3342 1108 ἐπινυστὰξῃς
3382 1020 3635 1117 σοῖς

2149 1131 2284 1183 ροις-
2323 1116 2410 1170 ἵνα
2449 1117 2596 1189 σώσῃ
2635 1119 2826 1191 ὥσπερ
2848 1122 3060 1193 δορκὰς
3088 1127 3151 1177 ὲκ
3169 1126 3386 1198 βρόχων,
3413 1137 3634 1213 uicina?

2145 1205 2334 1298 ὄρνεον
2359 1207 2701 1298 ὲκῗπαγίδος.
2739 1230 2758 1261 ι
2817 1214 2929 1264 Καὶ
2956 1210 3139 1278 αὖθις·
3179 1236 3196 1268 ι
3232 1221 3314 1290 Μή
3346 1239 3400 1275 σε
3437 1205 3636 1298 νικησάτῷ

2145 1294 2373 1388 κάλλους
2424 1297 2714 1368 ἐπιθυμία,
2763 1301 2899 1371 μηδὲ
2945 1303 3231 1376 ἀγρευθῇς
3266 1313 3370 1374 σοῖς
3399 1294 3630 1388 ὀφθαλμοῖς,

2149 1385 2286 1454 μηδὲ
2318 1389 2707 1460 συναρπασθῇς
2750 1392 2859 1444 ἀπὸ
2885 1393 2999 1444 τῶν
3031 1395 3210 1464 αὐτῆς
3239 1399 3509 1470 βλεφάρων.

2145 1473 2278 1569 γὰρ,
2316 1477 2528 1545 ἀνδρῶν
2569 1482 2755 1552 τιμίας
2793 1480 2976 1553 ψυχὰς
3014 1463 3264 1556 ἀγρεύει.
3459 1497 3504 1550 δὲ

2141 1565 2170 1616 ὁ
2205 1561 2354 1630 οἶκος
2391 1570 2585 1640 αὐτῆς,
2621 1573 2957 1642 κατάγουσαι
2989 1578 3072 1640 είς
3118 1579 3186 1630 τὰ
3214 1585 3422 1650 ταμιεῖα
3455 1561 3630 1644 (invitm.

2145 1657 2218 1708 Σὺ
2245 1657 2322 1720 δὲ,
2343 1659 2446 1722 υίὲ,
2470 1661 2636 1715 ἄκουέ
2653 1681 2777 1733 μου,
2807 1666 2902 1718 καὶ
2925 1668 3004 1737 μὴ
3026 1669 3329 1726 ἐκκλινάτω
3349 1676 3421 1739 είς
3441 1679 3516 1740 τὰς
3531 1683 3628 1746 ῶιῦς

2142 1747 2312 1816 αὐτῆς
2353 1751 2386 1820 ή
2417 1751 2612 1821 καρδία
2650 1769 2768 1816 σου,
2816 1756 2908 1808 καὶ
2938 1755 3020 1827 μὴ
3065 1758 3340 1832 πλανηθῇς
3368 1767 3418 1816 ὲν
3445 1769 3631 1835 ἀτραποὶ

458 1840 803 1898 vulnerando
829 1840 1038 1910 dejicit,
1071 1848 1124 1894 et
1155 1839 1585 1896 innumerabiles
1615 1850 1743 1896 sunt
1765 1857 1904 1912 quos
1929 1851 2037 1897 tru-

2144 1839 2334 1931 αὑτῆς.
2379 1842 2615 1908 Πολλοὺς
2652 1845 2911 1916 τρώσασα
2939 1821 3376 1923 ⁷ιιιτξταϐἐόλῇιέεν,
3409 1861 3486 1910 καὶ
3503 1821 3630 1931 ίιναρίΣ

459 1933 664 1987 cidavit
701 1943 745 1987 θ.
793 1950 810 1982 ι
870 1961 941 1969 -
987 1949 1004 1981 ι
1043 1928 1125 1984 Tu
1169 1939 1353 1986 autem
1414 1947 1482 1987 ne
1541 1933 1762 2002 injicias
1820 1933 2038 1988 Oculum

460 2035 613 2078 tuum
642 2022 708 2076 ad
750 2037 906 2086 eam,
939 2019 1033 2076 sed
1058 2020 1208 2075 resili
1232 2060 1248 2086 ,
1273 2035 1342 2075 ne
1385 2022 1620 2104 moreris
1649 2022 1705 2076 in
1760 2023 1884 2079 loco
1916 2039 1931 2078 :
1967 2024 2040 2078 ita

456 2121 602 2174 enim
644 2118 912 2173 transibis
961 2132 1162 2187 aquam
1222 2117 1480 2172 alienam.
1535 2117 1616 2171 Ab
1667 2133 1816 2188 aqua
1859 2129 2038 2174 autem

456 2212 636 2265 aliena
673 2210 991 2276 abstinete,
1032 2219 1085 2264 et
1121 2207 1189 2264 de
1222 2208 1370 2263 fonte
1396 2209 1578 2263 alieno
1604 2225 1671 2266 ne
1704 2210 1909 2265 biberis
1936 2226 1949 2262 :
1981 2219 2040 2264 ut

454 2303 680 2371 longum
709 2301 860 2356 vivas
892 2309 1147 2370 tempus;
1192 2309 1246 2355 et
1284 2297 1620 2368 adjicientur
1653 2300 1750 2355 tibi
1791 2300 1920 2354 anni
1953 2300 2036 2355 vi-

456 2405 525 2448 ta:
561 2391 604 2446 ι.
656 2412 674 2445 ι
713 2393 893 2462 Atque
926 2391 1214 2447 sufﬁciunt
1243 2391 1361 2446 haec
1397 2390 1617 2461 quidem
1647 2391 1716 2446 ad
1757 2391 2039 2462 castigan-

454 2487 582 2538 dum
612 2500 730 2549 eos,
763 2485 860 2554 qui
912 2491 1041 2538 sunt
1093 2482 1399 2554 segniores,
1430 2483 1634 2552 quibus
1682 2499 1780 2538 nos
1820 2483 2039 2540 abunde

454 2575 788 2630 communiit
818 2574 1178 2644 depromptus
1228 2589 1412 2629 sermo
1453 2588 1518 2628 ex
1550 2571 1892 2640 Proverbiis,
1942 2589 2036 2647 so-

451 2668 585 2723 briac
613 2668 814 2738 lingua:
848 2665 1018 2720 divini
1067 2665 1215 2719 illius
1255 2665 1358 2718 viri
1385 2679 1606 2719 causam
1639 2679 1840 2734 agens;
1873 2680 2036 2720 vene-

399 2819 408 2827 ,
453 2759 636 2824 randi,
671 2759 919 2828 inquam,
951 2757 1236 2824 Baptistae,
1275 2755 1368 2825 qui
1399 2755 1544 2809 hanc
1589 2756 1751 2812 nobis
1781 2757 2036 2826 apposuit

454 2865 700 2906 mensam
734 2867 748 2904 :
779 2863 888 2928 n_on
927 2847 1197 2919 sanguine
1231 2856 1542 2911 cruentam,
1567 2861 1764 2903 recens
1803 2847 2034 2917 jugulati

452 2953 620 3014 caput
651 2949 1018 3012 opponentem
1053 2951 1110 2995 ut
1143 2955 1345 3003 eseam,
1382 2954 1490 2994 non
1519 2939 1833 2997 crateribns
1868 2955 2033 2995 cruo-

451 3049 567 3089 rem
599 3048 750 3087 mero
779 3032 1254 3086 commiscentem.
1297 3028 1423 3084 llaec
1463 3029 1787 3085 llerodianze
1825 3030 2031 3098 iniqui-

453 3126 585 3180 tatis
617 3125 999 3194 tnanupretia;
1044 3123 1112 3178 iis
1145 3122 1235 3177 ille
1278 3122 1590 3176 convivium
1630 3121 1876 3185 instruit,
1904 3123 2031 3176 talia
2060 3153 2101 3211 ο

452 3218 545 3272 ille
599 3217 851 3271 convivis
902 3215 1096 3270 miscet
1124 3214 1346 3284 pocula.
1389 3213 1495 3268 Sed
1545 3229 1657 3267 non
1697 3215 1771 3268 ita
1828 3215 1874 3270 is
1936 3215 2031 3284 qui

452 3317 640 3362 nostro
675 3316 874 3376 praeest
907 3305 1205 3369 convivio;
1261 3304 1440 3358 absit!
1476 3302 1680 3358 Contra
1728 3306 1896 3370 enim,
1925 3306 2034 3360 l'or-

455 3398 714 3454 titudinis
750 3412 813 3451 ac
841 3395 1181 3459 sobrietatis,
1215 3393 1603 3463 pudieitiaequc
1637 3395 1797 3450 nobis
1829 3397 2034 3450 instru-

450 3494 531 3548 xit
572 3505 809 3554 cumam,
859 3488 1020 3558 cujus
1076 3486 1399 3557 ingurgitati
1457 3486 1728 3553 obsoniis.
1775 3487 2032 3543 meliores

445 3584 754 3664 prasinum.

523 3766 794 3833 Quoniam
828 3772 1007 3818 autem
1051 3777 1249 3832 magno
1279 3761 1510 3817 Joannis
1551 3761 1816 3816 adversus
1864 3757 2033 3814 Hero-

448 3859 568 3913 dem
615 3855 859 3910 convivii
892 3853 1222 3908 transmisso
1251 3854 1464 3922 pelago,
1510 3853 1563 3905 in
1610 3860 1828 3920 portum
1882 3859 2034 3904 tran-

449 3951 708 4016 quillum,
755 3946 1018 4003 secundis
1073 3945 1196 4014 ejus
1255 3945 1320 3998 ad
1373 3944 1540 3998 Deum
1602 3959 1826 4013 precum
1883 3943 2033 3998 auris

447 4042 840 4114 pervenimus;
892 4053 1106 4109 tempus
1135 4044 1222 4092 est
1267 4050 1323 4090 ut
1367 4039 1487 4090 vela
1519 4036 1888 4098 detnittcntes,
1919 4049 2034 4089 ser-

447 4132 628 4186 monis
649 4129 1062 4200 remigatiOnem
1085 4128 1229 4181 intra
1257 4136 1472 4196 portum
1491 4127 1771 4182 sistamus.
1792 4125 2030 4194 [Equum

445 4233 627 4279 autem
662 4223 945 4286 arbitror;
979 4234 1103 4274 nam
1137 4229 1188 4272 et
1215 4226 1394 4273 nantze
1426 4216 1477 4271 id
1517 4217 1688 4270 moris
1717 4217 1938 4279 habent,
1975 4225 2033 4270 nt

448 4332 548 4369 nos
583 4328 802 4383 quoque
835 4310 985 4380 quod
1013 4317 1269 4362 sanctum
1314 4306 1564 4361 videatur
1589 4305 1878 4368 facientes,
1901 4321 2036 4376 par-

446 4420 568 4456 vam
620 4402 836 4472 epilogo
905 4400 1212 4453 orationem
1279 4405 1698 4458 connectamus,
1768 4397 2033 4466 lectisque

2144 1930 2342 2001 Θμητοί
2371 1935 2528 1999 εἰσιν,
2561 1936 2657 1998 οὓς
2696 1939 3058 2006 πεφόνευκεν.
3093 1959 3112 1991 ι
3154 1972 3218 1981 -
3245 1963 3262 1993 ι
3301 1945 3365 1998 Σὺ
3391 1947 3438 1998 δὲ
3469 1951 3527 2017 μὴ

2144 2023 2350 2095 στήσῃς
2375 2024 2436 2075 τὺ
2476 2025 2566 2077 σὺν
2593 2025 2751 2096 ὄμμα
2777 2027 2913 2098 πρὸς
2951 2030 3152 2102 αὑτήνο
3192 2032 3323 2085 ἀλλὰ
3348 2036 3630 2108 ἀποπήδησονο

2143 2112 2221 2185 μὴ
2250 2115 2507 2187 χρονίσῃς
2531 2117 2589 2168 ὲν
2623 2118 2700 2186 τῷ
2733 2118 2904 2189 τόπῳ
2937 2119 3123 2186 οὕτως
3156 2123 3266 2194 γὰρ
3301 2126 3500 2199 διαϐήσῃ
3536 2131 3630 2200 ὓδωρ

2139 2205 2440 2277 ἀλλότριον.
2498 2208 2631 2260 Ἀπὸ
2671 2209 2726 2262 δὲ
2767 2208 2960 2274 ὕδατος
3001 2212 3289 2284 ἀλλοτρίου
3326 2217 3540 2286 ἀπόσχω,
3570 2224 3630 2274 nl

2138 2295 2246 2348 ἀπὸ
2276 2297 2459 2368 πηγῆς
2503 2289 2800 2368 ἀλλοτρίας
2821 2299 2894 2372 μὴ
2919 2302 3078 2374 πίῃς,
3109 2304 3196 2356 ἵνα
3221 2305 3376 2358 πολὺν
3402 2307 3629 2379 ζήσῃςχρίι

2138 2405 2249 2454 νον,
2277 2391 2370 2442 καὶ
2403 2391 2841 2461 προστεθήσεταί
2876 2411 2961 2447 σοι
3008 2395 3107 2465 ἐτη
3143 2396 3305 2463 ζωῆς.
3343 2418 3360 2450 ι
3395 2400 3540 2452 Ίκαιὰ
3563 2403 3628 2469 μὲν

2139 2481 2236 2533 καὶ
2285 2481 2458 2534 ταῦτα
2506 2485 2840 2554 σωφρονίσαι
2875 2487 3006 2550 τοὺς
3039 2489 3414 2560 νωθεστέρους,
3448 2488 3510 2554 οἷς
3537 2494 3626 2544 ἀπι-

2137 2570 2379 2641 Χρόντως
2407 2573 2552 2643 ἡμᾶς
2590 2575 2617 2626 ὁ
2648 2575 3027 2646 Παροιμιακδς
3053 2565 3474 2650 πατησφαλίσατο
3493 2581 3625 2648 λόγος’

2135 2663 2165 2715 ὁ
2188 2662 2286 2732 τῆς
2327 2661 2603 2734 σώφρονος
2631 2665 2883 2738 γλώσσης
2917 2669 3138 2722 ἐκείνου
3160 2669 3252 2723 τοῦ
3275 2672 3521 2724 Θεσπεσίου
3544 2689 3624 2724 συν-

2137 2754 2356 2824 ήγοροςο
2390 2753 2485 2807 τοῦ
2515 2754 2836 2826 σεϐασμίου,
2873 2760 3042 2828 φημὶ,
3079 2759 3396 2814 Βαπτιστοῦ·
3419 2762 3467 2824 ὃς
3482 2761 3625 2830 ταύτῃ·

2136 2845 2268 2916 ἡμῖν
2315 2846 2628 2917 παρέθηκεν
2675 2847 2773 2918 τὴν
2803 2851 3090 2920 τράπεζαν
3137 2853 3381 2921 σήμερον·
3408 2853 3458 2904 οὗ
3487 2870 3620 2920 πεφοι-

2135 2937 2396 3008 νιγμένην
2427 2939 2671 3008 αῖμασιν·
2696 2941 2756 2992 οὐ
2788 2944 3066 3013 νεοσφαγῆ
3104 2943 3340 3012 κεφαλὴν
3372 2944 3622 3013 προτιθεμέ-

2135 3042 2232 3097 νην
2259 3027 2334 3090 ὡς
2354 3027 2575 3098 ἕδεσμα’
2602 3030 2664 3082 οὐ
2695 3031 3095 3100 συνεκχέουσαν
3131 3032 3208 3101 τῷ
3241 3032 3404 3102 λύθρῳ
3425 3034 3513 3094 τοῖς
3530 3046 3621 3099 κρα-

2135 3119 2300 3188 τῆρσι
2331 3120 2422 3175 τὸν
2474 3121 2732 3192 ἄκρατον.
2789 3125 2977 3179 Ταῦτα
3028 3128 3128 3196 τῆς
3175 3129 3398 3198 Ἡρώδου
3442 3141 3620 3195 παρενο-

2138 3211 2268 3280 μίας
2291 3213 2339 3244 "
2379 3211 2450 3265 τὰ
2487 3215 2761 3286 ἐπίχειρα·
2792 3217 3006 3282 τούτοις
3039 3221 3242 3282 ἐκεῖνος
3280 3219 3414 3288 ἑστιᾷ
3446 3217 3493 3268 τὸ
3523 3232 3618 3282 Guy.-

2136 3303 2346 3357 πόσιον·
2375 3306 2602 3361 τοιαῦτα
2651 3308 2868 3378 κίρνησι
2907 3313 3024 3373 τοῖς
3070 3311 3362 3380 συμπόταις
3397 3310 3558 3367 ἐκεῖνος
3574 3305 3619 3355 τὰ

2135 3397 2374 3467 πόματα.
2438 3399 2550 3468 Οὐχ
2603 3381 2955 3471 [ἡμέτερος
3009 3402 3423 3473 συμποσιάρχης·
3463 3397 3615 3461 ἄπαγει

2135 3487 2460 3540 Τούναντίον
2513 3489 2634 3558 μὲν,
2697 3491 2951 3560 ἀνδρείας
3005 3495 3105 3545 καὶ
3163 3489 3478 3560 σωφροσύνης
3528 3487 3616 3553 ἡμῖν

2135 3576 2422 3630 ἑστιάσατο
2463 3577 2699 3643 δεῖπνον,
2733 3573 2796 3632 οὗ
2827 3580 2934 3633 τῶν
2962 3580 3114 3650 δψων
3144 3578 3514 3652 ὲμφορηθέντες,
3532 3573 3616 3642 βελ-

2133 3667 2282 3730 τίους
2315 3669 2646 3739 γεγόναμεν.
3127 3653 3130 3655 ’

2216 3760 2371 3813 Ἐπεὶ
2392 3757 2486 3814 οὖν
2529 3761 2588 3814 τὸ
2632 3761 2774 3831 μέγα
2827 3763 2927 3832 τῆς
2988 3764 3231 3819 Ἰωάννου
3280 3762 3398 3833 πρὺς
3438 3756 3612 3827 Ἡρώδην

2134 3851 2429 3914 ἑστιάσεως
2450 3852 2678 3922 διαπορο
2687 3853 2984 3923 μεύσαντες
3019 3857 3272 3923 πέλαγος,
3296 3854 3370 3920 ἐφ’
3395 3852 3528 3920 ὅρμον
3544 3862 3612 3911 τι·

2133 3942 2314 4012 λήνιον
2354 3946 2476 4007 ταῖς
2527 3945 2694 3996 αὑτοῦ
2729 3945 2866 4015 πρὸς
2905 3945 3040 3999 Θεὸν
3065 3949 3335 4007 εὐκτικαίς
3354 3939 3613 4007 κατηντῆη·

2137 4050 2236 4101 μεν
2265 4032 2482 4104 αὔραις,
2519 4035 2712 4105 καιρὸς
2745 4036 2844 4106 ἤδη
2873 4036 2941 4088 τὰ
2975 4039 3125 4091 ίστία
3171 4037 3488 4105 χαλάσαντες,
3521 4026 3612 4078 εἴπω

2134 4123 2366 4193 λιμένων
2387 4125 2755 4180 διαναπαῦσαι
2777 4126 2870 4180 τοῦ
2905 4128 3068 4196 λόγου
3090 4129 3184 4200 τὴν
3214 4120 3612 4197 είρεσίαν.Δίκαιιιν

2132 4215 2188 4268 δὲ
2219 4213 2372 4284 οἶμαι
2406 4217 2524 4281 (καὶ
2558 4217 2667 4288 γὰρ
2695 4218 2821 4280 τοὺς
2849 4219 3146 4290 πλωτῆρας
3171 4219 3282 4279 ἔθος
3301 4214 3434 4267 τοῦτο
3452 4206 3607 4272 ποιεῖθ’

2135 4309 2226 4358 καὶ
2244 4309 2390 4376 ἡμᾶς
2419 4307 2545 4360 ὅσιά
2571 4325 2633 4376 γε
2667 4311 3026 4378 πράττοντας,
3059 4309 3246 4380 μικρὸν
3263 4305 3524 4375 παρενεῖραι
3547 4296 3608 4347 λό-

2134 4416 2228 4466 γον
2259 4399 2336 4469 τῷ
2373 4398 2611 4468 ἐπιλόγῳ
2636 4438 2650 4461 ,
2684 4399 2777 4452 καὶ
2813 4400 3112 4469 Γραφικοϊς
3140 4399 3311 4454 ἄνθεσι
3348 4389 3606 4459 στεφανῶσαι

442 4497 747 4566 Scriptura:
797 4492 1044 4547 ﬂosculis
1102 4491 1279 4543 virum
1330 4503 1712 4544 coronemus:
1762 4488 2028 4558 siquidem

2139 4489 2224 4541 τὸν
2256 4489 2442 4559 ἄνδρα·
2472 4490 2524 4542 εί
2565 4506 2628 4558 γε
2660 4491 2753 4543 κα⁴ι
2785 4490 2954 4560 ἄνδρα
2986 4491 3092 4561 χρὴ
3123 4492 3314 4557 λέγειν,
3347 4485 3425 4537 τὸν
3451 4481 3605 4566 πάντων

449 4601 630 4643 tamen
669 4590 844 4640 virum
877 4596 1206 4652 nuncupare
1231 4581 1421 4635 deceat
1459 4595 1581 4634 eum
1607 4583 1696 4650 qui
1734 4581 1883 4635 omni
1915 4596 2031 4633 ma-

443 4681 530 4750 jnl‘
565 4682 805 4742 homine,
862 4679 1006 4731 inter
1055 4684 1214 4729 natos
1272 4674 1564 4728 mulierum
1617 4673 1888 4743 apparuit.
1933 4673 2033 4726 llic

447 4772 595 4824 enim
619 4780 703 4822 est
732 4785 894 4837 quem
931 4767 1120 4820 multis
1164 4763 1465 4832 Scriptura:
1497 4763 1631 4817 locis
1683 4761 1830 4817 varie
1881 4761 2031 4816 desi-

449 4866 676 4929 gnatum
726 4857 1122 4919 invenerimus,
1173 4854 1338 4907 modo
1389 4861 1449 4906 ut
1497 4851 1616 4922 apis
1648 4860 2033 4922 argumentosa

447 4949 740 5018 diligenter
767 4949 1088 5002 lustremus.
1117 4945 1313 4998 Multas
1343 4946 1486 4998 enim
1519 4944 1677 4999 nobis
1705 4944 1824 5012 ejus
1849 4944 2034 5014 appel-

449 5038 686 5091 lationes
741 5051 925 5089 rerum
968 5033 1344 5088 consideratio
1395 5033 1602 5095 attulit,
1654 5049 1888 5102 quarum
1923 5033 2036 5088 sin-

371 5105 377 5118 ”
449 5129 596 5197 gulis
625 5141 927 5194 congruum
971 5124 1352 5179 testimonium
1380 5125 1676 5190 adhibens,
1711 5140 1877 5194 quam
1917 5124 2035 5181 fuc-

447 5222 557 5274 rint
591 5219 990 5274 rationabiliter
1023 5217 1264 5285 ascripta
1289 5218 1534 5281 nomina,
1568 5217 1817 5272 ostendo.

518 5310 614 5365 Est
671 5313 857 5380 itaque
913 5310 1082 5379 prima
1145 5309 1264 5376 ejus
1311 5309 1624 5377 appellatio,
1667 5308 1862 5362 Filius.
1897 5326 1914 5357 ι
1952 5306 2029 5362 Ne

447 5401 637 5455 timeas
667 5401 836 5460 enim,
879 5397 1079 5466 inquit,
1117 5395 1422 5460 Zacharia;
1456 5412 1588 5451 cccc
1631 5396 1902 5452 Elisabetlt
1935 5413 2029 5467 pe-

2139 4579 2442 4649 ἀνθρώπων
2485 4582 2542 4633 ὲν
2581 4584 3172 4650 γεννητοίςιγυναικὼν
3211 4573 3501 4645 ὰναφανέντα
3521 4563 3600 4635 μεί⁶

2139 4671 2287 4736 ζονα.
2317 4665 2483 4734 Οὗτος
2507 4671 2614 4742 γάρ
2637 4674 2807 4736 ἐστιν,
2829 4672 2890 4724 ὃν
2920 4672 3186 4743 πολλαχοῦ
3217 4669 3306 4738 τῆς
3335 4660 3513 4734 Γραφῆς
3535 4669 3600 4743 ἵε·

2140 4763 2370 4833 ρόμενον
2419 4741 2753 4832 πολυσήμως
2800 4741 3127 4834 εὑρήσομεν,
3171 4761 3244 4831 τῷ
3282 4751 3507 4824 φιλοπόνίι⁹
3530 4741 3596 4808 τῆῖ

2137 4855 2399 4924 μελίσσης
2430 4854 2634 4923 ταύτην
2689 4856 3196 4926 ὲμπεριερχόμενοι.
3233 4846 3411 4906 Πολλὰς
3432 4841 3514 4908 γὰρ
3531 4834 3597 4886 αὖο

2134 4944 2228 4998 τοῦ
2275 4947 2373 5008 τὰς
2420 4947 2794 5016 προσηγορίας
2827 4948 2962 5016 ἡμῖν
3002 4946 3299 5013 ἐνεποίησεν
3331 4933 3466 5006 ήτῶν
3496 4940 3593 4994 πρα-

2134 5037 2363 5106 γμάτων
2426 5039 2704 5108 περιωπή·
2759 5031 2834 5091 ὧν
2891 5039 3100 5110 ἑκάστῃ
3157 5035 3248 5106 τὴν
3302 5027 3595 5116 “infimi”?

2137 5121 2446 5192 μαρτυρίαν
2498 5123 2790 5192 παραθεὶς,
2836 5123 2899 5176 τὸ
2947 5124 3218 5192 ἀξιόλογον
3258 5117 3350 5170 τῶν
3385 5111 3591 5174 ὀνομάτων

2137 5215 2406 5284 δείκνυμι.

2215 5307 2371 5360 Ἔστι
2402 5306 2532 5374 γοῦν
2580 5305 2746 5360 αὑτοῦ
2795 5307 2828 5376 ή
2884 5306 3076 5377 πρώτη
3111 5305 3296 5373 κλῆσις,
3350 5305 3519 5384 Ποςισρ

2136 5397 2300 5468 φοϐοῦ
2325 5398 2456 5469 γὰρ,
2493 5396 2758 5467 Ζαχαρία,
2789 5397 2973 5466 φησιν·
3009 5396 3114 5449 ἰδοὺ
3149 5385 3387 5446 Ἐλιεὰὁετ
3406 5377 3584 5443 γεννήσει

3345 5291 3457 5350 Υίός.
3484 5302 3498 5332 ι
3523 5275 3585 5335 Μὴ

518 5552 541 5581 α
583 5540 717 5593 l‘rov
773 5535 1040 5601 ν,15-17.
1115 5537 1321 5589 dProv.
1356 5549 1430 5596 vt,
1463 5537 1516 5601 4,
1553 5536 1605 5600 5,
1648 5536 1740 5598 ‘23,
1767 5535 1858 5590 ‘26.
1939 5546 1962 5572 ο
1999 5536 2158 5592 Prov.
2221 5555 2317 5598 ru.
2375 5538 2568 5592 24-27.
2647 5537 2671 5574 τ
2707 5536 2864 5595 Prov.
2907 5554 2984 5606 ις,
3020 5537 3104 5604 l9,
3146 5528 3246 5591 'sec.
3278 5521 3406 5579 LXX-

1726 5649 1955 5704 VARUE
1987 5650 2396 5705 LECTIONES.

477 5729 811 5810 "'lntcrpr.
845 5741 1056 5808 Lipim.
1116 5739 1262 5810 legit.
1316 5739 1611 5809 παροινίας.
1670 5809 1673 5811 _
