3820 6316
493 350 630 418 1139
1679 363 1737 426 s-.
1778 363 2112 424 unum
2142 333 2565 428 CRE’I‘ENSIS'
3559 373 3654 440 mn

489 479 770 537 sponsam,
796 481 1035 537 sponsus
1062 475 1147 524 est
1180 487 1194 526 :
1231 470 1442 526 amicus
1478 479 1660 529 autem
1709 475 1920 544 sponsi,
1973 490 2044 545 qu

2167 473 2235 526 λὰ
2261 474 2362 544 μὲν
2393 471 2486 528 οὖν
2528 477 2619 530 καὶ
2649 476 2814 547 ἕτερα
2839 478 3204 550 παρακαλῶν,
3249 482 3576 552 εὐηγγελίζετο
3601 493 3662 544 τὸν

489 569 618 627 stat,
653 571 707 618 et
735 561 891 617 audit
928 578 1081 630 eum,
1115 564 1317 635 gaudio
1358 567 1558 636 gaudet
1599 577 1827 638 pr0pter
1877 583 2045 624 vocen

2172 563 2322 619 λαόν..
2349 585 2368 618 ι
2404 567 2796 637 Νυμφαγωγὸς
2817 586 2831 601 ο
2872 588 2890 621 ι
2955 571 3017 624 '0
3047 569 3192 640 ἔχων
3223 571 3318 642 τὴν
3347 574 3546 646 νύμφην,
3569 599 3664 650 νυμ.

489 656 707 724 sponsi.
731 655 842 711 Hoc
859 671 990 727 ergo
1017 659 1277 728 gaudium
1305 675 1484 715 meum
1516 661 1802 731 impletum
1833 671 1918 718 est
1957 672 2005 716 ο.

2172 655 2294 723 φίος
2325 657 2497 713 ἐστίν.
2538 660 2596 712 '0
2625 660 2684 712 δὲ
2721 660 2874 729 φίλος
2906 661 3005 714 τοῦ
3041 663 3306 732 νυμφίου,
3334 666 3362 717 6
3385 667 3584 738 ἑστηκὼς
3605 676 3666 727 ul,

492 745 778 803 Lucerna:
819 766 838 799 ‹
886 748 981 804 llle
1032 761 1154 804 erat
1205 751 1431 808 lucerna
1475 753 1700 819 ardens,
1741 762 1797 809 et
1834 753 2064 809 lucens:

490 833 603 890 Vos
646 845 827 892 autem
865 839 1124 896 voluistis
1179 841 1246 896 ad
1289 842 1480 896 horam
1527 832 1806 900 exsultare
1854 845 1910 899 in
1947 845 2070 901 luce

489 925 612 995 ejus
641 926 691 981 ά.
731 946 750 979 ι
790 927 1176 1002 Reprehensio
1216 935 1450 990 Herodis
1475 953 1496 990 :-
1532 953 1550 988 ι
1591 935 1822 992 Dicebat
1840 937 1986 992 enim
2015 937 2066 992 ei

487 1013 731 1072 Joannes
766 1033 781 1071 :
812 1017 933 1075 Non
988 1021 1115 1077 licet
1164 1022 1262 1078 libi
1296 1023 1498 1080 habere
1544 1039 1774 1080 uxorem
1828 1025 2073 1097 Philippi.

489 1103 681 1160 fratris
707 1106 784 1162 tui
806 1118 851 1160 ο.
903 1127 922 1162 ›
961 1108 1205 1168 llerodes
1235 1124 1450 1179 autem,
1490 1129 1615 1170 cum
1648 1115 1698 1170 is
1731 1131 1853 1171 eum
1881 1133 2067 1190 repre-

493 1196 753 1254 henderet
784 1209 1015 1273 propter
1063 1201 1446 1274 llerodiadem,
1502 1207 1732 1266 inclusit
1783 1209 1961 1279 ipsum
2009 1211 2064 1266 in

486 1302 728 1345 carcere.

559 1549 658 1606 His
681 1550 926 1610 Joannes
952 1567 1184 1614 vocatus
1209 1568 1296 1616 est
1323 1563 1643 1620 nominibus
1681 1583 1704 1619 :~
1740 1566 1894 1622 hisee
1929 1567 2064 1621 titu-

487 1640 556 1695 lis
584 1640 688 1696 fuit
717 1642 1057 1715 honoratus;
1087 1649 1396 1723 habuitque
1419 1655 1668 1712 actiones
1692 1658 1761 1714 iis
1787 1673 2062 1731 congruas

485 1733 974 1801 appellationibus.
1007 1743 1123 1809 ille,
1163 1745 1412 1816 inquam,
1437 1746 1698 1812 Joannes,
1726 1767 1838 1822 quo
1881 1772 1902 1807 ι
1949 1770 2062 1811 ηοη,

484 1827 732 1881 surrexit
761 1830 940 1900 major
979 1836 1122 1889 inter
1145 1847 1306 1893 natos
1340 1839 1636 1896 mulierum
1670 1841 1714 1894 ί.
1748 1862 1768 1895 ι
1804 1845 1909 1899 Hic
1932 1861 2062 1904 vere

481 1924 593 1978 est,
646 1917 715 1973 de
762 1935 875 1990 quo
929 1921 1099 1979 David
1151 1935 1412 1999 tanquam
1449 1947 1512 1986 ex
1564 1948 1800 2004 persona
1839 1933 1959 2003 Dei,
2005 1945 2063 1994 et

396 2065 402 2074 _
481 2003 664 2063 Patris
695 2012 1158 2078 psallitUParavi
1195 2018 1478 2077 lucernam
1525 2003 1752 2080 Christo
1782 2041 1939 2082 meo:
1968 2043 2063 2084 su—
2100 2079 2108 2087 .

481 2113 581 2168 per
617 2101 798 2171 ipsum
834 2115 1018 2164 autem
1063 2109 1336 2167 eﬂlorebit
1388 2114 1764 2172 sanctiﬁcatio.
1799 2119 1918 2173 mea
1947 2120 1990 2173 8.
2033 2138 2054 2172 ι

481 2187 583 2245 Hie
609 2200 696 2247 est
731 2206 968 2265 magnus
1008 2196 1174 2266 Elias,
1213 2215 1322 2255 non
1360 2202 1690 2273 Thesbites;
1719 2207 1812 2261 sed
1848 2207 1942 2278 qui
1978 2207 2057 2264 le-

479 2294 600 2348 gem
654 2283 806 2337 inter
851 2287 1227 2358 gratiamque,
1264 2291 1479 2346 medius
1519 2293 1873 2363 intercessit;
1928 2296 2058 2352 fuit-

479 2385 586 2438 que
637 2374 862 2442 prioris,
915 2393 1232 2449 quanquam
1286 2383 1406 2450 ipse
1463 2386 1739 2453 posterior
1789 2396 2056 2458 tempore,

479 2463 752 2522 adventus
795 2467 1062 2524 Dominici
1100 2488 1450 2541 praecursor;
1495 2493 1619 2531 cum
1659 2479 1852 2534 eodem
1891 2488 2056 2550 atque

481 2556 570 2610 ille
605 2558 830 2627 spiritu,
861 2575 926 2614 ac
957 2563 1161 2618 virtute
1198 2567 1535 2634 praecedens,
1569 2571 1644 2622 uti
1674 2571 2054 2643 Archangelus

479 2649 734 2715 praedixit
769 2650 1052 2709 Zachariae
1089 2653 1139 2710 ι.
1170 2655 1270 2711 Cui
1304 2656 1624 2716 Zachariae?
1659 2661 1742 2716 Illi
1790 2665 2051 2720 nimirum

475 2725 636 2810 cujus
665 2744 895 2814 sanguis
925 2746 1130 2800 clamat
1168 2747 1280 2819 (28)
1311 2749 1600 2820 plusquam
1647 2754 1837 2810 Abelis
1875 2756 2052 2812 i.‘Hic

475 2842 559 2888 est
596 2836 690 2904 qui
723 2836 884 2904 prius
932 2838 1268 2905 exsultavit,
1305 2850 1361 2897 et
1405 2851 1699 2914 antequam
1751 2846 1806 2902 in
1865 2849 2049 2906 lucem

475 2925 739 2991 prodiret.
771 2926 1067 2983 Dominum
1105 2945 1269 2987 suum
1313 2935 1536 3004 agnovit
1586 2936 1642 2992 in
1701 2947 1915 2994 ventre.
1949 2939 2050 2996 Hic

475 3021 722 3069 materna
757 3016 944 3088 lingua
993 3019 1372 3079 instrumento
1431 3033 1632 3094 utens,
1667 3029 1879 3098 prolem
1931 3032 2052 3088 sine

2169 747 2391 802 ἀκούων
2421 749 2614 816 αὐτοῦ,
2652 755 2796 824 χαρᾷ
2824 753 3010 824 χαίρει
3039 755 3132 808 διὰ
3165 756 3263 826 τὴν
3295 757 3460 829 φωνὴν
3485 761 3558 814 τοῦ
3576 781 3666 834 νυμ-

2171 837 2509 911 φίουιΔῢτη
2555 838 2649 897 οὖν
2691 845 2724 913 ἡ
2757 845 2902 915 χαρά
2934 848 2970 916 ἡ
3014 847 3130 917 ἐμὴ
3183 849 3528 920 πεπλήρωται.
3555 873 3571 906 ι
3597 857 3668 910 Λύ-

2169 947 2325 999 χνος·
2357 950 2376 984 ‹
2400 932 2637 998 Ἐκεῖνος
2664 930 2733 1005 ἧν
2756 939 2784 989 6
2812 935 3007 1007 λύχνος
3034 940 3064 999 6
3082 940 3385 1008 καιόμενος,
3409 945 3487 996 καὶ
3507 947 3663 1013 φαίνων·

2170 1023 2328 1092 ὑμεῖς
2356 1022 2412 1076 δὲ
2434 1025 2738 1096 ἠθελήσατε
2775 1027 3221 1098 ἀγαλλιασθῆναι
3253 1033 3387 1101 πρὸς
3411 1035 3538 1103 ὥραν
3558 1037 3600 1088 ὲν
3617 1042 3666 1111 τῷ

2171 1116 2312 1182 φωτὶ
2346 1116 2530 1172 αὐτοῦ.
2578 1136 2597 1170 ι
2646 1119 2910 1190 Ἔλεγχος
2963 1122 3218 1191 Ἡρώδου
3249 1140 3267 1156 ο
3306 1144 3323 1176 ι
3369 1125 3560 1195 Ἔλεγεν
3595 1132 3664 1203 γὰρ

2167 1205 2318 1275 αὐτῷ
2343 1208 2372 1259 6
2412 1207 2686 1280 Ἰωάννης·
2724 1213 2838 1266 Οὐκ
2867 1212 3091 1276 ἔξεστίν
3125 1232 3209 1267 σοι
3241 1215 3379 1285 ἔχειν
3405 1218 3491 1288 τὴν
3505 1225 3665 1286 γυναῖκα

2165 1293 2433 1357 φιλίππου
2472 1297 2568 1350 τοῦ
2598 1298 2831 1369 ἀδελφοῦ
2866 1317 2981 1360 σου.
3020 1319 3042 1354 ι
3090 1302 3150 1354 ’0
3188 1302 3246 1355 δὲ
3275 1303 3496 1374 Ἡρώδης
3517 1307 3656 1376 Elim

2169 1400 2331 1452 μενος
2365 1386 2459 1438 ὑπ’
2484 1388 2650 1442 αὑτοῦ
2672 1391 2740 1442 δι’
2775 1391 3110 1460 Ἡρωδιάδα,
3139 1393 3472 1456 κατέκλεισεν
3494 1397 3661 1457 αὐτὸνὲν

2165 1476 2233 1549 τῇ
2268 1474 2506 1547 φυλακῇ.
3104 1537 3107 1541 _
3297 1532 3300 1536 .

2235 1562 2459 1628 Τούτοις
2497 1566 2754 1637 Ἰωάννης
2781 1569 2898 1631 τοῖς
2933 1569 3174 1640 ὀνόμασι
3202 1571 3452 1640 κέκληται
3476 1590 3490 1605 ο
3522 1575 3660 1639 τούτοις

2163 1652 2452 1726 τετίμηται
2469 1672 2484 1686 ο
2501 1657 2710 1711 τούτων
2733 1658 2832 1722 τάς
2853 1661 3092 1730 πράξεις
3114 1662 3456 1733 καταλλήλως
3466 1668 3559 1726 ταῖς
3575 1669 3658 1738 κλή-

2169 1762 2286 1801 σεσι
2311 1753 2748 1821 προσεκτήσατο.
2766 1754 3025 1825 Ἰωάννης
3051 1757 3288 1820 ἐκεῖνος,
3319 1751 3376 1810 οὖ
3405 1777 3422 1810 ι
3455 1759 3660 1829 μείζωνίν

2162 1843 2444 1909 γεννητοῖς
2501 1844 2783 1910 γυναικῶν
2813 1846 2918 1906 οὐκ,
2967 1848 3301 1918 ἐγήγερται.
3320 1850 3358 1900 ἰ
3390 1845 3532 1914 οὗτός
3561 1854 3660 1906 ἐστιν

2162 1929 2380 2001 ἀληθῶς
2403 1933 2534 2004 περὶ
2557 1928 2618 1989 οὗ
2637 1936 2665 1988 6
2695 1937 2873 2006 μέγας
2902 1938 3104 2006 ψάλλει
3155 1941 3324 1993 Δασιδ
3339 1981 3352 2004 ,
3389 1941 3455 2004 ὡς
3475 1946 3526 1997 ὲκ
3548 1962 3644 2015 προσ

2160 2021 2311 2074 ώπου
2332 2022 2428 2077 τοῦ
2445 2024 2584 2080 Θεοῦ
2603 2029 2698 2081 καὶ
2720 2029 2834 2082 Πατ
2844 2029 2935 2100 ρος
2951 2030 3134 2101 λέγων
3160 2049 3174 2064 ·
3198 2052 3218 2086 ι
3239 2034 3512 2104 Ἠτοίμασσ
3531 2036 3660 2106 λύχνον

2159 2114 2238 2184 τῷ
2268 2116 2492 2188 Χριστῷ
2529 2135 2662 2188 μουο
2691 2121 2786 2192 ἐπὶ
2811 2121 2868 2175 δὲ
2898 2123 3070 2178 αὐτὸν
3102 2124 3385 2194 ἐξανθήσει
3411 2127 3465 2179 τὸ
3487 2128 3656 2196 ἀγίασμά

2162 2221 2287 2273 μου.
2327 2223 2344 2256 ι
2391 2202 2560 2271 Οὗτός
2604 2210 2754 2262 ἐστιν
2794 2211 2984 2280 Ἠλίας
3017 2214 3232 2277 ἐκεῖνος
3277 2217 3304 2268 6
3335 2215 3518 2285 μέγας·
3553 2217 3656 2285 οὐχί

2158 2293 2427 2366 Θεσὸίτης
2453 2313 2467 2326 ·
2497 2298 2614 2355 ἀλλ’
2659 2300 2688 2351 6
2743 2302 2975 2373 μεσίτης
3018 2304 3196 2373 νόμου
3246 2305 3340 2358 καὶ
3366 2306 3574 2376 χάριτος,
3595 2309 3653 2358 καὶ

2156 2386 2255 2456 τῆς
2288 2389 2564 2459 προτέρας
2584 2429 2598 2454 ,
2629 2392 2678 2444 εί
2717 2392 2811 2445 καὶ
2837 2393 2915 2464 τῷ
2947 2395 3136 2465 χρόνῳ
3168 2394 3412 2466 δεύτερος
3432 2435 3447 2460 ,
3468 2397 3547 2465 τῆς
3569 2397 3653 2466 Χρι-

2157 2477 2285 2530 στοῦ
2310 2480 2616 2546 παρουσίας
2652 2482 2985 2554 πρόδρομος,
3014 2485 3046 2536 6
3070 2485 3212 2556 μετὰ
3235 2487 3332 2556 τῆς
3357 2485 3504 2555 αὐτῆς
3520 2488 3650 2556 ἐκείνῳ

2157 2567 2437 2636 προελθὼν
2485 2571 2844 2640 ὲμπνεύσεως
2891 2575 2988 2628 καὶ
3026 2576 3347 2646 δυνάμεως,
3378 2577 3447 2640 ὡς
3470 2579 3650 2646 66min-

2151 2659 2311 2726 γελος
2337 2659 2416 2730 τῷ
2443 2663 2693 2740 Ζαχαρία
2715 2667 3052 2740 προέφησεν.
3085 2669 3331 2739 Ζαχαρία
3361 2668 3513 2738 ποίῳς
3539 2661 3592 2719 οὗ
3612 2667 3650 2718 τί

2151 2745 2294 2819 αἷμα
2326 2752 2518 2822 κράζει
2552 2754 2717 2808 πλέον
2755 2757 2851 2810 τοῦ
2901 2758 3095 2813 Ἀϐελ.
3139 2753 3307 2822 οὗτός
3335 2761 3467 2811 ἐστιν
3499 2760 3521 2810 6
3559 2773 3648 2824 προ-

2152 2843 2475 2914 σκιρτήσας,
2508 2845 2605 2902 καὶ
2633 2847 2765 2917 πρὶν
2794 2849 2873 2911 είς
2896 2849 3016 2918 φῶς
3047 2851 3327 2920 προελθεῖν
3358 2851 3568 2917 ἐπιγνοὺς
3585 2848 3645 2899 τὸν

2150 2931 2345 2986 ἑαυτοῦ
2374 2937 2654 3010 Δεσπότην
2690 2939 3044 3012 ὲγγάστριον.
3080 2935 3252 3004 Οὗτος
3286 2943 3478 3012 ὀργάνῳ
3498 2943 3549 3010 τῇ
3581 2939 3645 3005 τῆς

2149 3025 2420 3095 τεκούσης
2449 3027 2666 3102 γλώττῃ
2689 3035 3064 3104 χρησάμενος,
3084 3035 3178 3089 τὸν
3198 3034 3432 3102 ἀπάτορα
3451 3032 3572 3084 τόκον
3591 3029 3642 3080 ἔτι

472 3111 628 3167 patre
654 3095 930 3173 allocutus
969 3117 1075 3172 est,
1107 3125 1233 3166 cum
1273 3111 1366 3167 illa
1395 3113 1576 3171 adhuc
1602 3095 1765 3174 utero
1793 3128 2045 3190 gestare-

2152 3095 2590 3187 κυοφορούμενος
2639 3095 3065 3195 γόρευσεν
3091 3167 3108 3192 ,
3146 3145 3166 3178 ι
3200 3095 3383 3180 Πόθεν.
3411 3141 3487 3196 μοι
3517 3123 3640 3184 τοῦτο,

473 3203 562 3245 tur
597 3211 609 3246 :
666 3213 685 3244 ι
716 3195 873 3272 Un’de
910 3197 1016 3255 hoc
1051 3203 1208 3268 mihi,
1261 3205 1490 3274 dicens,
1527 3217 1588 3264 ut
1635 3212 1822 3268 veniat
1873 3213 2045 3272 Mater

2152 3203 2344 3274 λέγων,
2371 3207 2458 3262 ἴνα
2488 3210 2520 3280 ἡ
2553 3211 2735 3282 μήτηρ
2761 3213 2858 3268 τοῦ
2885 3216 3099 3287 Κυρίου
3133 3235 3235 3288 μου
3261 3217 3380 3288 ἔλθῃ
3408 3195 3521 3288 πρός
3543 3230 3636 3283 μεςι

470 3281 685 3338 Domini
717 3287 854 3340 mihi.
881 3290 947 3341 ad
983 3304 1070 3344 me
1106 3290 1156 3343 i?
1191 3312 1209 3343 ι
1243 3323 1309 3334 --
1346 3314 1366 3354 ς
1405 3296 1504 3352 liic
1534 3313 1660 3358 cum
1684 3306 2046 3363 convertisset

470 3370 641 3426 corda
683 3381 905 3441 patrum
938 3377 994 3429 in
1038 3377 1202 3444 lilios,
1232 3391 1287 3435 et
1322 3383 1644 3442 incredulos
1686 3389 1759 3444 ad
1803 3395 2046 3461 pruden-
2084 3469 2086 3471 _

469 3460 599 3532 tiam
643 3461 966 3531 justorum,
1018 3473 1232 3537 paravit
1289 3471 1523 3550 Domino
1591 3460 1808 3548 plebem
1865 3485 2044 3552 perfe-

467 3561 613 3606 ctam
648 3554 712 3606 lI:
745 3574 764 3606 ι
823 3558 1216 3628 promissionis
1276 3564 1512 3636 fructus,
1548 3570 1724 3628 fausta
1767 3574 2043 3634 Gabrielis

466 3646 841 3715 annuntiatio,
876 3665 1105 3720 germen
1136 3654 1350 3713 defecta
1402 3669 1586 3730 actate,
1633 3667 1894 3734 genitalis
1942 3669 2043 3729 llos

465 3736 709 3801 sterilis,
742 3741 1010 3809 propheta
1061 3747 1224 3802 ortus
1265 3752 1564 3820 propheta,
1611 3755 1818 3813 deserti
1862 3759 2040 3830 civis,

464 3825 662 3896 aliptes
689 3828 843 3884 orbis
886 3840 1184 3904 terrarum,
1215 3841 1366 3897 solis,
1396 3844 1580 3911 stella,
1611 3845 1835 3904 lucerna
1878 3850 2039 3920 lucis,

465 3918 607 3987 regis
639 3919 819 3986 miles,
850 3925 1040 3993 sponsi
1073 3931 1382 3998 pronubas,
1421 3935 1641 3992 Domini
1682 3955 1896 4008 servus,
1933 3959 2037 4002 vox

463 4005 665 4064 Verbi:
729 4011 852 4082 ejus
911 4017 1173 4073 sacerdos
1195 4062 1221 4086 ,,
1277 4023 1370 4090 qui
1433 4027 1738 4084 secundum
1783 4005 2034 4091 ordinem

459 4098 826 4160 Melchisedec
855 4108 1225 4164 sacerdotium
1253 4115 1441 4184 gessit,
1473 4120 1695 4187 quando
1722 4124 1886 4179 etiam
1921 4142 2038 4180 meo

461 4191 575 4244 ruit
601 4194 819 4264 operari
849 4210 1009 4252 sacro
1038 4198 1160 4266 ejus
1198 4199 1520 4269 haptismati
1557 4224 1571 4261 :
1605 4223 1703 4276 per
1737 4225 1796 4264 se
1819 4213 2039 4269 auditor

457 4281 660 4360 Patris,
694 4285 940 4354 Baptista
972 4286 1121 4351 Filii,
1150 4303 1214 4344 ac
1241 4301 1522 4362 spectator
1556 4297 1798 4366 Spiritus
1832 4307 2034 4372 sancti,

457 4376 597 4447 legis
637 4376 940 4442 silentium,
967 4389 1255 4450 sequester
1286 4386 1500 4454 gratim,
1535 4393 1757 4448 coronis
1799 4398 2036 4466 prophe-

2147 3315 2246 3348 -ι
2267 3293 2433 3361 Οὗτος
2451 3301 2772 3374 ἐπιστρέψει
2789 3306 3018 3376 καρδίας
3044 3309 3296 3380 πατέρων
3320 3309 3404 3362 ἐπὶ
3421 3308 3566 3367 τέκνα,
3577 3305 3641 3356 καὶ

2145 3387 2396 3454 ἀπειθεῖς
2423 3391 2480 3445 ὲν
2507 3395 2771 3464 φρονήσει
2793 3396 3039 3464 δικαίων,
3070 3401 3351 3470 ἑτοιμάσαι
3374 3399 3531 3468 Κυρίῳ
3552 3395 3638 3448 λαὸν

2145 3481 2651 3557 κατεσκευασμένον
2676 3501 2689 3515 ι
2724 3504 2744 3538 ι
2767 3486 2807 3538 6
2834 3485 2896 3552 ἐξ
2922 3489 3258 3559 ἐπαγγελίας
3287 3487 3488 3558 καρπὸς.
3507 3486 3552 3538 τὸ
3573 3482 3634 3535 τθῦ

2147 3569 2391 3643 Γαϐριὴλ
2420 3574 2764 3644 εὐαγγέλιον,
2799 3582 2828 3632 6
2852 3583 2984 3652 παρ’
3015 3583 3237 3654 ἡλικίαν
3260 3580 3479 3652 βλαστὸς,
3505 3576 3550 3630 τδ
3568 3575 3632 3642 τῆς

2145 3664 2370 3736 στείρας
2400 3667 2625 3739 γόνιμον
2676 3668 2858 3734 ἄνθος,
2889 3673 2918 3725 6
2947 3672 3013 3726 ὲκ
3049 3673 3324 3746 προφήτου
3351 3666 3631 3742 προφήτηςνά

2142 3756 2243 3824 τῆς
2287 3754 2500 3826 ἐρήμου
2551 3757 2776 3829 πολίτης
2796 3801 2810 3825 ι
2849 3763 2879 3814 ὁ
2903 3765 3003 3834 τῆς
3027 3763 3350 3835 οἰκουμένης
3372 3755 3628 3824 ἀλείπτηςοά

2141 3844 2236 3899 τοῦ
2269 3844 2419 3918 ἡλίου
2453 3849 2654 3922 ἀστὴρ,
2695 3850 2790 3904 τοῦ
2822 3855 3006 3921 φωτὸς
3048 3858 3078 3909 6
3102 3856 3305 3927 λύχνος,
3327 3851 3410 3906 τοῦ
3435 3845 3625 3919 βασιλέως

2141 3939 2170 3990 6
2199 3938 2562 4013 στρατιώτης,
2597 3941 2625 3994 6
2657 3946 3028 4014 νυμφαγωγὸς
3063 3946 3156 4001 τοῦ
3188 3943 3422 4016 νυμφίου,
3452 3934 3626 3994 ὁδοῦλος

2139 4028 2235 4084 τοῦ
2265 4031 2560 4096 Δεσπότου,
2589 4034 2623 4104 ἡ
2666 4037 2820 4106 φωνὴ
2859 4037 2955 4090 τοῦ
2986 4039 3184 4108 Λόγου,
3214 4037 3301 4092 τοῦ
3325 4034 3447 4092 κατὰ
3465 4032 3541 4099 τὴν
3560 4025 3622 4079 τά·

2143 4120 2225 4186 ξιν
2253 4123 2588 4193 Μελχισεδὲκ
2619 4127 3060 4200 ίερατεύσαντος,
3096 4133 3125 4185 6
3153 4131 3342 4201 ἱερεὺς,
3367 4129 3460 4195 ὅσῳ
3483 4121 3552 4215 καὶ
3571 4118 3622 4215 l5:

2143 4215 2442 4284 ρουργῆσαι
2471 4217 2638 4272 αὐτοῦ
2669 4218 2748 4291 τῷ
2789 4219 3136 4291 βαπτίσματι
3167 4219 3479 4290 κατηξίωται,
3509 4213 3617 4306 ὅταν

2139 4306 2353 4376 Πατρδς
2402 4308 2690 4379 αὐτήκοος,
2733 4311 2762 4363 6
2804 4312 2899 4364 τοῦ
2954 4313 3088 4367 Υίοῦ
3147 4310 3454 4400 βαπτιστὴς,
3495 4305 3516 4355 ὁ

2139 4399 2458 4470 Πνεύματος
2486 4400 2678 4472 θεατὴς
2702 4443 2717 4469 ,
2744 4405 2777 4474 ἡ
2807 4403 2900 4457 τοῦ
2925 4405 3095 4476 νόμου
3125 4406 3267 4475 σιγὴ,
3297 4404 3322 4454 6
3349 4397 3530 4471 μεσίτης
3546 4397 3613 4454 τῆς

457 4475 566 4539 tim,
603 4477 992 4548 prophetarum
1053 4480 1179 4536 finis
1202 4522 1217 4545 ,
1253 4483 1408 4553 regni
1459 4499 1638 4553 ρεςεοο
1663 4523 1678 4549 ,
1719 4503 2032 4556 ρι’ωοιινεοι·

2152 4490 2357 4562 ίάριτος
2375 4532 2390 4554 ,
2426 4493 2526 4562 τῆς
2546 4495 2892 4565 προφητείας
2918 4475 3168 4570 κορωνὶς,
3196 4495 3298 4549 τῶν
3327 4478 3611 4562 προφητῶντδ

457 4569 722 4636 veritatis,
780 4581 934 4640 porta
988 4573 1349 4642 pmnitentiae,
1397 4577 1741 4648 virginitatis
1775 4591 2030 4650 ornatur,

457 4661 650 4718 salutis
708 4674 1072 4736 praeparatur,
1105 4669 1382 4726 castitatis
1415 4672 1718 4742 legislator,
1753 4676 2031 4744 improbo-

455 4768 576 4807 rum
613 4753 852 4822 lrenum,
883 4759 998 4816 dux
1024 4773 1216 4816 eorum
1244 4764 1338 4834 qui
1365 4764 1535 4834 probe
1561 4765 1728 4818 vitam
1766 4775 1964 4834 agunt.

525 5011 760 5070 JOannes
821 5015 912 5071 ille
958 5031 1223 5088 magnus:
1262 5036 1293 5076 a
1332 5021 1441 5078 Deo
1495 5037 1745 5082 vocatum
1798 5044 2016 5098 nomen,

451 5106 613 5160 allata
661 5107 728 5160 de
778 5109 937 5164 ccelis
966 5124 1063 5178 per
1100 5109 1432 5185 Archangeli
1469 5133 1657 5173 vocem
1711 5127 2022 5177 nomenclao

459 5359 466 5370 ,_
510 5305 550 5370 ,ἢ
568 5295 724 5370 Joan.
753 5318 836 5365 tu,
865 5303 956 5363 29.
988 5303 1080 5358 50.
1133 5303 1180 5370 id
1223 5303 1383 5360 Joan.
1416 5320 1467 5370 v,
1497 5305 1586 5360 55.

452 5365 468 5405 ί
504 5365 697 5423 Matth.
725 5387 885 5439 nul,
920 5375 1012 5430 35.
1094 5369 1403 5439 ηοω-,ιλ
1454 5365 1510 5416 ’κ
1549 5376 1688 5434 ibid.
1725 5376 1812 5437 17.

2139 4582 2536 4654 συμπέρασμα,
2566 4588 2662 4656 τῆς
2705 4586 2983 4656 βασιλείας
3029 4591 3057 4642 6
3085 4587 3274 4659 κῆρυξ,
3303 4583 3393 4650 τῆς
3425 4572 3605 4642 ἀληθείας

2136 4675 2164 4726 6
2196 4676 2529 4747 πρόδρομος,
2571 4679 2668 4749 τῆς
2701 4681 2997 4750 μετανοίας
3025 4684 3059 4752 ἡ
3097 4681 3250 4752 θύρα,
3278 4677 3364 4747 τῆς
3389 4664 3605 4739 nuptiale

2134 4766 2162 4815 6
2187 4766 2488 4837 στολιστὴς,
2522 4769 2549 4820 6
2571 4770 2669 4840 τῆς
2693 4771 2969 4842 σωτηρίας
2993 4770 3331 4844 ὲτοιμαστὴς,
3356 4765 3437 4834 τῆς
3449 4769 3600 4853 ,σωτνΡΫ

2149 4855 2311 4928 σύνης
2335 4859 2362 4909 6
2399 4858 2717 4932 νομοθέτης,
2759 4861 2870 4916 τῶν
2909 4864 3248 4934 άνομούντων
3271 4862 3296 4914 6
3313 4852 3504 4929 χαλινὸς,
3529 4852 3602 4896 τῶν

2139 4947 2512 5018 εὐνομούντων
2542 4952 2570 5003 6
2602 4954 2967 5021 χειραγωγόςο
3389 5037 3398 5040 _
3427 5029 3470 5040 ,.
3515 5026 3525 5040 .

2212 5037 2464 5109 Ἰωάννης
2491 5042 2520 5094 6
2549 5041 2723 5110 μέγας
2748 5061 2760 5073 ·
2789 5043 2852 5097 τὸ
2877 5043 3168 5120 θεόκλητον
3185 5045 3359 5112 ὄνομα,
3380 5037 3406 5104 ἡ
3424 5029 3595 5120 ἔξοδίθξ·

2128 5129 2235 5182 νῶν
2264 5130 2332 5184 δι’
2366 5132 2707 5202 ἀρχαγγέλου
2740 5134 2926 5206 φωνῆς
2963 5114 3480 5209 ὀνοματογραφηοετσσ
3501 5114 3590 5180 κλῆο

1669 5319 1694 5346 ο
1722 5283 1893 5394 μετὰ
1920 5327 1994 5378 τι,
2021 5313 2040 5366 l

2188 5313 2518 5388 rMallum,
2547 5324 2630 5378 ll.
2712 5330 2736 5367 ε
2765 5327 2914 5386 Psal.
2940 5342 3129 5394 cxxxn,
3161 5332 3237 5386 17.
3301 5327 3323 5364 ιι
3346 5321 3450 5375 Luc.
3471 5327 3502 5376 ι,
3524 5301 3578 5356 l7-

1785 5548 2177 5610 COMBEFISH
2217 5554 2450 5614 NOTAE.

502 5627 632 5698 .(23)
659 5629 839 5713 _Cujus
871 5634 1086 5726 aaqguis
1119 5633 1338 5714 clamat.
1383 5635 1453 5691 Ut
1483 5635 1746 5726 Dominus
1775 5641 2010 5726 primum
2120 5648 2658 5726 palam_declar-ar_et.
2701 5651 2795 5726 _Sic
2834 5655 3078 5726 plerique
3107 5657 3279 5712 Patres
3310 5627 3575 5726 ἀῷἓξξητὴ.

443 5713 508 5787 ac
533 5701 1156 5783 novissimum-lustrum
1183 5705 1414 5787 ρεοίςχοε⁸
1435 5706 1700 5787 τοίω-οπο,
1725 5701 1873 5787 nihil
1902 5727 2010 5787 non
2122 5701 2279 5787 patre
2309 5701 2902 5781 Joannis-Dominicarm
2937 5701 3248 5784 seintentiam
3273 5711 3495 5786 εκρΙίωηι·

442 5768 502 5829 ιιι
526 5769 705 5838 iustos
735 5773 1090 5829 commissum
1119 5789 1148 5827 a
1173 5773 1377 5830 Judaeis
1404 5777 1634 5832 inultum
1663 5768 1911 5835 relictum
1946 5783 2009 5836 iri
