3820 6316
47 345 216 412 1141

1306 346 1387 405 IN
1433 346 1884 407 APOSTOLUM
1925 347 2196 408 TITUM.

3255 340 3391 408 1H9.

47 481 188 525 σις,
230 464 275 532 ἡ
320 463 393 514 ἐκ
416 457 679 526 σιγῶντος
704 457 877 528 φωνὴ,
908 458 936 510 ό
961 461 1025 530 τῇ
1054 457 1267 531 ἀφωνία
1287 461 1380 513 τοῦ
1418 460 1620 532 πατρὸς
1651 461 1711 513 τὸ

1838 476 1971 526 ura;
2003 477 2105 516 vox
2139 469 2260 522 orta
2291 474 2354 514 ex
2393 464 2549 512 muto
2569 498 2584 524 ,
2611 456 2708 528 qui
2755 457 2981 514 silentio
3013 466 3246 528 paterno
3277 470 3392 516 ste-

49 556 306 622 ᾶγονον
335 550 558 622 ὑφελὼν
591 551 691 620 τῆς
724 549 1063 622 στειρώσεως
1083 591 1098 615 ,
1125 553 1152 604 ό
1183 551 1274 606 τὸν
1297 552 1467 624 ἀμνὸν
1491 552 1710 606 ὑποδεί-

47 645 212 709 ξας,
245 643 351 713 τῷ
375 640 638 696 λαλοῦντι
665 637 936 708 δακτύλῳ,
963 637 1027 691 τὸ
1075 638 1218 708 μέγα
1247 639 1348 710 τῆς
1384 639 1712 710 ἐγκρατείας

60 734 355 806 αὖχημα
379 776 397 801 ,
437 734 466 786 ὁ
499 734 557 785 ὲν
589 731 805 800 σώματι
829 731 1086 801 ἄσαρκος.
1119 733 1147 784 ό
1171 733 1228 784 ὲν
1253 731 1408 801 πηλῷ
1437 731 1712 802 μαργαρί-

65 844 222 896 της.
262 829 299 880 ὁ
333 828 394 878 ἐν
438 823 754 894 όστρακίνῳ
785 823 968 875 σκεύει
1010 821 1305 892 πολυτελὴς
1338 822 1606 892 θησαυρδς
1629 863 1644 887 ,
1684 823 1712 875 ό

78 923 162 990 τῇ
188 918 380 989 ἀξίνῃ
396 917 500 986 τὴν
520 917 698 984 τομὴν
724 913 1090 984 προσεπάγι‹)ν
1109 915 1175 984 τῇ
1200 913 1308 966 τῶν
1325 913 1512 984 ψυχῶν
1537 914 1714 984 ἀκαρ-

91 1011 234 1080 πίᾳ,
277 1012 318 1078 ἡ
350 1007 662 1078 φιλέρημος
686 1006 786 1075 τῆς
820 1003 1143 1073 Ἐκκλησίας
1166 1005 1404 1075 τρυγὼν,
1435 1004 1497 1056 τὸ
1522 1003 1716 1075 ἀσιγη-

99 1118 202 1156 τον
229 1098 447 1169 στόμα,
477 1099 511 1167 ἡ
539 1095 818 1164 πανταχοῦ
874 1096 1155 1166 βροντῶσα
1190 1115 1208 1148 ι
1238 1095 1388 1164 φωνὴ
1420 1094 1514 1148 τοῦ
1552 1095 1718 1164 βοῶν-

102 1211 204 1257 τος
241 1177 401 1261 ἐνῖτῇ
428 1190 624 1261 ἐρήμῳ
646 1205 659 1218 ⁸
680 1188 1042 1256 Ἑτοιμάσατε
1071 1188 1169 1256 τὴν
1207 1187 1324 1241 ὁδὸν
1353 1187 1447 1241 τοῦ
1482 1187 1714 1258 Κυρίουο

102 1285 351 1346 εύθείας
408 1283 615 1335 ποιεῖτε
649 1281 750 1343 τὰς
787 1279 1009 1351 τρίϐους
1051 1279 1245 1332 αὑτοῦ·
1288 1300 1305 1333 ι
1337 1280 1717 1352 ήθεορῤήμων

102 1377 380 1447 γλῶσσα,
408 1369 528 1446 ἧςή
555 1373 730 1444 φωνὴ,
762 1373 857 1426 καὶ
894 1374 1033 1444 μετὰ
1065 1373 1124 1426 τὸ
1155 1373 1308 1438 τέλος
1334 1374 1426 1425 τὸν
1471 1371 1718 1444 Ἡρώδην

105 1467 371 1536 ἐλέγχει,
411 1465 505 1520 καὶ
530 1467 620 1517 τὸν
653 1464 948 1535 ἐρχόμενον
977 1463 1272 1536 κηρύττει·
1313 1481 1330 1512 ι
1365 1464 1716 1528 Μετανοεῖτε,

105 1558 397 1627 λέγουσα,
432 1557 662 1627 ῆγγικεν
687 1557 719 1626 ἡ
745 1555 996 1626 βασιλεία
1027 1555 1137 1608 τῶν
1159 1553 1424 1625 οὐρανῶν.
1449 1572 1468 1604 ι
1502 1552 1660 1624 Αὐτῷ
1685 1554 1719 1624 ἡ

109 1651 282 1716 δόξα,
342 1650 444 1702 καὶ
481 1647 543 1701 τὸ
590 1648 790 1720 κράτος
833 1649 914 1711 είς
937 1648 1062 1709 τοὺς
1097 1646 1301 1709 αἰῶνας
1346 1644 1455 1700 τῶν
1484 1645 1720 1700 αἰώνων.

123 1742 349 1813 ’Δμήνη

737 1873 958 1927 ΑοΓυΣ
1016 1871 1130 1939 tq'.

117 1984 238 2050 Είς
266 1983 387 2039 τὸν
407 1985 596 2055 ἅγιον,
614 1985 712 2039 καί
735 1984 1050 2054 μακάριον,
1070 1983 1167 2039 καί
1195 1985 1594 2054 πανεύφημον
1615 1982 1722 2038 τοῦ

486 2055 758 2125 ,Χριστοῦ
790 2056 1141 2111 ἀπόστολον
1180 2056 1367 2110 Τίτον.

1812 552 2042 606 rilitatis
2100 550 2331 608 abstulit
2403 548 2901 615 infecunditatem,
2969 548 3066 619 qui
3132 549 3392 620 loquente

1811 644 1984 714 digito
2035 642 2248 713 Agnum
2306 641 2587 708 ostendit;
2642 655 2838 709 magna
2895 639 2986 694 illa
3039 643 3396 698 continentiae

1812 732 2086 804 gldriatio,
2119 731 2308 787 carnis
2358 745 2556 800 evpers
2607 730 2661 784 in
2711 744 2975 798 corpore,
3008 733 3306 800 margarita
3339 734 3424 788 in-

1813 840 2014 890 coeno,
2047 826 2322 894 pretiosus
2372 825 2427 879 in
2478 823 2697 877 tictibili
2742 838 2874 878 vase
2927 824 3242 890 thesaurus,
3298 827 3393 896 qui

1813 917 2024 981 securi,
2055 916 2362 970 animarum
2389 922 2636 984 amputat
2666 913 3014 969 sterilitatem
3038 932 3053 981 ;
3079 915 3395 969 solitudinis

1816 1023 2009 1062 amans
2040 1007 2303 1062 Ecclesize
2348 1017 2570 1072 turtur;
2603 1022 2700 1063 eos
2735 1007 2902 1062 silere
2941 1006 3194 1061 nescium
3228 1023 3242 1060 :
3278 1005 3396 1062 Vox

1817 1100 2021 1167 ubique
2052 1107 2252 1155 tonans
2284 1098 2574 1155 clamantis
2600 1099 2654 1152 in
2679 1097 2903 1153 deserto
2939 1115 2952 1151 :
2981 1115 3000 1149 ι
3027 1096 3227 1152 Parate
3250 1097 3394 1152 viam

1821 1191 2076 1246 Domini:
2117 1174 2298 1247 rectas
2348 1189 2511 1246 facile
2556 1190 2786 1245 semitas
2833 1189 2955 1257 ejus
2999 1186 3045 1254 1;
3085 1207 3104 1240 ›
3141 1189 3396 1260 deiloqua

1817 1281 2030 1352 lingua,
2067 1281 2228 1349 cujus
2265 1298 2368 1337 vox
2407 1287 2534 1352 post
2564 1281 2734 1334 etiam
2763 1279 2971 1333 obitum
3011 1277 3282 1334 llerodem
3314 1294 3401 1333 re-

1819 1373 2137 1442 prehendit,
2188 1381 2244 1428 et
2295 1389 2421 1428 eum
2487 1371 2774 1442 praedicat,
2827 1369 2920 1440 qui
2975 1377 3060 1423 est
3110 1378 3400 1433 venturus,

1820 1463 2018 1519 dicens
2047 1482 2062 1520 :
2097 1483 2115 1515 ι
2161 1461 2554 1518 Paenitentiam
2583 1462 2764 1531 agite;
2809 1460 3274 1531 appropinquavit
3311 1474 3399 1514 re-

1821 1570 1986 1626 gnum
2005 1555 2274 1628 caelorum
2296 1563 2358 1608 ω.
2389 1573 2407 1606 ι
2439 1552 2545 1625 lpsi
2573 1553 2748 1624 gloria
2775 1559 2829 1608 et
2853 1558 3100 1622 potestas
3123 1551 3180 1604 in
3199 1551 3401 1606 saecula

1821 1646 2172 1704 saeculorum.
2200 1647 2396 1701 Amen.

2386 1866 2652 1923 ORATIO
2690 1867 2830 1923 XVI.

1825 1981 1890 2035 In
1931 1991 2176 2035 sanctum
2205 1988 2256 2034 et
2293 1978 2540 2042 beatum,
2585 1977 3158 2048 celebratissimumquc
3199 1975 3410 2032 Christi

2349 2049 2650 2118 apostolum
2677 2047 2876 2102 Titum.

1451 2190 1770 2254 (Galland.,t.
1797 2189 1928 2249 xm,
1966 2187 2097 2249 156.)

220 2295 636 2350 Ἀποστολικῶν
689 2297 982 2367 ἐγκωμίων
1039 2296 1380 2365 ἐφάπτεσθαι
1437 2297 1723 2367 μέλλοντι,

134 2390 389 2460 παρήτω
424 2405 511 2460 μοι
532 2389 592 2443 τὺ
619 2389 864 2460 Πνεῦμα,
889 2390 985 2442 καὶ
1015 2389 1203 2444 διδότω
1228 2391 1388 2459 λόγον
1413 2391 1610 2445 ὁπόσον
1630 2391 1726 2444 καλ⁵

133 2477 434 2552 βούλομαι.
457 2481 606 2534 Φιλεῖ
649 2481 758 2552 γὰρ
795 2483 883 2536 ἀεὶ
924 2485 1291 2553 συμπαρεῖναι
1323 2486 1437 2546 τοῖς
1457 2484 1524 2537 δι’
1556 2482 1724 2538 αὐτοῦ

133 2571 329 2626 λαλεῖν
390 2573 707 2644 ᾑρημένοις,
756 2573 945 2644 ῶσπερ
987 2575 1088 2646 ἤδη
1139 2574 1404 2647 πρότερον
1455 2576 1728 2644 γλώσσαις

135 2661 360 2714 ἄνωθεν
389 2662 765 2732 καθιεμέναις,
803 2665 888 2731 ἐφ’
927 2663 1024 2717 ἕνα
1065 2663 1296 2718 ἕκαστον
1319 2665 1725 2735 καταφοιτῆσαν

134 2748 250 2801 τῶν
276 2751 522 2820 Χριστοῦ
575 2751 836 2823 μαθητῶν
886 2753 1204 2807 ὲπεκάθισε.
1254 2755 1491 2825 [Ιαρήτω
1534 2754 1614 2816 δὲ,
1651 2755 1726 2824 μὴ

137 2842 237 2910 τὴν
262 2843 430 2906 ἀξίαν
452 2844 554 2912 τῆς
582 2844 723 2914 ἐμῆς
763 2845 1066 2915 ὲκμετροῦν
1110 2845 1454 2912 ἀναϐάσεως,
1487 2846 1622 2916 ἀλλὰ
1649 2845 1727 2916 τῷ

147 2932 380 3000 μεγέθει
408 2935 508 3005 τῆς
536 2936 616 2998 είς
650 2936 800 3005 ἡμᾶς
829 2936 1250 3006 ἁγαθοπρεποῦς
1287 2938 1595 3007 θεουργίας,
1629 2939 1728 3010 τὴν

145 3025 578 3094 ἁπειροπλάσιον
605 3025 770 3080 αὑτοῦ
808 3026 968 3097 χάριν
995 3028 1124 3096 ἡμῖν
1158 3028 1592 3098 ἐπιδαψιλεῦσον.
1627 3030 1726 3098 Είη

148 3109 207 3164 δὲ
252 3115 353 3186 καὶ
403 3116 531 3186 ὑμῖν
568 3118 684 3180 τοῖς
743 3117 968 3170 αὐτόθεν
1023 3117 1271 3186 ἀφθόνως
1325 3117 1730 3189 ἐκδλυζομένης

1902 2295 2248 2366 Aggressuro
2267 2289 2404 2348 mihi
2433 2288 2681 2345 encomia
2713 2287 3036 2359 apostolica,
3056 2287 3204 2342 adsit
3231 2285 3406 2356 Spiri-

1832 2395 1924 2442 tus
1954 2393 2204 2450 sanctus,
2242 2397 2474 2454 eamque
2513 2379 2786 2436 sermonis
2825 2379 2936 2434 vim
2970 2379 3198 2443 tribuat,
3239 2392 3408 2447 quam

1832 2487 1887 2532 et
1916 2485 2066 2548 opto.
2086 2477 2291 2532 Libens
2310 2473 2514 2546 quippe
2538 2473 2610 2529 iis
2641 2487 2860 2543 semper
2881 2471 3057 2535 adest,
3074 2471 3168 2540 qui
3191 2470 3409 2528 amante

1833 2569 1953 2640 ipso
1983 2569 2212 2636 cupiunt
2245 2553 2396 2637 loqui
2430 2583 2444 2620 :
2478 2563 2942 2635 quemadmodum
2966 2563 3080 2634 jam
3111 2561 3266 2627 olim,
3301 2560 3409 2615 lin-

1830 2664 1956 2733 guis
1985 2660 2053 2716 de
2086 2660 2227 2716 caelo
2257 2659 2470 2722 missis,
2510 2673 2674 2728 supra
2710 2656 2960 2728 singulos
2997 2654 3207 2710 Christi
3237 2652 3407 2712 disci-

1833 2754 1996 2824 pulos
2026 2749 2371 2809 descendens
2401 2749 2564 2804 sedit.
2605 2749 2767 2805 Adsit
2805 2762 2961 2812 vero,
3011 2761 3120 2800 non
3153 2760 3254 2816 pro
3300 2743 3409 2798 mei

1833 2859 2102 2900 ascensus
2132 2844 2366 2908 ratione,
2397 2841 2492 2896 sed
2519 2857 2620 2911 pro
2637 2840 2835 2896 divinae
2867 2839 2919 2892 in
2950 2853 3055 2892 nos
3080 2837 3235 2892 bona:
3264 2834 3410 2889 illius

1833 2934 2172 3005 operationis
2210 2933 2626 3003 magnitudine,
2677 2931 3009 2984 immensum
3043 2925 3405 2996 multiplicem

1835 3024 2070 3093 gratiam
2105 3037 2260 3078 suam
2299 3021 2451 3090 large
2481 3017 2644 3074 nobis
2660 3017 3032 3072 exbibiturus.
3063 3013 3255 3084 Opera:
3281 3026 3408 3067 vero

1837 3116 2072 3186 pretium
2119 3114 2320 3179 fuerit,
2373 3103 2430 3169 ιιί
2475 3120 2531 3167 et
2577 3125 2712 3175 vos,
2768 3108 2860 3179 qui
2899 3106 3186 3176 copiosum
3225 3108 3293 3159 ab
3340 3117 3408 3159 eo

157 3205 500 3273 ςωτοχυσίας
527 3207 712 3274 τυχεῖν
756 3205 1088 3275 ἐφιεμένοις,
1119 3206 1186 3258 τά
1223 3205 1366 3260 αύτά
1410 3224 1502 3276 μοι
1537 3207 1729 3259 συνεύ-

1837 3207 1988 3262 fonte
2051 3220 2284 3260 manans
2338 3204 2522 3259 lumen
2576 3201 2798 3271 assequi
2859 3198 3157 3262 studeatis,
3212 3195 3405 3251 eadem

161 3290 352 3354 ξασθαι
383 3296 474 3348 καὶ
503 3297 682 3348 εἰπεῖν
703 3313 716 3327 ·
751 3297 944 3365 Κύριε,
972 3295 1240 3366 γνώρισόν
1265 3314 1376 3366 μοι,
1407 3297 1504 3350 καὶ
1526 3297 1732 3366 γνώσο-

172 3397 282 3446 μαι,
311 3385 405 3438 τοῦ
440 3387 644 3455 γνῶναι
681 3387 843 3458 ἡνίκα
869 3389 950 3442 δεῖ
993 3390 1173 3442 εἰπεῖν
1215 3388 1372 3458 λόγον
1399 3405 1415 3420 ο
1454 3409 1472 3442 ι
1517 3390 1630 3444 Καὶ
1656 3390 1732 3461 μὴ

171 3475 414 3548 περιέλῃς
438 3479 501 3531 ἐκ
536 3477 636 3530 τοῦ
685 3478 953 3548 στόματός
993 3496 1095 3550 μου
1135 3479 1293 3548 λόγον
1326 3481 1586 3551 ἀληθείας
1625 3481 1751 3545 ἓως,

175 3567 383 3638 σφόδρα.
414 3587 432 3620 ι
461 3567 620 3624 Οῦτω
648 3571 748 3639 μὲν
771 3565 865 3624 οὖν
889 3572 1027 3641 πρδς
1056 3571 1118 3624 τὸ
1151 3571 1382 3642 μέγεθος
1411 3573 1733 3644 ἀφορῶντας

175 3660 254 3712 τοῦ
279 3665 638 3736 προκειμένου
665 3665 892 3732 σκοποῦ,
929 3667 1010 3718 δεῖ
1043 3669 1260 3730 πάντως
1287 3669 1430 3736 ἡμᾶς
1463 3667 1734 3730 εύκτικῶς

180 3750 505 3824 ἐντυγχάνειν
549 3756 627 3826 τῷ
654 3756 957 3827 Πνεύματι,
997 3760 1091 3811 καὶ
1133 3759 1263 3828 παρ’
1297 3758 1462 3811 αὐτοῦ
1509 3759 1576 3811 τά
1610 3759 1733 3812 κατ’

184 3841 322 3906 ἀξίαν
339 3846 515 3915 λέγειν
537 3848 595 3900 ἐν
616 3847 692 3918 τῷ
717 3847 858 3919 ὑπὲρ
885 3847 1041 3912 ἀξίαν
1071 3849 1264 3914 αίτεῖν,
1292 3848 1367 3913 ὠς
1395 3849 1460 3902 ἂν
1492 3849 1567 3919 μὴ
1590 3849 1736 3920 λόγῳ

184 3935 550 4008 καθυϐρισθείη
584 3937 644 3989 τὸ
671 3937 1108 4008 εύφημούμενον.
1151 3937 1374 3990 Ποθεῖτε
1411 3937 1468 3989 δὲ
1515 3937 1735 3999 πάντως

193 4025 376 4092 μαθεῖν,
407 4027 458 4080 τί
485 4028 616 4081 ποτέ
651 4029 800 4082 ἐστιν
827 4027 937 4098 ἄρα
966 4029 1026 4082 τὺ
1054 4026 1148 4082 νῦν
1184 4027 1628 4100 εύφημούμενον.
1661 4011 1735 4080 Τὸ

191 4113 242 4167 δὲ
268 4120 531 4190 προδήλως
570 4121 717 4172 ἐστὶν
756 4122 784 4173 ό
823 4119 1112 4183 θεσπέσιος
1141 4119 1298 4183 Τίτος
1330 4121 1359 4173 ὁ
1393 4120 1608 4191 πρῶτος
1633 4118 1734 4189 τῆς

197 4201 398 4274 Κρητῶν
437 4206 768 4276 Ἑκκλησίας
809 4204 1084 4274 θεμέλιος,
1130 4206 1231 4268 τῆς
1268 4204 1528 4274 ἀληθείας
1556 4206 1584 4258 ὁ
1617 4203 1738 4257 στύ-

201 4289 289 4355 λος,
312 4295 364 4347 τὸ
391 4295 489 4366 τῆς
514 4295 750 4356 πίστεως
787 4293 1019 4363 ἔρεισμα
1063 4291 1173 4344 τῶν
1205 4290 1422 4359 ἀληθῶν
1450 4291 1736 4360 δογμάτων

203 4382 503 4454 ὁπρόδολος.
539 4385 698 4446 Τίτος
730 4384 840 4437 τῶν
885 4381 1261 4451 εύαγγελικῶν
1296 4381 1675 4452 κηρυγμάτων
1701 4382 1735 4450 ἡ

207 4477 423 4546 ἀσίγητος
453 4476 712 4544 σάλπιγξ,
750 4475 811 4528 τὸ
849 4473 1054 4544 ὑψηλὸν
1089 4474 1188 4543 τῆς
1235 4473 1452 4526 Παύλου
1487 4470 1738 4542 γλώττης

1835 3312 2050 3354 mecum
2095 3295 2423 3368 precetnitti,
2459 3309 2523 3348 ac
2551 3293 2751 3349 dicatis
2785 3311 2799 3345 :
2847 3292 2990 3346 Doce
3021 3305 3130 3356 me,
3155 3288 3406 3344 Domine.

1833 3395 1889 3440 et
1936 3385 2109 3440 sciam
2161 3383 2302 3455 (‘29);
2359 3394 2416 3438 ut
2457 3383 2704 3438 noverim
2756 3381 2985 3454 quando
3030 3387 3280 3450 oporteat
3323 3393 3410 3434 me

1833 3477 1982 3548 loqui
2009 3476 2236 3531 verbum
2263 3495 2278 3530 :
2315 3495 2335 3528 ι
2377 3475 2442 3530 Et
2473 3491 2541 3530 ne
2566 3474 2786 3530 auferas
2810 3474 3034 3529 verbum
3069 3471 3316 3526 veritatis
3343 3485 3409 3525 ex

1832 3579 1928 3620 ore
1960 3580 2080 3619 meo
2111 3580 2288 3635 usque
2321 3564 2478 3618 valde
2513 3575 2562 3618 τι.
2602 3583 2621 3616 ι
2661 3564 2754 3618 Sic
2783 3577 2916 3618 sane
2951 3563 3198 3620 animum
3232 3562 3412 3615 inten-

1833 3655 2092 3710 dentibus
2127 3656 2183 3709 in
2219 3655 2460 3725 subjecti
2481 3655 2788 3726 argumenti
2812 3653 3214 3724 prtestantiam,
3251 3651 3412 3706 fuerit

1833 3745 2062 3800 omnino
2097 3745 2388 3799 adeundus
2418 3760 2544 3799 cum
2581 3744 2842 3816 precibus
2884 3744 3106 3797 divinus
3143 3741 3408 3813 Spiritus,

1834 3845 1998 3908 atque
2035 3838 2103 3891 ab
2136 3852 2202 3891 eo
2236 3837 2532 3906 petendum
2559 3877 2574 3900 ,
2613 3847 2674 3890 ut
2737 3850 2838 3906 pro
2877 3835 3145 3906 dignitate
3180 3849 3412 3890 conces-

1834 3928 1968 3983 serit
1997 3927 2208 3990 dicere,
2237 3927 2293 3980 in
2329 3941 2396 3980 eo
2420 3925 2571 3996 quod
2601 3926 2928 3996 dignitatem
2961 3932 3209 3995 superat,
3252 3933 3311 3977 ιιι
3343 3940 3413 3982 ne

1833 4021 1978 4091 quod
2022 4019 2303 4092 prmconio
2321 4017 2721 4074 celebrandum
2757 4018 3122 4080 assumimus.
3153 4031 3412 4072 sermone

1835 4115 2138 4170 infametur
2201 4115 2564 4184 vilescatque.
2632 4111 2802 4168 Plane
2872 4127 3007 4168 vero
3074 4111 3412 4167 desideratis

1835 4207 1984 4262 scire
2030 4206 2294 4276 quidnam
2330 4206 2472 4262 laetis
2526 4205 2824 4276 praeconiis
2878 4203 3270 4262 celebrandum
3328 4202 3415 4257 in-

1835 4295 2097 4352 cumbat?
2139 4295 2343 4366 Utique
2373 4296 2724 4352 admirabilis
2764 4296 2857 4352 ille
2887 4303 2942 4350 et
2972 4295 3192 4350 divinus
3227 4294 3412 4356 Titus,

1835 4391 2075 4460 primum
2139 4388 2275 4444 illud
2328 4387 2610 4445 Cretensis
2647 4388 2910 4444 Ecclesiae
2964 4386 3408 4450 fundamentum,

1836 4481 2097 4536 columna
2129 4480 2226 4536 illa
2252 4483 2528 4546 veritatis,
2561 4480 2684 4535 ﬁdei
2721 4479 3152 4545 ﬁrmamentum,
3189 4479 3414 4550 dogma—

211 4571 454 4643 ἁπήχημα,
499 4571 598 4640 τῆς
650 4571 892 4623 ἀπλάνου
939 4567 1192 4637 γνώσεως
1234 4569 1262 4620 ὁ
1311 4567 1516 4623 κανών.
1563 4561 1732 4629 Οὗτος

1841 4577 1953 4624 tum
1986 4569 2236 4624 veritatis
2272 4570 2608 4638 praesidium.
2631 4568 2813 4634 Titus,
2843 4570 3090 4638 inquam,
3127 4567 3417 4638 Evangeli-

213 4662 322 4729 ἡμᾶς
354 4665 380 4716 ὁ
413 4664 586 4732 μέγας
628 4661 899 4732 ἑστιάτωρ
937 4659 1036 4730 τὴν
1087 4659 1472 4730 πνευματικὴν
1508 4659 1735 4714 πανδαι-

1837 4675 2026 4716 carum
2051 4660 2505 4730 praedicationum
2536 4660 2727 4715 nescia
2771 4661 2980 4714 silentii
3031 4660 3198 4725 tuba,
3241 4659 3416 4721 subii:

216 4753 304 4806 σίαν
324 4754 419 4808 τῶν
449 4755 624 4820 λόγων
661 4751 990 4804 συνεκάλεσε
1025 4751 1268 4822 τήμερον
1291 4765 1308 4782 ο
1331 4750 1441 4819 δψα
1473 4749 1572 4820 μὲν
1605 4766 1740 4820 προ·

213 4843 296 4909 θεὶς
317 4845 373 4899 τὰ
407 4845 648 4916 μυστικὰ
672 4845 772 4914 τῆς
801 4844 1052 4915 ἀγράφου
1085 4841 1277 4912 σοφίας
1297 4859 1310 4873 ·
1349 4841 1460 4894 εἴτε
1481 4840 1739 4910 θαύματα

204 4937 292 5010 χρὴ
313 4937 501 5006 λέγειν,
522 4937 632 4989 εἴτε
661 4936 907 5005 δόγματα
930 4951 944 4964 ·
971 4933 1224 5005 κρατῆρα
1244 4933 1298 4986 δὲ
1323 4932 1614 5004 ὑπερφερῆ
1641 4932 1738 4985 καὶ

207 5020 310 5100 θείῳ
332 5027 656 5100 κιρνώμενον
688 5027 918 5096 πόματι,
956 5025 1047 5078 τὸν
1091 5025 1408 5079 συνεκτικὸν
1447 5025 1545 5095 τῆς
1585 5024 1738 5087 θείας

197 5106 509 5180 διδασκαλίας
533 5117 692 5184 λόγον
724 5115 887 5168 οἱονεὶ
912 5113 1276 5183 προχεόμενόν
1309 5129 1367 5166 τε
1392 5114 1486 5168 καὶ
1517 5113 1740 5184 μετεχό·

202 5215 352 5265 μενον.
371 5209 540 5276 Λόγον
565 5207 621 5260 δὲ
653 5208 742 5259 τὸν
771 5205 896 5270 ὀξὺν
929 5206 1021 5258 καὶ
1054 5203 1365 5274 τομώτατον
1387 5202 1528 5274 ὑπὲρ
1556 5205 1735 5257 πᾶσαν

276 5387 458 5444 lloan.
489 5405 529 5454 ι,
578 5387 666 5442 25.
745 5395 782 5416 ¹¹
814 5385 1012 5440 Matth.
1046 5400 1128 5450 tu,
1160 5385 1216 5438 2.

1836 4753 1943 4808 mis
1970 4751 2217 4805 Paulina:
2258 4751 2459 4822 lingua:
2489 4751 2809 4806 resonantia
2832 4793 2847 4818 ,
2881 4767 3023 4808 vera:
3056 4751 3302 4806 scientiae
3327 4767 3417 4808 re—

1836 4842 1984 4912 gula.
2021 4840 2118 4896 Hic
2149 4856 2251 4898 nos
2295 4857 2531 4912 magnus
2562 4841 2790 4897 conviva
2835 4843 2900 4895 ad
2949 4841 3198 4912 spiritale
3230 4841 3415 4913 splen-

1839 4931 2190 4987 didissimum
2251 4931 2521 4987 hodierna
2583 4932 2673 4988 die
2710 4935 3036 4988 convocavit
3091 4949 3412 4988 sermonum

1839 5023 2064 5093 epulum
2093 5040 2107 5076 :
2138 5037 2240 5078 ceu
2269 5022 2493 5094 quidem
2540 5025 2722 5080 edulia
2771 5025 3001 5096 mystica
3047 5041 3159 5082 non
3192 5027 3416 5096 scriptae

1841 5116 2150 5186 sapientiae,
2192 5117 2310 5173 sive
2350 5118 2617 5174 miracula
2653 5127 2871 5191 oportet
2907 5122 3092 5178 dicere
3146 5122 3266 5177 sive
3317 5120 3415 5176 do-

1843 5207 2110 5279 gmatica;
2141 5222 2242 5264 ceu
2277 5219 2458 5265 autem
2488 5212 2814 5282 praeclarum
2871 5223 3164 5279 craterem,
3204 5227 3266 5266 ac
3323 5211 3414 5266 di-

1293 5395 1320 5422 ι
1361 5383 1508 5440 l‘sal.
1527 5399 1716 5446 (ιιι-ιιι,
1746 5383 1836 5437 43.

1445 5523 1743 5582 COMBEFI
1753 5521 1837 5580 SI]
1868 5519 2102 5577 NOTAE.

276 5625 356 5696 (29)
397 5623 532 5696 Doce
544 5640 656 5696 _me,
669 5623 923 5696 ﬂamine,
950 5634 999 5696 et
1017 5623 1205 5686 sciam,
1231 5631 1338 5696 etc.
1360 5621 1586 5696 Videtur
1610 5621 1747 5676 allu-

143 5691 610 5778 χκίὶεεισιςιιιι’νιιι-Ῐιιι
666 5693 820 5778 ιξρυιὶ
883 5695 1082 5778 Ephes.
1122 5711 1197 5778 t_v_,
1249 5695 1340 5749 20.
1385 5691 1742 5778 for-tepeer

225 5765 400 5837 respicit
429 5765 608 5819 locum
651 5766 890 5834 aliquem
926 5762 1350 5821 Proverbiorum
1377 5763 1532 5833 juxta
1575 5762 1740 5816 aliam

1851 5618 2146 5673 lectionem
2181 5615 2257 5669 illi
2293 5614 2526 5678 aliinem,
2554 5611 2704 5666 Mala
2737 5626 2900 5664 aurea
2942 5611 2995 5663 in
3035 5609 3190 5664 lectis
3223 5626 3412 5680 argen-

1852 5689 1988 5751 teis,
2048 5687 2126 5740 sic
2178 5687 2269 5755 qui
2356 5684 2590 5755 loquitur
2641 5681 2852 5737 verbum
2909 5682 2960 5734 in
3025 5689 3256 5748 tempore
3312 5697 3409 5732 εκο

1850 5760 2000 5832 (xxv,
2034 5757 2142 5826 il).
