3820 6316
69 5696 83 5999 i

493 350 629 417 1143
1249 316 1255 318 ⁷
1675 347 1733 411 S.
1767 352 2097 413 ANDREAE
2125 351 2542 413 CRETENSIS
3590 359 3689 426 litt

486 466 617 521 vino
657 474 1020 536 temperatum
1055 471 1189 536 potu
1216 504 1232 529 ,
1270 463 1517 519 divinam
1557 464 1869 521 doctrinam
1911 466 2033 521 velu

2164 466 2444 538 μάχαιραν
2468 466 2748 537 δίστομον,
2780 466 2877 520 καὶ
2908 464 3307 537 διικνούμενον
3328 467 3451 536 ἇχρι
3478 481 3692 543 μιρισμώ

486 570 710 611 summa
737 555 1086 625 complexum
1116 569 1452 620 sermonem,
1495 553 1590 624 qui
1642 554 2039 626 participando:

2166 558 2372 628 σαρκὸς
2410 560 2502 613 καὶ
2530 557 2861 627 πνεύματος,
2880 559 2953 623 ὡς
2986 557 3060 630 δὴ
3090 558 3298 629 μικρὸν
3329 558 3551 632 ὕστερον,
3576 567 3635 629 ὡς
3653 572 3693 621 ἓν

484 656 852 719 proponetur,
883 646 1213 717 propinans.
1239 645 1587 712 Sermonem,
1610 646 1858 718 inquam,
1899 646 2039 700 illun

2163 649 2417 719 ὲπιλόγου
2441 651 2592 717 τάξει
2630 653 2741 714 τοῖς
2785 650 3069 719 φιλοθέοις
3111 650 3441 721 ἐκθήσομαι.
3478 654 3576 707 Νῦν
3596 634 3705 723 εει

481 751 729 808 acutum,
770 739 1454 811 penetrabilissimumque
1486 756 1658 811 supra
1688 755 1907 795 omnem
1938 739 2039 810 gla-

2163 740 2317 810 φίλον
2345 741 2484 806 τέως
2518 744 2644 813 ὑμῖν
2685 742 2785 813 μὲν
2821 742 3076 810 ἀκούειν,
3110 742 3243 813 ἐμοὶ
3287 742 3345 796 δὲ
3386 742 3547 813 λέγειν
3572 750 3692 817 εἰιιδς,

478 832 628 887 dium
659 833 974 903 ancipitem,
1006 841 1061 890 et
1092 834 1494 906 pertingentem
1526 848 1703 904 usque
1728 832 1795 888 ad
1831 831 2039 888 divisio

2162 831 2334 887 ταῦτα
2358 833 2653 900 λελέξεται.

477 939 605 978 nem
651 924 837 979 carnis
867 932 922 980 et
945 924 1214 993 Spiritus,
1249 932 1311 980 ut
1352 925 1516 995 paulo
1564 924 1796 980 inferius
1837 924 1987 979 velut
2024 935 2120 992 per
2150 924 2422 982 orationis
2453 927 2693 997 speciem
2728 924 2822 982 Dei
2852 924 3189 981 amantibus
3210 937 3279 978 ac
3306 923 3546 995 religioso
3567 932 3690 984 cretei

476 1032 600 1070 sum
618 1017 996 1086 expositurus.
1022 1019 1243 1074 Interim
1265 1033 1414 1083 vero,
1433 1033 1556 1089 quae
1575 1027 1629 1073 et
1648 1032 1747 1074 vos
1773 1024 2025 1072 amanter
2056 1014 2370 1084 audieritis,
2403 1028 2457 1074 et
2495 1019 2622 1073 mibi
2665 1018 2851 1074 dicere
2889 1029 3221 1089 congruum
3266 1025 3375 1078 est.
3412 1018 3519 1071 haec
3540 1018 3691 1075 dicam.

546 1112 773 1168 Maximi
809 1113 1000 1185 itaque
1031 1115 1206 1185 patris
1233 1115 1354 1171 dies
1386 1114 1564 1171 festus
1582 1114 1829 1179 advenit.
1853 1113 2055 1168 Adeste

473 1223 629 1273 vero,
660 1216 829 1280 atque
855 1217 914 1263 ut
955 1209 1208 1264 benevoli
1242 1208 1360 1274 filii,
1393 1208 1539 1279 patri
1574 1208 1815 1263 ﬁliorum
1849 1205 2055 1261 amanti

476 1299 702 1354 laudum
761 1300 983 1356 cantica
1043 1299 1367 1356 olferamus.
1426 1299 1543 1354 Hoc
1599 1300 1746 1355 enim
1798 1307 2053 1355 nostrum

474 1391 527 1444 in
565 1391 743 1460 ipsum
778 1391 1022 1446 debitum
1042 1400 1149 1447 est.
1185 1391 1269 1447 Sit
1290 1392 1453 1449 nobis
1486 1391 1750 1461 templum
1776 1391 1877 1446 hoc
1900 1404 2054 1446 com-

473 1483 661 1537 munis
703 1483 771 1537 ad
821 1481 1198 1538 submittenda
1251 1482 1442 1538 divina
1493 1482 1712 1538 cantica
1747 1482 1906 1538 locus
1931 1523 1947 1548 ,
1985 1496 2050 1538 ac

468 1575 620 1628 velut
640 1588 932 1645 organum.
953 1574 1226 1630 Caeterum
1245 1574 1340 1630 det
1360 1574 1521 1631 nobis
1544 1589 1854 1630 sermonem
1890 1574 2051 1630 Pater

469 1666 566 1720 ille
591 1665 900 1733 Sermonis,
922 1681 1234 1723 sermonem
1273 1675 1531 1723 nostrum
1559 1666 1625 1722 ad
1656 1667 2046 1722 inveniendam

469 1758 758 1813 veritatem
784 1755 1053 1827 dirigens.
1083 1756 1277 1814 Merito
1295 1766 1480 1813 autem
1513 1773 1820 1828 congruum
1855 1756 2044 1821 fuerit,

469 1848 661 1919 utqui
718 1849 896 1918 patris
952 1858 1140 1919 partes
1192 1849 1538 1914 sustineam,
1584 1849 1816 1919 apiculze
1865 1848 2048 1905 instar

467 1941 758 2007 operosius
779 1940 1249 1997 circumlustratis
1284 1940 1644 2011 spiritalibus
1689 1939 1887 2009 pratis,
1917 1940 2047 1996 inde

464 2032 627 2089 vobis
676 2048 844 2091 sacro
901 2033 970 2088 ab
1017 2032 1194 2090 sacris
1239 2033 1477 2104 eloquiis
1520 2043 1672 2089 serto
1719 2039 2044 2087 coronatum

465 2126 647 2181 virum
682 2126 995 2182 exhibeam.
1033 2123 1246 2182 Vereor
1293 2134 1478 2182 autem
1510 2141 1577 2181 ne
1606 2141 1636 2180 a
1679 2126 1814 2181 recti
1844 2139 2045 2180 cursus

466 2204 791 2274 carceribus
819 2218 1137 2273 clanculum
1189 2233 1499 2274 excurrens
1551 2232 1735 2274 sermo
1771 2214 2045 2286 prepositi

466 2309 791 2390 certaminis
849 2317 1030 2366 metas
1093 2310 1364 2375 excedat;
1425 2325 1490 2364 ac
1524 2324 1593 2364 ne
1651 2308 2045 2364 tumultuarius

466 2411 842 2474 spectatorum
871 2419 1085 2470 rumor,
1121 2404 1233 2459 alio
1265 2419 1430 2473 quam
1466 2402 1660 2457 tendat
1691 2416 1894 2458 cursus
1918 2416 2039 2471 spe-

465 2496 745 2551 ctaculum
823 2506 1197 2561 convertens,
1264 2496 1453 2551 eadem
1514 2503 1858 2565 spectatores
1917 2507 2045 2563 spes

466 2596 721 2644 coerceat
758 2587 1040 2658 edantque
1090 2588 1316 2644 inanem
1347 2597 1402 2643 et
1444 2586 1780 2643 ineﬂicacem
1831 2599 2042 2640 sermo-

466 2693 616 2745 nem,
651 2679 752 2750 qui
778 2681 1057 2736 sermonis
1083 2695 1360 2735 sessorem
1392 2689 1718 2749 provocant.
1746 2677 2042 2732 Enimvero

464 2784 785 2840 quanquam
810 2784 1039 2826 necesse
1069 2779 1181 2838 est,
1220 2779 1278 2825 ut
1309 2771 1497 2825 multis
1527 2780 1675 2827 retro
1707 2771 1901 2840 spatiis
1930 2769 2037 2824 viri

462 2863 790 2934 dignitatem
835 2872 1104 2934 sequatur
1129 2865 1308 2919 oratio
1343 2865 1442 2934 (ita
1483 2865 1632 2919 enim
1664 2863 2042 2920 encomiorum

461 2957 633 3028 exigit
659 2958 809 3028 lex);
838 2958 1018 3012 sancti
1050 2957 1421 3012 nihilominus
1454 2958 1523 3012 ad
1554 2956 1724 3012 Deum
1774 2957 2045 3011 interces-

461 3046 745 3116 sionibus,
781 3063 885 3105 ceu
919 3049 1255 3120 quibusdam
1290 3050 1625 3105 infrenatum
1658 3050 1815 3115 loris,
1847 3047 1940 3103 ubi
1972 3046 2041 3102 ad

2229 1115 2505 1182 Μεγίστου
2555 1114 2737 1168 τοίνυν
2787 1114 2999 1185 πατρός
3049 1112 3376 1182 ἐφέστηκεν
3420 1112 3580 1183 ἑορτή.
3616 1116 3689 1170 Καὶ

2155 1205 2317 1278 δεῦρο
2342 1250 2354 1271 ,
2411 1207 2665 1277 καθάπερ
2707 1207 2899 1269 παῖδες
2954 1204 3328 1275 εὐγνώμονες
3369 1203 3446 1274 τῷ
3484 1206 3691 1272 φιλόπαιδι

2156 1299 2325 1368 ’πατρὶ¹
2368 1299 2493 1362 τοὺς
2529 1297 2735 1369 ὕμνους
2783 1295 3190 1368 προσάξωμεν.
3243 1294 3417 1349 Τοῦτο
3466 1297 3559 1368 γὰρ
3588 1299 3686 1370 nisi;

2154 1390 2466 1461 παρ’ὴμῶν
2502 1390 2846 1459 ὲποφείλεται
2884 1388 3079 1460 χρέος.
3116 1387 3376 1455 Γενέσθω
3403 1390 3561 1451 κοινὸς
3582 1384 3687 1453 οὗτος

2155 1485 2288 1553 ἡμῖν
2318 1485 2347 1536 6
2366 1482 2502 1546 νεὼς
2526 1482 2637 1536 τῶν
2660 1482 2817 1535 θείων
2843 1480 3037 1559 ὓμνων
3068 1479 3459 1551 ἐπισατήριος.
3480 1480 3570 1533 Καὶ
3594 1482 3684 1536 δότω

2154 1576 2311 1645 λόγον
2341 1578 2472 1648 ἡμῖν
2504 1578 2532 1629 6
2558 1575 2653 1630 τοῦ
2686 1577 2860 1645 Λόγου
2892 1575 3129 1647 Πατὴρ,
3178 1574 3277 1628 τὸν
3306 1574 3551 1645 ἡμέτερον
3582 1593 3683 1644 χειρ-

2154 1670 2387 1738 αγωγῶν
2416 1668 2553 1738 πρὸς
2578 1670 2677 1735 τὴν
2697 1669 2796 1739 τῆς
2818 1669 3090 1739 ἀληθείας
3112 1666 3365 1738 εὕρεσιν.
3393 1666 3573 1737 Πρέποι
3592 1668 3626 1720 δ’
3640 1668 3683 1721 ἂν

2152 1764 2378 1827 εἰκότως
2406 1763 2530 1833 ἐμοὶ
2553 1763 2761 1833 πατρὸς
2790 1763 3053 1832 ἐπέχοντι
3078 1761 3271 1827 τάξιν,
3299 1758 3423 1821 τοὺς
3454 1775 3683 1827 πνεύματι.

2153 1857 2284 1918 κοὺς
2315 1853 2590 1926 λειμῶνας
2618 1852 2882 1924 μελίσσης
2914 1853 3083 1924 δίκην
3140 1849 3546 1921 ἐμπεριελθόντι
3577 1851 3682 1918 φιλο-

2151 1945 2481 2015 πονώτερον,
2507 1945 2734 1999 αὐτόθεν
2763 1945 2895 2015 ύμῖν
2934 1943 3269 2013 ὑποστῆσαι
3291 1942 3381 1995 τὸν
3396 1942 3563 2012 ἄνδρα,
3584 1943 3680 2009 πρὸς

2148 2037 2259 2091 τῶν
2288 2037 2452 2109 ιερῶν
2485 2038 2682 2105 λογίων
2708 2036 2871 2107 ίερῶς
2904 2034 3390 2104 στεφανούμενον.
3419 2033 3605 2086 Δέδοικε
3622 2033 3676 2097 δὲ,

2151 2130 2227 2200 μὴ
2261 2129 2357 2183 τοῦ
2390 2123 2665 2186 κατίεύθὺ
2687 2128 2890 2199 δρόμου
2935 2129 3038 2198 τῆς
3073 2126 3343 2197 βαλϐῖδος
3384 2123 3676 2194 ὑπεκδραμὺι

2146 2224 2176 2277 6
2206 2220 2389 2290 λόγος,
2418 2219 2715 2289 ὲξαγώνιος
2735 2208 2993 2288 γένηται·
3032 2220 3138 2273 καὶ
3166 2220 3197 2271 6
3229 2218 3384 2288 παρά
3410 2216 3674 2270 τῶνοθεατιῖη

2147 2314 2532 2385 ἀπηχούμενος
2565 2314 2751 2384 θροῦς,
2798 2315 2886 2366 ἐπ’
2914 2314 3060 2368 ἀλλα
3103 2312 3207 2366 τοῦ
3259 2312 3456 2383 δρόμου
3483 2311 3562 2381 τὴν
3580 2310 3668 2362 θέεν

2150 2407 2426 2477 μετάγων,
2456 2406 2558 2475 τῆς
2583 2405 2798 2467 ὲλπίδὸς
2825 2405 2953 2467 τοὺς
2984 2403 3200 2466 θεατὰς
3221 2402 3556 2456 ὲπικόπτοιτο
3572 2418 3584 2430 ·
3604 2401 3672 2470 τήν

2147 2515 2206 2551 τε
2247 2497 2499 2567 κραυγὴν
2542 2497 2721 2567 ἀργὴν
2772 2498 3016 2550 ποιοῖντο
3064 2496 3170 2550 καὶ
3213 2496 3505 2566 ἄπρακτον,
3534 2496 3574 2546 οἱ
3603 2492 3667 2544 τοῦ

2146 2589 2308 2659 λόγου
2327 2590 2417 2643 τὸν
2443 2589 2712 2659 ἐπιϐάτην
2725 2586 3091 2661 ἐρεθίζοντες.
3113 2588 3267 2658 Πλὴν
3290 2587 3405 2641 ἀλλ’
3420 2589 3465 2639 ei
3485 2586 3561 2637 καὶ
3577 2584 3669 2636 πολεῖ

2147 2698 2251 2734 που
2284 2681 2384 2752 τῆς
2407 2679 2503 2733 τοῦ
2527 2679 2721 2749 ἀνδρὸς
2760 2679 2917 2746 ἀξίας
2949 2679 3197 2733 κατόπιν
3225 2678 3435 2747 ἀνάγκη
3458 2674 3665 2740 τὸνλόγον

2142 2768 2349 2826 ἐλθεῖν·
2380 2770 2538 2825 τοῦτο
2572 2773 2681 2842 γὰρ
2708 2773 2737 2825 6
2769 2771 2877 2825 τῶν
2925 2771 3237 2841 ἐγκωμίων
3268 2768 3503 2840 βούλεται
3526 2764 3664 2835 νόμο
3746 2800 3747 2811 η

2142 2866 2266 2927 ταῖς
2295 2862 2427 2932 γοῦν
2455 2863 2551 2916 τοῦ
2596 2864 2753 2932 ἁγίου
2791 2863 2931 2935 πρὸς
2966 2863 3031 2917 τὸ
3072 2863 3227 2917 θεῖον
3257 2859 3560 2923 ἐντεύξεσιν,
3582 2857 3661 2907 oio-

2142 2956 2225 3010 νεί
2249 2974 2361 3010 τισι
2392 2957 2623 3027 ῥυτῆρσι
2646 2955 2837 3009 τοῦτον
2868 2952 3303 3027 ἀναστομώσας,
3323 2950 3436 3007 εἶτα
3462 2952 3575 3023 πρὸς
3596 2950 3665 3017 τὴν

2142 3047 2264 3101 κατ’
2304 3045 2432 3099 εύθὺ
2472 3046 2696 3114 πορείαν
2724 3045 2910 3116 ᾅττειν
2944 3044 3208 3115 σφοδρῶς
3252 3040 3563 3112 παραθήξας,
3597 3034 3660 3089 ἐπὶ

459 3140 597 3195 recti
635 3140 857 3199 itineris
884 3156 1112 3197 cursum
1162 3141 1547 3197 vehementius
1581 3141 1937 3211 instigavero,
1972 3139 2037 3194 ad

2144 3138 2239 3210 τὴν
2269 3137 2472 3191 νύσσαν
2503 3133 2659 3201 αὖθις
2685 3138 3002 3207 μετάγοιμι.
3033 3137 3183 3191 Φίλα
3206 3135 3317 3205 γὰρ
3339 3135 3483 3186 ἔσται

460 3239 659 3287 metam
698 3232 960 3302 deinceps
1013 3234 1301 3288 reducam.
1355 3232 1525 3289 Plane
1568 3234 1715 3288 enim
1750 3239 2038 3302 acceptum

2144 3227 2292 3299 αύτῷ
2323 3226 2393 3281 τὰ
2440 3227 2580 3281 κατά
2608 3225 2838 3298 δύναμιν
2859 3244 2872 3256 ο
2911 3228 2992 3280 ὅτι
3015 3243 3085 3281 τε
3136 3224 3445 3296 μετριάζειν
3476 3216 3587 3275 οἶδεν
3613 3218 3657 3268 ἐκ

456 3323 563 3377 erit
605 3323 753 3393 quod
807 3321 1089 3378 facultatis
1128 3331 1236 3379 est.
1282 3321 1418 3377 Nam
1463 3336 1522 3380 et
1566 3325 1720 3380 novit
1753 3339 1785 3378 a
1833 3333 2039 3379 natura

459 3414 704 3470 modeste
729 3428 915 3486 agere,
946 3430 1066 3470 rae
1086 3431 1147 3472 se
1170 3414 1476 3471 humilibus
1501 3414 1928 3471 accommodare
1950 3421 2031 3485 ⁸,»

458 3507 515 3561 in
545 3506 651 3561 hoc
688 3521 911 3578 quoque
940 3508 1175 3562 Paulum
1213 3507 1487 3565 imitatus.
1517 3508 1632 3580 Age
1673 3508 1844 3578 igitur
1880 3507 2036 3562 dica-

428 3613 604 3665 ,mus,
655 3598 701 3652 si
746 3598 879 3668 quid
938 3598 1103 3656 nobis
1171 3613 1504 3656 concessum
1562 3607 1670 3655 est.
1734 3597 1847 3655 Nec
1902 3614 2035 3656 vero

454 3691 751 3761 quisquam
766 3690 1200 3762 vituperandum
1221 3693 1520 3763 putaverit,
1541 3692 1692 3749 velut
1713 3708 1777 3748 ex
1797 3692 2034 3749 adverso

452 3768 841 3838 excellentium
865 3782 970 3838 viri
1002 3783 1383 3839 encomiorum
1414 3793 1669 3841 nostrum
1717 3799 2033 3841 sermonem

453 3876 801 3948 ingeramus.
834 3875 955 3932 Non
988 3877 1134 3933 enim
1153 3877 1304 3932 velut
1331 3884 1590 3948 suppetat
1620 3876 1708 3933 vis
1733 3877 2030 3952 orationis;

452 3967 551 4022 sed
587 3968 762 4039 magis
786 3967 1062 4024 desiderio
1092 3969 1147 4023 in
1176 3976 1455 4034 sanctmn,
1475 3983 1599 4038 quae
1631 3968 1736 4023 vim
1767 3978 2035 4041 superant

453 4060 867 4128 praesumimus.
900 4059 1006 4116 Ubi
1034 4069 1219 4117 autem
1250 4068 1337 4117 est
1368 4061 1723 4126 desiderium,
1748 4061 1925 4130 palam
1946 4068 2034 4115 est

452 4152 735 4206 sublatum
768 4166 895 4208 esse
925 4153 1182 4209 timorem
1210 4167 1432 4207 omnem
1469 4169 1485 4207 :
1518 4161 1682 4223 atque
1714 4153 1815 4208 ubi
1857 4142 2031 4209 libera

449 4252 537 4300 est
563 4259 887 4301 sermonum
916 4243 1176 4325 libertas,
1210 4259 1281 4299 ne
1312 4243 1554 4298 minimae
1592 4245 1908 4302 timiditatis
1942 4262 2033 4301 reo

452 4338 638 4408 liquiae
660 4337 1008 4392 consistunt.
1034 4335 1352 4391 Cavendum
1383 4351 1516 4406 ergo
1556 4352 1626 4391 ne
1668 4337 1824 4392 nullo
1864 4339 2029 4394 modo

448 4430 705 4485 dicamus
743 4444 866 4499 quae
915 4425 1151 4482 facultas
1210 4427 1503 4494 concedit,
1542 4444 1608 4483 ac
1662 4444 1730 4483 ne
1763 4430 2028 4505 sileamus

2141 3319 2380 3389 φύσεως,
2444 3338 2464 3371 ι
2528 3318 2625 3371 καὶ
2668 3321 2784 3381 τοῖς
2844 3320 3135 3380 ταπεινοῖς
3191 3311 3595 3381 συναπᾶγεσθτι,
3638 3325 3653 3357 ι

2139 3411 2354 3468 Παῦλον
2380 3410 2662 3481 κάνταῦθα
2686 3410 3050 3482 μιμούμενος.
3081 3412 3227 3482 Φέρε
3254 3409 3312 3463 δὲ
3337 3407 3424 3462 οὖν
3442 3404 3649 3472 λέγωμεν.

2137 3507 2239 3561 ὅσα
2287 3505 2474 3575 λέγειν
2518 3506 2649 3576 ἡμῖν
2684 3505 3108 3576 ἐπιτέτραπται.
3174 3503 3286 3557 Καὶ
3332 3500 3501 3571 μήτις
3542 3494 3651 3563 ἡμᾶς

2140 3599 2460 3670 μωμήσοιτο
2506 3598 2583 3669 τῷ
2625 3596 2869 3669 περιόντι
2904 3596 3014 3651 τῶν
3057 3597 3161 3651 τοῦ
3202 3593 3389 3664 ἀνδρὸς
3422 3583 3647 3657 ἐγκωμίων

2136 3691 2228 3744 τὸν
2254 3691 2522 3762 ἡμέτερον
2550 3688 3020 3758 ἀντεπεξάγοντας
3040 3706 3055 3720 ·
3086 3690 3174 3743 ὅτι
3201 3686 3275 3759 μὴ
3299 3685 3446 3752 λόγου
3468 3676 3644 3743 δύναμιν

2085 3781 2090 3787 ⁴
2136 3783 2375 3854 ἔχοντεςν
2405 3784 2555 3854 πόθῳ
2586 3784 2641 3837 δὲ
2670 3783 2749 3854 τῷ
2773 3784 2911 3856 πρὸς
2934 3785 3025 3838 τὸν
3047 3784 3233 3853 ἅγιον,
3261 3779 3366 3834 τῶν
3389 3776 3510 3845 ὑπὲρ
3526 3770 3641 3825 δύνα-

2137 3894 2231 3947 μιν
2288 3876 2664 3947 ὲφαπτόμεθα.
2719 3876 2889 3929 Ἔνθα
2927 3874 2982 3929 δὲ
3029 3876 3223 3939 πόθος,
3269 3872 3382 3926 ἐκεῖ
3421 3862 3639 3936 προδήλως

2135 3968 2302 4038 φόϐος
2330 3967 2475 4031 ἄπας
2521 3968 2820 4040 ἀφῄρηται·
2871 3968 2961 4022 καὶ
3012 3969 3155 4023 ὅπου
3206 3966 3374 4033 λόγων
3415 3950 3636 4022 ἐλευθερία

2133 4059 2594 4131 παρρησιάζεται,
2623 4058 2827 4122 δειλίας
2865 4059 2926 4112 ού
2968 4058 3378 4129 παρυφισταται
3412 4045 3632 4131 letalem.

2132 4130 2504 4223 Παραιτητὲον
2519 4149 2613 4204 οὖν
2634 4149 2890 4222 οὐδαμῶς
2914 4152 3087 4203 εἰπεῖν
3114 4151 3183 4204 τὰ
3199 4151 3280 4210 εἰς
3305 4144 3521 4211 δύναμιν,
3543 4130 3630 4185 οὐδὲ

2133 4243 2456 4313 σιωπητέον,
2471 4241 2506 4296 ἃ
2524 4242 2814 4314 κηρύττειν
2835 4242 2997 4295 ὄσιον’
3029 4243 3112 4296 ὅτι
3128 4243 3208 4312 μὴ
3230 4238 3390 4309 λήθης
3412 4230 3551 4285 ταῦτα
3567 4223 3626 4292 βυ·

2131 4336 2242 4401 θοτς
2283 4336 2343 4389 τδ
2382 4336 2605 4406 Πνεῦμα
2634 4333 3114 4403 συγκαλύπτεσθαι
3144 4331 3398 4404 βούλεται.
3427 4318 3623 4377 Βοὺληεται

2132 4428 2243 4500 γὰρ
2275 4428 2515 4500 μετρίως
2540 4427 2604 4495 γέ
2640 4443 2756 4489 πως
2794 4426 2936 4480 αὐτὰ
2979 4428 3091 4489 τοῖς
3131 4426 3231 4479 οὐκ
3268 4418 3443 4472 εἰδόσιν
3470 4413 3620 4475 ἐκφαν-

448 4535 573 4589 qua:
635 4527 891 4575 sanctum
942 4517 1113 4572 fuerit
1165 4516 1489 4588 praedicare,
1539 4517 1759 4575 nolente
1815 4500 2026 4591 Spiritu

2144 4521 2293 4591 iﬁvat
2316 4537 2331 4551 ·
2362 4519 2569 4573 δίκαιον
2598 4517 2705 4589 γάρ
2728 4533 2741 4547 ·
2768 4517 2845 4580 ὡς
2880 4516 2946 4570 ἀν
2972 4517 3109 4587 πρὸς
3135 4514 3293 4585 ζῆλον
3326 4507 3412 4562 καὶ
3442 4501 3617 4574 μίμησιν

448 4609 749 4665 oblivionis
776 4607 1055 4680 profundo
1079 4608 1208 4676 tegi.
1233 4606 1364 4661 Vult
1392 4608 1666 4680 siquidem
1697 4619 1755 4664 ιιι
1781 4612 2029 4668 modeste

2144 4611 2323 4673 ιύτοὺς
2352 4607 2739 4679 προτροπάδην
2778 4606 3044 4674 ὲνάγοιεν.
3098 4605 3261 4657 Ὥστε
3293 4614 3379 4669 μοι
3416 4591 3499 4659 τὴν

395 4701 407 4715 ’
448 4704 515 4753 ct‘
526 4699 611 4754 vel
635 4671 818 4770 aliqua
833 4707 990 4770 parte
1013 4671 1395 4754 nescientibus
1412 4671 1797 4756 declarentur:
1823 4702 2026 4773 quippe

2144 4704 2235 4775 τὴν
2258 4702 2361 4757 οὐκ
2381 4700 2691 4768 ἀναγκαίαν
2716 4693 2857 4752 εἷναι
2908 4699 2968 4751 ὲν
3013 4696 3091 4768 τῷ
3119 4694 3336 4765 παρόντι
3375 4681 3511 4775 δοκεῖ)ἶ
3536 4671 3613 4727 Καὶ

444 4790 656 4859 justum
687 4799 791 4857 est,
823 4805 935 4861 quo
968 4791 1035 4847 ad
1066 4789 1377 4846 aemulanda
1412 4791 1789 4863 imitandaque
1818 4770 2026 4851 ρίου-εχ

2144 4770 2231 4866 πάρ
2262 4789 2399 4867 ἧκεν
2429 4795 2457 4847 ὁ
2494 4792 2655 4860 λόγος
2684 4794 2818 4864 ἡμῖν
2857 4790 2945 4843 ἐπ’
2983 4790 3113 4844 αὐτὸ
3140 4785 3231 4841 τοῦ
3276 4775 3453 4867 σκοποῦ
3474 4770 3607 4822 :61:-

447 4882 752 4938 commisso
783 4881 1144 4937 inducantur.
1171 4882 1546 4947 Quamobrem
1593 4883 2024 4957 haudquaquam

2144 4866 2370 4956 Ράλαιδν,
2419 4885 2504 4954 ἐφ’
2546 4886 2576 4939 ὃ
2617 4882 2706 4939 καὶ
2751 4883 2820 4937 δι’
2861 4882 2999 4954 ὅπερ
3039 4883 3170 4953 ἡμῖν
3214 4879 3242 4932 ὁ
3284 4874 3380 4936 πᾶς
3414 4866 3607 4935 ὥρμηται

449 4974 736 5031 silentium
767 4973 903 5029 mihi
936 4973 991 5027 in
1032 4974 1457 5042 praesentiarum
1522 4992 1555 5032 e
1591 4992 1651 5031 re
1675 4978 1886 5048 judico.
1930 4980 2023 5036 Et—
2074 4967 2080 4973 ’

2131 4980 2313 5041 πόθος.

448 5066 598 5122 enim
647 5064 763 5134 iam
811 5063 963 5121 νῦιιὶι
994 5037 1177 5122 Oratio
1238 5065 1306 5120 ad
1355 5067 1535 5137 ipsum
1595 5037 2001 5143 rei'propositae
2025 5081 2216 5145 caput,
2242 5037 2309 5125 ad
2342 5069 2513 5140 quod,
2538 5077 2592 5124 et
2623 5047 2786 5139 cujus
2813 5065 2989 5138 gratia
3032 5072 3276 5120 nostrum
3330 5063 3467 5109 omne
3490 5037 3597 5098 desi-

453 5156 661 5214 derium
692 5167 798 5216 est.

520 5246 659 5315 Quis
698 5248 885 5319 itaque
924 5259 1159 5317 magnus
1192 5245 1284 5302 hic
1332 5258 1387 5304 et
1441 5251 1780 5321 conspicuus
1833 5252 2014 5321 Titus,

447 5358 611 5414 quem
643 5347 834 5397 nostra
861 5338 1157 5396 duodecim
1190 5339 1433 5411 glorians
1466 5342 1691 5400 sedibus
1715 5345 1851 5416 (50),
1876 5348 2023 5403 velut

523 5459 549 5489 °
589 5459 751 5518 Rom.
787 5476 882 5529 xu,
917 5458 1002 5515 16.

2196 5253 2544 5326 Τοιγαροῦνὸ
2570 5254 2744 5322 μέγας
2781 5245 2936 5315 οὗτος
2975 5250 3069 5305 καὶ
3106 5225 3594 5326 περίὸλεπτοςῄτξτοςν

2128 5347 2189 5402 ὃν
2236 5349 2271 5419 ἠ
2305 5317 2447 5401 ’κᾷθ’
2485 5317 2664 5418 ήμάςν
2692 5342 2962 5415 ἠνέγκατο
3021 5317 3384 5409 δωδεκάθρονος
3425 5317 3585 5390 Κρήτην

1756 5584 2147 5646 COMBLFISII
2183 5587 2417 5646 ΝΟΤιΕ.
2940 5631 2949 5638 -

687 5671 971 5727 Duodecim
1002 5668 1270 5764 lgi‘ortam‘
1312 5672 1565 5764 seti-ibus].I
1592 5675 2022 5764 Δωδεκὸφρονος.

2144 5681 2581 5764 ὺίμῐιξψυιηςιιιε
2608 5700 2631 5763 _:
2667 5696 2776 5764 qua
2791 5682 2864 5764 de
2886 5694 2946 5735 re
2970 5676 3205 5733 Ortelius
3228 5678 3271 5726 et
3298 5657 3372 5719 alii
3396 5655 3438 5708 in
3456 5645 3580 5702 (ἔπιε

451 5741 752 5799 Pauciores
805 5758 953 5798 nunc
1002 5741 1181 5806 liabet,
1217 5751 1275 5799 ut
1311 5741 1415 5799 fuit
1443 5743 1601 5800 valde
1649 5741 1894 5805 minutus
1936 5741 2028 5806 ur-

2134 5751 2338 5810 tabulis
2362 5761 2416 5809 et
2445 5750 2931 5824 descriptionibus.
