3820 6316
89 370 226 443 1145

1287 378 1372 438 IN
1400 376 1856 439 APOSTOLUM
1888 348 2155 440 'l‘lTUM.

3210 374 3353 441 luti

80 477 432 549 ἀποστολαῷ
474 479 817 551 τετιμημένη
882 481 1229 553 συμϐολικῶς
1264 484 1525 557 ἀριθμῷ.
1570 485 1654 548 Τίς

1770 486 2078 556 apostolico
2124 484 2430 556 symbolice
2487 483 2820 541 honestante
2877 500 3133 553 numero,
3183 485 3347 542 Creta

88 573 189 645 μὲν
215 566 321 629 οῦν,
340 568 611 639 ἐτύγχανε
638 571 718 623 τάκ
746 571 961 641 πρῶτα,
993 573 1088 625 καὶ
1116 574 1245 629 οἴων
1283 574 1385 644 ἔφυ
1437 575 1675 644 γονέωνξ

80 662 184 719 καὶ
217 661 320 730 τῆς
345 658 639 714 ὁποιασοῦν
668 661 827 733 ῥίζης
859 662 1219 736 egestam“
1248 666 1460 737 ὅρπηξ,
1489 668 1666 736 λέγειν

72 758 187 810 οὐκ
210 753 518 819 ἀναγκαῖον
553 753 677 824 ἐμοί
698 771 712 785 ⁸
740 755 824 808 ὅτι
861 755 936 827 μὴ
983 758 1126 812 κατὰ
1161 758 1279 829 βίου
1320 760 1599 831 διήγησιν,
1630 760 1666 832 ἢ

76 845 209 903 καθ’
259 844 505 916 ἱστορίας
565 844 753 916 νόμον,
803 846 834 899 ὅ
892 847 1086 919 παρών
1153 866 1257 919 μου
1311 850 1667 905 συντέτακται

74 939 264 1007 λόγος,
298 935 443 1006 πλὴν
488 936 540 989 εί
589 935 669 1006 μὴ
708 936 829 990 κατ’
868 937 1146 1009 ὲγκωμίου
1181 939 1409 1010 δύναμιν
1439 941 1665 1013 παροδι-

74 1029 202 1090 κῶς
232 1027 605 1098 ἐσχεδίασται.
641 1027 792 1081 Φιλεῖ
812 1028 925 1100 γὰρ
947 1029 1021 1092 ὡς
1053 1030 1122 1082 τά
1150 1030 1322 1085 πολλά
1349 1032 1458 1085 τῶν
1489 1034 1667 1101 ἐγκω-

80 1115 395 1191 μιαζόντων
437 1119 467 1172 ό
506 1116 682 1185 λόγος,
718 1119 846 1181 τοὺς
888 1120 1228 1189 πολυσχιδείς
1278 1120 1388 1174 τῶν
1439 1122 1667 1192 μακρῶν

78 1208 381 1274 ἐκφεύγειν
434 1206 820 1277 ἀφηγημάτων
871 1207 1144 1272 διαύλους,
1194 1209 1270 1273 ὡς
1319 1209 1388 1264 ἂν
1436 1210 1512 1282 μὴ
1557 1210 1668 1264 τῶν

74 1297 397 1355 ἀκουόντων
463 1297 926 1362 ἀποκναισθέντες
990 1301 1170 1365 τινὲς,
1234 1306 1515 1374 προσκορῆ
1572 1302 1668 1357 τὸν

76 1389 248 1456 λόγον
282 1390 519 1458 ἡγοῖντο,
543 1390 611 1459 τῇ
647 1388 809 1460 ἀηδία
839 1390 940 1458 τῆς
967 1392 1352 1464 μακρηγορίας
1392 1393 1668 1463 βαρούμε-

74 1496 197 1535 νοι.
237 1478 379 1547 Ἐγὼ
426 1478 485 1531 δὲ
516 1477 553 1532 ἃ.
590 1479 857 1533 συνοίσειν
885 1475 1006 1536 οἶδα
1049 1485 1165 1547 τοῖς
1201 1500 1264 1536 τε
1310 1483 1668 1555 συνειλεγμέ-

80 1584 231 1631 von,
250 1569 409 1639 κάμοὶ
423 1569 501 1639 τῷ
519 1569 621 1641 τὴν
647 1573 1022 1645 πνευματικὴν
1036 1573 1147 1627 τῶν
1176 1574 1348 1643 λόγων
1371 1575 1502 1645 ὑμῖν
1532 1592 1669 1630 παν-

88 1661 306 1716 δαισίαν
326 1663 683 1732 προτείνοντι,
702 1664 875 1718 ταῦτά
904 1683 1067 1735 φημι,
1084 1665 1178 1718 τοῦ
1198 1666 1356 1735 λόγου
1380 1667 1478 1739 τὴν
1493 1669 1667 1739 ἀρχὴν

95 1753 316 1807 αὐτόθεν
345 1753 689 1825 ποιούμενος,
716 1756 840 1809 ὅθεν
873 1757 1039 1811 αὐτὸν
1067 1759 1198 1829 ἡμῖν
1233 1760 1267 1830 ἡ
1294 1760 1457 1832 χάρις
1489 1760 1665 1830 ὲγνώο

98 1861 268 1915 ρισεν.
286 1885 295 1894 .

186 1934 474 2006 ’Υπεριδὼν
503 1936 611 2007 γὰρ
643 1930 800 2002 οὗτος
828 1939 922 1992 καὶ
954 1937 1147 2008 γένους
1192 1941 1286 1994 καὶ
1313 1942 1542 1997 πλούτου
1575 1945 1669 1998 καὶ

94 2027 451 2104 περιφανείας.
478 2028 721 2099 ἀπάσης,
750 2028 851 2100 ὅση
882 2046 940 2082 τε
979 2029 1102 2084 καθ’
1136 2031 1408 2103 Ἕλληνας
1439 2035 1668 2106 ἐκράτει

90 2119 240 2184 τότε,
269 2121 361 2172 καὶ
387 2121 487 2189 ὅση
519 2119 671 2190 παρά
712 2120 825 2175 τῶν
865 2121 1135 2176 σεϐόντων
1180 2124 1251 2178 τά
1278 2125 1474 2179 είδωλα
1511 2143 1669 2198 περι-

90 2212 321 2280 εκέχυτο
345 2211 473 2277 δόξα
490 2229 502 2241 ·
527 2211 749 2266 πάντων
770 2229 828 2265 τε
855 2214 1182 2283 καταφανῶς
1201 2215 1501 2288 ἀλογήσας,
1534 2219 1666 2288 μιᾶς

92 2302 547 2374 ἑπεθύμειδόξης,
575 2303 673 2358 τοῦ
705 2307 882 2359 πᾶσαν
914 2306 1014 2375 μὲν
1051 2307 1275 2376 ἀφεῖναι
1300 2308 1402 2379 τὴν
1431 2309 1666 2379 πάτριον

92 2395 382 2448 πολυθιῖαν
429 2398 535 2450 καὶ
570 2397 945 2468 δεισιδαίμονα
986 2398 1218 2470 πλάνην,
1267 2402 1439 2472 μόνης
1468 2402 1527 2456 δὲ
1564 2404 1665 2474 τῆς

90 2486 220 2540 καθ’
260 2488 398 2557 ημᾶς
446 2488 621 2557 Ἰησοῦ
660 2488 948 2559 θεοσοφίας
985 2490 1129 2545 κατά
1173 2492 1391 2563 μέθεξιν
1423 2493 1665 2566 ἀρῤητον

92 2579 447 2648 μεγαλοφυῶς
487 2581 917 2652 ἐπιδράξασθαι,
962 2584 1056 2637 καὶ
1088 2584 1208 2648 ὅλος
1236 2584 1359 2639 ὅλου
1402 2586 1663 2654 γενέσθαι

90 2669 189 2722 τοῦ
221 2669 464 2738 ἐραστοῦ,
495 2672 595 2725 καὶ
630 2672 732 2741 τῆς
758 2674 1155 2745 Χριστιανικῆς
1189 2674 1425 2746 μερίδος.
1460 2677 1569 2730 Καὶ
1599 2678 1662 2743 δὴ

88 2762 191 2812 καὶ
220 2761 474 2832 γεγένητο
498 2799 515 2826 ,
545 2763 1023 2835 προσκεκληκότος
1060 2766 1223 2823 αὐτὸν
1246 2768 1344 2822 τοῦ
1380 2768 1539 2834 Θεοῦ,
1569 2768 1663 2822 καὶ

84 2848 173 2919 τῷ
200 2849 366 2904 πάντα
384 2850 674 2919 φωτίζοντι
707 2851 982 2922 πνεύματι
1012 2854 1113 2918 τάς
1134 2856 1356 2927 τρίϐους
1385 2857 1533 2927 αὐτῷ
1563 2857 1662 2926 τῆς

86 2938 345 3008 ἀληθείας
360 2942 453 2994 ἐπὶ
471 2942 533 2994 τὸ
563 2942 923 3011 εὐαγγελικδν
942 2944 1355 3013 διομαλίσαντος
1376 2948 1657 3017 κήρυγμα.

98 3033 381 3087 Ἐντεῦθεν
422 3033 503 3103 τῷ
551 3033 759 3105 φαεινῷ
815 3034 1104 3107 λαμπτῆρι
1147 3038 1246 3108 τῆς
1290 3038 1660 3109 ἀποπολικῆς

82 3122 424 3234 ὁμηγύρεως,
444 3124 648 3196 Παύλῳ
673 3125 737 3197 δὴ
757 3125 922 3195 λέγω,
949 3125 1029 3197 τῷ
1052 3127 1193 3182 κατά
1216 3129 1377 3199 νόμον
1394 3128 1656 3201 ἐννόμως,
1688 3176 1732 3234 c

85 3216 188 3267 καὶ
216 3216 352 3269 κατά
382 3217 545 3288 χάριν
564 3217 624 3271 ἐν
651 3218 837 3289 χάριτι
867 3218 1251 3290 διαπρίψαντι,
1292 3221 1657 3295 συμπλακεὶς,

87 3305 283 3371 ὀπαδδς
335 3308 434 3362 καὶ
490 3307 827 3381 συνέκδημος
874 3311 1087 3379 γίνεται
1112 3327 1127 3344 ο
1174 3312 1269 3365 καὶ
1315 3312 1407 3366 τὸν
1447 3313 1658 3367 ἐκείνου

86 3396 245 3468 ζῆλον
274 3397 351 3470 τῷ
375 3399 478 3471 ἴσῳ
509 3400 656 3472 ζήλῳ
692 3401 1054 3473 μιμούμενος,
1097 3399 1345 3474 ζηλωτὴς
1371 3403 1468 3458 καὶ
1496 3404 1660 3468 αὐτὸς

88 3488 483 3544 ἀναδείκνυται.
516 3492 627 3546 Καὶ
667 3491 732 3561 δὴ
774 3493 1120 3563 μεταστάτης
1150 3491 1244 3546 τοῦ
1277 3494 1534 3565 πατρῴου
1567 3494 1658 3548 νό-

92 3594 197 3645 μου
213 3578 521 3652 λεγόμενος,
545 3582 641 3637 καὶ
665 3584 765 3654 τῆς
798 3581 1019 3655 ὲθνικῆς
1050 3584 1263 3649 ἑννοίας
1285 3584 1387 3657 τὴν
1409 3586 1659 3641 διάκενον

92 3667 528 3742 ἐθελοθρησκείαν
568 3673 1093 3743 ἀποσκευασάμενος
1115 3713 1131 3739 ,
1172 3677 1255 3740 εἰς
1281 3675 1509 3747 οὐρανὸν
1533 3677 1656 3731 ὅλον

90 3758 155 3811 δι’
191 3761 306 3816 ὅλου
354 3762 627 3834 μετέθηκε
661 3764 723 3819 τὸ
771 3765 1102 3837 πολίτευμα.
1137 3768 1204 3820 Ὀ
1239 3767 1298 3821 δὲ
1344 3768 1542 3840 μικροῦ
1586 3786 1656 3839 με

92 3849 326 3921 διέφυγε,
351 3854 733 3927 παραδραμεῖν
761 3857 860 3928 οὐχ
895 3859 1063 3913 ὅσιον.
1096 3861 1299 3931 Ἔτυχε
1328 3861 1539 3915 τουτονὶ
1564 3861 1656 3914 τὸν

90 3938 305 4013 διαψανῆ
328 3944 421 3997 τοῦ
444 3946 685 4016 Χριστοῦ
717 3948 1087 4018 μαργαρίτην,
1104 3950 1197 4004 τὸν
1221 3952 1492 4021 πολυτελῆ
1510 3952 1655 4020 λέγω

88 4028 245 4099 λίθον,
281 4035 375 4106 οὐχ
413 4031 579 4109 ἦττον
624 4037 658 4107 ἢ
706 4037 798 4093 τὸν
837 4038 932 4093 τοῦ
990 4041 1300 4111 Ζοροϐάϐελ
1336 4042 1484 4097 λίθον
1509 4044 1654 4099 ἐτττά

90 4122 369 4194 ὀφθαλμοῖς
399 4128 802 4198 κοσμούμενον,
832 4131 943 4201 ὅσῳ
970 4133 1067 4185 καὶ
1099 4132 1209 4186 τῶν
1236 4134 1477 4205 χαρίτων
1514 4152 1653 4189 κατ·-

92 4212 302 4284 ικόσμει
330 4216 422 4270 τὸν
469 4219 757 4285 στέφανον,
805 4223 1078 4290 συγγενέα
1122 4224 1215 4277 τὸν
1244 4226 1498 4295 τηνικάδε
1551 4229 1653 4297 τῆς

94 4301 257 4373 χώρας
286 4307 594 4363 ἀνθύπατον
619 4310 787 4380 ἔχειν,
832 4314 927 4367 καὶ
957 4315 1085 4378 τοὺς
1117 4316 1259 4389 κατὰ
1290 4317 1446 4384 γένος
1478 4335 1652 4387 apoc-

92 4392 334 4461 ἥκοντας,
378 4391 463 4461 οἷς
500 4398 703 4463 Μίνως
752 4401 849 4454 καὶ
915 4402 1290 4473 Ῥαδάμανθυς
1333 4405 1382 4459 οί
1419 4407 1483 4460 ὲκ
1525 4409 1650 4473 Διὸς

96 4483 247 4556 ἧστην
273 4489 624 4561 πρωτόγονοι.

158 4576 251 4630 Καὶ
278 4579 342 4650 δὴ
373 4578 452 4649 τῷ
498 4581 692 4652 κράτει
745 4582 844 4637 τοῦ
901 4585 1199 4653 συγγενὲος
1246 4587 1645 4660 ὲπιθαρσήσας,

95 4665 327 4736 οὐμενοῦν
359 4673 412 4726 εί
442 4690 494 4729 τι
524 4675 620 4726 καὶ
643 4673 752 4729 δέοι
792 4674 986 4731 παθεῖν
1013 4675 1218 4740 δείσας,
1262 4678 1436 4748 καλὴν
1469 4680 1648 4752 ἐαυτῷ

93 4756 183 4827 τῆς
207 4762 277 4826 είς
301 4764 534 4833 Χριστὸν
565 4764 835 4829 πίστεως,
870 4767 968 4836 τὴν
996 4768 1054 4820 ὲν
1089 4769 1380 4839 γράμματι
1420 4772 1646 4841 νομοθε-

98 4847 202 4900 σίαν
223 4851 531 4924 ὑποϐάθραν
559 4852 865 4924 προῦθηκε.
890 4856 1211 4928 Περιτυχὼν
1244 4859 1353 4930 γὰρ
1380 4861 1490 4915 τῶν
1515 4863 1647 4916 Μω-

97 4941 267 4995 σαίκιῖιν
302 4943 549 5014 βιϐλίων,
582 4945 680 4999 καὶ
708 4946 809 5016 τῆς
847 4946 1118 5018 Ἐϐραίων
1146 4950 1367 5022 ἀπάσης
1396 4953 1640 5023 Γραφῆς,

96 5028 180 5115 καὶ
207 5036 404 5101 τούτοις
428 5035 508 5101 ὡς
559 5037 796 5107 μάλιστα
839 5039 1153 5110 φιλομαθιῖκ
1195 5043 1643 5115 ὲναπασχολήσας

93 5113 174 5170 τὸν
195 5124 331 5191 νοῦν,
366 5126 464 5181 καὶ
491 5126 615 5192 ὅλος
638 5126 747 5199 ὅλῳ
776 5129 1144 5199 στοιχειωθεὶς
1167 5171 1181 5195 ,
1215 5132 1389 5196 οὕτως
1410 5113 1481 5186 εν
1511 5113 1643 5202 βρα-

154 5299 179 5339 '
198 5295 421 5361 Zachar.
454 5322 539 5371 ut,
568 5306 623 5361 9.

1700 1826 1743 1881 Β

1770 579 1943 632 tulit?
1990 577 2128 643 Quis
2161 591 2191 630 a
2223 578 2398 646 prima
2430 584 2591 632 actate
2627 574 2831 641 fuerit,
2871 577 3143 646 quibusve
3186 585 3351 634 natus

1768 667 2118 739 parentibus,
2148 680 2212 721 ac
2240 680 2308 720 ex
2337 679 2444 734 qua
2474 664 2693 721 demum
2723 664 2909 721 radice
2941 665 3196 720 surculus
3228 681 3348 736 ger-

1767 759 2089 822 minaverit,
2140 756 2566 827 haudquaquam
2615 756 2900 810 habuerim
2936 770 3076 826 Opus
3120 756 3345 822 dicere;

1767 839 1864 922 qui
1901 866 2011 906 non
2061 849 2208 905 velut
2238 848 2555 905 enarrando
2586 849 2780 913 vitam,
2815 862 2878 902 ac
2906 847 3065 918 juxta
3103 848 3350 902 historiae

1768 945 1966 1014 legem,
2003 942 2224 997 huncce
2258 953 2570 996 sermonem
2612 940 3048 1009 composuerim,
3091 953 3193 994 nec
3238 939 3345 994 uisi

1768 1049 1869 1105 pro
1899 1033 2138 1090 encomii
2168 1032 2385 1086 ratione
2415 1029 2599 1084 obiter
2629 1031 2951 1085 erutlierim.
2971 1030 3184 1100 Quippe
3208 1031 3326 1085 sole

1768 1126 2091 1196 plerumque
2108 1121 2502 1177 encomiastica
2528 1121 2707 1175 oratio
2732 1134 3050 1189 magnarum
3075 1119 3348 1173 narratio-

1768 1232 1899 1273 num
1928 1215 2098 1271 veluti
2131 1213 2450 1278 reciprocos
2478 1227 2542 1267 ac
2572 1211 2909 1280 multiplices
2929 1209 3110 1264 vitare
3142 1210 3345 1264 circui-

1767 1316 1881 1375 tus,
1940 1317 2000 1361 ut
2065 1321 2136 1361 ne
2180 1305 2274 1376 qui
2328 1304 2616 1360 auditores
2669 1302 2968 1372 injucunda
3026 1302 3346 1371 prolixitate

1768 1398 1959 1454 oﬂ‘ensi
1990 1397 2342 1468 gravatique,
2369 1394 2663 1450 tadiosum
2714 1407 3028 1449 sermonem
3061 1391 3347 1446 existima-

1769 1491 1971 1545 veriut.
2004 1488 2273 1558 Equidem
2306 1487 2352 1544 si
2383 1501 2492 1557 qua
2523 1501 2729 1541 πονοι-ο
2771 1483 3173 1546 conducibilia,
3226 1491 3343 1535 tum

1769 1584 2005 1639 collecto
2030 1581 2223 1647 ctetui,
2264 1591 2376 1634 tum
2422 1579 2557 1634 mihi
2606 1578 2711 1646 ipsi
2757 1576 2847 1648 qui
2896 1575 3143 1646 spiritale
3186 1574 3345 1630 vobis

1769 1687 2086 1728 sermonum
2139 1671 2456 1726 convivium
2518 1683 2758 1740 appono,
2805 1668 2921 1722 haec
2959 1666 3164 1730 dicam,
3216 1664 3343 1718 inde
3388 1716 3403 1725 ,

1770 1740 2043 1818 sermonis
2095 1760 2245 1816 dicto
2284 1758 2551 1823 exordio,
2594 1757 2739 1814 unde
2787 1772 2911 1812 eum
2962 1756 3125 1812 nobis
3169 1755 3343 1825 gratia

1770 1862 1963 1909 notum
2002 1853 2150 1909 fecit.

1839 1946 1939 2002 Hic
1972 1947 2140 2013 enim,
2171 1956 2228 2001 et
2260 1959 2461 2016 genere
2502 1952 2689 2014 spreto
2718 1952 2772 1998 et
2807 1942 3041 2005 divitiis,
3081 1941 3344 2010 omnique

1766 2038 2085 2109 splendore,
2136 2052 2200 2091 ac
2249 2036 2297 2092 si
2343 2052 2448 2106 qua
2505 2036 2556 2090 id
2610 2034 2873 2104 temporis
2930 2032 3072 2104 apud
3120 2031 3344 2086 Graecos

1766 2132 2037 2187 obtineret
2063 2129 2196 2201 (3|),
2228 2130 2272 2185 si
2304 2145 2411 2199 qua
2438 2128 2604 2182 etiam
2628 2127 2695 2181 ab
2730 2126 3001 2182 idolorqu
3029 2123 3343 2180 cultoribus

1766 2225 2012 2293 undique
2034 2221 2213 2279 allusa
2247 2221 2424 2293 gloria
2448 2228 2620 2286 esset,
2652 2220 3020 2288 omnibusque
3048 2216 3344 2287 perspicue

1765 2316 2052 2386 neglectis,
2096 2315 2235 2369 hanc
2270 2329 2433 2368 uuam
2479 2313 2708 2383 gloriam
2743 2311 3139 2366 desiderabat:
3168 2318 3226 2363 ut
3257 2310 3340 2362 ni-

1766 2409 1965 2462 mirum
1992 2416 2280 2479 paternam
2301 2420 2518 2460 omnem
2545 2404 2783 2474 plurittm
2810 2403 3033 2458 deorum
3060 2401 3340 2470 deceptio-
3410 2422 3425 2439 ι

1766 2513 1929 2563 netu,
2000 2511 2062 2550 ac
2128 2494 2577 2564 superstitiosum
2643 2506 2888 2548 errorem
2954 2491 3338 2559 relinqueret,

1765 2593 2010 2642 nostram
2038 2594 2219 2640 autem
2244 2583 2374 2639 Jesu
2410 2584 2733 2654 religionem
2763 2581 3024 2636 ineﬂ‘abili
3046 2580 3342 2650 participio

1762 2677 2186 2745 magnaniutiter
2211 2675 2669 2745 apprebemleret,
2713 2681 2971 2741 totusque
3003 2672 3175 2726 totius
3200 2685 3330 2740 prte-

1761 2767 1961 2837 cupide
1996 2768 2185 2832 amati,
2221 2780 2287 2821 ac
2317 2765 2762 2821 Christianorum
2791 2763 3033 2833 partium
3066 2761 3239 2817 ﬁeret.
3265 2761 3342 2815 Ac

1763 2858 1926 2927 plane
1970 2859 2043 2912 ita
2088 2858 2293 2925 evenit,
2335 2864 2573 2911 vocante
2624 2854 2758 2920 Deo,
2795 2868 2860 2907 ac
2894 2840 3103 2922 Spiritu
3155 2852 3336 2907 omnia

1763 2949 2075 3003 illustraute
2102 2988 2117 3015 ,
2172 2947 2424 3004 veritatis
2462 2947 2511 3000 ei
2546 2945 2776 3002 semitas
2829 2942 2899 2997 ad
2952 2941 3336 3011 Evangelicam

1762 3040 2210 3110 praedicationem
2247 3037 2659 3108 complanante.
2694 3035 2832 3089 lliuc
2883 3032 3178 3103 splendido
3210 3045 3340 3100 apo-

1762 3130 1943 3185 stolici
1975 3137 2152 3185 enatus
2186 3129 2472 3191 luminari,
2502 3126 2701 3192 Paulo,
2732 3127 2981 3194 inquam,
3016 3123 3108 3193 qui
3134 3121 3187 3175 in
3224 3121 3340 3190 lege

1763 3236 1862 3292 pro
1918 3221 2055 3291 legis
2106 3221 2341 3283 ratione,
2393 3222 2447 3274 in
2495 3219 2673 3289 gratia
2717 3225 2901 3273 autem
2965 3222 3339 3270 consentanee

1760 3312 1959 3367 enituit
1993 3312 2207 3382 gratiae,
2244 3311 2532 3366 adhaareus
2555 3312 2717 3379 eique
2751 3308 3095 3380 implicatus.
3124 3305 3338 3360 itineris

1760 3404 1946 3460 socius
1974 3403 2207 3459 ellicitur
2235 3419 2297 3459 ac
2326 3404 2833 3474 peregrinationum
2865 3417 3053 3457 comes
3075 3418 3090 3454 :
3112 3400 3339 3470 ejusque

1757 3494 2190 3557 aemulationem,
2221 3493 2340 3565 pari
2360 3494 2714 3548 aunulatione
2735 3494 3006 3557 imitatus,
3035 3493 3199 3547 etiam
3224 3490 3341 3559 ipse

1757 3588 2047 3640 aemulator
2073 3585 2408 3640 ostenditur.
2442 3585 2623 3655 Atque
2654 3600 2685 3639 a
2716 3594 2944 3656 paterna
2968 3584 3340 3653 comtnigrans

1758 3673 1898 3741 lege,
1926 3675 2293 3743 gentilitiique
2321 3688 2522 3729 sensus
2552 3674 2704 3728 inani
2739 3674 3143 3744 superstitione
3186 3673 3339 3727 able-

1756 3772 1924 3834 gata,
1987 3771 2155 3817 totam
2206 3780 2440 3834 prorsus
2491 3765 2969 3821 conversationem
3024 3765 3079 3817 in
3136 3765 3336 3819 caelum

1757 3854 2069 3923 transtulit.
2113 3852 2311 3909 Verum
2357 3855 2503 3909 haud
2562 3870 2776 3926 aequum
2836 3856 3030 3918 fuerit,
3087 3864 3145 3909 ut
3187 3854 3335 3924 quod

1755 3945 1871 4001 fere
1898 3945 2190 4014 effugerat,
2235 3953 2618 4015 praetereatur.
2653 3946 2900 4018 Contigit
2945 3955 3005 4000 ut
3056 3946 3335 4016 pellucida

1754 4039 1870 4095 haec
1904 4037 2114 4094 Christi
2181 4037 2519 4107 margarita;
2547 4038 2844 4107 pretiosus,
2891 4041 3138 4108 inquam,
3166 4037 3333 4104 lapis,

1752 4142 1861 4182 non
1894 4118 2079 4181 mimis
2109 4140 2276 4196 quam
2299 4126 2440 4194 lapis
2470 4125 2559 4181 ille
2588 4125 2891 4183 Zorobabel
2915 4127 3091 4182 oculis
3121 4134 3331 4195 septem

1751 4226 1982 4275 ornatus
2014 4229 2062 4284 Ρ,
2104 4233 2215 4289 quo
2242 4226 2299 4274 et
2334 4219 2641 4290 gratiarum
2672 4219 3005 4290 perornabat
3025 4226 3288 4273 corbitam
3314 4234 3330 4283 ;

1751 4312 1997 4383 regionis
2042 4328 2140 4382 per
2192 4311 2246 4367 id
2296 4321 2512 4382 tempus
2558 4312 2945 4382 proconsulem
3001 4311 3333 4382 cognatione

1751 4392 2063 4476 attingeret,
2080 4404 2420 4474 haberetque
2436 4419 2633 4476 genere
2647 4404 2984 4475 propinquos
2997 4404 3219 4472 ,quibus
3234 4401 3302 4455 Mi
3314 4426 3333 4439 ο

1677 4504 1723 4559 D
1753 4513 1854 4577 nos
1869 4496 2413 4563 etRhadamautltus,
2436 4495 2589 4552 Jovis
2610 4498 2728 4560 lilii,
2755 4496 2944 4566 proavi
2964 4497 3326 4550 exstitissent.

1821 4587 2054 4658 Cognati
2100 4588 2290 4653 itaque
2320 4596 2593 4657 potestate
2644 4588 2796 4652 lisus,
2834 4600 2932 4641 nec
2964 4600 3099 4641 sane
3124 4587 3330 4639 veritus

1750 4679 1798 4735 si
1829 4678 1964 4749 quid
1989 4680 2157 4732 etiam
2180 4687 2325 4733 esset
2355 4677 2788 4746 perferendum;
2818 4677 3044 4747 pulchre
3075 4678 3183 4732 sibi
3215 4679 3331 4748 ipse

1749 4771 1924 4840 legent
1957 4770 2012 4824 in
2049 4770 2233 4824 littera
2267 4770 2506 4840 positam
2549 4769 2616 4828 ad
2647 4768 2854 4825 Christi
2891 4769 3050 4825 ﬁdem
3099 4771 3328 4840 gradum

1749 4860 2071 4917 substravit.
2128 4858 2336 4916 Nactus
2373 4860 2520 4914 enim
2568 4859 2744 4915 libros
2780 4860 2981 4927 Mosis,
3044 4868 3329 4933 totamque

1749 4950 2109 5005 Hebrzeorutn
2149 4949 2519 5019 Scripturam,
2557 4958 2723 5021 atque
2753 4950 2809 5005 in
2840 4950 2911 5006 iis
2952 4951 3202 5007 studiose
3226 4951 3326 5006 ad»

1751 5042 1973 5097 modum
2013 5042 2191 5111 posita
2224 5055 2415 5111 opera,
2453 5050 2715 5114 totusque
2752 5052 2934 5102 mente
2964 5051 3076 5099 tota
3118 5043 3321 5099 instru-

1747 5141 1915 5198 ctus,
1967 5131 2045 5188 ita
2096 5132 2251 5189 brevi
2308 5132 2501 5189 didicit
2552 5134 2800 5206 linguam
2852 5134 3213 5202 llchraicam,
3265 5142 3327 5191 ut

1392 5463 1789 5520 COMBEFISII
1827 5463 2061 5525 NOTAE.

137 5584 488 5673 (alguque
517 5598 661 5673 apud
704 5597 919 5673 ercos
952 5602 1126 5672 gloria
1162 5600 1441 5673 oblitteret.
1484 5602 1631 5673 ’ίοση

297 5661 577 5741 Ἔλληναέ
602 5670 828 5741 ἐκράτει
863 5661 1015 5723 τότὲ·
1051 5687 1244 5741 nempe
1274 5672 1399 5737 δόξα
1425 5687 1454 5726 a
1480 5661 1631 5726 Grai:

74 5732 268 5812 {filicis
302 5732 615 5812 disciplinis
668 5732 719 5795 et
764 5745 993 5795 externa
1055 5732 1362 5812 sapientia;
1399 5758 1504 5812 qua
1552 5740 1630 5795 illi

75 5788 1628 5883 marinas;grassantis'5“idem"apa'éiais'ézcei:

1741 5606 1911 5677 laris',
1980 5606 2307 5663 Christiana:
2360 5606 2640 5677 religionis
2688 5622 2878 5671 causa.
2926 5614 3313 5677 contemptam

1739 5676 1994 5743 gloriam,
2048 5677 2248 5733 merito
2291 5676 2664 5747 deptmdicaut
2719 5678 2777 5734 in
2816 5676 3022 5732 Basilio
3054 5687 3107 5733 et
3155 5676 3314 5734 8ἰωί-

1744 5747 1905 5818 libus,
1934 5749 2025 5819 qui
2062 5762 2150 5804 res
2184 5762 2372 5804 eorum
2405 5747 2708 5804 celebrant.
