3820 6316
113 345 256 421 1119

1305 375 1388 434 ΙΝ
1418 375 1874 438 APOSTOLUM
1904 380 2173 442 TITUM.

3253 375 3394 442 1150

111 459 283 534 avena
305 469 518 540 Κυρίου
549 471 776 527 ἐνώπιον
802 475 974 530 ἐθνῶν
996 479 1090 532 καὶ
1120 477 1404 548 βασιλέων,
1433 482 1501 534 δι’
1545 483 1673 536 Ἀνα

1809 485 1941 539 mini
1975 501 2160 539 coram
2205 487 2461 556 gentibus
2498 497 2554 544 et
2589 487 2840 560 regibus,
2891 503 2993 544 ceu
3028 487 3221 543 divino
3257 484 3387 556 Spi-

107 552 229 608 νίου
263 559 354 612 τοῦ
380 561 525 614 πάνυ
577 567 1004 636 χρησμῳδοῦται
1043 570 1196 642 παρὰ
1241 571 1334 623 τοῦ
1367 573 1700 642 πνεύματος,

103 642 376 722 ἀλείπτης
415 656 539 708 ἀντὶ
572 656 828 724 διώκτου,
872 664 968 716 καὶ
1015 663 1195 734 κῆρυξ
1228 664 1348 718 ἀντὶ
1375 665 1698 735 βλασφήμου

103 743 414 813 Ὕῑνόμενος.
449 750 547 800 Ὃν
571 749 693 802 τότε
737 755 804 823 τῇ
845 753 1093 824 ὀξυωπία
1127 755 1223 808 τοῦ
1271 756 1583 825 πνεύματος
1617 761 1702 811 ὲνα

125 825 235 889 ιδὼν
263 839 291 889 ὁ
329 836 625 907 Θεσπέσιος
661 843 840 911 Τίτος,
873 846 970 899 καὶ
997 845 1098 919 τὴν
1130 849 1518 920 περιχυθεῖσαν
1549 851 1700 921 αὐτῷ

120 923 204 1002 τῆς
242 935 398 1000 θείας
453 940 679 1008 χάριτος
729 941 1070 1012 θεολαμπίαν
1120 948 1507 1017 κατανοήσας,
1577 950 1699 1012 ὅλος

125 1026 318 1095 γίνεται
361 1029 460 1083 τοῦ
511 1031 863 1098 καλέσαντος,
915 1035 1009 1088 καὶ
1051 1037 1126 1098 ὡς
1169 1035 1235 1089 ἄν
1275 1055 1381 1107 περ
1423 1038 1490 1091 δι’
1534 1040 1697 1098 αὐτὸν

22 1118 64 1155 ῖ-
126 1120 392 1174 ἐπιστάντε
439 1123 486 1154 ⁸³
533 1123 611 1193 τῷ
658 1127 883 1195 κήρυκι.
931 1126 1141 1181 Αὐτίκα
1195 1129 1434 1198 μάλιστα
1482 1133 1592 1184 τῶν
1639 1134 1696 1185 ὲν

20 1223 52 1249 --’
122 1213 260 1266 ποσὶν
312 1214 576 1268 ἁπάντων
608 1217 902 1286 ἀφέμενος,
951 1219 1047 1271 καὶ
1088 1221 1222 1272 πᾶσι
1264 1221 1474 1292 χαίρειν
1523 1222 1694 1275 εἰπὼν

31 1311 36 1316 ’
114 1308 230 1365 τοῖς.
252 1307 360 1358 ὅσα
382 1307 607 1360 κλέπτει
639 1307 735 1378 τὴν
755 1309 1030 1380 αἴσθησιν,
1064 1312 1347 1380 πρόσεισιν
1373 1312 1521 1382 αὐτῷ
1554 1313 1692 1383 μετά

113 1396 297 1450 πολλοῦ
329 1397 428 1450 τοῦ
466 1400 834 1469 συστήματος.

169 1486 283 1538 Καὶ
313 1487 526 1553 γίνεται
563 1488 662 1557 μὲν
692 1489 761 1541 τὰ
787 1489 979 1559 πρῶτα
1016 1489 1124 1542 τῶν
1147 1493 1394 1561 συνήθων
1427 1493 1520 1545 καὶ
1553 1509 1692 1560 γνω-

31 1593 38 1596 ·
113 1578 280 1649 ρὶμων
301 1575 405 1642 εἷς,
445 1579 562 1648 μετ’
594 1579 654 1631 ού
687 1579 823 1633 πολὺ
851 1581 908 1633 δὲ
945 1580 1199 1644 σύσσιτος
1234 1583 1329 1636 καὶ
1361 1585 1686 1655 ὁμόσκηνος.

21 1682 26 1688 ·
121 1670 200 1730 Ὠς
223 1667 284 1720 δὲ
304 1671 420 1732 τοῖς
449 1670 638 1739 πρόσω
665 1671 860 1742 χωρῶν
881 1673 908 1724 ὁ
932 1671 1237 1741 Θαυμάσιος
1260 1672 1586 1744 ἐπεγνώσθη
1611 1675 1690 1746 τῷ

113 1759 508 1828 προ-γνωσθέντι
553 1761 694 1828 Θεῷ,
742 1763 836 1814 καὶ
873 1765 984 1826 τοῖς
1017 1763 1160 1834 ὑπὲρ
1203 1763 1324 1816 λίαν
1366 1767 1685 1831 ἀποστόλοις

112 1850 494 1919 περισωθέντι,
533 1851 611 1920 τῷ
639 1853 935 1922 ἀκραιφνεῖ
956 1854 1057 1921 τῆς
1089 1855 1241 1916 θείας
1265 1855 1608 1925 ὲλλάμψεως,
1633 1859 1685 1912 τί

115 1941 348 2006 γίνεταις
394 1941 682 2011 συνόμιλος
718 1943 866 2012 αὐτῷ
902 1944 1088 1996 λοιπὸν
1123 1945 1218 1998 καὶ
1254 1947 1594 2018 συνέκδημος
1627 1951 1686 2004 ὲν

107 2032 175 2099 τῷ
203 2031 297 2084 τοῦ
321 2032 655 2103 Εὐαγγελίου
685 2033 1024 2105 κηρύγματι.
1045 2037 1125 2088 Τὰ
1149 2037 1207 2089 δὲ
1238 2037 1366 2109 ἑξῆς
1395 2035 1549 2093 ὀκνεῖ
1581 2041 1685 2111 μὲν

107 2124 276 2174 εξπεῑν
301 2125 329 2174 ὁ
353 2122 533 2190 λόγος,
562 2125 655 2176 az:
692 2123 791 2194 τὴν
824 2125 1101 2196 ἡμετέραν
1140 2127 1507 2198 διαφεύγοντα
1541 2131 1685 2200 γνῶ·-

105 2228 208 2275 σιν,
269 2214 364 2266 καὶ
421 2214 706 2286 κρείττονα
752 2214 890 2287 τάχα
937 2217 1035 2288 τῆς
1097 2220 1313 2274 πολλῶν
1362 2223 1685 2294 ὑπολήψεως

103 2305 255 2360 ὄντα.
301 2307 418 2375 Ἐφ’
447 2308 482 2362 ἃ
507 2309 562 2362 δὲ
592 2309 672 2362 δεῖ
695 2309 785 2363 τὸν
809 2310 967 2378 λόγον
993 2312 1402 2382 μετοχετεῦσαι,
1428 2317 1515 2368 ἐπ’
1540 2315 1681 2370 αὐτὰ

92 2398 161 2464 δὴ
187 2398 282 2449 καὶ
327 2398 622 2468 τρέψομαι.
665 2395 791 2470 Εῐχε
819 2402 918 2470 μὲν
959 2397 1054 2456 οῦν
1088 2404 1252 2458 αὑτὸν
1303 2404 1480 2468 οὕτως
1524 2405 1680 2475 ήτοῦ

95 2488 318 2541 Παύλου
369 2491 613 2559 φροντὶς,
667 2495 974 2563 πανταχόσε
1029 2497 1544 2568 συμπεριαγόμενον
1588 2499 1681 2552 καὶ

101 2580 424 2648 φερόμενον,
461 2582 557 2634 καὶ
585 2583 651 2614 ⁸³⁸
688 2583 751 2636 τὸ
792 2584 1016 2655 θήραμα
1041 2587 1117 2650 ὡς
1153 2588 1273 2640 λίαν
1311 2590 1536 2659 ἐπίχαρι
1579 2591 1675 2644 καὶ

111 2670 334 2724 πλούτου
374 2673 592 2743 μεστόν.
641 2673 698 2727 ὐ
743 2675 801 2730 δὲ
850 2673 919 2747 ἦν
963 2678 1125 2742 εὐθὺς
1163 2681 1229 2733 ὲκ
1263 2680 1488 2752 πρώτης
1529 2681 1679 2751 αὐτῷ

113 2761 360 2834 βὶάστης,
415 2764 577 2817 πάνθ’
619 2767 718 2819 ὅσα
764 2773 1138 2838 κατακοσμεῖν
1193 2767 1300 2824 οἵδε
1362 2771 1455 2825 τὸν
1503 2773 1675 2844 ἀρετῇ

108 2852 318 2921 βιοῦντα
360 2858 453 2910 καὶ
491 2857 635 2911 κατὰ
681 2858 815 2912 Θεδν
859 2860 1228 2932 ἀναγόμενον·
1284 2863 1558 2933 ἐπιεικὴς,
1592 2864 1674 2916 εὖ·

106 2945 316 3016 πειθὴς,
359 2948 701 3018 εὐπρόσιτος,
745 2951 1009 3021 ὑπήκοος,
1059 2953 1199 3023 πρὸς
1249 2954 1556 3026 ἀποστολὴν
1584 2956 1676 3008 εύ-

105 3037 317 3108 σταλὴς,
347 3040 479 3109 πρὸς
505 3040 784 3095 διακονίαν
805 3041 1134 3114 εὔχρηστος,
1159 3046 1295 3113 πρὸς
1314 3048 1665 3116 καταλλαγὰς

1805 575 1943 630 ritus
1987 577 2238 638 oraculo,
2275 593 2371 645 per
2411 595 2670 650 magnum
2722 578 2879 632 illum
2939 575 3208 630 Ananiam
3251 589 3380 645 pro-

1804 666 2143 721 nuntiatur:
2195 669 2392 738 aliptes
2433 669 2614 724 factus
2661 685 2728 723 ex
2782 674 3158 739 persecutore,
3205 675 3261 722 et
3310 679 3376 719 ex

1803 756 2129 827 blasphemo
2169 760 2517 827 praedicator.
2562 762 2699 816 Eum
2744 769 2876 814 tunc
2910 757 3218 828 perspicaci
3259 758 3377 825 spi-

1801 848 1939 902 ritus
1979 851 2144 904 oculo
2177 851 2414 908 intuitus
2452 853 2792 908 admirabilis
2823 851 3000 915 Titus,
3033 849 3378 918 aﬂusamque

1801 939 1904 1009 ipsi
1940 940 2116 996 divini
2167 943 2484 1012 splendoris
2543 945 2777 1014 gratiam
2825 942 3148 1014 diligentius
3201 948 3381 992 atten-

1799 1031 1958 1096 dens,
2012 1040 2161 1089 totus
2214 1035 2271 1088 fit
2307 1036 2460 1090 illius
2510 1036 2605 1105 qui
2653 1044 2927 1097 vocasset,
2983 1033 3188 1102 quique
3228 1031 3378 1085 velut

1798 1123 1969 1191 ipsius
1999 1139 2169 1179 causa
2201 1127 2469 1182 astitisset
2517 1126 2863 1198 praedicatori
2897 1125 3034 1193 (53).
3067 1121 3144 1176 Ex
3172 1123 3381 1192 templo

1797 1217 2038 1267 maxime
2073 1216 2332 1271 omnibus
2363 1231 2392 1269 a
2442 1233 2502 1272 se
2551 1217 2741 1285 procul
2783 1214 3051 1276 dimissis,
3095 1221 3262 1282 atque
3307 1214 3378 1267 iis

1795 1303 2018 1370 penitus
2062 1306 2243 1359 valere
2285 1305 2455 1372 iussis
2487 1322 2611 1376 quae
2650 1306 2930 1360 lenocinio
2962 1306 3218 1360 furantur
3247 1320 3377 1359 sen-

1794 1409 1940 1458 sum,
1967 1397 2141 1450 multo
2163 1399 2430 1452 comitatu
2463 1400 2643 1469 ipsmn
2675 1400 2812 1454 adit.

1863 1489 1940 1541 Ac
1975 1489 2210 1557 primum
2250 1491 2471 1559 quidem
2516 1507 2662 1548 unus
2693 1505 2889 1548 eorum
2931 1489 3026 1559 qui
3071 1487 3374 1542 familiares

1793 1588 1848 1633 et
1887 1579 2002 1633 noti
2039 1590 2248 1642 essent,
2288 1583 2642 1648 postmodum
2695 1597 2830 1637 vero
2879 1582 3044 1636 etiam
3087 1594 3372 1634 commen-

1794 1668 1928 1722 salis
1967 1676 2022 1722 et
2062 1669 2478 1725 contubernalis
2507 1671 2760 1728 eﬂicitur.
2799 1671 2902 1727 Ubi
2937 1677 3121 1726 autem
3155 1669 3240 1723 vir
3269 1668 3374 1722 mi-
3443 1739 3450 1746 _

1793 1759 1988 1813 rabilis
2026 1757 2091 1812 ad
2119 1759 2380 1815 ulteriora
2415 1761 2742 1831 procedens,
2777 1763 3003 1833 agnitus
3035 1763 3084 1818 ei
3118 1761 3241 1822 fuit,
3273 1759 3370 1830 qui

1720 1816 1761 1870 Β
1791 1848 1988 1904 fuisset
2032 1853 2367 1920 praeagnitus
2402 1816 2533 1916 l-Jeo,
2583 1861 2636 1908 et
2671 1854 2738 1908 iis
2784 1816 2878 1924 (ιῖιί
2932 1868 3098 1920 supra
3143 1851 3366 1906 modmn

1789 1939 2022 2007 apostoli
2071 1951 2230 1995 erant
2272 1954 2616 2012 exequatus,
2671 1944 2892 2000 sincera
2955 1944 3148 2011 utique
3189 1941 3404 1996 divini“

1789 2031 2012 2087 luminis
2048 2031 2436 2099 illustratioue,
2475 2035 2609 2107 quid
2644 2035 2887 2092 accidit?
2923 2035 3009 2090 Fit
3039 2035 3256 2089 tandem
3289 2033 3366 2086 illi

1786 2125 1997 2188 socius,
2025 2139 2088 2180 ac
2120 2128 2626 2198 peregrinationum
2668 2145 2856 2184 comes
2891 2129 2946 2182 in
2975 2126 3369 2198 praedicatione

1785 2218 2084 2290 Evangelii.
2113 2219 2314 2274 [ienuit
2336 2228 2523 2277 autem
2549 2222 2731 2291 eloqui
2755 2220 2936 2276 oratio
2955 2236 3079 2290 qua:
3101 2218 3366 2288 deinceps

1784 2319 2113 2380 sequuntur,
2146 2320 2203 2367 ut
2236 2327 2360 2382 quae
2385 2312 2646 2382 effugiant
2677 2322 2928 2369 nostram
2961 2311 3360 2382 cognitionem,

1784 2417 1847 2454 ac
1878 2401 2062 2458 forsan
2094 2405 2304 2474 majora
2337 2407 2449 2462 sint
2485 2422 2651 2477 quam
2689 2407 2876 2476 plures
2899 2403 3365 2460 existimaverint.

1781 2493 1860 2548 Ad
1900 2509 1962 2548 ea
1990 2510 2122 2550 vero
2151 2508 2470 2553 convertam
2494 2512 2834 2562 sermonem,
2862 2496 2929 2551 ad
2961 2511 3082 2566 qua:
3103 2496 3152 2550 is
3176 2494 3365 2549 detor-

1781 2584 2034 2652 quendns
2071 2585 2162 2639 sit.
2197 2586 2291 2640 Sic
2317 2585 2500 2654 itaque
2535 2602 2658 2640 eum
2687 2585 2894 2639 Paulus
2928 2597 3074 2638 curze
3102 2581 3361 2644 habebat,

1782 2681 1840 2726 ut
1867 2674 2017 2728 onmi
2051 2675 2174 2729 loco
2210 2691 2317 2729 una
2352 2676 2819 2740 circumduceret,
2875 2689 2938 2728 ac
2969 2674 3116 2728 velut
3157 2672 3362 2742 gratis-

1781 2763 1976 2817 simam
2006 2765 2336 2835 plenamque
2365 2767 2571 2821 divitiis
2599 2765 2840 2836 prazdam
2886 2763 3073 2819 ferret.
3112 2759 3231 2831 Ipse
3266 2776 3366 2814 au-

1780 2860 1887 2908 tem
1924 2869 1952 2906 a
1987 2856 2165 2923 primo
2201 2858 2387 2911 statim
2445 2859 2714 2928 germine,
2755 2857 2938 2912 omnia
2985 2857 3034 2912 ei
3085 2864 3203 2908 erat
3241 2869 3363 2924 qua:

1779 2944 2110 3002 solenbesse
2158 2957 2486 3003 ornamento
2521 2950 2729 3003 viventi
2765 2965 2830 3004 ex
2865 2950 3078 3003 ratione
3114 2947 3359 3008 virtutis,

1777 3038 2001 3106 vitaque
2031 3037 2215 3094 divine
2248 3039 2470 3094 snhlimi
2525 3049 2580 3094 et
2627 3039 2737 3093 Deo
2777 3040 3115 3094 subvehente
3163 3038 3308 3091 elata
3344 3053 3359 3089 :

102 3129 400 3200 εὐδαίμων,
466 3132 732 3203 ἀλείπτης
785 3134 892 3190 τῶν
955 3136 1298 3201 κοπιώντων,
1363 3139 1471 3192 τῶν
1528 3139 1670 3210 ὑπὲρ

1786 3127 2084 3192 modestus,
2113 3128 2421 3195 suasibilis,
2457 3143 2689 3186 accessu
2727 3129 2929 3192 facilis,
2963 3129 3254 3192 ohediens,
3291 3127 3357 3180 ad

100 3217 331 3287 Χριστοῦ
365 3221 672 3274 πονούντων
711 3222 1128 3296 ὑπερασπιστὴς
1150 3265 1164 3288 ,
1199 3227 1294 3279 καὶ
1333 3227 1469 3298 πρὸς
1497 3229 1674 3282 ἁπάνρ

103 3325 200 3360 των
231 3312 410 3365 καλῶν
452 3313 760 3384 ὀξύρροπον
789 3316 887 3384 τὴν
918 3319 1257 3389 μετάκλησιν
1286 3319 1446 3389 ἔχων.
1487 3320 1553 3373 Τί
1580 3339 1671 3392 μοι

101 3401 166 3453 τὰ
213 3404 399 3476 πόρρω
436 3405 638 3472 λέγειν,
694 3409 874 3478 παρὸν
929 3409 1030 3473 τὰς
1081 3411 1298 3464 Παύλου
1350 3411 1538 3480 φωνὰς
1589 3414 1670 3476 εἰς

109 3490 262 3557 μέσον
296 3497 597 3564 ἀγαγόντα,
623 3496 682 3549 ἐν
707 3501 901 3564 αὐταῖς
916 3499 1107 3554 τοῦτον
1129 3502 1258 3572 ὑμῖν
1285 3503 1670 3576 ἒκτυπὼτερον

105 3579 346 3650 διιδεῖξαι
373 3587 486 3652 νῦν,
514 3590 590 3655 ὡς
627 3592 687 3645 ὲν
712 3591 904 3646 πίνακι
925 3591 1020 3662 ,τῷ
1041 3593 1332 3664 γράμματι
1359 3596 1668 3667 στηλογρα-

111 3671 387 3742 φούμενον;
419 3679 516 3743 Ὃς
550 3681 859 3752 Κορινθίοις
888 3683 1224 3736 ἐπιστέλλων
1262 3686 1414 3748 ποτε,
1441 3686 1536 3738 καὶ⁵
1570 3685 1668 3756 τὴν

111 3763 184 3825 εἰς
209 3766 266 3818 τὺ
286 3769 547 3840 κήρυγμα
590 3773 884 3844 δεδομένην
918 3775 1068 3844 αὐτῷ
1109 3775 1270 3847 χάριν
1303 3777 1668 3848 ἐκδιηγούμε-

112 3870 207 3917 vos,
234 3858 388 3912 αὑτοῦ
436 3879 543 3915 που
588 3863 684 3916 τοῦ
727 3863 892 3932 λόγου
935 3865 1246 3936 γενόμενος,
1291 3866 1381 3920 τὸν
1425 3867 1570 3938 ἱερὸν
1602 3868 1666 3940 δὴ

112 3945 278 4001 τοῦτον
322 3951 686 4025 ὑποσεμνύνει
747 3956 905 4009 Τίτον
955 3957 1014 4010 ὲν
1072 3958 1286 4021 τούτοις
1335 3959 1512 4029 δήπου
1554 3963 1666 4024 τοῖς

116 4037 327 4106 ῥήμασι·
367 4063 385 4096 ς
412 4044 598 4116 Θύρας
631 4065 745 4116 μοι,
780 4049 966 4118 φησὶν,
1000 4049 1357 4121 ἀνεῳγμένης
1385 4051 1442 4104 ὲν
1472 4053 1666 4124 Κυρίῳ

116 4127 184 4188 εἷς
212 4130 264 4182 τὸ
293 4132 623 4204 Εὑαγγέλιον
653 4138 748 4192 τοῦ
796 4139 1036 4210 Χριστοῦ
1083 4142 1183 4194 οὐκ
1229 4140 1437 4212 ἔσχηκα
1479 4143 1667 4198 ἄνεσιν

116 4215 184 4286 ’τῷ
207 4224 462 4297 πνεύματί
489 4245 615 4300 μου,
647 4229 742 4284 τοῦ
775 4231 850 4302 μὴ
875 4233 1054 4304 εὑρεῖν
1089 4250 1158 4304 με
1189 4231 1348 4290 Τίτον
1387 4234 1478 4289 τὸν
1507 4236 1664 4290 ἁδελ-

119 4306 201 4372 φάν
222 4325 334 4382 item
369 4336 388 4369 ι

1781 3218 2153 3287 apostolatum
2188 3220 2506 3289 expeditus,
2544 3221 2612 3273 ad
2647 3221 3017 3276 ministerium
3051 3219 3205 3274 utilis
3229 3259 3243 3282 ,
3290 3220 3357 3272 ad
3394 3285 3400 3289 _

1779 3310 2198 3368 conciliationes
2244 3311 2393 3380 felix,
2425 3311 2802 3368 fatiscentium
2842 3315 3062 3382 aliptes,
3099 3310 3362 3366 defensor

1778 3415 1882 3471 pro
1910 3400 2132 3456 Chrile
2165 3404 2559 3471 laborantium,
2611 3421 2774 3476 quem
2808 3405 3046 3474 denique
3075 3405 3200 3458 boni
3232 3419 3356 3456 om-

1776 3507 1874 3546 nes
1899 3496 2232 3563 propensius
2261 3498 2525 3552 accirent.
2559 3498 2852 3553 Enimvero
2891 3497 3022 3566 quid
3055 3499 3357 3552 remotiora

1775 3582 1921 3648 dico,
1987 3600 2113 3640 cum
2174 3595 2377 3654 pratsto
2429 3589 2498 3643 sit
2563 3598 2623 3644 ut
2683 3589 2738 3643 in
2808 3589 3046 3644 medium
3100 3588 3358 3644 adductis

1774 3674 1923 3727 Pauli
1961 3676 2208 3738 vocibus,
2232 3693 2357 3731 eum
2390 3678 2548 3733 vobis
2576 3680 3099 3748 impraesentiarum,
3127 3681 3277 3735 velut
3301 3683 3356 3736 in

1771 3761 1996 3826 tabella,
2048 3779 2112 3818 ac
2143 3780 2243 3819 ceu
2276 3766 2331 3818 in
2378 3767 2638 3821 columna
2662 3767 2996 3836 insculptum
3033 3771 3352 3837 expressius

1771 3872 1835 3909 ex
1876 3855 2159 3924 Scriptura
2201 3857 2535 3912 exhibeam?
2587 3857 2637 3914 Is
2691 3859 2994 3928 aliquando
3042 3861 3355 3917 Corinthiis

1773 3947 2047 4012 scribens,
2095 3946 2393 4018 datamque
2441 3949 2489 4004 ei
2521 3950 2587 4003 ad
2625 3951 3072 4019 praedicationem
3119 3953 3352 4021 gratiam

1766 4038 2078 4105 disserens,
2114 4041 2203 4096 ubi
2242 4041 2308 4095 ad
2347 4049 2556 4095 certum
2615 4042 2911 4112 quemdam
2961 4043 3144 4098 locum
3193 4045 3354 4100 deve-

1770 4129 1870 4194 nit,
1896 4131 2077 4186 verbis
2118 4131 2456 4201 ejuscemodi
2502 4131 2754 4188 honestat
2796 4149 3014 4188 sacrum
3053 4135 3203 4189 hunc
3252 4136 3349 4189 Ti-

1769 4229 1883 4275 tum
1921 4240 1933 4277 :
1975 4241 1994 4274 (
2035 4222 2196 4288 Cum,
2232 4223 2435 4295 inquit,
2469 4226 2671 4280 ostium
2706 4224 2836 4278 mihi
2881 4225 2947 4279 ad
3000 4224 3350 4294 Evangelium

1767 4312 1977 4369 Christi
2000 4321 2250 4385 apertum
2279 4325 2448 4380 esset,
2478 4332 2587 4371 non
2623 4316 2788 4371 habui
2833 4318 3080 4387 requiem
3131 4319 3349 4388 spiritui

1770 4420 1935 4471 meo,
1991 4421 2058 4462 eo
2123 4408 2268 4474 quod
2329 4424 2438 4464 non
2497 4410 2796 4465 invenerim
2855 4409 3037 4465 Titum
3111 4412 3341 4469 fratrem

1772 4512 1952 4552 meum
1986 4509 2033 4554 I.
2075 4519 2094 4552 ι

185 4565 322 4644 Ὁρᾷς
353 4577 452 4648 ὅση
480 4578 574 4632 καὶ
603 4581 687 4646 τίς
713 4581 960 4653 ὑπῆρχεν
985 4585 1016 4653 ἡ
1045 4584 1109 4636 ἐκ
1141 4584 1358 4658 βάθρων
1389 4588 1537 4658 αὐτῷ
1561 4590 1661 4660 τῆς

1836 4587 2002 4646 Vides
2037 4600 2242 4661 quanta
2273 4594 2321 4648 ei
2363 4594 2536 4649 affusa
2567 4605 2714 4650 esset
2747 4599 2920 4664 gratia
2979 4595 3243 4667 Spiritus,
3279 4599 3350 4652 ab

117 4656 318 4729 πίστεως
348 4669 710 4739 περιχυθεῖσα
744 4675 907 4742 χάρις
944 4674 1037 4728 τοῦ
1071 4675 1391 4745 Πνεύματος
1412 4719 1427 4743 ,
1467 4678 1542 4742 ώς
1572 4681 1666 4733 καὶ

101 4746 306 4824 ἀδελφὸν
344 4761 707 4832 ἐπικληθῆναι
745 4765 983 4834 Παύλου,
1041 4768 1137 4820 καὶ
1183 4768 1516 4840 ψυχαγωγὺν
1569 4772 1665 4826 καὶ

152 4876 176 4904 ⁸
209 4886 243 4940 ll
271 4888 397 4946 Cor.
438 4908 498 4960 ιι,
547 4893 630 4947 12.

1776 4681 1911 4752 ipsis
1947 4681 2070 4738 fidei
2101 4683 2495 4751 fundamentis,
2539 4697 2596 4740 ut
2622 4697 2675 4741 et
2711 4687 2866 4742 Pauli
2912 4689 3084 4743 frater
3112 4698 3166 4742 et
3199 4691 3345 4744 sola-

1773 4777 1909 4831 tium
1936 4785 1990 4833 et
2018 4777 2366 4850 refrigerium
2398 4781 2732 4836 vocaretur?
2767 4799 2785 4833 ‹
2832 4779 2950 4837 Non
2985 4782 3155 4838 habui
3199 4783 3344 4839 enim

1335 5019 1590 5075 -\'ARI./E
1643 5022 2050 5108 LECTIONES.

145 5087 206 5129 ⁸³
233 5097 362 5173 Lege
419 5105 767 5170 ἐπιστάντος.
843 5105 910 5139 ⁸³·
941 5106 1075 5179 Leg.
1101 5107 1196 5171 ὼς.

1407 5201 1795 5261 COMBEFISII
1827 5206 2056 5264 ΝΟΤᾹΞ.

296 5286 504 5367 Quique
557 5288 1144 5367 velutﬁipsiuthusa
1208 5295 1468 5367 gstitisset
1514 5315 1658 5367 prta--

109 5341 339 5428 είραιδτεῖ
359 5424 370 5428 _
387 5341 598 5428 semp.
693 5341 918 5415 ράίιίάῖτ
946 5341 1156 5416 maias
1208 5341 1659 5422 i>'.;;.'ta"2}m'.;.;-

107 5423 316 5500 {ignem
353 5423 546 5481 fuisse'
589 5427 714 5500 Tito
777 5431 1127 5500 occasionem
1208 5435 1463 5498 perfectae
1520 5453 1658 5492 con-

105 5492 376 5576 risit-ruis;
414 5504 468 5576 et
533 5499 1076 5576 arripiendi__statns
1121 5492 1500 5576 Asublimioris,
1547 5522 1660 5576 quo

99 5561 380 5647 ξξςξεξῶιὶυιδ
434 5566 596 5647 ﬁeret
652 5561 815 5647 sacro
861 5569 940 5623 illi
1000 5571 1336 5637 ministerio,
1393 5561 1659 5647 adr'quod

97 5612 1659 5715 ξω]ᾖξ”ῥερῆᾗῖι-ἶεεῖὣῖνόὲὲιιιῖἐξῖἐὲὲὲξΪίεἶξξὶεῶξῖἶὲ

92 5701 302 5782 ﬁdem
332 5701 568 5782 'soeinm
610 5718 980 5782 promoveret.
1004 5778 1019 5782 Α
1055 5701 1286 5782 Λοουρίί
1345 5717 1497 5770 velut
1551 5701 1656 5774 ἔξω

90 5767 174 5822 lP5!
223 5767 496 5841 vocatum,
529 5767 822 5832 ac'ducem
880 5767 1223 5849 praefectum;
1269 5767 1526 5856 snb'qwuo
1546 5767 1659 5856 ,"Ei

1765 5315 1878 5370 quo
1902 5304 2094 5374 socio,
2139 5304 2512 5374 pradicationi
2563 5305 2815 5361 instaret.
2865 5304 2983 5360 Non
3033 5305 3109 5358 ita
3167 5305 3349 5370 abest,

1766 5372 1915 5444 quod
1957 5372 2028 5428 de
2061 5372 2469 5444 B.‘Reginaldo
2519 5377 2758 5430 habetur
2799 5376 2938 5444 apud
2967 5374 3242 5428 Theodor.
3289 5386 3344 5428 et

1767 5441 1930 5506 alios,
1967 5441 2273 5526 meditante
2303 5453 2511 5526 statum
2548 5441 2997 5526 a_postolic_um_et
3027 5446 3346 5526 pratuli-cato.-

1767 5525 1914 5575 rum,
1950 5514 2038 5566 cui
2075 5513 2236 5578 Deus,
2269 5515 2360 5568 vix
2394 5531 2503 5568 non
2538 5512 2770 5571 alterum
2804 5513 3055 5577 Paulum,
3093 5530 3156 5568 ac
3188 5512 3340 5568 Pauli

1769 5581 1969 5654 spiritu
2003 5584 2246 5654 plenum,
2282 5584 2629 5638 Duminieum
2682 5599 2794 5654 quo
2824 5583 3058 5653 pra'side
3087 5591 3141 5640 et
3181 5579 3343 5638 Patre

1767 5650 2032 5722 socioque
2082 5651 2134 5706 id
2187 5654 2434 5710 muneris
2493 5650 2719 5709 strenue
2757 5650 2958 5716 obiret.
3001 5654 3339 5722 suscitavit;

1765 5721 1930 5774 etiam
1988 5722 2327 5795 miraculose
2379 5740 2586 5778 sanans
2639 5724 2760 5792 ejus
2799 5723 3100 5795 precibus,
3159 5732 3218 5780 ut
3271 5721 3342 5781 ne

1768 5799 1956 5847 tantus
1982 5793 2199 5850 deesset
2225 5807 2379 5849 nova:
2406 5795 2618 5850 militia:
2643 5795 2774 5851 dux.
