3820 6316
135 373 232 451 1153

1279 380 1361 439 IN
1396 382 1436 438 A
1449 377 1850 439 POSTOLUM
1882 376 2131 435 TITUM

3197 375 3339 442 1151

130 495 272 569 lychni)
300 493 656 564 κατεϐάρησα
679 493 824 564 ὑμᾶς
843 510 858 526 ·
885 495 998 548 ἀλλ’
1030 492 1292 564 ὑπάρχων
1330 491 1659 560 πανοῦργος,

1777 505 1790 538 ι
1825 481 1933 542 Sed
1969 494 2110 549 esto,
2142 485 2342 554 inquit,
2375 499 2474 556 ego
2499 499 2600 542 vos
2651 499 2758 540 non
2787 486 3034 556 gravavi,
3084 485 3180 542 sed
3213 501 3342 542 cum

122 593 222 660 δόλῳ
245 589 386 657 ὑμᾶς
408 587 619 640 ἔλαϐον.
661 607 679 637 ι
713 587 779 639 Τί
809 587 1023 656 λέγεις;
1057 586 1206 656 Δόλῳ
1225 583 1530 655 πανοῦργος
1562 583 1665 636 ὑπ-

55 685 58 687 ’
116 687 266 755 ἄρχων
293 677 477 742 εἷλες,
514 679 608 742 οὓς
664 665 752 731 διὰ
800 679 1037 750 Χριστὸν
1069 679 1486 750 ὲσαγήνευσας;
1533 675 1662 738 Ναὶ,

45 777 50 782 ”
107 773 234 847 φησί.
269 771 381 842 Τὴν
415 770 586 840 καλὴν
614 771 832 840 ἀπάτην
861 771 1140 843 ἠπάτησα,
1175 771 1408 842 μιμήσει
1427 766 1664 838 Χριστοῦ

37 871 43 876 ’
100 863 170 918 τοῦ
195 862 290 914 τὸν
315 860 511 930 ἐχθρὸν
534 862 948 929 φενακίσαντος.
974 863 1084 915 Καὶ
1110 861 1220 932 γὰρ
1247 861 1454 913 ἐκεῖνον
1483 855 1666 910 δελεάι

36 971 38 973 '
93 972 172 1016 σας
217 951 301 1021 τῷ
338 952 440 1020 τῆς
474 951 677 1022 σαρκὸς
717 951 1169 1022 προκαλύμματι,
1220 951 1472 1018 θεότητος
1508 948 1668 1016 ἀγκί-

89 1063 218 1115 στρῳ
253 1046 289 1114 ἢ
328 1044 428 1097 καὶ
448 1045 494 1076 ⁸⁵
528 1032 896 1112 προϐλήματί.
933 1045 1004 1096 Τὸ
1043 1044 1097 1096 δὲ
1133 1042 1496 1112 πανοῦργος,
1545 1040 1666 1094 ἀντὶ

79 1137 180 1201 τοῦ,
210 1136 456 1204 σοφὸς..
481 1135 921 1204 ὲκλαμϐἀνομεν.
957 1154 974 1186 ι
1018 1136 1199 1188 Ἔστω
1230 1130 1344 1200 οὖν,
1369 1134 1521 1203 φησὶ,
1556 1130 1666 1200 ἐγὼ

76 1227 125 1280 οὐ
188 1225 564 1294 κατεϐάρησα
620 1225 800 1292 ὑμᾶς·
864 1223 980 1276 ἀλλ’
1026 1223 1288 1293 ὑπάρχων
1337 1221 1662 1291 πανοῦργος.

71 1318 200 1384 δόλῳ
229 1316 387 1384 ὑμᾶς
408 1314 624 1366 ἔλαϐον.
656 1315 748 1384 Μή
793 1329 916 1366 τινα
951 1313 1010 1365 ὃν
1038 1313 1336 1366 ἀπέστειλα
1365 1313 1498 1384 πρὸς
1523 1313 1666 1383 ὑμᾶς

70 1403 510 1473 ἐπλεονέκτησεν
533 1404 709 1474 huic;
748 1405 1107 1475 Παρεκάλεσα
1131 1405 1310 1472 Τίτον,
1343 1407 1438 1458 καὶ
1462 1423 1666 1458 συναπ-

70 1476 295 1550 έστειλα
313 1495 410 1548 τδν
427 1495 677 1564 ἀδελφόν.
695 1497 786 1565 Μή
806 1513 857 1548 τι
877 1496 1307 1568 ἐπλεονέκτησεν
1327 1497 1470 1566 ὑμᾶς
1486 1497 1664 1561 Τίτοςς

72 1589 142 1641 Οὐ
167 1587 254 1656 τῷ
288 1585 445 1656 αὐτῷ
479 1587 751 1655 πνεύματι
780 1589 1305 1658 περιεπατήσαμεν;
1331 1589 1405 1640 Οὐ
1435 1590 1544 1650 τοῖς
1571 1587 1669 1641 αὑ-

71 1682 179 1740 τοῖς
215 1681 469 1748 ῖχνεσιν;
515 1698 534 1730 ι
572 1675 716 1746 Εὖγε
761 1678 862 1747 τῆς
891 1678 1183 1748 ἀληθείαςί
1224 1679 1525 1749 Ὑπέρευγε
1573 1677 1666 1731 τοῦ

76 1766 426 1834 Πνεὺματος,
456 1766 599 1818 οὕτω
624 1765 1066 1834 συναρμόσαντος
1091 1767 1258 1836 ἄμφω
1279 1769 1402 1830 τοὺς
1431 1769 1665 1838 Χριστο-

1766 592 1947 634 essem
1979 584 2194 631 astutus
2227 575 2354 628 dolo
2401 590 2497 632 vos
2551 575 2670 644 cepi
2708 584 2754 628 ι.
2804 594 2822 627 ι
2870 575 3011 642 Quid
3060 575 3178 630 ais?
3206 575 3344 631 Cum

1765 683 1919 724 esses
1954 655 2198 733 astutus,
2229 682 2324 721 eos
2353 665 2482 720 dolo
2513 667 2730 736 cepisti,
2764 681 2905 735 quos
2937 674 3160 736 propter
3187 667 3342 720 Chri-

1766 769 1907 815 stum
1945 759 2191 828 piscatus
2239 758 2338 812 es?
2373 757 2472 820 Ita,
2523 759 2743 827 inquit:
2812 757 2963 812 Βοιιο
3012 774 3111 814 vos
3156 773 3346 815 erroge

1765 849 1976 918 decepi,
2018 848 2227 904 Christi
2274 850 2524 918 exemplo
2555 850 2646 916 qui
2683 849 2828 901 hosti
2885 850 3077 904 illusit.
3113 850 3248 902 Nam
3291 859 3346 905 et

1766 940 1920 993 illum
1945 941 2136 994 carnis
2169 939 2458 992 involucro
2489 954 2586 992 ceu
2619 953 2742 992 esca
2780 937 2997 1002 fallens,
3037 939 3345 993 divinitatis

1767 1027 1933 1081 hamo
1997 1027 2113 1082 sive
2175 1027 2337 1081 etiam
2400 1027 2655 1094 praesidio
2713 1027 2882 1095 cepit.
2937 1026 3072 1080 lllud
3128 1036 3344 1091 autem,

1767 1128 1998 1180 astutus,
2061 1133 2159 1188 pro
2202 1133 2269 1172 eo
2323 1120 2674 1186 exponimus,
2732 1119 2879 1186 quod
2942 1127 3047 1184 est,
3108 1121 3346 1187 sapiens.

1771 1229 1790 1262 ι
1831 1208 1936 1264 Sed
1964 1218 2104 1274 esto,
2139 1210 2342 1279 inquit.
2387 1225 2489 1280 ego
2522 1225 2619 1264 vos
2657 1226 2764 1264 non
2791 1212 3034 1280 gravavi,
3080 1213 3173 1266 sed
3219 1208 3343 1265 cum

1764 1317 1944 1358 essem
1999 1309 2239 1365 astutus,
2271 1301 2399 1354 dolo
2424 1315 2521 1354 vos
2549 1299 2689 1369 cepi.
2731 1299 2990 1370 Nunquid
3028 1302 3228 1370 aliquis
3251 1317 3346 1355 eo-

1765 1408 1887 1446 rum
1921 1407 2062 1463 quos
2111 1391 2239 1444 misi
2287 1390 2353 1443 ad
2399 1405 2520 1454 vos,
2555 1390 2816 1459 expilavit
2854 1392 2990 1444 vos?
3029 1393 3228 1462 Rogavi
3253 1391 3347 1446 Ti-

1767 1492 1901 1547 tum,
1932 1492 1986 1537 et
2016 1483 2138 1538 misi
2172 1496 2297 1535 cum
2337 1481 2431 1534 illo
2459 1479 2707 1534 fratrem.
2750 1479 3007 1550 Nunquid
3045 1483 3207 1537 Titus
3239 1498 3342 1538 vos

1765 1574 2063 1641 expilavit?
2129 1573 2321 1626 Nonne
2385 1571 2577 1626 eodem
2643 1571 2840 1640 spiritu
2898 1573 3348 1628 ambulavimus?

1765 1665 1960 1720 Nonne
1993 1666 2187 1720 iisdem
2222 1663 2471 1733 vestigiis
2502 1662 2562 1715 '?
2597 1681 2616 1713 ι
2655 1665 2806 1732 Euge.
2845 1665 3165 1718 veritatem!
3197 1665 3347 1734 Euge

1769 1757 1942 1827 magis
1992 1756 2282 1826 Spiritum,
2328 1755 2420 1824 qui
2476 1755 2548 1808 ita
2589 1754 2782 1807 ambos
2809 1753 3015 1808 Christi
3068 1771 3350 1823 praecones

76 1854 332 1923 κήρυκας
363 1855 376 1906 1
403 1853 544 1923 Ἤδη
579 1855 676 1924 μὲν
704 1850 798 1908 οὖν
829 1849 888 1908 εὖ
920 1855 1062 1924 μάλα
1097 1855 1258 1918 αὐτὸς
1285 1841 1332 1926 '1)-
1349 1837 1663 1921 δόξαΤίτου

1777 1850 2074 1919 coaptavit!
2105 1847 2224 1902 Jam
2257 1861 2390 1901 sane
2417 1845 2656 1898 maxime
2694 1844 2813 1912 ipse
2849 1842 2955 1896 Titi
3003 1844 3179 1913 gloria
3213 1843 3349 1900 P..u-

75 1945 315 2010 Παῦλος,
372 1946 462 1999 τὸν
515 1946 735 2000 ἔπαινον
787 1945 1076 2015 προλαϐὼν
1125 1948 1505 2018 ἀπηκρίϐωσε,
1553 1951 1666 2012 τοῖς

74 2037 276 2090 ἑαυτοῦ
303 2037 378 2089 τὰ
399 2037 612 2107 ἐκείνου
637 2039 958 2108 συγκρίνας,
993 2039 1191 2109 ἄριστά
1214 2056 1272 2092 τε
1305 2040 1494 2093 τοῦτον
1523 2039 1664 2106 ἐξει-

78 2129 313 2192 κονίσας
347 2128 811 2199 εὐχρωματίστως
843 2129 1312 2201 διεζωγράφησεν.

183 2298 337 2366 Δλλ’,
373 2294 417 2352 ὦ
445 2301 684 2371 μακάριε
740 2303 924 2373 Πάτερ
946 2343 960 2366 ,
999 2303 1059 2356 τὸ
1090 2304 1236 2374 μέγα
1279 2307 1508 2378 Κρήτης
1535 2309 1670 2363 καύ-

99 2406 241 2458 χημα
272 2391 373 2444 καὶ
400 2390 784 2462 καλλὼπισμα,
831 2394 926 2446 καὶ
956 2394 1055 2464 τῆς
1094 2393 1299 2468 σκηνῆς
1339 2398 1440 2468 τῆς
1483 2400 1671 2468 ἀληθι-

93 2483 207 2550 νῆς,
239 2483 340 2536 καὶ
390 2484 490 2553 τῆς
545 2484 660 2537 ἄνω
703 2485 1157 2557 μυστολατρείας,
1213 2491 1307 2542 καὶ
1351 2491 1459 2543 τῶν
1510 2492 1670 2544 θείων

102 2574 372 2644 ὖφηγητά,
393 2575 551 2645 δέχου
586 2576 723 2646 προς
752 2577 908 2647 ἡμῶν
929 2572 1040 2632 οἷόν
1073 2597 1126 2632 τι
1155 2581 1469 2652 Σειρήνειον
1509 2571 1674 2653 μέλος

101 2667 184 2717 τὶν
203 2662 472 2738 ἐφύμνιον
501 2670 680 2737 λόγον,
715 2672 808 2724 καὶ
858 2672 1171 2743 τραυλίζειν
1206 2674 1467 2739 ἐθέλοντι,
1517 2677 1670 2744 φιλό·

107 2773 326 2828 στοργος
349 2760 445 2824 ὢν,
471 2761 670 2831 ἥδιστα
705 2780 779 2814 πα
788 2763 988 2832 ράὀαλε
1017 2765 1109 2818 σδν
1148 2761 1239 2829 οὖς
1261 2769 1416 2837 ἐμοῖς
1468 2767 1666 2837 λόγοις.

105 2847 226 2903 Φίλα
262 2851 372 2922 γὰρ
403 2854 644 2923 πατράσι
668 2855 737 2908 τὰ
768 2855 878 2909 τῶν
914 2857 1120 2911 τέκνων
1152 2857 1515 2930 ψελλίσματα,
1543 2859 1670 2912 ὅταν

109 2937 162 3000 ἐξ
186 2941 409 3009 ἀτέχνου
433 2942 662 3014 γνώμης
689 2945 963 3000 ἄπλαστον
989 2948 1148 3016 λόγον
1168 2950 1471 3020 προΐενται.
1501 2950 1672 3019 Λόγος

109 3028 158 3080 ἃ
183 3035 330 3096 ποῖος
363 3032 430 3086 ἂν
475 3036 570 3087 καὶ
618 3035 797 3110 δοθείη
833 3038 910 3108 τῷ
962 3039 1128 3109 μηδὲν
1161 3040 1463 3112 εὔχρηστον
1493 3040 1672 3111 ἔχοντι

113 3119 231 3186 πρὸς
255 3122 520 3192 ὑποδοχὴν
547 3124 641 3176 τοῦ
668 3142 856 3179 συντετ
865 3145 938 3198 μη
949 3129 1110 3198 μένου
1151 3130 1246 3184 καὶ
1271 3132 1673 3186 συνεκτικωτὰ-

111 3225 190 3262 του
219 3211 402 3280 λόγου,
427 3215 567 3284 πλὴν
592 3216 684 3269 τοῦ
717 3219 796 3280 είς
825 3219 1057 3289 δύναμιν
1076 3223 1302 3292 ἥκοντος
1326 3227 1426 3294 τῆς
1455 3226 1514 3276 ὲν
1543 3227 1676 3295 ἡμῖν

106 3303 416 3371 -ἀσθενείας;
477 3307 543 3359 Σὲ
575 3308 632 3362 δὲ
659 3311 744 3373 τίς
772 3311 839 3363 ἂν
891 3312 985 3365 καὶ
1016 3314 1152 3385 κατ’.
1183 3315 1341 3378 ἀξίαν
1370 3317 1676 3370 ἐπαινέσειε

112 3392 276 3461 λόγος,
329 3399 538 3452 ἄνωθεν
573 3400 728 3471 παρὰ
761 3403 968 3472 Κυρίου
1017 3404 1247 3458 λαϐόντα
1295 3407 1385 3458 τὸν
1421 3408 1674 3473 ἔπαινον;

117 3484 202 3548 Ὦς
216 3490 342 3541 ὅταν
365 3492 784 3560 ὕποφωνοῦντος
814 3494 977 3546 αὐτοῦ
1003 3495 1339 3564 διαπρυσίως
1367 3498 1672 3568 ἀκούωμεν,

115 3574 179 3643 πῆ
205 3578 303 3643 μέν
329 3596 344 3610 ο
376 3598 393 3629 ι
425 3580 630 3648 ⁴Υμεῖς
662 3583 784 3634 ἐστε
814 3583 876 3635 τὸ
901 3583 996 3645 ἃλς
1019 3584 1117 3653 τῆς
1146 3587 1266 3654 γῆς.
1305 3583 1447 3638 θ’-ι
1488 3587 1677 3656 Ὑμεῖς

109 3662 225 3717 ἐστε
250 3669 308 3720 τὸ
339 3669 452 3736 φῶς
480 3670 576 3722 τοῦ
617 3673 844 3740 κόσμου.
878 3691 898 3724 ι
931 3704 1002 3713 —
1037 3693 1056 3725 ε
1108 3675 1269 3744 Ὑμῖν
1292 3676 1508 3730 δέδοται
1531 3677 1676 3744 γνῶ-

121 3769 202 3805 ναι
239 3757 302 3810 τὰ
357 3761 634 3830 μυστήρια
659 3761 760 3829 τῆς
795 3761 1076 3831 βασιλείας
1097 3764 1191 3816 τοῦ
1219 3764 1375 3817 Θεοῦ·
1413 3784 1432 3817 ι
1473 3767 1548 3837 πῆ
1576 3766 1633 3819 δέ
1659 3782 1673 3797 °

133 3858 151 3890 ι
191 3843 360 3914 ’Υμῶν
388 3847 442 3901 δὲ
469 3850 732 3921 μακάριοι
761 3853 810 3902 ot
839 3851 1110 3922 ὀφθαλμοὶ
1150 3855 1232 3906 ὅτι
1267 3853 1544 3922 βλέπουσι,
1583 3854 1676 3907 καὶ

117 3932 184 3986 τὰ
209 3929 314 3991 ὦτα
341 3940 494 4009 ὑμῶν
521 3942 604 3994 ὄτι
625 3942 908 3996 ἀκούουσι.
942 3945 1100 4012 Λέγω
1129 3944 1238 4016 γὰρ
1270 3945 1418 4014 ὑμῖν,
1440 3946 1522 3998 ὅτι
1545 3945 1676 4015 πολ-

107 4026 194 4081 λαὶ
220 4036 489 4104 προφῆται
517 4037 612 4089 καὶ
650 4036 890 4107 βασιλεῖς
946 4037 1302 4110 ἐπεθύμησαν
1338 4037 1463 4093 ἰδεῖν
1501 4040 1536 4093 ἃ
1558 4039 1679 4110 βλέ-

115 4134 258 4186 πετε,
288 4127 378 4178 καὶ
401 4128 501 4180 οὐκ
528 4125 688 4191 εἶδον,
723 4130 815 4182 καὶ
839 4129 1072 4184 ἀκοῦσαι
1119 4130 1154 4183 ἃ
1184 4131 1431 4197 ἀκούετε,
1463 4133 1556 4186 καὶ
1579 4133 1678 4186 οὐκ

119 4209 357 4280 intonsam
394 4237 412 4269 ι
447 4219 584 4272 Τίνα
629 4215 722 4272 οὖν
753 4221 917 4289 ἡμεῖς
946 4237 1030 4272 σοι
1063 4220 1156 4273 τὸν
1187 4221 1450 4289 στέφανον
1487 4221 1678 4288 πλέξο-

133 4317 240 4369 μενς
272 4308 439 4362 Τίνων
460 4310 518 4363 δὲ
541 4311 718 4378 λόγων
738 4311 806 4364 τὰ
835 4310 972 4382 ἄνθη
996 4311 1366 4376 συλλέξαντες,
1400 4317 1464 4384 τῇ
1495 4315 1678 4367 πανιέ-

131 4407 202 4460 ρῳ
225 4413 308 4450 σου
331 4404 540 4471 κορυφῇ
578 4401 952 4471 περιθήσομεν
978 4417 992 4465 ;
1034 4402 1129 4464 Τίς
1155 4401 1329 4465 οὕτως
1359 4403 1581 4472 ἠλίθιος,
1603 4405 1678 4468 ὡς

1773 1941 1879 2003 lus,
1903 1941 2024 2008 ejus
2057 1951 2316 1994 accurate
2350 1937 2720 1992 laudationem
2747 1951 3032 2004 occupans
3052 1945 3348 1991 exsecutus

1768 2039 1888 2098 est;
1932 2033 2050 2086 suis
2084 2031 2254 2100 ipsius
2295 2045 2385 2086 res
2433 2025 2582 2082 illius
2632 2041 2986 2096 comparans,
3026 2044 3090 2081 ac
3137 2044 3238 2082 ceu
3291 2029 3346 2082 in

1775 2123 2008 2193 imagine
2066 2124 2272 2192 optime
2333 2130 2774 2191 repraesentans,
2827 2120 3044 2189 egregio
3098 2121 3347 2174 colorum

1760 2213 1908 2270 ﬂore
1947 2216 2215 2286 depinxit.

1845 2306 1980 2370 Sed,
2029 2321 2063 2360 ο
2119 2307 2273 2374 beate
2323 2301 2520 2358 Pater!
2565 2318 2761 2373 magna
2787 2303 2963 2358 Cretae
2991 2301 3251 2372 gloriatio
3282 2316 3350 2356 ac

1773 2404 2186 2459 ornamentum,
2223 2393 2456 2464 verique
2492 2393 2840 2448 tabernaculi
2873 2409 2936 2448 ac
2971 2393 3197 2463 superni
3227 2393 3350 2448 cul-

1776 2496 1889 2553 tus,
1918 2486 2346 2554 divinorumque
2381 2485 2683 2552 interpres,
2729 2483 2950 2551 suscipe
2987 2496 3016 2534 a
3051 2481 3215 2535 nobis
3246 2495 3348 2533 ceu

1778 2577 2100 2632 Sirenarum
2137 2577 2334 2642 melos,
2372 2573 2708 2629 laudationis
2751 2587 3062 2628 sermonem
3094 2590 3109 2627 :
3143 2573 3352 2642 quique

1777 2671 1854 2727 sis
1891 2670 2127 2724 ﬁliorum
2157 2683 2371 2732 amans,
2409 2668 2615 2722 volenti
2645 2667 2941 2728 balbutire,
2977 2681 3166 2721 aurem
3201 2673 3350 2718 tuam

1778 2761 1915 2816 meis
1962 2761 2142 2814 libens
2185 2758 2539 2813 sermonibus
2580 2759 2802 2812 adhibe.
2847 2758 3039 2812 Solent
3071 2758 3215 2811 enim
3246 2757 3351 2810 Pa-

1779 2860 1892 2907 tres
1924 2860 2076 2921 grata
2107 2851 2311 2905 habere
2357 2849 2594 2903 liliorum
2637 2850 3065 2914 balbutimenta,
3102 2864 3226 2903 cum
3262 2849 3294 2900 ii
3321 2864 3352 2902 ο

1779 2944 2017 3010 simplici
2071 2953 2254 2997 mente
2307 2944 2583 2996 sincerqu
2629 2957 2942 2995 sermonem
2997 2943 3348 3011 depromunt.

1780 3036 1950 3102 Quem
1982 3037 2290 3096 enimvero,
2324 3041 2554 3102 excepto
2588 3033 2632 3086 si
2669 3033 2796 3101 quis
2828 3047 2959 3085 meae
2985 3031 3350 3086 imbecillitati

1779 3135 2070 3197 congruat,
2128 3141 2440 3180 sermonem
2465 3124 2753 3198 dederim,
2794 3124 2882 3177 cui
2935 3123 3071 3177 nihil
3105 3124 3169 3175 ad
3201 3136 3356 3175 com-

1781 3218 2033 3291 pendiosi
2097 3232 2509 3288 sensorumque
2537 3215 2921 3286 complexione
2955 3215 3352 3269 confertissimi

1778 3310 2048 3364 sermonis
2079 3308 2510 3376 susceptionem.
2535 3314 2914 3376 comparatum
2958 3307 3246 3376 suppetat!
3279 3303 3358 3360 Te

1777 3415 1908 3454 vero
1947 3401 2205 3470 quisnam
2236 3401 2403 3454 etiam
2432 3413 2611 3454 sermo
2640 3413 2742 3468 pro
2775 3399 2992 3453 meritis
3026 3398 3352 3458 laudaverit.

1779 3495 1871 3562 qui
1932 3493 2064 3546 olim
2108 3507 2139 3545 a
2179 3492 2415 3546 Domino
2470 3490 2690 3546 laudem
2762 3493 3080 3561 acceperis?
3127 3493 3200 3548 Ut
3231 3509 3355 3546 eum

1780 3585 1928 3637 clare
1950 3584 2280 3637 clamantem
2307 3582 2586 3647 audimus,
2619 3583 2728 3635 alio
2753 3582 2974 3651 quidem
3001 3583 3160 3638 loco:
3196 3601 3212 3633 ι
3247 3582 3356 3638 Vos

1778 3675 1914 3728 cSIis
1953 3674 2034 3728 sal
2087 3682 2246 3727 terra:
2277 3673 2324 3725 ι».
2354 3704 2422 3713 -
2456 3671 2568 3726 Vos
2591 3673 2730 3726 estis
2768 3674 2951 3726 lumen
2986 3673 3180 3727 mundi
3212 3685 3259 3726 ο.
3292 3706 3358 3716 -

1780 3762 1951 3818 Vobis
2005 3763 2196 3817 datum
2253 3773 2334 3817 est
2393 3777 2558 3818 nosse
2613 3763 2881 3832 mysteria
2920 3764 3073 3833 regni
3110 3763 3205 3816 Dei
3237 3763 3286 3818 δ.
3332 3783 3351 3815 ο

1779 3854 1902 3907 Alio
1939 3865 2123 3908 autem
2155 3871 2168 3908 :
2224 3873 2242 3904 ι
2301 3851 2479 3907 Vestri
2533 3863 2713 3907 autem
2764 3854 2904 3907 beati
2933 3856 3074 3908 oculi
3109 3855 3238 3924 quia
3271 3856 3356 3907 vi-

1779 3944 1935 4008 dent,
1988 3950 2044 3999 et
2095 3957 2259 3998 aures
2311 3953 2510 3998 vestrm
2559 3944 2686 4011 quia
2729 3945 2988 4002 audiunt.
3032 3945 3168 3999 Dico
3206 3947 3353 4002 enim

1779 4037 1962 4100 vobis,
2025 4035 2154 4106 quia
2215 4035 2374 4088 multi
2428 4035 2712 4104 prephette
2741 4044 2794 4089 et
2847 4051 3008 4105 reges
3063 4038 3357 4092 voluerunt

1781 4127 1968 4180 videre
1999 4140 2120 4195 qum
2149 4140 2246 4180 vos
2275 4124 2496 4194 videtis,
2532 4134 2585 4180 et
2613 4142 2722 4181 non
2757 4127 3046 4191 vit-lerunt;
3082 4137 3137 4182 et
3167 4130 3357 4184 audire

1779 4234 1900 4284 qua:
1932 4218 2160 4284 auditis,
2199 4227 2254 4274 et
2285 4233 2391 4273 non
2426 4219 2722 4274 audierunt
2757 4231 2801 4273 ε.
2841 4238 2860 4271 ι
2891 4220 3065 4284 Quam
3097 4221 3196 4274 tibi
3227 4237 3357 4291 ergo

1781 4328 1976 4367 sumus
2009 4314 2224 4383 plexuri
2265 4316 2570 4370 coronam?
2611 4315 2989 4381 Quorumuam
3041 4333 3354 4372 sermonum

1781 4405 2046 4460 collectos
2094 4406 2260 4461 liores
2299 4417 2396 4460 tuo
2445 4408 2640 4462 vertici
2689 4409 3072 4477 imponemus?
3112 4409 3244 4475 Quis
3284 4410 3356 4462 ita

131 4485 235 4548 τοὺς
253 4491 442 4544 ἑαυτοῦ
468 4493 578 4543 τῶν
607 4492 661 4544 δε
672 4493 942 4545 σποτικῶν
963 4493 1358 4561 ἀντεπεξάγειν
1384 4497 1674 4564 πειρᾶσθαι

1782 4497 2008 4558 stultus,
2051 4508 2110 4550 ut
2144 4512 2278 4551 suos
2306 4513 2595 4553 sermones
2633 4500 2781 4553 velut
2819 4517 2883 4554 ex
2911 4502 3144 4556 adverso
3177 4502 3359 4555 Domi-

129 4572 323 4647 ὶόγουςς
361 4576 433 4635 ὧν
484 4583 580 4636 καὶ
618 4583 716 4652 μία
758 4583 922 4652 μόνον
960 4585 1183 4655 ἀρκέσει
1215 4587 1390 4656 φωνὴ,
1427 4587 1679 4656 συμπλη-

134 4664 281 4730 ρῶσαί
309 4691 396 4726 σου
420 4675 542 4727 κατ’
561 4675 718 4740 ἀξίαν
742 4675 833 4727 τὸν
853 4675 1096 4730 ἔπαινον.
1116 4675 1212 4740 Τίς
1233 4675 1370 4747 αὕτη
1403 4679 1497 4730 καὶ
1520 4679 1678 4744 ποίας

127 4754 156 4820 ἡ
187 4761 346 4831 μικρῷ
375 4764 612 4834 πρόσθεν
653 4763 799 4833 ὑμᾶς
832 4763 950 4831 φῶς
997 4763 1092 4816 τοῦ
1118 4764 1326 4834 κόσμου
1377 4765 1677 4830 καλέσασα,

125 4843 194 4906 ὡς
215 4853 286 4923 τῷ
315 4855 516 4926 πρώτῳ
552 4855 997 4926 μαθητευθέντας
1023 4857 1184 4924 φωτί.
1220 4856 1378 4910 Οὕτω
1407 4857 1514 4928 γὰρ
1551 4859 1682 4912 ὑπο-

119 4937 335 5006 ληπτέον
354 4949 480 5012 τοὺς
505 4948 586 5018 τῷ
610 4948 948 5017 Εὑαγγελίῳ,
977 4947 1139 5016 δίκην
1159 4947 1385 5018 ἡλιακοῦ
1413 4948 1678 5019 ἅρματος,

109 5029 216 5090 ἀπὶ
239 5041 328 5111 τὴν
357 5041 538 5096 κτίσιν
559 5041 1082 5110 περινοστήσαντας.
1119 5039 1307 5108 Ὑμεῖς
1337 5041 1460 5091 ὲστε
1495 5038 1557 5090 τὸ
1585 5037 1682 5101 ἃλς

98 5117 211 5190 τῆς
248 5133 596 5204 Ἐκκλησίας,
652 5133 720 5184 δι’
761 5124 822 5184 οὗ
877 5130 946 5184 τὰ
995 5131 1169 5201 πικρὰ
1197 5130 1290 5182 καὶ
1316 5128 1536 5200 ἁλμυρὰ
1581 5129 1684 5199 τῆς

84 5207 363 5287 ἁτῖτσττίας
416 5223 939 5293 κατεγλυκάνθησαν
999 5209 1301 5290 ﬁdam-rt?)
1347 5221 1556 5292 γονίμῳ
1589 5221 1686 5291 τὴν

71 5309 380 5386 ξῖπὲκνίαν,
401 5313 594 5383 καὶτῷ
620 5314 836 5384 ποτίμῳ
867 5313 925 5366 τὸ
945 5315 1216 5382 ἀπότιμον
1237 5313 1682 5386 διακρούσαντες.

68 5383 130 5437 Ὺ
195 5409 304 5473 uti:
321 5409 440 5459 ἐστε
467 5409 499 5476 ή
524 5407 611 5459 ἐπ’
635 5406 798 5477 ὅρους
821 5405 1052 5476 κειμένη
1074 5405 1184 5458 τῶν
1213 5383 1686 5475 ἐκκλησιαστικῶν

212 5539 282 5594 ι11
313 5541 441 5596 Cor.
479 5556 578 5604 xu,
634 5539 722 5593 1-6.
801 5553 826 5580 ιι
864 5541 998 5594 ibid.
1039 5541 1103 5593 l6
1139 5540 1222 5593 l8.

1305 5540 1330 5579 ι)
1367 5539 1556 5593 Matth.
1593 5555 1646 5604 v,
1685 5539 1770 5592 15.

1787 4587 1927 4640 nicis
1953 4592 2126 4640 tentet
2150 4585 2424 4656 ingerere,
2475 4605 2710 4656 quorum
2742 4591 2826 4644 vel
2862 4607 2970 4644 una
3001 4607 3102 4645 vox
3140 4593 3359 4647 abunde

1786 4675 1976 4742 fuerit,
2036 4675 2342 4730 laudationi
2396 4692 2496 4745 pro
2546 4679 2766 4733 meritis
2801 4681 3360 4748 complendte?Qu:e-

1787 4783 1911 4822 nam
1969 4768 2060 4820 illa
2091 4783 2191 4822 vox
2250 4776 2305 4823 et
2353 4770 2600 4838 quanta?
2647 4786 2753 4823 non
2785 4774 2858 4825 ita
2888 4773 3136 4841 pridem,
3173 4775 3356 4830 lumen

1786 4857 1973 4911 mundi
2041 4857 2350 4927 appellans.
2410 4858 2481 4914 Ut
2529 4860 3149 4932 uimirum'discipulos
3196 4867 3357 4935 primi

1785 4949 1933 5003 illius
1980 4949 2232 5003 luminis.
2285 4950 2380 5004 Sic
2428 4952 2575 5006 enim
2609 4953 2646 5006 ii
2676 4955 3026 5010 existimandi
3084 4967 3234 5022 sunt,
3265 4959 3360 5030 qui

1787 5040 2106 5110 Evangelio,
2136 5041 2282 5095 velut
2314 5041 2484 5096 solari
2513 5057 2703 5109 curru,
2733 5047 3168 5119 circumquaque
3198 5068 3360 5106 mun-

1787 5131 1916 5184 dum
1948 5132 2272 5186 lustrarunt.
2308 5131 2419 5188 Vos
2444 5135 2578 5189 estis
2608 5134 2870 5192 Ecclesia:
2899 5141 3005 5200 sal,
3028 5156 3138 5209 quo
3161 5157 3361 5196 amarae

1783 5223 2052 5291 salsaeque
2081 5222 2424 5279 inﬁdelitatis
2458 5241 2615 5295 aqua:
2650 5229 3056 5283 dulcorantur:
3096 5233 3360 5285 sterilita-

1781 5323 1888 5371 tem
1923 5313 2263 5384 depellentes
2295 5331 2562 5373 concessa
2612 5318 2972 5383 fecunditate,
3002 5320 3360 5388 ineptamque

1782 5405 1847 5458 ad
1882 5413 2071 5474 potum
2120 5405 2446 5474 qualitatem
2491 5410 2647 5463 suavi
2686 5409 2751 5462 ad
2782 5417 2972 5478 potum
3011 5411 3213 5478 gratia.
3246 5406 3360 5463 Vos

1849 5549 1870 5575 ε
1908 5538 2039 5591 ibid.
2086 5538 2174 5592 M.
2249 5539 2272 5576 ά
2307 5537 2563 5607 Marcm',
2597 5541 2682 5595 11.
2766 5551 2788 5577 ε
2823 5538 2958 5592 Luc.
3000 5555 3053 5604 Χ,
3086 5537 3178 5591 ‘23.

1394 5669 1622 5724 VARIA‘J
1663 5668 2066 5724 LECTIONES.

190 5754 391 5821 "Adde
421 5761 553 5828 εἷλε,
597 5767 678 5821 vel
704 5765 833 5834 quid
856 5765 1051 5820 simile.
