3830 6326
82 413 111 479 1
133 412 251 482 161

1319 408 1397 477 ΙΝ
1439 414 1893 478 APOS'I‘OLUM
1930 416 2200 477 TITUM.

3269 422 3407 490 1162

86 529 377 594 ἔκλυτος,
406 525 485 591 ὡς
504 526 605 599 τὴν
631 526 711 593 είς
757 526 849 582 τὸν
879 514 1119 598 Χριστὸν
1157 519 1423 585 ἀνάλυσιν
1445 531 1706 603 δευτέραν

1820 531 1994 586 Nemo
2023 531 2096 586 sit
2138 546 2317 600 usque
2352 530 2488 587 adeo
2524 533 2729 600 mollis,
2783 545 2838 592 et
2880 536 3262 609 voluptatibus
3291 538 3404 593 dis-

86 619 317 695 θέσθαι
337 617 443 691 τῆς
465 619 607 690 μετά
629 618 728 673 τοῦ
756 619 936 690 πηλοῦ
956 620 1223 693 διαμονῆς
1241 622 1337 675 καὶ
1359 622 1716 693 συμπήξεως.

90 711 203 775 Εἰς
242 710 538 782 βασιλείαν
578 712 733 783 ἡμᾶς
760 712 791 766 6
818 711 1057 782 Χριστὸς
1111 712 1273 766 καλεί
1306 711 1409 784 τὴν
1437 706 1714 783 οὐράνιον.

94 803 461 857 Δεσποτικὺν
491 802 554 857 τδ
572 803 856 875 ἐπίταγμα
873 819 890 836 ·
916 806 1167 874 γενναῖον
1192 804 1563 876 ἀναλάϐωμεν
1584 804 1745 883 φρότ

96 913 295 967 νημα.
354 894 602 967 ’ἰσχυρὸς
646 898 676 950 6
700 894 885 950 καλῶν
905 912 919 926 ·
958 897 1035 968 μὴ
1064 895 1388 967 ἀσθενῶμεν
1413 899 1482 968 τῇ
1521 895 1718 969 γνώμῃ

100 988 261 1059 πρὸς
291 984 389 1042 τὸν
429 987 575 1060 ὑπὲρ
606 980 823 1041 ἔννοιαν
867 987 1129 1054 πλοῦτον,
1168 988 1266 1041 καλ⁵
1314 987 1604 1058 λογισμοῖς
1631 1004 1721 1058 μι-

103 1073 484 1146 κρολογῶμεν
542 1072 675 1146 περὶ
701 1075 770 1130 τὰ
809 1073 1090 1147 ὁρώμενα.
1150 1075 1218 1129 Τί
1264 1077 1380 1148 τοῖς
1418 1074 1722 1148 ὁρωμένοις

100 1165 613 1237 ὲγκαταμένομενς
681 1165 750 1219 Τί
828 1146 930 1237 τῆς
1011 1165 1277 1238 πατρῴας
1348 1146 1721 1240 ὗπερορῶμεν

98 1256 356 1323 ἑστίαςς
413 1256 579 1320 Πόλις
638 1255 801 1328 ἡμῶν
831 1258 929 1311 καὶ⁵
967 1256 1193 1330 πατρὶς,
1243 1258 1277 1330 ἡ
1321 1258 1435 1313 ἀνω
1470 1258 1652 1312 Σιών·
1682 1260 1718 1331 ἠ

95 1347 219 1402 τῶν
248 1349 434 1417 ἁγίων
467 1348 831 1421 μητρόπολις,
862 1349 925 1403 τὸ
956 1349 1067 1406 τῶν
1086 1348 1468 1423 ,πατριαρχῶν
1491 1350 1720 1422 οίκητή-

92 1456 259 1511 ριον,
300 1435 372 1495 οὗ
401 1442 501 1495 οὐκ
535 1440 653 1494 ἐστι
674 1441 888 1496 δάκνων
918 1438 1042 1511 όφις
1073 1441 1160 1511 ἐφ’
1189 1441 1312 1495 ὁδοῦ
1342 1440 1722 1513 ἐγκαθήμενος

89 1530 409 1604 πτέρναν,
466 1532 563 1585 καὶ
592 1533 878 1603 ἀπείργων
931 1532 1033 1602 τὴν
1062 1532 1289 1586 εἴσοδον.
1337 1529 1506 1597 Σιὼν,
1553 1526 1625 1605 ἦς
1668 1532 1721 1585 οι

84 1623 325 1695 πύργοι
361 1623 456 1676 ἐπὶ
489 1622 600 1677 τῶν
640 1621 845 1695 χειρῶν
893 1624 1104 1694 Κυρίου
1157 1622 1476 1695 πεπήγασιν
1503 1639 1519 1654 ο
1549 1618 1621 1697 ἦς
1663 1625 1721 1677 αἱ

84 1717 284 1772 πύλαι
318 1717 582 1788 γλύμμα,
631 1715 773 1789 πρὸς
823 1717 925 1787 τὴν
973 1715 1190 1770 ἐκεῖθεν
1223 1715 1549 1785 εἰσάγουσαι
1591 1717 1724 1779 τοὺς

86 1806 395 1874 εἰσιόντας
452 1810 838 1882 μακαριότητα
859 1850 876 1876 ,
906 1804 976 1883 ἧς
998 1809 1060 1863 τό
1087 1826 1147 1862 τε
1197 1805 1342 1873 εἶδος
1392 1809 1491 1863 καὶ⁸
1523 1806 1722 1873 κάλλος

1821 622 2064 687 solutus,
2126 628 2185 673 nt
2240 620 2644 678 resolutionem
2700 624 2756 679 in
2798 624 3109 693 Christum,
3160 631 3407 686 secundo

1820 713 1945 769 loco
1988 728 2018 767 a
2052 710 2439 770 demoratione
2484 726 2539 770 et
2572 718 2935 774 concretione
2985 734 3110 775 cum
3146 722 3263 777 luto
3304 723 3405 778 ha-

1820 803 1968 861 beat.
2021 802 2134 860 Nos
2191 804 2456 882 Christus
2505 814 2670 864 vocat
2700 809 2751 864 in
2814 826 3049 882 regnum
3110 814 3404 869 caelorum.

1820 883 2112 951 Dominica
2144 894 2328 967 jussio
2358 881 2447 954 est
2479 914 2495 953 :
2526 881 2895 958 assumamus
2919 918 3252 973 generosum
3284 908 3406 960 ani-

1822 990 1998 1037 mum.
2057 980 2243 1039 Fortis
2291 994 2379 1042 est
2412 987 2507 1059 qui
2563 999 2767 1045 vocat:
2804 1006 2876 1047 ne
2915 994 3094 1048 simus
3132 994 3405 1052 imbecilla

1822 1086 2005 1131 mente
2052 1076 2122 1132 ad
2181 1074 2583 1151 diritiasjqua:
2633 1094 2899 1153 superant
2981 1086 3405 1157 cogitationem,

1824 1164 2328 1239 scrupulosiusque
2376 1182 2562 1225 rerum
2595 1172 2777 1227 oculis
2818 1172 3204 1243 subjectarum
3238 1179 3406 1232 ratiu-

1821 1261 1991 1317 uibus
2041 1254 2421 1319 subduceudis
2478 1264 2675 1319 intenti
2714 1265 2916 1322 simus.
2956 1265 3028 1322 Ut
3071 1270 3205 1339 quid
3241 1270 3407 1327 rebus

1821 1353 2140 1415 visibilibus
2172 1355 2582 1411 immoramur?
2626 1352 2833 1428 thuid
2866 1361 3286 1417 contemnimus
3317 1378 3408 1432 pa-

1822 1450 2037 1499 ternam
2069 1443 2334 1500 domum?
2364 1440 2576 1502 Civitas
2607 1456 2801 1503 nostra
2831 1451 3125 1522 patriaque
3162 1461 3249 1507 est
3295 1470 3409 1509 cm-

1822 1532 1986 1595 lestis
2006 1530 2168 1601 Sion;
2202 1545 2638 1608 sanctorumque
2671 1539 2766 1594 illa
2791 1543 3139 1612 metropolis,
3167 1545 3406 1613 patriar-

1823 1622 2052 1681 charum
2083 1626 2454 1697 domicilium,
2492 1630 2589 1685 ubi
2631 1629 2791 1687 abest
2822 1647 3080 1703 serpens,
3115 1636 3318 1692 sedens
3352 1637 3406 1691 in

1823 1717 1933 1784 via,
1967 1719 2065 1790 qui
2097 1720 2421 1778 calcaneum
2443 1723 2696 1778 mordeat
2724 1733 2779 1780 et
2804 1724 3062 1796 ingressu
3093 1728 3406 1796 prohibeat.

1826 1807 1982 1876 Sion,
2021 1810 2272 1881 inquam,
2320 1812 2490 1883 cujus
2543 1823 2734 1870 turres
2773 1815 2828 1869 in
2881 1816 3144 1872 manibus
3192 1815 3405 1873 Domini

86 1896 255 1954 οἶδεν
296 1898 330 1954 6
376 1900 805 1964 κατασκευάσας
861 1899 1015 1972 θεός.
1072 1899 1372 1971 Περιουσία
1404 1898 1594 1954 sua»
1624 1912 1706 1953 πιυ

1823 1897 1945 1953 lixa:
1996 1907 2174 1956 sunt:
2235 1900 2399 1977 cujus
2461 1911 2658 1973 portat,
2707 1900 3003 1969 caelatura;
3053 1922 3288 1981 qumque
3338 1908 3407 1961 ad

92 1994 281 2061 πῶν,
300 1994 339 2065 ή
364 1994 596 2066 ἀγήρως
627 1994 765 2065 ζωὴ,
789 1994 851 2047 τὸ
875 1994 1249 2065 ἀνεκλάλητον
1279 1992 1420 2064 φῶς,
1436 1994 1471 2065 ἡ
1509 1992 1714 2061 ἀθάνατ

96 2100 201 2148 τος
239 2084 526 2154 βασιλεία,
571 2084 682 2137 τῶν
719 2085 1108 2157 ἀποκειμένων
1147 2086 1262 2149 τοῖς
1289 2084 1465 2150 ἀξίοις
1489 2083 1714 2155 ἀγαθῶν

105 2176 151 2246 ὴ
183 2175 491 2239 ἀντίδοσις
524 2174 562 2229 ἀ
593 2176 733 2247 μήτε
785 2175 1089 2248 ὀφθαλμοῖς
1134 2174 1328 2248 ὁρατὰ,
1373 2176 1513 2248 μήτε
1575 2190 1715 2248 καρ-

122 2268 203 2340 δίᾳ
255 2266 469 2338 ληπτὰ,
503 2266 541 2321 ἀ
589 2271 705 2333 τοῖς
755 2268 1046 2337 ἀγαπῶσιν
1093 2268 1273 2353 Ι,αὐτόν
1335 2268 1635 2340 ἡτοίμασεν
1685 2269 1715 2322 6

124 2358 279 2422 ϐιός.

1818 1989 2227 2048 beatitudinem
2271 1992 2393 2050 illic
2442 1994 2552 2049 loci
2593 1994 2781 2060 sitam,
2816 2009 2916 2050 eos
2939 1996 3036 2065 qui
3074 1995 3290 2051 intrant
3324 2000 3409 2053 iu-
3511 2019 3523 2030 ·

1817 2082 2027 2140 ducant
2062 2084 2228 2155 cujus
2259 2085 2505 2156 speciem
2560 2084 2936 2158 decoremque
2973 2088 3130 2144 novit
3161 2090 3278 2160 ipse
3310 2093 3404 2161 qui

1815 2173 2108 2231 adiﬁcavit
2135 2174 2713 2246 _Deus.'LSubstantia
2757 2186 2940 2234 autem
2995 2178 3264 2246 ﬁdelium,
3290 2184 3405 2237 vita

1813 2274 1904 2323 est
1931 2281 2225 2323 senescere
2261 2271 2477 2335 nescia,
2520 2270 2704 2324 lumen
2738 2270 3142 2337 inenarrabile,
3181 2272 3409 2328 immor-

1823 2360 1933 2413 tale
1968 2374 2219 2431 regnum,
2256 2362 2556 2418 retributio
2604 2363 2880 2419 bonorum
2915 2362 3099 2436 dignis
3132 2368 3407 2435 reposito-

132 2468 273 2518 rum,
305 2472 425 2530 qua:
461 2473 641 2531 neque
676 2455 849 2513 videri
871 2455 1050 2514 oculis
1107 2463 1367 2527 possunt,
1429 2467 1532 2512 nec
1588 2451 1756 2509 corde
1793 2453 2188 2523 comprehendi
2240 2470 2362 2525 quae
2404 2453 2550 2511 Deus
2584 2461 2913 2527 praeparavit
2992 2462 3060 2516 iis
3109 2465 3205 2533 qui
3271 2462 3403 2516 dili-

136 2559 264 2619 gunt
298 2552 477 2621 ipsum
509 2564 566 2598 II-
592 2563 639 2612 ο,

205 2641 351 2712 Μηδὲ
384 2641 592 2696 τούτων
620 2641 876 2713 ιάφῶμεν
929 2641 1028 2714 τὴν
1079 2640 1401 2713 εὐκληρίαν,
1456 2640 1574 2694 ὅσοι
1624 2637 1704 2710 τῷ

144 2733 364 2805 θεοποιῷ
389 2733 760 2799 τεκνωθέντες
795 2734 1160 2806 βαπτίσματι,
1190 2732 1326 2788 Θεοῦ
1382 2733 1706 2805 πεφήναμεν

145 2825 320 2882 τέκνα.
381 2824 514 2879 Θεοῦ
572 2824 668 2880 τοῦ
727 2827 875 2897 ἡμᾶς
940 2826 1326 2898 ἀγαπήσαντος
1385 2824 1482 2878 καί
1526 2823 1710 2889 δόντος

146 2916 444 2987 ἀντίλυτρον
466 2918 689 2974 πάντων
711 2918 891 2990 ἡμῶν,
913 2917 1233 2972 τὸνὲαυτοῦ
1264 2915 1440 2972 Παῖδα
1470 2915 1565 2971 τὸν
1613 2933 1710 2986 μο-

140 3011 349 3081 νογενῆ,
376 3013 470 3066 καὶ
498 3012 751 3083 συμφυῆ,
784 3014 881 3066 καὶ
928 3012 1252 3084 όμόθρονον.
1280 3011 1376 3082 Μὴ
1423 3009 1709 3080 ἀθετῶμεν

136 3101 231 3170 τῆς
254 3102 518 3166 υἱοθεσίας
548 3102 611 3157 τὸ
632 3103 905 3174 χάρισμα.
938 3104 1032 3174 Μὴ
1071 3101 1371 3173 γενώμεθα
1393 3100 1570 3155 δοῦλοι
1609 3101 1709 3172 τῆς

134 3192 420 3263 ἁμαρτίας,
440 3194 905 3266 ἐλευθερωθέντες
934 3195 993 3247 ὲν
1016 3192 1311 3264 πνεύματι.
1335 3193 1428 3266 Μὴ
1450 3192 1708 3263 φανῶμεν

1879 2624 1958 2688 Ne
1985 2630 2171 2703 itaque
2202 2648 2393 2688 eorum
2421 2632 2776 2691 dimitta‘mns
2808 2634 3183 2692 haereditatcm
3210 2680 3225 2699 ,
3245 2646 3403 2708 quot-

1809 2733 1949 2799 quot
1976 2724 2181 2780 deillco
2208 2725 2543 2796 baptismate
2584 2727 2685 2781 lilii
2719 2727 2991 2784 rationem
3023 2728 3235 2798 adepti,
3268 2730 3401 2784 laeti

1811 2833 2004 2875 sumus
2036 2815 2131 2872 Dei
2169 2816 2288 2873 ﬁlii.
2327 2817 2441 2881 Dei,
2475 2818 2727 2889 inquam,
2767 2822 2988 2891 quinos
3016 2821 3233 2887 dilexit,
3272 2823 3400 2892 qni-

1809 2924 1918 2979 que
1961 2906 2366 2979 redemptionis
2399 2911 2640 2979 pretium
2681 2926 2782 2981 pro
2817 2914 2978 2968 nobis
3006 2913 3269 2969 omnibus
3304 2912 3400 2969 Fi-

1814 2994 1953 3054 lium
1990 3014 2155 3055 suum
2207 3000 2557 3071 unigenitum
2602 3000 2854 3071 ejusdem
2910 3019 3096 3058 secum
3134 3006 3393 3060 substan-

1816 3095 1929 3159 tiae,
1966 3093 2278 3165 eodemque
2306 3094 2601 3150 sublimem
2639 3096 2840 3150 throno
2865 3095 3038 3154 dedit.
3062 3096 3139 3154 Ne
3161 3100 3399 3170 gratiam

1816 3186 2134 3257 adoptionis
2163 3202 2515 3257 spernamus.
2544 3186 2621 3243 Ne
2650 3187 2958 3243 eﬂiciamur
2982 3190 3127 3245 servi
3161 3195 3399 3260 peccati.

137 3252 308 3336 δοῦλοι
327 3252 555 3357 γαστρὸς
606 3252 822 3355 ἡθονῆς,
851 3252 1001 3354 κόρῳ
1047 3252 1339 3353 τῆν’ὖϐριν
1376 3252 1706 3350 ἀντιλαμϐά-

1820 3280 1909 3350 qui
1946 3279 2125 3335 simus
2159 3278 2380 3335 liberati
2440 3280 2496 3333 in
2523 3279 2747 3349 Spiritu.
2780 3279 2860 3335 Ne
2902 3281 3051 3337 servi
3092 3252 3401 3352 voluptatis

140 3392 341 3439 νοντες·
375 3378 449 3449 μὴ
471 3380 586 3441 τοῖς
612 3376 816 3431 πάθεσι
840 3375 1014 3449 θύραν
1044 3375 1367 3445 ἁνοίξωμεν,
1400 3373 1459 3441 ἐξ
1479 3368 1549 3447 ἦς
1576 3374 1712 3444 ἡμῖν

142 3468 196 3521 αί
222 3468 313 3522 τοῦ
342 3469 571 3526 θανάτου
600 3470 919 3543 παλίρῤοιαι
954 3468 1204 3541 βρύουσι.
1239 3467 1334 3539 Μὴ
1366 3466 1583 3537 στῶμεν
1612 3465 1711 3536 τῆς

145 3554 231 3610 ἰπὶ
251 3560 313 3613 τά
334 3562 518 3631 πρόσω
534 3564 730 3634 φορᾶς,
752 3562 868 3615 ἀλλ’
891 3562 980 3614 ἀεὶ
998 3559 1308 3631 τρέχωμεν,
1328 3557 1384 3611 εί
1403 3575 1521 3622 πως
1543 3574 1712 3612 κατα-

146 3642 401 3716 λάϐωμεν,
432 3648 528 3702 ἐπὶ
553 3648 616 3701 τὸ
646 3648 905 3720 βραϐεῖον
933 3648 1038 3720 τῆς
1080 3648 1192 3702 ἀνω
1226 3648 1497 3718 κλήσεως.
1529 3646 1711 3699 Καλὸν

148 3734 245 3789 τῶν
266 3738 479 3794 ὄπισθεν
530 3741 1091 3812 ἐπιλανθανομένους,
1122 3742 1238 3804 τοῖς
1265 3738 1576 3811 ἔμπροσθεν
1607 3741 1709 3793 £1:-

1815 3370 2049 3439 vcntris,
2077 3374 2344 3428 vicariam
2394 3373 2657 3428 satietate
2688 3374 3087 3431 contumeliam
3119 3376 3399 3446 recipien-

1811 3473 1915 3522 tes.
1948 3462 2026 3521 Ne
2055 3465 2260 3520 ostium
2292 3465 2446 3519 vitiis
2478 3464 3110 3539 perturbationilmsque
3160 3483 3399 3540 aperue-
3476 3510 3483 3517 ς

1810 3558 2008 3623 rimus,
2036 3559 2184 3613 unde
2209 3557 2371 3614 nobis
2400 3558 2692 3628 reciproca
2746 3575 2896 3616 mors
2929 3563 3223 3616 scaturiat.
3255 3560 3333 3618 Ne
3367 3577 3398 3617 a

1808 3649 2165 3705 contentione
2214 3649 2283 3702 ad
2309 3651 2590 3703 anteriora
2631 3651 2924 3716 sistamus,
2958 3653 3054 3708 scd
3095 3668 3398 3708 curramus

1809 3752 2049 3811 semper,
2091 3740 2139 3794 si
2186 3754 2300 3808 quo
2336 3739 2504 3795 modo
2552 3742 3121 3812 comprehendamus,
3157 3743 3224 3795 ad
3269 3744 3400 3796 bra.

152 3828 485 3887 εκτείνεσθαι.
517 3832 700 3888 Καλὸν
735 3834 956 3887 ἀκούειν
989 3830 1229 3905 Χριστοῦ
1257 3831 1544 3901 λέγοντοςο
1583 3848 1602 3881 ι
1644 3829 1706 3883 El

1820 3831 1959 3888 vium
2022 3845 2278 3901 supernae
2325 3833 2642 3888 vocationis
2670 3841 2721 3886 ρ.
2771 3828 3027 3897 Prmstat,
3079 3843 3140 3887 ut
3180 3849 3244 3889 ea
3273 3850 3399 3903 qua!

151 3935 225 3982 τις
255 3919 389 3977 θέλει
420 3925 596 3979 ότιίσω
645 3943 747 3997 μου
802 3924 1004 3991 ἐλθεῖν,
1045 3922 1458 3997 ἀπαρνησάσθω
1491 3921 1705 3987 ἑαυτὸν,

1808 3931 1942 3978 sunt
1988 3934 2144 3978 retro
2192 3922 2612 3988 obliviscentes,
2652 3923 2720 3978 ad
2752 3924 3042 3978 anteriora
3098 3939 3203 3978 nos
3239 3924 3395 3995 ipsos

156 4012 239 4065 καὶ
271 4016 447 4087 ἀράτω
477 4017 570 4071 τὸν
636 4018 872 4090 σταυρὸν
933 4017 1126 4083 αὑτοῦ,
1187 4017 1284 4071 καὶ
1338 4014 1706 4071 ἀκολουθείτω

1820 4014 2196 4071 extendamus.
2232 4012 2468 4070 Pratstat
2503 4014 2702 4071 audire
2752 4015 3029 4070 dicentem
3062 4014 3394 4072 Christum:

160 4117 254 4168 μοι.
289 4122 308 4155 ι
356 4107 531 4162 Καλὸν
580 4108 905 4163 ἀκολουθεῖν
948 4109 1027 4180 τῷ
1077 4105 1300 4179 Χριστῷ
1359 4106 1453 4161 τὸν
1500 4104 1707 4176 κόσμον

158 4192 390 4252 ὁδεύοντι·
415 4220 433 4252 ι
459 4201 627 4254 Δεῦτε
651 4203 788 4272 πρός
821 4218 912 4273 με,
944 4202 1147 4264 πάντες
1182 4203 1229 4253 oi
1265 4199 1571 4263 κοπιῶντες
1610 4198 1705 4253 κοιλ⁸

1812 4127 1832 4163 ι
1870 4108 1928 4164 Si
1975 4109 2099 4179 quis
2166 4108 2283 4163 vult
2341 4107 2534 4163 venire
2595 4117 2719 4178 post
2758 4122 2866 4173 me,
2912 4111 3149 4178 abneget
3199 4119 3399 4165 semet-

1808 4201 2011 4271 ipsum,
2047 4209 2100 4256 et
2131 4200 2289 4255 tollat
2321 4213 2549 4255 crucem
2586 4214 2769 4264 suam,
2798 4207 2853 4255 et
2888 4207 3159 4269 sequatur
3195 4214 3282 4255 mc
3307 4209 3392 4256 ιι.»

158 4292 567 4364 πεφορτισμένοι,
626 4291 782 4362 κάγὼ
845 4292 1150 4346 ἀναπαύσω
1183 4291 1350 4362 ὑμᾶς.
1393 4310 1414 4344 ι
1465 4288 1705 4363 Χριστὸς

1820 4292 2043 4349 Praestat
2074 4294 2234 4363 sequi
2261 4292 2546 4349 Christum
2568 4308 2669 4364 per
2695 4292 2960 4348 mundum
2993 4293 3397 4360 ambulantem,

144 4378 357 4447 κελεύει,
389 4386 463 4454 μὴ
493 4385 909 4455 ἀντιτείνωμεν.
934 4384 1172 4456 Χριστος
1193 4385 1222 4436 6
1253 4382 1459 4449 καλῶν,
1495 4383 1590 4437 καὶ
1619 4382 1704 4446 τίς

1810 4403 1831 4437 ι
1870 4383 2067 4439 Venite
2102 4383 2171 4439 ad
2241 4401 2350 4450 me,
2381 4399 2578 4440 omnes
2623 4384 2719 4455 qui
2766 4384 3037 4441 laboratis
3088 4396 3147 4440 et
3179 4386 3396 4440 onerati

135 4471 240 4523 οὐκ
263 4475 542 4543 ditatis-rat;
597 4476 735 4531 Θεοῦ
762 4478 914 4547 φωνή
950 4477 1070 4530 ἐστι
1099 4476 1452 4542 διδάσκουσα,
1491 4495 1509 4528 t
1557 4474 1701 4544 Ἐγώ

1820 4475 1964 4539 :stis,
1995 4466 2052 4529 et
2092 4489 2194 4544 ego
2232 4471 2477 4530 reficiam
2521 4489 2622 4531 vos
2652 4482 2700 4528 π.
2742 4492 2762 4527 ι
2817 4474 3298 4546 Christusjuhet;
3327 4492 3396 4531 ne

150 4560 251 4629 εἰμι
278 4564 333 4619 τὺ
358 4567 470 4636 φῶς
495 4567 595 4621 τοῦ
628 4568 836 4639 κόσμου
856 4584 872 4601 ο
903 4571 934 4622 6
969 4566 1283 4623 ἀκολουθῶν
1330 4569 1478 4638 ἐμοὶ,
1520 4569 1585 4621 ού
1623 4569 1699 4640 μὴ

1820 4566 2139 4622 renitamur.
2167 4564 2437 4622 Christus
2462 4575 2641 4633 vocat,
2698 4575 2752 4622 et
2789 4567 2915 4637 quis
2957 4582 3068 4621 non
3104 4568 3396 4622 audierit?

165 4659 472 4731 περιπατήσῃ
526 4660 587 4713 ὲν
630 4662 695 4732 τῇ
760 4660 973 4732 σκοτίᾳ,
1013 4660 1132 4715 ἀλλ’
1168 4659 1282 4725 ἔξει
1331 4659 1392 4714 τὸ
1444 4658 1559 4729 φῶς
1596 4661 1700 4731 τῆς

1808 4653 2003 4709 Divina
2033 4669 2143 4709 vox
2174 4663 2262 4711 est
2283 4670 2406 4726 quae
2428 4655 2666 4711 doceat:
2703 4674 2722 4707 ι
2760 4655 2874 4727 Ego
2900 4672 3026 4712 sum
3050 4658 3144 4712 lux
3175 4657 3391 4721 mundi;

162 4736 296 4816 ζωῆς.
334 4769 352 4802 ι
384 4751 491 4806 Καί
516 4767 529 4781 ·
555 4772 575 4804 ι
615 4752 757 4823 Ἐγὼ
793 4754 906 4824 φῶς
929 4754 1009 4818 είς
1030 4753 1121 4808 τὸν
1159 4752 1367 4824 κόσμον
1394 4752 1652 4823 ἐλήλυθα.
1675 4773 1694 4805 ι

1820 4747 1903 4816 ιιιί
1949 4747 2207 4818 sequitur
2256 4761 2364 4811 me,
2398 4760 2509 4801 non
2545 4747 2852 4802 ambulabit
2884 4749 2939 4803 in
2986 4750 3259 4813 tenebris,
3294 4751 3390 4806 sed

211 5021 390 5079 Τούτου
441 5027 499 5082 δὲ
544 5028 599 5082 τί
653 5028 771 5083 ποτ’
805 5030 872 5085 ἂν
903 5031 1000 5084 τοῦ
1036 5030 1214 5101 φωτός
1255 5031 1404 5089 ἐστιν
1453 5032 1589 5103 ἡμῖν
1618 5031 1698 5085 oi-

1806 4838 2033 4894 habebit
2056 4838 2249 4909 lumen
2284 4840 2412 4894 vitae
2443 4846 2488 4894 ³.
2517 4856 2536 4890 ι
2579 4839 2667 4905 Et,
2712 4856 2732 4890 ι
2761 4837 2877 4911 Ego
2913 4840 3011 4895 lux
3038 4842 3095 4895 in
3121 4842 3391 4897 mundum

1805 4933 1935 4989 veni
1967 4932 2016 4985 ί.
2047 4950 2068 4985 ι

1877 5023 1992 5081 lloc
2032 5034 2215 5081 autem
2270 5024 2401 5095 quid
2430 5025 2606 5096 magis
2652 5027 2894 5082 azuicttm
2940 5028 3097 5085 nobis
3133 5028 3389 5100 conlige.

147 5115 431 5189 λειότερονς
472 5121 547 5175 T6
582 5121 695 5193 γὰρ
727 5124 948 5192 ἀφεῖναι
982 5123 1044 5177 τὸ
1082 5123 1276 5188 σκότος
1306 5128 1399 5179 καὶ
1447 5126 1525 5197 τῷ
1557 5126 1700 5196 φωτὶ⁵

1820 5118 1915 5174 'it?
1943 5118 2163 5190 Quippe
2215 5119 2429 5174 relictis
2464 5118 2711 5175 tenebris
2761 5121 3051 5177 adhaerere
3088 5122 3219 5186 luci,
3259 5136 3387 5177 vere

136 5200 466 5282 κολληθῆναι,
492 5213 609 5267 υἱον
626 5213 805 5282 φωτὸς
833 5214 1050 5287 ἀληθῶς
1078 5219 1229 5270 ποιεῖ
1241 5218 1334 5273 τὸν
1355 5220 1498 5287 φωτὶ
1521 5236 1696 5291 προσ·-

1802 5214 1974 5269 lilium
2024 5212 2165 5269 lucis
2230 5211 2360 5269 facit
2418 5228 2543 5269 eum
2598 5213 2694 5284 qui
2765 5214 2872 5269 luci
2934 5215 3201 5269 adhmrct.
3271 5213 3385 5265 lloc

126 5295 482 5388 εςιῖλλώμενον,
519 5305 696 5360 Τοῦτο
730 5308 789 5361 δι
822 5309 940 5370 πῶς
975 5306 1042 5361 ἀν
1086 5309 1288 5380 ἑτέρως
1329 5312 1563 5380 γένοιτο,
1618 5316 1695 5388 μὴ

1820 5322 1935 5363 rero
1969 5321 2078 5377 qua
2137 5306 2249 5360 alia
2297 5306 2512 5361 ratione
2550 5307 2859 5377 contingat,
2901 5308 3005 5362 nisi
3068 5306 3383 5376 caliginoso

114 5384 256 5480 ξ’ἶῖ
277 5397 443 5469 πάσης
496 5398 905 5470 ὑπεροφθεεσης
959 5399 1096 5470 ἡμῖν
1146 5404 1247 5474 τῆς
1277 5404 1336 5457 ὲν
1382 5384 1694 5480 σκοτομήνγγ

1820 5401 1945 5455 ηιιηί
2002 5406 2250 5470 peccato,
2289 5405 2410 5453 atra
2441 5414 2544 5454 nos
2583 5407 2745 5454 nocte
2779 5398 3116 5468 conligente,
3154 5395 3386 5465 spreto?

105 5473 177 5515 tu
202 5483 229 5515 τ

210 5486 435 5559 ξευούσης
497 5491 650 5561 ἡμᾶς
707 5486 946 5562 ζοφερᾶς
989 5495 1305 5567 ἀμαρτίας;
1350 5496 1458 5563 Τοῦ
1513 5498 1571 5552 δὲ
1599 5499 1692 5552 τὸν

1820 5493 1875 5549 Jt
1913 5502 2097 5548 autem
2147 5492 2410 5548 tollamus
2460 5506 2707 5554 crucem,
2747 5498 2803 5546 et
2838 5490 3127 5544 Christum
3185 5503 3384 5557 sequa-

92 5560 349 5661 i§auf6v
400 5560 579 5651 αἴρειν
613 5581 712 5635 καὶ
762 5560 1082 5641 ἀκολουθείν
1113 5560 1205 5659 ,τῷ
1254 5560 1501 5661 Χριστῷ,
1536 5590 1591 5644 τί
1623 5590 1692 5645 ἂν

1820 5599 1946 5646 uur.
1986 5581 2270 5654 quodnam
2302 5580 2470 5636 fuerit
2503 5579 2819 5635 evidentius
2858 5580 3104 5650 signum,
3133 5592 3296 5645 quam
3326 5586 3386 5627 nt

122 5655 501 5739 ᾗ’.ειργίοτιρον
555 5672 773 5741 γένοιτο
837 5674 1107 5747 σύμϐολον
1157 5655 1253 5734 τοῦ
1301 5655 1691 5755 καθ’-ἡμέραν

1820 5677 2051 5751 ιιιοιίὁίε
2085 5676 2413 5744 moriamur,
2442 5688 2551 5746 qua
2582 5672 2860 5729 bonorum
2893 5672 3264 5742 repositorum
3286 5683 3385 5739 spe

147 5755 498 5868 ::_‘§“-L¥Wi
524 5784 607 5868 ,ἐς
632 5784 650 5840 l
672 5784 802 5843 Cor.
841 5793 905 5856 ll,
939 5791 995 5846 9.
1093 5803 1122 5844 ιι
1148 5792 1385 5868 Philipp.
1422 5811 1504 5864 tu,
1538 5795 1621 5851 l3.
1685 5806 1706 5849 ει

1820 5796 1938 5853 ιιιιι.
1979 5810 2067 5850 xvi
2093 5832 2108 5862 ,
2147 5790 2239 5846 ΕΗ.
2324 5800 2344 5828 τ
2371 5787 2563 5843 Matth.
2606 5803 2683 5851 ιι,
2712 5784 2804 5841 9.8.
2884 5786 2905 5815 '
2938 5781 3100 5840 Joan.
3133 5796 3256 5847 vm,
3294 5778 3374 5836 19..

168 5839 330 5909 'Joan.
358 5866 460 5919 xu,
484 5839 603 5909 '46.

397 5950 677 6015 Ριτιιοι.
708 5953 833 6017 Gtt.
850 5953 1098 6017 XCVII.

2921 5936 2990 5999 37
