3830 6326
149 445 286 512 1169

1465 443 1546 504 IN
1597 443 1659 503 S.
1701 440 2129 502 GEORGIUM.

3292 431 3425 496 1170

205 561 333 637 _Ka.‘t
363 560 453 630 εἴη
490 574 556 627 γε
587 555 762 611 ταῦτα
793 551 989 627 μηδενὶ
1035 550 1302 626 μηδαμῶς
1337 551 1750 622 ἐμϐραδύνοντα

1927 548 2152 605 Utinam
2185 560 2318 601 vero
2351 545 2419 602 ad
2460 552 2864 604 consummatae
2919 543 3186 601 bonitatis
3219 545 3426 600 exitqu

141 653 352 723 χρόνῳ,
387 653 480 705 ἐπ’
511 649 775 719 αὐτοτελῆ
805 647 1057 719 χωρῆσαι
1087 646 1459 718 χρηστότητος
1491 643 1742 709 ἔκϐασιν,

141 746 238 797 καὶ
290 745 395 813 τὴν
449 744 517 796 δι’
557 743 740 812 ἔργων
784 741 1183 811 συμπλήρωσιν
1230 737 1488 805 δέξασθαι
1517 739 1528 791 Ξ
1555 737 1745 808 Ταύτῃ

139 835 253 904 γὰρ
291 837 394 888 καὶ
449 837 478 888 ό
532 833 645 904 βίος
700 833 860 903 ἡμῶν
909 831 1414 902 διομαλισϐήσεται,
1464 831 1556 883 καὶ
1589 829 1748 896 λόγος

137 923 320 988 ἄπας,
345 925 446 978 καὶ
478 924 702 995 πρᾶξις,
757 925 852 977 καὶ
893 924 1185 994 διανόημα,
1215 924 1328 984 τοῖς
1367 921 1530 985 θείοις
1562 921 1748 991 νόμοις

135 1015 233 1068 τοῦ
277 1017 605 1086 Πνεῦματος
629 1017 1211 1087 κατακοσμηθήσεται,
1237 1016 1330 1068 καὶ
1364 1015 1432 1067 δι’
1455 1014 1749 1084 ἀπραγμο-

135 1109 322 1183 σύνης
357 1114 387 1165 ὁ
413 1112 640 1182 ήσύχιός
667 1129 726 1165 τε
759 1113 852 1165 καὶ
891 1113 1101 1180 ἤρεμος
1140 1113 1275 1181 ἡμῖν
1329 1109 1749 1179 διανυσοὴσεται

140 1203 291 1273 βίος.
333 1205 460 1274 ’Υςϊ
483 1200 545 1259 οὗ
572 1205 768 1275 μικρὸν
792 1205 1018 1275 ὔστερον
1044 1205 1112 1259 δι’
1143 1205 1348 1276 ἀρετῆς
1372 1205 1466 1257 καὶ
1491 1203 1744 1275 Θεωρίας,

149 1296 186 1365 ἡ
214 1296 316 1366 τῆς
343 1295 560 1349 ἐκεῖθεν
591 1295 750 1366 δόξης
784 1296 880 1348 καὶ
908 1294 1183 1364 βασιλείας
1213 1295 1748 1366 ἅποκληρωθήσεται

156 1386 382 1457 μέθεξις
418 1390 531 1450 τοῖς
563 1386 706 1440 οὕτω
738 1387 1019 1450 πολιτείας
1050 1387 1382 1458 προκόψασι.
1437 1387 1625 1442 Ταῦτά
1666 1403 1748 1440 σοι

155 1479 289 1547 παρ’
320 1479 510 1548 ἡμῶν,
568 1471 613 1530 ὦ
649 1477 856 1548 πάτερ,
894 1471 940 1532 ὦ
969 1477 1207 1532 δέσποτα
1234 1479 1343 1532 τῶν
1380 1479 1489 1531 σῶν
1530 1477 1746 1542 ἱκετῶν,

158 1571 255 1624 καὶ
274 1571 534 1640 διαδόχων
567 1570 688 1639 μὲν,
711 1570 946 1634 ἀναξίων
970 1570 1029 1623 δέ
1056 1587 1070 1602 ο
1103 1570 1280 1625 ταῦτά
1307 1588 1390 1624 σοι
1410 1571 1511 1641 τῆς
1543 1574 1751 1642 μικρᾶς

163 1662 304 1733 ἐμῆς
337 1662 586 1734 γλώσσης
625 1663 722 1715 καὶ
773 1661 1035 1727 διανοίας,
1088 1663 1189 1734 τῆς
1225 1665 1307 1717 σοί
1350 1681 1415 1733 γε
1464 1664 1624 1735 φίλης
1656 1665 1750 1719 καὶ

171 1754 322 1824 παρὰ
360 1754 562 1817 πάντας
604 1752 854 1825 τιμώσης
882 1771 963 1818 σε,
998 1755 1066 1807 τὰ
1097 1757 1270 1825 μικρὰ
1303 1757 1748 1826 προσενὲγματα.

180 1843 358 1898 Ταῦτα
377 1847 403 1898 ό
437 1846 628 1916 μικρὸς
654 1848 712 1898 ἐν
740 1847 996 1916 ποιμέσιν
1023 1847 1155 1915 ἐγὼ,
1188 1849 1282 1900 καὶ
1320 1848 1414 1900 τοῦ
1448 1848 1593 1920 ἱεροῦ
1620 1848 1748 1902 τού-

192 1953 298 2004 του,
318 1937 445 2001 πῶς,
473 1939 572 1990 οὐκ
603 1936 741 2005 οἶδα,
763 1939 1177 2011 κατηξιωμένος
1206 1941 1511 2012 καὶθρόνου
1529 1943 1622 1996 καί¹
1651 1942 1748 2013 βή-

201 2045 366 2098 ματος.
387 2029 491 2083 Καὶ
517 2031 567 2084 εί
599 2031 772 2101 μικρὰ
797 2031 993 2098 ταῦτα,
1025 2035 1122 2086 καὶ
1148 2034 1250 2104 τῆς
1278 2035 1437 2100 ἀξίας
1455 2037 1748 2106 παραπολὺ

205 2119 460 2188 φθάνοντα,
489 2123 589 2192 τῆς
630 2122 762 2190 γοῦν
803 2123 1016 2195 Θερμῆς
1062 2126 1200 2196 πρὸς
1241 2127 1302 2180 σὲ
1332 2127 1626 2192 διαθέσεως
1649 2129 1752 2186 οὐκ

205 2213 447 2270 ἐλάττονα.
478 2214 615 2288 Δέξῃ
646 2217 776 2287 γὰρ,
809 2218 871 2271 εὖ
901 2213 1042 2284 οἶδα,
1075 2219 1250 2272 ταῦτα
1276 2221 1394 2290 μετ’
1423 2223 1713 2292 εὐμενείας
1733 2263 1748 2290 ,

204 2297 296 2357 οἷόν
316 2321 363 2358 τι
386 2306 576 2376 μικρὸν
605 2308 913 2376 ἐπιτάφιονο
940 2309 1032 2363 τὸν
1055 2309 1110 2362 δὲ
1133 2327 1197 2378 γε
1225 2311 1559 2380 τελειότερον
1589 2311 1751 2366 ἔπαι-

203 2413 294 2458 νον,
322 2399 442 2467 παρ’
465 2399 628 2452 αὖτοί
653 2399 720 2452 ἂν
751 2400 1075 2471 ὲπιζητοίης
1103 2403 1475 2473 ὲπιδοξότερον
1503 2403 1748 2476 ὕστερον,

201 2486 277 2538 τοῦ
307 2491 431 2557 πρὸς
460 2490 518 2544 ὃν
540 2491 628 2543 ἀεὶ
659 2492 757 2563 τὴν
787 2493 1023 2564 σπουδὴν
1053 2495 1149 2548 καὶ
1181 2496 1279 2566 τὴν
1303 2497 1488 2564 ἔφεσιν
1507 2497 1753 2568 ἀεικίνη-

201 2592 276 2629 τον
299 2579 539 2649 ἔσχηκας.
559 2581 676 2634 Νῦν
701 2583 756 2635 δὲ
775 2583 983 2638 ἄνωθεν
1013 2586 1162 2655 ἡμᾶς
1191 2587 1537 2653 ἐποπτεύοις,
1559 2583 1603 2642 ὧ
1634 2588 1752 2642 Θεία

201 2667 279 2718 καὶ
314 2669 427 2740 ἱερὰ
465 2671 697 2741 κεφαλὴ,
758 2672 878 2741 Θεῷ
933 2677 998 2744 τῇ
1051 2675 1244 2746 Τριάδι
1293 2678 1664 2748 περιχορεύων
1695 2681 1752 2732 ἐν

187 2762 456 2832 πνεύματι,
494 2765 588 2819 καὶ
613 2766 690 2836 τῷ
724 2765 899 2838 Θρόνῳ
929 2768 1028 2838 τῆς
1081 2771 1302 2840 χάριτος
1347 2772 1754 2842 παριστάμενος

173 2851 377 2921 χάριτι,
403 2855 592 2926 καὶτῷ
616 2857 747 2927 θείῳ
771 2858 912 2926 φωτὶ
937 2858 1081 2912 κατὰ
1114 2859 1292 2932 ψυχὴν
1318 2861 1749 2934 ἐλλαμπόμενοςο

175 2943 323 3012 ὑπὲρ
351 2945 500 3014 ἡμῶν
547 2948 912 3018 ἐντυγχάνων,
950 2951 1003 3003 εἴ
1031 2968 1147 3015 πως
1179 2952 1508 3023 ρυσθείημεν
1537 2953 1624 3006 διὰ
1658 2953 1752 3006 σοῦ

171 3035 282 3102 τῆς
307 3035 666 3108 ὴπειλημένης
689 3043 801 3105 τοῖς
831 3043 951 3094 κατ’
977 3044 1077 3114 ἐμὲ
1124 3043 1391 3115 ῥᾳθύμοις
1439 3045 1631 3115 ὀργῆς.
1658 3046 1754 3100 καὶ

171 3129 293 3177 τῶν
332 3129 590 3202 ὁσημέραι
647 3134 769 3186 καθ’
797 3134 956 3204 ἡμῶν
1004 3133 1391 3207 ὲξαπτομένων
1429 3136 1538 3189 τῶν
1566 3137 1756 3191 παθῶν

173 3218 588 3320 ξπαναστάσεων
608 3241 622 3254 ·
683 3225 820 3295 πρὸς
869 3226 926 3278 δὲ
953 3227 1048 3280 καὶ
1079 3227 1293 3297 ὁρατῶς
1320 3244 1379 3279 τε
1410 3228 1504 3280 καὶ
1532 3229 1756 3298 ἀφανῶς
1784 3261 1826 3320 C

177 3310 564 3380 ἐγχειρούντων
619 3317 771 3386 ἡμᾶς
821 3313 1474 3388 πο).εμείν’ὲθελοκὰκων
1516 3320 1748 3391 ἐχθρῶν.

180 3399 296 3452 Καὶ
339 3405 552 3475 στήσαις
601 3411 739 3478 ἡμῖν
783 3409 922 3481 πρὸς
954 3409 1130 3480 αὔραν
1162 3411 1262 3480 τὴν
1294 3413 1607 3480 καταιγίδα,
1657 3414 1752 3468 καὶ

180 3491 428 3565 τύχοιμεν
447 3500 546 3569 τῆς
585 3501 817 3555 αὐτόθεν
873 3504 1300 3575 μακαριότητος,
1359 3506 1446 3558 ἵνα
1489 3506 1594 3559 ὑπὸ
1635 3509 1754 3570 ταῖς

185 3587 304 3646 σαῖς
327 3591 413 3642 καὶ
453 3591 572 3644 τότε
625 3594 1086 3664 περισκεπόμενοι
1115 3594 1394 3665 πτέρυξιν,
1434 3597 1492 3650 ἐν
1521 3599 1755 3667 σκηναῖς

185 3669 272 3738 αἶς
315 3680 464 3745 αὐτὸς
522 3684 738 3757 unum,
793 3685 1301 3758 συναυλισθείημεν,
1363 3688 1458 3740 καὶ
1519 3687 1755 3758 καθαροὶ

187 3767 427 3840 καθαρῶς
450 3774 512 3826 τὸ
542 3774 656 3843 φῶς
684 3777 744 3829 τὸ
772 3779 828 3830 ἐν
854 3779 936 3830 σοὶ
959 3778 1410 3850 τρανωθείημεν,
1440 3779 1627 3849 χάριτι
1655 3778 1751 3832 τοῦ

191 3857 501 3926 καλέσαντος
521 3865 552 3932 ἡ
565 3867 672 3934 μᾶς
692 3867 882 3936 κλήσει
910 3869 1043 3938 ἁγίᾳ
1068 3870 1146 3930 εἰς
1169 3867 1230 3920 τὸ
1247 3868 1561 3938 Θαυμαστὸν
1584 3868 1750 3922 αὑτοῦ

193 3939 332 4007 $53?
359 3940 400 4014 ᾧ
429 3952 624 4020 πρέπει
679 3955 829 4008 πᾶσα
875 3955 1026 4022 δόξα,
1077 3956 1214 4028 τιμὴ
1259 3958 1352 4011 καὶ
1386 3958 1607 4028 κράτος,
1657 3959 1752 4012 νῦν

193 4033 282 4086 και
309 4036 410 4104 ἀεὶ,
439 4043 531 4096 καὶ
557 4045 638 4107 είς
669 4045 793 4109 τοὺς
829 4046 1052 4112 αἰῶνας.
1096 4049 1288 4120 ’Λμήνι

1849 641 2003 695 nulla
2056 639 2324 709 temporis
2362 653 2520 694 mora
2574 640 2681 693 ista
2735 646 3123 708 promoveant,
3179 637 3430 708 ipsisque

1850 731 2018 786 rebus
2068 729 2610 786 consummationem
2653 729 2996 798 suscipiant!
3055 725 3148 783 Sic
3178 728 3325 782 enim
3376 739 3431 783 et

1851 820 1964 874 vita
2022 819 2186 874 nobis
2237 820 2450 891 aequior
2514 817 2768 884 cesserit,
2804 833 3098 888 sermoque
3141 818 3343 883 omnis,
3378 827 3432 872 et

1851 911 1996 965 actio
2044 919 2102 966 et
2135 911 2398 980 cogitatio
2450 910 2661 966 divinis
2695 909 2938 980 Spiritus
2989 907 3205 978 legibus
3241 923 3433 978 peror-

1849 1001 2099 1066 nabitur,
2141 1002 2354 1071 otiique
2407 1000 2759 1072 compendiis
2809 1001 2997 1071 quieta
3053 1000 3214 1054 nobis
3265 1007 3434 1068 atque

1850 1093 2152 1162 tranquilla
2189 1093 2440 1164 exigetur
2491 1094 2646 1148 vita:
2715 1107 2823 1164 qua
2867 1093 3018 1147 brevi
3052 1101 3198 1162 post,
3239 1091 3307 1147 iis
3338 1091 3434 1160 qui

1849 1185 2058 1240 virtute
2087 1196 2142 1240 et
2172 1185 2666 1256 contemplatione,
2724 1185 2808 1239 sic
2841 1183 2969 1239 vitae
3001 1183 3275 1237 institutis
3303 1197 3435 1252 pro-

1849 1275 2108 1340 fecerim,
2149 1275 2351 1331 futura:
2389 1275 2584 1347 gloriae
2627 1283 2683 1330 et
2716 1275 2872 1345 regni
2929 1273 3286 1344 participatio
3335 1273 3436 1326 tri-

1850 1367 2068 1423 buenda
2124 1367 2218 1422 sit.
2273 1367 2403 1422 Haec
2449 1383 2478 1421 a
2510 1368 2695 1432 nobis,
2735 1381 2769 1421 o
2819 1374 3013 1436 pater,
3041 1381 3072 1419 a
3119 1365 3307 1426 nobis,
3352 1363 3438 1417 in-

1850 1472 2039 1526 quam,
2078 1471 2111 1512 o
2166 1456 2416 1522 domine,
2463 1458 2573 1512 tuis
2625 1457 2901 1513 clientulis
2955 1466 3010 1512 et
3071 1454 3434 1526 supplicibus,

1851 1557 2020 1620 atque
2055 1549 2477 1606 successoribus
2503 1550 2618 1605 tuis
2648 1564 2967 1620 quanquam
3001 1547 3248 1619 indignis
3279 1563 3293 1598 :
3323 1547 3436 1602 haec

1850 1644 1952 1698 tibi
1999 1643 2212 1714 exiguae
2238 1645 2439 1716 lingua:
2483 1644 2797 1713 mentisque
2830 1642 3046 1711 oﬂieio;
3082 1642 3306 1704 mentis,
3349 1641 3434 1694 in-

1851 1749 2042 1805 quam,
2072 1734 2154 1786 tui
2185 1734 2448 1799 amantis,
2483 1744 2537 1789 et
2562 1749 2675 1804 prae
2692 1733 2954 1788 omnibus
3001 1731 3200 1787 honori
3229 1728 3438 1784 haben-

1853 1827 1948 1892 tis,
1983 1834 2219 1896 angusta
2252 1834 2384 1883 sunt
2409 1840 2668 1881 munera.
2707 1824 2834 1880 Haec
2862 1823 3116 1880 modicus
3155 1836 3256 1893 ego
3293 1821 3438 1874 inter

1853 1927 2133 1989 pastores,
2169 1921 2360 1975 nescio
2387 1933 2495 1988 qua
2537 1918 2754 1973 ratione
2787 1916 2991 1987 dignus
3019 1915 3245 1970 habitus
3277 1927 3438 1968 sacro

1852 2011 1958 2066 hoc
1999 2011 2202 2066 throno
2229 2019 2284 2066 et
2330 2011 2492 2067 solio.
2537 2012 2864 2081 Quanquam
2891 2024 3021 2064 vero
3059 2007 3278 2062 modica
3317 2006 3434 2063 illa.

1853 2110 1908 2159 et
1941 2119 2062 2173 qua:
2095 2118 2126 2156 a
2158 2103 2350 2159 multis
2411 2105 2524 2160 tuis
2561 2104 2726 2175 longe
2788 2103 2997 2165 absint,
3049 2100 3191 2155 nihil
3252 2107 3436 2152 tamen

1854 2203 1985 2251 sunt
2016 2211 2255 2252 accensa
2284 2197 2340 2251 in
2374 2204 2427 2251 te
2463 2211 2582 2252 mea
2611 2198 2901 2252 voluntate
2944 2194 3182 2274 minora.
3209 2190 3438 2245 Placide

1855 2298 2040 2343 autem
2097 2297 2154 2344 et
2209 2290 2548 2357 humaniter,
2609 2291 2780 2360 probe
2841 2289 2995 2354 novi,
3061 2287 3212 2343 velut
3273 2293 3439 2339 tenue

1854 2378 2133 2448 quoddam
2185 2379 2529 2450 epitaphium
2582 2387 2950 2449 suscepturus
2980 2394 3060 2434 es.
3113 2375 3436 2432 Absolutio-

1854 2487 1969 2526 rem
1993 2478 2175 2527 autem
2207 2473 2426 2527 laudem
2458 2471 2654 2542 majori
2687 2473 2756 2527 ab
2785 2487 2852 2527 eo
2879 2470 3054 2542 gloria
3085 2468 3437 2540 postmodum

1857 2564 2167 2633 quaesieris,
2202 2565 2268 2619 ad
2299 2581 2462 2636 quem
2498 2581 2716 2635 semper
2751 2565 3041 2620 immotum
3069 2563 3312 2618 studium
3343 2561 3440 2618 de-

1857 2657 2242 2728 sideriumque
2282 2659 2554 2715 habuisti.
2593 2659 2753 2715 Nunc
2781 2660 3092 2722 enimvero,
3126 2673 3159 2712 ο
3183 2655 3437 2711 divinum

1856 2757 1910 2805 et
1941 2764 2166 2806 sacrum
2197 2760 2388 2821 caput,
2421 2753 2488 2805 de
2526 2752 2667 2807 coelo
2702 2767 2804 2808 nos
2849 2751 3182 2822 inspexeris,
3208 2751 3302 2820 qui
3334 2749 3442 2804 cir-

1857 2857 1984 2897 cum
2045 2841 2216 2898 Dcum
2271 2844 2476 2899 trinum
2529 2846 2730 2915 spiritu
2807 2844 3096 2914 tripudies,
3149 2841 3442 2912 gratiaque

1859 2939 2050 3008 gratiae
2105 2938 2342 2993 assistas
2394 2939 2620 3003 throno,
2664 2938 2856 3009 sisque
2909 2938 3091 2992 animo
3127 2936 3441 2990 illustratus

1858 3030 2047 3084 divino
2076 3029 2327 3096 lumine;
2358 3031 2681 3100 supplicans
2707 3046 2806 3100 pro
2837 3029 3021 3094 nobis,
3051 3029 3100 3083 si
3133 3043 3244 3098 quo
3273 3025 3440 3080 modo

1861 3132 2058 3193 agente
2127 3131 2180 3177 te
2223 3123 2528 3178 liberemur
2565 3124 2632 3177 ab
2686 3122 2766 3176 ira
2823 3122 2891 3178 iis
2924 3119 3299 3191 impendente,
3344 3117 3441 3187 qui

1861 3217 1967 3272 mei
2007 3217 2185 3270 instar
2221 3225 2353 3271 sunt
2384 3215 2730 3286 negligentes
2757 3221 2812 3268 et
2846 3213 3011 3284 pigri,
3047 3219 3214 3282 atque
3244 3208 3314 3263 ab
3351 3223 3443 3263 ac-

1859 3324 2022 3365 censa
2066 3308 2362 3364 adversum
2412 3325 2513 3364 nos
2569 3307 2895 3378 quotidiana
2944 3305 3209 3358 vitiorum
3263 3300 3442 3358 rebel-

1859 3403 2025 3456 lione.
2073 3401 2153 3456 Ad
2199 3401 2315 3456 haec
2349 3417 2480 3457 vero
2527 3417 2559 3456 a
2611 3395 2905 3456 malevolis
2945 3397 3226 3458 hostibus,
3258 3393 3442 3465 palam

1859 3495 2184 3566 occulteque
2237 3494 2577 3550 conantibus
2634 3478 3008 3565 oppugnare:
3062 3486 3444 3556 statuerisque

1858 3587 2022 3642 nobis
2057 3587 2358 3656 procellam
2398 3585 2453 3640 in
2481 3601 2714 3652 auram;
2745 3583 3051 3658 fueritque,
3093 3591 3154 3636 ut
3190 3580 3306 3635 illic
3339 3593 3441 3649 po-

1858 3678 2022 3734 sitam
2078 3676 2486 3732 beatitudinem
2544 3691 2978 3746 consequamur.
3032 3673 3103 3730 Ut
3150 3673 3235 3727 vel
3285 3684 3440 3736 tunc,

1861 3772 1966 3828 sub
2006 3773 2116 3828 tuis
2172 3771 2408 3842 protecti
2462 3771 2588 3835 alis,
2632 3784 2742 3824 una
2791 3779 2970 3824 tecum
3025 3767 3339 3821 habitemus
3385 3764 3442 3819 in

1861 3863 2259 3926 tabernaculis,
2315 3863 2368 3916 in
2439 3862 2643 3932 quibus
2702 3860 2820 3928 ipse
2882 3859 3141 3925 habitas;
3206 3857 3444 3928 pur-ique

1860 3956 2004 4024 quod
2040 3967 2124 4010 est
2153 3956 2209 4010 in
2238 3963 2292 4010 te
2331 3955 2514 4010 lumen
2544 3969 2684 4024 pure
2723 3951 3134 4023 perspiciamus
3169 3950 3290 4021 ejus
3320 3964 3445 4020 gra-

1863 4050 1962 4114 tia,
1997 4050 2088 4119 qui
2143 4069 2246 4111 nos
2301 4053 2521 4108 vocavit
2563 4051 2862 4108 vocat-ioue
2891 4055 3082 4104 sancta
3110 4047 3165 4100 in
3199 4045 3444 4100 admira-

196 4126 295 4183 hile
324 4133 496 4189 lumen
535 4152 738 4191 suum:
799 4157 959 4211 quem
994 4142 1153 4198 decet
1199 4143 1381 4199 omnis
1420 4144 1616 4214 gloria.
1687 4145 1866 4202 honor
1923 4160 1975 4204 et
2032 4159 2306 4220 potestas,
2385 4168 2536 4208 Illtltc
2583 4161 2636 4208 et
2690 4165 2928 4218 semper,
2975 4158 3030 4204 et
3093 4147 3148 4202 in
3223 4143 3442 4201 saecula.

191 4220 376 4286 Amen.

774 4324 994 4380 ΛΟΓΟΣ
1048 4329 1144 4383 IZ'.

205 4423 510 4498 Ἐγκώμια*
540 4439 628 4502 εἷς
663 4439 772 4492 τὸν
815 4440 988 4505 ἅγιον
1014 4446 1518 4513 μεγαλομάρτινρα
1566 4447 1753 4514 redip-

877 4529 1030 4580 γιον.

2425 4327 2690 4387 ORATlO
2723 4326 2891 4383 XVII.

1908 4448 2224 4504 Encomium
2257 4449 2308 4500 in
2341 4455 2587 4500 sanctum
2639 4452 2930 4513 martyrem
2968 4439 3248 4510 Georgium
3278 4438 3412 4506 (42).

1579 4652 1830 4717 (Comen,
1849 4662 1896 4711 p.
1934 4648 2067 4709 175.)

263 4743 369 4797 ’Λεὶ
404 4747 505 4816 μὲν
540 4747 794 4821 λαμπρὰ,
836 4753 932 4806 καὶ
966 4756 1312 4827 πανεύςρημα
1346 4758 1412 4812 τὰ
1437 4757 1547 4811 τῶν
1581 4757 1753 4827 ἁγίων

1936 4755 2164 4825 Semper
2199 4755 2423 4824 quidem
2462 4752 2776 4822 splendida,
2809 4766 2864 4804 e.
2898 4750 3145 4804 omnium
3197 4762 3292 4802 ore
3322 4744 3444 4800 lau-

195 4838 475 4908 μαρτύρων
543 4844 907 4914 μνημόσυνα·
974 4847 1502 4922 ἀξιεπαινετώτερον
1557 4849 1614 4903 δὲ
1661 4848 1758 4903 καὶ

1867 4850 1995 4904 data
2032 4858 2357 4903 sanctorum
2396 4855 2698 4915 martyrum
2733 4851 3132 4897 monumenta:
3170 4855 3294 4895 eum
3337 4838 3448 4909 pri-

1467 5024 1852 5085 COMBEFISII
1890 5019 2125 5080 NOTIE.

253 5110 372 5186 (4‘2)_
407 5112 729 5186 Encominm
771 5117 903 5186 hoc,
952 5131 981 5169 a
1031 5116 1332 5186 Lipomano
1377 5127 1430 5172 et
1477 5119 1658 5181 Surio,
1685 5135 1750 5172 ex

187 5175 548 5262 Metaphraste
583 5185 792 5262 editum
845 5175 1170 5255 ἀδέσποτέν,
1201 5198 1287 5262 _ut
1341 5197 1469 5244 sunt
1504 5175 1754 5258 plurimm

180 5253 318 5322 apud
343 5253 540 5330 ipsum
571 5256 878 5330 orationes,
911 5253 1164 5330 quarum
1201 5260 1317 5330 ipse
1358 5276 1467 5314 non
1503 5253 1612 5313 tam
1651 5274 1752 5314 au-

178 5333 296 5376 ctor
326 5325 542 5395 censeri
593 5327 752 5380 debet
781 5325 947 5395 quam
983 5325 1283 5395 collecto'r;
1315 5330 1551 5385 Andreae
1575 5345 1755 5384 asser-

178 5406 287 5476 tum
325 5393 717 5476 itegiqcodice
739 5393 1248 5476 _reprazset_ttamus,
1271 5393 1608 5470 quanquam
1643 5416 1753 5455 non

180 5467 474 5533 integrum,
501 5467 625 5536 ipso
651 5467 842 5522 codice
873 5470 1088 5535 mutilo,
1132 5471 1184 5523 in
1219 5487 1284 5526 eo
1313 5467 1552 5525 'tantum
1588 5486 1753 5526 cnco-

181 5536 437 5616 mio;sic
481 5543 788 5616 tamenut
818 5538 954 5616 nihil
997 5541 1056 5616 ei
1101 5540 1272 5608 desit,
1309 5558 1498 5597 eorum
1553 5543 1760 5616 quibus

183 5604 394 5682 Georgii
442 5617 593 5682 gesta
647 5608 969 5682 et__h_istoria
1003 5611 1222 5666 illorum
1259 5604 1588 5682 'ternpornni
1637 5613 1764 5682 illne

186 5677 344 5752 strari
389 5677 629 5752 poss_i_nt.
685 5675 916 5752 Videtur
966 5682 1140 5752 magis
1168 5684 1270 5738 niti
1333 5675 1500 5750 gestis
1542 5681 1762 5752 Georgii

1862 5133 1957 5171 seu
2005 5115 2215 5170 indicat
2261 5114 2552 5170 historiam
2593 5113 2878 5168 Athanasii
2923 5117 3064 5182 magi
3112 5112 3361 5167 conversi
3418 5129 3448 5166 τι

1861 5187 2122 5255 Georgio,
2161 5193 2216 5240 et
2261 5185 2544 5257 martyris,
2596 5199 2763 5257 quam
2817 5184 2908 5257 illa
2955 5183 3247 5257 Pisieratis
3294 5193 3446 5257 gesta

1863 5274 1971 5312 non
2003 5253 2224 5311 habent.
2261 5253 2458 5311 Mirum
2507 5263 2566 5308 nt
2615 5255 2818 5309 Baron.
2867 5255 2922 5308 in
2973 5253 3119 5308 notis
3165 5267 3354 5307 severe
3391 5255 3444 5306 in

1841 5343 1978 5383 'cam
2012 5328 2351 5396 pronuntiet,
2383 5327 2613 5384 velutin
2666 5333 3043 5396 assumentum
3100 5323 3446 5396 Arianicutn.

1863 5400 1967 5454 Sed
2003 5393 2114 5466 quo
2155 5398 2558 5453 fundamento?
2601 5397 2768 5450 Plane
2797 5394 3017 5456 leviori,
3051 5409 3214 5466 quam
3247 5401 3304 5446 ut
3342 5393 3444 5447 viri

1863 5465 2050 5541 gravis
2093 5471 2336 5541 animum
2369 5467 2672 5541 nllomodo
2723 5480 2941 5541 movere
2977 5475 3071 5518 aut
3105 5465 3269 5541 etiam
3325 5467 3448 5541 pul-

1861 5534 1984 5597 sare
2022 5539 2292 5594 debuerit.
2351 5540 2490 5607 Quid
2519 5539 2828 5602 enimvero,
2851 5537 3126 5607 iviruvere
3173 5534 3446 5607 industrie

1862 5626 1927 5665 ac
1961 5609 2208 5665 studiose
2229 5651 2242 5672 .
2282 5613 2333 5664 in
2356 5603 2418 5665 ea
2445 5610 2541 5663 tihi
2578 5609 2804 5662 historia
2832 5603 3129 5674 displicet?
3157 5604 3447 5659 Athanasii

1865 5697 2100 5748 nomen,
2163 5699 2323 5752 quem
2384 5684 2576 5748 magiae
2632 5678 3038 5752 insimulatum
3084 5683 3303 5732 constat
3374 5675 3448 5752 ab

186 5746 369 5826 relatis
422 5761 451 5799 a
481 5745 910 5826 “hletapltraste,
961 5745 1144 5826 quam
1197 5754 1267 5809 iis
1325 5745 1464 5826 quae
1499 5745 1768 5826 habent'nr
1865 5745 2113 5826 Arianis,
2157 5745 2314 5826 velut
2381 5745 2642 5826 Arianns,
2690 5749 2959 5826 Georgius
3028 5748 3253 5826 invasor
3295 5749 3446 5826 sedis

191 5816 387 5894 scripta
421 5831 450 5870 a
481 5815 764 5894 Pisicrate
799 5815 1163 5894 ejushl‘a'mulo
1186 5863 1200 5885 ,
1241 5815 1365 5894 quae
1396 5824 1564 5894 etiam
1597 5824 1770 5878 edidit
1868 5815 2279 5888 Alexandrinm,
2331 5835 2378 5878 et
2433 5823 2776 5894 nrthodoxAus
2813 5815 3445 5894 z‘t'thanasiuscjustleru

200 5886 540 5958 Upon-anus,
577 5898 630 5944 et
674 5886 882 5946 habent
924 5891 1079 5961 llegii
1117 5886 1361 5951 codices.
1399 5893 1532 5948 Nam
1579 5894 1769 5958 refert,

1873 5912 2032 5952 Verus
2066 5898 2315 5960 antistes,
2359 5893 2654 5963 assumptis
2686 5889 2908 5962 Georgii
2955 5891 3233 5963 martyris,
3272 5889 3444 5960 magi-
