3830 6326
655 311 792 355 ξενοδ-

94 345 257 411 11ῖ3
682 345 720 355 ’⁷
1426 371 1507 431 IN
1566 373 1628 433 s.
1664 372 2094 435 GEORGIUM.
2862 391 2876 403 -
3250 364 3384 430 117i

90 468 318 538 τέρων,
371 467 513 522 ἀλλὰ
556 468 711 535 θείας
752 470 979 543 ἀγάπης
1024 474 1367 549 οίκονομίαν,
1406 483 1503 536 καὶ
1548 483 1710 538 θείων

1835 495 2070 558 naturam
2123 483 2182 538 in
2240 480 2427 552 seipso
2480 480 2636 535 Patri
2694 496 2713 530 ι
2772 476 3079 534 consedere
3118 474 3251 534 fecit
3280 487 3326 529 ο.
3361 495 3379 526 ι

93 558 479 628 πραγμάτων
503 559 714 632 ἐναργῆ
758 562 1092 637 οἰκειότητα,
1128 567 1273 622 οὕτω
1300 571 1394 625 τού
1427 589 1713 647 μαρτυρη-

1841 576 1970 632 stud
2022 589 2212 646 porro,
2282 587 2393 627 non
2452 571 2821 625 humanarum
2877 582 3062 624 rerum
3105 566 3389 624 'fortuitus

96 647 342 751 Minoi,
409 649 751 751 ὑπερϐάλλον
792 652 893 721 τῆς
947 652 1090 725 ὑπὲρ
1139 655 1231 709 τὸν
1283 661 1715 732 μαρτυρήσαντα

1835 675 2073 731 :ventus,
2102 665 2199 721 sed
2247 662 2566 720 dilectionis
2613 659 2707 715 Dei
2740 658 3073 723 teconornia,
3116 672 3180 714 ac
3211 657 3387 711 mani-

97 738 374 810 στοργῆς
403 738 571 794 αύτοῦ
602 740 1005 807 διαδεικνύντος
1035 745 1203 816 ἡμῖν’
1230 745 1308 810 ὡς
1343 747 1420 821 μὴ
1462 753 1578 814 τοῖς
1608 751 1715 805 πά.

1835 752 1963 809 'esta
1990 753 2305 807 divinorum
2346 764 2575 820 operum
2624 748 2883 816 cognatio
2938 754 3062 801 est:
3119 749 3201 801 sic
3230 745 3392 800 nimi-

99 830 245 885 θεσι
301 831 470 901 μόνον
509 831 612 904 τὴν
647 834 786 905 πρὸς
824 835 989 889 αὐτὸν
1037 837 1343 909 ἐμφέρειαν
1381 842 1712 911 ἀποσώζειν,

1835 861 1941 901 rum
1973 845 2117 915 ipso,
2150 843 2311 914 cujus
2347 856 2515 897 causa
2551 839 2875 911 martyrium
2920 849 3237 908 susceptum
3268 837 3390 900 fuit,

98 922 265 977 ἀλλὰ
314 924 429 996 μὴν
457 925 555 978 καὶ
599 928 667 997 τῇ
692 926 788 979 τοῦ
840 926 1048 991 πάθους
1093 928 1295 1001 ήμέρᾳ.
1336 930 1572 1003 Ὁμοίως
1606 936 1718 1008 γὰρ

1835 952 2094 993 summum
2146 950 2335 999 suum,
2396 933 2670 1003 prodente
2718 944 2986 994 amorem,
3042 929 3096 983 in
3139 943 3266 983 eum
3300 929 3395 997 qui

100 1014 213 1069 καὶ
249 1015 375 1069 τῶν
407 1017 502 1070 τοῦ
547 1016 799 1071 ἐνιαυτοῦ
832 1019 1191 1091 μαρτυρικῶν
1222 1020 1444 1093 ἐξάρχει
1476 1025 1723 1096 πανηγύ-

1844 1029 1955 1085 llud
1988 1029 2272 1097 suscepit:
2326 1025 2489 1096 plane
2546 1032 2606 1077 ιιι
2660 1022 2891 1084 athleta,
2939 1034 3049 1075 non
3086 1019 3156 1074 iis
3218 1019 3397 1074 solum

1821 1135 1943 1190 quae
1985 1127 2072 1174 est
2106 1131 2330 1188 passus,
2376 1115 2473 1170 sed
2508 1122 2564 1170 et
2616 1113 2735 1184 ipsa
2800 1110 3084 1181 passionis
3127 1108 3238 1171 die,
3279 1109 3400 1179 ejus

1823 1208 2242 1266 similitudinem
2291 1207 2650 1276 exprimeret.
2719 1201 2902 1260 Simili
2982 1201 3185 1273 quippe
3238 1200 3402 1255 modo

1823 1304 1989 1361 etiam
2022 1303 2160 1358 alias
2212 1314 2430 1367 omnes,
2481 1307 2603 1353 toto
2649 1312 2798 1354 anno
2841 1297 3179 1368 martyribus
3206 1308 3405 1349 sacras

1824 1393 2180 1450 celebritates
2232 1391 2348 1446 htec
2400 1388 2679 1447 antecedit
2728 1387 2868 1461 (μὴ
2918 1402 3042 1457 qua:
3096 1387 3215 1441 sola
3282 1393 3406 1456 post

1823 1484 2034 1542 Christi
2069 1483 2505 1541 resurrectionis
2538 1481 2742 1538 festum
2766 1479 2937 1544 diem,
2970 1493 3142 1533 verno
3166 1477 3403 1548 tempori

1826 1593 1893 1634 ac
1924 1576 2204 1649 Splendori
2252 1575 2565 1646 praesideat.
2608 1575 2702 1629 Sic
2753 1572 2922 1645 igitur
2962 1572 3103 1627 laetis
3133 1571 3409 1626 athleticze

1828 1670 2173 1728 celebritatis
2200 1667 2479 1732 conﬁniis,
2507 1680 2690 1737 operas
2714 1665 2950 1736 pretium
2976 1673 3083 1727 est,
3112 1672 3171 1718 ut
3202 1669 3257 1717 et
3290 1662 3409 1732 ejus

102 1122 294 1175 ρεων,
330 1106 473 1178 μόνη
500 1107 637 1178 μετά
665 1107 764 1178 τήν
794 1108 1190 1180 ἀναστάσιμον,
1214 1114 1311 1183 τῆς
1335 1114 1556 1187 ἐαρινῆς
1583 1134 1721 1188 προ-

99 1200 426 1272 καθημένῃ
490 1200 897 1274 λαμπρότητος.
972 1204 1127 1258 Ἐπεὶ
1176 1201 1272 1260 οὖν
1316 1208 1460 1262 οὕτω
1511 1214 1723 1277 τερπνά

102 1290 225 1360 τῆς
254 1291 572 1363 ἀθλητικῆς
594 1294 802 1365 ταύτης
822 1296 1188 1369 πανηγύρεως
1206 1299 1276 1353 τὰ
1299 1300 1547 1373 μεθόρια.
1571 1302 1721 1373 ἀξιον

110 1384 223 1436 καὶ
254 1384 439 1454 αὐτῆς
480 1384 670 1439 λοιπὸν
726 1387 1004 1454 ὑποδεῖξαι
1051 1389 1114 1442 τὸ
1156 1370 1372 1454 κάλλος.
1418 1370 1723 1452 Κάλλοέδὲ

126 1474 531 1547 πανηγύρεως,
581 1475 615 1547 ἢ
667 1475 826 1544 λόγος
864 1479 1156 1551 σωτήριος,
1197 1480 1231 1550 ἢ
1276 1482 1477 1553 πρᾶξις
1520 1482 1721 1549 ἔνθεος.

130 1563 377 1634 Ἕλλησι
411 1566 525 1638 γὰρ
550 1567 643 1620 καὶ
672 1567 1006 1638 Βαρϐἀροις,
1042 1572 1135 1625 καὶ
1165 1572 1333 1626 πᾶσιν
1370 1567 1445 1628 ὧν
1478 1576 1510 1646 ή
1545 1574 1725 1645 πλάνη

131 1654 247 1707 τῶν
292 1655 538 1710 εἰδώλων
576 1659 930 1728 κατεκράτει,
985 1658 1148 1715 τοῦτο
1182 1663 1484 1734 σεμνότηςο
1524 1660 1593 1737 ἦν
1629 1665 1725 1720 καί⁹

137 1748 287 1820 χαρά
343 1749 577 1821 ξύρτιος,
613 1748 674 1803 τὸ
723 1749 813 1805 διά
857 1750 1041 1822 πάσης
1074 1754 1464 1826 ἀσχημοσύνης
1517 1773 1578 1810 τε
1630 1757 1725 1810 καὶ

1835 1764 2110 1833 deinceps,
2165 1759 2339 1818 decus
2391 1760 2752 1830 explicemus.
2819 1755 3178 1812 Celebritatis
3226 1762 3409 1809 autem

145 1840 421 1910 ἀκρασίας
448 1840 778 1912 θεραπεύειν
820 1842 949 1906 τοὺς
970 1842 1264 1915 ⁹δαίμονας.
1308 1845 1501 1914 Ἡμεῖς
1539 1846 1618 1913 δὲ,
1640 1843 1723 1912 οἷς

1835 1854 2001 1912 decus
2028 1859 2135 1921 est,
2166 1859 2283 1908 tum
2322 1850 2590 1908 salutaris
2621 1849 2829 1915 oratio,
2858 1855 2977 1904 tum
3006 1848 3194 1903 divina
3228 1846 3411 1915 aliqua

148 1931 413 2002 τρόπαιον
443 1932 535 1986 τοῦ
559 1931 800 2003 σταυροῦ
835 1932 979 1988 κατά
1006 1934 1102 1988 τοῦ
1141 1935 1376 1990 θανάτου
1401 1936 1725 2010 δεδώρηται,

158 2025 460 2079 τούναντίον
478 2043 493 2059 ο
517 2025 580 2079 τὸ
604 2026 694 2079 διὰ
719 2027 900 2098 πάσης
930 2028 1131 2093 αὐτοὺς
1153 2030 1538 2101 καταισχύνειν
1563 2033 1725 2107 ἀθλή-

171 2131 317 2180 σεως.
344 2115 533 2170 Ἔνθεν
560 2117 765 2187 ήδονῶν
810 2118 1029 2184 ἔκλυσις
1058 2120 1137 2184 ὠς
1178 2122 1400 2194 αίσχρά,
1440 2126 1677 2200 ἐμισήθη
1703 2144 1716 2160 ·

179 2204 261 2256 καὶ
286 2204 434 2270 πόνος
460 2207 672 2279 ἀρετῶν
707 2208 802 2261 καὶ
831 2208 1063 2275 θάνατος
1102 2211 1245 2285 ὑπὲρ
1269 2205 1577 2285 εὐσεϐείας,
1610 2222 1724 2285 τοῖς

188 2302 369 2361 πιστοῖς
407 2297 482 2361 ὡς
526 2299 659 2369 ἡδὺς
705 2300 1030 2372 προεκρίθη.
1067 2304 1260 2359 Ἔνθεν
1308 2308 1341 2378 ή
1389 2307 1565 2381 πλάνη
1617 2311 1729 2368 τῶν

191 2384 392 2441 εἰδώλων
440 2387 716 2459 ἐσϐέσθη,
765 2390 862 2445 καὶ
904 2391 972 2445 τά
1032 2392 1211 2466 πλήθη
1259 2397 1370 2450 τῶν
1429 2400 1729 2472 μαρτύρων

192 2477 485 2549 ἀνέλαμψαν.
523 2480 721 2535 Ἔνθεν
760 2481 993 2552 οὐρανὸς
1022 2483 1090 2537 τὰ
1135 2486 1357 2555 ἐπίγεια
1393 2488 1606 2559 γέγονε,
1647 2491 1729 2544 δίο

192 2585 272 2640 κην
292 2570 525 2642 ἀστέρων
552 2575 668 2637 τοῖς
685 2573 862 2643 ἁγίοις
892 2579 1392 2650 κατακοσμούμενα
1411 2597 1428 2615 ο
1462 2583 1559 2637 καὶ
1592 2600 1732 2637 παν-

190 2661 379 2731 ημέριος
423 2663 584 2737 ἑορτὴ
639 2668 740 2738 τήν
767 2668 1097 2739 οίκουμένην
1130 2671 1375 2743 κατέχει,
1416 2674 1486 2729 τὰ
1523 2674 1730 2733 τούτων

188 2751 409 2822 τρόπαια,
458 2755 556 2810 καί⁸
601 2755 673 2810 τὰ
720 2758 929 2813 τούτων
979 2758 1207 2831 λείψανα
1262 2764 1544 2833 τιμῶσανο
1602 2769 1729 2835 τοὺς

187 2840 362 2897 τούτων
387 2845 607 2914 ἀγῶνας
637 2848 1121 2920 πανηγυρίζουσαν
1140 2867 1156 2883 ο
1199 2852 1423 2921 ἀγῶνας
1464 2855 1523 2910 δὲ
1553 2857 1726 2928 λέγων

171 2931 309 2996 οὓςδ
339 2937 434 3008 μὲν
492 2940 673 3004 κοινὸς
724 2941 919 3014 ἐχθρὸς
974 2943 1305 3018 κακούργως
1366 2949 1728 3022 ὲνεστήσατοσ

166 3027 266 3098 τήν
292 3030 658 3102 προσκύνησιν
707 3036 802 3087 καὶ⁵
846 3034 909 3089 τδ
960 3036 1327 3108 ἀκοινώνητον
1376 3040 1548 3113 ὄνομα
1580 3046 1732 3113 φιλο-

171 3118 351 3172 νεικῶν
379 3117 464 3173 διὰ
489 3121 659 3190 μέσου
685 3122 797 3176 τῶν
821 3121 1059 3179 εἰδώλων
1088 3125 1252 3191 αὐτὸς
1281 3126 1725 3199 ἀπενέγκασθαι·

174 3205 272 3261 ὁδὶ
294 3209 506 3264 πάντων
530 3209 690 3276 Θεὸς,
730 3213 929 3286 Σωτήρ
953 3231 1011 3267 τε
1033 3215 1128 3269 καὶ
1159 3194 1516 3291 σταδιάρχη-ς,
1549 3221 1733 3290 φιλαν-
1761 3194 1803 3251 ο

178 3294 390 3367 θρὼπως
421 3300 796 3375 συνεχώρησε,
832 3306 957 3360 κατ’
985 3306 1153 3361 αὐτοῦ
1177 3309 1405 3382 νικητήν
1428 3311 1491 3365 τὸ
1520 3312 1736 3385 ἀνθρώ-

178 3404 313 3443 πινον
351 3391 629 3458 ἀναδεῖξαι
680 3395 1043 3468 βουλόμενος
1096 3401 1184 3456 ἵνα
1219 3402 1313 3473 ὑφ’
1361 3398 1438 3460 ὧν
1483 3406 1561 3472 ὡς
1601 3408 1736 3474 Θεὸς

184 3481 338 3574 ἐζήτει
382 3489 834 3557 προσκυνεῖσθαι,
872 3493 979 3547 ὑπὸ
1030 3495 1238 3551 τούτων
1277 3498 1353 3564 ὡς
1396 3502 1591 3574 νεκρὸς
1636 3519 1732 3573 γε-

183 3573 319 3629 λᾶται
360 3579 727 3649 πατούμενος.
786 3582 944 3640 Ἐπεὶ
972 3583 1068 3641 οὖν
1114 3589 1218 3658 τῆς
1267 3573 1660 3664 είδωλομανίας
1707 3598 1737 3652 ὀ

182 3664 340 3736 ζόφος,
368 3670 627 3742 τηνικάδε
657 3674 802 3729 κατά
823 3674 1007 3747 πάσης
1039 3675 1220 3749 χεθεὶς
1248 3680 1349 3753 τῆς
1377 3685 1732 3756 οἰκουμένης.

185 3759 358 3830 μικροῦ
393 3763 490 3816 καὶ
517 3762 620 3834 τὴν
659 3765 919 3837 ἀοίκητον
962 3766 1193 3840 ἔπλησε,
1241 3772 1429 3842 σχεδον
1476 3775 1736 3831 ἁπάντων

183 3850 302 3921 πρὸς
357 3854 458 3925 τὴν
525 3856 784 3912 ἀσέϐειαν
842 3860 1325 3931 αὐτομολούντων·
1381 3866 1476 3920 καὶ
1532 3867 1735 3933 πάντες

175 3938 386 4011 deerrat
415 3943 555 4018 λήθη
580 3945 673 4001 τοῦ
707 3947 877 4013 ϐντως
907 3949 1045 4004 Θεοῦ
1071 3951 1473 4023 παραδοθέντες
1498 3955 1734 4027 δέσμιοι,

175 4034 386 4100 σκότους
418 4037 517 4092 καὶ
551 4041 775 4111 μακρᾶς
806 4041 1002 4106 νυκτὸς
1033 4043 1265 4115 ⁴ιτεδῆται
1293 4045 1734 4118 ἀποδειχθέντες,

167 4129 285 4202 περὶ
314 4130 516 4185 πολλοῦ
549 4132 611 4185 τὸ
634 4133 817 4188 σέϐειν
847 4135 1133 4191 ἐποιοῦντο
1165 4140 1292 4202 τοὺς
1319 4139 1583 4211 δαίμονας
1603 4157 1618 4173 ·
1643 4144 1736 4197 καὶ

159 4222 440 4293 φάσμασιν
486 4223 566 4287 ὡς
617 4223 890 4295 θαύμασιν
929 4229 1442 4301 ἐκδειματούμενοι,
1472 4232 1736 4289 δεισιδαι-

147 4314 472 4385 μονέστεροι
516 4316 647 4370 καθ’
693 4319 933 4389 ἑκάστην
993 4320 1343 4384 ἐδείκνυντο·
1406 4323 1462 4378 οῖ
1512 4342 1574 4378 τε
1635 4326 1735 4398 τῆς

141 4407 411 4471 ἀσεϐείας
437 4410 671 4481 ἀρχηγοὶ
698 4410 798 4464 καὶ
820 4411 1177 4478 σπουδασταὶ,
1212 4415 1600 4489 Διοκλητιανδς
1639 4418 1735 4473 καὶ

1833 1944 1999 2001 actio.
2053 1943 2262 2000 Graecis
2306 1932 2532 2013 quidem
2577 1949 2634 1997 et
2688 1938 2978 2003 Barbaris,
3044 1936 3414 2006 omnibusque

1834 2037 1983 2105 aliis,
2039 2037 2249 2107 quibus
2302 2034 2583 2090 idolorum
2627 2046 2788 2087 error
2836 2028 3254 2094 dominabatur,
3301 2027 3413 2081 diei

1834 2127 1960 2186 festi
1994 2129 2256 2184 honestas
2292 2133 2347 2182 et
2373 2123 2706 2194 iucunditas
2734 2136 2799 2178 ea
2828 2129 2970 2185 erat,
3005 2127 3066 2174 ut
3098 2119 3249 2174 omni
3292 2127 3413 2172 tur-

1833 2220 2086 2293 pitudine
2155 2226 2211 2274 et
2284 2214 2741 2286 intemperantia,
2803 2212 3084 2267 daemones
3141 2212 3410 2265 colerent.

1832 2312 2002 2368 Nobis
2033 2326 2188 2377 vero,
2220 2309 2430 2381 quibus
2480 2307 2671 2363 crucis
2738 2315 3008 2375 tropaeum
3038 2310 3232 2360 contra
3266 2317 3414 2356 mor-

1833 2413 1942 2461 tem
1991 2403 2257 2460 donatum
2308 2403 2404 2468 sit,
2445 2415 2611 2457 secus
2661 2398 2949 2455 omnino:
3005 2405 3068 2452 ut
3124 2396 3410 2458 nimirum,

1833 2498 1983 2553 omni
2007 2495 2232 2554 eosdem
2267 2493 2596 2560 certamine,
2634 2490 2844 2563 probro
2888 2488 3193 2545 adiciamus
3219 2502 3284 2542 ac
3315 2501 3415 2541 ex-

1836 2606 2167 2661 pugnemus.
2198 2588 2575 2656 Quamobrem
2614 2584 2963 2655 voluptatum
3007 2581 3324 2647 dissolutio,
3356 2585 3418 2634 ut

1834 2683 1967 2752 quid
2023 2692 2185 2753 turpe
2250 2681 2427 2736 invisa
2480 2686 2608 2737 est:
2661 2676 2819 2732 labor
2881 2685 3065 2730 autem
3125 2675 3414 2737 virtutum,

1835 2789 2099 2845 morsque
2122 2788 2224 2845 pro
2257 2771 2466 2844 pietate
2520 2775 2806 2839 suscepta,
2840 2776 2903 2822 ut
2938 2765 3123 2822 dulcis
3144 2772 3419 2835 praeopta-

1837 2876 1949 2925 tur.
1991 2866 2132 2922 Hinc
2186 2865 2397 2921 factum
2447 2870 2535 2920 est
2593 2870 2656 2919 ut
2701 2861 2979 2916 idolorum
3024 2873 3185 2914 error
3210 2855 3419 2912 exstin-

1836 2967 1960 3014 ctus
1987 2958 2062 3013 sit
2084 2955 2582 3029 splenduerintque
2602 2962 2910 3024 martyrum
2944 2949 3171 3021 populi:
3199 2956 3259 3003 ut
3289 2948 3417 3003 item

1838 3058 2087 3114 terrena,
2136 3048 2272 3103 viris
2304 3047 2520 3103 sanctis
2564 3060 2669 3101 ceu
2720 3043 2901 3100 stellis
2948 3039 3418 3113 perornata,r¢eli

1840 3145 2015 3200 instar
2056 3140 2380 3200 evaserint:
2430 3149 2619 3208 atque,
2673 3142 2734 3192 ut
2788 3136 2979 3191 orbem
3009 3141 3197 3196 terrae,
3230 3130 3416 3203 quoti-

1836 3236 2005 3292 diana
2082 3233 2334 3306 quaedam
2402 3232 2668 3303 iugisque
2721 3227 3043 3293 celebritas,
3115 3234 3415 3295 martyrum

1837 3336 2040 3396 tropaea
2056 3340 2121 3381 ac
2139 3339 2333 3380 eorum
2359 3322 2621 3394 reliquias
2648 3320 3039 3382 bouorantem,
3068 3315 3419 3387 publicisque

1836 3417 2204 3474 Conventibus
2232 3430 2425 3471 eorum
2456 3412 2764 3491 certamina
2792 3408 3186 3472 celebrantem,
3217 3418 3449 3461 nomen-

1836 3524 1945 3580 que
1981 3509 2119 3564 illud
2152 3503 2680 3563 incommunicabile
2705 3540 2723 3567 ,
2777 3499 2941 3556 idolis
2990 3498 3190 3575 inertiis
3240 3493 3419 3550 vindi~

1836 3617 1965 3657 care
1995 3619 2009 3656 :
2037 3600 2430 3655 universorum
2474 3605 2660 3652 autem
2710 3593 2847 3659 Deo,
2894 3591 3181 3646 Salvatore
3229 3587 3326 3644 illo
3354 3601 3420 3642 ac

1838 3692 1998 3749 stadii
2036 3690 2295 3763 praeside,
2350 3705 2450 3759 pro
2478 3704 2581 3745 suo
2624 3687 2681 3740 in
2725 3686 3032 3739 humanum
3073 3696 3250 3753 genus
3293 3694 3419 3749 pro.

1835 3784 2082 3859 peusiori
2123 3782 2323 3838 affectu
2356 3780 2734 3851 permittente,
2780 3788 2893 3844 quo
2921 3773 3221 3827 humanam
3255 3782 3417 3824 natu-

1839 3893 1955 3934 ram
1973 3874 2265 3933 victricem
2289 3872 2559 3927 adversus
2590 3868 2742 3921 illum
2762 3862 3121 3927 ostenderet;
3150 3868 3210 3916 ut
3239 3875 3270 3915 a
3293 3860 3420 3931 qui-

1840 3969 1940 4023 bus
1967 3963 2242 4027 studebat,
2306 3968 2570 4029 tanquam
2628 3955 2774 4010 Deus
2822 3950 3070 4018 adorari,
3104 3948 3302 4005 iisdem
3333 3948 3419 4003 in-

1837 4071 1952 4115 star
1982 4053 2290 4131 proculcati
2322 4049 2635 4114 cadaveris,
2676 4045 2918 4102 ludibrio
2942 4050 3114 4100 esset.
3144 4040 3418 4108 Quoniam

1840 4152 2008 4221 igitur
2053 4147 2235 4203 insani
2285 4143 2559 4200 idolorum
2615 4138 2800 4193 cultus
2848 4135 3032 4207 caligo
3070 4147 3138 4189 eo
3172 4142 3420 4203 tempore

1839 4257 1935 4314 per
1969 4253 2191 4296 omnem
2216 4244 2493 4293 terrarum
2525 4231 2715 4289 orbem
2766 4227 2966 4293 ell‘usa,
2987 4225 3074 4282 vel
3101 4238 3198 4279 eas
3224 4237 3420 4294 prope-

1837 4335 2061 4391 modum
2121 4339 2309 4404 partes
2362 4344 2485 4401 qua:
2540 4342 2650 4382 non
2731 4324 3105 4389 habitantur,
3162 4317 3419 4376 omnibus

1840 4427 1954 4484 fere
1991 4425 2058 4479 ad
2087 4425 2427 4495 impietatem
2467 4418 2880 4480 deﬁcientibus,
2918 4415 3267 4487 repleverat:
3295 4425 3419 4466 om-

145 4500 516 4568 ὶίαγνὲντιος,
548 4502 647 4555 καὶ
674 4502 725 4556 οἱ
758 4503 903 4558 κατά
933 4505 1090 4559 πόλιν
1121 4505 1330 4561 τούτων
1360 4510 1728 4576 ὑπασπισταὶ,

1838 4531 2048 4586 nesque
2106 4528 2266 4569 catcze
2312 4512 2457 4582 ejus,
2517 4510 2610 4580 qui
2652 4509 2795 4565 llcus
2850 4521 3040 4563 revera
3073 4511 3249 4567 esset,
3281 4501 3418 4557 obli-

146 4590 297 4645 συῶν
344 4592 633 4663 ὁρμήματι
676 4597 749 4668 τῇ
801 4596 1027 4668 ἀσεϐείᾳ
1063 4601 1560 4673 προχωρήσαντες,
1612 4606 1731 4657 ἐπι-

145 4682 335 4753 μελῶς
396 4685 491 4738 ἐπὶ
537 4685 606 4739 τά
639 4687 856 4758 πονηρά
905 4691 1291 4760 κατεγίνοντοο
1339 4711 1359 4744 ι
1398 4696 1508 4748 Καὶ
1538 4697 1638 4750 οὐκ
1666 4693 1732 4766 ἦν

142 4775 442 4837 άνάνευσις
476 4775 535 4827 ἑν
564 4775 645 4845 τῷ
678 4776 896 4843 θανάτῳ
925 4779 1136 4833 αὐτῶν*
1172 4800 1191 4832 ι
1227 4784 1589 4852 πορευόμενοι
1624 4786 1731 4859 γὰρ

141 4864 479 4937 ἐπορεύοντο
533 4868 612 4939 τῷ
640 4869 784 4938 φωτὶ
814 4870 909 4924 τοῦ
941 4874 1115 4945 πυρὸς
1145 4874 1332 4929 αὐτῶν
1351 4893 1365 4907 ’
1402 4895 1422 4929 ι
1448 4875 1589 4933 Οὔτε
1626 4879 1734 4953 μὴν

143 4959 446 5031 στερέωμα
479 4961 540 5013 ὲν
568 4963 637 5033 τῇ
675 4961 903 5031 μάστιγι
936 4964 1140 5032 αὐτῶν,
1173 4985 1193 5018 ι
1230 4968 1326 5021 τοῦ
1355 4968 1492 5023 Θεοῦ
1525 4988 1733 5042 μακροο

140 5048 341 5120 θύμως
376 5050 731 5120 ἀνεχομένου,
763 5053 912 5118 ὅπως
945 5054 997 5108 oi
1032 5055 1231 5111 δίκαιοι
1257 5059 1491 5127 φανῶσι,
1518 5061 1612 5115 καὶ
1648 5062 1725 5133 μὴ

220 5206 466 5278 °Ephes.
507 5222 568 5274 ιι,
608 5207 663 5262 6.

1835 4606 2008 4668 vioni,
2067 4605 2240 4659 vincti
2301 4602 2493 4657 traditi
2552 4600 2691 4671 (45),
2744 4607 2911 4667 atque
2960 4596 3314 4651 tenebrarum
3363 4601 3418 4645 et

1835 4697 2014 4767 longre
2047 4694 2232 4750 noctis
2277 4690 2641 4762 compedibus
2689 4689 2916 4752 irretiti,
2965 4688 3174 4743 cultum
3206 4685 3416 4740 daemo-

1835 4803 1967 4844 num
1999 4785 2218 4857 plurimi
2246 4782 2525 4839 faciebant
2549 4798 2566 4845 ;
2595 4797 2660 4837 ac
2682 4781 2838 4836 vanis
2863 4779 3124 4851 spectris,
3151 4787 3413 4848 tanquam

1837 4877 2124 4933 miraculis
2172 4873 2579 4946 perterrefacti,
2638 4873 2694 4927 in
2741 4872 2864 4928 dies
2914 4868 3293 4927 eﬂlciebantur
3322 4883 3417 4924 su-

1836 4968 2273 5041 perstitiosiores
2302 4984 2317 5021 :
2351 4973 2466 5021 tum
2497 4965 2783 5033 nimirum,
2820 4962 3127 5034 impietatis
3160 4962 3331 5017 duces
3359 4970 3415 5015 et

1835 5071 2116 5117 amatores
2187 5057 2609 5139 studiosissimi,
2683 5057 3084 5122 Diocletianus,
3161 5054 3409 5125 inquam,

1480 5305 1869 5363 COMBEFISII
1899 5303 2133 5365 ΝΟΤᾸΞ.

222 5395 334 5465 (ιι)
375 5394 837 5475 ιιςςε-αιιιεεεάίι.
876 5399 1252 5475 Μαρτυρικῶν
1295 5400 1520 5475 ἐξάρχει
1562 5421 1740 5475 πανη-

149 5462 385 5548 γύρεων.
434 5465 805 5548 νειιιείιιιιιιιε
824 5462 1247 5548 ecclesiasticus
1272 5462 1735 5548 et'cél'cbritatur'n

156 5538 348 5620 series,
385 5551 566 5620 pore.
584 5537 938 5620 Hebraeorum
970 5556 1020 5620 a_
1050 5539 1338 5620 Qascliate,
1374 5551 1430 5597 et
1470 5542 1737 5600 Resurre-

156 5607 354 5662 rtionis
384 5606 882 5683 festivissimodie,
902 5610 1189 5683 incipiat_:
1215 5627 1531 5683 quanquam
1560 5615 1732 5671 Graeci

158 5692 354 5731 annum
385 5692 415 5730 ιι
461 5677 769 5747 Septembri
807 5677 1104 5747 inclinarit,
1146 5677 1333 5736 Latini
1374 5677 1401 5734 ιι
1452 5683 1730 5741 Decembri

157 5761 202 5799 et
259 5747 482 5828 praeviis
520 5747 744 5828 "Natalis
782 5749 999 5828 Domini
1034 5751 1206 5808 feriis.
1243 5753 1319 5806 ita
1376 5752 1575 5822 Graeci,
1620 5757 1721 5810 im~

160 5817 419 5889 peratoris
444 5817 773 5875 indictioncs
807 5822 1002 5876 secuti.

1909 5403 2019 5472 (45)
2066 5402 2234 5457 Caere
2276 5401 2417 5472 ejus,
2447 5401 2539 5472 qui
2583 5398 2724 5453 Deus
2775 5414 2954 5452 revera
2990 5393 3411 5472 esset_oblt'tgioni

1836 5466 2012 5528 vincti
2042 5473 2251 5527 traditi.
2298 5466 2415 5527 Deo
2456 5466 2718 5524 nimirum
2773 5472 3025 5522 tradente
3054 5466 3409 5536 exigentibus

1836 5544 2081 5614 peccatis
2106 5560 2120 5596 :
2144 5542 2694 5614 quomodoyidemus
2722 5538 2777 5592 in
2811 5538 2948 5614 ipsis
2970 5535 3065 5614 qui
3106 5535 3406 5614 _C.hristiaui

1834 5606 2041 5678 essent,
2073 5606 2371 5669 accensum
2424 5611 2552 5681 jam,
2584 5609 2785 5664 divina:
2823 5606 3068 5681 scientia:
3106 5606 3289 5681 lumen
3320 5621 3411 5681 es.

1836 5674 2063 5750 stingui.
2117 5681 2303 5753 Longe
2336 5674 2497 5737 aliter
2542 5676 3126 5753 iuterpres_Lipomani
3179 5674 3263 5729 vel
3300 5675 3408 5730 alio

1816 5748 2158 5878 ,exlemplari,
2214 5748 2300 5808 νει
2362 5754 2479 5824 ipso
2527 5765 2556 5804 a
2624 5748 2703 5815 se,
2762 5748 2947 5804 minus
3005 5759 3289 5818 congrue,
3348 5756 3407 5800 ιιι

1828 5833 1987 5878 seet.

1828 5833 1987 5881 solet.
