3830 6326
43 378 189 478 1m

1382 414 1468 475 ΙΝ
1509 414 1574 475 S.
1605 414 2039 476 GEORGIUM.

3204 393 3342 461 1178

39 521 348 583 είὸωλικοῦ
396 521 663 596 βορϐόρου
715 521 1024 598 άνέθαλενσ
1050 522 1138 588 ’ος
1193 525 1536 596 κυπάρισσος
1588 524 1646 577 ὲν

1760 540 1917 581 usum
1971 519 2269 579 excolitur.
2302 515 2457 572 Solet
2493 512 2642 569 enim
2694 510 2857 576 solet,
2891 508 3058 565 e;iam
3098 505 3341 561 nominis

39 611 195 689 χορῷ
241 610 431 682 βάτων
452 628 467 643 ο
497 611 575 675 ὡς
602 611 762 667 ἐλαία
803 613 1166 686 κατάκαρπος
1201 617 1263 669 ὲν
1292 616 1518 686 ἐρήμῳ⁶
1560 614 1682 680 καὶ,

39 713 110 768 ὡς
150 704 352 775 φοίνιξ
397 705 709 774 γλυκαίνων
758 706 888 771 τοὺς
940 708 1001 760 έν
1051 708 1283 779 πικρία·
1323 707 1400 772 ὡς
1451 707 1654 778 σελήνη

39 797 391 868 πλησιφαὴς
418 798 477 850 ὲν
508 798 846 870 στυγνοτάτῃ
877 798 1036 854 νυκτί
1058 816 1074 832 ο
1101 799 1179 864 ὡς
1209 799 1417 871 πυρσὸς
1440 799 1499 852 ὲν
1526 815 1653 852 σκο-

39 892 298 962 τομήνῃ.
338 892 455 954 τοῖς
482 891 624 944 κατὰ
654 890 716 944 τὸ
744 891 983 959 πέλαγος
1009 891 1110 962 τῆς
1143 892 1399 957 ἀσεϐείας
1434 892 1656 945 πλανω-

40 982 282 1059 μένοιςο
346 981 424 1045 ὡς
490 982 721 1053 φωστὴρ
778 983 1037 1049 ἑωθινὸς,
1085 985 1148 1037 ὲν
1205 985 1356 1055 μέσῳ
1405 983 1654 1056 ζοφερῶν

39 1073 305 1143 νεφελῶν
325 1089 340 1103 ·
370 1073 447 1137 ὡς
467 1072 625 1146 ἥλιος
648 1076 706 1127 εν
736 1075 924 1145 γνόφῳ
949 1076 1170 1146 συνεχεῖ
1196 1076 1420 1147 φαιδρὸν
1451 1076 1660 1146 ἐκλάμ-

39 1184 170 1223 πων
207 1166 399 1229 σέλας.
432 1165 496 1219 Et
531 1165 587 1219 δὲ
627 1166 725 1220 καὶ
757 1166 881 1221 ὅθεν
907 1166 1031 1236 ἔφυ,
1063 1167 1158 1221 καὶ
1187 1167 1289 1239 τὴν
1326 1166 1436 1221 ἀπὸ
1465 1167 1657 1235 γένους

46 1262 245 1327 ζητεῖς
270 1257 575 1328 εὖκληρίαν
596 1273 611 1288 °
643 1257 715 1311 τά
753 1258 1060 1329 πράγματα
1091 1257 1280 1328 βοῶσι,
1304 1259 1512 1313 Τέκνον
1554 1258 1655 1311 αὐ-

50 1352 149 1404 τὸν
176 1344 325 1403 εἶναι
356 1348 518 1414 Θεοῦ,
546 1350 642 1402 καὶ
669 1350 771 1419 τῆς
818 1350 933 1404 ἄνω
976 1350 1341 1422 Ἰερουσαλὴμ
1372 1352 1470 1421 τῆς
1498 1351 1650 1403 ἐλευ-

55 1444 264 1512 θέρας·
308 1462 328 1494 ι
359 1444 518 1497 Ὅσοι
550 1442 661 1513 γάρ
692 1442 887 1497 ἔλαϐον
913 1443 1097 1507 αὑτὸν,
1130 1444 1297 1514 φησιν
1330 1446 1358 1497 ὁ
1398 1443 1654 1514 μαθητὴς

57 1536 158 1591 καὶ
190 1535 487 1605 παρθένος,
523 1534 724 1588 ἔδωκεν
763 1533 953 1597 αὐτοῖς
1004 1533 1255 1599 ἐξουσίαν
1297 1534 1466 1588 τέκνα
1509 1531 1647 1586 Θεοῦ

57 1627 334 1697 γενέσθαι,
382 1628 495 1691 τοῖς
542 1625 896 1679 πιστεύουσιν
943 1626 1026 1689 είς
1071 1625 1134 1680 τὸ
1168 1625 1340 1695 δνομα
1381 1624 1584 1679 αὐτοῦ’
1621 1644 1641 1677 ι

56 1721 243 1783 ὁποῖος
269 1714 339 1788 ἦν
372 1716 674 1789 Γεώργιος,
708 1716 858 1789 ἔργῳ
888 1717 951 1771 τὸ
991 1718 1150 1787 γένος
1183 1716 1568 1789 πιστούμενος.

1759 617 1880 685 ipsa
1910 610 2226 684 appellatio,
2260 605 2359 662 Dei
2386 603 2647 677 gratiam,
2683 608 2742 657 et
2766 599 3056 654 hominum
3079 598 3338 652 virtutem

1760 708 1941 778 palam
1972 704 2258 758 declarare
2291 718 2306 754 :
2345 695 2493 768 quod
2519 696 2576 749 in
2600 691 2877 747 Abraham
2905 697 2960 743 et
2989 686 3150 753 Sara,
3187 686 3339 739 lsaac

1759 776 1981 870 quoque
2023 803 2079 851 et
2128 791 2321 857 Iacob,
2372 804 2436 844 ac
2467 786 2641 853 Mose,
2684 783 2918 851 aliisque
2944 778 3221 849 pluribus,
3254 776 3338 829 fa-

1761 869 1910 946 ctum
1961 886 2282 943 didicimus.
2320 880 2449 937 Fuit
2499 879 2593 933 bic
2638 887 2693 932 et
2735 873 2960 929 nomine
2991 878 3046 926 et
3071 887 3133 924 re
3162 869 3339 924 Geor.

1758 983 1903 1055 gius.
1937 978 2062 1043 liic,
2096 987 2364 1043 tanquam
2409 985 2539 1026 rosa
2583 969 2637 1022 in
2669 964 2868 1021 mediis
2899 961 3081 1031 spinis
3116 959 3170 1013 id
3199 968 3340 1011 tem-

1753 1073 1907 1146 poris
1958 1072 2346 1127 exortus'est,
2397 1068 2453 1118 et
2490 1068 2754 1129 tanquam
2799 1055 2976 1109 lilium
3009 1061 3060 1116 ιι,
3108 1064 3336 1106 suavem

1751 1143 1974 1236 pietatis
2009 1160 2237 1217 odorem
2265 1155 2481 1220 elilans,
2508 1154 2564 1206 in
2596 1148 2776 1204 medio
2816 1143 3146 1200 idololatria:
3176 1154 3339 1195 como

1752 1254 2012 1313 efﬂoruit.
2053 1249 2219 1304 Velut
2247 1257 2574 1316 cupressus,
2604 1241 2660 1296 in
2692 1252 2889 1307 campo
2920 1235 3078 1290 rubis
3109 1247 3173 1286 ac
3209 1247 3339 1288 seu~

1753 1348 1902 1401 tibus
1932 1341 2181 1405 horrido,
2213 1345 2273 1392 ιιι
2303 1336 2447 1390 oliva
2483 1330 2772 1387 fructifera
2803 1329 2858 1381 in
2886 1327 3132 1388 deserto,
3168 1334 3338 1391 utque

1752 1437 1937 1508 palma
1987 1432 2177 1488 dulces
2230 1427 2469 1484 reddens
2527 1424 2744 1478 fructus
2771 1419 2904 1475 olim
2953 1430 3217 1480 amaros;
3276 1419 3338 1466 ut

1750 1531 1882 1584 luna
1915 1527 2098 1599 plena,
2150 1520 2473 1577 tristissima
2515 1524 2718 1582 nocte;
2755 1522 2817 1568 ut
2864 1510 3069 1574 facula,
3097 1508 3334 1561 obscura

1751 1597 2014 1690 caligine,
2073 1616 2144 1671 iis
2190 1611 2497 1684 praferens
2545 1610 2729 1662 lucem
2767 1602 2863 1674 qui
2918 1604 2973 1657 in
3027 1597 3336 1668 impietatis

1749 1714 1947 1785 pelago
1970 1716 2244 1775 errarent;
2277 1714 2338 1760 ut
2366 1703 2528 1759 stella
2562 1698 2856 1762 matutina,
2888 1695 2945 1750 in
2980 1692 3163 1747 medio
3187 1698 3338 1743 atra—

52 1824 184 1910 ιδξιω
218 1809 488 1877 nubium;
532 1818 591 1864 ut
622 1808 708 1910 sol
749 1810 1011 1910 denique,
1056 1811 1264 1875 laetum,
1314 1811 1489 1866 densa
1526 1808 1787 1881 caligine,
1847 1802 2201 1877 splendorem
2259 1798 2547 1854 emittens.
2605 1791 2765 1858 Quod
2830 1790 2876 1846 si
2952 1786 3113 1842 etiam
3188 1780 3336 1837 unde

903 1901 933 1910 ’⁷
987 1908 994 1910 ’
1289 1901 1300 1910 “
1518 1899 1531 1910 ⁸
1794 1898 1806 1910 “
1858 1905 1869 1910 -
1999 1895 2013 1906 ·
2088 1906 2104 1910 -
2145 1904 2275 1910 --ρη
2326 1888 2558 1910 Δι--υ--ι-ιι
2649 1881 2739 1910 n..:
2782 1878 2980 1910 mn...“
3028 1876 3174 1910 Imm,
3212 1888 3336 1910 nam

45 1908 141 1962 sit
160 1911 343 1967 ortus,
395 1914 463 1954 ac
495 1900 715 1970 generis
741 1900 1093 1957 nobilitatem
1133 1901 1370 1971 quaeris;
1402 1915 1492 1956 res
1516 1899 1650 1969 ipsa:
1723 1876 1893 1952 velut
1942 1895 2113 1950 missa
2144 1904 2280 1945 voce
2322 1888 2587 1948 clamant,
2648 1881 2741 1935 Dei
2780 1878 2983 1933 Filium
3028 1876 3176 1930 hunc
3212 1888 3337 1928 esse

54 2007 139 2050 ac
162 2006 410 2061 supernae
463 1991 615 2048 illius
672 1990 983 2048 Jerusalem
1010 2030 1026 2057 ,
1077 2006 1202 2062 quae
1248 1964 1424 2048 libera
1469 1964 1602 2045 est:
1646 2006 1666 2039 ι
1705 1987 1993 2057 Quotquot
2042 1982 2193 2038 enim
2228 1980 2562 2048 receperunt
2602 1986 2768 2033 eum,
2839 1967 3023 2036 inquit
3084 1964 3336 2032 discipu-

72 2090 158 2140 tus
179 2083 269 2139 ille
299 2084 492 2154 virgo,
531 2081 683 2138 dedit
708 2082 792 2139 eis
837 2052 1164 2153 potestatem
1188 2083 1334 2138 ﬁlios
1362 2082 1456 2138 Dci
1491 2081 1631 2147 ﬁeri,
1672 2052 1785 2147 bis,
1825 2052 1923 2149 qui
1986 2076 2224 2131 credunt
2280 2071 2339 2125 in
2393 2064 2625 2123 nomine
2677 2060 2800 2131 ejus
2834 2066 2882 2125 ο,
2931 2076 2951 2109 ι
3011 2052 3329 2124 cujusmodi

90 2178 174 2234 fuit
196 2176 467 2250 Georgius
491 2216 507 2241 ,
562 2177 658 2249 qui
716 2178 937 2250 generis
968 2178 1056 2233 sui
1102 2177 1452 2233 nobilitatem
1482 2175 1645 2231 factis
1681 2171 2087 2244 comprobavit.

155 2273 298 2327 Ἐπὶ
334 2244 401 2328 δὲ’
442 2244 627 2338 ποθεῖς
656 2244 751 2329 καί
800 2273 902 2346 τὴν
935 2273 1192 2343 ἐπίγειον
1240 2272 1406 2327 αὐτοῦ
1458 2272 1649 2345 μαθεῖν

1822 2267 2095 2335 Quoniam
2154 2275 2290 2318 vero
2347 2265 2403 2315 et
2461 2265 2739 2311 terrenam
2802 2248 2924 2319 ejus
2980 2244 3333 2300 nobilitatem

92 2367 383 2436 εὐγένειαν
431 2367 634 2438 πατρὶς
696 2367 875 2440 αὐτῷ,
929 2369 963 2438 ἡ
1034 2367 1420 2421 Καππαδοκῶν
1465 2365 1650 2439 χώρα’

91 2461 288 2531 τροφὸς,
316 2463 350 2533 ἡ
384 2461 782 2533 Παλαιστηνῶν
801 2478 816 2494 ·
859 2460 1189 2533 Χριστιανὸς
1232 2461 1298 2515 ὲκ
1328 2459 1611 2531 προγόνων
1635 2471 1651 2488 ⁶

92 2553 277 2620 νεάζων
304 2555 370 2627 τῇ
418 2552 641 2625 mm;-
698 2553 891 2618 πολιὸς
934 2553 1037 2625 τὴν
1077 2554 1309 2624 σοφίαν·
1346 2554 1511 2617 εὐθὺς
1554 2551 1653 2623 τὴν

94 2643 301 2715 καρδίαν
318 2660 331 2673 ·
351 2643 476 2697 κατ’
496 2642 789 2715 ἀμφότερα
811 2643 1059 2716 σφριγῶν
1077 2644 1221 2697 κατὰ
1246 2644 1345 2715 τῆς
1370 2642 1649 2709 ἀσεϐείας,

93 2736 121 2786 ὁ
168 2732 370 2803 μάρτυς
425 2733 526 2802 τῆς
584 2731 902 2797 εὐσεϐείας*
952 2731 1136 2797 καλῶς
1191 2735 1306 2797 τοῖς
1354 2732 1654 2793 ὁπλιτικοῖς

94 2824 248 2890 ἀγῶσι
276 2825 343 2877 ἐκ
371 2823 564 2886 παιδὸς
608 2822 1001 2895 ὲνδιαπρέψας,
1036 2824 1134 2877 καὶ
1167 2821 1414 2894 ἀκριϐῶς
1442 2822 1543 2893 τὴν
1588 2822 1648 2875 ἐν

93 2916 335 2987 πολέμοις
360 2915 739 2988 ἐξησκημένος
767 2915 1047 2987 ἀνδρείαν,
1074 2914 1151 2979 ὡς
1179 2915 1274 2968 καὶ
1300 2914 1654 2984 τριϐουνάτον

90 3009 505 3080 ἐμπιαευθῆναι
534 3007 931 3090 στρατιωτικοῦ
959 3006 1270 3076 καταλόγου
1289 3046 1304 3071 ,
1337 3005 1566 3070 δεόντως
1592 3022 1653 3059 τε

87 3100 234 3154 τοῦτο
274 3101 572 3173 διοικῆσαι,
600 3100 698 3154 καὶ
725 3102 785 3154 ὲν
821 3099 1038 3162 πολλοῖς
1081 3097 1346 3161 πολλάκις
1383 3097 1654 3168 ἀνδραγα-

94 3193 261 3262 θῆσαι,
288 3193 481 3264 ἀμέλει
513 3191 711 3263 πολλὴν
750 3190 1014 3260 ἀθροίσας
1042 3191 1099 3244 έν
1131 3188 1311 3259 ἑαυτῷ
1352 3187 1461 3260 τὴν
1495 3187 1656 3242 πολε-

101 3284 248 3357 μικὴν
292 3282 610 3356 ἐμπειρίαν,
651 3284 749 3336 καὶ
802 3280 1051 3352 μείζονος
1098 3280 1427 3351 ὀρεγόμενος
1471 3278 1651 3345 ἀξίας,

102 3376 323 3445 μείζονος
351 3376 446 3430 καὶ
489 3375 773 3446 τυγχάνει.
817 3371 1016 3426 Λαϐὼν
1044 3370 1156 3443 γὰρ
1184 3371 1253 3424 τά
1289 3373 1352 3424 ὲκ
1399 3370 1654 3442 πατέρων

100 3466 230 3536 αὖτῷ
268 3467 543 3538 προσόντα
588 3465 873 3536 χρήματα,
911 3462 1188 3533 ἀνέδραμε
1245 3460 1382 3531 πρὸς
1408 3460 1501 3513 τὸν
1530 3459 1652 3514 κατ’

102 3560 253 3614 ἐκεῖνο
278 3558 468 3632 καιροῦ
522 3554 1025 3632 βασιλεύοντωικαὶ
1070 3553 1273 3625 πάσχει
1315 3570 1391 3617 τι,
1426 3553 1505 3624 τῷ
1549 3554 1653 3619 Kl;

105 3648 191 3718 υἱῷ
214 3628 615 3721 παραπλήσιον.
652 3645 712 3699 '0
747 3646 847 3716 μὲν
873 3628 986 3718 γὰρ
1015 3644 1173 3708 ὅνους
1214 3641 1521 3714 ἀναζητῶν,
1549 3645 1646 3715 βα-

108 3741 279 3797 σιλείαν
303 3743 546 3813 ἐπίγειον
572 3740 809 3812 εὖρατο”
837 3740 868 3792 ό
907 3738 967 3792 δὲ
1018 3736 1296 3808 κοσμικὴν
1340 3735 1498 3801 ἀξίαν
1527 3737 1652 3790 ἐπι-

107 3828 276 3900 ζητῶν,
302 3832 550 3906 οὐρανῶν
573 3831 851 3903 βασιλείας
875 3828 1132 3900 ἐπέτυχε,
1153 3829 1339 3900 μεῖζον
1361 3826 1456 3881 τοῦ
1486 3826 1648 3898 ἔργου

108 3923 159 3976 τὸ
180 3926 438 4000 πάρεργον
460 3924 974 3998 ἐμπορευσάμενος.

107 4016 337 4071 caelorum
363 4016 600 4073 sortitus
626 4020 711 4071 est
741 4031 756 4070 :
782 4012 1076 4083 majusque
1108 4009 1240 4078 fuit,
1277 4010 1421 4081 quod
1459 4011 1802 4070 accessionis
1838 3979 1960 4065 loco
2004 4005 2443 4073 inexspectatum
2493 3989 2737 4060 accepit,
2803 3997 2968 4056 quam
3039 3979 3187 4051 quod
3257 3993 3300 4032 rt

108 4118 244 4177 caput
263 4109 489 4164 haberet
532 4108 907 4179 propositum.
943 4125 953 4135 ο

164 4198 597 4271 Παραγενόμενος
637 4201 768 4270 γὰρ,
800 4199 896 4253 κα)⁸
955 4197 1081 4254 ἰδὼν
1108 4197 1245 4257 Θεὸν
1287 4200 1390 4270 μὲν
1427 4198 1649 4271 ὑϐριζό-

111 4306 262 4358 μενον,
283 4290 547 4362 δαίμονας
580 4291 639 4345 δὲ
683 4290 1181 4363 θεραπευομένους,
1209 4290 1312 4344 οὐκ
1347 4292 1581 4362 ἤνεγκεν
1622 4291 1652 4344 ό

108 4380 321 4455 ζηλωτὴς
355 4386 458 4455 τῆς
493 4382 809 4446 εὐσεϐείας·
866 4383 985 4437 ἀλλ’
1033 4384 1296 4455 ἐννοήσας
1341 4383 1434 4437 τὸν
1489 4382 1653 4436 Δαϐὶδ

107 4470 327 4540 λέγοντα·
364 4495 383 4527 ι
422 4470 579 4530 Εἶδον
621 4474 1022 4539 άσυνετοῦντας
1073 4474 1171 4528 καὶ
1222 4474 1595 4546 ἐξετηκόμην
1626 4494 1646 4527 ι

105 4564 179 4615 καὶ
196 4606 210 4632 ,
233 4586 250 4620 ι
288 4564 542 4640 Ἐξέτηξέ
583 4584 650 4637 με
676 4569 705 4621 ὁ
726 4565 888 4637 ζῆλός
929 4583 1048 4633 σου,
1074 4567 1158 4620 ὅτι
1190 4565 1517 4621 ἐπελάθοντο
1545 4566 1654 4621 τῶν

99 4653 256 4723 λόγων
299 4677 390 4715 σου
423 4662 474 4714 οἱ
502 4659 688 4731 ἐχθροί
721 4675 824 4730 μου
847 4674 862 4689 ’
907 4676 928 4711 ι
981 4661 1077 4712 καὶ
1135 4654 1521 4729 μνημονεύσας
1558 4657 1653 4712 τοῦ

110 4745 286 4818 Κυρίου
319 4751 625 4822 φάσκοντος
645 4765 660 4781 ο
700 4769 719 4802 ι
750 4751 868 4814 Πᾶς
895 4749 1045 4812 ὅστις
1079 4749 1415 4821 ὁμολογήσει
1441 4751 1501 4804 ὲν
1532 4750 1656 4821 ἐμοὶ

124 4836 385 4909 ἔμπροσθεν
407 4843 519 4897 τῶν
541 4840 868 4913 ἀνθρώπων,
896 4841 1223 4913 ὁμολογήσω
1248 4840 1405 4911 κάγὼ
1431 4844 1490 4896 ὲν
1507 4841 1656 4913 αὐτῷ

127 4927 384 5002 ἔμπροσθεν
418 4933 515 4987 τοῦ
562 4933 775 5004 Πατρός
817 4948 919 5005 μου
952 4932 1049 4987 τοῦ
1082 4935 1141 4987 έν
1172 4935 1289 4997 τοῖς
1327 4934 1603 5004 οὐρανοῖς·
1630 4952 1649 4985 ι

1755 2362 1901 2419 scire
1934 2356 2140 2429 cupis:
2193 2351 2429 2425 patriam
2484 2346 2681 2402 habuit
2709 2338 3096 2411 Cappadocum
3148 2335 3333 2405 regio-

1756 2467 1916 2518 nem;
1953 2448 2205 2504 altricem
2246 2456 2400 2506 vero,
2430 2437 2817 2498 Palaestinam;
2852 2447 2882 2486 a
2923 2430 3144 2500 proavis
3173 2426 3335 2482 Chri-

1753 2546 2005 2609 stianus;
2064 2536 2302 2611 juvenili
2352 2540 2539 2599 aetate,
2579 2525 2859 2597 sapientia
2909 2537 3108 2584 canus,
3163 2517 3335 2574 corde

1753 2647 1966 2701 rectus,
2014 2644 2251 2702 utroque
2299 2627 2565 2682 adversus
2611 2618 2950 2689 impietatem
2984 2624 3213 2681 turgens
3244 2624 3336 2663 ve—

1754 2741 2044 2806 getusque,
2078 2723 2305 2797 pietatis
2355 2723 2606 2787 martyr;
2657 2711 2735 2766 ita
2783 2721 3064 2764 armorum
3100 2719 3130 2758 a
3164 2715 3336 2772 puero

1754 2793 2160 2882 certaminibus
2208 2815 2417 2877 clarus,
2470 2815 2739 2875 tantaque
2765 2797 3050 2871 diligentia
3079 2803 3135 2852 et
3173 2793 3336 2848 abso-

1756 2917 1965 2973 lutione
1998 2910 2243 2968 exercita
2276 2904 2479 2963 bellica
2510 2894 2862 2957 fortitudine,
2905 2897 2966 2944 ut
2992 2898 3045 2945 et
3078 2885 3335 2942 militaris

1754 3008 1966 3065 ordinis
2016 2988 2336 3057 tribunatus
2384 2994 2508 3061 ejus
2577 2987 2700 3043 fidei
2746 2980 3083 3040 commissus
3145 2974 3334 3030 fuerit.

1753 3102 2004 3169 Cumque
2038 3095 2205 3164 digne
2258 3079 2701 3143 administrando
2745 3076 2800 3131 id
2855 3070 3130 3133 muneris,
3166 3075 3336 3136 atque

1755 3190 1812 3245 in
1843 3158 2032 3241 multis
2087 3158 2233 3250 saepe
2295 3184 2523 3231 strenue
2559 3165 2794 3238 agendo,
2829 3163 3061 3219 multam
3111 3158 3332 3213 demum

1754 3278 1837 3335 rei
1888 3275 2102 3332 bellicae
2155 3248 2412 3340 peritiam
2468 3262 2876 3329 comparasset,
2950 3248 3337 3321 majoremque

1756 3370 1989 3443 gradum
2052 3366 2359 3434 appeteret,
2410 3353 2675 3424 majorem
2736 3346 2994 3403 nimirum
3041 3346 3337 3396 assecutus

1756 3439 1865 3519 est.
1898 3460 2138 3528 Quippe,
2196 3450 2444 3522 acceptis
2501 3444 2725 3519 opibus,
2783 3439 2829 3495 si
2871 3449 2995 3507 quae.
3042 3440 3331 3504 parentum

1757 3551 2117 3613 successione
2159 3545 2525 3604 obvenerant,
2584 3531 2829 3590 accurrit
2880 3527 2948 3583 ad
2995 3539 3123 3581 eum
3153 3520 3249 3591 qui
3276 3518 3335 3573 id

1758 3643 2103 3715 temporibus
2154 3638 2550 3705 imperatorem
2623 3623 2856 3695 agebat;
2908 3618 3092 3687 eique,
3152 3611 3336 3680 simile

1755 3701 2043 3808 quidpiam
2073 3701 2302 3787 accidit,
2337 3730 2506 3790 atque
2538 3716 2669 3770 olim
2705 3712 2817 3765 lilio
2843 3707 2936 3764 Cis
2965 3717 3014 3760 P.
3049 3702 3147 3758 ille
3185 3701 3333 3756 enim

1757 3845 1882 3886 cum
1915 3825 2101 3880 asinas
2130 3816 2466 3888 inquireret,
2513 3816 2779 3864 terrestre
2809 3814 3038 3870 regnum
3077 3792 3289 3850 invenit
3317 3811 3332 3846 :

1755 3923 1871 3985 hic,
1903 3912 2167 3972 mundani
2219 3906 2448 3964 bonoris
2475 3901 2709 3973 gradum
2746 3892 3071 3963 exquirens,
3104 3900 3333 3956 regnum

1825 4198 1963 4254 Cum
2019 4191 2164 4248 enim
2224 4185 2358 4241 illuc
2414 4179 2682 4242 venisset,
2724 4185 2787 4226 ac
2829 4167 3000 4224 Deum
3033 4161 3335 4223 contemni,

1757 4292 2035 4348 dmmones
2065 4297 2196 4338 vero
2235 4277 2347 4334 coli
2411 4272 2664 4335 vidisset,
2714 4281 2827 4322 non
2869 4261 2994 4316 tulit
3025 4271 3148 4315 eam
3195 4269 3334 4320 rem,

1757 4386 1844 4441 vir
1883 4378 2113 4453 pietatis
2144 4375 2263 4435 zelo
2292 4366 2757 4442 flagrantissimus
2786 4378 2800 4414 :
2831 4356 2931 4414 sed
2965 4369 3091 4409 cum
3126 4347 3338 4420 cogita-

1760 4482 1847 4532 ret
1885 4445 2037 4528 illud
2097 4464 2324 4524 Davidis
2368 4462 2619 4518 dictum:
2664 4472 2683 4506 ι
2739 4448 2864 4505 Vidi
2909 4448 3249 4505 insensatos,
3282 4445 3339 4492 ct

125 5024 352 5090 τυρωθεις
410 5024 493 5097 τῷ
534 4990 868 5097 caruerat},
916 5024 1013 5079 καὶ
1062 5023 1237 5095 θήξαις
1269 4990 1315 5098 ’ἦ
1355 4990 1514 5095 βὲλος
1562 4990 1649 5081 τὸν

1760 5037 1845 5085 est
1868 5032 1915 5080 ⁸.
1951 5041 1971 5076 ι
2008 5020 2210 5076 Divino
2237 5015 2358 5071 zelo
2395 5009 3094 5070 inflammatus,suamque
3124 4990 3337 5061 cogita-

124 5111 283 5170 ἑαυτοῦ
306 5117 589 5189 λογισμὸν,
614 5116 876 5171 ἔσπευδεν
906 5117 1153 5189 ἁρπάσαι
1178 5116 1278 5186 τὴν
1296 5117 1653 5186 ἐπαγγελίαν

121 5202 196 5253 καὶ
220 5209 652 5281 ἀνθομολογητὴν
680 5209 877 5263 ἑαυτοῦ
904 5210 997 5263 τὸν
1027 5208 1185 5277 Θεὸν,
1211 5206 1299 5263 διά
1332 5208 1433 5279 τῆς
1458 5210 1539 5273 είς
1566 5208 1658 5263 a6-

96 5296 188 5391 erv
204 5297 484 5374 ὁμολογίας
510 5301 847 5375 κτήσασθαι.

158 5471 341 5574 ςαπως
369 5483 427 5537 δὲ
461 5480 715 5574 μέλλοντι
738 5479 841 5552 τὴν
871 5479 1064 5551 στενὴν
1093 5480 1320 5535 εἰσιέναι
1350 5480 1550 5553 πύλην,
1581 5480 1656 5553 μὴ

98 5571 334 5643 στεὮηται
360 5573 513 5645 αὐτῷ
534 5572 766 5645 κώλυμα
785 5571 894 5626 τῶν
921 5572 1222 5644 χρημάτων
1246 5573 1273 5625 ὁ
1292 5572 1453 5642 ὄγκος
1473 5613 1490 5638 ,
1518 5571 1656 5626 ἀλλὰ

102 5648 191 5724 li"?
247 5667 333 5719 καὶ
382 5664 735 5737 ἰσχυρότερον
771 5662 955 5735 ἐαυτῷ
1004 5663 1391 5736 κατασκευάζῃ
1422 5662 1485 5717 τὸ
1520 5681 1662 5735 μαρ-

142 5846 156 5875 Ι
179 5776 365 5895 ἔιᾹιΙιΙὶι
394 5780 611 5847 Lipom.
653 5795 718 5837 ex
764 5779 929 5850 fetida
961 5779 1142 5837 herba.

221 5850 331 5895 atth-
364 5866 415 5895 ι-
453 5850 541 5895 32-

221 5850 331 5905 attb.
363 5866 417 5919 ιι,
453 5850 542 5905 52.

1251 5791 1270 5812 °
1307 5779 1464 5838 Joau.
1500 5797 1538 5850 ι,
1571 5780 1652 5835 12.
1730 5790 1759 5832 I'
1792 5780 1969 5856 chg.
2000 5800 2076 5852 Ix,
2117 5781 2209 5837 ‘20.

1761 5118 1992 5181 tionem,
2021 5110 2175 5167 velut
2224 5106 2399 5163 telum
2444 5098 2742 5173 quoddam,
2787 5102 3092 5150 exacuens,
3121 5080 3344 5138 festina-

1759 5209 1840 5264 vit
1867 5206 2060 5262 divina
2116 5198 2396 5272 promissa
2426 5191 2774 5266 praeripere;
2823 5198 2889 5240 ac
2927 5181 3099 5236 Deum
3132 5175 3340 5244 ipsum,

1762 5313 1864 5370 per
1894 5312 2054 5353 suam
2090 5295 2146 5350 in
2183 5306 2309 5349 eum
2336 5286 2776 5347 confessionem,
2802 5273 3054 5334 vicissim
3084 5265 3172 5323 sui
3202 5276 3342 5318 con-

1761 5388 2030 5447 fessorem
2066 5390 2376 5460 acquirere.

1837 5480 1909 5536 At
1932 5494 2001 5536 ne
2023 5480 2102 5535 illi
2135 5440 2233 5549 per
2262 5484 2557 5547 angustam
2581 5475 2796 5542 portam
2833 5454 3064 5516 introire
3092 5440 3338 5549 molienti

1765 5580 2115 5628 terrenarum
2180 5568 2524 5637 facultatum
2583 5539 2866 5617 cumulus
2943 5539 3341 5616 impedimento

1768 5665 1936 5732 Ῑοΐθι.
1971 5679 2157 5736 seque
2170 5661 2307 5719 adeo
2336 5661 2406 5716 ad
2431 5654 2758 5728 martyrium
2789 5643 2987 5720 majori
3010 5629 3340 5696 fortitudine

2310 5788 2341 5831 ιι
2363 5778 2511 5838 Psal.
2541 5792 2730 5841 cxvtn,
2760 5772 2884 5828 ὶῦ8.
2986 5771 3009 5803 π
3051 5754 3185 5816 ibid.
3214 5746 3339 5808 15!).
