3830 6326
80 407 199 474 “39

1378 396 1461 458 ΙΝ
1520 398 1583 458 8.
1620 396 2053 459 GEORGIUM.

3210 399 3348 465 1190

71 527 128 586 ei;
158 519 458 574 ἀντίδοσιν
494 515 595 586 τῆς
630 516 910 586 ὑπομονῆς
931 511 1228 584 γινομένας
1277 509 1355 582 τῷ
1395 514 1657 582 μάρτυρι,

1770 509 1895 565 bent
1925 507 2249 578 tragcediam
2278 524 2294 564 :
2321 516 2585 579 praeterea
2610 520 2761 574 vero,
2792 505 3015 564 divinas
3035 507 3127 565 die
3152 520 3347 568 nocte-

66 615 211 677 θείας
247 611 565 682 ἐμφανείας
615 625 675 661 τε
727 608 821 661 καὶ
850 603 1125 670 διαλέξεις
1149 621 1164 637 ο
1216 605 1468 674 κρεῖττον
1494 603 1553 658 δὲ
1585 606 1663 658 εί-

66 704 201 765 τείν,
233 701 392 754 κατὰ
424 698 515 750 τὸν
536 694 725 761 Δαὸὶδ,
766 694 1041 765 βοηθείας,
1078 691 1459 762 παρακλήσεις
1480 708 1539 745 τε
1572 692 1667 745 καὶ

68 796 240 853 licet;
269 806 286 820 ο
329 786 402 841 δι’
445 780 524 841 ὧν
562 783 839 857 εὑρίσκων
887 781 1224 853 παραψυχὴν
1265 781 1377 834 τῶν
1413 781 1512 852 μὲν
1560 781 1663 852 ἤδη

64 877 462 948 παρελθόντων
494 874 677 927 πόνων
719 872 1020 945 προθύμως
1065 872 1469 927 ἐπελανθάνετο
1493 888 1507 902 ·
1553 873 1666 927 τῶν

62 970 105 1022 δὲ
178 963 358 1030 αὖθις
414 965 837 1036 ἑπειγομένων,
885 963 1118 1027 εὐτόνως
1178 961 1665 1034 ἀντελαμϐάνετο,

63 1060 264 1128 ὥσπερ
318 1057 692 1129 ἀδαμάντινον
730 1055 871 1126 ἔχων
906 1053 1058 1126 μευά
1098 1052 1201 1125 τῆς
1235 1053 1415 1126 ψυχῆς
1458 1055 1556 1108 καὶ
1590 1054 1666 1107 ’τὸ

68 1168 254 1221 cupa.

136 1320 379 1387 Ἔξεστι
407 1319 465 1372 δὲ
504 1319 584 1391 τῷ
626 1319 940 1391 βουλομένῳ
992 1319 1130 1390 μετᾶ
1166 1318 1453 1391 ἀκριδείας
1488 1320 1663 1373 πάντα

79 1408 297 1480 μαθεῖν,
339 1409 418 1481 τῷ
462 1411 754 1481 μαρτυρίῳ
789 1411 1091 1481 ἐντυχόντι,
1137 1409 1235 1463 τοῦ
1285 1409 1662 1479 σπουδαζομέ-

76 1519 169 1555 νου
188 1505 412 1572 τυχεῖν·
449 1503 663 1556 ἐκεῖθέν
695 1518 753 1556 τε
787 1501 1143 1568 παιδευθῆναι
1190 1501 1286 1555 καὶ
1322 1502 1664 1573 ἐκπλαγῆναι

80 1595 188 1647 τῶν
217 1594 454 1662 ἀγώνων
486 1594 550 1647 τὸ
585 1593 900 1665 ὑπέρογκον
919 1609 934 1623 ·
970 1591 1062 1646 τοῦ
1108 1593 1375 1663 ἀριστέως
1406 1593 1467 1646 τὸ
1494 1610 1667 1662 μεγα-

82 1685 316 1755 λόψυχον
342 1700 357 1715 ·
384 1684 481 1753 τῆς
530 1682 690 1754 νίκης
730 1682 792 1736 τὸ
821 1682 1187 1749 δικαιότατον,
1226 1683 1323 1736 καὶ
1357 1682 1468 1736 τῶν
1504 1683 1665 1736 θείων

87 1776 334 1847 ἀμοιὸὦν
372 1776 434 1829 τὸ
480 1775 805 1845 ἀξιόχρεων.
848 1774 1060 1828 Γνῶναί
1094 1791 1156 1828 τε
1198 1774 1383 1844 σαφῶς
1416 1774 1510 1829 καὶ
1535 1774 1664 1829 θαυ-

1766 614 1873 671 que
1902 599 2171 656 visiones‘
2205 599 2720 668 collocutionesque
2763 609 2954 677 saneto
2997 598 3247 673 Nlartyri,
3277 603 3346 656 ad

1766 691 1889 761 ejus
1920 689 2383 745 remunerandam
2417 689 2761 760 patientiam,
2796 704 3135 745 concessas:
3171 692 3253 746 vel
3290 701 3350 746 ut

1765 780 1965 835 melius
2001 781 2159 847 juxta
2194 779 2455 834 Davidem
2488 780 2694 845 dicam,
2748 779 2973 845 auxilia,
3010 780 3350 835 consolatio-

1766 886 1868 925 nes
1916 880 1968 925 ct
2004 870 2294 935 sanitates,
2323 886 2388 925 ex
2438 871 2641 942 quibus
2698 870 3045 942 refrigerium
3099 874 3346 943 capiens,

1767 963 2173 1033 praeteritorum
2238 962 2491 1018 laborum
2548 963 2785 1019 libenter
2857 964 3345 1021 obliviscebatur:

1766 1054 1815 1108 si
1865 1053 1962 1123 qui
2000 1061 2186 1108 autem
2214 1068 2412 1110 rursus
2448 1053 2755 1119 instabant,
2797 1054 2924 1109 forti
2955 1060 3350 1123 constantique

1767 1142 1956 1199 animo
2018 1144 2375 1213 capesccbat,
2440 1145 2589 1199 velut
2644 1145 2809 1198 etiam
2843 1159 3048 1213 corpus
3082 1161 3191 1200 una
3217 1162 3344 1200 cum

1767 1234 1953 1288 animo
1979 1234 2395 1289 adamantinum
2438 1234 2688 1293 haberet.

1841 1323 1901 1380 Si
1923 1325 2052 1395 quis
2083 1340 2249 1395 porro
2270 1325 2457 1380 omnia
2484 1326 2587 1381 viri
2619 1326 2760 1381 beati
2793 1336 3045 1380 accurate
3069 1326 3218 1395 cupit
3250 1341 3343 1379 co.

1768 1428 2061 1485 gnoscere,
2093 1414 2238 1484 legat
2270 1412 2420 1469 illius
2462 1413 2712 1485 martyrii
2747 1422 2891 1476 acta,
2924 1412 3205 1481 fueritque
3229 1411 3342 1465 voti

1765 1518 2030 1576 compos;
2060 1504 2299 1575 indeque
2363 1512 2788 1575 exsuperantem
2830 1503 3195 1558 certaminum
3232 1516 3345 1554 ma-

1764 1596 2109 1667 gnitudinem
2179 1596 2442 1651 didicerit
2524 1595 3002 1665 obstupuerilque,
3087 1608 3344 1664 magnum

1760 1684 1967 1757 egregii
2002 1685 2286 1741 bellatoris
2318 1687 2585 1749 animum,
2631 1685 3003 1755 justissimam
3036 1684 3348 1752 victoriam,

1766 1777 2188 1848 divinorumque
2266 1778 2615 1848 praemiorum
2694 1777 2915 1848 dignam
3009 1778 3345 1841 mercedem,

94 1872 280 1939 μᾶσαι,
312 1870 463 1932 ὅπως
495 1869 544 1922 οι
582 1868 681 1938 μὲν
706 1866 785 1937 τῷ
816 1864 966 1937 βυθῷ
1011 1867 1113 1938 τῆς
1149 1866 1407 1932 ἀσεϐείας
1432 1870 1665 1922 ἐσκοτωο

1771 1869 2084 1939 perspicue,
2148 1868 2399 1938 inquam,
2460 1868 2827 1938 cognoverit:
2862 1881 2928 1922 ac
2978 1867 3347 1921 admirationi

94 1964 261 2034 μένοι,
301 1963 363 2014 ὲν
389 1959 548 2030 δόλῳ,
589 1957 669 2030 τῷ
694 1958 891 2027 γλυκεῖ
914 1959 976 2012 τὸ
1007 1958 1208 2030 πικρὸν
1234 1960 1294 2013 ὲν
1334 1961 1448 2023 τοῖς
1484 1958 1663 2031 ῥήμαο

96 2071 175 2107 σιν
194 2054 373 2106 αὐτῶν
396 2050 765 2122 κατεμίγνυον
781 2068 796 2083 ·
836 2053 866 2104 ὁ
901 2050 959 2104 δὲ
985 2051 1068 2124 τῷ
1090 2050 1249 2122 ἀπλῷ
1277 2055 1375 2124 τῆς
1402 2052 1664 2123 ἀληθείας

90 2147 229 2215 λόγῳ
260 2146 363 2208 τὰς
393 2144 576 2208 δεινὰς
617 2146 716 2199 καὶ
762 2144 1032 2210 ὑπούλους
1060 2145 1242 2200 αὐτῶν
1291 2145 1660 2216 τεχνολογίας,

101 2237 285 2307 ῥαδίως
313 2234 498 2300 ὲξέλυέ
531 2252 593 2289 τε
637 2235 733 2289 καὶ
784 2236 1053 2307 ἀνέτρεπε
1077 2252 1091 2265 ·
1142 2235 1238 2289 καὶ
1289 2236 1399 2290 τῶν
1430 2237 1664 2309 ὲνεδρῶν

102 2329 265 2382 αὐτῶν
288 2330 380 2381 καὶ
412 2326 689 2398 λαθραίων
725 2326 948 2396 παγῶν,
982 2325 1062 2397 τῷ
1090 2325 1303 2399 στερῥῷ
1336 2328 1433 2381 καὶ
1473 2327 1665 2401 ὑψηλῷ

100 2420 187 2489 τῆς
209 2419 445 2484 διανοίας
472 2418 658 2490 πτερῴ
686 2416 1030 2489 ὑπερίπτατο
1053 2434 1068 2449 ·
1117 2420 1213 2471 καὶ
1243 2418 1353 2472 τῶν
1402 2420 1664 2476 ποικίλων

102 2512 186 2562 καὶ
235 2502 483 2580 χαλεπῶν
529 2510 803 2582 βασάνων,
870 2509 951 2582 τῷ
1000 2509 1195 2581 κράτει
1238 2509 1339 2581 τῆς
1387 2511 1665 2583 ὑπομονῆς

96 2604 447 2674 ύπερεκράτει
507 2604 815 2675 καρτερῶς,
864 2602 964 2656 καὶ
1016 2603 1182 2657 τὸν³⁸
1228 2604 1511 2675 κρηπίδων
1568 2605 1665 2659 καὶ

90 2694 232 2764 ἥλων
256 2695 478 2757 τελέσας
504 2694 732 2764 δρόμον,
767 2692 872 2756 ἕως
910 2694 1005 2748 καὶ
1024 2693 1102 2763 τῷ
1130 2693 1277 2762 ξίφει
1310 2694 1662 2766 παραδοθεὶς,

90 2784 383 2855 σωματικῷ
420 2785 640 2856 θανάτῳ
667 2784 758 2837 τὸν
784 2783 1016 2854 ψυχικὸν
1044 2785 1464 2857 ἀπονεκρὼσας,
1506 2803 1663 2859 νικη-

94 2878 259 2947 φόρος
303 2877 371 2932 δι’
417 2879 652 2948 αἵματος
701 2876 1064 2948 ἀναδειχθεὶς,
1117 2878 1212 2930 καὶ
1251 2876 1345 2930 τόν
1375 2878 1474 2949 τῆς
1505 2879 1664 2950 νίκης

93 2970 486 3042 ἀναδησάμενος
517 2970 805 3040 στέφανον,
835 2969 983 3043 ιργῳ
1007 2970 1275 3048 ἐπινίκιον
1294 2969 1374 3041 τῷ
1399 2972 1666 3044 νικοποιῷ

97 3063 330 3134 φαιδρῶς
353 3065 671 3134 ἀνέπεμπεν
701 3060 874 3133 ὕμνον
900 3078 916 3094 ο
953 3080 973 3113 ι
1002 3061 1308 3135 Εὐλογητὸς
1340 3063 1566 3135 Κύριος,
1589 3067 1667 3119 ει-

102 3151 236 3219 πὼν,
265 3151 321 3217 δς
357 3153 456 3207 οὐκ
480 3153 682 3207 ὲδωκεν
704 3153 856 3223 ἡμᾶς
888 3154 968 3216 εἰς
995 3151 1171 3223 θήραν
1204 3155 1318 3218 τοῖς
1353 3154 1536 3209 ὀδοῦσι
1567 3157 1664 3210 αὐ-

98 3259 225 3298 των.
265 3262 283 3295 ι

172 3336 377 3390 Eiectat
418 3336 478 3390 δὲ
528 3336 672 3407 πρδς
719 3336 959 3401 τούτοις,
1009 3338 1038 3389 ὃ
1093 3352 1159 3404 γε
1206 3336 1518 3405 φιλόπονος,
1571 3343 1669 3392 καὶ

106 3428 335 3501 ἀκριϐῶς
386 3430 739 3501 ἐντυγχάνων
799 3430 878 3502 τῷ
928 3429 1160 3500 τοιούτῳ
1213 3429 1537 3501 διηγήματι,
1592 3431 1670 3496 ὡς

105 3522 195 3592 οὐχ
246 3523 416 3595 ἑαυτῷ
472 3525 621 3593 μόνῳ
685 3523 998 3594 πεπόνηκεν
1039 3524 1068 3575 6
1109 3521 1343 3597 μάρτυς,
1388 3523 1525 3577 ἀλλά
1575 3526 1671 3578 καὶ

111 3616 362 3680 πλείστοις
411 3618 625 3688 ἑτέροις
673 3617 780 3688 ’τὴν
836 3616 1118 3689 σωτηρίαν
1166 3617 1255 3671 διὰ
1299 3617 1408 3671 τῶν
1453 3617 1670 3671 οἰκείων

113 3710 255 3779 ἧνυσε
285 3712 457 3765 πόνων
480 3727 495 3742 ο
526 3713 686 3775 ὅσους
724 3727 785 3765 τε
812 3712 905 3764 τὸν
946 3712 1058 3765 ἴσον
1094 3711 1296 3782 δρόμον
1326 3712 1541 3766 τελέσαι
1571 3728 1671 3765 πε-

115 3804 307 3872 ποξηκε,
336 3804 454 3877 Θεῷ
477 3803 540 3857 τὸ
562 3808 764 3858 οἰκεῖον
793 3809 1127 3867 σπείσαντας
1169 3799 1310 3874 αἷμα
1329 3820 1343 3833 ·
1393 3804 1469 3868 ὡς
1515 3804 1671 3858 Ἀνα-

115 3894 267 3948 tilica
294 3896 425 3970 [καὶ
452 3897 471 3970 ]
496 3896 884 3969 Πρωτολέοντα
911 3898 1037 3960 τοὺς
1068 3882 1470 3967 στρατηλάτας,
1507 3899 1574 3951 τά
1602 3901 1668 3971 τῇ

118 3987 313 4058 ἀθλήσει
366 3989 821 4058 συνεκλάμποντα
868 3988 1322 4054 καταπλαγέντας
1370 3987 1529 4058 ἔργα,
1576 3990 1671 4041 καὶ

118 4077 199 4145 τὴν
224 4082 468 4153 ἀνδρείαν
499 4083 857 4153 ζηλώσαντας
887 4092 902 4107 ’
932 4080 1017 4133 ἔτι
1044 4079 1105 4133 δὲ
1132 4080 1230 4133 καὶ
1258 4079 1556 4152 Γλυκέριον
1577 4079 1672 4133 τὸν

124 4172 355 4244 ἀοίδιμον.
410 4178 477 4246 τῇ
537 4173 674 4245 περὶ
732 4173 826 4227 τὸν
881 4174 1087 4243 μόσχον
1123 4173 1513 4244 τερατουργίᾳ,
1572 4172 1671 4241 τῆς

125 4264 288 4332 ἀλόγου
325 4265 430 4319 τῶν
483 4264 724 4320 εἰδώλων
785 4262 1177 4332 ἀπαλλαγέντα
1230 4263 1534 4334 θρησκείας
1558 4279 1575 4297 ο
1613 4261 1672 4328 ἐξ
1706 4264 1709 4269 ’

127 4358 282 4427 αὐτῆς.
328 4359 402 4424 ὼς
430 4361 633 4423 εἰπεῖν,
672 4359 773 4429 τῆς
799 4359 1088 4429 φάρυγγος
1116 4356 1211 4410 τοῦ
1254 4356 1550 4428 δράκοντος
1583 4356 1674 4409 αὐ·

128 4449 223 4512 τοὺς
270 4451 573 4514 ὲκσπάσας,
615 4450 712 4504 καὶ
750 4448 974 4521 θύματα
1013 4449 1201 4503 τέλεια
1231 4448 1329 4503 καὶ
1380 4447 1673 4519 εὐπρόσδεο

1768 1958 2053 2025 habuerit,
2074 1966 2132 2013 ut
2159 1960 2235 2013 illi
2266 1961 2512 2031 quidem,
2535 1958 2807 2026 profunda
2840 1958 3146 2027 impietatis
3179 1974 3346 2012 vora-

1764 2051 1891 2124 gine
1912 2052 2215 2116 obscurati,
2240 2049 2494 2106 dulcibus
2511 2065 2729 2107 amaros
2747 2066 3033 2107 sermones
3052 2050 3178 2106 dolo
3194 2065 3350 2105 corn-

1765 2145 2061 2200 miscerent
2092 2163 2108 2212 ;
2144 2144 2259 2216 ipse
2285 2151 2467 2199 autem
2501 2145 2735 2214 simplici
2785 2143 3034 2200 veritatis
3093 2158 3348 2198 sermone

1766 2237 1999 2294 subtiles
2022 2237 2369 2311 callidasque
2403 2251 2597 2291 eorum
2636 2246 2786 2292 artes
2831 2235 2990 2291 facile
3018 2235 3345 2290 dissolverit

1765 2341 1831 2383 ac
1872 2329 2242 2396 subverterit;
2288 2336 2455 2397 utque
2484 2341 2678 2381 eorum
2721 2325 2955 2384 insidias
3013 2338 3068 2383 et
3097 2326 3347 2382 occultos

1764 2420 1996 2491 laqueos
2026 2420 2221 2476 solidis
2264 2419 2708 2488 sublimibusqne
2748 2417 2919 2472 animi
2957 2417 3065 2471 alis
3093 2425 3348 2471 transvo~

1765 2511 1934 2580 larit;
1960 2522 2129 2582 atque
2157 2519 2217 2567 ut
2250 2512 2422 2568 variis
2461 2511 2572 2566 illis
2607 2511 2985 2580 gravibusque
3031 2509 3345 2573 tormentis,

1765 2603 2045 2677 patientiae
2074 2617 2189 2659 sum
2231 2604 2436 2658 robore
2466 2602 2687 2657 fortiter
2721 2601 3029 2673 superatis,
3064 2616 3349 2668 cursuque

1765 2693 2009 2762 crepidis
2061 2693 2236 2750 clavis
2297 2692 2482 2749 inﬁxis
2539 2691 2817 2759 confecto,
2881 2691 3099 2748 tandem
3165 2693 3348 2759 gladio

1767 2784 2007 2841 traditus
2074 2798 2141 2840 ac
2203 2800 2504 2855 percussus
2558 2785 2769 2849 securi,
2838 2796 3015 2838 morte
3071 2785 3345 2854 corporali

1763 2877 2036 2932 exstincta
2085 2877 2283 2931 anima:
2342 2883 2537 2942 morte,
2600 2878 2777 2931 victor
2813 2876 3081 2947 sanguine
3124 2877 3349 2931 enectus

1766 2982 1831 3023 ac
1862 2968 2108 3023 victorize
2156 2968 2375 3024 cinctus
2412 2983 2650 3033 corona,
2676 2970 2724 3023 ei
2756 2969 2896 3033 la'te,
2932 2969 3181 3025 victoriae
3214 2971 3350 3025 ευι».

1764 3061 1979 3117 miserit
2034 3061 2341 3128 canticum,
2402 3044 2497 3131 qui
2528 3060 2825 3115 victoriam
2877 3059 3199 3130 pnebuisset
3228 3078 3245 3129 ;
3275 3061 3347 3117 ita

1765 3150 1998 3208 dicens:
2036 3169 2057 3205 ι
2104 3153 2437 3208 Benedictus
2469 3152 2752 3219 Dominus,
2798 3152 2897 3223 qui
2936 3166 3044 3207 non
3072 3151 3348 3209 dedituris

1768 3243 1824 3298 in
1851 3244 2088 3314 praedam
2111 3243 2375 3299 dentibus
2401 3259 2595 3299 eorum
2635 3242 2679 3298 ι.
2709 3262 2729 3296 ι

1836 3336 1916 3392 Ad
1948 3337 2063 3393 haec
2094 3339 2402 3404 studiosus,
2428 3353 2493 3393 ac
2520 3337 2565 3392 si
2590 3337 2718 3408 quis
2745 3334 3016 3407 ejusmodi
3052 3335 3348 3391 historiam

1767 3427 2057 3497 diligenter
2120 3430 2283 3502 legat,
2321 3431 2536 3485 noverit
2571 3431 2732 3501 plane
2761 3438 2821 3484 ut
2853 3445 2963 3483 non
2993 3428 3098 3483 sibi
3127 3428 3349 3483 labora-

1767 3522 1909 3575 verit
1936 3533 2168 3593 martyr.
2200 3522 2294 3576 sed
2326 3531 2380 3576 et
2413 3521 2671 3591 plurimis
2704 3520 2830 3576 aliis
2858 3521 2970 3575 suis
2991 3520 3106 3589 ipse
3140 3519 3351 3575 labori-

1768 3613 1873 3669 bus
1905 3614 2143 3668 salutem
2176 3614 2559 3668 conciliaverit
2591 3629 2607 3665 :
2646 3628 2810 3682 quam
2850 3612 3061 3673 multis,
3096 3617 3346 3682 inquam,

1768 3703 1935 3758 fuerit
1993 3710 2187 3757 auctor
2215 3710 2274 3757 ut
2297 3713 2351 3756 ct
2380 3703 2480 3771 ipsi
2514 3718 2699 3772 parem
2747 3703 3062 3757 certaminis
3102 3718 3346 3766 rursum,

1768 3796 2048 3864 proprium
2100 3794 2426 3864 sanguinem
2484 3793 2720 3848 libantes
2774 3793 2907 3857 Deo,
2963 3791 3342 3846 conﬁcerent:

1771 3895 1898 3956 puta
1941 3885 2194 3942 Anatolio
2225 3896 2279 3939 et
2315 3885 2621 3939 Protoleoni
2656 3884 2782 3938 belli
2804 3884 3039 3940 ducibus
3085 3885 3177 3954 qui
3218 3885 3347 3954 ipsi,

1771 3981 1861 4035 ubi
1895 3981 1964 4035 ad
2021 3980 2286 4036 mtracula
2317 3996 2439 4050 qttze
2470 3980 2562 4033 illo
2586 3979 2892 4033 certamine
2941 3978 3218 4046 clTnlscre,
3245 3978 3348 4033 ob-

1770 4075 2131 4143 stupuissent,
2168 4072 2334 4129 etiam
2363 4071 2747 4127 fortitudinem
2807 4072 3066 4141 martyris
3106 4071 3349 4125 aemulati

1772 4175 1940 4231 sunt;
1985 4165 2189 4234 inclyta
2242 4164 2371 4219 item
2411 4164 2490 4218 illi
2553 4161 2813 4233 Glycerio
2847 4160 2985 4232 (57),
3018 4177 3184 4232 quem
3224 4176 3353 4230 pro-

1771 4257 1922 4326 digio
1946 4255 2120 4319 vituli,
2154 4256 2225 4309 ab
2257 4253 2561 4308 irrationali
2596 4253 2871 4308 idolorum
2901 4252 3261 4307 observantia
3292 4260 3351 4307 et

1772 4347 2165 4418 superstitioso
2191 4346 2344 4402 cultu
2375 4346 2613 4401 absolvit
2641 4360 2656 4396 :
2691 4345 2837 4415 quos
2862 4359 3058 4399 omnes
3083 4358 3151 4397 ex
3189 4343 3349 4414 ipsis,

1774 4449 1835 4494 ut
1867 4444 1938 4494 ita
1972 4441 2177 4502 dicam,
2222 4448 2500 4494 extractos
2557 4437 2819 4492 draconis
2873 4434 3154 4500 faucibus,
3196 4436 3354 4489 vieti-

129 4553 223 4606 κτα,
251 4545 322 4615 τῷ
348 4543 461 4615 ἰδίῳ
482 4536 729 4615 ,ςεσπότῃ
758 4541 1149 4613 προσαγαγών.
1177 4541 1300 4595 Ἔτι
1324 4540 1382 4594 δὲ
1416 4541 1507 4593 καί
1537 4538 1666 4592 θαύ-

1774 4548 1893 4589 mas
1950 4532 2121 4604 perfer
2142 4543 2225 4585 tas
2287 4540 2342 4587 et
2378 4540 2654 4600 acceptas,
2707 4529 2942 4584 Domino
2993 4544 3098 4583 suo
3132 4526 3350 4582 obtulit.

134 4647 245 4696 ματα
276 4635 512 4705 μέγιστά
536 4652 595 4687 τε
627 4635 722 4687 καὶ
748 4633 964 4698 ἐξαίσια
991 4649 1006 4663 ·
1042 4635 1121 4703 πῆ
1159 4633 1279 4704 μὲν,
1323 4634 1437 4695 τοῖς
1465 4633 1673 4695 πιστοῖς

132 4725 302 4779 αἰτοῦσι
330 4726 570 4795 uenam
605 4725 763 4797 δίκην
792 4723 1168 4795 κεχαρισμένα
1197 4739 1210 4755 ⁸
1266 4724 1343 4794 πῆ
1392 4723 1451 4776 δὲ
1474 4762 1489 4787 ,
1521 4723 1674 4792 παρά

131 4816 210 4869 τῶν
233 4819 487 4871 ἐναντίων
522 4817 582 4869 οὑ
612 4816 819 4881 πιστῶς
863 4816 1184 4888 αἰτηθέντα,
1224 4815 1375 4888 ἔργῳ
1410 4816 1478 4870 δι’
1508 4815 1676 4886 εὐχῆς

126 4909 199 4960 τοῦ
229 4910 498 4981 μάρτυρος
526 4907 874 4978 ἐκϐεῢηκότα
906 4925 922 4941 °
971 4911 1049 4974 ὡς
1088 4909 1182 4963 καὶ
1219 4907 1414 4979 νεκρὸν
1444 4908 1512 4961 ἐκ
1538 4907 1669 4980 λάρ-

184 5040 362 5098 1l’sal.
427 5056 623 5106 cuin,
666 5040 719 5095 6.

1774 4625 2049 4680 Praeterea
2102 4638 2235 4680 vero
2289 4623 2458 4677 etiam
2519 4622 2759 4676 maxime.
2791 4622 2887 4675 illa
2918 4621 3354 4691 prodigiosaque

1774 4717 2061 4777 miracula,
2087 4729 2194 4785 qua
2223 4713 2526 4784 petentibus
2552 4711 2804 4767 fidelibus
2829 4710 3123 4766 confertim
3150 4711 3356 4766 iustar-

1772 4825 1879 4880 que
1919 4807 2109 4862 imbris
2159 4805 2359 4860 nivalis
2396 4803 2491 4858 Dei
2517 4802 2773 4873 largitate
2804 4803 3052 4868 donata;
3115 4815 3221 4871 qua
3259 4801 3316 4855 in
3342 4828 3354 4841 -

1771 4901 1999 4957 credulo
2047 4900 2230 4953 animo
2257 4896 2328 4951 ab
2357 4893 2694 4953 adversariis
2755 4894 2945 4965 petita,
2980 4893 3354 4964 precibusque

1399 5126 1631 5182 VARl/E
1671 5122 2082 5180 LECTIONES.

181 5230 221 5260 "
245 5228 322 5282 ισ.
340 5227 502 5282 λείπ.
544 5224 657 5279 διά.

1386 5303 1783 5360 ροιιιιΕιτιδιι
1815 5302 2056 5360 NOTAE.

181 5416 280 5487 (57)
310 5408 657 5487 Inclylojlli
705 5403 973 5487 Glycerio.
1028 5402 1306 5487 Interpres
1357 5398 1667 5487 Lipoma‘ni,

92 5473 244 5540 \nale
263 5473 506 5547 omnino,
535 5477 693 5534 bovis
722 5473 1044 5547 miraculum
1098 5473 1164 5526 ad
1193 5473 1292 5547 viri
1326 5474 1668 5547 celent-eno-

124 5539 436 5616 tnen’referl,
468 5539 619 5607 velut
674 5547 794 5616 ipse
838 5545 973 5616 illud
1004 5544 1254 5616 patrarit,
1295 5557 1400 5597 non
1433 5539 1499 5594 ad
1538 5540 1671 5616 libe-

124 5632 361 5680 rationem
410 5610 481 5679 ει)
508 5610 842 5677 idololatria,
875 5610 1317 5681 ejus'occasione
1339 5630 1353 5677 ;
1377 5627 1482 5678 qua
1506 5610 1670 5665 abso-

127 5693 268 5759 lotus,
295 5709 359 5751 ex
384 5692 506 5748 ﬁdei
540 5693 756 5759 fervore
804 5684 1178 5759 martyrioque
1234 5684 1670 5759 quaesito,__vere

136 5750 361 5835 ἐοίδιμος,
388 5772 443 5819 et
463 5756 859 5835 celeberrimus
886 5750 1428 5835 evasitjquanquam
1459 5750 1667 5835 alioqui

134 5821 265 5890 Ῑιοηιό
290 5821 499 5906 privata
538 5830 760 5888 fortuna
787 5831 841 5881 et
876 5821 1143 5890 rusticus,
1177 5830 1235 5878 ut
1274 5821 1353 5879 est
1389 5821 1531 5890 apud
1556 5821 1667 5875 Me-

1779 5402 1965 5470 taplir.
1999 5397 2156 5465 Quod
2213 5415 2377 5469 porro
2415 5410 2629 5469 spectat
2660 5398 2728 5452 ad
2772 5397 2825 5452 id
2859 5412 3036 5470 genus
3078 5395 3351 5449 miracula

1777 5467 1924 5526 circa
1950 5484 2171 5540 pecora,
2193 5467 2315 5537 qum
2340 5467 2615 5540 prm'cipne
2635 5475 2788 5540 tanto
2815 5467 2938 5540 usui
2964 5475 3111 5523 sunt.
3137 5476 3358 5519 exstant

1777 5537 2114 5596 creberrima
2167 5537 2441 5607 exempla,
2492 5537 2594 5592 nec
2645 5540 2698 5590 in
2736 5537 2803 5589 iis
2835 5537 3199 5607 ittlitttatsunt.
3233 5550 3356 5603 qua:

1779 5612 1844 5664 ad
1877 5610 2264 5665 ntiraculosatu
2320 5604 2381 5665 Β.
2440 5607 2500 5662 P.
2554 5608 2820 5662 Dominici
2870 5604 3163 5672 imaginem
3209 5607 3353 5671 apud

1779 5683 2071 5755 Sor-ianum
2126 5685 2179 5755 in
2239 5680 2501 5755 Calabria
2549 5678 2911 5755 perhibentur
2959 5675 3099 5755 ﬁeri,
3140 5684 3353 5729 etcum

1775 5753 1902 5807 aliis
1934 5749 2400 5807 circumferuntur
2429 5744 2631 5805 minori
2665 5745 2937 5802 volumine
2966 5744 3137 5800 edita.
