3830 6326
93 408 256 482 1193
1437 411 1518 473 IN
1557 413 1620 474 S.
1661 411 1708 473 Ν

1813 409 2058 471 )LAUM
2074 453 2087 467 .

94 535 282 605 λόγον
337 537 486 606 ζωῆς
532 530 817 604 ἐπέχοντα.
867 549 883 580 ι
930 525 1138 590 Πολλὰς
1187 525 1293 597 γάρ
1347 541 1427 578 σοι
1474 525 1623 586 κλεῖς
1673 524 1708 592 ἡ

1814 520 2103 575 contineas
2133 519 2248 589 (60)
2273 528 2436 590 atque
2463 535 2722 592 praeturas
2743 531 2789 575 ο.
2834 541 2851 572 ι
2885 521 3098 594 Quippe
3130 525 3230 581 tibi
3257 528 3396 582 mul-

95 628 298 704 ἀρετὴ
339 629 631 700 πεποίηκε,
668 626 764 679 καὶ
803 623 960 676 οὐδέν
997 638 1058 674 σε
1095 619 1206 673 τῶν
1247 618 1428 671 καλῶν
1462 617 1708 684 διέφυγε,

1815 619 1900 664 tas
1943 610 2073 664 fecit
2125 611 2304 667 virtus
2361 613 2581 680 claves;
2624 630 2722 671 nec
2763 622 2872 669 tete
2931 615 3233 685 quidquam
3261 619 3392 674 boni

3255 409 3396 474 1194
3466 424 3470 430 ·

97 726 406 794 ποιμένων
441 723 628 793 ἄριστε
652 762 666 784 ,
703 720 798 772 καὶ
838 715 1142 787 ἀρχιερέων
1174 711 1504 782 πανεύφημε
1541 710 1710 764 Νικό-

100 815 237 871 las.
278 819 469 879 Πάσας
502 815 612 885 γὰρ
647 813 719 875 ὡς
756 813 813 864 ἐν
845 805 1106 880 θησαυρῷ
1155 805 1343 876 χρυσῷ
1371 804 1499 867 τοὺς
1531 802 1710 866 λίθους

103 909 409 978 διαφανεῖς
454 909 519 978 τῇ
570 903 820 976 μακαρία
865 918 958 954 σου
1002 899 1184 969 ψυχῇ,
1231 900 1330 961 τάς
1375 896 1711 967 ὐπερτίμους

105 999 230 1054 τῶν
287 999 503 1071 ἀρετῶν
550 994 849 1058 ὲναπέθου,
904 989 1230 1060 περιὸὁητος
1278 987 1530 1042 ἐντεῦθεν
1576 988 1711 1039 πᾶσι

109 1094 317 1163 σχεδὸν
351 1094 466 1151 τοῖς
501 1087 744 1158 ύψ⁹ὴλίῳ
778 1085 1088 1154 γενόμενος.
1117 1084 1229 1152 Οὐχ
1261 1079 1405 1134 οὕτω
1451 1079 1561 1151 γὰρ
1612 1079 1708 1133 λύ-

113 1201 251 1254 χνος
269 1185 368 1236 ἐπὶ
396 1182 590 1251 λυχνία
620 1177 797 1240 τεθεὶς
821 1176 998 1244 ὑψηλῇ
1030 1175 1127 1229 καὶ
1153 1172 1432 1244 διαχρύσῳ
1485 1171 1709 1241 φωτίζει

125 1277 195 1329 τὰ
232 1276 472 1346 πέρατα,
506 1273 578 1334 ὡς
621 1270 683 1322 σύ
722 1287 786 1337 γε
829 1266 1019 1338 πρώην
1056 1266 1149 1318 ἐπὶ
1186 1265 1279 1318 τοῦ
1319 1263 1709 1336 ἀρχιερατικοῦ

132 1368 345 1439 θρόνου,
378 1365 481 1418 ὑπὸ
511 1361 750 1434 Χριστοῦ
783 1359 874 1413 τοῦ
907 1357 1164 1429 ἀληθινοῦ
1199 1357 1377 1425 φωτὸς
1407 1355 1708 1424 ἀνατεθεὶς,

132 1459 385 1527 καθάπερ
418 1457 475 1507 ὲν
509 1451 781 1524 αὐχμηρῷ
813 1451 965 1522 τόπῳ
996 1449 1075 1519 τῷ
1110 1451 1345 1517 ἀφεγγεῖ
1373 1445 1466 1500 τοῦ
1503 1448 1708 1518 κόσμου

131 1549 337 1618 χωρίῳ,
372 1547 581 1607 πάντας
616 1543 740 1604 τοὺς
781 1541 885 1594 ὑπὸ
919 1539 1014 1592 σοῦ
1051 1539 1534 1608 ποιμαινομὲνους,
1573 1538 1712 1607 πρὸς

134 1641 191 1692 τὸ
218 1639 517 1706 ἁνύκτερον
545 1633 658 1703 φῶς
688 1629 980 1701 δᾳδουχῶν,
1011 1628 1326 1695 διαυγάζεις
1345 1639 1359 1657 ⁸
1393 1627 1486 1680 καὶ
1512 1619 1624 1678 οἷον
1649 1625 1712 1679 ἐκ

138 1747 272 1793 τινος
303 1727 574 1799 μετεώρου
603 1722 898 1794 περιοπῆς,
925 1721 984 1773 ού
1019 1720 1180 1790 μόνον
1204 1721 1332 1782 τοὺς
1357 1720 1547 1787 ἐγγὺς,
1575 1717 1711 1770 ἀλλά

146 1822 232 1876 καὶ
269 1822 391 1882 τοὺς
468 1817 660 1886 πόρρω
701 1815 1078 1884 διεστηκότας,
1120 1810 1199 1882 τῷ
1241 1811 1471 1864 ἀπλανεῖ
1512 1811 1608 1880 τῆς
1653 1811 1711 1862 ἐν

153 1915 404 1982 πνεύματι
440 1908 718 1978 γνώσεως,
755 1903 1199 1975 καταπυρσεύεις
1261 1903 1601 1972 αύγάσματι.
1641 1901 1708 1953 Σὲ

155 2010 248 2077 γὰρ
279 2004 474 2074 ὑψηλὸν
508 1999 727 2070 ἀληθῶς
757 2000 792 2070 ἡ
831 1996 1098 2068 ἀγγελικὴ
1134 1995 1380 2049 πολιτεία
1414 1996 1705 2066 πεποίηκε.

160 2100 216 2152 Σὲ
265 2098 321 2150 τὸ
355 2094 596 2164 καθαρόν
620 2109 680 2145 τε
709 2091 802 2144 καὶ
831 2089 1165 2161 θεωρητικὸν
1191 2092 1289 2152 τῆς
1320 2088 1455 2161 πρὸς
1480 2089 1539 2141 τὸ
1567 2088 1708 2142 θεῖον

162 2187 364 2259 ἀληθοῦς
384 2185 738 2256 ἀνακράσεως
760 2181 875 2244 ,τὰς
897 2181 1184 2251 οὐρανίους
1209 2179 1406 2248 ἀίζιίδας
1429 2178 1707 2250 ύπερπτῆ·

163 2297 235 2333 ναι
255 2279 428 2349 σχεδὸν
448 2274 882 2347 παρεσκεύασεν.
902 2271 1138 2325 Αὐτόθεν
1161 2287 1244 2323 σοι
1265 2271 1330 2341 δὴ
1353 2271 1448 2324 καὶ
1468 2269 1530 2323 τὸ
1553 2269 1710 2324 πολυ-

149 2370 278 2431 ειδὲς
311 2369 414 2421 τῶν
447 2366 681 2440 ἀρετῶν,
796 2363 864 2416 τὰ
901 2365 1000 2433 τῆς
1037 2362 1349 2433 πρακτικῆς
1387 2361 1707 2430 φιλοσοφίας

137 2461 494 2525 συνείλεκται,
519 2459 680 2528 δίκην
707 2457 988 2528 μελίσσης,
1011 2453 1384 2524 ὲκπεριελόντι
1409 2452 1517 2506 τῶν
1538 2453 1707 2522 ἁγίων

134 2554 267 2615 τοὺς
294 2551 461 2621 βίους
489 2548 746 2603 κάκεῖθεν
767 2545 1146 2619 ὲρανισαμένῳ
1170 2530 1279 2597 τῶν
1303 2542 1516 2614 ἀρετῶν
1541 2545 1708 2614 ἀκρο-

135 2645 302 2697 θίνια.
325 2642 456 2694 Τίνα
491 2641 601 2710 γὰρ
635 2637 743 2692 τῶν
778 2637 988 2708 ἀρετῶν
1021 2636 1129 2688 τῶν
1162 2635 1334 2704 ἁγίων
1365 2635 1427 2689 ού
1465 2635 1710 2707 παρεξή-

137 2737 334 2798 λωσας,
375 2728 418 2787 ὦ
463 2735 682 2802 Πάτερ,
711 2732 782 2784 Ἢ
823 2730 967 2791 τίνος
1011 2729 1122 2780 τῶν
1171 2728 1436 2797 ὑπερλίαν
1477 2729 1538 2781 οὐ
1585 2728 1707 2781 κατ’

141 2829 286 2897 ἴχνος
310 2825 602 2896 εὑὼδησας,
628 2824 660 2893 ἢ
689 2825 934 2892 κρεῖττον
959 2821 1158 2882 εἰπεῖν,
1181 2820 1287 2872 τίνι
1307 2819 1416 2872 τῶν
1439 2823 1563 2873 κατ’
1583 2821 1709 2889 ἀρε-

137 2922 244 2991 τὴν
271 2920 572 2989 ζησάντων,
603 2913 943 2986 ἁμιλληθεὶς,
978 2913 1039 2965 σὲ
1068 2912 1228 2966 αὐτὸν
1255 2914 1316 2965 ού
1345 2914 1704 2983 παρίσωσας;

219 3012 372 3064 Ἀσελ
411 3013 439 3064 ὁ
476 3010 703 3072 δίκαιος,
733 3007 826 3060 ἐπὶ
861 3008 976 3068 τοῖς
1009 3004 1202 3073 δώροις
1240 3004 1403 3057 αὐτοῦ
1445 3006 1704 3078 ἐπῃνέθη,

143 3105 301 3166 αὐτος
339 3104 412 3168 δὲ,
454 3100 763 3154 δικαιότατε
811 3098 1012 3168 Πάτερ,
1057 3096 1230 3166 δῶρον
1272 3096 1392 3148 ὅλον
1436 3096 1495 3149 σὲ
1547 3097 1709 3150 αὑτὸν

1811 701 1972 772 fugit,
2008 714 2291 772 pastorum
2328 693 2556 775 optime,
2597 707 3038 777 pontiﬁcumque
3064 709 3392 766 celebratis-

1813 795 1956 848 sime
1992 792 2241 851 Nicolae.
2272 796 2719 856 Pretiosissimas
2753 802 2898 873 enim
2927 816 3179 872 quasque
3215 805 3393 858 virtu-

1811 894 1918 951 tes,
1949 889 2095 944 velut
2120 890 2174 944 in
2211 892 2459 960 pretioso
2509 895 2768 966 thesauro
2821 895 3123 965 pellucidos
3156 896 3389 972 lapides,

1811 979 1868 1032 in
1901 981 2057 1035 beata
2109 982 2290 1036 anima
2323 993 2416 1038 tua
2445 986 2769 1047 condidisti.
2797 988 2928 1044 inde
2985 990 3241 1045 omnibus
3279 989 3395 1046 fere

1812 1071 1914 1126 sub
1954 1074 2072 1128 sole
2105 1075 2309 1143 positis
2336 1074 2516 1132 factus
2557 1078 2704 1132 fama
2740 1079 3114 1140 clarissimus.
3159 1081 3283 1138 Non
3311 1083 3394 1140 sic

1810 1164 1957 1217 enim
2015 1165 2241 1222 lucerna
2298 1171 2522 1226 excelso
2548 1185 2827 1242 aureoque
2851 1173 3184 1230 candelabro
3216 1175 3396 1247 impo-

1812 1254 1942 1320 sita,
1973 1255 2174 1314 domus
2225 1260 2468 1316 illustrat
2518 1261 2653 1318 ﬁnes
2695 1277 2890 1319 omnes
2948 1275 3002 1320 et
3031 1267 3302 1337 angulos;
3335 1276 3396 1322 ut

1812 1355 1894 1406 tu.
1927 1349 2113 1402 statim
2177 1353 2503 1421 pontilicali,
2537 1369 2566 1409 a
2595 1355 2815 1410 Christo
2857 1373 2990 1414 vero
3045 1359 3139 1414 illo
3163 1360 3391 1428 lumine,

1811 1437 2024 1496 locatus
2085 1443 2310 1509 throno,
2343 1447 2490 1502 velut
2535 1449 2831 1504 tenebroso
2861 1449 3006 1517 loco,
3047 1454 3254 1508 mundo
3292 1453 3396 1508 hoc

1811 1530 2053 1584 obscuro
2092 1547 2373 1605 caecoque,
2408 1537 2664 1595 subditas
2695 1555 2890 1596 omnes
2939 1557 3092 1607 oves,
3117 1559 3218 1600 ceu
3250 1560 3395 1615 prae-

1814 1630 1970 1678 tensa
2004 1623 2144 1690 face,
2172 1628 2240 1682 ad
2274 1629 2461 1685 lumen
2498 1631 2712 1688 ducens
2747 1635 2928 1688 noctis
2959 1637 3235 1702 nescium,
3261 1638 3395 1692 illu-

1813 1719 1959 1768 stras
1991 1729 2097 1770 :ae
2126 1719 2276 1772 velut
2309 1719 2376 1775 de
2415 1723 2634 1778 excelsa
2680 1725 2929 1794 specula,
2963 1741 3072 1782 non
3115 1729 3182 1783 iis
3215 1729 3394 1784 solum

1811 1807 1908 1876 qui
1967 1817 2098 1863 sunt
2154 1826 2348 1881 prope,
2385 1813 2480 1868 sed
2539 1823 2595 1869 et
2625 1816 2784 1886 longe
2842 1819 3064 1886 positis,
3123 1821 3394 1890 spiritalis

1812 1900 2056 1954 scientia:
2101 1916 2232 1956 vero
2292 1904 2469 1972 radio,
2515 1908 2805 1975 prmluces.
2842 1909 3012 1965 Plane
3037 1914 3185 1966 enim
3219 1913 3395 1969 subli-

1811 2007 1953 2046 mem
1982 1992 2109 2047 fecit
2143 1997 2396 2065 angelica
2432 1997 2558 2052 vitae
2606 2000 2864 2056 instituta
2899 2004 3060 2058 ratio.
3087 2003 3260 2071 Fecit,
3298 2021 3389 2061 ve-

1811 2098 1886 2137 ra:
1916 2084 1981 2136 ad
2025 2083 2192 2139 Deum
2221 2087 2370 2142 velut
2413 2092 2832 2160 temperatiouis
2891 2093 3108 2164 puritas
3138 2104 3391 2151 contem-

1810 2173 2113 2244 platioque,
2164 2184 2223 2230 ut
2256 2193 2390 2246 pene
2423 2181 2684 2237 cmlestes
2727 2197 2858 2238 axes
2888 2184 3074 2239 volatu
3103 2192 3391 2242 transcen-

1810 2263 1988 2318 deres.
2021 2264 2152 2319 inde
2173 2275 2227 2320 et
2261 2268 2357 2322 tibi
2379 2268 2732 2326 multiformis
2759 2272 2851 2326 illa
2883 2274 3090 2338 virtus,
3116 2290 3247 2345 qua,
3269 2277 3390 2346 apis

1811 2355 2010 2422 instar,
2064 2366 2386 2413 sanctorum
2445 2363 2596 2418 velut
2655 2363 2962 2434 decerpens
3014 2367 3180 2432 vitas,
3212 2383 3393 2438 exque

1810 2449 1892 2502 eis
1917 2450 2181 2504 virtutum
2211 2454 2396 2522 opima
2450 2470 2772 2526 corrogans,
2802 2458 3038 2547 positam
3091 2459 3146 2514 in
3177 2461 3392 2515 actione

1811 2541 2218 2613 philosophiam
2261 2547 2506 2619 collegit.
2543 2549 2716 2616 Quam
2742 2550 2888 2606 enim
2917 2541 3240 2608 sanctorum
3278 2554 3393 2608 vir-

1811 2641 1984 2688 tutem
2016 2652 2125 2691 non
2159 2653 2220 2693 es
2249 2640 2557 2705 aemulatus,
2584 2657 2617 2696 o
2669 2641 2874 2697 Pater?
2911 2643 3155 2709 Quemve
3213 2645 3391 2700 maxi-

1811 2739 1962 2780 mum
2003 2742 2114 2782 non
2143 2744 2174 2784 e
2205 2730 2438 2801 vestigio
2491 2731 2727 2788 feliciter
2792 2745 3021 2790 secutus
3046 2737 3144 2792 es?
3176 2735 3293 2802 Vel,
3330 2746 3392 2790 ut

1812 2818 2009 2874 melius
2041 2820 2253 2890 loquar,
2307 2838 2600 2892 quemnam
2652 2840 2843 2880 eorum
2899 2828 2992 2897 qui
3028 2829 3215 2884 vixere
3246 2845 3277 2884 e
3304 2843 3394 2884 ra-

1814 2909 1962 2965 tione
1991 2911 2234 2980 virtutis,
2277 2917 2586 2972 certamine
2623 2933 2733 2974 non
2765 2922 3043 2988 arquasti?

1882 3003 2014 3058 Abel
2042 3005 2130 3058 ille
2151 3005 2338 3074 justus
2360 3014 2579 3076 propter
2603 3023 2831 3062 munera
2862 3008 3075 3064 laudem
3101 3011 3303 3066 meruit
3325 3021 3389 3073 p;

1813 3105 1867 3150 tu
1894 3107 2098 3163 autem,
2125 3098 2288 3153 Pater
2318 3097 2648 3168 iustissime,
2682 3111 2856 3156 totum
2899 3111 2970 3168 te,
3003 3103 3114 3157 Deo
3141 3104 3234 3172 qui
3264 3104 3389 3157 nul-

142 3193 260 3263 Θεῷ
289 3193 360 3262 τῷ
393 3191 630 3244 ἀνενδεεῖ
659 3187 893 3256 λογικῶς
927 3185 1306 3246 ἀνατέθεικας.
1345 3185 1517 3256 Ἑνὼχ
1549 3186 1708 3258 ἠλπι-

1816 3189 1924 3242 lius
1951 3197 2096 3258 eget,
2147 3191 2405 3244 rationali
2450 3206 2674 3247 minuere
2713 3194 3082 3250 consecras“;
3117 3196 3300 3248 linoch
3338 3195 3393 3249 in

149 3300 237 3335 σεν
265 3282 353 3334 ἐπὶ
381 3281 605 3351 Κύριον·
647 3279 807 3341 αὐτὸς
835 3279 891 3331 δὲ
921 3276 1020 3330 καὶ
1050 3275 1161 3328 τῶν
1191 3277 1712 3346 προσαποκειμένων

145 3375 367 3428 ἐλπίδων
401 3374 548 3444 ᾕδεις
588 3371 688 3432 τὰς
727 3369 1031 3436 ἀποδείξεις
1071 3369 1343 3438 ἐναργεῖς.
1373 3369 1514 3432 Ἔτι,
1545 3367 1713 3437 Ἑνὼχ

151 3467 502 3537 εύαρεστήσας
532 3462 615 3532 τῷ
646 3461 766 3532 Θεῷ
805 3461 1088 3532 μετετέθη,
1113 3461 1276 3522 αὐτὸς
1309 3460 1366 3513 δὲ
1394 3460 1454 3512 τὸ
1481 3460 1580 3529 τῆς
1612 3459 1714 3529 ψυ-

155 3562 245 3630 χῆς
275 3562 520 3630 φρόνημα
552 3557 673 3610 ὅλον
700 3555 808 3609 ἀπὸ
837 3557 940 3625 γῆς
972 3558 1051 3618 είς
1083 3555 1312 3626 οὐρανὸν
1345 3556 1710 3625 μεταστήσας,

157 3653 263 3714 ὅλος
309 3672 326 3703 ι
368 3651 589 3719 ἐξέστης
627 3648 778 3718 Θεῷ,
835 3669 852 3699 ι
900 3648 968 3700 τά
1017 3649 1209 3716 ῥέοντα
1254 3646 1362 3699 τῶν
1410 3646 1711 3715 μελλόντων

159 3742 625 3810 ἁνταλλαξὰμενος.
664 3739 788 3792 Νῶε
829 3738 1035 3800 δίκαιος
1075 3735 1181 3800 ῶν,
1217 3737 1309 3788 ἐπὶ
1343 3738 1463 3798 ταῖς
1497 3734 1713 3798 θυσίαις

159 3834 492 3894 εὐαπόδεκτος
530 3832 788 3899 γέγονεν·
834 3830 954 3882 ἐπεὶ
995 3830 1089 3881 καὶ
1129 3831 1196 3898 τῇ
1236 3827 1464 3898 λάρνακι
1502 3826 1709 3898 ξυλίνῃ,

159 3923 297 3986 ζώων
322 3925 526 3992 ἀλόγων
552 3924 686 3993 γένη
702 3923 927 3974 διέσωσε
945 3920 1038 3973 τοῦ
1068 3919 1457 3988 κατακλυσμοῦ
1486 3920 1584 3990 τὴν
1609 3919 1712 3988 γῆν

159 4017 582 4086 συγκαλύψαντος
604 4031 619 4046 °
647 4015 811 4075 αὐτὸς
839 4013 895 4065 δὲ
923 4011 1142 4082 θύματα
1172 4013 1268 4064 καὶ
1295 4013 1467 4080 ἱερεῖα
1495 4011 1710 4079 λογικὰ,

156 4108 243 4170 τὰς
273 4107 531 4177 μυστικὰς
558 4106 814 4176 λατρείας
839 4103 1173 4176 προσφέρεις
1193 4102 1333 4171 Θεῷ,
1356 4102 1522 4173 ἄλλην
1545 4103 1712 4156 κιϐω-

155 4199 235 4250 τὸν
264 4199 466 4263 δεικνὺς
505 4200 602 4269 τὴν
635 4195 873 4268 Χριστοῦ
911 4196 1266 4264 Ἐκκλησίαν,
1301 4194 1555 4265 καθάπερ
1577 4195 1712 4260 ,ζῶα

155 4289 392 4360 πολυειδῆ
409 4290 454 4321 ’⁵
487 4291 556 4342 τὰ
592 4289 692 4356 τῆς
736 4287 1002 4356 αἱρέσεως
1041 4284 1417 4348 διασώζουσαν
1446 4286 1512 4354 τῇ
1552 4285 1710 4356 ὀρθο-

150 4381 298 4454 τομίᾳ
323 4383 426 4435 τῶν
455 4384 630 4448 λόγων
665 4396 780 4433 σου.
814 4379 1066 4448 Ἀϐραὰμ
1099 4381 1156 4430 ὲν
1184 4377 1462 4448 φιλοξενίᾳ
1491 4377 1588 4431 καὶ
1619 4395 1710 4446 φι-

148 4473 314 4546 λοθεῖα
338 4473 697 4544 θαυμάζεται,
723 4473 818 4526 καὶ
847 4471 963 4542 ἅμα
993 4472 1140 4542 θῦμα
1165 4471 1352 4524 δεκτὸν
1378 4470 1594 4534 ἀθύτως
1618 4471 1709 4524 τὸν

1816 3278 2052 3335 Domino
2089 3280 2616 3354 speravit(6l)q;tu
2640 3294 2821 3338 autem
2836 3285 3003 3339 etiam
3043 3299 3238 3340 eorum
3273 3299 3395 3354 quae

1815 3371 1871 3424 in
1912 3386 2010 3440 spe
2040 3373 2278 3442 reposita
2297 3381 2480 3429 essent
2507 3374 2874 3431 exhibitioncs
2906 3376 3195 3446 perspicue
3225 3391 3394 3430 nove-

1816 3477 1926 3517 ras.
1954 3463 2246 3532 Prteterea,
2279 3463 2466 3520 Enoch
2503 3481 2628 3520 cum
2658 3464 2768 3521 Deo
2787 3467 3108 3535 placuisset,
3145 3465 3394 3520 transla-

1814 3559 1904 3606 tus
1940 3562 2025 3608 est
2059 3564 2123 3605 τι
2159 3563 2216 3606 ιιι
2257 3562 2441 3608 autem
2480 3564 2594 3610 toto
2643 3555 2811 3610 animi
2859 3572 3026 3611 sensu
3079 3572 3110 3611 e
3159 3559 3308 3612 terra
3337 3559 3392 3610 in

1763 3687 1768 3694 .
1815 3645 2016 3697 caelum
2053 3645 2348 3708 translato,
2383 3646 2527 3699 ﬂuxa
2595 3646 2711 3700 hinc
2745 3645 2954 3701 futuris
3008 3659 3356 3702 commutans
3379 3689 3394 3710 ,

1814 3742 1965 3788 totus
2003 3752 2022 3784 ι
2056 3735 2344 3790 excessisti
2377 3734 2486 3790 Deo
2512 3739 2594 3789 ³.»
2629 3733 2744 3790 Noe
2773 3737 2853 3788 vel
2877 3738 3064 3806 justus
3097 3737 3153 3791 in
3192 3740 3395 3792 oblatis

1814 3825 2055 3881 victimis
2080 3835 2339 3895 acceptus
2367 3825 2468 3880 fuit
2490 3828 2509 3863 ι
2539 3843 2553 3890 ς
2581 3826 2724 3880 unde
2751 3837 2805 3882 et
2829 3827 3116 3880 brutarum
3143 3829 3396 3881 animan-

1815 3917 1951 3972 tium
1993 3917 2232 3988 species,
2263 3917 2470 3972 diluvio
2509 3927 2715 3972 terram
2765 3918 3093 3984 inuudaute,
3164 3935 3292 3973 arca
3323 3921 3395 3973 li-

1813 4022 1954 4078 gnea
2025 4008 2096 4061 ab
2165 4008 2386 4063 interitu
2452 4007 2657 4077 eripuit
2705 4024 2720 4060 :
2775 4018 2834 4063 tu
2893 4017 3078 4063 autem
3139 4011 3394 4064 victimas

1813 4101 2110 4155 rationales
2159 4100 2431 4155 sacrilicia
2462 4100 2738 4169 spiritalia
2791 4099 2900 4154 Deo
2939 4099 3198 4166 oil‘crcns,
3246 4103 3396 4157 velut

1813 4209 1996 4248 arcam
2025 4192 2187 4246 aliam
2221 4192 2446 4247 exhibes
2481 4191 2576 4247 Dei
2609 4190 2913 4247 Ecclesiam
2941 4209 2957 4258 ;
3009 4206 3140 4262 qua.
3173 4201 3391 4246 tuorum

1813 4299 2131 4340 sermonum
2159 4300 2296 4340 sana
2341 4283 2620 4350 doctrina,
2649 4297 2748 4338 ceu
2781 4285 3134 4341 diversarum
3179 4287 3380 4354 specie-

1813 4392 1935 4431 rum
1995 4377 2276 4439 animalia,
2344 4375 2729 4432 haereticorum
2765 4375 2972 4432 diversi
3028 4384 3206 4431 cmtus
3255 4376 3391 4431 salvi

1815 4468 1966 4522 liam.
2009 4469 2284 4523 Abraham
2321 4467 2718 4536 hospitalitatis
2738 4469 2960 4525 nomine
2981 4479 3036 4524 et
3070 4469 3292 4538 pietatis
3335 4470 3390 4522 in

150 4565 196 4630 ἐξ
221 4570 539 4636 ἐπαγγελίας
568 4567 684 4619 υίδν
712 4565 1010 4636 προσάγων
1038 4563 1178 4633 Θεῷ,
1203 4563 1704 4633 μακαρίζεται·αύ-

1813 4559 1983 4615 Deum
2015 4559 2444 4614 admirationem
2477 4561 2642 4616 habet
2669 4573 2716 4626 ιι,
2757 4561 3040 4630 ﬁliumque
3068 4571 3389 4629 susceptum

148 4655 225 4720 τὸς
252 4658 326 4724 δὲ,
360 4657 594 4728 Χριστὸν
625 4656 786 4710 αὑτὸν
817 4654 1059 4730 ξε-νάγεις
1092 4653 1285 4707 ἐσθίων
1315 4653 1439 4706 καθ’
1464 4654 1698 4724 ἡμέραν,

149 4744 269 4819 [καὶ]
297 4750 676 4820 πνευματικῆς
707 4749 1021 4819 μεταδιδοὺς
1049 4745 1332 4818 τραπέζης
1357 4747 1484 4809 τοὺς
1511 4748 1700 4814 ἐντυγ-

142 4842 385 4908 χάνοντας
409 4859 425 4873 ⁸
459 4841 554 4895 καὶ
586 4841 708 4912 θύῃ,
740 4842 802 4893 ού
831 4841 922 4893 τὸν
950 4840 1232 4910 ἀγαπητὸν
1259 4841 1394 4902 υίὸν,
1422 4840 1453 4909 ἢ
1488 4841 1698 4908 πρόϐα-

195 5019 476 5090 ·ΡΙιὶιίρι).
517 5035 578 5080 ιι.
636 5019 730 5075 15.

131 5094 158 5127 δ
188 5090 320 5148 Gen.
353 5087 510 5158 x‘viu,
544 5091 602 5144 2.
673 5101 704 5128 τ
728 5087 867 5143 Gen.
897 5102 1035 5151 xm,
1067 5087 1144 5145 16.

802 5028 830 5066 p
867 5013 1008 5071 Gen.
1039 5033 1115 5072 tv.
1155 5015 1212 5070 4.
1290 5026 1318 5066 τι
1347 5015 1485 5072 Gen.
1517 5031 1569 5080 ν,
1609 5015 1701 5072 24.
1781 5025 1806 5053 ³⁵
1842 5015 2101 5080 Hebr.xl,
2139 5015 2193 5067 5.

1813 4667 1879 4707 ex
1933 4652 2385 4721 repromissione,
2454 4653 2738 4708 victimam
2829 4655 2952 4708 sine
3011 4652 3387 4708 immolatione

1811 4752 2115 4813 acceptam,
2169 4743 2280 4799 Deo
2329 4742 2590 4808 oﬂ'erens,
2624 4745 2817 4799 beatus
2850 4743 3187 4814 praedicatur
3212 4753 3236 4782 ν
3265 4763 3279 4811 ;
3327 4749 3383 4796 tu

1809 4846 2013 4901 autem,
2071 4836 2413 4891 manducaus
2477 4836 2731 4906 quotidie
2790 4836 2926 4907 (6:2),
2979 4845 3142 4906 atque
3176 4852 3272 4891 eos
3297 4838 3392 4906 qui

2275 5021 2295 5046 '
2331 5013 2373 5069 ll
2406 5015 2535 5070 Cor.
2584 5032 2639 5081 v,
2695 5019 2782 5072 l5.
2890 5020 2909 5056 ί
2944 5018 3080 5075 Gen.
3151 5038 3269 5090 vm,
3298 5019 3388 5076 2|.
3428 5077 3433 5088 λ

1391 5158 1624 5214 νΑιιυΕ
1663 5160 2046 5216 LECTIONES

1394 5293 1788 5350 COMBEFISII
1816 5293 2049 5350 NOTAE.

194 5231 239 5264 "
262 5231 426 5285 λείπ.
450 5246 525 5288 τι.

196 5415 301 5487 (60)
345 5413 451 5487 Qui
503 5414 714 5487 verbum
766 5413 885 5464 vita:
937 5409 1232 5487 contineas,
1278 5417 1407 5487 etc._
1444 5408 1514 5464 Ut
1548 5411 1694 5479 apud

124 5479 376 5546 Paulum,
425 5485 502 5537 ita
548 5484 660 5543 hic,
719 5489 902 5549 potest
930 5480 1274 5548 participium
1321 5479 1551 5540 referre.
1578 5492 1693 5534 tum

123 5575 278 5630 quem
301 5555 600 5630 alloquitur
623 5551 927 5630 Nicolaum,
954 5558 1066 5630 tum
1093 5549 1379 5630 φωστῆρα,
1403 5552 1493 5630 cui
1516 5551 1696 5616 ipsum

126 5619 714 5698 comparat.'_il_eferunt
738 5619 852 5675 fere
880 5619 1382 5698 Pauliinterpretes
1412 5621 1479 5675 ad
1512 5637 1698 5688 μοι’εο-

128 5713 221 5754 nas
249 5690 300 5749 et
353 5694 734 5762 Philippenses
782 5705 924 5762 quos
981 5690 1262 5758 dilaudat,_
1302 5705 1466 5759 quem
1505 5701 1557 5745 et
1592 5707 1696 5747 nos

131 5778 338 5824 sensum
367 5767 541 5819 secuti
581 5777 794 5818 sumus.

193 5839 300 5910 (Gl)
337 5833 521 5890 Enoclt
543 5834 599 5887 in
643 5825 869 5900 Dpun'iio
893 5831 1142 5900 sperauit.
1175 5832 1493 5897 Apostolus,
1527 5829 1692 5888 l-lebr.

394 5929 664 5989 ΡΑτιιοι..
712 5926 828 5985 GR.
861 5925 1098 5989 XCVII

1805 5426 1886 5476 ιιι,
1913 5411 2035 5466 lidei
2062 5411 2292 5479 tribuit;
2329 5431 2517 5470 verum
2574 5429 2681 5468 non
2741 5414 2986 5469 excludit
3033 5427 3209 5481 spcm,
3263 5427 3383 5478 qua:

1805 5493 1858 5537 et
1887 5483 2003 5548 ipsa
2046 5489 2361 5554 necessaria
2398 5485 2498 5539 fuit
2527 5493 2584 5538 ut
2611 5487 2849 5554 placeret
2888 5484 3019 5546 Deo,
3051 5484 3384 5554 plurimum-

1805 5568 1914 5621 que
1947 5555 2119 5606 valuit
2145 5553 2214 5606 ad
2253 5556 2372 5623 ejus
2400 5553 2841 5617 translationem,
2879 5555 3024 5608 velut
3059 5553 3160 5607 viri
3201 5555 3292 5621 qui
3318 5568 3385 5606 ea

1807 5623 2103 5678 subvectus
2131 5639 2196 5677 ac
2223 5633 2368 5680 totus
2403 5626 2722 5681 cmlestibus
2751 5626 2990 5688 inhians,
3028 5624 3116 5676 vix
3143 5641 3250 5678 non
3282 5624 3386 5677 hu—

1807 5694 2006 5764 manis,
2039 5693 2216 5747 adhuc
2247 5711 2477 5764 corpore
2505 5698 2716 5758 vivens,
2740 5695 3048 5750 excessisse
3077 5695 3381 5764 videretur.

1879 5763 2359 5835 (62)_Mauducaus
2403 5765 2654 5835 quotidie.
2709 5765 2934 5818 ἘσΟίων
2991 5763 3114 5817 καθ’
3146 5765 3375 5833 ἡμέραν.

1811 5832 1904 5887 Pia
1952 5833 2244 5891 admodum
2299 5832 2534 5908 veraque
2588 5838 2983 5893 consideratio.
3043 5836 3118 5889 Ea
3157 5832 3381 5906 pietate,

2989 5930 3064 5990 38
