3830 6326
461 393 599 457 1⁸203
625 413 632 419 ·

1652 403 1713 461 S.
1755 401 2082 464 ANDREIE
2115 404 2539 469 CRETENSIS

3560 410 3668 473 12‘)!

455 522 680 568 tuorum
737 525 1056 568 sermonum
1112 511 1316 582 jaculis
1380 514 1654 585 abegeris,
1709 534 1820 589 quo
1862 528 2031 576 tutum

2145 523 2348 578 στικῶν
2407 522 2783 595 ἀντιλήψεων,
2852 521 3241 595 φανερώτερόν
3297 539 3357 576 τε
3415 522 3505 575 καὶ
3549 524 3674 579 ἐκτι-

455 614 720 674 metuque
773 604 1006 660 liberum
1055 611 1213 660 tuum
1268 605 1423 661 illum
1473 609 1735 678 pusillum
1790 629 2034 684 gregem,

454 713 618 767 quem
652 696 854 767 pavisti
882 697 1022 768 ipse,
1054 699 1365 754 servaverit
1400 718 1412 754 :
1443 717 1513 756 ne
1546 716 1759 769 sacros,
1787 705 2036 776 inquam,

455 804 518 843 ac
549 787 660 843 Deo
708 787 928 844 dicatos
978 789 1320 856 sacerdotes,
1368 789 1578 862 Deique
1627 803 1903 851 amantem
1940 811 2038 864 po-

452 880 669 949 pulum,
703 879 843 936 vivis
882 880 994 935 illis
1027 881 1290 950 verisque
1314 883 1542 953 pietatis
1573 885 1871 956 dogmatis,
1909 904 2038 958 pro-

453 971 845 1042 digiornmque
893 972 1204 1040 majestate,
1256 975 1458 1030 animis
1518 993 1722 1046 augere
1783 993 1847 1034 ac
1899 979 2036 1033 inci-

452 1072 598 1128 tare,
652 1065 736 1118 vir
794 1064 906 1120 Deo
963 1067 1162 1132 amate,
1217 1068 1499 1124 desieris:
1551 1085 1616 1125 ac
1663 1086 1728 1127 eo
1769 1073 2033 1141 amplius,

451 1171 565 1226 quo
609 1156 723 1226 jam
775 1156 884 1212 Deo
940 1160 1136 1227 purius
1172 1161 1650 1232 appropinquans,
1708 1179 1770 1219 ea
1807 1165 2033 1234 propin-

451 1248 686 1314 quitate,
709 1249 904 1318 majori
935 1249 1249 1305 divinarum
1283 1253 1719 1308 illustrationum
1739 1255 2036 1324 splendore

450 1340 788 1404 irradiante,
834 1342 1038 1397 clarius
1084 1345 1539 1415 expressiusque,
1593 1347 1934 1415 perspicacis
1966 1347 2034 1402 ad
2077 1377 2086 1384 -

449 1415 625 1488 Deum
675 1434 948 1488 libertatis
1000 1435 1462 1492 illuminationem
1519 1439 1614 1492 tibi
1668 1438 1921 1494 vindicas
1970 1455 2035 1495 ac

445 1526 684 1580 retines.
723 1526 945 1581 Beatam
978 1537 1030 1582 te
1060 1529 1207 1592 dico,
1245 1528 1396 1600 Myra
1449 1529 1648 1584 civitas
1689 1531 1873 1602 Lycia:
1920 1548 2066 1587 me-~

445 1619 710 1687 tropolis,
742 1618 887 1688 quod
931 1620 1015 1674 sic
1051 1620 1294 1673 ﬁliorum
1350 1630 1626 1674 amantem
1656 1631 1935 1692 pastorem
1969 1638 2034 1678 ac

445 1718 743 1779 patronum
773 1721 1075 1767 consecuta
1102 1712 1214 1777 sis;
1258 1712 1432 1783 quod,
1467 1714 1718 1785 inquam,
1755 1715 1835 1770 sie
1868 1731 2034 1770 vene-

445 1803 680 1857 rabilem
737 1819 802 1858 ac
851 1805 1282 1875 gloriationibus
1331 1807 1698 1862 immortalem
1767 1822 2030 1862 coronam

445 1895 508 1948 in
541 1895 723 1964 capite
750 1897 1063 1964 acceperis.
1085 1897 1258 1962 Quam
1289 1895 1476 1949 illam?
1509 1895 1705 1966 Utique
1737 1895 2026 1952 Nicolaum

447 1983 632 2049 illum,
687 1972 781 2054 qui
844 2002 904 2042 se
947 1988 1106 2057 plane
1165 1987 1370 2042 divinis
1441 1987 1930 2051 delectationibus,
1971 1988 2025 2042 in

445 2075 881 2131 necessitatibus
952 2077 1305 2133 manifestum
1367 2078 1685 2134 exhibeat:
1740 2079 2028 2136 velocissi-

447 2183 600 2221 mum
652 2168 806 2222 illum
856 2168 1165 2238 adjutorem
1225 2169 1486 2239 injuriam
1535 2171 1885 2240 patientium,
1938 2187 2030 2228 sa-

447 2260 813 2336 cratissimam
847 2253 1199 2316 sacerdotum
1229 2261 1550 2332 imaginem,
1587 2277 1844 2333 magnum
1872 2263 2026 2317 illum

444 2352 754 2419 miraculis,
806 2362 860 2409 et
917 2354 1187 2423 portentis
1253 2354 1602 2410 terribilem:
1646 2355 1742 2426 qui
1781 2355 2034 2412 insontes

445 2462 478 2498 e
525 2447 786 2515 periculis
819 2447 1035 2512 liberet,
1098 2447 1346 2502 volentes
1379 2446 1639 2516 injuriam
1694 2447 1901 2514 facere,
1969 2449 2025 2504 in

445 2538 661 2593 somnis
709 2555 957 2606 mouens,
1013 2541 1265 2610 castiget.
1298 2541 1460 2594 Beata
1499 2539 1664 2608 igitur
1723 2540 1867 2596 inter
1891 2540 2031 2594 civi-

444 2637 609 2694 tates,
667 2645 788 2700 qnac
840 2636 1131 2701 patronum
1177 2633 1342 2686 talem
1407 2629 1756 2696 educaveris,
1812 2631 2034 2701 tuisque

445 2720 720 2778 locaveris
770 2726 1014 2780 sedibus.
1087 2745 1105 2777 ι
1143 2726 1201 2780 lu
1262 2726 1442 2796 cujus,
1478 2746 1495 2777 ι
1560 2726 1741 2795 inquit
1793 2726 2032 2795 quodam

2141 616 2408 688 πώτερον,
2441 617 2542 688 τῆς
2591 615 2908 688 αὺγηέσσης
2942 617 3081 687 πρὸς
3117 615 3253 669 Θεὸν
3292 614 3679 685 παρρησίαςάν-

2139 711 2275 782 τέχῃ
2327 710 2426 780 τὴν
2511 707 2803 779 ἐλλαμψιν.
2860 707 3170 779 Μακαρίζω
3231 723 3316 771 σε,
3352 705 3504 768 πόλις
3545 706 3684 776 Μύρα

2140 800 2250 854 τῶν
2323 799 2544 854 Λυκίων
2598 798 2958 870 μητρόπολις,
3036 799 3152 851 οἴου
3236 797 3499 866 ποιμένος
3559 798 3681 864 σιλο-

2137 892 2359 952 τέκνου,
2382 891 2476 944 καὶ
2514 890 2823 962 προστάτου
2873 889 3186 958 τετύχηκας
3209 905 3221 916 ·
3251 883 3372 940 οἷον
3423 889 3514 940 ἐπὶ
3540 904 3682 952 κεῖνα.

2139 984 2238 1054 λῆς
2267 983 2436 1048 ἐδέξω
2464 983 2555 1037 τὸν
2593 983 2863 1052 στέφανον
2891 984 3179 1052 αἰδέσιμον
3207 983 3345 1035 ὅντα
3375 981 3472 1034 καὶ
3504 981 3680 1050 γῆραςι

2140 1077 2462 1146 καυχήσεσι.
2491 1075 2626 1130 Τίνα
2675 1075 2866 1129 τοῦτον
2891 1093 2904 1141 ;
2933 1075 3230 1136 Νικόλαον,
3253 1074 3354 1126 τὸν
3385 1073 3525 1125 πάνυ
3548 1073 3683 1136 θείαις

2138 1165 2505 1236 εὐφροσύναις
2533 1205 2548 1228 ,
2579 1169 2702 1230 ταῖς
2731 1167 2789 1219 ἐν
2823 1167 3094 1234 ἀνάγκαις
3122 1164 3466 1233 καταφανῶς
3496 1165 3681 1218 ὀπτανε-

2141 1273 2333 1326 μενον’
2364 1256 2457 1309 τὸν
2515 1255 2944 1327 συντομώματον
2997 1257 3139 1326 ὑπὲρ
3185 1257 3300 1309 τῶν
3345 1256 3678 1324 ἀδικουμέηιρων

2136 1347 2428 1418 ἐπίκουρον
2460 1363 2476 1379 ⁶
2506 1349 2565 1401 τὸ
2583 1349 2699 1422 ¹τῶν
2756 1349 2947 1418 ἱερέων
3005 1347 3302 1419 ἱερώτατον
3336 1348 3586 1417 ἀγαλμα-
3611 1349 3676 1402 τιν

2140 1442 2314 1512 μέγαν
2338 1443 2395 1494 ἐν
2424 1441 2691 1510 θαύμασι,
2746 1441 2844 1494 καὶ⁵
2890 1439 3123 1511 φοϐερὸν
3145 1443 3203 1494 ἐν
3224 1442 3342 1503 τοῖς
3371 1440 3589 1509 τέρασι·
3610 1442 3677 1492 τὸν

2136 1534 2263 1595 τοὺς
2312 1531 2642 1595 ἀνευθύνους
2690 1529 2800 1584 τῶν
2822 1531 3090 1584 κινδύνων
3120 1530 3415 1601 ῥυόμενον,
3458 1531 3544 1580 καὶ
3566 1530 3671 1582 ’ἑνεὶ-

2137 1643 2253 1696 ροις
2296 1625 2421 1687 τοὺς
2447 1625 2655 1677 ἀδικεῖν
2685 1622 2947 1687 θέλοντας
2978 1621 3413 1693 σωφρονίζοντα.
3453 1621 3672 1689 Mazaei:

2135 1714 2318 1766 τοίνυν
2369 1713 2638 1784 ὑπάρχεις
2669 1715 2727 1766 ἐν
2751 1713 2941 1766 πόλεσι
2996 1711 3242 1766 τοιοῦτον
3273 1711 3584 1782 θρεψαμένῃ
3606 1729 3676 1762 τοι

2135 1807 2383 1878 λιοῦχον,
2420 1807 2515 1860 καὶ⁵
2563 1806 2761 1870 θώκοις
2796 1809 2910 1869 τοῖς
2934 1807 3047 1868 σοῖς
3078 1803 3428 1874 ἐνιδρύσασα.
3474 1821 3492 1853 ι
3514 1800 3580 1856 οὗ
3607 1804 3676 1853 ἐπὶ

2139 1875 2344 1970 μένὴτῷ
2367 1875 2510 1968 ἶρωτὶ
2559 1895 2964 1968 πορευσόμεθα,
3015 1895 3113 1948 καὶ
3141 1896 3199 1947 ἐν
3263 1896 3332 1964 τῇ
3385 1895 3515 1963 σκιᾷ
3547 1891 3678 1943 αὑτοῦ

2137 1992 2413 2062 ζήσωμεν,
2442 1989 2876 2061 ἀναπαυόμενοι,
2906 2008 2924 2039 ι
2951 1987 3084 2058 φησί
3121 2003 3226 2039 που
3243 1985 3305 2038 τδ
3333 1984 3479 2052 ἱερὸν
3497 1985 3676 2048 Λόγων.

2139 2085 2327 2154 Ἔχεις
2356 2083 2457 2136 σὺν
2517 2081 2694 2152 τούτῳ
2743 2079 2838 2134 καὶ
2884 2080 3010 2142 τοὺς
3049 2075 3341 2139 εὐσεϐείας
3389 2075 3675 2144 γενομένους

2137 2175 2464 2244 ἀγωνιστὰς,
2506 2175 2834 2245 Κρήσκεντα
2875 2170 3044 2239 λέγω,
3071 2169 3169 2223 καὶ
3209 2167 3573 2237 Διοσκορίδην,
3600 2164 3676 2217 καὶ

2136 2267 2437 2332 Νικοκλέα,
2465 2266 2591 2328 τοὺς
2629 2267 2778 2335 τρεῖς
2803 2262 2902 2332 τῆς
2943 2261 3175 2333 Τριάδος
3228 2260 3560 2331 ίεροφεγγείς
3595 2255 3671 2308 καὶ

2132 2359 2467 2429 ὁμόφρονας,
2526 2353 2621 2418 οὓς
2683 2357 2716 2425 ἡ
2772 2352 2915 2422 αὓτη
2989 2349 3198 2420 Τριάς,
3253 2350 3372 2410 τοῖς
3422 2345 3670 2412 ἀξιονίιιοις

2130 2451 2229 2519 τῆς
2276 2447 2556 2519 βασιλείας
2606 2445 2904 2515 τετίμηκεν
2951 2441 3155 2505 ἄθλοις.
3203 2440 3570 2511 Ἐναρμονίως
3600 2432 3673 2490 οὖν

2134 2539 2423 2610 συνάψασα
2447 2537 2678 2601 τούτοις,
2702 2537 2800 2607 τὴν
2819 2535 3074 2602 συναοίδη
3083 2553 3182 2602 μον
3196 2533 3441 2598 ἐπαξίως
3461 2546 3674 2584 συνεστε-

2131 2634 2348 2704 φάνωσε
2401 2629 2683 2700 κεφαλήνο
2734 2627 2895 2682 τοῦτο
2946 2627 3070 2698 μὲν,
3095 2627 3172 2690 ὡς
3201 2629 3297 2678 τὸν
3354 2627 3469 2677 [σον
3521 2623 3675 2680 αὐτοῖς

2129 2725 2338 2795 ἀγῶνα,
2378 2726 2442 2794 τῇ
2475 2723 2618 2777 κατά
2673 2720 3000 2791 προαίρεσιν
3018 2718 3263 2772 διαθέσει
3289 2715 3547 2785 γενναίως
3573 2715 3674 2764 ἐπι-

445 2812 574 2868 loeo
611 2813 920 2887 Scriptura,
947 2836 964 2867 ι
992 2819 1199 2874 lmnine
1221 2819 1626 2874 ambulabimus
1658 2830 1706 2884 ο,
1737 2828 1790 2873 et
1820 2819 1873 2872 in
1907 2818 2028 2888 ejus

2136 2817 2444 2888 δειξάμενον
2478 2833 2491 2846 ·
2537 2813 2696 2867 τοῦτο
2723 2813 2800 2876 δὲ,
2831 2813 2921 2866 καὶ
2937 2811 3012 2873 ὡς
3034 2811 3137 2880 ἤδη
3173 2809 3341 2862 πάλιν
3369 2809 3478 2869 τοῖς
3499 2801 3668 2858 ἐαυτοῦ

444 2907 646 2961 umbra
700 2910 1047 2980 quiescentes
1086 2911 1334 2967 vivemus
1372 2910 1415 2966 ί.
1453 2931 1471 2963 ι
1515 2910 1696 2984 [labes
1721 2910 1772 2965 ei
1820 2909 2026 2976 socios,

441 2995 667 3066 pietatis
689 2999 922 3070 pugiles,
947 2999 1322 3064 Crescentem,
1352 3002 1602 3072 inquam,
1627 2999 2028 3063 Dioscoridem,

445 3097 503 3142 et
527 3089 798 3149 Nicoclem
821 3095 933 3165 (75)
954 3114 968 3162 ;
1001 3105 1113 3151 tres
1133 3096 1257 3151 illos
1281 3095 1574 3151 Trinitatis
1600 3096 1806 3150 lumine
1825 3094 2032 3149 all‘usos

2131 2909 2316 2971 πόνοις
2365 2907 2491 2969 τοὺς
2525 2905 2810 2976 μάρτυρας
2843 2917 2857 2931 ·
2911 2901 3008 2955 καὶ
3054 2900 3206 2971 ζήλῳ
3234 2899 3317 2969 τῷ
3345 2898 3476 2969 πρὸς
3504 2896 3674 2955 αὐτοὺς

2131 3001 2261 3072 ἄρτι
2317 2998 2409 3052 τὸν
2455 2999 2687 3059 ἐκεῖνοις
2736 2994 3120 3066 ἐμπρέποντα,
3157 2988 3672 3057 συναναπλεκὸμενον

2135 3093 2419 3161 στέφανον.

445 3187 888 3258 concordesquc,
948 3207 1090 3260 quos
1145 3192 1336 3247 eadem
1386 3192 1504 3261 ipsa
1537 3191 1803 3256 Trinitas,
1840 3190 2028 3260 dignis
2062 3204 2160 3259 pro
2211 3189 2471 3253 victoria,
2527 3186 2679 3258 regni
2744 3183 2991 3254 praemiis
3025 3181 3344 3238 honoravit.
3411 3182 3477 3234 lis
3534 3179 3676 3248 igitur

447 3280 722 3333 concinne
753 3289 1098 3345 consertum,
1138 3285 1255 3352 pari
1313 3286 1489 3355 gloria
1548 3283 1814 3354 inclytum
1845 3291 2030 3353 caput,
2072 3283 2254 3353 dignis
2283 3283 2491 3337 laureis
2524 3279 2689 3336 simul
2737 3278 3030 3332 coronavit
3065 3295 3078 3331 :
3123 3285 3238 3330 tum
3300 3273 3443 3342 quod
3496 3269 3676 3341 aequale

445 3370 588 3441 ipsis
653 3377 955 3431 certamen,
1019 3373 1323 3427 voluntariis
1377 3373 1573 3429 all'ectu
1614 3384 1842 3429 strenue
1875 3373 2243 3440 desudasset;
2284 3383 2398 3428 tum
2464 3372 2608 3442 quod
2655 3370 2810 3438 olim,
2882 3370 3002 3426 suis
3072 3368 3188 3438 ipse
3225 3367 3522 3429 laboribus,
3574 3377 3670 3415 ser-

446 3468 566 3513 tum
600 3459 712 3512 Deo
749 3460 1146 3515 concinnasset
1177 3470 1449 3534 martyres
1495 3463 1632 3534 (7i),
1676 3465 1905 3534 zcloque
1961 3463 2026 3518 ad
2063 3478 2180 3530 eos,
2211 3479 2515 3535 congruam
2553 3461 2891 3533 martyribus
2962 3473 3225 3516 coronam
3306 3454 3672 3526 impraesentia-

447 3567 572 3605 run
612 3551 931 3606 concinnet.

521 3644 721 3700 Verum
765 3638 952 3703 adeste
1007 3649 1213 3718 pariter
1272 3651 1516 3706 universi
1555 3652 1740 3716 hodie,
1774 3670 1808 3709 o
1838 3669 2026 3710 sacra-

2212 3648 2373 3703 Ἀλλά
2400 3644 2560 3716 δεῦρο
2587 3643 2791 3706 πάντες
2845 3638 2980 3711 ὁμοῦ
3029 3640 3293 3709 σήμερον,
3331 3628 3377 3688 ὦ
3418 3635 3671 3704 ἱερώτατον

448 3735 669 3792 tissima
723 3745 776 3790 et
836 3738 1012 3794 ﬁdelis
1066 3742 1286 3807 concio,
1345 3750 1620 3813 quotquot
1657 3744 1725 3798 ad
1767 3746 2031 3815 templum

2136 3743 2228 3796 καὶ
2254 3738 2465 3793 πιστῶν
2497 3735 2886 3807 ἀκροατήριον,
2935 3731 3028 3783 ἐπὶ
3049 3729 3202 3782 τόνδε
3223 3728 3316 3781 τὸν
3350 3727 3474 3780 ναὸν
3503 3739 3669 3778 καταν-

447 3825 596 3880 istud
618 3827 827 3898 pariter
846 3831 1190 3888 occurristis.
1213 3831 1440 3888 Sacram
1468 3834 1664 3890 festive
1689 3836 2031 3891 celebremus

2136 3835 2418 3905 τήσαντες.
2457 3827 2681 3899 Ἐορτὴν
2712 3825 3061 3896 ἐορτάσωμεν
3094 3820 3239 3890 ἱερὸν
3267 3819 3364 3873 καὶ
3393 3818 3667 3913 πανὲορτοζι.

450 3917 618 3978 diem.
668 3933 732 3973 ac
782 3921 942 3990 plane
997 3923 1196 3989 laetam,
1251 3926 1364 3982 Deo
1421 3927 1586 3981 aﬂlati
1618 3925 1796 3982 Patris
1856 3930 2031 3983 nostri

2136 3924 2230 3992 τὴν
2261 3918 2756 3988 ἀξιεπαινεστάτην
2822 3914 2917 3968 τοῦ
2979 3910 3506 3980 θεοφόρου·Πατρὸς
3544 3909 3670 3976 ἡμῶν

449 4013 772 4066 memoriam
812 4015 1244 4072 laudatissimam
1302 4020 1625 4075 recolentes.
1665 4019 1874 4081 ld_vero
1903 4037 2036 4090 prte-

453 4110 688 4168 stemus,
723 4110 1000 4161 mundana
1058 4111 1208 4163 omni
1265 4117 1488 4181 pompa,
1550 4121 1938 4184 conventuque
1966 4129 2032 4168 ac

453 4194 755 4253 fallacibus
795 4202 1142 4257 ornamentis
1167 4218 1330 4272 quam
1367 4205 1554 4272 procul
1581 4205 1758 4274 jussis
1789 4206 1988 4260 vadere
2016 4224 2030 4271 ;

458 4287 596 4352 sive,
625 4290 829 4358 quibus
872 4291 1062 4346 infelix
1101 4294 1454 4348 ethnicorum
1490 4297 1726 4351 solertiae
1753 4296 2034 4350 adforma-

454 4386 546 4432 tur
577 4395 768 4450 error;
805 4382 917 4437 sive
947 4393 1218 4454 quotquot
1253 4385 1492 4450 ludicra,
1525 4386 1660 4441 viris
1683 4387 2027 4449 carnalibus,

457 4489 485 4526 a
519 4474 700 4528 carnis
735 4474 968 4545 ﬁctaque
999 4477 1087 4530 illa
1139 4477 1466 4534 confusione
1500 4479 1829 4549 dependent.
1863 4476 2033 4533 Plane

454 4565 600 4620 enim
634 4577 767 4622 sunt
796 4568 1062 4637 ejusmodi
1095 4570 1326 4638 ludicra,
1358 4581 1407 4625 et
1440 4572 1604 4643 digna
1649 4571 1786 4636 risu,
1817 4570 2030 4666 quibus

532 4761 552 4789 ε
583 4750 686 4803 lsa.
722 4767 781 4814 ιι,
824 4751 876 4805 5.

963 4753 980 4790 τ
1021 4752 1226 4808 ΤΙινριι.
1263 4771 1336 4819 tv,
1363 4755 1455 4807 20.

530 4975 548 5004 ⁸
569 4989 659 5043 γρ.
693 4974 947 5043 κάγήρω.

2132 4014 2548 4084 ἐπιτελούμενοι
2571 4012 2897 4082 ἀνάμνησιν.
2935 4006 3204 4074 Ποιοῢμεν
3243 4003 3299 4056 δὲ
3351 4001 3520 4063 τοῦτο,
3553 3997 3666 4063 πάσῃ

2139 4109 2238 4179 μὲν
2277 4109 2518 4177 κοσμικῇ
2549 4107 2742 4175 πομπῇ
2770 4120 2827 4157 τε
2875 4103 2970 4156 καὶ
3018 4099 3353 4169 πανηγύρει,
3387 4097 3476 4149 καὶ
3499 4096 3669 4157 omni.

2135 4201 2250 4265 λοῖς
2283 4200 2707 4268 καλλωπίσμασι
2747 4196 2966 4266 μακρὰν
3019 4194 3240 4264 χαίρειν
3298 4190 3546 4258 ἀφέμενοι
3592 4184 3668 4235 ὅσα

2135 4311 2195 4347 τε
2232 4295 2331 4363 τῆς
2373 4290 2695 4361 Ἑλληνικῆς
2735 4287 3019 4358 ἀγχινοίας
3047 4286 3146 4357 τὴν
3180 4282 3537 4351 κακοδαίμονα
3562 4274 3668 4327 πλά-

2135 4401 2234 4453 νην
2266 4379 2728 4453 ἐπιμορφάζεται,
2759 4381 2856 4432 καὶ
2901 4378 3003 4430 ὅσα
3037 4377 3135 4446 τῆς
3185 4376 3338 4428 κάτω
3378 4369 3665 4439 συγχύσεως,

2137 4477 2234 4530 καὶ
2291 4475 2392 4546 τῆς
2451 4475 2785 4528 ἐπιπλάστου
2848 4470 3130 4542 σαρκίνοις
3199 4467 3404 4536 ἐξήρθη
3460 4461 3664 4526 παίγνια.

2145 4567 2380 4636 Παίγνια
2398 4567 2508 4638 γὰρ
2535 4565 2628 4619 καὶ
2650 4564 2887 4633 γέλωτος
2915 4561 3062 4627 ἄξια,
3085 4553 3162 4614 ὧν
3191 4558 3348 4613 οὐδὲν
3367 4553 3660 4620 ἀθλιώτερον.

1769 4882 2004 4938 νΛΒΙΑεέ
2043 4879 2428 4938 LECTIONES

1759 5085 2151 5142 COMBEFISII
2181 5086 2414 5144 ΝΟΤᾸΞ.

531 5203 645 5274 (7'5)
679 5200 1032 5282 crescentem,
1065 5197 1432 5282 Dioscoridetu
1455 5210 1503 5255 et
1533 5201 1825 5282 Nicnoctfnt.
1863 5200 2042 5256 liabet
2075 5188 2120 5243 Ι)
2150 5211 2263 5268 tus,
2293 5203 2347 5257 in
2378 5202 2652 5282 eoIposita
2693 5199 2786 5265 sit,
2813 5197 2978 5282 _qu_od
3031 5195 3148 5268 ipse
3187 5197 3530 5282 martyribus.
3546 5192 3662 5282 vel!!!

460 5269 571 5330 duo
629 5273 836 5344 primos
889 5269 1340 5344 Martyrologium
1389 5270 1544 5344 Bom.
1585 5273 1657 5326 28
1700 5273 1824 5327 Maii
1854 5289 1868 5337 ;
1897 5287 2043 5344 quos

460 5341 684 5402 eosdem
716 5346 792 5398 ait
815 5344 1089 5398 Baronius
1127 5341 1330 5396 habere
1380 5341 1602 5397 Graecos
1639 5344 1694 5396 in
1725 5341 2046 5396 Meuol.ea-

464 5421 588 5470 ιΙιιιιι
648 5415 756 5478 die,
819 5432 884 5470 ac
941 5423 1164 5469 exstare
1207 5426 1394 5466 eorum
1450 5415 1771 5466 memoriam
1822 5414 1874 5467 in
1922 5410 2045 5466 Vita

467 5488 643 5542 sancti
681 5485 887 5540 Nieolai
921 5484 1103 5540 τίοι-ιο
1155 5483 1208 5538 in
1237 5497 1300 5538 ea
1349 5497 1512 5550 quam
1565 5482 1874 5538 Methodins
1907 5483 2048 5538 scri-

469 5561 600 5628 psit.
642 5555 757 5628 Non
778 5555 1178 5628 etuminvenio
1205 5554 1259 5628 in
1291 5553 1458 5606 altera
1491 5551 1894 5628 Metapltrastis.

542 5628 656 5692 (74)
690 5627 899 5680 Sertum
933 5626 1039 5680 Deo
1067 5626 1437 5680 concinnasset
1470 5635 1757 5694 martyres.
1782 5623 2046 5694 cogimur

469 5698 726 5764 supplere
750 5698 809 5748 τὸ
863 5695 1426 5764 συναναπλεκόμενον,
1462 5693 1626 5763 quod
1653 5695 1738 5764 vel
1773 5693 2043 5748 subintel-

470 5763 672 5828 ligatur
730 5767 808 5817 vel
857 5767 1222 5819 desideretur.
1260 5764 1330 5818 Ut
1363 5763 1584 5818 afferam
1619 5763 1886 5817 rationem
1939 5777 2041 5815 cur

468 5832 731 5887 Nicolaus
758 5849 939 5902 parem
972 5834 1312 5904 martyribus
1355 5848 1616 5888 coronam
1656 5833 1725 5887 sit
1772 5846 2039 5886 consecu-

2147 5267 2498 5328 eoronaverit
2561 5270 2765 5342 Deum,
2812 5267 3114 5342 iisdemque
3161 5267 3406 5342 martyrii
3451 5273 3661 5342 coronata

2147 5345 2298 5397 velut
2320 5343 2582 5406 texuerit,
2609 5340 2904 5394 animando
2939 5340 3003 5393 ad
3028 5333 3376 5407 martyrium,
3409 5350 3499 5407 pro
3526 5333 3662 5402 ollicio

2149 5413 2278 5468 boni
2308 5405 2586 5483 pastoris;
2615 5409 2978 5483 Diocletiano,
3024 5405 3255 5483 aliisque
3289 5405 3422 5460 ante
3442 5405 3659 5483 Constant

2149 5477 2328 5554 tinum
2377 5483 2494 5537 dire
2546 5477 3352 5554 Ecclesiatn__dev_astantibus.
3413 5478 3656 5554 praesertim

2151 5553 2396 5608 Orientis
2419 5592 2432 5614 ,
2482 5559 2666 5618 atque,
2703 5549 2838 5621 adeo
2864 5546 3072 5621 Nicolai
3129 5561 3340 5621 gregem
3360 5546 3536 5621 et_ejtts
3557 5549 3654 5621 pro:

2151 5624 2389 5678 vinciam
2422 5609 2663 5695 [χρήσθ’
2689 5620 2782 5688 qui
2815 5620 3062 5695 nec_ipse
3109 5609 3649 5695 conﬂassionis'titulttlf

2149 5669 2389 5747 aliis};
2403 5669 2652 5746 ³ᾞῖὶέἑῖὶί
2668 5669 2914 5753 διέὶιὶἰιξ
2931 5669 3258 5744 irascare
3274 5669 3391 5741 lidei
3416 5692 3572 5743 causa,
3595 5669 3644 5726 ad

2151 5778 2326 5833 usque
2356 5771 2603 5833 tempora
2635 5759 3006 5816 Constantini.
