3830 6326
103 293 310 362 ιηεοει

1494 293 1577 356 IN
1623 293 1694 352 5..
1727 289 2060 353 PATAPIU
2071 290 2150 354 Μ.

2145 224 2180 339 Ὺ
3331 268 3476 339 ms.

111 403 398 466 Ῥόδιον
429 411 491 467 δὲ
521 411 712 478 κάλυξι
739 444 742 446 -
773 413 866 468 καί⁸
897 369 1092 486 μύροις
1130 411 1378 478 εὐώδεσι,
1407 412 1521 475 τοῖς
1554 407 1721 464 αὑτοῦ
1754 412 1757 437 τ

1881 405 2017 459 nihil
2065 398 2440 459 miserabilius
2483 399 2578 455 sit.
2622 396 2792 460 Magis
2847 407 2986 450 vero
3043 407 3144 448 ceu
3210 403 3465 444 rosarum

95 503 452 574 ἀλλήλοις
483 503 668 577 ἔργοις
702 505 1053 576 ροδήσαντες,
1087 506 1486 576 πνευματικοῖς
1519 501 1782 584 ᾀσμάτων

101 596 378 651 ἄνθεσι
407 599 502 651 τδν
531 598 678 652 ὅσιον
712 597 1170 670 στεφανώσωμεν.
1203 595 1479 660 Τοιούτοις
1509 593 1782 666 θεραπεύ-

105 687 338 742 εσθαι
383 689 588 760 μύροις
608 687 756 757 φιλεῖ
783 688 813 741 ὁ
837 687 1110 760 ἡμέτερος
1153 685 1778 759 ίεροπάτωριΝικόλοιος.

105 775 485 842 Tondeat;
510 779 729 848 ἑορταῖς
751 777 846 832 καὶ
889 778 1234 849 πανηγύρεσι
1268 776 1556 830 σπένδεται
1592 774 1777 840 πλέον,

109 869 161 938 ἢ
223 871 378 933 τοῖς
432 875 733 941 πομπικοῐς
785 871 1050 940 πόμποις,
1086 865 1170 934 οἷς
1211 871 1261 924 οί
1313 868 1633 940 δημοτελεῖς
1669 868 1780 922 τῶν

138 958 472 1030 Ἐλλήνων
496 961 890 1031 κακοδαίμονες
909 960 1214 1032 τιμώμενοι
1247 959 1563 1029 γάννυνται.
1598 957 1711 1012 Καὶ
1743 960 1777 1030 ή

125 1050 384 1122 τρισσὴ
411 1051 524 1105 τῶν
573 1052 974 1121 γενναιοτάτων
1021 1052 1276 1124 ἀθλητῶν
1297 1051 1647 1123 ὁμοφροσύνη
1684 1051 1778 1106 καὶ

131 1139 486 1208 σύμπνοια,
533 1135 616 1205 οἷς
640 1141 1009 1212 συναγελάζῃ,
1044 1141 1306 1207 Νικόλαε,
1348 1144 1471 1204 ταῖς
1496 1141 1610 1196 ἄνω
1650 1159 1776 1195 συν-

131 1233 438 1298 αυλίαις,
499 1227 582 1297 οἷς
638 1233 1084 1304 συνεκλάμπεις,
1133 1235 1255 1306 μεθ’
1309 1228 1386 1290 ὧν
1421 1234 1670 1307 χορεύεις
1713 1235 1773 1288 ὲν

133 1325 482 1395 πνεύματι,
530 1324 666 1378 Θεὸν
722 1325 850 1379 ὅσον
899 1326 1124 1394 ἐφικτὸν
1165 1326 1308 1397 ὁρῶν
1337 1327 1432 1381 καὶ
1471 1325 1770 1398 ὁρώμενος,

141 1417 289 1478 ταῖς
323 1417 468 1488 περὶ
500 1415 664 1470 αὐτοῦ
697 1414 951 1484 ἀγλαῖξει
985 1417 1360 1489 λαμπρότησι.
1400 1417 1621 1472 Τούτων
1657 1435 1771 1472 τοι-

139 1505 386 1576 γαροῦν
415 1510 543 1572 ταῖς
592 1507 731 1579 πρὸς
774 1508 836 1562 τὸ
861 1507 1005 1562 θεῖον
1025 1508 1333 1575 ἐντεύξεσι,
1363 1510 1459 1563 καὶ
1477 1511 1596 1572 ταῖς
1625 1511 1770 1574 σαῖς,

143 1593 200 1652 ὧ
227 1599 456 1670 Πάτερ,
485 1599 787 1662 θεοδέκτοις
815 1600 1088 1672 δεήσεσιν,
1115 1602 1403 1672 αίρετικῆς
1437 1601 1657 1674 ἁπάσης
1677 1602 1771 1656 καὶ

146 1691 509 1762 δαιμονικῆς
567 1691 942 1764 ἐπιφρίξεως·
995 1694 1284 1764 μαστίγων
1331 1711 1392 1747 τε
1443 1693 1767 1761 νοσοποιῶν,

1886 497 2181 560 caliculis,
2236 494 2645 565 unguentisque
2726 487 3198 551 suaveolentibus,
3259 482 3468 542 mutuis

1885 591 2120 645 invicem
2195 587 2460 658 operibus
2511 568 2671 644 rosas
2722 582 3049 645 referentes,
3119 577 3468 650 spiritalibus

1883 682 2232 737 canticorum
2263 680 2514 745 floribus,
2551 687 2807 734 Sanctum
2840 687 3190 730 eoronemus.
3237 669 3466 725 Talibus

1883 772 2181 844 unguentis
2207 771 2410 843 gaudet
2462 769 2637 826 foveri
2693 783 2852 824 sacer
2885 765 3048 820 Pater
3083 772 3270 819 noster
3297 759 3464 815 Nico-

1881 867 2025 921 laus.
2093 864 2328 920 Talibus
2376 864 2555 934 magis
2608 862 2943 919 conciliatur
2967 859 3124 915 festis
3151 854 3465 911 honoribus

1879 959 2431 1028 celebritatibusque,
2480 972 2646 1029 quam
2695 954 2996 1023 mundanis
3025 961 3082 1009 et
3111 952 3253 1007 fastu
3286 948 3467 1020 plenis

1880 1050 2117 1121 pompis,
2144 1050 2348 1120 quibus
2381 1049 2602 1120 publico
2635 1056 2860 1118 sumptu
2888 1043 3145 1100 honorati
3175 1040 3460 1112 gentilium

1878 1140 2008 1194 mali
2043 1139 2323 1196 daemones
2379 1139 2616 1210 superbe
2673 1138 3003 1208 gloriantur.
3047 1133 3268 1203 Triplex
3319 1144 3462 1201 quo~

1877 1247 1985 1303 que
2006 1232 2474 1288 nobilissimorum
2537 1231 2784 1300 pugilum
2816 1232 2933 1284 laeta
2985 1239 3328 1294 concorsque
3374 1237 3464 1277 so-

1823 1327 1830 1334 '
1855 1311 2100 1389 'dalitas,
2126 1323 2488 1395 quibuscum,
2516 1321 2760 1388 Nicolae,
2793 1320 3114 1376 coelestibus
3158 1313 3457 1371 domiciliis

1876 1414 2143 1473 collectus
2163 1415 2429 1481 versaris,
2460 1415 2788 1486 quibuscum
2811 1412 3096 1485 splendes,
3128 1411 3459 1481 quibuscum

1876 1504 1934 1560 in
1971 1505 2174 1576 spiritu
2234 1505 2438 1562 choros
2486 1505 2666 1573 ducis,
2716 1504 2889 1561 Deum
2938 1501 3133 1558 videns
3191 1507 3457 1569 quanto

1875 1597 2026 1665 licet,
2059 1605 2226 1669 atque
2251 1598 2410 1655 visus
2443 1598 2512 1653 ab
2546 1613 2636 1663 eo,
2661 1598 2782 1664 ejus
2820 1594 2958 1650 laetis
2987 1591 3244 1664 splendet
3275 1589 3458 1660 fulgo-

1876 1691 2050 1747 ribus.
2109 1688 2319 1746 Horutn
2377 1691 2566 1762 itaque
2600 1691 2668 1746 ad
2717 1690 2888 1744 Deum
2936 1682 3457 1743 intercessionibus,

147 1783 262 1836 καὶ
293 1782 416 1837 τῶν
462 1784 521 1838 ὲν
572 1763 724 1855 μέσιρ
775 1787 1018 1850 πάντων,
1066 1785 1163 1840 καὶ
1194 1779 1276 1850 οἷς
1305 1785 1585 1857 ἀδοκήτως
1617 1787 1757 1858 ἡμᾶς

1873 1781 2118 1851 tuisque,
2181 1797 2214 1836 ο
2245 1779 2428 1849 Pater,
2498 1780 2609 1837 Deo
2663 1781 2904 1852 acceptis
2963 1776 3331 1840 orationibus,
3387 1773 3480 1828 ab.

147 1876 605 1946 περιπλέκονται
633 1876 930 1949 ἄνθρωποι,
964 1878 1062 1932 καὶ
1100 1879 1320 1933 πάντων
1344 1877 1482 1949 ὁμοῦ
1509 1878 1622 1933 τῶν
1644 1895 1774 1956 κιντ

151 1967 349 2022 δύνων
384 1970 721 2040 ῥυσθείημεν
760 1971 1038 2034 ἅπαντεςο
1082 1971 1270 2044 χάριτι
1314 1971 1413 2024 καὶ
1455 1972 1766 2042 οίκτιρμοῖς

155 2060 261 2113 καὶ
285 2059 685 2134 φιλανθρωπίᾳ
711 2061 808 2118 τοῦ
841 2062 1275 2133 ὲξαγοράσαντος
1295 2063 1465 2134 ἡμᾶς,
1495 2062 1573 2134 τῷ
1598 2063 1790 2134 τιμίῳ-

153 2153 260 2224 τῆς
297 2153 596 2226 ζωοδώρου
651 2155 889 2227 ..λευρᾶς
933 2155 1102 2209 αὐτοῦ
1129 2186 1138 2196 --
1171 2156 1395 2227 αἵματι,
1432 2157 1528 2210 καὶ
1575 2156 1674 2226 τῆς
1706 2157 1765 2210 ἐν

159 2247 355 2320 πλάνῃ
383 2247 663 2317 βασιλείας
689 2249 839 2318 ἡμᾶς
861 2247 1290 2313 ἀπαλλάξαντος,
1316 2247 1552 2317 Χριστοῦ
1586 2246 1786 2318 ἸησοῦΔ

151 2339 258 2396 τοῦ
322 2341 534 2412 Κυρίου
597 2342 756 2412 ἡμῶν
775 2359 788 2374 ·
817 2341 937 2413 μεθ’
960 2333 1024 2394 οὗ
1057 2341 1258 2412 πρέπει
1286 2342 1439 2395 πᾶσα
1464 2340 1620 2412 τιμὴ,
1667 2340 1762 2396 καὶ

155 2431 319 2496 δόξαν,
355 2433 562 2504 κράτος
597 2435 692 2488 καὶ
720 2435 1192 2506 μεγαλοπρέπεια,
1223 2433 1301 2504 τῷ
1332 2433 1531 2505 Πατρὶ,
1558 2435 1653 2488 καὶ
1679 2433 1762 2505 τῷ

157 2525 315 2595 ἁγίῳ
345 2525 654 2597 Πνεύματι,
686 2526 782 2581 νῦν
829 2528 924 2581 καὶ
971 2527 1082 2591 ἀεὶ,
1115 2528 1212 2581 καὶ
1255 2528 1337 2590 είς
1383 2528 1511 2591 τοὺς
1555 2526 1762 2592 αίῶνας

152 2615 280 2671 τῶν
310 2617 544 2673 αἰώνων.
591 2619 785 2690 Ἀμήν.

794 2915 1015 2992 ΛΟΓΟΣ
1059 2935 1164 2994 to'.

173 3051 283 3114 Εις
300 3049 407 3102 τὸν
423 3049 723 3120 μακάριον
748 3050 1074 3120 Hammer,
1092 3051 1193 3105 καί
1215 3051 1435 3120 peperci;
1467 3049 1588 3105 τῶν
1614 3052 1760 3106 θαυ-
1807 3009 1810 3012 ἢ

569 3119 780 3190 μάτων
819 3119 1006 3178 αὐτοῦ
1054 3119 1353 3191 διήγησις.

1873 1874 2026 1931 omni
2083 1874 2366 1931 haeretica
2400 1873 2826 1946 damonumque
2875 1872 3178 1928 liberemur
3211 1867 3456 1929 aifrictu,

1873 1947 1940 2022 ac
1972 1967 2294 2022 morborum
2341 1967 2546 2038 plagis,
2591 1976 2706 2022 tum
2738 1964 3130 2022 communibus
3156 1963 3265 2017 illis
3312 1961 3478 2015 acili.

1871 2058 2056 2114 medio
2079 2058 2230 2115 velut
2257 2059 2476 2130 positis,
2507 2068 2623 2115 tum
2668 2059 2877 2131 quibus
2930 2067 3135 2128 praeter
3168 2069 3320 2125 spem
3359 2054 3458 2108 ho-

1872 2153 2054 2209 mines
2100 2154 2428 2224 implicant,
2491 2152 2867 2223 omnibusque
2925 2149 3091 2206 simul
3139 2145 3450 2219 periculis:

1871 2245 2046 2316 gratia
2097 2254 2154 2301 et
2211 2245 2686 2311 miserationibus,
2763 2244 3138 2314 clementiquc
3204 2241 3466 2296 bonitate

1870 2335 1993 2406 ejus
2043 2337 2137 2407 qui
2175 2351 2280 2393 nos
2309 2337 2556 2408 pretioso
2585 2336 2792 2393 vivitici
2837 2335 3032 2391 lateris
3066 2333 3149 2390 sui
3181 2330 3458 2403 sanguine

1868 2426 2126 2495 redemit,
2154 2437 2323 2500 atque
2371 2428 2442 2485 ab
2470 2430 2681 2485 erroris
2725 2442 2898 2499 regno
2929 2425 3204 2490 liberavit,
3246 2424 3470 2480 Chrile

1866 2517 1998 2577 Jesu
2049 2519 2266 2576 Domini
2323 2522 2743 2594 nostrizquem
2803 2521 2969 2577 decet
3029 2520 3210 2576 omnis
3275 2520 3454 2576 honor

1867 2621 1922 2668 et
1953 2613 2156 2684 gloria,
2187 2624 2433 2684 potestas
2455 2621 2510 2670 et
2549 2613 2982 2684 magnificentia,
3023 2627 3147 2668 cum
3182 2611 3346 2666 Patre
3390 2619 3466 2665 et.

1865 2714 2059 2761 sancto
2092 2703 2323 2775 Spiritu,
2354 2721 2501 2763 nunc
2547 2713 2603 2763 et
2635 2721 2874 2778 semper,
2905 2715 2963 2763 et
2995 2705 3049 2760 i'n
3105 2705 3305 2762 saecula
3341 2718 3450 2758 sae-

1865 2797 2140 2854 culorum.
2169 2797 2368 2855 Amen.

2312 2991 2327 3006 ,
2438 2887 2700 2992 οιιΑτιο
2723 2897 2865 2990 xui.

1871 3045 1940 3102 In
1993 3048 2058 3104 Β.
2090 3047 2385 3119 Patapium
2429 3047 2647 3118 ejusque
2678 3049 3064 3119 miraculorum
3099 3045 3461 3115 particularis.

2437 3119 2684 3173 narratio
2724 3118 2861 3190 (75).

260 3231 346 3295 Ὠς
362 3232 624 3306 λαμπρὰν
654 3235 750 3290 καὶ
777 3233 1160 3304 πνευματικὴν
1174 3232 1288 3303 ὁρῶ
1306 3231 1405 3304 τὴν
1422 3233 1757 3305 πανήγυριν,

1938 3235 2114 3302 Quam
2177 3237 2360 3292 laetum
2421 3244 2480 3292 et
2539 3235 2852 3306 spiritalem
2893 3250 3062 3292 cerno
3094 3240 3451 3296 conventum.

175 3325 274 3378 καὶ
300 3323 450 3390 ξένον
512 3327 574 3380 τὸ
627 3327 856 3398 θέατρον
888 3327 1148 3398 σήμερον,
1180 3326 1277 3379 καὶ
1316 3325 1620 3396 θαυμάζειν
1665 3343 1758 3397 μοι

173 3417 356 3471 ιπεισι
385 3417 485 3489 τὴν
517 3419 789 3489 τοσαύτην
817 3418 1014 3490 ὁρῶντι
1064 3417 1430 3488 φαιδρότητα’
1467 3418 1587 3481 πῶς
1616 3417 1760 3471 οὕτω

175 3526 240 3576 γε
257 3509 556 3582 προθύμως
618 3512 710 3566 καὶ
761 3511 906 3566 κατὰ
959 3511 1178 3573 ταύτὸν,
1237 3511 1385 3565 ἅπαν
1414 3504 1556 3574 εἶδος
1598 3510 1760 3578 ἀξίας

178 3600 534 3673 συνέδραμεν.
566 3601 864 3674 Κληρικῶν
883 3601 992 3673 γὰρ
1009 3603 1059 3656 οἱ
1080 3601 1323 3671 λογάδες,
1343 3599 1440 3655 καὶ
1471 3601 1758 3670 μοναστῶν

177 3693 244 3746 τὰ
269 3693 618 3764 συστήματα,
645 3692 924 3763 γυναικῶν
953 3710 1014 3748 τε
1043 3694 1168 3747 ὅσον
1215 3693 1415 3763 σεμνόν
1443 3709 1502 3746 τε
1531 3694 1629 3746 καὶ
1669 3693 1762 3746 εὖ·

181 3800 374 3854 σημον,
427 3787 522 3838 καὶ
583 3785 826 3856 μιγάδων
867 3787 916 3839 οἱ
965 3784 1422 3857 σωφρονέστεροι,
1479 3785 1574 3841 τὸν
1617 3786 1760 3855 ἱερὸν

179 3878 387 3929 τουτονὶ
439 3877 843 3941 καταλαϐόντες
877 3877 1037 3945 νεὼν,
1081 3877 1277 3947 ἑορτὴν
1314 3877 1481 3946 ὁμόσε
1525 3878 1760 3950 φαιδρὰν

180 3965 460 4036 ἑορτάζειν
515 3966 967 4039 προστρέχουσιν.
1010 3967 1153 4020 Ἀλλ’
1192 3962 1254 4022 οὗ
1293 3987 1357 4038 γε
1387 3969 1571 4039 χάριν,
1605 3970 1760 4022 τουτὶ

180 4057 240 4109 τὸ
265 4056 466 4127 πλῆθος
495 4057 682 4111 ἐνθάδε
722 4057 1090 4122 συνείλεκται,
1120 4059 1217 4112 καὶ
1249 4058 1334 4123 τίς
1359 4061 1388 4113 ὁ
1421 4059 1623 4131 τρόπος
1655 4059 1754 4129 τῆς

183 4149 388 4220 ἑορτῆς,
422 4151 764 4221 ὲρωτῄσαιεν
800 4149 867 4204 ἂν
915 4149 1046 4214 ἴσως
1089 4149 1202 4204 τῶν
1247 4151 1544 4222 φιλεόρτων
1587 4151 1752 4214 τινές.

187 4236 278 4305 Οἷς
303 4244 398 4296 οὐκ
425 4246 507 4306 εἰς
531 4243 750 4314 μακρὰν
782 4243 810 4296 ὁ
839 4243 995 4312 λόγος
1018 4246 1087 4315 τῇ
1120 4243 1314 4297 πεύσει
1345 4262 1754 4318 συμπαρομαρ-

191 4333 370 4389 τοῦσαν
398 4335 699 4406 ἐφάμιλλον
743 4335 840 4408 τὴν
879 4336 1055 4404 λύσιν,
1089 4338 1169 4402 εἰς
1209 4337 1370 4410 δεῦρο
1401 4339 1496 4392 καὶ
1522 4338 1618 4393 νῦν
1652 4339 1753 4391 ὲπ-

195 4425 472 4497 ενέγκοιτο.

1864 3341 2176 3398 novumque
2223 3328 2489 3384 hodierna
2542 3327 2633 3383 die
2661 3328 3040 3398 spectaculum
3098 3344 3112 3380 :
3172 3325 3435 3395 subitque

1865 3419 2057 3474 mirari
2089 3427 2202 3474 tam
2227 3420 2409 3475 laetam
2451 3423 2748 3492 aspicienti
2787 3436 2973 3478 rerum
3013 3419 3231 3480 faciem,
3269 3427 3327 3472 ut
3360 3417 3450 3471 di-

1865 3512 2049 3582 gnitas
2079 3513 2266 3568 omnis
2288 3520 2344 3567 et
2373 3512 2514 3567 ordo
2551 3521 2707 3576 tanta
2757 3514 3054 3570 alacritate
3082 3511 3448 3581 certatimque

1866 3603 1922 3658 in
1957 3619 2125 3658 unum
2185 3603 2555 3659 concurrerit.
2618 3604 2830 3661 Etenim
2887 3603 3458 3664 nobilioreseclcro,

1861 3696 2372 3767 monachorumque
2423 3710 2644 3764 turmae,
2711 3713 2775 3752 ac
2807 3697 2999 3768 siquae
3047 3696 3310 3750 mulieres
3353 3695 3455 3749 Ιιο-

1859 3797 2031 3844 ηοειιε
2069 3797 2202 3844 sunt
2241 3799 2297 3845 et
2324 3789 2507 3856 clarae,
2574 3791 3021 3863 promiscuaeque
3075 3788 3461 3846 multitudinis:

1860 3880 2148 3950 probiores
2177 3882 2389 3952 populi,
2427 3882 2483 3936 in
2519 3897 2742 3938 sacrum
2777 3881 2882 3936 hoc
2917 3879 3185 3950 templum
3218 3878 3446 3933 venien—

1861 3978 1966 4032 tes,
2011 3970 2190 4024 laetam
2241 3972 2633 4028 communibus
2684 3971 2886 4028 studiis
2917 3963 3326 4028 solemnitatem
3354 3983 3445 4023 ce-

1863 4062 2130 4117 lebraturi
2173 4073 2497 4118 accurrunt.
2527 4063 2666 4120 Fors
2697 4079 2830 4119 vero
2863 4078 2973 4118 non
3005 4061 3284 4118 defuerint
3318 4059 3462 4115 festi:

1863 4161 2137 4215 amantes.
2177 4153 2271 4225 qtti
2309 4165 2560 4226 quaerant
2614 4155 2903 4226 cujusnam
2953 4153 3130 4225 gratia
3192 4153 3281 4206 hic
3337 4152 3448 4206 loci

1861 4245 2093 4300 collecta
2153 4247 2230 4301 sit
2263 4253 2418 4302 tanta
2465 4248 2582 4304 ltzec
2633 4247 2954 4310 multitudo,
3003 4259 3069 4299 ac
3125 4242 3455 4313 cujttsmodi.

1861 4337 2161 4394 celebritas
2218 4338 2311 4393 sit.
2345 4337 2582 4405 Quibus,
2614 4341 2866 4409 proxime
2917 4337 3454 4423 comitem.percon-s

1861 4429 2055 4484 tationi
2113 4431 2366 4485 annulum
2428 4433 2878 4503 responsionem,
2925 4427 3460 4502 impraesentiarum.

1774 4531 1825 4588 ι)
1855 4535 2044 4576 sermo
2077 4522 2352 4580 intulerit.

1490 4690 1723 4747 VAlilrE
1750 4691 2150 4750 LECTIONES.

249 4782 267 4812 '
285 4779 478 4834 αὐτῶν.

1498 4926 1886 4993 COMBEFISII
1924 4937 2157 4994 NOTE.

247 5021 353 5098 (75)
380 5022 474 5098 iis}
502 5027 680 5098 sancti
713 5026 909 5097 hujus,
961 5028 1253 5098 utriusque
1293 5026 1556 5083 Ecclesia!
1589 5029 1750 5082 tahtt-

194 5091 265 5170 lis,
381 5093 695 5170 8_Qecetnb.
724 5091 1042 5166 consignata
1085 5091 1567 5170 memoria;_qttem
1599 5100 1748 5154 circa

193 5163 291 5236 ipsa
322 5163 543 5218 Andr'ete
576 5173 846 5236 tempora,
887 5163 982 5221 aut
1011 5183 1120 5221 non
1169 5167 1242 5221 ita
1276 5163 1574 5230 seniorem,
1634 5170 1748 5222 col-

191 5231 384 5306 ligitpus
404 5249 473 5306 ex
500 5231 835 5306 re_velaiione
885 5252 992 5306 qua
1052 5237 1157 5292 fuit
1208 5237 1466 5292 inductus
1505 5238 1572 5291 ad
1615 5253 1748 5292 cott-

191 5303 454 5376 sc'ribettda
520 5303 641 5372 ejus
687 5307 847 5372 Acta,
879 5303 943 5360 a'c
980 5307 1147 5361 modo
1192 5322 1302 5376 quo
1350 5317 1571 5363 enarrat
1615 5324 1748 5362 con-

190 5375 477 5441 scripsisse,
537 5376 688 5430 velut
731 5377 938 5430 recenti
973 5378 1152 5431 adhuc
1185 5375 1286 5432 viri
1319 5377 1617 5438 memoria;
1659 5378 1745 5431 ni-

189 5444 371 5516 ntirutn
409 5459 598 5516 eorum
629 5447 804 5501 relatu
835 5447 928 5516 qui
950 5447 1244 5516 videantur
1262 5447 1574 5502 convixisse
1604 5446 1745 5503 Con-

190 5512 550 5586 stantinopoli,
582 5530 693 5584 quo
721 5519 767 5570 is
791 5511 917 5578 sibi,
944 5517 1014 5571 ab
1034 5511 1256 5586 Egypti
1278 5516 1599 5578 solitudine,
1630 5533 1744 5570 me-

189 5584 289 5656 dia
305 5583 430 5638 urbe
447 5583 626 5656 regis,
656 5587 924 5656 singulari
946 5583 1200 5655 exemplo
1241 5587 1594 5642 solitudinem
1633 5587 1743 5641 de-

190 5654 410 5722 legisset.
443 5652 536 5708 Sic
567 5653 680 5710 Deo
711 5652 1034 5712 itistitttente
1063 5652 1127 5725 ac
1152 5667 1526 5725 pertnovente,
1553 5671 1658 5724 qua
1685 5665 1744 5710 ut

201 5721 352 5778 novus
373 5734 636 5795 patronus
669 5727 888 5797 hospitii
926 5727 1047 5797 jut'c
1075 5721 1551 5795 Constantinopoli
1573 5721 1742 5782 'cetlc-

1855 5038 1960 5089 ret,
2010 5045 2117 5098 qtta
2177 5038 2236 5084 ut
2300 5039 2508 5085 tantam
2567 5032 2872 5097 civitatem,
2910 5047 3018 5086 non
3064 5032 3436 5097 sermonibus.-

1853 5099 1948 5154 sed
1993 5100 2212 5169 egregio
2262 5101 2383 5155 vitm
2412 5105 2666 5172 exemplo
2741 5103 2808 5172 ad
2851 5103 3106 5170 pietatem
3146 5111 3440 5172 moresque

1851 5168 2490 5240 sanctoscomponeret;
2547 5168 2694 5226 v'elttt
2750 5168 2863 5226 fere
2921 5181 3107 5240 postea
3166 5168 3434 5226 Romaein

1831 5237 2079 5305 .Brigitta
2099 5246 2151 5292 et
2169 5237 2463 5294 catharina
2493 5240 2710 5302 Sueeis,
2751 5237 2930 5295 matre
2951 5241 3191 5308 liliaque,
3219 5250 3435 5308 gestum

1850 5319 1974 5361 est:
2013 5315 2072 5360 ut
2099 5322 2166 5360 ne
2195 5309 2530 5364 (ienovefam
2581 5319 2856 5374 nostram,
2905 5311 3153 5375 aliosque
3178 5307 3435 5372 id’genns

1853 5377 2057 5441 dit-am,
2085 5393 2322 5446 quorum
2368 5379 2511 5434 Deus
2565 5379 2898 5440 humilitate,
2930 5377 3223 5446 curialium
3260 5376 3434 5446 homi-

1853 5462 1986 5500 num
2018 5445 2255 5516 castigat
2275 5448 2624 5516 jaetantiam,
2654 5456 2872 5502 austera
2904 5449 3012 5501 vita
3042 5445 3268 5516 damnat
3299 5445 3434 5500 deli-

1813 5569 1817 5574 ,
1853 5516 2005 5580 eius;
2047 5515 2309 5586 ipsosque
2363 5517 2677 5572 sacerdotes
2737 5525 2791 5570 et
2833 5517 3065 5586 clerum,
3105 5515 3276 5568 tantis
3322 5517 3434 5572 illis

1854 5586 2182 5658 fulgoribus,
2211 5585 2400 5655 largus
2424 5588 2561 5658 ipse,
2595 5588 2686 5642 ubi
2714 5596 2913 5658 natura
2932 5585 3218 5658 videantur
3244 5600 3430 5652 parca.

1852 5656 1918 5708 ad
1939 5649 2222 5720 'nteliora,
2255 5649 2406 5711 nﬁtto
2446 5649 2917 5726 incnarrabiliqtte
2966 5649 3268 5726 praebuit»,
3309 5671 3437 5727 pro-

1853 5735 2029 5783 vocat.
