3830 6326
448 328 582 394 1207
649 366 654 370 -

1633 331 1693 391 S.
1732 327 2062 390 ANDRE/E
2100 327 2524 392 CRETENSIS

3524 343 3624 412 me

512 439 752 497 Sanctus
803 435 1067 511 Patapius
1138 449 1244 505 est,
1311 441 1475 512 cujus
1535 441 1860 496 memoriam
1915 443 2018 497 ho-

2192 445 2472 508 Πατάπιος
2511 447 2541 498 6
2571 445 2738 511 ὅσιος,
2797 441 2858 499 οὗ
2905 448 3014 519 τὴν
3058 449 3281 520 μνήμην
3313 455 3615 526 γεραίροντες,

439 547 575 588 ποι-ε
604 539 1034 602 prosequentes,
1070 532 1285 587 huncce
1319 531 1649 587 hodiernum
1683 541 2019 588 conventum

439 626 681 695 agimus.
711 625 834 695 Ipse
872 631 976 689 est,
1029 624 1123 694 qui
1160 639 1354 680 omnes
1389 623 1577 687 hodie,
1626 625 1849 680 sublimi
1883 640 2022 695 quo-

440 719 566 773 dam
592 717 876 788 prmconio
930 715 1039 772 huc
1075 718 1408 772 convocavit
1435 736 1449 785 ;
1475 717 1724 788 seipsum
1765 717 2018 787 quidem,

439 809 591 865 velut
636 807 988 879 splendidum
1029 809 1180 863 omni
1213 809 1415 878 dapum
1455 810 2042 880 genere'instructum‘

440 901 756 956 convivium
778 916 840 956 ac
857 916 1108 958 mensam
1129 903 1413 956 cmlestem
1433 916 1782 972 proponens:
1803 917 2018 958 sacram

437 1008 571 1049 vero
601 993 686 1048 sui
731 993 1082 1058 memoriam,
1123 991 1400 1049 esurienti
1451 992 1630 1046 instar
1655 1005 1720 1044 ac
1747 991 2022 1060 spiritalis

438 1081 779 1138 condimenti
824 1082 970 1149 loco,
1009 1079 1342 1150 proferens:
1390 1081 1479 1134 eui
1511 1095 1634 1144 vos,
1665 1079 1879 1145 dilecti,
1909 1094 2023 1133 mo—

437 1187 556 1228 rem
585 1180 863 1242 gerentes,
915 1165 1058 1227 bene
1103 1173 1265 1242 plane
1309 1181 1560 1241 agentes,
1598 1172 1724 1226 loco
1760 1171 1864 1227 hoc
1900 1171 2020 1226 col-

439 1265 567 1320 lecti
599 1265 757 1322 estis.
791 1266 1003 1336 Quippe
1026 1279 1148 1320 eam
1177 1264 1578 1334 sapientissimi
1607 1264 1767 1320 Pauli
1803 1279 2020 1330 vocem,

438 1355 518 1410 ita
551 1356 970 1428 praecipientis:
1015 1375 1034 1409 ι
1074 1354 1314 1410 Obedite
1349 1356 1664 1425 praepositis
1694 1357 1924 1422 vestris,
1967 1363 2023 1410 et

440 1445 724 1516 subjaeete
773 1447 855 1502 eis
890 1449 936 1508 Β,
999 1465 1018 1496 ι
1071 1455 1182 1502 et:
1223 1465 1242 1496 ι
1303 1446 1632 1503 Mementote
1692 1447 2023 1519 praeposito-

438 1551 563 1591 rum
592 1545 901 1592 vestrorum
928 1537 980 1600 ιι,
1022 1555 1041 1587 ι
1083 1551 1149 1590 ae
1183 1535 1232 1591 si
1273 1535 1405 1605 quid
1443 1537 1514 1593 ab
1543 1537 1615 1593 iis
1648 1543 1872 1608 pendet,
1907 1554 2023 1593 me-

438 1626 621 1681 moria
676 1629 1008 1692 retinentes,
1065 1625 1303 1696 ejusque
1350 1628 1666 1683 absolutum
1712 1629 2020 1698 praemium,

441 1716 821 1774 obedientium
869 1719 1131 1772 virtutem
1173 1715 1540 1784 mstimantes,
1598 1719 1855 1791 impigre,
1910 1737 2022 1776 una

441 1824 569 1865 cum
602 1820 833 1867 vocante
867 1811 1123 1867 venistis.

511 1904 651 1960 Cum
707 1921 876 1978 porro
925 1911 1040 1963 haec
1089 1910 1163 1965 ita
1216 1911 1481 1974 habeant,
1547 1910 1752 1972 venite,
1800 1909 2021 1979 virique

443 1998 780 2064 encomium,
812 2016 876 2055 ac
907 2003 1034 2057 vitae
1066 2003 1191 2072 ejus
1215 2013 1269 2058 et
1297 2003 1742 2059 conversationis
1773 2002 2020 2058 audituri

442 2087 761 2158 historiam,
830 2092 971 2148 bene
1027 2095 1178 2150 suasi
1235 2095 1540 2166 facilesque
1601 2095 1812 2150 adeste.
1887 2094 2020 2149 Mihi

444 2191 616 2246 certe,
648 2191 710 2238 ut
752 2200 915 2241 sacro
956 2188 1081 2242 viro
1134 2197 1403 2260 quantam
1448 2189 1694 2246 facultas
1727 2191 2021 2258 permittit,

445 2290 708 2331 coronam
751 2278 1045 2348 plectendo
1098 2281 1241 2335 nihil
1285 2281 1518 2336 omnino
1571 2295 1763 2337 eorum
1805 2297 1925 2352 quae
1954 2281 2024 2336 ad

445 2366 571 2434 ejus
623 2377 876 2438 spectant
941 2371 1207 2426 virtutem
1269 2373 1500 2430 silentio
1573 2374 1878 2441 involvam,
1933 2389 2024 2430 res

442 2460 610 2528 plane
640 2464 813 2516 ardua
841 2473 950 2530 est,
977 2472 1145 2535 atque
1174 2467 1230 2520 in
1271 2467 1470 2538 primis
1500 2475 1562 2522 ut
1589 2467 1754 2524 vobis
1781 2468 1908 2524 festi
1937 2483 2025 2524 sa-

447 2561 858 2608 cramentorum
917 2555 1294 2624 auditoribus,
1327 2561 1458 2613 ‘tam
1502 2559 1797 2630 magnifice
1841 2559 2023 2614 laetum

447 2651 784 2698 conventum
815 2647 1116 2712 instruam,
1165 2648 1474 2720 ingensque
1498 2649 1764 2719 gaudium
1806 2664 1908 2720 pro
1938 2665 2028 2705 so-

446 2736 652 2793 lemnis
691 2737 800 2792 diei
845 2739 1062 2794 ratione
1092 2741 1318 2796 faciam.

521 2828 658 2896 Quis
686 2844 816 2900 ergo
860 2838 913 2886 et
945 2831 1128 2900 qualis
1177 2839 1264 2886 est
1298 2831 1482 2888 dictus
1515 2831 1801 2904 Patapius,
1843 2832 1934 2886 cui
1975 2841 2030 2887 et

447 2937 549 2980 nos
581 2923 964 2978 exornativum
1000 2938 1314 2980 sermonem
1369 2917 1635 2982 adhibere
1671 2924 1857 2980 studio
1899 2924 2031 2978 niti-

447 3033 592 3083 mur,
631 3033 909 3089 quemque
955 3034 1054 3072 vos
1103 3015 1465 3082 celebraturi,
1517 3019 1890 3090 obSequentes
1923 3023 2032 3080 huc

447 3111 557 3166 loei
613 3111 996 3168 convenistis?
1041 3109 1314 3167 Nimirum
1363 3113 1534 3168 eremi
1587 3113 1729 3170 civis
1778 3121 1832 3170 et
1878 3115 2030 3171 orbis

447 3206 754 3273 inspector,
823 3206 1055 3276 angelus
1100 3216 1386 3267 terrenus,
1421 3212 1476 3259 et
1521 3205 1772 3261 emlestis
1825 3207 2025 3262 homo:

449 3297 545 3368 qui
581 3303 789 3352 terram
852 3307 910 3351 ut
949 3297 1149 3352 ccelum
1198 3295 1457 3360 incoluit,
1517 3295 1828 3367 caelumque
1879 3298 2030 3352 velut

446 3397 653 3444 terram
689 3387 921 3458 mystice
949 3385 1146 3456 spiritu
1181 3385 1470 3441 lustravit.
1511 3385 1618 3452 Qui
1653 3387 1862 3441 mundo
1903 3383 2028 3454 hoc,

450 3481 711 3536 familiari
742 3477 1030 3534 hominum
1062 3477 1473 3535 consuetudine
1502 3485 1774 3553 uteretur,
1795 3479 2032 3535 interes-

451 3583 646 3644 setque
677 3571 1002 3630 cmlestibus
1039 3572 1252 3627 choris.
1297 3569 1402 3638 Qui
1435 3578 1585 3626 esset
1613 3571 1842 3626 indutus
1881 3587 2032 3627 mor-

452 3669 561 3724 tale
599 3683 824 3737 corpus,
871 3665 1229 3735 rationesque
1280 3665 1617 3734 Spiritalium
1651 3665 1869 3720 actione
1901 3680 2032 3720 san-

451 3760 608 3814 ciret.
649 3757 746 3812 Ille
782 3758 931 3811 inter
973 3755 1278 3810 monachos
1333 3756 1567 3811 ultimus
1611 3770 1679 3810 ac
1728 3757 2032 3812 virtutibus

449 3841 764 3906 maiimus:
799 3863 1059 3905 sermone
1095 3847 1267 3902 idiota
1300 3862 1364 3902 ac
1406 3847 1584 3912 rudis,
1620 3848 2032 3919 prudentiaque

451 3942 930 4014 sapientissimus:
970 3940 1116 3995 velut
1147 3957 1168 3990 ι
1217 3955 1381 4009 quem
1416 3939 1665 3994 omnium
1693 3939 1894 3994 artifex
1926 3939 2031 3994 Sa-

448 4037 682 4108 pientia,
737 4035 1019 4092 docuisset
1063 4035 1117 4101 i;
1157 4051 1173 4082 ι
1231 4031 1712 4103 sapientissimus.
1759 4030 2033 4088 Castitate

450 4131 787 4200 prmcipuus.
839 4127 1007 4182 animi
1055 4125 1358 4181 sobrietate
1411 4123 1664 4194 insignis,
1711 4123 1816 4178 fide
1867 4123 2034 4178 fervi-

451 4222 578 4285 dus,
633 4219 996 4275 formidabilis
1045 4217 1316 4272 charitate
1357 4233 1371 4269 :
1415 4216 1507 4286 qui
1563 4215 1902 4271 inhabitaret
1934 4231 2030 4272 ur-

449 4312 600 4375 bem,
651 4325 754 4365 nec
790 4311 1017 4364 omnino
1055 4324 1086 4363 a
1121 4308 1342 4364 deserto
1395 4308 1635 4363 abesset.
1687 4305 1904 4378 Quippe
1931 4308 2030 4361 ha-

449 4405 618 4460 hebat
639 4403 798 4458 intus
841 4402 1028 4456 animo
1063 4399 1522 4455 accensissimum
1576 4398 1911 4468 fervensque
1940 4414 2031 4453 so-

448 4494 706 4552 litudinis
739 4495 1097 4557 desiderium,
1133 4507 1263 4562 quo,
1289 4491 1444 4547 velut
1479 4491 1617 4561 igni,
1652 4491 1774 4561 ejus
1807 4493 2024 4547 viscera

447 4589 568 4661 jugi
619 4587 882 4643 incendio
940 4587 1273 4656 impotenter
1320 4583 1625 4638 arderent:
1676 4583 1902 4652 quando
1945 4585 2030 4637 vir

453 4688 717 4737 strenuus
747 4693 872 4748 quae
901 4684 1033 4734 sunt
1071 4689 1320 4745 congrua
1362 4675 1488 4729 vitae
1543 4673 1620 4728 illi
1655 4674 1720 4728 ad
1755 4689 1934 4745 usque
1967 4674 2031 4729 fi-

451 4787 577 4828 nem
611 4769 884 4826 indcfessa
912 4783 1148 4840 prorsus
1179 4766 1498 4822 constantia
1531 4767 1727 4836 gessit.

525 4862 728 4916 Verum
789 4875 899 4930 qua
950 4861 1001 4914 ei
1063 4861 1278 4914 ratione
1344 4857 1600 4913 obtulero
1647 4857 2030 4912 laudationum

455 4951 756 5009 coronam?
800 4949 1056 5004 Etiamne
1085 4965 1218 5005 vero
1261 4949 1714 5005 conversationis
1773 4950 2034 5020 splendo-

455 5059 572 5101 rem
603 5043 907 5113 exponam?
939 5041 1156 5096 Etenim
1186 5043 1388 5096 auxius
1421 5056 1565 5106 sum,
1599 5041 1811 5104 dilecti,
1842 5056 1944 5096 nec
1979 5041 2032 5097 id

454 5135 773 5196 minimum,
801 5131 873 5186 ob
903 5131 1116 5186 laboris
1169 5131 1505 5186 molestiam.
1541 5131 1627 5184 Ab
1663 5145 1730 5184 eo
1761 5131 1908 5185 enim
1944 5146 2037 5186 su-

457 5239 631 5297 perna
667 5225 868 5296 gratia,
901 5230 1056 5293 gesta
1089 5220 1367 5292 prodigia,
1398 5221 1551 5275 dictu
1595 5235 1830 5290 prorsus
1859 5221 2029 5274 mira-

460 5317 594 5372 bilia
647 5325 808 5380 sunt,
850 5316 1122 5372 rationem
1169 5313 1448 5385 quatiunt,
1503 5329 1568 5368 ac
1610 5314 1738 5368 sede
1787 5321 2073 5378 movent,‘

529 5497 552 5534 ε
591 5492 1016 5556 Hebr.xm,l1.
1096 5493 1120 5532 ιι
1171 5491 1302 5547 ibid.
1341 5491 1371 5543 τ
1477 5489 1493 5528 ί
1531 5490 1640 5560 Sap
1680 5453 1798 5553 'vu,
1831 5490 1921 5544 st.

2124 536 2330 606 ταύτην
2363 538 2572 607 ἄγομεν
2594 541 2691 608 τὴν
2717 541 3028 613 πανήγυριν
3049 541 3308 615 σήμερον.
3342 547 3487 611 Αὐτὸς
3500 551 3628 607 ᾶπαν-

2124 615 2435 693 ταςὲνθάδε
2482 630 2576 683 νῦν
2620 633 2972 700 συνεκάλεσε,
3035 635 3162 706 μεθ’
3201 637 3392 706 ὑψηλοῦ
3417 658 3536 706 τινος
3562 663 3632 716 ιη.

2127 720 2440 792 ρύγματος·
2486 722 2682 777 ἑαυτὸν
2733 725 2834 792 μὲν
2884 726 3117 796 προθεὶς
3163 729 3297 798 ἡμῖν
3344 729 3515 802 ὥσπερ.
3545 739 3633 791 τινὰ

2126 814 2396 884 πολυτελῆ
2453 815 2779 870 πανδαισίαν
2818 820 2914 870 καὶ
2977 819 3242 890 οὐράνιον
3267 821 3543 890 τράπεζαν·
3567 829 3638 897 τὴν

2123 903 2180 957 δὲ
2219 905 2372 975 ἱερὰν
2404 905 2572 958 αὐτοῦ
2622 907 2846 978 μνήμην
2883 910 2996 962 ἀντ’
3035 909 3242 979 ἐδωδῆς
3286 912 3375 964 καὶ
3411 918 3638 982 καρυκείας

2125 997 2505 1068 πνευματικῆς
2520 999 2982 1070 προϐαλλόμενος,
3005 995 3053 1069 ᾧ
3067 1001 3399 1067 πεισθέντες,
3411 1006 3637 1077 ἀγαπητοὶ,

2125 1088 2573 1160 συνηθροίσθητε,
2594 1087 2654 1144 εὖ
2681 1107 2746 1160 γε
2776 1094 2871 1146 καὶ
2887 1093 3012 1146 λίαν
3049 1094 3398 1164 ποιήσαντες.
3421 1097 3514 1166 τῆς
3538 1103 3636 1171 γάρ’

2132 1200 2151 1232 ι
2193 1181 2454 1235 Πείθεσθε
2494 1185 2608 1246 τοῖς
2654 1185 2987 1256 ἡγουμένοις
3043 1186 3206 1256 ὑμῶν
3242 1188 3334 1240 καὶ
3365 1189 3634 1247 ὑπείκετε.»

2126 1273 2526 1344 νομοθετούσης
2557 1274 2653 1328 τοῦ
2692 1277 2972 1346 πανσόφου
3008 1279 3234 1330 Παύλου
3267 1276 3442 1349 φωνῆς
3465 1296 3478 1310 ο
3535 1283 3634 1336 ιλιι

2133 1381 2151 1414 ι
2183 1365 2571 1435 Μνημονεύετε
2617 1365 2726 1420 τῶν
2775 1367 3110 1438 ἡγουμένων
3174 1368 3350 1438 ὑμῶν·
3399 1388 3416 1418 ι
3446 1370 3527 1422 καὶ
3565 1374 3636 1424 τῶν

2126 1457 2228 1510 ὅσα
2251 1457 2460 1522 τούτοις
2493 1459 2754 1531 ἐπῆρται,
2789 1459 2890 1531 τὴν
2915 1462 3150 1531 μνήμην
3180 1460 3323 1514 κατὰ
3349 1461 3553 1516 διάνοιαν
3573 1466 3634 1530 τέ-

2131 1542 2338 1620 ροντες,
2370 1552 2470 1608 καί⁹
2491 1551 2697 1604 τέλειον
2722 1552 2927 1620 ταύτης
2958 1548 3154 1614 ἆθλον,
3190 1552 3290 1622 τὴν
3319 1552 3422 1604 τῶν
3450 1552 3634 1621 unum

2127 1641 2328 1713 ἀρετὴν
2412 1640 2752 1714 ὁριζόμενοι,
2836 1644 3054 1707 ἀόκνως
3107 1642 3194 1713 τῷ
3256 1641 3490 1695 καλοῦντι
3554 1658 3634 1695 sum

2130 1735 2342 1805 ήλθετε.

2151 1985 2154 1988 λ
2207 1919 2359 1972 Ἐπεὶ
2384 1919 2440 1972 δὲ
2471 1917 2647 1973 ταῦτα
2670 1919 2843 1983 οὕτως
2875 1918 2992 1991 ἔχει
3021 1933 3034 1948 ·
3063 1919 3233 1990 δεῦρο
3262 1919 3540 1982 πεισθέντες
3561 1939 3639 1988 μοι.

2122 2010 2183 2064 τὸ
2204 2009 2299 2063 τοῦ
2327 2009 2518 2079 ἀνδρὸς
2548 2009 2826 2082 ἐγκώμιον
2852 2010 3158 2072 ἀκούσατε.
3197 2011 3296 2064 καὶ
3337 2010 3430 2080 τῆς
3451 2011 3547 2063 κατ’
3571 2012 3639 2063 αὖ·

2123 2101 2216 2154 τὸν
2243 2102 2336 2155 τοῦ
2389 2101 2505 2173 βίου
2545 2103 2847 2171 διαγωγῆς,
2894 2103 3246 2172 ὲκφαντικὴν
3295 2102 3390 2172 τὴν
3434 2101 3638 2171 διήγησιν.

2137 2194 2292 2263 Ἐμοὶ
2323 2194 2424 2264 μὲν
2454 2196 2534 2258 εἰς
2560 2194 2790 2264 δύναμιν
2819 2195 3015 2265 ἐκείνῳ
3045 2195 3130 2265 τῷ
3162 2193 3296 2264 ἱερῷ
3325 2193 3414 2246 τὸν
3443 2193 3638 2260 στέφανον

2127 2284 2404 2347 πλέκοντι,
2429 2285 2513 2338 ἐπ’
2545 2285 2723 2338 οὐδενὶ
2775 2284 3036 2351 καθάπαξ
3064 2283 3180 2338 τῶν
3209 2285 3289 2347 εἰς
3335 2282 3509 2354 ἀρετὴν
3535 2283 3634 2334 iui-

2127 2393 2218 2430 νου
2245 2376 2532 2430 τεινόντων
2589 2376 3048 2446 παρασιωπῶντι,
3102 2374 3308 2430 πολλοῦ
3349 2391 3408 2441 γε
3438 2373 3516 2426 καὶ
3547 2372 3634 2423 δεῖ·

2127 2468 2256 2539 ὑμῖν
2293 2467 2349 2521 δὲ
2405 2467 2608 2538 μᾶλλον
2656 2469 2773 2530 τοῖς
2818 2468 2926 2522 τῶν
2991 2467 3318 2540 μυστηρίων
3368 2465 3456 2534 τῆς
3501 2463 3637 2534 ἑορτῆς

2127 2560 2455 2632 ἀκροάμοσι,
2498 2559 2736 2630 φαιδρὰν
2772 2561 2852 2624 είς
2898 2562 3025 2614 ὅσον
3092 2556 3538 2620 κατασκευάζοντι
3572 2552 3638 2620 τῆ»

2130 2655 2457 2725 πανήγυριν,
2491 2653 2591 2706 καὶ
2621 2652 2824 2723 πολλὴν
2850 2653 2988 2722 ἄγαν
3015 2652 3339 2724 ἐμποιοῦντι
3380 2650 3466 2717 τὴν
3489 2647 3637 2715 εὐφρα-

2133 2745 2274 2801 σίαν.

2207 2839 2305 2904 Τίς
2331 2836 2426 2895 οὖν
2463 2837 2620 2906 οὗτος
2646 2843 2735 2896 καὶ
2761 2843 2913 2904 ποῖος
2945 2840 2974 2892 6
3006 2837 3303 2910 εἰρημένος
3334 2819 3634 2891 natantem};

2133 2929 2226 2981 καί
2257 2930 2417 2999 ἡμεῖς
2441 2931 2568 2994 τοὺς
2600 2931 2708 2984 τῶν
2742 2931 2982 2983 ἐπαίνων
3009 2928 3211 2996 λόγους
3242 2923 3495 2996 προσάψαι
3519 2936 3636 2972 σπου-

2131 3020 2385 3090 δάζομεν,
2427 3023 2521 3074 καὶ
2539 3022 2697 3092 ὑμεῖς
2726 3019 3048 3082 πεισθέντες
3077 3018 3270 3071 ἐνθάδε
3306 3011 3634 3082 πανηγυρίσαν-

2133 3127 2224 3175 τες
2251 3111 2457 3180 ﬁxa-rs;
2499 3113 2558 3165 Ὀ
2587 3113 2686 3182 τῆς
2737 3113 2944 3184 ἐρήμου
2975 3111 3229 3182 πολίτης,
3263 3108 3352 3161 καὶ
3392 3105 3478 3172 τῆς
3508 3103 3637 3152 οἰκον-

2137 3202 2307 3274 μένης
2329 3205 2736 3275 ὲπισκεπτήτης
2769 3204 2854 3235 ⁸⁸⁵·
2874 3202 2900 3254 6
2921 3202 3174 3270 ἐπίγειος
3219 3197 3454 3268 ἄγγελος,
3480 3188 3634 3245 καίού·

2135 3293 2318 3364 ράνιος
2363 3293 2684 3364 ἄνθρωπος·
2723 3297 2752 3347 6
2784 3295 2888 3365 γῆν
2933 3293 3010 3359 ὡς
3047 3292 3283 3364 οὐρανὸν
3329 3289 3543 3354 οἰκήσας,
3570 3280 3634 3329 καὶ

2131 3386 2362 3458 οὐρανὸν
2423 3386 2498 3450 ὡς
2561 3387 2668 3456 γῆν
2716 3387 2998 3457 μυστικῶς
3041 3384 3404 3457 περιπολέσας
3429 3377 3492 3446 τῷ
3515 3371 3634 3426 πνεῶ

2136 3494 2267 3548 ματι
2289 3491 2302 3505 ·
2333 3478 2361 3530 ὁ
2392 3479 2544 3531 κάτω
2591 3478 2903 3549 ἀνθρώποις
2953 3476 3287 3548 συνομιλῶν,
3323 3473 3406 3527 καὶ
3435 3471 3533 3529 ταῖς
3555 3465 3634 3518 ἀίω

2131 3571 2515 3641 χοροστασίαις
2547 3571 3001 3642 συναυλιζόμενος
3020 3588 3035 3602 ·
3065 3574 3094 3624 6
3125 3571 3286 3640 σῶμα
3316 3564 3489 3634 Θνητδν
3519 3575 3631 3627 περί·

2132 3664 2407 3734 κείμενος,
2462 3664 2557 3718 καὶ
2607 3652 2718 3717 τῶν
2783 3664 3176 3734 πνευματικῶν
3240 3663 3359 3723 τοὺς
3409 3659 3540 3727 ὅρους
3585 3653 3629 3719 τῇ

2132 3753 2328 3824 πράξει
2376 3755 2737 3826 πιστούμενος
2767 3772 2781 3786 ·
2829 3757 2858 3808 ὁ
2903 3755 3130 3826 ἔσχατος
3175 3758 3234 3810 ὲν
3278 3751 3527 3820 ἁσκηταῖς.
3566 3743 3629 3794 καί

2136 3847 2394 3917 μέγιστος
2426 3847 2482 3899 ὲν
2511 3848 2732 3917 ἀρεταῖς
2757 3863 2770 3876 ο
2807 3849 2835 3901 6
2893 3847 3110 3918 ἰδιώτης
3144 3847 3225 3918 τῷ
3263 3846 3415 3912 λόγῳ,
3441 3835 3630 3893 καὶπάν-

2134 3961 2298 4012 σοφος
2329 3946 2395 4015 τῇ
2431 3945 2714 4015 φρονήσει.
2741 3963 2759 3995 t
2813 3945 2874 3997 ’11
2909 3945 3038 4015 γὰρ,
3076 3945 3295 3999 πάντων
3336 3931 3628 4010 τεχνίτιςέὁί-

2131 4037 2330 4091 δασκεν
2355 4037 2517 4091 αὑτὸν
2549 4038 2741 4106 Σοφία.
2780 4057 2799 4091 ι
2851 4037 2908 4092 Ὀ
2932 4040 2989 4090 ὲν
3017 4038 3214 4109 ἁγνείᾳ
3237 4033 3393 4096 πολύς
3411 4050 3422 4063 ·
3447 4030 3534 4083 ὁὲν
3552 4042 3627 4076 σω·

2134 4129 2392 4201 φρονήσει
2420 4129 2691 4199 ἐπίσημος
2710 4147 2725 4161 ·
2761 4131 2789 4183 6
2815 4131 2872 4183 ὲν
2905 4129 3087 4183 πίστει
3112 4127 3312 4200 θερμός
3330 4143 3344 4156 ο
3376 4123 3468 4176 ὀὲν
3489 4115 3625 4183 ἀγάπη

2133 4221 2398 4291 φοϐερὰν
2430 4222 2458 4274 6
2483 4221 2636 4274 πόλιν
2669 4219 2854 4282 οἰκῶν.
2908 4219 3004 4274 καὶ
3042 4221 3143 4291 τῆς
3186 4220 3382 4291 ἐρήμου
3413 4203 3625 4264 παντελῶς

2137 4312 2211 4383 μὴ
2239 4312 2581 4382 λειπόμενος.
2615 4307 2747 4383 Εἶχε
2787 4312 2896 4384 γὰρ
2949 4312 3156 4383 ταύτης
3205 4311 3347 4365 ἔνδον
3378 4299 3537 4359 ἑαυτοῦ
3556 4295 3624 4360 τὴν

2136 4404 2319 4475 σχέσιν
2351 4405 2697 4476 θερμοτάτην
2727 4405 2822 4458 καὶ
2861 4403 3110 4470 ζέουσαν,
3136 4406 3259 4477 ἥτις
3298 4403 3366 4465 ὼς
3389 4397 3481 4465 πῦρ
3504 4384 3620 4446 αὑτῶ

2065 4531 2108 4586 D
2137 4497 2204 4550 τὰ
2231 4495 2379 4551 ἔνδον
2408 4499 2654 4568 ἀσχέτως
2691 4498 2792 4552 οὐκ
2857 4497 3101 4551 ἀνεδίδου
3159 4497 3478 4565 φλογίζουσα.
3520 4481 3621 4586 εἰγε

2135 4587 2204 4640 τά
2259 4587 2444 4660 ἐκείνῃ
2496 4589 2862 4659 προσήκοντα,
2933 4589 3100 4658 μέχρι
3149 4589 3329 4650 τέλους
3362 4586 3387 4638 6
3425 4573 3617 4649 γεννάδας

2133 4679 2340 4740 ἐκεῖνος
2367 4679 2533 4752 δρῶν,
2562 4680 2844 4743 παντελῶς
2871 4681 2969 4733 οὐκ
2994 4681 3299 4750 ἀπέκαμεν.

2057 3167 2099 3224 C

2218 4855 2356 4909 Ἀλλ’
2386 4854 2432 4908 ὦ
2462 4856 2578 4919 πῶς
2629 4857 2726 4926 μὲν
2783 4854 2930 4926 αὐτῷ
2963 4855 3074 4908 τῶν
3107 4851 3389 4923 ἐγκωμίων
3426 4831 3616 4913 προσέξει)

2136 4950 2228 5004 τὸν
2263 4949 2556 5018 στέφανον;
2614 4949 2738 5012 Πῶς
2769 4949 2826 5002 δὲ
2873 4948 2968 5002 καὶ
2998 4949 3098 5018 τῆς
3137 4945 3390 5004 πολιτείας
3417 4929 3610 5002 ἐκὲράσω

2142 5040 2202 5093 ἐδ
2226 5039 2477 5110 λαμπρόν
2501 5055 2517 5102 ξ
2567 5039 2704 5092 Ἀλλ’
2743 5040 2890 5108 ὅμως
2910 5039 3168 5092 ἐπίπονον
3189 5032 3381 5106 ἀπορῶ.
3406 5026 3480 5079 καὶ
3511 5019 3610 5109 λίανῖ

2145 5129 2440 5200 ἀγαπητοί.
2464 5130 2545 5184 Τὰ
2567 5129 2674 5199 γὰρ
2699 5130 2786 5182 διὰ
2814 5129 2912 5199 τῆς
2955 5129 3163 5182 ἄνωθεν
3187 5129 3386 5197 χάριτος
3403 5115 3476 5170 ὑπ’
3492 5110 3607 5161 αῧτθυ

2140 5220 2462 5274 τελεσθέντα
2493 5219 2775 5290 τεράστια,
2808 5219 3128 5290 θαυμαστὴν
3151 5218 3332 5290 ἔχοντα
3375 5208 3456 5274 τὴν
3472 5201 3606 5290 διήτης

2143 5329 2246 5378 σιν,
2273 5280 2573 5380 κραδαίνεί
2611 5327 2712 5380 μου
2745 5280 2834 5363 τὸν
2857 5280 3138 5379 λογισμὸν,
3182 5280 3280 5362 καὶ
3305 5280 3603 5368 ιξιστησιπκιι

1729 5668 1962 5724 νΑῐῖῐᾹῐ
1991 5666 2396 5724 LECTIONES.

504 5755 539 5785 "
555 5759 565 5784 ’¹
583 5763 668 5815 τσ.
705 5762 963 5833 σκεπτὴς.
