3830 6326
15 367 144 440 Ιὲῧθ
1343 377 1429 439 ΙΝ
1469 378 1530 440 S.
1571 377 1650 438 PA

1753 379 1987 440 tPIUM.
3169 327 3354 443 ΠΗ)-

16 488 108 538 τῶν
147 485 411 541 οἰκείων
434 489 575 558 ὅρων
637 486 966 543 ἀπελαύνειν
1027 487 1300 558 βιάζεται.
1353 487 1521 560 Πλὴν,
1555 490 1638 552 είς

1753 491 1971 562 suisque
2022 491 2198 562 ipsius
2244 493 2502 548 terminis
2538 507 2640 550 ceu
2683 494 2736 550 vi
2784 494 3096 565 depellunt.
3149 495 3326 552 Caue-

17 593 122 632 σον
159 580 449 650 ἀφίκοιτό
479 599 581 652 μου
610 583 644 652 ἡ
674 582 901 646 διάνοια,
936 582 1037 635 ούκ
1065 582 1282 652 ὀκνήσω
1313 580 1518 651 λέγειν.
1559 581 1635 636 Ού

1753 597 1894 648 rum,
1951 584 2090 638 nihil
2146 593 2466 651 cunctatus,
2531 587 2715 643 dicam
2781 596 3050 656 quantum
3109 588 3328 642 animus

19 677 108 738 ἀρ
145 673 236 725 τὸ
271 674 354 744 μὴ
385 675 505 728 κατ’
532 675 692 739 ἀξίαν
736 675 1087 745 ἐγκωμιάσαι
1123 675 1474 746 κατᾶκρισις,
1500 675 1637 729 ἀλλά

1753 675 1923 744 possit
1956 676 2205 745 assequi.
2239 675 2352 731 Nec
2399 677 2546 732 enim
2590 677 2646 731 in
2692 692 2759 731 eo
2810 678 3095 732 damnatio
3128 688 3233 741 est,
3269 691 3330 733 nt

16 768 44 822 ὁ
83 777 174 829 γε
214 767 306 828 είς
349 766 573 836 δύναμιν
598 762 736 837 ἧκον
781 768 854 838 μὴ
891 766 1096 835 λέγειν,
1144 768 1511 836 κατάγνωσις.
1546 765 1640 819 Διὸ

1753 781 1815 821 ne
1842 767 2116 836 condigna
2149 769 2405 823 encomio
2443 785 2556 824 non
2583 769 3002 833 celebraverim,
3039 769 3137 824 sed
3168 780 3227 823 ut
3261 787 3330 824 ne

21 855 369 927 ὖμμετρον
389 858 526 927 ἔχων
556 858 635 928 τῷ
692 857 837 927 λόγῳ
864 857 963 928 τὴν
1004 857 1236 922 ἔννοιαν,
1273 858 1425 927 πάσῃ
1479 855 1638 928 ῥώμῃ

1753 873 1848 929 pro
1889 859 2116 912 modulo
2167 859 2426 915 dixerim.
2491 859 2891 927 Quamobrem,
2943 862 3035 930 qui
3093 861 3328 915 habeam

13 942 114 1005 ια).
143 946 368 1018 ζεούσῃ
386 948 556 1019 ψυχῇ,
619 947 727 1000 τῶν
775 949 1068 1018 ἐγκωμίων
1115 948 1215 1019 τὴν
1251 949 1494 1017 σπουδὴν
1515 949 1639 1000 ἐπι-

1753 957 1984 1002 mentem
2027 950 2272 1004 sermoni
2322 951 2712 1019 compositam,
2757 954 2889 1006 totis
2939 951 3175 1014 viribus.
3212 951 3352 1006 fer--

18 1037 280 1107 δείξαιμι
307 1054 324 1070 ·
364 1038 465 1108 τῆς
526 1039 628 1110 μὲν
667 1039 779 1092 τῶν
829 1039 1068 1111 θύραθεν
1092 1041 1430 1109 τεχνολόγων
1457 1056 1640 1109 κομω-

1753 1040 2008 1109 ventique
2078 1040 2290 1102 animo,
2361 1041 2626 1096 laudandi
2685 1043 2930 1097 studium
2990 1044 3326 1098 ostendam:

39 1131 200 1200 τικῆς
248 1131 542 1202 τερθρείας
587 1130 737 1186 τόνδε
781 1133 873 1185 τὸν
922 1132 1082 1200 λόγον
1121 1132 1500 1203 ἀπορρηγνὺς.
1537 1131 1638 1200 τῆς

39 1224 412 1294 ἀποστολικῆς
439 1224 494 1277 δὲ
520 1227 614 1277 καὶ
637 1226 916 1296 ἡμετέρας
938 1225 1048 1278 τῶν
1076 1224 1310 1288 πιστῶν,
1333 1223 1637 1292 εὐγενείας,

43 1317 74 1384 ἢ
111 1317 422 1379 εὐσεϐείας,
455 1317 488 1386 ἢ
519 1317 800 1389 ἀληθείας,
834 1318 868 1388 ἢ
923 1320 1136 1388 σοφίας,
1177 1319 1210 1389 ἢ
1241 1320 1344 1371 οὐκ
1365 1315 1460 1371 οἷδ’
1491 1319 1640 1379 ὅπως

46 1406 218 1472 αὐτὴν
245 1406 484 1470 καλέσω,
510 1407 836 1471 ἀποδεικνὺς
889 1409 986 1478 τὴν
1017 1409 1384 1478 εὐπρέπειαν,
1421 1408 1517 1461 καὶ
1543 1406 1642 1476 τὴν

41 1501 122 1560 εἰς
143 1499 315 1569 ἀκρον
341 1499 499 1562 ἐκτὸς
553 1500 782 1566 τούτων,
831 1500 928 1552 τοῦ
970 1500 1163 1572 ἀνδρὸς
1209 1501 1435 1571 ἀρετήν.
1489 1498 1641 1551 Ἐπεὶ

45 1589 139 1640 καὶ
168 1587 333 1641 τοῦτο
362 1587 518 1656 φίλον
551 1588 724 1659 αύτῷ,
753 1589 814 1642 τὸ
841 1587 1006 1654 πεζὸν
1036 1589 1131 1642 τοῦ
1160 1589 1342 1658 λόγου,
1372 1588 1466 1641 καί
1500 1588 1639 1640 ἀκα-

46 1681 315 1734 τάσκενον
337 1698 354 1712 ·
405 1682 489 1733 ὅτι
524 1682 660 1751 μηδὲ
721 1681 901 1750 λόγοις
937 1682 1038 1752 τὴν
1071 1681 1276 1752 ἀρετὴν
1329 1679 1638 1749 ἐξήσκητο·

49 1772 194 1842 ἔργῳ
239 1771 300 1824 δέ
360 1773 456 1826 καὶ
496 1773 694 1843 πράξει
720 1773 792 1826 τὰ
847 1772 1068 1842 ἐκείνης
1096 1770 1463 1841 κατώρθωσεν
1493 1770 1633 1838 εἴδη.

1749 1132 1823 1186 ita
1852 1149 1986 1188 vero
2019 1144 2078 1187 ut
2120 1149 2435 1189 sermonem
2485 1137 2636 1191 hunc
2681 1151 2712 1190 a
2745 1139 3097 1192 smeularium
3140 1145 3330 1192 orato-

1750 1241 1871 1279 rum
1933 1226 2115 1281 l'ucato
2173 1228 2473 1282 verborum
2542 1229 2994 1299 elocutionisque
3045 1230 3327 1285 lenocinio

1750 1319 2048 1389 abruptum
2097 1321 2282 1383 velim,
2338 1321 2546 1391 quique
2601 1322 2922 1391 apostoliem
2977 1323 3173 1385 solius,
3239 1337 3330 1374 no-

1747 1417 2008 1478 straeque,
2063 1409 2308 1464 ﬁdelium
2357 1411 2740 1478 ingenuitatis,
2795 1410 2877 1463 vel
2921 1408 3324 1477 religiositatis,

1749 1509 1844 1555 aut
1878 1501 2149 1564 veritatis,
2199 1509 2300 1555 aut
2347 1501 2636 1571 sapientiae
2680 1508 2776 1554 aut
2831 1500 3022 1555 nescio
3061 1500 3193 1569 quid
3226 1514 3326 1553 vo-

1750 1609 1890 1658 cem,
1926 1593 2181 1647 decorem
2215 1592 2496 1654 exhibeat,
2538 1606 2922 1661 summamque
2965 1591 3090 1656 viri,
3117 1591 3329 1659 absque

1751 1686 1956 1740 talibus
1983 1684 2254 1754 profanis,
2297 1685 2584 1739 virtutem.
2619 1683 2755 1738 Nam
2799 1692 2855 1738 et
2885 1683 3002 1752 ipse
3031 1683 3132 1737 hoc
3182 1691 3332 1736 amat

1751 1775 1904 1828 velut
1957 1775 2234 1844 pedestre,
2289 1790 2354 1829 ac
2389 1775 2576 1829 minus
2627 1790 2693 1830 ex
2732 1785 2852 1829 arte
2897 1784 2950 1828 et
2979 1775 3326 1828 elaboratmn

46 1863 216 1916 Τοῦτο
269 1863 380 1934 γὰρ
431 1864 599 1932 αὐτῷ,
662 1865 756 1916 καὶ
795 1863 856 1929 ἐξ
912 1864 1097 1917 αὐτῶν
1149 1862 1376 1918 ἁπαλῶν
1420 1863 1630 1930 ὀνύχων

1753 1865 1952 1920 licendi
1988 1882 2210 1935 genus:
2270 1864 2475 1935 quippe
2535 1865 2729 1929 etiam,
2787 1881 2898 1918 non
2930 1879 3032 1932 pro
3081 1862 3326 1915 oratoris

48 1954 410 2009 ἐσπούδαστο.
438 1955 526 2018 Ὠς
547 1956 642 2008 καὶ
666 1953 763 2009 νῦν
791 1956 852 2008 ού
879 1955 1023 2026 μέγα
1046 1955 1138 2007 τὸν
1167 1957 1248 2017 είς
1276 1954 1441 2007 αὑτὸν
1484 1953 1647 2005 ἐπαι-

48 2063 155 2110 νον,
192 2048 378 2118 ἐννοίᾳ
408 2048 690 2118 μᾶλλον,ἢ
740 2048 887 2118 λόγῳ
940 2048 1282 2118 διαχεομένῳ
1318 2047 1416 2100 καὶ
1461 2049 1644 2117 ῥέοντι

51 2139 491 2193 κατασκευάσαι.
525 2138 636 2192 Καί
677 2155 770 2210 μοι
795 2138 1144 2206 συγνὼσεσθε
1198 2140 1440 2201 πάντως,
1472 2132 1517 2191 ὦ
1553 2139 1642 2208 φί-

49 2229 127 2282 λοι
150 2232 245 2282 καὶ
268 2230 516 2298 ἀδελφοὶ,
551 2231 670 2283 ὅσοι
715 2247 776 2283 τε
807 2230 936 2302 παρ’
967 2231 1101 2299 ἡμῖν
1130 2231 1190 2282 ἐν
1243 2229 1426 2297 λόγοις
1455 2228 1640 2300 ἔχουσι

49 2323 107 2374 τὸ
137 2323 460 2392 περίοπτον,
520 2323 616 2377 καὶ
669 2323 785 2376 ὅσοι
819 2321 1031 2375 τούτων
1066 2323 1319 2392 ἀμοιρεῖν
1359 2321 1640 2384 παντελῶς

53 2413 486 2480 ἐπαγγέλλονται
515 2428 528 2442 ·
573 2415 655 2468 ὅτι
713 2414 789 2484 μὴ
852 2413 990 2485 πρὸς
1024 2413 1180 2478 τάξιν
1221 2412 1351 2474 ίσως
1401 2414 1504 2483 ὁρᾷ
1544 2412 1638 2466 τοῦ

52 2502 230 2570 λόγου,
263 2503 375 2555 τῶν
397 2502 692 2573 ἐγκωμίων
741 2501 880 2566 εἶδος
902 2519 917 2535 ο
955 2502 1092 2572 πρὸς
1137 2503 1195 2556 δὲ
1249 2503 1346 2572 τὴν
1377 2503 1638 2572 ἀλήθειαν

57 2593 240 2662 μόνην,
268 2594 346 2656 ὡς
375 2595 515 2658 ἐνὸν,
552 2593 615 2646 ἔκ
648 2611 707 2648 τε
741 2593 849 2645 τῶν
888 2593 1233 2662 φαινομένων
1269 2594 1358 2646 καὶ
1408 2592 1638 2662 λεγομέ-

54 2701 154 2736 νων
178 2684 279 2737 τοῦ
302 2685 498 2755 ἀνδρὸς
537 2685 982 2757 κατορθωμάτων
1017 2684 1399 2739 πιστώσασθαι
1417 2699 1432 2715 ·
1473 2679 1547 2738 ὧν
1577 2685 1638 2738 τὸ

61 2774 152 2840 μὲν
201 2778 263 2827 ἐν
316 2776 588 2846 θαύμασι,
619 2777 682 2830 τὸ
708 2777 767 2830 δὲ
831 2779 890 2830 ἐν
919 2777 1282 2848 διηγήμασιν,
1329 2775 1478 2829 ἐστιν
1501 2777 1638 2847 ὀρᾷν

58 2868 144 2920 τὸν
179 2867 342 2938 βουλό
351 2885 534 2939 μενον.

63 2972 211 3028 sunt,
271 2973 390 3020 tum
448 2981 572 3036 qua:
634 2965 950 3021 referuntur
1008 2966 1112 3020 viri
1175 2965 1541 3028 facinoribus,
1585 2965 1892 3019 astruxerit

61 3059 393 3120 rationibus,
431 3059 668 3126 quisque
704 3057 864 3112 facile
897 3057 1112 3111 viderit.
1308 3095 1344 3129 ι,

123 3151 266 3214 Ταῖς
299 3149 466 3203 αὑτοῦ
515 3149 647 3219 γοῦν
705 3153 867 3220 ἡμεῖς
909 3151 1095 3220 εὐχαῖς
1144 3149 1640 3220 βοηθούμενοι,καὶ

62 3239 132 3308 τῷ
155 3241 281 3293 κατ’
310 3241 498 3292 οὐσίαν
555 3240 724 3302 ὅντως
786 3239 900 3293 ὅντι
938 3242 1033 3293 καὶ
1075 3239 1218 3309 ὑπὲρ
1265 3240 1446 3292 πᾶσαν
1477 3236 1642 3304 φύσιν

65 3331 154 3383 καὶ
185 3330 390 3399 γνῶσιν
437 3330 851 3400 ὑπερηνωμένῳ
906 3330 985 3400 τῷ
1039 3331 1215 3401 Πατρὶ
1238 3330 1334 3383 καὶ⁵
1361 3329 1440 3398 τῷ
1469 3329 1641 3384 Πνεύ-

71 3441 221 3490 ματι,
248 3424 404 3494 Λόγῳ
423 3440 438 3456 ο
473 3424 552 3494 τῷ
577 3425 634 3476 ἐν
663 3416 707 3490 ᾧ
725 3424 926 3486 πάντες
950 3426 1000 3476 oi
1027 3421 1297 3493 θησαυροὶ
1318 3427 1417 3494 τῆς
1449 3423 1640 3491 σοφίας

71 3515 386 3568 ἀπόκεινται
419 3515 826 3586 στηριζόμενοι,
857 3514 967 3566 τῶν
999 3515 1293 3584 ἐγκωμίων
1323 3513 1604 3584 ἀρξόμεθα
1624 3532 1639 3546 ·

77 3607 607 3678 συμπεριληψόμενοι
658 3607 902 3676 δηλονότι
958 3606 1292 3678 περιεκτικῷ
1347 3607 1520 3676 λόγῳ,
1553 3608 1645 3661 καί

78 3714 191 3750 τινα
223 3699 328 3752 τῶν
377 3701 521 3753 κατὰ
552 3699 731 3770 σάρκα
774 3698 872 3752 καὶ
906 3697 1226 3767 γνωστικῶν
1260 3701 1643 3769 καταφάσεων.

91 3788 241 3843 Ἀλλά
270 3809 358 3860 μοι
391 3789 488 3845 καὶ
549 3793 705 3861 ὑμεῖς
761 3789 1158 3861 συναμιλλᾶσθε
1193 3793 1316 3856 ταῖς
1358 3791 1646 3861 ἐμετέραις

83 3881 276 3949 εὐχαῖς,
306 3882 434 3935 ἵλεω
493 3882 586 3935 τὸν
615 3881 750 3934 Θεόν
788 3899 879 3952 μοι
920 3881 1262 3953 ποιούμενοι,
1296 3883 1390 3937 καὶ
1423 3901 1441 3935 ι
1474 3883 1647 3950 Λόγον

86 3973 348 4037 αἰτοῦντες
395 3977 452 4027 ἐν
501 3973 704 4038 ἀνοίξει
755 3973 850 4027 τοῦ
899 3973 1245 4044 στόματος,·›
1282 3975 1429 4036 ὅπως
1472 3974 1539 4026 ἂν
1572 3975 1648 4044 μὴ

89 4059 340 4131 κριθείην,
371 4063 446 4127 ὡς
480 4064 589 4117 τῶν
625 4063 767 4133 ὑπὲρ
803 4063 961 4128 ἀξίαν
1009 4063 1312 4132 ἁψάμενος,
1345 4065 1439 4117 καὶ
1481 4064 1649 4134 μηδὲν

90 4147 382 4205 λυσιτελοῦν
435 4154 765 4221 εἰσενεγκὼν
813 4153 892 4224 τῷ
921 4153 1066 4224 λόγῳ
1091 4154 1204 4208 τῶν
1229 4154 1542 4222 ἐγκωμίων.
1585 4155 1650 4207 Ὃ

99 4244 220 4312 μηδὲ
258 4247 386 4317 πρὸς
441 4251 508 4318 τῇ
566 4249 674 4317 ἐμῇ
725 4247 1069 4316 καθέστηκεν
1120 4248 1417 4319 ἀσθενείᾳο
1450 4248 1652 4302 ὁπόταν

101 4337 222 4403 μηδὲ
247 4340 374 4408 πρὸς
399 4323 565 4405 ἀξίαν.
583 4335 722 4402 εἶδός
749 4356 802 4391 τι
843 4340 1049 4407 συνεπή
1061 4355 1253 4409 ρτηται
1273 4355 1286 4368 ·
1339 4339 1476 4409 πρὸς
1501 4339 1558 4391 δὲ
1583 4341 1650 4409 τῇ

103 4426 283 4482 ἀνωθεν
307 4433 511 4500 χάριτι,
543 4433 608 4501 τῇ
641 4432 818 4484 πάντα
843 4430 1082 4500 νεμούσῃ
1120 4429 1336 4500 ἐκάστῳ
1372 4431 1442 4484 τά
1493 4430 1657 4500 πρόσ-

107 4535 245 4590 φορα,
273 4543 290 4574 ι
325 4525 458 4594 ῐῐαρ⁹
486 4520 555 4594 ἧς
576 4525 728 4576 πᾶσα
757 4523 902 4586 δόσις
935 4523 1139 4592 ἀγαθὴ,
1165 4523 1260 4575 καὶ
1292 4523 1402 4575 πᾶν
1426 4521 1656 4591 δώρημα

1745 1971 1974 2011 munere
2007 1957 2244 2011 dicendo
2275 1957 2452 2011 coluit
2491 1958 2776 2018 virtutem,
2822 1955 2918 2010 sed
2950 1954 3125 2025 gessit
3156 1967 3327 2022 opere

1740 2057 1794 2103 et
1829 2048 2071 2102 actione.
2105 2047 2164 2101 ln
2196 2063 2262 2103 eo
2293 2047 2594 2118 siquidem,
2622 2047 2708 2101 vel
2745 2062 2776 2099 a
2808 2047 3014 2099 teneris
3046 2043 3353 2112 unguibus

1742 2138 1987 2193 studium
2046 2138 2248 2206 posuit.
2304 2139 2485 2207 Atque
2537 2137 2676 2191 adeo
2717 2136 2854 2189 nihil
2893 2135 3059 2188 etiam
3111 2133 3353 2199 itnprze—.

1742 2231 2054 2283 sentiarum
2094 2243 2382 2298 magnum,
2409 2235 2470 2282 ut
2512 2228 2640 2296 ejus
2696 2227 2942 2281 laudatio
2983 2225 3326 2294 cogitatione

1738 2318 1926 2387 potius
1983 2332 2152 2387 quam
2194 2317 2316 2371 fusa
2365 2330 2431 2370 ac
2486 2317 2822 2370 decurrente
2867 2315 3121 2368 oratione
3165 2311 3326 2366 ador-

1737 2418 1866 2463 nata
1919 2409 2013 2463 sit.
2071 2393 2296 2477 Vosque
2329 2409 2580 2470 omnino,
2623 2406 2787 2462 amici
2833 2405 3173 2475 fratresque,
3205 2413 3321 2458 tum

1737 2508 2016 2570 quotquot
2047 2501 2404 2570 perspicaces
2431 2500 2572 2554 estis
2618 2499 2671 2551 in
2705 2497 2975 2560 oratoria,
3010 2504 3125 2549 tmn
3156 2503 3326 2564 quot-

1736 2604 1869 2664 quot
1926 2594 2047 2662 ejus
2097 2607 2199 2647 vos
2247 2592 2479 2646 omnino
2548 2590 2688 2653 artis
2741 2589 2906 2643 rudes
2961 2586 3323 2658 prolitemini,

1744 2684 2064 2753 ignoscetis.
2118 2681 2283 2736 Forte
2335 2683 2482 2736 enim
2541 2695 2653 2735 non
2681 2679 2909 2748 respicit
2944 2678 3163 2732 modum
3199 2693 3323 2731 ora-

1744 2777 1914 2832 tionis
1947 2777 2286 2831 laudationis
2336 2789 2534 2843 genus,
2570 2774 2666 2829 sed
2711 2783 2772 2826 ut
2800 2773 2978 2828 solum
3016 2771 3322 2830 veritatem,

1744 2875 2012 2936 quantum
2066 2867 2183 2921 lieri
2232 2873 2434 2935 potest,
2493 2873 2608 2918 tum
2642 2879 2711 2918 ex
2751 2863 2819 2916 iis
2850 2877 2972 2932 qua:
3020 2858 3322 2928 conspicua

1948 2981 1962 3016 :
2025 2980 2092 3020 ac
2144 2965 2342 3035 partim
2376 2963 2432 3017 in
2464 2961 2768 3027 miraculis,
2806 2962 3005 3030 partim
3085 2957 3140 3009 in
3203 2968 3325 3008 nar-

1818 3148 1948 3216 Ejus
1984 3147 2174 3216 itaque
2211 3141 2604 3213 adjuvantibus
2625 3140 2910 3212 precibus,
2948 3136 3327 3203 Sermoneque

1748 3242 1842 3296 illo
1870 3240 2255 3301 conlirmante,
2282 3236 2374 3308 qui
2409 3252 2537 3291 vere
2573 3251 2668 3305 per
2693 3232 2994 3288 essentiam
3021 3228 3324 3289 exsistens,

1745 3349 1912 3404 supra
1954 3344 2208 3387 naturam
2251 3344 2472 3385 omnem
2511 3326 2936 3392 scientiamque,
2981 3319 3184 3376 eximie
3225 3317 3328 3371 Pa-

1745 3426 1817 3479 tri
1858 3439 1924 3478 ac
1978 3421 2212 3492 Spiritui
2278 3426 2476 3476 sancto
2534 3417 2725 3472 unitus
2775 3422 2882 3478 εει,
2951 3409 3328 3465 laudationem

1745 3517 2072 3588 aggrediar;
2106 3515 2367 3569 nimirum
2417 3511 2704 3566 succincto
2734 3519 2994 3563 sermone
3039 3519 3103 3558 ac
3136 3501 3330 3572 paucis

1742 3610 2068 3680 complexus
2095 3616 2210 3659 tum
2259 3603 2522 3658 nonnulla
2565 3615 2687 3670 quae
2732 3606 2988 3668 spectant
3019 3595 3086 3649 ad
3139 3593 3329 3648 carnis

1745 3699 2024 3762 exercitia,
2089 3705 2204 3751 tum
2245 3710 2368 3765 quae
2396 3694 2466 3747 ad
2494 3691 2787 3748 scientiam
2822 3699 2878 3742 et
2904 3687 3329 3755 contemplatio-

1747 3808 1871 3848 nem
1921 3790 2215 3860 pertinent.
2273 3786 2378 3840 Sed
2419 3793 2475 3840 et
2517 3798 2616 3837 vos
2653 3784 2858 3836 vestris
2906 3779 3166 3848 precibus
3211 3779 3329 3845 pari

1747 3897 1962 3939 mecum
1991 3878 2340 3936 aemulatione
2385 3873 2728 3935 contendite,
2769 3879 2829 3924 ut
2879 3869 3013 3922 mihi
3069 3867 3214 3919 Deus
3255 3865 3329 3919 sit

1748 3973 2044 4045 propitius,
2069 3969 2423 4024 tSermonem
2449 3971 2698 4036 petentes
2723 3962 2779 4016 in
2810 3960 3094 4031 apertione
3109 3959 3322 4020 orisi‘,r

1749 4075 1812 4122 ut
1837 4080 1908 4122 ne
1934 4065 1987 4119 in
2014 4061 2285 4133 judicium
2310 4074 2499 4121 vocer,
2529 4055 2681 4128 quod
2711 4069 2798 4108 me
2822 4053 3031 4120 majora
3060 4061 3330 4118 praesum-

1751 4159 1982 4230 pserim,
2013 4155 2264 4223 nihilque
2298 4150 2447 4222 quod
2495 4147 2794 4210 conducat,
2838 4142 3165 4199 exornativo
3211 4151 3332 4194 ser-

1753 4251 1902 4306 moni
1932 4247 2229 4303 intulerim.
2267 4247 2332 4301 Et
2365 4260 2516 4309 vero,
2553 4241 2698 4297 haud
2740 4254 2905 4310 penes
2949 4249 3126 4290 meam
3155 4232 3330 4286 imbe-

1754 4343 2038 4396 cillitatem
2096 4337 2262 4392 fuerit
2319 4346 2380 4391 ut
2435 4337 2601 4405 digne
2651 4345 2954 4393 exornem,
3006 4327 3099 4396 qui
3157 4338 3336 4392 neque

1756 4431 1962 4502 aliquid
2004 4446 2102 4500 pro
2141 4430 2413 4500 dignitate
2454 4423 2644 4494 eloqui
2689 4420 2982 4481 sulliciam,
3017 4417 3113 4472 sed
3147 4429 3339 4482 exspe-

1759 4523 2021 4578 ctandum
2069 4537 2098 4574 a
2135 4536 2377 4590 superna
2422 4518 2622 4587 gratia,
2665 4513 3036 4568 distribuente
3080 4505 3338 4561 omnibus

109 4612 281 4668 τέλειον
305 4616 512 4669 ἄνωθέν
563 4617 682 4668 ἐστι
729 4615 1061 4669 καταϐαῖνον
1100 4613 1254 4685 παρά
1301 4613 1395 4666 τοῦ
1441 4615 1650 4682 Πατρδς

1759 4613 1903 4685 quod
1935 4614 2135 4681 cuique
2157 4625 2464 4680 congrumn
2503 4610 2572 4663 sit
2603 4624 2616 4659 :
2648 4623 2667 4656 ι
2713 4607 2757 4657 Α
2791 4618 2901 4672 qua
2938 4608 3022 4653 est
3046 4612 3210 4650 omne
3238 4594 3338 4647 da-

109 4701 202 4754 τῶν
231 4705 438 4772 φώτων,
489 4707 734 4769 »ἐντοῖς
785 4706 959 4771 ἀξίοις
1002 4705 1097 4758 τοῦ
1157 4703 1496 4774 Πνεύματος.
1541 4703 1659 4756 Ἐπ’

111 4793 252 4866 αὐτὴν
298 4799 449 4866 γοῦν,
475 4799 549 4860 ὡς
605 4798 836 4865 ἔφημεν,
871 4796 968 4867 τὴν
998 4797 1173 4867 ἀρχὴν
1214 4797 1325 4848 τῶν
1373 4795 1662 4866 ἐγκωμίων

113 4881 404 4958 ἐλεύσομαι·
444 4888 639 4956 καλὴν,
676 4888 760 4940 ὅτι
823 4887 1062 4955 μάλιστα
1108 4886 1204 4938 καὶ
1242 4888 1470 4956 ταχεῖαν
1500 4884 1664 4956 εὑρά-

117 4990 249 5042 μενος
301 4981 588 5049 σύμμαχον
620 4979 719 5048 τὴν
751 4979 1034 5048 ἑκατέροιν
1063 4981 1178 5031 τοῖν
1222 4982 1408 5049 μεροῖν
1431 4977 1540 5030 τῶν
1569 4978 1662 5030 εὐ-

109 5062 203 5130 κῶν
225 5070 464 5142 ἀρωγήν.
493 5070 565 5121 Σὺ
599 5069 657 5122 δέ
705 5085 816 5138 μοι,
847 5063 891 5120 ὦ
931 5068 1045 5138 ἰερά
1094 5069 1191 5122 καὶ
1245 5068 1460 5139 μεγάλη
1485 5069 1662 5138 πανή-

1760 4716 1876 4760 tum
1927 4705 2219 4773 Optimum,
2255 4709 2310 4754 et
2348 4702 2551 4752 donum
2583 4694 2888 4764 perfectum
2925 4686 3267 4743 descendens
3308 4698 3340 4736 a

1759 4796 1921 4850 Patre
1951 4794 2220 4848 luminum
2263 4791 2318 4856 i;
2355 4810 2372 4841 ι
2412 4790 2467 4843 in
2503 4789 2572 4842 iis
2603 4785 2696 4855 qui
2742 4783 2954 4852 Spiritu
3000 4779 3150 4849 digiti
3186 4785 3338 4832 sunt.

1760 4887 1841 4942 Ad
1877 4887 2056 4956 ipsum
2081 4898 2234 4953 ergo.
2272 4890 2332 4935 ut
2373 4879 2638 4950 praelatus
2668 4891 2789 4931 sum
2819 4873 3031 4927 veniam
3069 4868 3342 4922 laudatio-

1763 4980 1850 5034 nis
1919 4977 2285 5047 principium,
2349 4986 2608 5042 perquam
2701 4967 2910 5038 optimo
2982 4970 3345 5032 promptuque

1765 5071 2056 5139 utriusque
2110 5066 2324 5121 ordinis
2376 5078 2625 5134 precum,
2691 5061 2916 5114 invento
2967 5053 3194 5108 auxilio.
3259 5047 3344 5139 Tu

105 5138 272 5228 YUPI;,
297 5138 413 5216 ὅσοι
445 5178 506 5214 τε
535 5161 634 5230 τῆς
660 5159 802 5212 κατά
835 5159 1070 5224 Χριστὸν
1106 5138 1496 5230 ἀκροδακτύλῳ
1525 5157 1650 5226 φιλο

1763 5177 1918 5226 vero,
1963 5138 2189 5214 osacer
2220 5170 2528 5226 magneque
2575 5159 2906 5214 conventus,
2968 5155 3081 5199 tum
3145 5142 3190 5196 si
3250 5138 3344 5206 qui

102 5248 282 5316 σοφίας
315 5253 642 5322 ἐγεύσασθε,
666 5255 760 5305 καὶ
792 5252 909 5304 ὅσοι
937 5251 1141 5322 ταύτης
1167 5251 1392 5321 ἐρασταὶ
1414 5249 1668 5319 γενέσθαι

92 5344 442 5411 σπουδάζετε,
460 5344 680 5414 θερμῶς
705 5343 774 5396 τὰ
803 5335 918 5394 ὦτα
966 5341 1068 5409 τῆς
1096 5342 1335 5401 διανοίας
1370 5342 1665 5395 πετάσατε.

19 5499 30 5510 .
130 5445 180 5490 ι’
228 5458 644 5529 Ephes.vt,19.
725 5456 893 5512 lJac.
943 5473 980 5515 ι.
1018 5455 1103 5510 l7.

1763 5250 2096 5304 Christiana:
2130 5246 2493 5318 philosophiae
2525 5242 2610 5298 vel
2655 5241 2826 5296 levem
2879 5246 3100 5307 gnstmn
3153 5242 3345 5297 perce-

1772 5342 1932 5411 pistis
1977 5341 2114 5410 (76),
2155 5347 2271 5393 tum
2313 5338 2360 5392 si
2397 5339 2491 5406 qui
2545 5335 2668 5404 ejus
2701 5340 2977 5385 amatores
3007 5324 3123 5379 ﬁeri
3157 5319 3349 5376 stude-

1384 5538 1779 5597 COMBEFISII
1823 5539 2051 5595 ΝΟΤᾹΞ.

149 5627 276 5710 ΚἾθ]
303 5639 393 5694 γει
419 5645 579 5696 levem
629 5649 841 5710 gustum
883 5639 1213 5710 percepistis.
1254 5636 1670 5710 ’Λκροδακτύλῳ

111 5699 411 5776 “Nosces.
435 5699 776 5766 Allinevillutl
817 5699 1002 5764 Basilii
1035 5699 1090 5762 in
1115 5699 1382 5776 epistolis,
1415 5703 1548 5758 Οἶδα
1578 5699 1669 5758 καὶ

135 5774 272 5843 αὺτδς.
299 5784 347 5835 εἰ
379 5783 474 5837 καὶ
501 5784 655 5850 ἄκρῳ
679 5780 929 5850 δακτύλῳ
958 5779 1051 5832 τοῦ
1082 5774 1416 5846 γλύκυτάτον
1454 5776 1669 5844 μέλιτος

1779 5636 1878 5705 τῆς
1904 5635 2034 5705 παρ’
2084 5631 2554 5705 ὴμῖνυέκκλησίας
2604 5624 3032 5695 ἀπελαυσάμεθα
3096 5621 3343 5705 πέρυιμν.

1779 5694 1939 5778 velut
1970 5694 2185 5778 s'umt'no
2201 5703 2385 5778 tligito
2417 5694 2692 5778 attingens
2725 5694 2957 5774 gustaits
2988 5694 3225 5778 percepi.
3256 5694 3346 5773 ﬁte

1778 5786 1829 5830 et
1858 5775 2161 5831 Jonathasl
2199 5774 2405 5843 Regum
2436 5786 2547 5836 xw,
2582 5771 2783 5839 Ἀκρον
2817 5771 2910 5819 τοῦ
2945 5771 3226 5832 σκήπτρου
3253 5771 3348 5814 ar)-
