3830 6326
37 430 219 496 1Ξ13

1397 433 1481 495 ΙΝ
1513 433 1576 496 S.
1618 432 2038 495 PATAPIUM.

3213 427 3349 495 lﬁu

32 549 360 613 αὔξουσα,
389 547 490 604 Ὧν
547 549 645 620 οὐχ
700 547 896 621 ἑτέραν
941 544 1094 620 οἶμαι
1123 545 1332 601 τούτων
1378 546 1531 616 παρὰ
1560 545 1673 607 τοῖς

1795 545 1848 600 :ii
1879 548 1994 600 viro
2021 543 2301 616 praelatum
2331 543 2398 598 iri
2437 543 2696 610 arbitror,
2729 557 2892 608 quam
2929 543 3166 612 primam
3196 543 3348 598 illam

31 639 426 712 εὐφρονοὼι
455 640 865 714 προκρίνεσθαι,
899 641 932 710 ἢ
985 640 1088 711 τὴν
1128 639 1373 710 πρώτην,
1401 639 1495 691 καὶ
1521 637 1672 708 μίαν,

33 733 156 784 καὶ
206 736 418 806 μόνην,
437 735 531 788 καὶ
552 735 610 786 ἐν
631 735 763 786 πᾶσι
788 733 894 786 τῶν
912 731 1049 786 ὅλων
1076 732 1177 785 ὑπε
1188 732 1538 802 ρανέχοιισαν,
1566 730 1676 800 ὅρῳ

36 839 109 877 τε
153 826 276 878 καὶ
299 826 452 896 λόγῳ
475 829 691 895 φύσεως
719 827 812 880 καὶ
855 825 1138 896 δυνάμεως
1157 841 1172 856 ο
1197 825 1264 895 ἢν
1291 822 1494 894 ἀρετὴν
1520 824 1547 876 6
1569 823 1678 886 πᾶς

39 915 170 981 τῆς
232 916 504 985 ἀληθείας
549 917 840 970 ἐπίσταται
881 916 1061 984 λόγος.
1107 915 1335 986 Ἀρετὴν
1370 913 1429 966 δέ
1472 929 1676 983 φαμεν.

43 1003 173 1068 τὴν
213 1009 408 1060 πάντα
447 1005 570 1060 νοῦν
606 1007 1010 1078 ὑπερέχουσανο
1028 1006 1126 1074 τὴν
1152 1004 1310 1074 οὐσίᾳ
1339 1003 1359 1035 ⁸
1380 1003 1471 1058 καὶ
1498 1003 1642 1073 λόγῳ
1660 1016 1676 1032 ο

52 1097 415 1164 πράγματι,
449 1099 540 1150 καὶ
579 1099 641 1150 οὐ
687 1099 960 1170 φαντασίᾳ
1005 1101 1412 1167 τυγχάνουσαν·
1442 1095 1542 1164 τὴν
1569 1092 1680 1146 τῶν

61 1185 326 1252 ἀγαθῶ-ι
350 1189 443 1240 καὶ⁵
468 1188 738 1258 μεγίστων
766 1189 983 1259 δωρεῶν
1010 1189 1372 1259 ταμιεύτριαν
1397 1203 1410 1216 ·
1441 1184 1540 1255 τὴν
1570 1183 1679 1238 τῶν

67 1277 283 1340 καλῶς
299 1296 325 1330 ε
337 1279 678 1348 ίργασμένων
693 1279 860 1349 ἠθῶν,
880 1281 973 1332 καὶ
989 1280 1226 1349 τρόπων,
1247 1279 1338 1331 καὶ
1359 1278 1488 1347 βίων
1511 1277 1682 1346 ἀκρό-

79 1369 256 1421 πολιν
278 1385 295 1400 ·
332 1370 433 1437 τὴν
458 1370 515 1420 ἐν
603 1370 820 1422 πάντων
844 1369 954 1422 τῶν
987 1371 1286 1423 ἐπαινετῶν
1311 1369 1598 1423 ἀπόκειται
1620 1366 1681 1420 τὸ

84 1459 432 1528 κεφάλαιον·
454 1459 549 1528 τὴν
570 1459 845 1527 ἀκήρατον
871 1459 1153 1528 ἐργασίαν·
1187 1459 1248 1511 τὸ
1279 1458 1473 1511 ἄσυλον
1495 1460 1682 1526 κτῆμα

86 1551 192 1602 καὶ
227 1551 502 1620 πρᾶγμαο
552 1550 650 1620 τὴν
683 1549 917 1618 ἄφθονον
971 1550 1156 1614 δόξαν·
1191 1551 1286 1619 τὴν
1331 1551 1559 1620 ἄπειρον
1588 1546 1680 1600 εὕ-

93 1644 314 1708 κλειαν,
343 1639 412 1714 ἧς
437 1645 625 1714 χωρὶς,
649 1642 742 1696 τὸν
773 1643 904 1696 Θεὸν
930 1644 1059 1697 ἰδεῖν
1092 1644 1283 1697 οὐδένα
1317 1637 1429 1695 οἷόν
1455 1659 1515 1693 τε
1542 1658 1681 1693 παν-

97 1732 271 1796 τελῶς
292 1750 306 1763 ·
335 1729 404 1803 ἦς
434 1733 608 1799 ἐκτὸς,
645 1735 924 1801 στεφάνων
953 1732 1128 1796 οὐδεὶς
1161 1733 1193 1801 ἢ
1224 1717 1384 1800 δόξης
1429 1731 1680 1801 ἠξίωται.

105 1823 254 1896 Αὕτη
285 1825 387 1886 τὰς
415 1825 525 1879 ἀνω
553 1825 819 1895 Δυνάμεις
846 1825 1117 1891 ἐδόξασεν,
1143 1824 1407 1892 ἀγγέλους
1439 1823 1681 1893 ἐκόσμη-

113 1933 238 1980 σεν,
311 1915 708 1987 ἀρχαγγέλους
753 1915 1136 1986 ἐλάμπρυνεν,
1195 1914 1527 1976 ἀποστόλους
1585 1913 1680 1966 καὶ

117 2009 394 2078 προφήτας
427 2007 769 2078 ἐπύρσευσε,
834 2008 1118 2078 μάρτυρας
1175 2008 1539 2075 ἐστεφάνωσε,
1585 2007 1681 2060 καὶ

123 2099 323 2162 πάντας
381 2099 521 2162 τοὺς·
565 2098 946 2169 κτησαμένους
1004 2098 1210 2168 αὐτὴν,
1270 2097 1430 2158 θείων
1481 2097 1680 2168 ἠξίωσε

130 2189 488 2260 χαρισμάτων,
525 2191 620 2243 καὶ
663 2189 909 2260 οὐρανῶν
965 2189 1163 2258 γέγονε
1218 2189 1476 2260 πρόξενος
1527 2189 1686 2260 βασι-

135 2281 287 2346 λείας.

211 2374 356 2428 Ἀλλὰ
391 2377 550 2446 μέχρι
577 2374 740 2439 τίνος,
775 2373 868 2428 καὶ
900 2375 1028 2428 πότε
1069 2375 1196 2436 τοὺς
1223 2373 1428 2445 ταύτης
1461 2373 1688 2443 διαγρά-

148 2482 312 2532 φοντες
341 2465 593 2536 ἐραστὰς,
627 2467 907 2519 Πατάπιον
935 2465 1026 2518 τὸν
1050 2466 1211 2534 σοφὸν
1239 2466 1680 2536 παρατρέχομεν,

147 2557 221 2611 τὸν
264 2558 458 2628 ταύτης
501 2559 1266 2630 ἀκραιφνέστατον’ἐραστὴν
1317 2558 1446 2611 ὄντα
1483 2575 1542 2610 τε
1587 2559 1684 2610 καὶ

148 2651 400 2720 γενόμενον
427 2669 441 2716 ;
465 2644 509 2718 ᾧ
531 2651 625 2704 καὶ
655 2651 836 2715 ζῶντι,
865 2651 1036 2721 ἀρετὴ
1078 2653 1186 2713 πᾶς
1218 2653 1246 2704 6
1272 2649 1385 2720 βίος
1431 2651 1641 2721 ὑπῆρχε
1665 2667 1681 2682 ·

133 2746 224 2796 καὶ
251 2743 470 2808 θανόντι,
503 2743 706 2814 ἀρετῆς
730 2743 1097 2813 ἐμπλέκονται
1129 2743 1406 2810 στέφανοι.
1448 2743 1544 2796 Ὃν
1577 2743 1684 2812 γὰρ

127 2834 318 2902 τρόπον
350 2836 460 2896 τοῖς
488 2836 555 2903 τῇ
587 2833 756 2903 κακίᾳ
797 2835 1061 2903 συζήσασι
1109 2833 1260 2902 μένει
1299 2834 1408 2885 τῶν
1432 2835 1686 2902 ἡμαρτη-

135 2924 352 2994 μένωνὴ
389 2923 630 2986 κόλασις,
661 2923 804 2977 οὓτω
833 2926 928 2976 καὶ
963 2925 1262 2992 μεταστᾶσι
1303 2926 1416 2985 τοῖς
1437 2924 1534 2992 τῆς
1561 2923 1688 2993 ἀρε-

129 3021 228 3088 τῆς
253 3020 528 3089 ἐρασταῖς,
560 3017 671 3070 τῶν
719 3017 898 3069 καλῶν
933 3019 965 3085 ἡ
1015 3017 1281 3078 ἀντίδοσις
1309 3035 1322 3049 ο
1367 3011 1441 3070 ῶν
1485 3016 1556 3069 τὰ
1589 3017 1688 3086 μὲν

131 3113 209 3173 εἰς
238 3112 316 3163 ἀεὶ
336 3111 460 3180 παρ’
489 3105 570 3172 οἷς
594 3110 659 3163 ἂν
685 3109 840 3163 ἔσται
866 3108 1038 3178 φίλον,
1067 3112 1100 3178 ἡ
1149 3110 1340 3179 μνήμη
1370 3110 1689 3180 γεραίρεται

1780 649 2077 704 unamque,
2119 643 2172 688 et
2206 633 2404 697 solam,
2458 647 2688 702 quaeque
2733 641 2787 686 et
2823 647 2890 687 ex
2922 632 3240 687 dellnitione
3295 641 3354 686 et

1780 727 1999 780 ratione
2048 733 2257 778 naturae
2294 723 2644 791 virtutisque,
2679 720 2962 775 universis
2994 720 3198 789 ubique
3216 719 3353 773 emi-

1781 827 1928 881 neat,
1961 806 2125 886 quain
2166 828 2331 870 verus
2389 813 2576 867 omnis
2625 827 2809 867 sermo
2868 812 3122 864 virtutem
3178 811 3350 865 novit.

1781 909 2050 964 Virtutem
2102 913 2289 961 autem
2331 904 2587 968 dicimus,
2633 892 2754 972 quae
2798 909 3099 971 exsuperat
3134 909 3354 953 omnem

1783 1015 2050 1058 sensum:
2098 1013 2240 1067 quae,
2288 996 2533 1064 inquam,
2562 995 2801 1049 essentia
2857 1003 2942 1047 est
2999 999 3053 1045 ct
3109 991 3354 1056 ratione;

1782 1095 1987 1163 reipsa,
2025 1106 2132 1146 non
2167 1090 2314 1144 inani
2347 1079 2604 1156 imagine,
2649 1085 2918 1139 bonorum
2964 1084 3054 1137 illa
3086 1082 3355 1135 maximo-

1784 1200 2014 1254 rumque
2049 1183 2343 1243 donorum,
2375 1193 2566 1246 proma
2598 1177 2772 1232 conda
2813 1189 2829 1229 :
2877 1188 3088 1228 morum
3121 1173 3354 1241 vitaeque

1783 1278 2042 1348 praeclare
2065 1281 2229 1344 gestw
2257 1285 2356 1324 arx
2387 1269 2653 1339 quaedam,
2692 1269 2747 1321 in
2776 1282 2882 1336 qua
2918 1273 3084 1335 caput
3111 1273 3195 1318 est
3233 1265 3352 1317 lau-

1783 1368 2050 1424 dabilium
2083 1365 2327 1417 omnium
2359 1379 2371 1414 :
2403 1375 2540 1430 opus
2566 1359 2900 1420 immortale,
2931 1373 3017 1410 res
3045 1355 3355 1424 possessio-

1783 1475 1890 1530 que
1922 1453 2277 1515 inviolabilis,
2312 1451 2602 1506 abundans
2636 1450 2830 1518 gloria,
2878 1449 3144 1500 immensa
3194 1445 3358 1498 clari-

1785 1558 1890 1609 tas,
1925 1555 2076 1600 extra
2116 1556 2278 1612 quam
2307 1553 2468 1594 nemo
2493 1553 2720 1609 prorsus
2763 1535 2935 1589 Deum
2978 1534 3202 1596 viderit,
3237 1533 3356 1586 sine

1783 1656 1888 1710 qua
1941 1653 2104 1691 nemo
2169 1647 2404 1689 coronas
2460 1632 2764 1701 gloriamve
2843 1626 3166 1695 promeruit.
3227 1623 3356 1678 Haec

1786 1743 2056 1799 supernas
2106 1725 2354 1780 Virtutes
2383 1723 2551 1777 'auxit
2603 1720 2798 1790 gloria,
2835 1717 3055 1773 ornavit
3111 1715 3357 1788 angelos,

1787 1819 2153 1889 archangelos
2186 1811 2434 1870 illustres
2458 1812 2610 1877 fecit,
2641 1811 2921 1881 apostolos
2953 1808 3362 1879 prophetasque

1790 1929 1888 1968 ceu
1942 1911 2090 1965 faces
2135 1906 2339 1961 mundo
2393 1903 2667 1963 accendit.
2720 1912 2990 1971 martyres
3051 1899 3357 1960 coronavit,

1790 2017 2092 2071 omnesque
2116 2015 2235 2054 eam
2270 1997 2502 2066 adeptos
2533 1994 2738 2048 divinis
2779 1991 3133 2047 charismatis
3164 1989 3361 2060 dignos

1793 2099 1942 2163 fecit,
1971 2096 2161 2166 eisque
2190 2091 2342 2164 regni
2380 2088 2648 2144 ccelorum
2683 2083 3026 2139 conciliatrix
3059 2082 3182 2136 fuit.

1860 2388 2176 2448 Enimvero,
2208 2376 2453 2450 quandiu
2489 2372 2857 2432 describendo
2898 2367 3118 2423 virtutis
3151 2369 3362 2437 amato.-

1793 2493 1902 2544 res,
1941 2475 2242 2544 sapientem
2277 2467 2566 2538 Patapium
2601 2472 2886 2534 praetereo,
2916 2459 3012 2530 qui
3047 2457 3140 2520 sit,
3170 2453 3364 2509 fuerit-

1792 2587 1898 2642 que
1925 2565 2147 2623 virtutis
2195 2570 2406 2617 amator
2451 2553 2906 2615 sincerissimus?
2951 2550 3038 2605 cui
3085 2557 3138 2603 et
3181 2545 3363 2616 agenti

1794 2664 1848 2718 in
1886 2661 2050 2726 vivis,
2085 2659 2194 2713 vita
2255 2661 2368 2709 tota
2400 2655 2576 2707 virtus
2629 2649 2834 2712 fuerit;
2883 2660 2948 2700 ac
2997 2645 3084 2698 cui
3125 2650 3362 2704 mortuo,

1794 2751 2104 2817 plectantur
2145 2751 2290 2798 serta
2317 2741 2559 2795 virtutis.
2607 2738 2727 2804 Quo
2768 2735 2914 2791 enim
2949 2733 3113 2786 modo
3146 2745 3242 2785 eos
3270 2731 3366 2799 qui

1794 2842 1962 2896 vitam
1993 2837 2190 2892 vitiose
2225 2842 2474 2904 egerunt,
2525 2839 2708 2884 manet
2737 2825 3168 2882 commissorum
3203 2821 3366 2890 puli-

1795 2937 1896 3000 tio,
1931 2934 2005 2988 ita
2039 2939 2092 2986 et
2122 2930 2324 2984 sreculo
2358 2926 2656 2994 migrantes
2683 2929 2959 2974 amatores
2989 2917 3230 2979 virtutis,
3270 2913 3368 2968 bo-

1797 3042 1992 3082 norum
2034 3029 2216 3078 manet
2251 3017 2574 3077 retributio;
2605 3028 2668 3068 ac
2698 3012 2932 3065 aliorum
2987 3007 3206 3076 quidem
3251 3020 3366 3058 me-

1798 3121 1994 3182 moria,
2038 3115 2179 3185 apud
2231 3127 2328 3166 eos
2364 3109 2458 3176 qui
2495 3103 2790 3160 habuerint
2824 3108 3062 3170 gratum,
3099 3103 3368 3166 perpetua

133 3205 222 3254 καὶ
251 3203 528 3266 σεὸἁζεται
550 3219 564 3234 ο
592 3203 701 3256 τῶν
739 3203 815 3265 δέ,
847 3203 992 3274 βυθῷ
1029 3204 1456 3273 παραπέμπεται
1495 3203 1688 3272 λήθης,

1802 3211 1994 3268 honori
2054 3223 2118 3262 ac
2177 3201 2521 3260 venerationi
2598 3193 3138 3260 habetur;aliorum
3184 3197 3367 3241 autem

137 3296 372 3349 κάκεῖθεν
399 3293 556 3359 αὖθις
593 3296 766 3366 πυρὸς
785 3295 1166 3362 διαιωνίζουσα
1203 3297 1569 3367 παραδέχεται
1599 3299 1692 3350 κό-
1726 3359 1738 3368 ί

137 3386 298 3450 λααις.

203 3471 357 3542 Οὗτος
380 3477 668 3548 τοιγαροῦν
697 3479 725 3530 6
755 3477 925 3547 μέγας
966 3477 1266 3540 Πατὰπιος,
1299 3479 1328 3530 6
1355 3476 1491 3530 Θεοῦ
1530 3476 1694 3541 θερά-

147 3587 248 3621 πων
271 3571 505 3640 γνήσιος,
529 3569 627 3638 τῆς
677 3575 820 3622 κατὰ
845 3570 948 3634 ξτὸν
973 3569 1086 3638 βίον
1121 3571 1414 3638 ἀναγωγῆς
1438 3571 1536 3639 τὴν
1564 3571 1694 3640 ἀρε-

148 3660 230 3727 τὴν
249 3663 462 3730 μητέρα
493 3661 859 3731 κτησάμενος,
910 3663 1112 3731 τροφόν
1140 3677 1199 3714 τε
1249 3660 1387 3730 ὁμοῦ
1420 3661 1512 3713 καὶ
1544 3661 1694 3714 6:652—

152 3751 310 3821 ραλον,
349 3757 424 3816 είς
461 3755 638 3822 ἄκραν
668 3753 874 3823 ταύτης
927 3752 1130 3821 ἤλασεν
1161 3753 1472 3822 ἐπιστήμην
1499 3769 1511 3780 ·
1537 3753 1569 3822 ἦ
1603 3753 1695 3804 καὶ

147 3843 284 3895 τοῦτο
311 3846 440 3914 πρὸς
492 3844 773 3915 ὡραϊσμόν
835 3861 895 3896 τε
953 3843 1045 3896 καὶ
1091 3844 1565 3914 περιφανεστάτην
1601 3843 1694 3895 εύ-

149 3935 408 4000 πρέπειαν,
438 3937 536 4007 τῆς
563 3938 704 3990 κατὰ
725 3935 960 4007 Χριστὸν
987 3934 1151 3988 αὑτοῦ
1203 3934 1414 4001 πέφυκε
1445 3932 1694 4001 γίνεσθαι

149 4024 412 4091 πολιτείας,
436 4029 572 4099 ὅπερ
601 4029 714 4090 τοῖς
741 4025 1053 4096 ζωγράφοις
1097 4025 1166 4078 τὰ
1196 4023 1485 4095 χρώματα,
1526 4023 1593 4078 δι’
1621 4016 1695 4077 ὦν

148 4115 199 4168 τὸ
235 4118 579 4189 ὑποκείμενον
646 4119 1000 4188 ἀποσκίασμα
1058 4118 1323 4188 τεχνικῶς
1397 4117 1696 4188 καταχρώ-

153 4223 315 4276 ρουσι,
361 4212 561 4282 στήλην
602 4209 792 4282 ὥσπερ
821 4210 942 4264 τινὰ
980 4211 1204 4279 λογικὴν
1241 4211 1340 4280 τὴν
1381 4209 1692 4280 διαγραφὴν

149 4296 570 4368 ἀποδεικνύντες,
636 4301 731 4354 καὶ
785 4301 852 4370 τῇ
917 4297 1187 4351 πολυειδεῖ
1228 4296 1336 4349 τῶν
1385 4297 1696 4366 χρωμάτων

149 4387 362 4463 εύχροία,
392 4392 490 4456 τὰς
525 4392 739 4463 μορφὰς
765 4391 858 4445 τοῦ
885 4391 1025 4456 ζώου
1049 4389 1412 4452 ποικίλαντες,
1446 4391 1697 4459 ἐναργεῖς

146 4485 253 4548 τοὺς
278 4489 627 4558 χαρακτῆρας
683 4486 1030 4558 ἐμφαίνουσι.
1077 4485 1219 4555 Πρὸς
1250 4485 1307 4537 δέ
1349 4484 1579 4548 τούτοις,
1611 4484 1691 4537 ἔτι

1797 3299 2093 3359 oblivionis
2121 3291 2395 3366 profundo
2414 3288 2673 3348 traditur,
2699 3284 2960 3352 illincque
2991 3295 3183 3334 rursus
3207 3284 3370 3331 teter-

1795 3411 1866 3452 na
1897 3393 2038 3464 ignis
2077 3387 2363 3460 punitione
2396 3378 2695 3447 excipitur.

1867 3458 2094 3548 magnus
2134 3479 2318 3545 itaque
2344 3480 2531 3526 noster
2555 3467 2645 3519 hic
2695 3463 2976 3532 Patapius,
3004 3475 3165 3515 verus
3194 3458 3372 3512 famu—

1791 3577 1881 3630 lus
1933 3573 2045 3637 Dei,
2091 3570 2185 3640 qui
2223 3569 2333 3622 vita
2386 3559 2752 3620 instituenda,
2800 3557 3061 3608 virtutem
3119 3550 3372 3606 habuerit

1796 3673 2049 3728 matrem,
2103 3660 2487 3725 nutricemque
2543 3651 2748 3722 pariter
2805 3657 2862 3701 et
2925 3641 3371 3716 magistram,“

1798 3769 2070 3812 summam
2107 3753 2227 3821 ejus
2251 3749 2538 3804 scientiam
2571 3743 2823 3816 pervenit
2856 3758 2870 3794 :
2914 3738 3020 3793 nisi
3053 3745 3105 3790 et
3133 3735 3371 3802 idipsurn

1798 3850 1864 3904 ad
1911 3853 2252 3903 venustatem
2313 3839 2866 3904 illnstrissimumque
2917 3831 3168 3885 decorem
3201 3824 3374 3878 Chri—

1799 3942 1990 3998 stianae
2030 3933 2469 3992 conversationis
2505 3930 2668 3983 habet
2705 3925 2978 3983 conferre,
3020 3917 3167 3988 quod
3215 3915 3370 3968 co|0<

1798 4051 1888 4090 res
1920 4029 2248 4102 pictoribus,
2279 4025 2482 4095 quibus
2513 4019 2821 4088 subiectam
2850 4010 3271 4068 delineationem
3299 4021 3368 4059 ex

1797 4134 1917 4180 arte
1945 4121 2300 4194 perlinentes,
2325 4115 2474 4170 velut
2494 4113 2688 4168 stelem
2718 4107 3008 4179 quamdam
3033 4102 3396 4157 columnam-'

1797 4233 1904 4287 que
1948 4187 2240 4280 inscriptis
2280 4205 2480 4261 litteris
2535 4203 2892 4270 loquentem,
2945 4195 3216 4264 picturam
3263 4187 3375 4242 em-

1797 4279 1951 4364 ciunt
1987 4297 2602 4379 (79),multimodisque
2636 4293 2884 4346 colorum
2926 4285 3226 4355 leporibus,
3253 4279 3374 4332 ani-

1797 4400 1958 4455 malis
1985 4374 2270 4453 variantes
2306 4389 2562 4451 l'ormam,
2607 4382 2938 4454 perspicuos
2984 4378 3136 4432 illius
3172 4374 3369 4427 chara.

1797 4501 1974 4546 cteres
2007 4496 2063 4544 et
2097 4494 2254 4541 notas
2306 4479 2639 4549 exprimunt.
2687 4474 2953 4527 Praeterea
3000 4483 3149 4528 vero,
3193 4463 3374 4516 adhuc

145 4576 225 4627 καὶ
475 4554 562 4632 ἐπ’
589 4554 734 4648 αὐτῷ
766 4554 920 4644 τάξιν
965 4554 1244 4645 φυλάττει,
1275 4575 1537 4645 μητρῴης
1591 4576 1688 4627 αύ-

1803 4582 1963 4638 etiani
1989 4575 2255 4633 maternis
2279 4569 2538 4624 erudiens
2568 4564 2808 4635 legibus,
2849 4559 3042 4613 matris
3067 4561 3122 4609 in
3150 4569 3214 4606 eo
3243 4566 3375 4620 par-
3449 4562 3451 4564 ·

145 4663 225 4717 τὸν
250 4668 646 4722 ἐκπαιδεύουσα
697 4669 906 4740 νόμοις.
944 4671 1295 4738 Πνευματικῇ
1346 4670 1455 4738 γὰρ
1505 4667 1696 4721 τοῦτον

145 4752 306 4830 λοχεία
330 4762 659 4830 γεννήσασα,
700 4743 960 4832 μυστικὸν
1013 4761 1200 4830 ὥσπερ
1253 4761 1316 4813 ἐκ
1351 4777 1494 4824 τινος
1526 4760 1697 4831 θηλῆς

144 4845 338 4905 intime
368 4853 507 4920 γάλα
528 4869 540 4882 ·
583 4853 882 4908 κάντεῦθεν
938 4849 1027 4908 οἷα
1061 4856 1289 4926 στερεὰν
1328 4854 1554 4925 τροφὴν,
1585 4855 1694 4908 τῶν

1805 4683 1885 4726 tes
1930 4669 2168 4723 exhibet.
2236 4657 2483 4729 Spiritali
2537 4654 2684 4708 enim
2752 4649 2961 4706 editum
3021 4653 3213 4715 partu,
3273 4654 3372 4694 ceu

1805 4763 1973 4816 ubere
2003 4757 2238 4828 quodam
2275 4751 2511 4824 mystico
2547 4747 2688 4801 lacte
2723 4740 2960 4812 putavit;
2993 4735 3233 4803 indeque
3273 4745 3374 4784 ceu

1803 4853 2034 4909 solidam
2090 4861 2296 4908 escam,
2351 4843 2667 4897 divinorum
2741 4845 3033 4890 sensorum
3088 4824 3375 4884 scientiam

1407 4969 1645 5075 vanus
1670 5007 2084 5077 caenosas.

201 5076 221 5108 ⁸
254 5076 323 5130 ia.
355 5077 504 5131 λείπ.
527 5079 612 5130 ού.

1436 5210 1830 5273 COMBEFISII
1867 5211 2101 5269 NOTAE.

203 5357 302 5425 (79)
342 5357 495 5411 Velut
558 5361 740 5412 stelem
797 5358 1082 5426 quamdam
1146 5359 1547 5424 columnamque
1597 5338 1694 5408 ’ξη-

143 5429 337 5498 gcriptis
373 5429 563 5481 litteris
590 5429 904 5498 loquentem,
952 5430 1236 5498 picturam
1265 5427 1510 5498 efﬁciant,
1553 5427 1693 5498 Στή-

143 5495 462 5582 ληνίῶσπξρ
509 5495 1073 5582 τινὰλλογικὴνιίτην
1115 5495 1426 5565 διαγραφὴν
1481 5495 1695 5582 ἀποδει-

145 5566 469 5648 κνύντεςτυυι
501 5569 574 5647 sit
611 5566 948 5648 _p'i_ctura_ad
988 5568 1172 5648 vivum
1221 5567 1695 5648 expressa_,_ve|ut

145 5637 322 5692 titulus
353 5636 554 5690 litteris
593 5636 955 5698 deformatus,
1005 5637 1372 5703 omnibusque
1415 5637 1481 5688 ad
1515 5636 1693 5702 legen-

147 5707 265 5788 dum.
287 5708 768 5788 objectusteisque
802 5707 1217 5788 velutloquens,
1237 5719 1343 5788 qua
1374 5703 1700 5784 paraphrasi

147 5773 463 5858 explicemus
521 5777 629 5858 vi‘tn
671 5773 831 5858 illius
873 5773 1282 5856 νοοίείλογικήί,
1329 5776 1489 5838 cujus
1518 5773 1702 5853 varius

150 5841 336 5902 caecis
379 5862 532 5902 usus.
554 5845 646 5901 Est
671 5849 786 5902 haec
816 5847 957 5902 ratio
983 5841 1292 5917 potisSimin,
1320 5859 1419 5898 cur
1439 5843 1704 5914 imagines

1803 5367 1974 5410 sacrae
2003 5348 2204 5404 fuerint
2232 5350 2486 5414 receptae,
2537 5354 2710 5409 eoque
2757 5339 2846 5414 ita
2874 5329 3379 5414 componen‘r‘ifebt

1803 5397 2058 5496 Biéié'iem
2117 5397 2346 5470 tantum
2363 5397 2678 5496 formantur,
2701 5408 2848 5496 et_ad
2885 5397 3041 5496 eam}-

1800 5475 2224 5550 trat'sanctorum,
2279 5475 2572 5551 rerumque
2633 5485 2819 5551 sancte
2849 5476 2918 5528 ab
2963 5475 3044 5528 eis
3073 5477 3376 5547 gestarum,

1801 5543 2090 5619 ééu'lanhm
2156 5543 3208 5619 divinorumbeneﬁcio-rumJnemoria
3246 5552 3409 5619 pro--

2118 5608 2362 5698 quaide
2403 5637 2464 5698 re
2518 5616 2866 5698 sanctissime
2911 5611 3062 5698 Trid.
3113 5608 3378 5698 sgn‘odn's.

1805 5674 2097 5762 QSQQI'EW,
2124 5674 2274 5751 decr.
2293 5674 2378 5746 Fc
2404 5674 3214 5762 ίιᾶυοεαι-ίοηελυεῃεναιίοηε,ἐι
3251 5674 3378 5729 reit-

1968 5754 2299 5832 sanetorum,
2335 5772 2382 5817 et
2405 5761 2576 5815 sacris
2606 5754 2948 5825 imaginibus.
