3830 6326
65 335 266 400 1217
1476 351 1560 415 IN
1601 353 1661 412 s.
1703 352 2115 444 PATAPIUM.
3279 364 3418 437 1213

63 466 310 520 σομαι
377 459 483 510 καὶ
534 457 790 528 πατρίδος
843 457 1248 530 ἐπιμνησθῆναι
1280 460 1380 530 τῆς
1423 465 1595 526 κάτω,
1647 462 1714 516 τὰ

1847 473 2123 531 astruant,
2173 465 2418 522 conabor
2471 468 2636 524 etiam
2689 475 2925 527 terrenae
2979 472 3170 544 patriae
3220 480 3416 535 memi-

59 543 194 596 ὲκε
211 545 386 600 ἰνων
438 550 678 620 ἀναιρῶν
708 550 1070 614 ἐθελοκάκους
1094 552 1431 622 ἐρεσχελίας.
1472 553 1718 624 Ἐπιμεμη

1847 554 2022 618 uisse,
2055 569 2164 623 quo
2213 555 2455 622 maligna
2497 571 2691 611 eorum
2741 543 3080 617 irritamenta
3133 581 3419 638 nugasque

62 633 335 701 gata-9a.)
375 639 440 694 δέ
475 658 558 705 τις
588 641 801 705 τούτοις
841 643 1128 713 μηδαμῶςο
1154 643 1423 696 σκοπείτω
1447 645 1505 698 δὲ
1545 645 1718 715 μᾶλλο

1844 645 2150 699 destruam.
2187 647 2262 702 Ne
2297 648 2422 718 quis
2472 664 2606 704 vero
2647 650 2750 706 ista
2786 654 3184 724 vituperaverit
3255 633 3414 730 cogi-

61 731 229 794 πᾶς
290 735 464 797 ὅστις
521 736 579 787 ὲν
621 735 752 805 ὑμῖν
785 737 1080 807 φιλοῒστωρ
1116 735 1442 805 καθέστηκε,
1481 737 1576 790 καὶ
1624 737 1718 790 λίαπ

1843 744 1919 790 tet
1948 751 2100 802 vero,
2133 739 2182 792 si
2230 740 2353 808 quis
2385 740 2531 794 inter
2576 754 2674 796 vos
2722 743 2970 798 discendi
3019 747 3257 815 cupidus
3304 757 3414 814 est,

66 822 434 894 εὔκρινῶς
463 827 756 880 ἐπιστείτω
789 828 830 858 ¹¹
877 831 944 900 τῇ
993 829 1204 900 διανοίᾳ
1255 829 1364 881 τῶν
1410 829 1739 900 λεγομένων.

67 910 546 986 Σπουδάσομαι
566 918 695 988 γὰρ,
715 919 816 986 ὅση
837 917 1088 988 δύναμις,
1108 920 1264 990 δίκην
1289 920 1432 982 τινὸς
1457 919 1739 991 διαλλήλου

75 1001 376 1070 δείξεώς
411 1024 474 1061 τε
517 1009 610 1060 καὶ
655 1009 1006 1073 ἀντιθέσεως,
1054 1011 1236 1080 διττὴν
1282 1010 1446 1064 αὐτοῦ
1485 1011 1584 1082 τὴν
1630 1028 1738 1064 πα-

83 1097 330 1166 τρίδα,
368 1102 486 1162 τοῖς
521 1100 834 1168 φιλοκάλοις
883 1102 1012 1171 ὑμῖν
1046 1102 1346 1166 ὑποδεῖξαι·
1397 1104 1494 1172 τὴν
1547 1103 1644 1173 μὲν
1675 1106 1739 1157 ὲκ

91 1187 264 1255 γῆς,
301 1193 414 1242 καὶ
443 1194 526 1253 εἰς
554 1193 660 1260 γῆν
686 1195 786 1260 τὴν
816 1194 1032 1260 γένεσιν
1057 1195 1151 1247 καὶ
1180 1194 1276 1263 τὴν
1311 1193 1556 1248 διάλυσιν
1586 1195 1739 1264 ἔχου-

109 1294 260 1332 σαν·
293 1282 410 1351 τὴν
434 1282 514 1347 δὲ,
548 1282 607 1348 ἐξ
636 1285 891 1355 οὐρανοῦ,
932 1285 1027 1338 καὶ
1055 1285 1292 1350 αίώνιον,
1330 1285 1424 1338 καὶ
1453 1286 1604 1349 τέλος
1635 1288 1736 1341 οὐκ

1841 922 2112 976 intendat.
2159 923 2416 978 Conabor
2460 926 2630 993 enim,
2684 937 2890 997 quanta
2943 929 3108 987 fuerit
3152 933 3414 1001 facultas,

1839 1026 1937 1066 ceu
1961 1029 2026 1065 ex
2051 1013 2286 1068 adverso
2321 1017 2727 1080 contendendo,
2763 1032 2826 1072 ac
2853 1021 3102 1088 opposita
3127 1036 3414 1094 compara-

1837 1107 2010 1168 tiouc,
2075 1107 2349 1174 duplicem
2429 1107 2552 1176 ejus
2619 1110 2852 1177 patriam
2922 1113 3190 1169 studiosis
3254 1115 3416 1170 vobis

1838 1196 2173 1251 ostendere:
2211 1199 2440 1251 alteram
2479 1198 2700 1268 quidem
2754 1201 2918 1268 cujus
2975 1212 3132 1258 ortus
3178 1218 3209 1258 ο
3263 1213 3412 1260 terra

1837 1285 1932 1348 sit,
1953 1286 2429 1356 dissolutioquein
2460 1296 2699 1356 terram;
2723 1291 2951 1344 alteram
2982 1300 3162 1346 autem
3184 1308 3214 1348 e
3243 1296 3407 1362 coelo,

1842 843 2175 900 sensumque
2222 833 2580 886 dicendorum
2617 841 2732 888 tota
2771 835 3110 894 discretione
3169 842 3413 897 animum
3513 888 3522 904 ,

121 1370 405 1440 ἔχουσαν.
439 1367 541 1424 Ὧν
575 1375 673 1440 τὴν
708 1375 788 1436 είς
827 1373 888 1427 τὸ
935 1379 1182 1446 κρεῖττον
1216 1377 1497 1448 ὲκνίκησιν
1539 1381 1600 1431 ἐκ
1634 1396 1733 1431 πε-

27 1464 32 1468 ’
131 1464 401 1529 ριουσίας
443 1461 659 1532 θατέρῳ
704 1465 1061 1534 προσάψομεν
1107 1465 1216 1519 τῶν
1249 1469 1453 1538 μερῶν.
1495 1470 1570 1522 Οὐ
1625 1470 1732 1542 γὰρ

133 1555 441 1609 ισοστὰσια
474 1557 667 1619 ταῦτα,
707 1559 827 1610 οὐδὲ
853 1559 1094 1628 ὀμότιμα
1135 1561 1276 1629 μετὰ
1304 1561 1402 1631 τὴν
1426 1562 1602 1628 ἀξίανο
1648 1564 1730 1616 ὃτι

133 1647 283 1715 μηδὲ
333 1647 438 1716 τῆς
475 1649 650 1718 αὐτῆς
683 1651 968 1720 ἐνεργείας
1004 1651 1099 1704 καὶ
1132 1652 1374 1723 χάριτος.
1421 1651 1547 1706 Ἐπὶ
1579 1653 1634 1707 δὲ
1667 1655 1730 1708 τὸ

133 1738 518 1806 προκείμενον
546 1739 956 1810 ἐπανέλθωμεν.

1834 1387 2204 1448 aeternamque
2233 1395 2296 1431 ac
2325 1379 2688 1434 immortalem
2714 1399 2727 1447 ;
2762 1383 2990 1438 alterius
3046 1399 3267 1454 quoque
3297 1401 3411 1454 prae

1835 1470 2007 1524 altera
2040 1471 2092 1522 in
2130 1469 2325 1523 melius
2355 1471 2610 1535 victoria,
2669 1473 2807 1541 parti
2868 1473 3048 1538 alteri,
3101 1490 3167 1528 ex
3225 1475 3410 1530 abun-

1832 1560 1982 1615 danti
2021 1575 2253 1616 annexa.
2281 1561 2402 1616 Non
2436 1562 2580 1622 enim
2614 1563 2861 1631 ejusdem
2895 1575 3024 1618 sunt
3055 1566 3288 1622 rationis
3313 1576 3410 1620 aut.

1832 1653 2025 1722 aequali
2057 1652 2346 1722 dignitate,
2375 1655 2599 1722 quando
2631 1669 2731 1708 uec
2759 1655 2906 1722 paris
2923 1655 3182 1711 ellicaciae
3209 1671 3269 1710 ac
3285 1672 3415 1728 gra-

1833 1743 1941 1797 tiae.
1979 1742 2183 1796 Verum
2212 1751 2554 1798 revertamur
2589 1744 2656 1798 ad
2689 1747 3050 1814 propositum.

208 1826 427 1879 Τοῦτον
450 1829 632 1881 τοίνυν
664 1830 756 1883 τὸν
797 1833 854 1882 ὲν
883 1831 1058 1898 ἁγίοις
1094 1832 1394 1897 Πατάπιον,
1427 1833 1601 1904 θῆϐαι
1631 1835 1718 1904 μὲν

1907 1835 2172 1889 Sanctum
2227 1849 2381 1904 ergo,
2447 1852 2612 1904 quem
2666 1810 3032 1899 celebramus,
3091 1837 3406 1911 Patapium,

131 1919 200 1970 τὸ
234 1921 383 1972 κατὰ
421 1921 604 1991 σάρκα
628 1923 992 1993 τετόκασινοὴ
1029 1923 1086 1976 δὲ
1115 1923 1270 1995 κοινὴ
1299 1925 1515 1978 πάντων
1545 1927 1730 1996 μήτηρ

133 2011 305 2080 ἡμῶν
343 2013 723 2085 κολυμϐήθρα,
751 2016 812 2067 τὸ
838 2015 1114 2086 δεύτερον.
1152 2011 1272 2078 Ὦν,
1298 2017 1398 2080 τὰς
1433 2018 1530 2088 μὲν
1562 2019 1731 2086 Λίγυ-

135 2121 283 2166 πτος
317 2106 494 2176 αὐχεῖ,
525 2107 618 2160 καὶ
644 2108 836 2159 Νεῖλον
866 2107 1012 2178 ἔχειν
1044 2108 1137 2160 τὸν
1165 2111 1545 2181 καρποτρόφον
1579 2127 1731 2164 συνο-

140 2197 390 2267 μόῥρους
425 2199 520 2251 καὶ
558 2198 828 2266 γείτονας,
867 2199 1025 2264 δόξαν
1055 2217 1112 2252 τε
1154 2202 1472 2270 χαμαιπετῆ
1509 2203 1604 2255 καὶ
1632 2220 1730 2272 χα-

141 2289 440 2359 μαίζηλον·
472 2291 573 2358 τὴν
601 2291 658 2342 δὲ
692 2290 786 2343 τοῦ
825 2291 958 2344 Θεοῦ
1008 2291 1075 2343 τὰ
1115 2290 1382 2362 βασίλεια,
1419 2294 1563 2364 ζωῆς
1591 2296 1729 2348 ἀθα-

135 2380 331 2442 νάτου,
363 2381 458 2433 καὶ
513 2380 749 2434 πλούτου
784 2383 1006 2448 παντὸς,
1051 2386 1144 2436 καὶ
1193 2384 1348 2453 δόξης
1379 2386 1726 2456 ὲμπὸρευμαο

138 2472 248 2523 καὶ
279 2471 424 2540 μάλα
449 2488 511 2539 γε
563 2473 810 2534 είκότως.
855 2472 918 2524 Ἥ
970 2473 1067 2542 μὲν
1092 2474 1220 2542 γὰρ,
1251 2473 1456 2544 ταύτην
1493 2473 1730 2526 ἀπολλυ-

141 2562 320 2632 μένην
349 2561 552 2633 βρῶσιν
584 2563 867 2616 πιαίνοντα
920 2563 1156 2616 εὐθύνει·
1208 2565 1241 2632 ἡ
1291 2564 1368 2628 δὲ,
1401 2561 1502 2634 τὴν
1554 2566 1729 2618 εἰσαεὶ

133 2653 574 2722 παραμένουσαν
602 2654 710 2707 τῶν
741 2654 964 2722 ἀγαθῶν
991 2655 1254 2726 χορηγίαν
1276 2657 1616 2728 καρποδοτεί.
1663 2658 1728 2711 Ἢ

119 2744 256 2812 -μέν
300 2746 514 2812 ἀδοξίας
544 2747 724 2811 δόξαν,
761 2749 854 2799 καὶ
901 2747 1119 2817 σαρκῶν
1169 2748 1511 2816 ὑπισχνεῖται
1559 2750 1730 2820 παχύ-

143 2851 313 2902 τητα·
337 2837 464 2906 ἡδὲ,
489 2837 650 2902 δόξαν
674 2839 1047 2903 ἀνέκλειπτον,
1072 2840 1165 2892 καὶ
1191 2839 1423 2910 Θεωρίαν
1459 2841 1726 2912 μυστικὴν

138 2926 566 2994 ἐπαγγέλλεται.
612 2928 676 2980 Ἦ
709 2927 828 2996 μὲν,
847 2921 1073 2998 χρυσίου
1103 2929 1197 2982 καὶ
1223 2929 1385 2982 λίθων
1418 2931 1724 2984 πολυτελῶν

137 3018 351 3083 γίνεται
398 3020 660 3090 πάροχος·
693 3021 725 3088 ἡ
759 3019 836 3084 δὲ,
894 3020 1004 3071 τῶν
1045 3021 1462 3091 ἡτοιμασμένων
1501 3021 1723 3088 ἀγαθῶν

139 3110 251 3169 τοῖς
287 3107 456 3173 ἀξίοις
517 3109 614 3160 τοῦ
669 3108 1008 3179 Πνεύματος,
1069 3109 1393 3163 καθίσταται
1441 3111 1716 3180 πρόξενος.
1749 3140 1792 3198 c

75 3245 84 3250 .
143 3199 254 3250 Kal.
283 3199 336 3250 τί
376 3201 456 3252 δεῖ
489 3199 883 3270 μακρολογεῖν;
931 3201 1228 3268 Αἴγυπτος,
1283 3203 1316 3271 ή
1355 3201 1452 3271 μὲν
1486 3202 1722 3273 ὑπάρχει

147 3290 238 3341 ’καὶ
266 3291 507 3358 λέγεται·
541 3293 575 3360 ἡ
601 3292 676 3354 δὲ,
715 3291 1074 3362 κολυμϐήθρα
1101 3293 1219 3344 ἐστὶ
1250 3295 1346 3345 καὶ
1367 3294 1718 3363 ὀνομάζεται.

165 3380 292 3432 Ἀλλ’
323 3383 530 3452 ἐκείνη,
562 3384 792 3445 σκότους
819 3385 912 3436 καὶ
937 3383 1101 3451 ζόφου
1133 3385 1446 3456 γεννήτριω
1475 3385 1613 3455 αὕτη
1641 3387 1719 3449 δὲ,

152 3473 319 3536 φωτὸς
339 3474 504 3527 ὰῢλου
528 3473 842 3544 λοχεύτρια.
873 3474 1091 3542 Ἐκείνη
1118 3475 1475 3543 πταισμάτων
1499 3475 1718 3544 τροφὸς,

146 3564 282 3634 αὕτη
314 3566 700 3632 δικαιωμάτων
723 3566 984 3635 χορηγός·
1031 3565 1214 3634 ἐκείνη
1245 3564 1477 3618 θανάτου
1505 3565 1718 3635 ὁδηγὸς,

149 3654 282 3724 αὕτη
333 3657 475 3726 ζωῆς
518 3656 793 3708 ἀθανάτου
841 3657 1204 3727 χειραγωγός.
1259 3656 1472 3726 Ἐκείνη
1531 3656 1720 3708 παθῶν

151 3743 496 3816 δημιουργὸς,
557 3746 698 3817 αὕτη
751 3746 1021 3809 ἀπαθείας
1079 3747 1449 3814 παιδαγωγός.
1505 3746 1718 3818 Ἐκείνη

151 3833 320 3905 λύπης
356 3840 580 3909 χωρίον,
617 3838 756 3908 αὓτη
785 3841 962 3909 χαρᾶς
984 3837 1484 3908 ταμιεῖον.Ἑκείνη
1523 3839 1720 3902 κακίας

157 3930 410 3980 σκοτεινὸν
434 3931 775 4001 οἰκητήριον,
811 3929 954 3999 αὕτη
983 3929 1244 3998 φωτεινδν
1263 3929 1464 4000 ἀρετῆς
1497 3931 1719 4002 οἰκητή-

162 4033 284 4085 ριον.
324 4019 407 4085 Ἐξ
436 4021 654 4090 ἐκείνης
691 4015 806 4083 οὖν,
843 4019 920 4082 ὡς
949 4019 1181 4089 ἔφαμεν,
1211 4021 1239 4072 ὁ
1272 4022 1538 4091 μακάριος
1559 4016 1717 4085 οὗτος

163 4107 222 4159 τὸ
256 4111 388 4164 κατὰ
439 4113 622 4182 σάρκα
661 4113 952 4182 κατήγετο·
987 4115 1052 4165 ὲκ
1114 4113 1170 4165 δὲ
1221 4113 1424 4183 ταύτης
1470 4113 1532 4166 τὸ
1575 4114 1716 4168 κατὰ

168 4200 359 4270 πνεῦμα
393 4205 784 4274 πνευματικῶς
803 4209 1196 4278 ἐχρημάτισεν.

1833 1927 1978 1997 quod
2015 1925 2236 1995 quidem
2273 1933 2490 1996 spectat
2543 1925 2611 1979 ad
2675 1941 2899 1981 carnem
2955 1926 3155 1983 Thebae
3204 1945 3413 1999 genue-

1831 2029 1959 2073 runt
1993 2017 2134 2086 (8‘2);
2175 2017 2319 2086 quod
2358 2026 2540 2071 autem
2591 2017 2657 2070 ad
2688 2017 2987 2071 secundam
3033 2019 3179 2072 illam
3212 2020 3409 2076 nativi-

1829 2115 2018 2168 tatem,
2046 2105 2240 2175 genuit
2271 2106 2508 2174 piscina,
2541 2109 2852 2162 communis
2878 2109 3120 2162 omnium
3155 2119 3405 2165 nostrum

1831 2205 2026 2249 mater.
2068 2197 2194 2249 Illas
2225 2197 2446 2266 quidem
2473 2196 2579 2250 Nili
2607 2197 2827 2267 frugum
2863 2199 3062 2254 altoris
3093 2199 3406 2258 conﬂuente

1831 2287 2035 2341 habere
2067 2287 2338 2356 gloriatur
2385 2287 2656 2358 Egyptus
2680 2330 2695 2355 ,
2729 2290 2892 2360 eique
2922 2291 3154 2352 vicinas,
3208 2293 3403 2348 humili

1829 2380 2020 2447 utique
2053 2379 2234 2448 gloria
2281 2379 2616 2449 abjcctaque
2646 2398 2661 2433 :
2689 2381 2832 2434 hanc
2857 2389 3058 2445 autem,
3091 2383 3218 2436 coeli
3255 2385 3402 2455 regia

1829 2467 2165 2538 gratulatur,
2215 2465 2546 2522 immortalis
2577 2469 2738 2538 plane
2783 2469 2926 2531 vitae,
2974 2468 3406 2540 divitiarumque

1828 2560 2074 2614 omnium
2106 2567 2162 2613 et
2200 2561 2412 2630 gloriae,
2455 2569 2848 2614 mercaturam.
2885 2561 2964 2614 Ac
3004 2575 3159 2615 sane.
3194 2561 3406 2632 Quippe

1829 2650 1922 2704 illa
1954 2659 2098 2704 recta
2125 2650 2327 2706 ﬂumen
2371 2651 2424 2705 in
2461 2665 2614 2706 mare
2647 2651 2777 2721 agit,
2811 2651 2957 2719 quod
2991 2653 3200 2706 hancce
3221 2667 3404 2708 escam

1829 2741 2240 2809 corruptibilem
2273 2742 2703 2812 impinguaverit
2743 2760 2756 2795 :
2796 2744 2910 2796 hazc
2950 2750 3156 2806 autem,
3191 2743 3245 2797 iu
3279 2759 3406 2812 per-

1827 2840 2050 2902 petuum
2087 2844 2403 2888 manentem
2437 2835 2709 2889 bonorum
2740 2835 2952 2904 copiam
2987 2834 3171 2888 fructu
3204 2850 3404 2906 sugge-

1827 2925 1923 2981 rit.
1966 2927 2086 2990 llla,
2119 2927 2435 2996 ignominiae
2464 2927 2734 2997 gloriam,
2769 2927 3127 2994 carniumque
3167 2925 3405 2980 obesita-

1827 3023 1973 3084 tem;
2037 3018 2175 3082 haec,
2211 3019 2440 3088 gloriam
2503 3017 2936 3071 indefectihilem
2994 3033 3060 3071 ac
3115 3019 3400 3087 mysticam

1827 3111 2348 3180 contemplati-onem
2383 3110 2676 3180 promittit.
2711 3108 2923 3163 Praebet
2970 3109 3060 3163 illa
3109 3125 3302 3174 aurum
3338 3123 3403 3164 ac

1821 3203 2033 3271 lapides
2079 3203 2379 3272 pretiosos;
2432 3202 2548 3256 haec
2608 3201 2752 3254 bona
2780 3242 2792 3261 ,
2845 3201 2912 3253 iis
2959 3201 3050 3269 qui
3086 3208 3215 3254 sunt
3252 3199 3403 3270 digni

1823 3292 2030 3362 Spiritu
2061 3303 2397 3362 praeparata,
2429 3293 2716 3347 conciliat.
2749 3291 2891 3358 Quid
2929 3307 3063 3346 vero
3085 3305 3235 3372 .opus
3271 3304 3404 3360 pro-

1820 3383 1991 3438 lixum
2033 3385 2198 3440 esse?
2248 3385 2364 3447 illa,
2413 3393 2468 3440 et
2518 3393 2602 3438 est
2656 3384 2964 3454 IEgyptus,
3016 3382 3406 3454 Egyptusque

1821 3485 2207 3544 nuncupatur;
2252 3477 2365 3530 haec
2413 3485 2622 3542 autem,
2659 3485 2712 3530 et
2747 3486 2831 3532 cst
2864 3477 3099 3546 piscina,
3126 3483 3177 3529 et
3205 3491 3402 3530 nomen

1821 3567 2048 3636 piscinae
2072 3566 2270 3630 habet;
2305 3582 2494 3620 verum
2529 3568 2648 3629 illa,
2702 3568 2960 3622 tenebras
3007 3567 3181 3635 gignit
3219 3576 3272 3620 et
3309 3581 3404 3621 ca-

1821 3659 2070 3728 liginem,
2117 3656 2230 3711 hazc
2261 3658 2402 3725 parit
2451 3658 2882 3712 immateriatum
2939 3657 3141 3710 lumen.
3181 3656 3280 3710 Est
3311 3657 3402 3710 illa

1819 3758 2172 3818 peccatorum
2208 3748 2409 3813 altrix;
2447 3749 2584 3811 hrec,
2615 3748 3079 3817 jttstiﬁcaliunutn
3108 3747 3356 3816 l-argitrix
3385 3764 3400 3800 :

1819 3839 1932 3904 illa,
1961 3838 2069 3892 dux
2107 3839 2206 3892 viae
2252 3839 2476 3903 mortis;
2533 3839 2666 3902 haec,
2707 3839 2772 3891 ad
2821 3837 3184 3890 immortalem
3235 3837 3402 3890 vitam

1819 3928 2139 3982 mannducit
2161 3947 2174 3981 :
2198 3928 2310 3992 illa,
2345 3929 2602 3980 vitiorum
2637 3926 2871 3993 artifex;
2905 3928 3020 3980 hmc
3049 3927 3339 3981 vacuitatis
3372 3941 3403 3981 a

1822 4021 1976 4074 vitiis
2005 4020 2221 4074 doctrix
2260 4037 2273 4073 :
2317 4019 2448 4082 illa,
2503 4019 2744 4072 tristitia
2799 4019 2989 4088 regio;
3042 4019 3159 4072 ha'c
3215 4019 3402 4088 gaudii

1824 4127 2017 4183 penu:
2055 4112 2172 4177 illa,
2239 4110 2594 4165 tenebrosum
2653 4110 2950 4173 vitiorum;
2997 4109 3132 4173 haec,
3182 4109 3403 4163 virtutis

1822 4207 2158 4259 luminosum
2220 4202 2586 4256 domicilium.
2625 4201 2707 4255 Ex
2763 4201 2860 4256 illa
2891 4215 3046 4270 ergo,
3080 4207 3156 4288 ’ut
3187 4198 3402 4270 ιιι-πτειῑί

175 4308 356 4361 sumus,
403 4300 488 4352 vir
535 4301 625 4356 hic
659 4301 857 4356 beatus
885 4341 900 4365 ,
937 4302 1081 4372 quod
1124 4311 1338 4372 spectat
1372 4301 1436 4357 ad
1465 4316 1711 4365 carnem,
1750 4301 2077 4362 descendit;
2110 4317 2176 4356 ex
2213 4299 2318 4356 hac
2345 4308 2529 4354 autem
2554 4339 2569 4365 ,
2616 4297 2761 4368 quod
2832 4304 3047 4368 spectat
3117 4295 3186 4350 ad
3238 4295 3404 4365 spiri-

171 4397 282 4453 tum,
311 4392 542 4460 spiritali
570 4395 787 4448 ratione
818 4405 1000 4449 ortum
1033 4395 1220 4448 trahit.

231 4484 371 4538 Ἐπεὶ
393 4485 450 4537 δὲ
467 4485 635 4540 ταῦτα
659 4488 840 4552 καλῶς
864 4488 1006 4557 ἔχειν
1030 4489 1177 4541 δοκεῖ
1202 4506 1310 4558 μοι,
1341 4489 1452 4558 ὁρῶ
1479 4488 1536 4541 δέ
1560 4506 1710 4551 τινας

1889 4483 2000 4538 Etsi
2033 4496 2163 4536 vero
2194 4481 2308 4534 Ιιιεο
2353 4479 2430 4532 ita
2465 4479 2600 4533 bene
2648 4477 2849 4530 habere
2879 4475 3206 4538 videantur,
3241 4473 3404 4526 video

158 4573 255 4627 τῶν
277 4576 398 4648 περὶ
430 4577 500 4628 τὰ
529 4579 778 4648 παρόντα
814 4578 1209 4648 ἐπτοημένους,
1255 4577 1328 4648 μὴ
1366 4578 1482 4630 λίαν
1511 4579 1708 4646 ἐπιμε-

141 4658 252 4729 λῶς
278 4666 382 4719 τῶν
404 4667 718 4738 λεγομένων
748 4669 1068 4734 ἀκούοντας,
1105 4669 1229 4722 ἐπεὶ
1261 4667 1424 4738 μηδὲν
1447 4669 1577 4737 περὶ
1607 4685 1714 4720 πα-

143 4757 318 4828 ·τρίδος
367 4758 462 4813 τοῦ
493 4760 766 4832 μακαρίου
811 4761 1020 4832 κομψὸν
1055 4761 1354 4832 ἢσοιρῶδες
1389 4761 1707 4830 εἰρήκαμεν.

165 4847 359 4903 Φιλοῦσι
383 4852 492 4923 γὰρ
517 4855 568 4905 οἱ
599 4853 856 4920 φιλοζωοι
883 4856 996 4916 τοῖς
1025 4852 1134 4906 τῶν
1166 4852 1340 4918 λόγων
1380 4852 1715 4919 σοφιστικοῖς

175 4933 543 5013 λαρυγγίσμασι
572 4946 673 5014 τὴν
706 4944 876 5016 ἀκοὴν
914 4943 1356 5008 καταυλίζεσθαι,
1391 4938 1473 5006 οἷς
1511 4942 1605 4996 καὶ
1646 4943 1715 4995 τὰ

181 5033 380 5093 μουσικὰ
410 5033 521 5088 τῶν
551 5037 858 5107 ἐσπερινῶν
883 5035 1284 5106 βακχευμάτων
1321 5035 1571 5102 παίγνια,
1619 5031 1714 5084 καὶ

1817 4573 2180 4630 nihilominus
2230 4571 2474 4640 aliquos,
2527 4571 2644 4638 qui,
2677 4569 2844 4622 rebus
2893 4567 3076 4622 saeculi
3115 4566 3400 4620 desiderio

1819 4666 2023 4727 alTecti,
2049 4679 2160 4716 non
2200 4662 2440 4716 libenter
2471 4659 2762 4713 admodum
2797 4658 3047 4720 audiant,
3078 4657 3225 4726 quod
3261 4655 3402 4710 nihil

1819 4754 2170 4825 magniﬁcum
2224 4751 2496 4807 scitumve
2542 4749 2611 4802 de
2643 4749 2786 4802 beati
2821 4747 2925 4801 viri
2979 4747 3154 4816 patria
3195 4746 3402 4802 dixeri-

1821 4861 1968 4900 mus.
1997 4846 2200 4899 Amant
2249 4842 2396 4896 enim
2430 4843 2523 4910 qui
2557 4840 2680 4894 vitae
2713 4840 3017 4894 commodis
3069 4839 3195 4908 plus
3243 4853 3400 4907 aequo

1822 4937 2069 5002 student.
2103 4943 2165 4988 ut
2234 4933 2542 5002 sophisticae
2574 4933 2806 5002 argutia:
2850 4946 2914 4985 ac
2954 4947 3054 4985 ceu
3078 4930 3400 4985 crocitatio-

1821 5043 1922 5083 nes
1979 5041 2143 5082 aures
2204 5025 2501 5094 obsepiant
2553 5017 3019 5094 ohtundantque:
3083 5022 3286 5092 quibus
3344 5029 3398 5076 et

1387 5202 1615 5257 VARUE
1663 5199 2068 5256 LECTIONES.

232 5308 267 5341 ²¹
299 5304 372 5358 ισ.
399 5301 697 5374 ὲπίστητω.

1384 5442 1777 5500 COMBEFlS-ll
1811 5442 2042 5498 NOTAE.

240 5545 540 5621 (82)]’1ιεθαί
585 5549 924 5621 θε-ηιιςειιηε..
969 5538 1254 5621 Scripsere
1313 5534 1711 5621 plum-sideea

150 5606 481 5686 llrlieaquam
509 5606 698 5685 Steph.
733 5609 1142 5686 Ἑκατόμπυλον
1173 5615 1384 5686 vocat.“
1376 5607 1478 5658 Sed
1503 5613 1564 5686 et
1596 5606 1713 5673 plu-

111 5704 118 5713 '
149 5675 467 5750 I4esiue'runt
491 5675 970 5755 eodétnnomine}
991 5679 1084 5755 illa
1110 5691 1290 5755 tamen
1321 5675 1562 5755 [EgyptL
1584 5689 1714 5755 qua:

148 5744 496 5822 ξῖΔιόσπολις
552 5754 789 5812 Eusebio
822 5758 892 5825 ct_
925 5749 1209 5816 Straboni,
1244 5744 1456 5814 Patapii
1507 5745 1704 5814 patria,

1818 5534 2030 5589 caeteris
2063 5529 2335 5585 illustrior
2361 5549 2374 5584 :
2397 5529 2678 5582 Διόσπολιν
2717 5527 2881 5589 LXX,
2915 5527 3113 5580 Ezeclt.
3141 5542 3270 5591 xxx,
3298 5526 3392 5584 ubi

1818 5605 1985 5660 ηοω.
2061 5614 2142 5656 est
2203 5611 2270 5656 ΝΣ
2292 5639 2306 5662 ,
2339 5612 2350 5622 ’
2385 5600 2750 5669 Hieronymus
2801 5594 2813 5607 '
2839 5597 3262 5669 ᾼίεπαηὲάτίαηιη
3293 5613 3392 5652 ex.

1821 5676 2007 5746 ponit;
2029 5673 2152 5728 aliis
2179 5671 2412 5739 interpr.
2449 5663 2818 5725 retinentibus
2851 5666 3182 5724 llehraicum
3209 5663 3321 5722 No.
