3830 6326
77 391 233 463 1221

1329 351 1338 360 ’
1405 393 1492 456 IN
1529 395 1594 457 s.
1629 392 2039 457 PATAPIUM.

3233 390 3368 457 ἒξ.θέ

69 497 498 579 συγχορευτην
527 467 954 578 ἀνεϐλάστησεν,
1011 504 1040 557 6
1091 503 1187 558 καὶ
1237 503 1541 577 θαυμάζειν
1591 507 1684 560 ἐπ·

1793 505 1972 560 insani
1999 504 2272 559 idolorum
2307 504 2528 570 cultus,
2569 518 2879 575 praeconem
2930 506 3093 563 nobis
3141 508 3367 577 pietatis

65 594 144 662 ἀξ
151 614 274 652 ων.

169 873 238 926 Et
266 870 382 942 γάρ
414 870 691 942 βδέλυγμα
717 871 919 934 παντὸς
945 870 1176 934 ἀσεϐοῦς
1210 870 1513 936 θεοσέϐεια,
1568 872 1684 936 πῶς

97 965 242 1035 αῦτη
276 964 539 1035 βδελυκτή
567 980 656 1027 τις
699 961 851 1024 οὖσα,
883 963 1128 1016 τοιούτου
1166 965 1301 1034 ἡμῖν
1333 964 1562 1027 σκεύους
1592 965 1686 1018 ἐκο

95 1058 267 1127 λογῆς
299 1060 494 1126 γέγονε
538 1057 738 1126 πατρίς
764 1073 780 1122 ;
811 1056 936 1118 Πῶς
978 1056 1168 1120 σκότος
1201 1057 1540 1127 ὑπάρχουσα,
1574 1073 1686 1123 φω-

99 1149 282 1218 στῆρα
313 1147 482 1218 ζόφου
527 1146 763 1218 διώκτην
803 1147 1048 1202 ἀνέτειλε
1073 1165 1088 1214 ;
1119 1148 1231 1202 Καὶ
1263 1148 1410 1218 μάλα
1434 1129 1679 1212 είκότως·

104 1257 124 1290 t
162 1239 348 1291 Ὅπου
399 1237 511 1307 γὰρ
555 1235 882 1291 ἐπλεόνασεν
923 1239 958 1308 ἡ
1013 1239 1278 1308 ἁμαρτία,
1319 1239 1684 1310 ύπερπεριέσ-

102 1348 312 1384 σευσεν
342 1331 376 1400 ἡ
406 1331 585 1400 χάρις.
627 1347 646 1382 ι
695 1330 776 1400 Τῇ
801 1330 911 1400 γὰρ
943 1330 1038 1384 τοῦ
1071 1331 1400 1400 μονογενοῦς
1422 1313 1556 1385 Υίοῦ
1587 1331 1683 1385 τοῦ

101 1423 238 1478 Θεοῦ
289 1424 433 1494 πρὸς
481 1423 629 1494 ἡμᾶς
685 1423 911 1493 ἀρρήτῳ
966 1423 1410 1490 συγκατασάσει,
1465 1423 1562 1476 καὶ
1616 1425 1682 1494 τῇ

98 1514 374 1584 άφράστῳ
397 1514 490 1567 καὶ
520 1511 661 1582 ὑπὲρ
686 1513 845 1580 λόγον
869 1512 1036 1567 αὐτοῦ
1064 1513 1314 1576 κενώσει,
1344 1513 1683 1586 ἐληλαμένης

99 1607 198 1676 μὲν
231 1607 426 1675 πάσης
469 1605 687 1674 ἀπάτης
737 1605 834 1657 καλ⁵
863 1604 1094 1674 πλάνης,
1123 1605 1202 1668 είς
1233 1604 1464 1674 φροῦδον
1490 1605 1547 1657 δὲ
1576 1604 1684 1658 τῶν

94 1699 307 1770 βωμῶν
351 1697 452 1750 καὶ
496 1696 605 1750 τῶν
643 1696 854 1765 ἐναγῶν
909 1697 1146 1750 είδώλων
1199 1700 1505 1767 γενομένων
1553 1699 1679 1768 ἤδη,

89 1789 371 1861 ἐσαλεύθη
396 1788 496 1859 μὲν
519 1789 816 1857 Αἴγυπτος·
850 1789 1071 1858 ἐσείσθη
1109 1789 1167 1842 δὲ
1192 1789 1366 1858 αὐτῆς
1403 1791 1471 1844 τὰ
1502 1781 1683 1861 χειρο-

1791 595 2018 649 invexit.
2068 593 2448 650 Tenebrosum
2500 594 2638 649 illud
2695 595 3008 652 daemonum
3058 599 3364 663 stabulum,

1787 702 1911 741 eum
1944 685 2111 742 nobis
2141 688 2396 756 produxit
2428 687 2522 756 qui
2556 701 2682 742 cum
2716 688 2932 758 angelis
2953 688 3154 745 choros
3177 689 3367 758 ducat,

1787 777 1933 848 quod
1962 779 2122 848 plane
2153 778 2464 833 mirandum
2491 779 2584 833 sit.

1855 867 1994 922 Nam
2043 884 2168 922 cum
2205 869 2361 938 impii
2415 871 2626 924 omnis-
2654 871 2912 942 religiosa
2944 871 3124 940 pietas
3154 872 3368 926 abomi-
3454 925 3466 937 ,

1785 963 1942 1016 natio
1972 962 2066 1026 sit,
2094 962 2188 1030 qui
2223 961 2314 1014 illa
2348 962 2746 1019 abominabilis
2772 967 3076 1029 exsistens,
3107 967 3231 1020 talis
3264 981 3368 1020 no-

1785 1053 1872 1108 bis
1927 1053 2079 1108 vasis
2133 1053 2425 1108 electionis
2483 1057 2660 1124 patria
2706 1055 2858 1109 fuit?
2905 1056 3196 1121 Quomodo
3247 1072 3368 1127 quae

1784 1153 1936 1200 esset
1967 1147 2224 1210 tenebrae,
2266 1147 2541 1202 luminare
2593 1148 2852 1201 submisit
2892 1151 3038 1218 quod
3075 1152 3366 1220 caliginem

1787 1236 2016 1292 haberet
2049 1236 2390 1306 dispellere?
2423 1236 2568 1292 Sane
2615 1238 2671 1292 id
2724 1240 2923 1294 merito
2959 1258 2972 1292 :
3013 1259 3034 1291 ‹
3081 1238 3184 1295 Ubi
3214 1242 3365 1295 enim

1786 1328 2090 1383 abundavit
2142 1339 2458 1399 peccatum,
2515 1330 2988 1398 superabundavit
3048 1335 3222 1402 gratia
3252 1337 3301 1385 ιι.
3340 1350 3362 1383 ι

1782 1418 1999 1474 Arcana
2047 1421 2194 1474 enim
2255 1421 2522 1492 unigeniti
2576 1418 2699 1474 Filii
2739 1421 2832 1475 Dei
2887 1423 2953 1475 ad
2997 1437 3096 1476 nos
3129 1423 3366 1477 inclina-

1784 1511 1959 1575 tione,
1989 1511 2370 1581 ineﬂ'abiliqne
2410 1528 2472 1565 ac
2501 1513 2611 1566 vim
2644 1513 2880 1567 rationis
2915 1523 3215 1582 superante
3244 1516 3366 1585 ejus

1783 1604 2188 1664 exinanitione,
2219 1605 2366 1658 omni
2409 1619 2599 1659 errore
2633 1605 3069 1675 deceptioneque
3111 1607 3364 1676 depulsa,

1783 1691 2012 1761 arisque
2044 1707 2108 1746 ac
2153 1693 2402 1761 profanis
2449 1693 2610 1748 idolis
2650 1694 2764 1761 jam
2807 1695 3049 1757 abolitis,
3086 1711 3365 1752 concussa

1781 1781 2028 1854 Egypto
2051 1825 2066 1849 ,
2097 1783 2219 1852 ejus
2251 1799 2524 1838 concussa
2565 1791 2697 1840 sunt
2731 1785 3074 1850 manufacla,
3113 1802 3176 1841 ac
3214 1787 3364 1842 omni

89 1883 323 1952 ποίητα,
382 1883 478 1935 καὶ
512 1883 689 1935 πάντα
720 1882 832 1936 τῶν
872 1881 1143 1952 δαιμόνων
1180 1882 1247 1936 τὰ
1281 1883 1503 1952 μυσαρὰ
1531 1883 1682 1936 τελέ-

1790 1875 2096 1929 ᾱειηοηιιηι
2128 1875 2457 1930 exsecrabili
2489 1876 2639 1930 cultu
2676 1876 2967 1942 subverso,
3003 1885 3149 1930 terra
3179 1879 3366 1934 omnis

86 1988 286 2042 σματα
336 1973 724 2034 καταλέλυται,
755 1973 853 2026 καὶ
901 1974 1138 2044 ἡγιάσθη
1178 1976 1327 2027 πᾶσα
1359 1975 1393 2044 ἡ
1424 1975 1516 2044 γῆ·
1552 1975 1581 2026 6
1623 1974 1681 2028 δὲ

85 2065 214 2129 λαὸς
253 2065 375 2118 τῶν
407 2062 733 2136 ἀνθρώπων,
780 2083 799 2116 t
843 2067 871 2118 6
903 2066 960 2118 ἐν
995 2066 1176 2118 σκότει
1217 2065 1314 2118 καὶ
1349 2067 1476 2136 σκιᾷ
1508 2064 1679 2119 θανά-

83 2175 176 2212 του
206 2157 558 2226 καθήμενος,
587 2153 693 2210 εἶδε
720 2157 836 2224 φῶς
879 2157 1024 2226 μέγα
1051 2175 1070 2208 ι
1104 2155 1200 2210 τοῦ
1245 2155 1398 2224 ήλίου
1430 2155 1682 2227 λαμπρό-

84 2266 276 2320 τερον,
312 2249 384 2301 τὸ
412 2268 432 2300 ι
468 2247 704 2316 φωτίζον
725 2249 903 2301 πάντα
937 2248 1224 2317 ἄνθρωπον
1257 2249 1337 2308 είς
1356 2247 1449 2300 τὸν
1475 2247 1680 2316 κόσμον

83 2342 420 2412 ἐρχόμενον,
453 2360 470 2392 ι
510 2341 744 2411 Χριστὸν
771 2339 864 2392 τὸν
894 2340 1027 2392 Θεὸν
1069 2339 1248 2408 ήμῶν.
1278 2337 1441 2410 Αὐτῷ
1471 2340 1504 2407 ἡ
1527 2337 1676 2404 δόξα,

87 2433 190 2484 σὺν
213 2431 301 2501 τῷ
333 2432 513 2501 Πατρὶ
541 2431 636 2506 καὶ
668 2429 748 2499 τῷ
792 2431 933 2499 ἁγίῳ
974 2429 1276 2499 Πνεύματι,
1302 2428 1396 2484 νῦν
1429 2429 1525 2482 καὶ
1569 2429 1678 2496 ἀεὶ,

86 2525 186 2577 καὶ
218 2526 307 2587 είς
339 2525 468 2587 τοὺς
494 2523 695 2586 αἰῶνας
719 2521 829 2574 τῶν
867 2519 1097 2575 αἰώνων.
1131 2521 1325 2591 Ἀμήν.

721 2639 800 2690 ΘΑ
816 2638 953 2690 ΥΜΑ
963 2638 1039 2689 TA

316 2730 426 2784 τοῦ
460 2730 636 2784 ὁσίου
669 2727 902 2795 Πατρός
929 2724 1099 2795 ἡμῶν
1127 2725 1458 2779 Παταπίου.

166 2846 283 2916 Τὴν
303 2845 415 2899 τῶν
436 2842 728 2912 ἐγκωμίων
759 2839 916 2894 τοῦδε
942 2839 1034 2892 τοῦ
1062 2839 1278 2910 Πατρὸς
1301 2836 1684 2901 ἀποδώσαντες

90 2937 407 3007 εὐφημίαν,
441 2933 671 2987 καθόσον
710 2933 842 3002 ἡμῖν
867 2929 1111 2998 ἐφικτὸν,
1134 2931 1231 2999 τὴν
1254 2928 1362 2981 τῶν
1387 2927 1682 2998 Θαυμάτων

88 3027 269 3082 αὑτοῦ
310 3026 574 3097 ᾠήθημεν
609 3022 864 3076 ἐκθέσθαι
896 3019 1277 3090 ἀληθεστάτην
1306 3020 1582 3090 διήγησιν,
1615 3020 1682 3071 ἵν’

91 3119 162 3172 ἒν
190 3119 368 3190 ταύτῃ
397 3120 510 3178 τοῖς
541 3113 810 3184 φιλοθέοις
847 3113 944 3166 καὶ
976 3113 1280 3181 φιλεόρτοις
1316 3127 1682 3180 συμπανηγυ-

1786 1966 2140 2020 sanctificata
2187 1973 2310 2030 est;
2375 1965 2616 2034 viditque
2667 1965 2971 2020 humanum
3034 1983 3208 2037 genus
3246 1985 3266 2018 ι
3305 1967 3363 2022 in

1782 2054 2034 2109 tenebris
2057 2063 2111 2108 et
2137 2055 2334 2109 umbra
2363 2053 2790 2120 mortissedens,
2811 2055 2988 2110 lucem
3023 2070 3272 2124 magnam
3300 2063 3358 2107 οι

1783 2146 1903 2200 sole
1931 2143 2384 2214 splendidiorem,
2412 2158 2534 2213 quae
2565 2161 2584 2194 ι
2625 2144 2900 2198 illuminet
2931 2160 3151 2199 omnem
3182 2145 3362 2203 homi-

1782 2254 1907 2295 nem
1936 2239 1992 2292 in
2021 2238 2287 2293 mundum
2317 2238 2626 2293 venientem
2651 2248 2697 2304 P,
2738 2257 2757 2290 ι
2789 2237 3068 2293 Christum
3101 2239 3362 2294 nimirum

1785 2329 1958 2384 Deum
1995 2338 2277 2385 nostrum.
2322 2327 2404 2382 llli
2437 2328 2635 2398 gloria,
2681 2343 2805 2382 cum
2837 2327 3000 2384 Patre
3045 2337 3099 2384 et
3148 2329 3364 2400 Spiritu

1783 2427 1999 2487 saneto,
2028 2437 2177 2476 nunc
2205 2429 2259 2476 et
2289 2434 2529 2490 semper,
2561 2428 2615 2474 et
2644 2419 2702 2474 in
2749 2420 2948 2476 saecula
3005 2420 3359 2476 saeculorum.

1786 2511 1979 2568 Amen.

2373 2621 2754 2677 MIRACULA

2133 2715 2308 2769 sancti
2339 2714 2528 2769 Patris
2570 2717 2741 2770 nostri
2770 2714 3016 2784 Patapii.

1855 2827 2145 2882 Celebralo
2186 2829 2388 2895 quilnts
2431 2827 2598 2896 licuit
2646 2827 2869 2882 laudum
2902 2829 3216 2898 praeconiis,
3253 2828 3361 2886 Pa-

1787 2919 1887 2973 tris
1917 2919 2085 2988 hujus
2111 2921 2389 2985 encotnio,
2424 2935 2603 2989 Operm
2629 2921 2864 2988 pretium
2900 2921 3075 2973 visum
3097 2929 3183 2976 est
3220 2931 3362 2977 utet

1785 3010 2129 3064 verissimam
2152 3010 2272 3080 ejus
2295 3012 2688 3065 miraculorum
2711 3012 3086 3066 narrationem
3116 3012 3360 3078 ederem,

1785 3117 1896 3171 quo
1925 3102 2030 3168 eis,
2057 3118 2162 3155 una
2185 3117 2309 3157 cum
2344 3103 2435 3156 Dei
2455 3103 2694 3172 festique
2717 3104 3056 3170 amantibus,
3083 3119 3185 3160 nos
3213 3105 3364 3160 oble-

100 3211 382 3280 ρίσαντες,
429 3209 694 3275 εἴπωμενο
753 3222 772 3255 ι
811 3202 1140 3272 Θαυμαστὸς
1180 3201 1349 3264 ὅντως
1388 3203 1444 3254 ἐν
1503 3202 1680 3268 ἁγίοις

1790 3193 2288 3258 ctantes,dicamus
2312 3213 2324 3248 :
2349 3213 2366 3246 ι
2401 3193 2667 3249 Mirabilis
2700 3210 2892 3250 revera
2915 3195 3127 3250 Deusin
3153 3197 3362 3252 sanctis

99 3303 346 3374 ὑπάρχει
373 3303 401 3354 6
434 3298 664 3370 Κύριος.
700 3315 718 3347 ι
746 3297 856 3349 Καὶ
885 3295 1072 3365 μηδεὶς
1104 3294 1419 3358 ἀπιστείτω,
1449 3294 1684 3364 μάλιστα

103 3396 272 3448 αὐτοῦ
303 3393 394 3447 τοῦ
431 3391 640 3462 Κυρίου
666 3389 938 3457 λέγοντος·
977 3406 995 3438 t
1057 3386 1115 3439 '0
1145 3387 1416 3440 πιστεύων
1451 3389 1534 3450 είς
1557 3387 1681 3458 ἐμὲ,

101 3487 170 3538 τὰ
197 3486 338 3554 ἔργα
361 3485 394 3538 ἃ
430 3482 542 3552 ἐγὼ
571 3481 732 3545 ποιῶ,
776 3481 1030 3540 κάκεῖνος
1060 3479 1296 3548 ποιήσει,
1327 3479 1420 3533 καὶ
1461 3479 1684 3549 μείζονα

103 3579 312 3631 τούτων
342 3579 580 3647 ποιησει.
619 3593 637 3626 ι
667 3573 740 3626 Οὐ
773 3574 838 3641 τῇ
871 3571 975 3642 ἰδίᾳ
991 3570 1216 3641 δυνάμει
1243 3571 1338 3641 τὴν
1363 3571 1685 3642 εὐεργεσίαν

108 3671 389 3740 πηγάζων,
426 3669 562 3722 ἀλλὰ
593 3667 669 3737 τῷ
715 3665 836 3734 ἐμῷ
865 3665 1094 3733 ὀνόματι
1143 3663 1238 3716 καὶ
1269 3665 1335 3733 τῇ
1383 3663 1575 3733 κλήσει
1616 3665 1682 3732 τῇ

115 3765 237 3834 ἐμῇ’
276 3781 295 3814 t
329 3763 471 3831 Ἐγὼ
501 3761 610 3830 γάρ
641 3761 758 3828 είμι
785 3757 814 3810 6
839 3756 906 3809 τὰ
939 3756 1115 3809 πάντα
1147 3756 1203 3807 ἐν
1230 3756 1397 3807 πᾶσιν
1415 3753 1680 3824 ἐνεργῶν»

116 3857 180 3922 τῇ
206 3855 503 3922 Δεσποτικῇ
527 3850 769 3917 ἐξουσίᾳ.
799 3845 888 3898 Ἐν
916 3843 1092 3908 τούτῳ
1121 3844 1150 3896 6
1173 3844 1348 3914 μέγας
1383 3843 1684 3908 Πατάπιος,

119 3946 372 4016 όὰληθῶς
406 3944 542 3998 Θεοῦ
584 3943 895 4016 ἄνθρωπος,
936 3944 964 3995 6
985 3941 1048 3995 τὸ
1089 3941 1249 4009 ζόφος
1277 3938 1435 4004 ἀφεὶς
1457 3937 1556 4006 τῆς
1589 3937 1686 3988 Ai-

121 4036 341 4101 γύπτου,
393 4036 487 4088 καὶ
531 4033 610 4104 τῷ
657 4033 800 4102 φωτὶ
837 4030 1169 4101 πλησιάσας,
1208 4026 1306 4081 καὶ
1338 4023 1561 4094 Χριστῷ
1596 4039 1689 4075 συ-

130 4128 465 4198 σταυρωθεὶς,
500 4127 596 4179 καὶ
629 4123 738 4178 τῶν
761 4121 1072 4192 ἀσωμάτων
1101 4118 1392 4188 δυνάμεων
1420 4117 1477 4168 ἐν
1505 4111 1688 4183 θνητῷ

132 4217 326 4288 σώματι
355 4215 776 4288 συμϐιωτεύσας
808 4213 946 4283 βίον.
998 4213 1056 4265 ’0
1090 4211 1272 4280 τίμιος
1309 4211 1375 4279 τῇ
1401 4207 1546 4277 ψυχῇ
1593 4204 1688 4258 καὶ

132 4310 198 4378 τῷ
225 4311 448 4380 σώματιο
488 4311 516 4361 6
544 4307 636 4361 τὸν
667 4306 958 4376 άκτήμονα
997 4302 1114 4374 βίον
1151 4300 1424 4370 ποθήσας,
1482 4297 1577 4350 καὶ
1607 4296 1689 4359 εἰς

135 4395 246 4452 Θεδν
275 4401 604 4468 πλουτήσας,
656 4395 753 4449 καὶ
792 4395 890 4462 τῆς
943 4391 1280 4454 πολύτελοῦς
1323 4388 1688 4455 καταξιωθεὶς

139 4491 352 4562 χάριτος,
390 4487 544 4553 οὗτος
574 4507 592 4540 t
626 4487 806 4542 λαϐὼν
830 4490 980 4559 παρὰ
1011 4485 1146 4541 Θεοῦ
1179 4483 1429 4553 ἐξουσίαν
1459 4481 1551 4536 τοῦ
1585 4498 1687 4533 πα-

137 4585 233 4634 τεῖν
257 4585 434 4638 ἐπάνω
460 4585 640 4652 διρεων
659 4583 754 4636 καὶ
787 4579 1090 4651 σκορπίων,
1121 4577 1220 4629 καὶ
1254 4575 1346 4628 ἐπὶ
1379 4575 1560 4626 πᾶσαν
1591 4571 1687 4640 τὴν

132 4669 341 4746 δύναμιν
388 4675 483 4730 τοῦ
538 4675 760 4746 ἐχθροῦο
795 4692 831 4740 ι,
858 4701 930 4712 -
964 4691 982 4723 t
1019 4667 1360 4740 Θεραπεύειν
1400 4681 1460 4717 τε
1506 4665 1690 4716 πᾶσαν

116 4765 272 4819 ν’πόσον
298 4769 390 4821 καὶ⁵
413 4769 597 4821 πᾶσαν
631 4764 924 4837 μαλακίαν,
956 4781 975 4812 ι
1010 4760 1212 4826 ἔδειξεν
1242 4759 1377 4828 ἡμῖν
1401 4755 1603 4817 κάυτὸς
1632 4755 1689 4806 ἐν

107 4855 263 4926 mimi)
290 4857 354 4910 τά
404 4856 498 4908 τοῦ
556 4839 996 4924 παραδοξοποιοῦ
1050 4845 1188 4900 Θεοῦ
1230 4843 1539 4912 θαυμάσια·
1587 4843 1688 4913 τὴν

126 4932 340 5006 Ξφθονον
377 4946 556 5016 χάριν·
590 4944 690 5012 τὴν
718 4941 988 5011 βρύουσαν
1018 4938 1224 5008 πηγήν·
1250 4937 1318 4988 τά
1352 4933 1687 5005 μελλίῤῥυτα

143 5031 350 5100 νάματα.

96 5158 124 5194 η
422 5126 562 5194 Περὶ
601 5124 709 5192 τῆς
730 5123 944 5188 ιιὶσεως
977 5119 1086 5174 τοῦ
1118 5117 1372 5187 τυφλοῦ.

115 5215 121 5238 ⁷
192 5238 367 5311 Τούτῳ
411 5241 524 5311 γάρ
563 5255 696 5291 ποτε
746 5237 826 5306 τῷ
870 5233 1147 5306 μακαρίῳ,
1187 5230 1388 5301 τυφλός
1416 5246 1501 5292 τις
1542 5227 1685 5281 κατὰ

99 5311 212 5404 ,τὸν
252 5333 314 5385 ἐκ
343 5332 610 5401 γεννητῆς
640 5328 868 5395 τυφλὸν,
911 5325 1309 5396 προσέρχεται,
1337 5321 1553 5392 κράζων
1592 5319 1688 5372 καὶ

94 5409 312 5496 λέγων·
349 5422 511 5476 Δοῦλε
537 5421 635 5475 τοῦ
666 5419 804 5474 Θεοῦ
835 5417 931 5472 τοῦ
960 5418 1210 5487 ὑψίστου,
1239 5414 1512 5476 Πατάπιε,
1540 5408 1691 5463 ίασαί

79 5497 231 5573 “hu
261 5517 378 5578 τοὺς
399 5512 736 5584 ὀφθαλμούς·
772 5510 988 5576 ἄνοιξόν
1025 5527 1125 5580 μου
1165 5507 1264 5578 τὴν
1293 5505 1563 5577 πήρωσιν,
1595 5499 1690 5553 καὶ

1789 3281 2000 3335 θυῖεν.»
2031 3281 2138 3335 Nec
2169 3298 2227 3337 se
2253 3283 2545 3352 quisquam
2574 3283 3216 3350 incredulumexhibeat,
3236 3302 3361 3340 cum

1785 3375 2090 3446 praesertim
2127 3375 2392 3430 Dominus
2415 3375 2770 3445 ipsedicatzt
2803 3375 2908 3442 Qui
2946 3378 3124 3432 credit
3167 3377 3221 3431 in
3252 3393 3359 3440 me,

1785 3484 1950 3539 Opera
1982 3483 2102 3538 qua:
2131 3483 2233 3538 ego
2256 3467 2421 3531 facio,
2453 3475 2508 3522 et
2540 3468 2658 3536 ipse
2674 3467 2839 3522 faciet
2854 3475 2907 3522 et
2929 3468 3137 3537 majora
3166 3469 3360 3522 horum

1786 3560 1952 3615 faciet
1981 3571 2024 3612 ι’.
2063 3579 2082 3610 ι
2117 3558 2234 3612 Νοη
2263 3559 2411 3613 velut
2440 3559 2561 3628 ipse
2589 3575 2619 3612 a
2665 3575 2725 3614 se
2771 3559 3021 3614 beneﬁcii
3055 3560 3206 3614 velut
3241 3560 3364 3615 fons

1786 3654 2037 3716 exsistat,
2069 3652 2162 3705 sed
2189 3651 2244 3704 in
2267 3666 2388 3704 meo
2416 3651 2660 3711 nomine,
2688 3665 2750 3704 ac
2775 3667 2859 3705 me
2886 3651 3160 3705 invocato.
3197 3670 3216 3702 ι
3244 3653 3364 3721 Ipse

1787 3741 1932 3796 enim
1969 3738 2151 3793 omnia
2194 3739 2248 3792 in
2298 3739 2554 3802 omnibus
2597 3747 2619 3776 ³
2655 3758 2673 3791 ι
2734 3737 3022 3794 Dominica
3052 3760 3061 3769 ·
3092 3749 3365 3809 potestate

1797 3851 1815 3883 ι
1839 3847 2057 3902 operor.
2085 3850 2103 3882 ι
2141 3831 2199 3884 lu
2235 3831 2352 3892 illo,
2383 3845 2614 3900 magnus
2637 3831 2922 3900 Patapins,
2956 3845 3084 3885 vere
3119 3832 3165 3887 is
3201 3831 3366 3887 homo

1787 3923 1904 3990 Dei,
1930 3924 2049 3993 qui,
2083 3924 2273 3978 relicta
2303 3921 2524 3992 Egypti
2553 3921 2808 3990 caligine,
2853 3923 2918 3976 ad
2961 3923 3144 3977 lumen
3175 3937 3367 3980 acces-

1788 4017 1879 4080 sit,
1914 4030 1979 4069 ac
2021 4014 2244 4069 Christo
2290 4014 2544 4069 confixus
2580 4013 2769 4078 cruci,
2802 4012 2968 4066 vitam
3008 4014 3365 4084 incorporea-

1787 4123 1909 4161 rmn
1958 4107 2224 4160 virtutum
2283 4105 2481 4159 vixerit
2528 4103 2582 4157 in
2632 4103 2850 4157 mortali
2905 4119 3186 4173 corpore:
3237 4107 3363 4173 ille,

1788 4199 2038 4267 inquam,
2089 4205 2144 4250 et
2207 4195 2388 4249 anima
2442 4194 2714 4261 pretiosus
2777 4193 3261 4263 honorabilisque,
3310 4206 3365 4248 et

1789 4305 2024 4360 corpore
2055 4308 2068 4343 :
2099 4289 2189 4359 qni
2225 4283 2482 4343 dilexerit
2531 4287 2695 4341 vitam
2744 4285 2985 4356 inepem,
3033 4301 3098 4339 ac
3145 4287 3197 4340 in
3255 4284 3364 4340 Deo

1789 4380 1966 4445 dives,
2003 4377 2326 4449 magnificas
2364 4379 2554 4448 gratiae
2587 4391 2721 4447 opes
2752 4379 2984 4446 adeptus
3016 4376 3116 4442 sit;
3172 4375 3296 4440 hoc,
3334 4391 3362 4430 a

1791 4469 1902 4524 Deo
1935 4488 1954 4520 ι
1991 4477 2218 4538 accepta
2255 4476 2530 4537 potestate
2562 4467 2811 4521 calcandi
2854 4482 3020 4536 supra
3053 4473 3361 4535 serpentes,

1790 4571 1844 4616 et
1874 4561 2212 4628 scorpiones,
2243 4570 2297 4614 et
2337 4575 2556 4612 omnem
2607 4560 2866 4613 virtutem
2905 4558 3110 4612 inimici
3145 4559 3190 4623 t;
3225 4577 3244 4610 ›
3297 4588 3366 4599 -

1793 4669 1812 4701 ι
1858 4648 2205 4717 cttrandique
2253 4663 2471 4702 omnem
2505 4647 2761 4700 morbum
2787 4655 2843 4698 et
2880 4661 3098 4700 omnem
3134 4645 3364 4713 languo-

1787 4753 1904 4793 rem
1939 4746 1991 4801 υ,
2025 4757 2044 4789 ι
2074 4737 2317 4791 ostendit
2345 4748 2400 4790 et
2441 4737 2560 4806 ipse
2591 4736 2754 4790 nobis
2790 4736 2845 4790 in
2883 4735 3088 4804 seipso,
3130 4733 3222 4789 Dei
3257 4734 3364 4787 nti-

1788 4830 2038 4885 rabilium
2108 4829 2414 4899 patratoris
2492 4826 2772 4880 mirabilia
2855 4842 3063 4897 opera,
3128 4827 3362 4897 gratiam

1789 4922 2043 4985 uberem,
2083 4928 2396 4974 manantem
2431 4917 2663 4983 fontem,
2696 4919 2986 4975 tnelliflnos
3021 4921 3232 4974 latices.

2339 5102 2417 5158 De
2443 5118 2582 5158 creto
2608 5115 2820 5158 sanato.

1861 5216 1999 5272 Cum
2032 5217 2098 5270 ad
2127 5231 2250 5271 eum
2306 5216 2644 5286 quandoque
2685 5232 2864 5271 εωουε
2907 5216 3129 5284 quidam
3157 5256 3172 5280 ,
3223 5228 3368 5268 caeco

1793 5309 1874 5366 illi
1904 5324 1934 5363 a
1993 5308 2289 5364 nativitate
2319 5301 2519 5362 similis
2561 5312 2610 5370 ν,
2639 5306 2958 5360 accessisset
2992 5307 3238 5359 clamans
3281 5305 3366 5356 tli-

1793 5417 2044 5470 censque
2079 5419 2092 5455 :
2127 5400 2295 5456 Serve
2318 5399 2414 5455 Dei
2446 5398 2726 5458 altissimi.
2758 5397 2973 5466 Patapi,
3007 5411 3143 5450 sana
3175 5399 3368 5450 oculos

1795 5515 1984 5565 meos;
2019 5499 2173 5570 aperi
2203 5493 2382 5554 meam
2431 5496 2760 5554 caecitatem,
2797 5506 2862 5546 ac
2911 5506 2996 5544 me
3031 5490 3367 5545 obtenebra-

67 5585 352 5667 δεῦτισόν
390 5581 460 5679 με
501 5581 596 5661 τὸν
628 5603 1041 5674 ἐσκοτισμὲνον,
1067 5603 1120 5655 εί
1143 5617 1260 5662 πως
1289 5598 1382 5652 διὰ
1417 5593 1534 5656 σοῦ,
1596 5589 1684 5661 τὴι

1804 5600 1917 5646 tum
1948 5590 2195 5645 illumiua
2230 5606 2244 5644 :
2279 5588 2326 5642 si
2375 5585 2652 5657 quomodo
2682 5599 2779 5653 per
2817 5591 2869 5636 te
2907 5581 3138 5647 videns,
3172 5594 3366 5634 eorum

211 5767 393 5822 “Rom.
428 5778 482 5822 v,
513 5758 602 5817 ΞΟ.
682 5769 706 5798 ο
738 5761 846 5815 lsa.
880 5770 961 5816 ιι,
989 5753 1057 5818 2;
1093 5751 1292 5822 Luc._t,
1317 5748 1434 5822 79._
1482 5758 1509 5800 ν
1537 5747 1684 5801 ιοιιιιλ

1808 5747 1860 5802 9.
1938 5754 1966 5794 (ι
1993 5741 2138 5801 Psal.
2173 5755 2343 5806 urit,
2376 5737 2465 5793 36.

39 5796 393 5908 \nj'é."
425 5796 648 5898 £1.53,
691 5796 1292 5906 i§T“'ufiiaI{hf;;"tL’
1328 5796 1684 5885 ’ξιοέιιίξῑέι

2573 5743 2598 5774 ι’
2628 5732 2788 5790 Joan.
2817 5748 2928 5800 inv,
2967 5732 3057 5788 12.
3138 5741 3161 5771 ι
3192 5730 3366 5805 LCor.
