3830 6326
93 356 212 421 i225

1360 354 1443 416 IN
1480 355 1542 417 S.
1577 356 1993 417 PATAPIUM.

3178 352 3313 416 1226

86 473 178 524 ῠπδ
205 468 294 520 τοῦ
329 465 535 529 πάθους
564 462 845 536 ηλγὺνετο·
874 464 969 519 καὶ
1007 461 1074 533 δὴ
1105 462 1285 517 πᾶσαν
1318 463 1483 518 αὐτοῦ
1518 482 1641 535 σχε-

1747 465 2101 520 cruciabatur
2135 483 2147 518 :
2174 480 2239 521 ac
2273 466 2385 521 fere
2415 465 2672 522 universa
2695 466 3013 523 substantia
3034 466 3313 537 insumpta

81 563 158 616 δὸν
184 558 276 629 τὴν
305 555 624 626 περιουσίαν
655 556 739 620 είς
770 556 993 627 ἰατροὺς
1043 555 1453 626 ἐκδαπανήσας,
1485 555 1640 619 τέλος

80 654 240 722 ὤνησε
267 652 328 704 τὸ
353 650 619 721 παράπαν
651 649 825 704 οὐδέν.
853 643 987 702 Εἶτα
1013 649 1108 702 ἐπὶ
1133 648 1235 719 τὴν
1283 647 1493 719 ἄφατον
1545 648 1641 702 καὶ

78 744 438 815 γαλοπάροχον
461 741 562 796 τοῦ
609 741 850 813 Χριστοῦ
880 741 1296 814 φιλανθρωπίαν
1323 738 1639 811 ἐξώρμησε,

78 833 357 896 πιστεύσας
382 832 572 903 μέντοι
598 832 661 886 τὸ
693 833 986 905 πρότερον,
1028 836 1124 886 καὶ
1152 831 1254 903 τὴν
1278 832 1463 884 πίστιν
1496 830 1643 901 ἔργῳ

78 927 330 998 κυρώσας·
349 926 449 978 καὶ
474 926 543 996 δὴ
568 925 663 979 ἐπὶ
682 925 773 979 τὸν
793 925 1068 995 μακάριον
1092 924 1377 977 Πατάπιον
1397 924 1640 993 ἔρχεται,

78 1014 159 1067 καὶ
186 1012 459 1066 δείκνυσιν
490 1012 645 1083 αὐτῷ
673 1013 774 1083 τὴν
798 1012 897 1067 τοῦ
941 1012 1150 1075 πάθους
1190 1013 1498 1077 ἐπίστασιν,
1548 1012 1644 1065 καὶ

74 1103 159 1174 τὴν
183 1102 286 1155 τῶν
311 1103 524 1156 ὀδυνῶν
547 1103 866 1173 ἐξαγγέλλει
902 1103 1232 1178 δριμύτητα.
1266 1105 1363 1158 Ὃν
1399 1104 1428 1156 6
1464 1104 1644 1174 μακά-

78 1213 178 1269 ριος
237 1194 604 1266 θεασάμενος,
653 1195 907 1267 σφοδρῶς
968 1196 1076 1249 ὑπὸ
1138 1193 1236 1248 τοῦ
1282 1194 1491 1258 πάθους
1542 1193 1642 1264 μὲν

74 1287 397 1356 πιεζόμενον,
421 1286 495 1339 δι’
535 1287 663 1340 ὅλου
708 1287 765 1340 δέ
811 1286 904 1341 τὸν
934 1286 1102 1356 ὄγκον
1131 1286 1502 1358 διαδραμόντα
1546 1285 1640 1339 τοῦ

78 1378 325 1449 σώματος,
358 1378 422 1431 οὐ
451 1376 890 1446 καταπλάσμασί
922 1394 1069 1431 τισιν
1091 1378 1126 1448 ἢ
1152 1378 1465 1448 φαρμάκοις
1486 1377 1645 1447 ἐχρή-

80 1490 211 1538 σατο,
234 1467 316 1535 οἷς
360 1471 798 1543 Ἀσκληπιάδης,
845 1473 942 1522 καὶ
979 1470 1373 1540 Ἱπποκράτης,
1406 1470 1500 1521 καὶ
1542 1468 1645 1520 Γαο

78 1564 213 1633 ληνὸς
244 1563 654 1634 κατάχρηνται,
689 1563 785 1616 καὶ
831 1563 885 1615 oi
929 1561 1139 1614 τούτων
1168 1561 1382 1623 παῖδες,
1426 1557 1646 1628 ψυχρὰς

79 1655 385 1724 παρέχοντες
405 1655 510 1717 τὰς
540 1652 891 1726 παρηγορίας
918 1653 1033 1715 τοῖς
1062 1650 1388 1722 κάμνουσινο
1417 1648 1555 1702 ἀλλὰ
1576 1650 1643 1720 τῇ

81 1746 190 1815 εὐχῇ
232 1744 513 1815 φαρμάκῳ
540 1745 914 1814 χρησάμενος.
953 1740 1177 1810 ὀργάνῳ
1202 1738 1260 1792 δὲ
1280 1736 1360 1809 τῷ
1399 1737 1643 1809 σταυρῷν

1744 559 1798 612 in
1835 558 2100 624 medicos,
2132 558 2270 612 nihil
2305 559 2526 613 tandem
2582 557 2858 615 commodi
2915 559 3124 613 retulit.
3174 557 3313 612 Tum

1742 664 1803 704 se
1853 649 1919 703 ad
1972 650 2184 704 Christi
2242 650 2674 705 inenarrabilem
2708 651 2959 718 lacteque
2996 660 3315 705 manantem

1742 740 2095 795 clementiam
2132 741 2281 795 illam
2311 740 2551 804 confert,
2587 740 2680 795 ubi
2716 741 2981 794 nimirum
3012 741 3171 810 prius
3193 755 3316 795 cre—

1743 831 2002 895 didisset,
2040 831 2313 903 ﬁdemque
2347 846 2516 903 opere
2576 830 2964 887 conﬁrmasset
3019 848 3034 885 :
3089 832 3317 902 aditque

1743 923 1964 978 beatum
2005 921 2316 993 Patapium,
2355 938 2420 979 ac
2452 916 2663 978 indicat
2691 935 2978 994 urgentem
3037 925 3314 983 morbum,

1743 1020 1799 1067 et
1827 1013 2083 1069 dolorum
2119 1016 2478 1086 acerbitatem
2506 1016 2787 1072 enuntiat.
2820 1016 2872 1071 Is
2898 1024 3085 1071 autem
3128 1016 3319 1072 videns

1742 1103 1986 1171 graviter
2022 1105 2220 1159 morbo
2258 1120 2537 1176 pressum,
2568 1115 2950 1176 tumoremque
2992 1122 3201 1177 corpus
3231 1114 3322 1162 to-

1741 1200 1860 1247 tum
1901 1195 2330 1264 pervadentem.
2384 1196 2558 1253 nullis
2606 1197 3027 1268 cataplasmatis
3086 1199 3323 1255 medica-

1743 1285 2078 1356 mentisque,
2145 1288 2331 1359 qualia
2365 1288 2744 1360 Asclepiades,
2804 1304 2870 1344 ac
2935 1289 3319 1361 Hippocrates,

1745 1375 2119 1447 Galeuusque,
2174 1387 2231 1433 et
2290 1379 2487 1434 medici
2550 1380 2668 1444 alii,
2720 1380 2921 1453 frigide
2970 1383 3324 1437 consolantes

1745 1478 2004 1541 aegrotos,
2034 1471 2386 1526 adhibuerint
2407 1471 2541 1544 (85),
2576 1474 2672 1528 sed
2702 1475 2957 1529 oratione
3001 1476 3117 1529 sola
3148 1476 3324 1531 medi-

1745 1570 2003 1616 cameutu
2061 1577 2220 1626 usus,
2281 1578 2449 1617 cruce
2499 1573 2709 1629 autem,
2760 1580 2993 1637 organo,
3050 1567 3327 1622 intercute

1747 1666 1886 1720 aqua
1909 1666 2116 1722 agrum
2148 1660 2397 1708 ventrem
2441 1654 2716 1724 signavit,
2748 1657 3149 1728 emplastrique
3181 1659 3324 1723 loco,

1748 1741 2116 1796 commisceus
2132 1742 2257 1797 oleo
2278 1742 2576 1815 laerymas,
2602 1747 2962 1817 superposuit
2987 1748 3061 1802 ita
3091 1748 3324 1804 dicens:

78 1836 160 1905 τὴν
183 1836 478 1906 ὑδεριῶσαν
494 1836 709 1890 κοιλίαν
731 1835 1059 1907 ἐσφράγισε,
1089 1834 1184 1887 καὶ
1206 1832 1448 1902 δάκρυον
1475 1830 1642 1897 ἐλαίῳ

1747 1831 1802 1885 ln
1838 1832 2061 1887 nomine
2099 1831 2229 1888 Jesu
2257 1833 2501 1903 Christi,
2554 1838 2651 1907 qui
2694 1840 2911 1893 sanavit
2945 1840 3326 1912 hydropicum,

83 1926 328 1997 συμμίξας
350 1929 471 1980 ἀντ’
502 1926 886 1997 ἐμπλάστρου,
916 1923 1192 1995 ἐπέθηκεν
1220 1920 1397 1985 οὕτως
1446 1919 1641 1974 είπώνο

91 2021 165 2073 Ἐν
188 2020 257 2091 τῷ
280 2021 507 2091 ὀνόματι
539 2019 641 2073 τοῦ
677 2019 856 2091 Ἰησοῦ
900 2017 1164 2091 Χριστοῦ,
1204 2015 1302 2069 τοῦ
1338 2015 1434 2069 τὸν
1466 2015 1646 2086 ὑδρω-

83 2111 217 2165 τακδν
249 2111 724 2182 θεραπεύσαντος,
760 2111 873 2165 ίσθι
902 2112 1062 2178 ὑγιὴς
1092 2107 1203 2162 ἀπὸ
1236 2108 1340 2178 τῆς
1377 2107 1647 2178 μάστιγός

86 2222 179 2258 σου.
210 2206 313 2259 Καὶ
338 2206 501 2259 τοῦτο
533 2204 786 2268 εἰπόντος
809 2203 995 2268 αὑτοῦ,
1016 2201 1369 2274 παραχρῆμα
1391 2198 1644 2270 διελύθη-

86 2312 165 2347 σαν
188 2296 233 2348 oi
258 2296 451 2367 δεσμοὶ
472 2298 591 2350 τῶν
619 2296 807 2366 ὑγρῶν
834 2295 937 2366 τῆς
953 2293 1161 2358 κοιλίας
1175 2292 1527 2365 ἐμφράξεων,
1547 2291 1644 2346 καὶ

84 2388 382 2458 ἠνοίχθησαν
409 2389 461 2442 oi
492 2388 662 2460 πόροι
686 2387 798 2442 τῶν
831 2385 1083 2458 φυσικῶν
1132 2384 1522 2467 καταδύσεωνχ
1547 2382 1646 2437 καὶ

85 2477 341 2549 ὲξέρῤευσε
369 2481 527 2534 πᾶσα
561 2478 658 2532 τοῦ
701 2476 1167 2551 ὲπιπροσθοῦντος
1203 2475 1395 2537 ὓδατος
1437 2475 1471 2545 ἡ
1523 2472 1644 2528 ἐπί-

86 2570 266 2636 κλυσις,
295 2570 388 2626 κάι
428 2572 664 2643 διεχύθη
716 2572 785 2626 τά
832 2571 912 2643 τῷ
956 2572 1137 2643 χρόνῳ
1169 2568 1356 2632 κακῶς
1419 2568 1642 2621 ἐπισυνα-

86 2660 287 2729 αχθέντα
311 2662 451 2733 πρὸς
474 2665 599 2726 τοῖς
618 2661 951 2732 σπλάγχνοις
980 2659 1261 2724 ἀπόζοντα
1287 2659 1529 2728 νάματα,
1549 2658 1645 2713 καὶ

88 2753 371 2825 ἁνερρώσθη
400 2756 430 2807 6
479 2753 800 2826 ἄνθρωπος,
840 2753 936 2807 καὶ
968 2753 1181 2824 ἀπέδρα
1209 2750 1272 2804 τὸ
1316 2750 1530 2820 νόσημα
1552 2748 1645 2804 διά

87 2842 170 2912 τῆς
190 2845 287 2897 τῶν
318 2846 526 2917 χειρῶν
571 2844 667 2899 τοῦ
715 2844 874 2913 ἁγίου
911 2843 1232 2905 ἐπιθέσεως·
1270 2841 1365 2895 καὶ
1396 2839 1643 2910 ἀπῆλθεν

90 2936 246 3005 ὑμνῶν
271 2939 361 2991 καὶ
384 2937 643 3007 εὐλογῶν
663 2937 757 2991 τὸν
782 2937 916 2991 Θεὸν
963 2937 1063 2990 καὶ
1098 2936 1379 3004 Δεσπότην
1407 2936 1501 2987 καὶ
1528 2933 1645 2987 Σω-

86 3028 206 3099 τῆρα
223 3031 325 3084 τῶν
352 3032 620 3086 ἁπάντων
653 3029 912 3101 Χριστὸν,
937 3028 1031 3082 τὸν
1071 3028 1159 3082 ἀεὶ
1191 3026 1502 3097 παρέχοντα
1528 3025 1644 3088 τοῖς

88 3120 241 3187 ἁγίοις
264 3123 422 3177 αὐτοῦ
462 3121 584 3177 τῶν
620 3122 871 3192 ἰαμάτων
898 3119 997 3192 τὴν
1025 3117 1283 3189 δύναμιν,
1327 3118 1424 3171 καὶ
1452 3115 1522 3170 δι’
1541 3115 1644 3168 αὐ-

1747 1932 1871 1977 esto
1895 1938 2073 1980 sanus
2106 1925 2176 1979 ab
2212 1925 2314 1980 hac
2347 1927 2507 1997 plaga
2545 1937 2660 1983 tua.
2685 1929 2920 2002 Moxque
2943 1942 3002 1987 ut
3024 1934 3126 1988 hoc
3148 1934 3330 1989 dixis-

1746 2024 1849 2077 set,
1916 2016 2099 2070 soluta
2155 2026 2289 2074 sunt
2343 2020 2586 2088 vincula,
2633 2023 2844 2094 quibus
2903 2025 3329 2081 obstruentibus

1746 2120 1902 2176 aquae
1922 2108 2315 2164 detinebantur
2337 2110 2392 2165 in
2423 2121 2636 2182 ventre,
2665 2128 2730 2169 ac
2753 2123 2981 2171 meatus‘
2994 2119 3326 2173 naturalium

1744 2199 2132 2254 excretionum
2190 2205 2392 2271 aperti,
2446 2205 2868 2278 pereﬂ)uxitque
2920 2215 3036 2263 tota
3097 2210 3330 2280 adjectae

1746 2301 1904 2358 aqua:
1933 2289 2173 2359 illuvies,
2203 2307 2268 2348 ac
2304 2296 2450 2351 male
2504 2292 2662 2366 lapsu
2711 2301 2972 2370 temporis
3021 2302 3241 2359 collecti
3272 2305 3326 2359 in

1744 2379 2057 2438 visceribus
2085 2384 2239 2440 fetidi
2269 2386 2464 2443 latices
2482 2390 2741 2446 exhausti
2770 2396 3330 2467 sunt,convaluitque

1745 2470 1937 2540 homo,
2003 2489 2069 2530 ac
2125 2478 2350 2535 morbus
2409 2496 2670 2538 manuum
2736 2488 2911 2541 sancti
2973 2488 3328 2559 impositione

1743 2564 2371 2640 evanuit.Demumque,
2402 2570 2537 2627 abiit
2570 2574 2666 2629 ille
2699 2574 2932 2634 laudans
2968 2578 3326 2638 benedicens-

1743 2669 1853 2725 que
1880 2655 2052 2712 Deum
2083 2672 2149 2713 ac
2181 2658 2474 2717 Dominum
2537 2662 2993 2740 Salvatoremque
3042 2673 3332 2730 universo-

1745 2761 1869 2801 rum
1923 2748 2233 2818 Christum,
2265 2755 2359 2824 qui
2405 2770 2629 2827 semper
2660 2764 2876 2818 sanctis
2912 2763 3033 2820 suis
3064 2766 3326 2824 virtutem

1746 2840 1954 2910 prtebet
1981 2845 2359 2913 sanatiouum,
2391 2861 2458 2902 ac
2490 2864 2586 2919 per
2619 2865 2715 2906 eos
2743 2856 3132 2924 aegrotantium
3181 2873 3330 2914 mor-

1745 2929 1833 2986 bis
1890 2932 2162 2987 medetur.
2216 2934 2329 2992 Nos
2395 2952 2564 3008 porro
2617 2942 2832 3010 pariter
2888 2943 3203 3013 laudantes,
3260 2951 3327 3004 ad

1747 3023 1971 3079 tertium
2014 3024 2276 3099 deinceps
2338 3038 2689 3090 transeamus
2751 3035 2854 3090 viri
2907 3040 3087 3094 sancti
3142 3046 3330 3112 prodi-

1746 3131 1917 3186 gium.

90 3214 179 3264 τῶν
207 3217 291 3280 τὰς
314 3218 507 3282 νόσους
545 3215 655 3271 τῶν
694 3214 1019 3285 καμνόντων
1064 3213 1316 3284 ἰώμενον.
1361 3210 1554 3282 Ἡμεῖς
1586 3209 1646 3264 δέ
1685 3209 1786 3266 σὺν
1818 3213 1972 3286 αὐτῷ
1997 3214 2091 3270 τδν
2112 3214 2246 3271 Θεὸν
2275 3218 2699 3293 άνυμνήσωμεν,
2730 3225 2826 3279 καὶ
2854 3227 2947 3280 ἐπὶ
3001 3230 3183 3302 τρίτον
3240 3236 3331 3285 ὲν-

90 3305 251 3360 τεῦθεν
272 3311 566 3379 τεράστιον
594 3308 690 3364 τοῦ
719 3307 869 3363 ὁσίου
910 3302 1283 3377 μετέλθωμεν.

280 3442 413 3511 Περὶ
443 3441 567 3511 τῆς
592 3440 810 3508 ίάσεως
834 3439 943 3495 τοῦ
977 3438 1427 3513 δαιμονιῶντος.

148 3550 355 3618 Νεανίας
405 3572 497 3619 τις
546 3554 654 3629 υπὸ
696 3553 892 3608 σκαιοῦ
946 3553 1206 3625 δαίμονος
1259 3552 1642 3622 ἐλαυνόμενος,

94 3644 170 3696 καὶ
195 3648 274 3701 ἐπ’
307 3649 404 3701 οὐκ
428 3648 621 3716 ὀλίγον
653 3648 849 3719 χρόνον
878 3647 973 3700 ὑπ’
1018 3646 1186 3701 αὐτοῦ
1233 3644 1601 3715 κατεχόμενος
1627 3657 1645 3674 ο

96 3738 203 3791 ποτέ
258 3741 352 3809 μὲν
403 3742 618 3813 γυμνός
673 3757 761 3804 τις
809 3740 907 3794 καὶ
949 3738 1263 3810 ρακοδύτης
1306 3736 1640 3806 ηὑρίσκετο⁶

95 3829 201 3880 ποτέ
308 3833 401 3885 καί
436 3831 749 3904 μονοχίτων
779 3830 925 3886 κατά
962 3829 1228 3902 κρημνῶν
1276 3829 1371 3882 καὶ
1403 3826 1644 3897 βοθύνων

96 3922 391 3992 κατεφέρετο
417 3940 430 3954 ·
458 3924 558 3977 ὁτὲ
587 3923 667 3988 δὲ,
708 3923 789 3986 είς
816 3922 919 3994 ὅρη
957 3924 1054 3976 καὶ
1077 3921 1321 3992 ἐρημίας
1347 3919 1443 3974 καὶ
1472 3918 1645 3990 βάρα-

97 4012 181 4082 θρα
198 4016 548 4090 διωκόμενος,
585 4017 871 4088 δυστυχῶς
904 4012 1238 4087 ἐμαστίζετο
1267 4030 1281 4043 °
1333 4014 1429 4067 καὶ
1457 4011 1646 4067 ἄλλοτε

99 4105 196 4157 καθ’
223 4109 420 4164 ὑδάτων
448 4113 549 4165 καὶ
577 4108 867 4164 θαλασσῶν
901 4108 1223 4178 ἑλκόμενος,
1257 4106 1491 4159 θάνατον
1518 4105 1647 4157 ὐπο-

102 4194 254 4262 μένειν
287 4201 507 4269 ἠπείλει
550 4201 645 4253 τὸν
694 4202 991 4262 οίκτιστον,
1036 4199 1085 4251 εί
1129 4197 1205 4268 μὴ
1260 4196 1585 4267 προφθάσας
1619 4196 1648 4249 6

103 4288 243 4355 μέγας
272 4292 570 4357 Πατάπιος,
611 4292 714 4362 τὴν
763 4290 1066 4363 θεραπείαν
1108 4289 1357 4359 παρέσχε
1416 4287 1496 4358 τῷ
1546 4287 1647 4341 κά-

105 4392 256 4443 μνοντι
284 4385 348 4453 τῇ
376 4383 475 4438 τοῦ
517 4381 844 4452 Πνεῦματος
890 4379 1098 4450 χάριτι.
1124 4378 1190 4431 Τί
1221 4377 1370 4448 γάρ;
1402 4376 1495 4442 Ἐξ
1522 4376 1647 4430 ἁδο-

104 4468 240 4537 κήτου
278 4473 353 4545 τῷ
401 4473 603 4545 δικαίῳ
664 4474 1012 4542 συναντήσας
1070 4473 1100 4525 6
1143 4469 1454 4540 ἄνθρωπος,
1507 4470 1537 4522 6
1585 4470 1647 4524 τὸ

105 4559 289 4632 πνεῦμα
333 4566 679 4638 κεκτημένος
720 4565 819 4617 τοῦ
866 4563 1149 4632 δαίμονος,
1197 4561 1405 4633 ἤρξατο
1443 4561 1643 4633 πηδᾷν,

106 4651 182 4702 καὶ
203 4657 478 4727 ταράττειν
526 4656 953 4726 εὐπεριδρόμοις
990 4654 1283 4719 ἐξάλμασιν
1329 4653 1425 4706 καὶ
1470 4652 1646 4724 ἀφρὸν

2185 3438 2266 3496 De
2307 3445 2639 3502 dwmoniaco
2675 3458 2889 3503 sanato.

1815 3552 2053 3618 Quidam
2099 3552 2324 3623 juvenis
2350 3572 2383 3614 a
2412 3573 2559 3614 smvo
2607 3568 2771 3617 actus
2801 3562 3071 3629 daemone,
3126 3582 3332 3637 perque

1745 3651 1964 3714 tempus
2003 3645 2146 3702 haud
2184 3649 2444 3719 exiguum
2470 3659 2683 3716 tentus,
2722 3670 2869 3709 uune
2899 3658 3118 3725 quutem
3149 3661 3331 3715 nudus

1746 3737 2018 3806 pannisve
2043 3739 2260 3795 obsitus
2299 3742 2687 3799 inveniebatur
2722 3761 2737 3799 :
2797 3762 2948 3802 nunc
2998 3759 3181 3804 autem
3218 3767 3327 3805 una

1747 3827 1980 3885 indutus
2006 3830 2215 3895 tunica,
2260 3847 2357 3902 per
2385 3834 2507 3889 loca
2537 3845 2813 3906 praerupta
2851 3838 3146 3910 l'oveasque
3188 3857 3327 3913 pra:-

1748 3935 1877 3992 ceps
1909 3920 2182 3991 agebatur
2211 3940 2226 3976 :
2259 3923 2597 3996 quandoque
2628 3928 2695 3981 ad
2726 3936 2964 3995 montes,
2994 3929 3326 4004 desertaque

1745 4021 1801 4069 et
1837 4013 2056 4068 baratra
2093 4014 2308 4092 pulsusa
2332 4017 2533 4071 misere
2568 4019 2902 4088 vapulabat:
2938 4034 3327 4095 nonnunQuam

1746 4119 1844 4175 per
1875 4118 2046 4174 aquas
2071 4111 2125 4160 et
2156 4105 2331 4159 maria
2367 4116 2600 4175 tractus,
2634 4109 2972 4169 miserabilis
3002 4115 3201 4170 mortis
3234 4132 3330 4185 pe-

1747 4193 1989 4249 riculum
2050 4194 2355 4264 ingerebat,
2396 4197 2506 4253 nisi
2541 4213 2823 4270 occupans
2872 4216 3111 4273 magnus
3169 4204 3331 4261 Pata-

1749 4287 1895 4356 pius,
1929 4286 2107 4357 gratia
2141 4287 2390 4358 Spiritus
2422 4291 2625 4355 sancti,
2659 4294 2949 4362 aegrotanti
2983 4294 3328 4352 curationem

1749 4378 2123 4448 praestitisset.
2161 4379 2305 4446 Quid
2337 4381 2521 4436 enim?
2545 4380 2683 4436 Cum
2715 4399 2781 4439 ex
2831 4384 3135 4456 improviso
3166 4388 3332 4444 homo

1750 4470 1840 4526 ille
1873 4470 2084 4529 habens
2133 4471 2404 4528 daemonis
2452 4473 2712 4543 spiritum
2763 4473 2920 4544 justo
2967 4479 3329 4545 occurrisset,

1748 4576 1874 4616 mox
1923 4562 2154 4619 exsilire
2202 4563 2392 4633 cmpit,
2430 4565 2781 4636 saltibusque
2834 4583 2970 4638 gyro
3001 4585 3326 4633 excurrens.

1751 4653 2033 4717 territare,
2082 4667 2146 4707 ac
2200 4668 2297 4710 ore
2350 4669 2605 4723 spumam
2660 4657 2955 4727 despuere,
3008 4667 3065 4713 et
3108 4676 3331 4716 versare

103 4737 326 4799 ὲκπτύειν
362 4748 453 4802 τοῦ
496 4749 790 4819 στόματος,
831 4748 929 4800 καὶ
975 4748 1106 4810 τοὺς
1155 4745 1474 4815 ὀφθαλμοὺς
1506 4744 1636 4797 ὐπο-

1747 4745 1960 4804 oculos,
2002 4753 2373 4815 sanctumque
2414 4746 2731 4815 percellere.
2783 4749 2862 4804 Ac
2892 4764 3024 4804 vero
3064 4752 3328 4820 paulatim

106 4834 344 4903 στρέφειν,
371 4843 465 4894 καὶ
494 4840 900 4910 καταπλήττειν
937 4838 1032 4892 τὸν
1058 4841 1230 4894 ὅσιον.
1266 4838 1378 4892 Καὶ
1404 4837 1469 4907 δὴ
1503 4837 1649 4891 κατά

106 4927 273 4997 μικρὸν
311 4932 649 5004 πλησιάζων,
688 4932 840 5004 αὐτῷ
867 4934 1249 5004 κατεπήρχετο
1270 4946 1284 4961 ⁸
1320 4931 1397 4995 ὡς
1430 4931 1526 4985 καὶ
1577 4930 1647 4985 δι’

105 5015 244 5070 αὐτοῦ
271 5022 330 5074 τὸ
356 5026 574 5095 πνεῦμα
604 5026 800 5096 βοῆσαι
832 5027 931 5079 καὶ
957 5026 1137 5078 εἰπεῖν
1162 5023 1300 5095 πρὸς
1329 5024 1420 5078 τὸν
1460 5025 1609 5078 ὅσιον
1632 5041 1647 5054 ·

104 5098 163 5156 Ὠ
202 5110 431 5169 Πατάπιε
459 5118 635 5172 δίκαιε
665 5118 679 5170 ί
726 5118 814 5175 Τί.
847 5118 948 5181 τὰς
983 5116 1169 5187 Θήϐας
1199 5114 1534 5180 καταλιπὼν,
1564 5116 1650 5166 ὲν-

106 5192 212 5249 θάδε
235 5200 320 5254 νῦν
344 5209 721 5278 παραγέγονας
743 5224 759 5269 ς
793 5206 995 5276 Ἱ’ί,τὶ;ν
1022 5208 1299 5274 Αἴγυπτον
1332 5206 1521 5267 ἐάσας,
1548 5204 1647 5274 τὴν

109 5282 325 5352 βασιλίδα
359 5300 654 5363 κατέλαϐες
680 5316 698 5365 ;
723 5284 811 5364 Τί,
840 5297 939 5368 τὴν
973 5298 1183 5370 ἔρημον
1222 5296 1404 5367 ἀφεὶς,
1433 5297 1515 5360 εἰς
1547 5296 1645 5366 τὴν

1745 5031 1998 5075 sanctum
2029 5036 2044 5074 :
2073 5017 2119 5075 0
2144 5020 2295 5089 juste
2344 5018 2554 5088 Putapi,

1746 4835 2153 4905 propinquans,
2196 4836 2245 4888 ci
2277 4835 2529 4890 infensus
2566 4837 2878 4908 ingruebat,
2908 4852 2969 4894 ut
2997 4841 3163 4897 etiam
3220 4847 3334 4915 spi—

1746 4927 1887 4983 ritus
1929 4927 2193 4979 clamaret
2221 4942 2318 4996 per
2353 4927 2655 4992 hominem,
2690 4930 3010 5002 diceretque
3052 4934 3116 4987 ad
3151 4933 3330 4988 virum

2658 5025 2856 5093 utquid
2933 5026 3142 5081 relictis
3182 5026 3331 5082 The-

1748 5111 1855 5177 bis,
1885 5111 1992 5165 huc
2031 5111 2195 5165 modo
2235 5111 2551 5167 advenisti?
2620 5112 2847 5184 Ut'luid,
2876 5115 3115 5189 Egypto
3141 5118 3331 5172 valere

1751 5202 1928 5273 jussa,
1947 5201 2000 5256 in
2028 5203 2218 5258 urbem
2242 5214 2294 5259 te
2321 5204 2529 5276 regiam
2559 5207 2883 5261 contulisti?
2908 5210 3121 5278 utquid,
3156 5210 3329 5265 missa

1754 5295 1898 5349 facta
1929 5309 2137 5359 eremo,
2184 5296 2239 5349 in
2290 5297 2558 5351 mundum
2609 5299 2946 5367 prosiliisti?
2976 5304 3084 5353 Aut
3136 5315 3222 5355 me
3270 5300 3327 5355 iu

1295 5454 1681 5511 (ZOMBEFISII
1723 5454 1961 5510 NOTIE.

154 5540 250 5621 (85)
288 5545 351 5621 β(
386 5554 601 5621 ,τηεᾱὶοί
651 5554 750 5607 alii
812 5553 1173 5607 adhibuerim.
1225 5552 1640 5621 Κατάγρηνται.

101 5604 955 5692 ‘1"}""3btlsiiniu—crint"ilrididcﬁ
980 5604 1352 5677 curirsolaudis
1389 5604 1637 5692 Erfgrotis,

96 5680 219 5763 uului
252 5694 706 5763 saepelcvamtne.
766 5694 898 5746 Erat
944 5694 997 5747 iu
1034 5694 1202 5763 Hegio
1254 5680 1643 5746 οοιίἰειῖκατάὲ

1751 5549 1937 5612 litura,
1962 5558 2020 5602 ut
2048 5549 2297 5601 videatur
2330 5547 2473 5617 quod
2509 5545 2931 5617 restituiums_x’
2967 5562 3132 5599 manu
3162 5547 3325 5602 scioli

1748 5635 1967 5673 erasum
1995 5634 2115 5672 esse
2145 5615 2372 5686 excepto
2407 5626 2702 5685 augmento
2737 5634 2822 5669 κε.
2848 5615 2972 5670 Fuit
3002 5624 3327 5673 cetteerasa

1750 5690 1932 5745 littera
1986 5690 2170 5759 aliqua
2208 5691 2395 5742 animo
2426 5687 2790 5748 restituenda,
2818 5703 2926 5756 qua
2970 5688 3129 5755 plane
3176 5692 3326 5745 nulla

101 5761 285 5818 ρτινταιν
307 5759 412 5817 sed
446 5765 785 5833 interpolata
831 5759 1423 5832 dictionefhiatuque
1452 5763 1634 5815 medio
1661 5761 1836 5818 etalia
1868 5759 2054 5813 luerit.

377 5850 657 5915 l‘amon.
704 5856 819 5915 Gn.
866 5854 1073 5915 XCVU

2858 5844 2930 5906 39
