3830 6326
109 350 286 416 ῙΞΞθ

1454 352 1531 412 IN
1575 353 1636 411 S.
1680 353 2091 414 PATAPIUM.

3281 361 3411 429 1230

107 465 279 534 περὶ
310 465 408 519 τοῦ
443 463 716 535 μακαρίου
751 462 1057 529 ἀκούσασα,
1096 461 1370 532 δρομαίως
1401 463 1540 534 πρὸς
1569 465 1732 518 αὐτὸν

1851 467 1902 520 id
1934 482 2055 522 eam
2084 468 2188 522 viri
2233 469 2382 525 beati
2433 471 2578 527 {atina
2612 471 3062 544 percrebuisset,
3106 473 3305 530 festina
3341 481 3412 533 ad

104 555 541 625 παραγίνεται,
589 555 684 608 καὶ
731 556 846 616 τοῖς
900 552 1028 606 ποσὶ
1073 552 1174 624 τὴν
1231 553 1476 624 κεφαλὴν
1524 554 1730 607 ὑποκύ-

111 662 388 710 πτουσα,
427 645 532 698 τῶν
561 633 803 712 γονάτων
831 646 1129 713 ἐφήπτετο,
1177 644 1272 699 καὶ
1295 645 1476 700 τοιάδε
1525 645 1732 716 γοερῶς

115 736 537 802 ἁντιϐολοῦσα,
584 737 873 807 ἐδυσφόρει
909 735 1004 790 καὶ
1035 734 1193 802 ἔλεγε
1217 749 1231 762 ·
1284 735 1449 793 Δοῦλε
1480 737 1574 788 τοῦ
1598 735 1733 792 Θεοῦ

118 827 257 882 τῶν
287 828 452 891 ὅλων,
485 828 758 890 Πατάπιε,
787 827 937 884 iacui
969 843 1036 896 με
1058 827 1157 898 τὴν
1184 827 1466 896 δύστηνον,
1499 828 1596 898 τὴν
1634 829 1736 880 πά-

125 936 249 988 σης
316 920 520 990 ἔρημον
559 919 833 990 βοηθείας.
883 920 1037 972 Δίδου
1093 919 1267 991 δῶρον
1312 921 1373 972 τὸ
1420 921 1732 989 φάρμακον.

129 1012 328 1066 Οὐδέν
351 1029 440 1082 μοι
465 1013 575 1082 γὰρ
602 1012 1014 1068 ὑπολέλειπται.
1035 1013 1222 1068 Πάντα
1249 1015 1325 1076 εἰς
1357 1015 1577 1082 ἰατροὺς
1598 1030 1735 1065 κατ-

131 1104 433 1176 ηνάλωαα,
464 1104 627 1170 ἀλγος
669 1104 869 1174 μᾶλλον
899 1104 932 1173 ἢ
970 1105 1261 1176 φάρμακον
1313 1103 1733 1170 ὲγκολπώσασα.

137 1195 520 1264 Μεμνημένος
539 1190 632 1247 οὖν
660 1194 989 1264 τοῦΚυρίου
1018 1196 1288 1263 λέγοντος·
1329 1215 1347 1246 ι
1375 1196 1595 1266 Δωρεάν
1617 1194 1738 1246 ἐλά-

144 1285 308 1348 ϐετε,
337 1286 548 1357 δωρεάν
581 1286 723 1350 δότε,
764 1305 784 1339 ι
838 1287 989 1340 ῐασαί
1023 1305 1112 1356 με,
1137 1289 1237 1357 τὴν
1260 1289 1457 1349 διττοῖς
1512 1288 1735 1340 ὑποκει-

149 1377 335 1448 μένην
366 1378 582 1430 ἐλκεαιν
604 1395 618 1409 ·
653 1377 937 1449 ἀρρωστίᾳ
973 1379 1067 1431 καὶ
1096 1378 1285 1449 πενίᾳ.
1316 1379 1408 1432 Διὸ
1433 1377 1630 1446 διπλῆν
1657 1379 1740 1430 αί-

1841 572 1967 613 eum
1992 559 2162 625 venit,
2184 571 2462 631 caputque
2492 564 2769 622 inclinans
2799 566 2922 636 ejus
2953 566 3210 636 pedibus,
3236 583 3412 638 genua

1841 650 2224 719 apprehendit,
2253 669 2319 708 ac
2355 655 2785 712 lamentabili-ter
2806 659 3149 728 supplicans,
3179 660 3232 714 in
3271 660 3416 715 hunc

1843 742 2058 796 modum
2095 743 2356 812 quiritari
2389 749 2576 817 coepit,
2612 763 2676 802 ac
2704 749 2891 803 dicere
2930 767 2943 803 :
2974 748 3068 804 Dei
3123 752 3412 807 universo-

1843 847 1964 888 rum
2001 849 2181 899 serve,
2203 834 2415 906 Patapi,
2452 853 2588 892 sana
2625 855 2712 894 me
2741 841 3034 906 miseram,
3067 845 3215 898 omni
3260 845 3419 912 plant:

1842 925 2052 979 auxilio
2084 926 2430 983 destitutam.
2470 929 2658 985 Gratis
2692 933 2874 1001 prmbe
2906 934 3233 987 remedium.
3275 935 3417 989 Nihil

1841 1015 2116 1085 siquidem
2157 1019 2432 1089 reliquum
2466 1032 2572 1077 est.
2605 1021 2802 1078 Omnia
2846 1025 3114 1093 insumpsi
3158 1027 3211 1080 in
3248 1029 3421 1082 medi-

1843 1120 1963 1168 cos,
1997 1106 2188 1164 dolore
2219 1111 2406 1178 potius
2455 1113 2580 1168 sinu
2613 1115 2848 1167 collecto
2875 1154 2890 1179 ,
2945 1132 3104 1182 quam
3158 1118 3417 1174 remedio.

1846 1195 2051 1252 Memor
2111 1199 2286 1269 igitur
2323 1201 2540 1256 Domini
2573 1204 2858 1258 dicentis:
2911 1223 2930 1256 ι
2968 1205 3153 1260 Gratis
3203 1211 3424 1277 accepi-

1845 1288 1968 1352 stis,
1996 1291 2168 1358 gratis
2191 1293 2395 1358 datel;
2429 1312 2446 1344 ι
2475 1309 2607 1348 sana
2653 1296 2855 1364 duplici
2889 1297 3059 1350 ulceri
3087 1298 3376 1352 obnoxiam
3401 1339 3416 1362 ,

1844 1380 2185 1448 aegritudini,
2253 1383 2502 1451 inquam.
2559 1392 2612 1438 ct
2669 1389 3009 1457 paupertati.
3047 1389 3422 1454 Quamobrem

145 1467 230 1520 τῶ
261 1469 368 1538 τήν
399 1470 667 1522 ἀντίδοσιν
691 1485 706 1500 ο
744 1468 1191 1538 ἀλεξιφάρμακον
1236 1472 1378 1522 ἴασιν
1402 1508 1416 1532 ,
1465 1469 1558 1521 καὶ
1595 1466 1740 1520 δόσιν

1851 1484 1979 1539 rogo
2031 1471 2306 1541 duplicem
2371 1476 2816 1542 retributionem,
2868 1478 3129 1533 nimirum
3179 1482 3425 1535 medica-

145 1562 496 1632 ἀνάργυρον.
545 1560 702 1614 Οὕτω
743 1561 852 1630 γάρ
885 1577 970 1614 σοι
1013 1561 1224 1615 κελεύει
1251 1561 1451 1614 διδόναι
1478 1561 1537 1613 τὸ
1579 1561 1740 1630 χάρι-

1848 1572 2094 1615 mentum
2132 1564 2280 1631 quod
2316 1567 2566 1618 morbum
2596 1567 2856 1636 depellat,
2889 1570 3278 1639 dationemque
3304 1587 3429 1642 pre-

146 1672 298 1725 σμα,
333 1654 432 1708 καὶ
459 1653 601 1708 οὕτω
651 1671 718 1724 με
749 1652 1048 1723 λαμὸἀνειν
1085 1651 1548 1721 παρακελεύεται.
1595 1649 1654 1702 '0
1684 1650 1741 1702 δὲ

1851 1652 1927 1705 ιίο
1961 1654 2210 1707 liberam.
2255 1653 2345 1708 Sic
2377 1657 2524 1709 cutim
2559 1657 2649 1712 ille
2692 1660 2943 1728 praecipit
2974 1667 3034 1714 ut
3061 1660 3158 1716 des
3203 1679 3424 1726 munus,

149 1747 460 1816 μακάριος,
490 1745 682 1817 ὥσπερ
730 1745 1070 1815 κατελεήσας
1121 1743 1310 1813 αὐτὴν,
1361 1741 1696 1813 ἀπεκρίνατο
1724 1757 1738 1771 ·

1852 1744 2215 1814 hortaturque
2257 1755 2312 1800 et
2345 1757 2535 1803 mouet
2569 1759 2626 1802 ut
2669 1765 2737 1803 eo
2782 1751 2946 1804 modo
2982 1751 3100 1820 ipsa
3133 1755 3424 1823 accipiam.

147 1838 216 1890 Εί
247 1837 537 1901 πιστεύεις
571 1838 651 1906 τῷ
691 1839 796 1906 τὴν
821 1836 1072 1902 ἐξουσίαν
1115 1836 1312 1907 ἔχοντι,
1347 1834 1487 1898 ἕξεις
1520 1833 1612 1887 τοῦ
1650 1834 1749 1886 πό-

1852 1833 1921 1886 At
1969 1833 2054 1887 vir
2098 1834 2318 1899 beatus,
2362 1837 2678 1893 miserantis
2704 1840 2896 1908 specie
2934 1860 2947 1894 :
2990 1841 3048 1894 Si
3095 1844 3298 1906 credis,
3350 1847 3430 1898 in-

145 1928 252 1981 θου
285 1930 348 1982 τὸ
375 1929 570 1998 πέρας.
600 1929 660 1980 Ei
692 1928 876 1981 πίστιν
897 1927 1044 1998 ἔχεις
1071 1927 1344 1996 είλικρινῆ
1373 1925 1468 1978 καὶ
1482 1924 1745 1990 διάθεσιν,

143 2021 259 2092 ἔσῃ
291 2023 459 2093 ὑγιὴς
486 2022 580 2076 καὶ
605 2021 931 2091 ἀνάλγητος.
977 2020 1042 2072 Ἠ
1078 2019 1136 2072 δὲ
1161 2017 1432 2088 ταυρηδὸν
1473 2018 1622 2083 ὲὸόα,
1654 2019 1750 2072 καὶ

143 2112 317 2181 ἔλεγε
341 2129 356 2143 ο
412 2115 600 2172 Πίστει
658 2115 1066 2185 προσέρχομαι,
1095 2113 1372 2165 δέσποταο
1430 2111 1610 2164 πίστει
1647 2110 1750 2182 τὴν

152 2202 308 2256 ἴασιν
349 2204 650 2273 κομίσομαι
677 2219 690 2232 ·
739 2204 813 2274 μὴ
856 2199 951 2256 οὖν
996 2202 1412 2274 ἀποστραφείην
1446 2205 1479 2272 ἠ
1519 2202 1750 2256 τάλαινα

150 2294 239 2365 μὴ
270 2294 516 2348 λαϐοῦσα
545 2294 640 2348 τοῦ
672 2295 866 2358 ἒλκους
897 2295 997 2366 τήν
1031 2296 1176 2350 ἴασιν
1201 2312 1216 2326 ⁸
1253 2297 1330 2366 μὴ
1366 2295 1529 2350 πάλιν
1565 2296 1748 2350 οἴκαδε

144 2389 250 2442 τὸν
283 2391 546 2458 καρκίνον
575 2388 889 2460 κεκτημένη
920 2388 1262 2462 πορεύσομαι
1289 2404 1302 2416 ·
1339 2388 1401 2441 οὐ
1444 2389 1554 2459 γάρ
1589 2389 1747 2460 φέρω

149 2480 260 2542 τὰς
307 2479 632 2549 ἀλγηδόνας.
685 2480 761 2532 Οὐ
810 2481 990 2548 στέγω
1027 2480 1156 2542 τοὺς
1206 2480 1534 2550 αἰκισμούς·
1587 2480 1749 2551 μέχρι

153 2573 363 2644 βάθους
392 2573 619 2644 καρδίας
649 2573 954 2643 σπαράττει
985 2589 1051 2642 με
1074 2588 1090 2604 ο
1120 2572 1292 2643 αὐτήν
1321 2589 1424 2642 μου
1453 2574 1552 2642 τὴν
1571 2573 1749 2644 ψυχὴν

152 2669 387 2739 ἐκτήκει
414 2669 476 2720 τὸ
498 2667 714 2736 νόσημα
738 2682 752 2696 ·
782 2665 918 2718 ἀλλά
942 2665 1135 2734 δέομαί
1160 2681 1279 2729 σου,
1305 2665 1526 2735 ἐλέησόν
1557 2681 1624 2734 με
1651 2665 1751 2736 τήν

153 2760 378 2813 ἀθλίαν.
421 2759 480 2811 '0
500 2758 558 2810 δὲ
589 2756 864 2828 ραγδαίως
888 2754 1059 2826 αὐτὴν
1093 2755 1200 2808 ὑπὸ
1223 2756 1318 2808 τοῦ
1354 2757 1559 2818 πάθους
1587 2755 1751 2823 ἀλγυ-

153 2851 404 2920 νομένην
453 2847 734 2918 ἑωρακὼς,
784 2847 1091 2918 ἐπέτρεπεν
1126 2846 1490 2900 ἐπιδεικνύειν
1522 2848 1615 2902 τὸν
1657 2848 1749 2900 τό·

156 2959 266 2995 πον
302 2941 400 2993 τοῦ
430 2941 757 3011 νοσήματος.
799 2939 914 2994 Καὶ
949 2939 1015 3009 δή
1061 2939 1160 3008 τὴν
1200 2939 1365 3009 ἀγίαν
1395 2938 1561 2996 αὐτοῦ
1591 2943 1751 3010 χεῖρα

157 3032 376 3094 ἐπιθεὶς
405 3032 482 3100 τῷ
514 3030 691 3100 μαζῷ,
738 3029 833 3083 καὶ
886 3029 986 3099 τήν
1033 3028 1310 3099 σφραγίδα
1354 3026 1448 3081 τοῦ
1509 3027 1749 3097 σταυροῦ

159 3125 561 3192 ποιησάμενος,
589 3122 720 3176 ἔνθα
753 3120 849 3174 τοῦ
887 3119 1148 3191 καρκίνον
1173 3120 1234 3173 τὺ
1263 3120 1437 3183 πάθος
1463 3121 1746 3190 ἐτύγχανε,

159 3220 305 3285 φησὶ
351 3217 487 3286 πρὸς
529 3216 700 3284 αὑτήν
725 3231 738 3243 ·
781 3215 840 3266 ὐ
865 3212 1019 3276 Θεὸς,
1060 3206 1106 3266 ὧ
1157 3211 1344 3280 γῦναι,
1370 3213 1450 3275 είς
1483 3213 1541 3266 ὃν
1570 3215 1633 3266 σὺ
1657 3231 1755 3266 πμ

165 3307 446 3360 στεύσασα
496 3307 634 3376 πρὸς
678 3308 829 3375 ἡμᾶς
865 3305 1272 3376 παραγέγονας,
1303 3303 1472 3367 αὑτός
1521 3322 1614 3358 σου
1654 3305 1752 3375 τὴν

166 3404 358 3456 πίστιν
412 3400 745 3471 δεξάμενος,
795 3400 1195 3470 ἀνταμείψεται
1246 3399 1340 3453 τοῦ
1399 3400 1604 3463 πάθους
1653 3401 1752 3470 τὴν

171 3495 318 3548 ἴασιν
348 3510 361 3524 ’
397 3497 430 3564 ή
485 3495 583 3562 μὲν
610 3494 720 3563 γὰρ
756 3493 939 3556 πίστις
967 3509 1086 3554 σου,
1111 3492 1362 3562 τολμηρά
1386 3509 1448 3544 τε
1481 3493 1575 3546 καὶ
1601 3492 1754 3557 ζέου-

171 3601 260 3639 σα·
277 3586 337 3636 τὸ
367 3584 424 3636 δὲ
452 3584 645 3648 πάθος,
679 3583 918 3653 χαλεπόν
947 3582 1125 3636 τεκαὶ
1151 3581 1424 3635 δυσίατον.
1467 3582 1611 3633 Ἀλλ’
1644 3600 1662 3632 ι
1688 3582 1752 3634 Ἡ

170 3679 357 3739 πίστις
389 3692 484 3729 σου
518 3675 728 3728 σέσωκέ
760 3692 844 3737 σε,
892 3673 1130 3747 πορεύου
1164 3675 1245 3736 εἰς
1289 3674 1536 3742 εἰρήνην.
1570 3692 1588 3722 ι
1642 3673 1753 3726 Kal

171 3767 416 3839 ἀπῆλθεν
447 3771 481 3837 ἡ
509 3769 672 3838 γυνὴ,
699 3768 828 3837 ὑγιῆ
861 3767 1100 3820 λαϐοῦσα
1121 3766 1214 3819 τὸν
1253 3764 1422 3834 μαζὸν
1464 3764 1558 3816 καὶ
1589 3764 1752 3818 ἀνάλ-

171 3879 361 3932 γητον,
399 3860 699 3925 δοξάζουσα
735 3861 828 3914 τὸν
860 3859 1017 3923 Θεὸν,
1045 3859 1140 3912 τὸν
1181 3859 1269 3912 ἀεὶ
1294 3858 1611 3927 παρέχοντα
1639 3858 1750 3920 τοίς

173 3953 350 4022 άγίοις
377 3951 487 4004 τῶν
512 3953 758 4022 ίαμάτων
785 3953 883 4020 τὴν
917 3952 1173 4020 δύναμιν.

241 4129 432 4184 Ταῦτα
458 4127 555 4182 τοῦ
599 4127 754 4196 ἁγίου
800 4126 1084 4180 Παταπίου
1138 4124 1206 4186 τά
1253 4123 1532 4192 θαύματα.
1566 4121 1754 4176 Ταῦτα

173 4220 284 4274 τῶν
315 4222 531 4274 ἐκείνου
562 4220 742 4274 πόνων
775 4219 844 4274 τά
884 4217 1121 4272 ἔπαθλα·
1158 4215 1295 4285 αὕτη
1332 4217 1364 4286 ἡ
1416 4216 1617 4286 μερικὴ
1643 4214 1754 4268 τῶν

175 4315 268 4367 ὑπ’
298 4313 466 4367 αὐτοῦ
490 4314 796 4381 γενομένων
828 4310 1132 4383 τεραστίων
1157 4309 1430 4378 διήγησις.
1461 4309 1754 4370 Τοιαύταις

177 4406 432 4474 ἀμοισαίς
461 4405 588 4466 τοὺς
627 4401 822 4456 ἑαυτοῦ
855 4401 1196 4471 θεράποντας
1225 4401 1264 4472 ὁ.
1292 4398 1568 4466 Δεσπότης
1605 4399 1754 4467 φιλο-

1778 3170 1820 3226 C

1849 1927 1992 1996 quit,
2018 1928 2070 1982 ei
2102 1927 2193 1996 qui
2236 1929 2400 1984 habet
2440 1939 2795 2000 potestatem,
2840 1934 3114 1988 intentum
3157 1936 3430 1992 desiderio

1851 2019 2013 2072 linem
2046 2023 2428 2090 consequeris.
2463 2025 2519 2078 Si
2556 2024 2818 2080 habueris
2851 2027 3126 2081 sinceram
3168 2027 3334 2085 Iidem.
3363 2045 3429 2084 ac

1850 2108 2231 2178 adfectionem,
2265 2127 2400 2168 sana
2452 2115 2566 2170 eris
2603 2125 2657 2170 et
2691 2132 2719 2168 a
2753 2117 2946 2171 dolore
2994 2118 3275 2173 immunis.
3333 2122 3427 2174 illa

1849 2215 1982 2255 vero
2030 2203 2182 2256 velut
2233 2204 2375 2258 tauri
2427 2206 2648 2261 sublato
2693 2209 2904 2277 mugitu
2944 2209 3113 2262 altum
3159 2210 3424 2276 clamans,

1849 2293 1966 2347 ait:
1997 2293 2244 2350 Credens
2290 2299 2511 2361 accedo,
2557 2298 2817 2366 domine;
2852 2301 2955 2356 lide
3008 2301 3298 2356 sanitatem
3341 2319 3424 2357 re-

1849 2385 2120 2454 portabo;
2154 2403 2220 2442 ne
2259 2403 2393 2458 ergo
2427 2391 2628 2446 misera
2651 2431 2665 2456 ,
2698 2406 2807 2446 non
2834 2400 3032 2447 curato
3060 2394 3294 2448 vulnere
3343 2410 3426 2449 re-

1849 2477 2030 2544 diero;
2063 2494 2132 2533 ne
2159 2480 2361 2534 iterum
2396 2495 2606 2535 cancro
2635 2482 2897 2537 laborans
2929 2484 3157 2538 domum
3190 2485 3382 2541 abiero
3410 2504 3425 2554 ;

1849 2585 1960 2623 non
1987 2572 2138 2624 enim
2176 2571 2295 2626 fero
2329 2575 2651 2639 cruciatus;
2708 2590 2822 2630 non
2881 2578 3136 2632 sustineo
3167 2593 3384 2647 pmnam
3413 2599 3427 2648 ;

1851 2661 1918 2715 ad
1950 2678 2122 2732 usque
2159 2664 2327 2718 imum
2360 2681 2461 2720 cor
2486 2666 2792 2736 discrrpit;
2824 2669 2996 2737 ipsam
3025 2671 3264 2726 animam
3284 2687 3431 2726 mor-

1850 2753 1903 2806 bi
1963 2753 2044 2808 vis
2077 2754 2340 2811 tabei'acit
2375 2774 2388 2810 :
2425 2759 2522 2811 sed
2557 2775 2688 2828 rogo
2747 2767 2800 2812 te
2837 2769 2898 2814 ut
2951 2762 3274 2817 miserearis
3325 2767 3431 2819 mei

1852 2848 2084 2900 miserae.
2116 2847 2165 2902 Is
2196 2863 2383 2918 porro,
2442 2850 2532 2904 ubi
2582 2852 2902 2907 horribilius
2951 2854 3181 2910 vidisset
3238 2855 3433 2912 dolore

1851 2936 2176 3003 cruciatam,
2223 2938 2393 3006 jussit
2434 2949 2492 2992 ut
2530 2941 2708 2994 morbi
2759 2942 2937 2996 locum
2973 2944 3316 3000 ostenderet.
3350 2949 3435 3000 Ac

1851 3040 1981 3079 vero
2023 3042 2178 3082 sacra
2211 3044 2376 3083 manu
2430 3047 2680 3086 mamma:
2713 3034 2991 3102 imposita,
3027 3039 3326 3106 crucisque
3359 3039 3434 3092 si-

1853 3119 2124 3186 gnaculo,
2183 3135 2289 3188 qua
2350 3132 2502 3190 parte
2549 3137 2752 3178 cancer
2797 3127 3084 3191 exedebat,
3142 3143 3432 3198 expresso,

1855 3211 1931 3262 ait
1957 3211 2024 3264 ad
2049 3226 2207 3265 eam:
2248 3211 2412 3278 Deus,
2472 3229 2504 3267 ο
2558 3215 2778 3281 mulier,
2823 3218 2879 3270 in
2915 3234 3074 3286 quem
3103 3221 3337 3275 credens
3365 3222 3434 3274 ad

1855 3317 1958 3357 nos
2004 3304 2240 3368 venisti,
2285 3306 2399 3374 ipse
2451 3315 2543 3359 tua
2585 3316 2840 3378 suscepta
2893 3309 2998 3365 ﬁde
3055 3313 3434 3381 probataque,

1854 3410 2044 3450 sanam
2072 3399 2449 3468 sospitemque
2481 3415 2512 3452 a
2541 3401 2732 3456 morbo
2761 3401 2978 3458 ellicict.
3006 3403 3150 3459 Sane
3185 3405 3435 3474 quidem,

1852 3499 1940 3542 est
1982 3490 2116 3544 lides
2160 3501 2432 3559 praestans
2460 3506 2838 3562 accensaque,
2866 3504 2922 3548 at
2969 3497 3196 3552 morbus
3228 3500 3437 3568 gravis,

1853 3591 1908 3637 et
1935 3583 2172 3638 diﬂicilis
2224 3593 2420 3638 curatu
2450 3602 2465 3650 ;
2508 3586 2814 3650 enimvero,
2847 3606 2866 3638 ι
2904 3585 3070 3644 Fides
3103 3597 3194 3643 tua
3243 3600 3295 3646 te
3329 3592 3438 3644 sal-

1854 3691 1977 3728 vam
2023 3674 2187 3739 fecit;
2227 3677 2364 3731 vade
2398 3679 2452 3730 in
2485 3691 2620 3743 pace
2651 3686 2696 3729 ³.
2747 3697 2766 3727 ι
2805 3678 3068 3748 Abiitque
3108 3682 3310 3737 mulier
3351 3698 3438 3734 rc-

1853 3771 2015 3832 cepto
2057 3779 2197 3818 sano
2225 3765 2395 3819 ubere
2427 3755 2493 3818 ac
2523 3765 2717 3819 dolore
2767 3781 2966 3832 vacuo,
3010 3767 3180 3822 Deum
3221 3769 3438 3840 gloriﬁ-

1850 3856 2012 3919 cans,
2055 3857 2152 3924 qui
2202 3871 2420 3925 semper
2475 3855 2832 3911 sanationum
2897 3859 3167 3914 virtutem
3233 3862 3440 3930 prabet

1855 3947 2066 4003 sanctis
2095 3948 2240 4003 suis.

1926 4122 2003 4177 Ea
2036 4129 2166 4176 sunt
2191 4121 2371 4178 sancti
2404 4121 2619 4195 Patapii
2655 4125 2926 4181 miracula
2963 4144 2976 4180 :
3029 4127 3145 4181 haec
3186 4127 3438 4183 laborum

1856 4213 1979 4282 ejus
2017 4216 2265 4284 praemia.
2300 4215 2425 4271 Haec
2464 4217 2532 4271 ab
2565 4233 2632 4271 eo
2679 4227 3025 4288 patratorum
3063 4218 3438 4289 prodigiorum

1858 4297 2218 4372 particularis
2278 4306 2549 4360 narratio.
2613 4307 2706 4363 Sic
2763 4305 3030 4364 Dominus
3093 4309 3270 4364 servis
3324 4309 3440 4364 suis

1856 4398 2150 4466 magniﬁce
2202 4399 2482 4453 retribuit.
2529 4418 2547 4451 ι
2589 4399 2646 4454 Si
2691 4401 2827 4468 quid
2875 4401 3048 4464 enim,
3103 4400 3304 4470 inquit,
3345 4416 3440 4468 pe-

177 4499 433 4567 τιμεῖται.
483 4513 502 4547 ι
537 4495 626 4547 Ἐν
673 4493 784 4562 γὰρ
829 4491 906 4562 τῷ
951 4490 1177 4560 ὀνόματί
1209 4508 1334 4560 μου.
1386 4491 1571 4559 φησιν,
1604 4490 1630 4541 ὃ
1659 4491 1752 4544 ἐάν

1864 4488 2066 4543 tieritis
2097 4490 2311 4544 Patrem
2365 4491 2418 4544 in
2465 4491 2691 4546 nomine
2729 4506 2888 4555 meo,
2933 4492 3088 4547 dabit
3132 4492 3293 4546 vobis
3327 4505 3374 4544 ο.
3417 4509 3436 4544 ι

179 4591 441 4658 αἰτήσητε
477 4586 629 4656 παρά
666 4585 760 4639 τοῦ
789 4586 1004 4653 Πατρός
1039 4601 1161 4653 μου,
1205 4583 1368 4636 δώσει
1421 4583 1569 4650 ὑμῖν.
1595 4600 1612 4633 ι
1645 4581 1752 4634 Καὶ

1865 4582 1942 4636 Ac
1977 4581 2199 4651 quidem
2232 4583 2404 4651 justo,
2461 4585 2589 4638 dum
2647 4594 2792 4639 esset
2842 4584 2896 4636 in
2957 4585 3237 4646 humanis,
3267 4597 3296 4636 a
3335 4582 3443 4637 Deo

176 4681 244 4734 τά
275 4680 375 4750 μὲν
410 4680 556 4730 κατά
591 4677 690 4747 τὴν
721 4675 1006 4746 παροῦσαν
1045 4676 1192 4746 ζωὴν
1224 4675 1374 4744 παρά
1408 4673 1544 4727 Θεοῦ
1570 4671 1647 4742 τῷ
1674 4673 1752 4726 δι-

1859 4673 2090 4736 donata,
2139 4674 2211 4727 ita
2271 4674 2517 4730 habent:
2571 4673 2662 4727 ubi
2726 4681 2910 4728 autem
2972 4675 3270 4743 migrasset
3303 4689 3441 4728 con-

180 4773 315 4839 καίῳ
352 4771 731 4840 δεδωρημένα,
764 4768 994 4822 τοιαῦτα
1014 4784 1027 4799 ·
1052 4769 1120 4821 τὰ
1151 4767 1207 4820 δὲ
1250 4767 1388 4836 μετά
1418 4766 1516 4837 τὴν
1544 4764 1752 4818 ἐνθένδε

1858 4778 2040 4828 cessa,
2099 4770 2264 4832 atque
2329 4764 2598 4817 hactenus
2658 4762 2906 4816 omnium
2962 4763 3255 4817 decantata
3320 4779 3438 4829 ore,

183 4864 535 4932 μετάστασιν,
569 4856 657 4914 οἷα
689 4861 782 4913 καὶ
815 4861 914 4913 ὅσα
941 4877 955 4891 ·
991 4859 1026 4914 ἃ
1051 4859 1146 4912 καὶ
1196 4859 1357 4928 μέχρι
1387 4857 1482 4911 τοῦ
1516 4857 1612 4909 νῦν

1859 4858 2042 4927 qualia
2077 4865 2210 4914 sunt
2261 4873 2324 4912 ac
2374 4857 2622 4928 quanta?
2664 4856 2835 4911 Porro
2891 4857 3072 4914 visum
3123 4867 3209 4914 est
3260 4871 3323 4914 ut
3374 4875 3443 4914 ne

180 4971 266 5008 ται
294 4935 728 5024 τραγιρδούμενα
763 4967 776 4980 ·
807 4950 844 5005 ἃ
868 4951 959 5006 διά
982 4951 1083 5022 τὴν
1112 4950 1208 5004 τοῦ
1231 4951 1388 5018 λόγου
1424 4950 1752 5019 παράτασιν,

1861 4951 2027 5006 modo
2059 4950 2320 5006 cavenda:
2356 4951 2696 5022 prolixitatis
2746 4952 2945 5020 gratia,
2977 4967 3168 5006 eorum
3203 4955 3444 5010 mentio-

181 5046 382 5116 ἀρτίως
411 5043 818 5115 ἐπιμνησθῆναι
845 5044 948 5096 ούκ
991 5043 1214 5113 ἔκρινα,
1253 5044 1326 5112 μή
1368 5059 1486 5105 πως
1514 5041 1591 5110 τῷ
1623 5041 1752 5114 πλή-

1862 5057 1988 5096 nem
2022 5041 2279 5105 inferam,
2315 5057 2380 5096 ac
2415 5057 2482 5095 ne
2515 5041 2918 5096 miraculorum
2947 5041 3112 5110 copia
3147 5041 3442 5094 nonnullos

181 5139 259 5193 θει
283 5139 394 5192 τῶν
427 5138 725 5208 θαυμάτων
752 5137 833 5198 είς
861 5136 1122 5189 ἀπιστίαν
1175 5134 1383 5188 ἐλθοιέν
1427 5151 1591 5199 τινες,
1620 5135 1752 5204 ὅπερ

1863 5137 1920 5191 in
1979 5136 2425 5191 incredulitatem
2480 5135 2752 5206 impellat.
2797 5134 2948 5206 quod
2993 5148 3100 5188 non
3143 5131 3441 5187 admodum

179 5232 274 5283 οὐκ
303 5229 553 5299 ἄμεινον.
604 5227 745 5281 Ἀλλ’
786 5229 970 5280 ἐκεῖνα
1017 5227 1255 5296 στόμασι
1307 5227 1406 5295 μὲν
1454 5224 1752 5296 ἀνθρώπων

1861 5229 2106 5299 expedit.
2132 5227 2536 5299 Relinquentes
2557 5242 2690 5298 ergo
2716 5227 3004 5281 hOminum
3028 5223 3304 5279 celebrata
3322 5237 3441 5284 ore,

177 5322 404 5392 ἀφέντες
435 5321 699 5392 ᾀδόμενα,
727 5319 848 5391 Θεῷ
880 5320 938 5373 δὲ
963 5320 1141 5394 μόνῳ,
1186 5319 1266 5390 τῷ
1311 5319 1376 5371 δι’
1409 5313 1470 5372 οὗ
1500 5319 1752 5387 γεγόνασι

1865 5319 2086 5391 Deoque
2125 5320 2252 5386 soli,
2291 5319 2454 5387 cujus
2490 5326 2623 5374 sunt
2657 5324 2871 5388 patrata
2914 5317 3118 5370 virtute
3145 5354 3160 5377 ,
3196 5311 3441 5380 cognita,

177 5413 585 5485 γινωσκόμενα,
638 5411 873 5465 ἐνταῦθα
919 5407 1009 5466 τὸν
1068 5411 1228 5480 λόγον
1284 5410 1752 5480 καταπαύσωμεν,

1865 5411 2028 5466 ﬁnem
2087 5412 2178 5466 hic
2210 5410 2429 5467 dicendi
2483 5410 2780 5473 faciamus,
2816 5407 2909 5461 ubi
2945 5407 3214 5460 duntaxat
3267 5416 3441 5472 pauca

179 5509 352 5580 μικρά
381 5507 651 5577 πρότερον
699 5506 832 5576 περὶ
864 5505 964 5576 τῆς
999 5503 1165 5558 αὑτοῦ
1208 5502 1584 5574 διαλεχθέντες
1619 5502 1752 5570 πρὸς

1865 5503 2114 5574 ηιιωιιειω
2177 5504 2246 5560 de
2307 5503 2433 5572 ejus
2493 5501 2561 5557 ad
2627 5499 2798 5556 Deum
2860 5496 3097 5552 transitu
3157 5493 3444 5548 disserue-

178 5602 309 5653 (θεὸν
337 5599 751 5662 μεταστάσεως.

1869 5597 2064 5651 rimus.

1000 5796 1090 5842 vn,
1132 5778 1220 5834 50.
1297 5789 1322 5819 ⁸
1356 5777 1516 5833 Joau.
1565 5777 1793 5839 “1,935.

255 5791 280 5829 γ
315 5781 508 5834 Matth.
541 5799 595 5849 χ,
623 5784 677 5838 8.
761 5794 779 5820 ι
810 5783 944 5840 Luc.
