3830 6326
438 338 567 403 1231

1620 342 1681 400 S.
1714 339 1814 402 AN
1821 338 2041 399 DRE/E
2077 336 2497 400 CRETENSIS

3426 333 3639 399 ~12}?

418 444 427 447 ’
510 452 581 500 De
615 446 711 499 viti
743 445 879 514 justi
906 443 969 497 ab
1003 443 1249 497 humanis
1285 442 1352 496 ad
1396 442 1565 499 Deum
1594 446 1935 517 migratione.

2112 446 2253 515 Περὶ
2295 442 2403 513 τῆς
2441 444 2511 498 ἐκ
2547 442 2667 498 τῶν
2708 443 2880 528 ἐνθεν
2936 443 3083 528 πρὸς
3126 444 3274 498 Θεὸν
3312 445 3417 499 τοῦ
3446 443 3646 500 δικαίου

503 628 609 682 ille
671 629 855 695 itaque
899 625 983 679 vir
1034 626 1271 695 beatus,
1328 628 1419 684 ubi
1472 629 1748 699 sapienter
1794 628 2006 695 omnia,

433 733 598 791 atque
638 725 698 772 ut
733 717 842 772 Deo
894 715 1158 788 placitum
1206 728 1397 784 esset,
1442 720 1498 774 in
1547 721 1663 776 vita
1711 721 2006 792 gessisset,

434 826 602 883 seque
656 809 979 881 prudentem
1030 811 1492 881 patremfamilias
1520 813 2010 879 exbihuisset,to-

432 911 546 954 tum
570 914 631 955 se
662 899 754 953 Dei
781 898 1067 953 vasculum
1098 907 1267 968 atque
1296 901 1365 953 ad
1390 915 1515 955 eum
1547 903 1839 958 transitum
1857 917 2010 957 com-

435 1000 684 1062 paratum
729 990 884 1045 fecit.
911 989 1284 1060 Quapropter,
1320 992 1770 1048 immarcescibili
1820 1007 1853 1047 ιι
1895 991 2009 1049 Deo

430 1089 655 1152 accepta
679 1096 913 1147 corona,
939 1085 993 1136 in
1026 1093 1235 1136 asterna
1265 1082 1655 1147 tabernacula,
1686 1082 2007 1154 angelorum

430 1173 854 1229 contubernalis
882 1170 1147 1235 effectus,
1181 1173 1676 1241 apostolorumque
1710 1184 2009 1229 consertus

430 1265 619 1321 choris
644 1272 701 1320 et
728 1263 983 1327 sedibus,
1016 1276 1082 1318 ac
1107 1272 1432 1318 sanctorum
1468 1278 1680 1330 comes,
1715 1264 2006 1335 recipitur.

432 1353 589 1409 Haud
618 1360 802 1408 tamen
832 1367 898 1407 ea
930 1351 1087 1422 prius
1124 1336 1436 1420 contigere,
1459 1366 1626 1422 quam
1652 1352 1738 1407 vir
1767 1352 2007 1407 admira-

430 1444 580 1509 bilis,
634 1445 889 1514 patrihus
932 1441 1028 1508 qui
1079 1441 1486 1496 monasterium
1543 1441 1679 1495 illud
1736 1442 2006 1508 colerent,

431 1534 701 1591 fratribus
739 1533 948 1604 pariter
982 1541 1152 1601 atque
1180 1531 1413 1588 senibus
1434 1573 1450 1598 ,
1491 1549 1511 1583 ι
1560 1533 1792 1589 meliora
1821 1548 1886 1588 ac
1916 1548 2008 1588 sa-

431 1627 630 1683 lutaria
667 1644 689 1679 t
737 1635 1083 1681 enarrasset.
1121 1624 1338 1694 Quippe
1383 1632 1546 1680 erant
1604 1625 1657 1679 id
1714 1625 2006 1695 temporis,

433 1718 618 1773 moesti
654 1732 872 1781 omnes,
904 1716 1058 1770 vultu
1093 1715 1375 1777 demisso,
1412 1717 1601 1770 tristes
1669 1717 1884 1776 ceruui,
1942 1730 2009 1769 ac

427 1811 635 1882 quibus
670 1811 785 1864 vita
815 1807 976 1865 taedio
1001 1814 1174 1864 esset.
1205 1806 1404 1873 Qualia
1431 1807 1579 1862 enim
1612 1816 1890 1877 quautave
1917 1806 2002 1860 lu-
2039 1796 2077 1848 ΙΙ

426 1903 676 1975 gubriter
706 1900 778 1957 ab
802 1900 886 1957 eis
907 1898 1242 1955 decantata?
1267 1896 1380 1953 Cur
1407 1898 1580 1964 enim,
1633 1898 1855 1968 inquit,
1908 1912 2006 1967 pa-

426 2006 536 2059 ter,
572 1992 831 2049 omnibus
872 1990 1110 2056 relictis,
1155 1990 1215 2044 in
1256 1989 1495 2044 alienam
1548 1988 2009 2059 percgrinamque

426 2086 708 2158 regionem
746 2082 999 2154 migras?
1030 2080 1235 2148 Quidni
1270 2095 1424 2145 vero,
1480 2079 1637 2150 prius
1665 2079 1772 2149 ipsi
1802 2080 2009 2149 migra-

425 2179 629 2240 vimus,
665 2190 731 2231 ac
760 2184 821 2229 tu
853 2174 1121 2244 deinceps
1159 2172 1404 2228 ﬁliorum
1452 2171 1686 2228 amans?
1710 2170 2008 2226 Enimvero

426 2268 573 2324 furto
597 2267 760 2324 nobis
787 2266 1042 2322 sublatus
1063 2279 1145 2330 es,
1177 2278 1285 2334 qua
1313 2263 1597 2321 nescimus
1626 2260 2009 2343 ratione.‘De-

426 2361 767 2432 praedatione
799 2358 1090 2415 amisimus
1125 2358 1452 2414 thesaurum
1504 2357 1835 2429 pretiosum.
1873 2355 2009 2422 Quis

423 2455 691 2523 deinceps
728 2465 831 2507 nos
869 2450 1151 2506 ditaturus
1179 2459 1287 2514 est,
1322 2449 1621 2506 morbosve
1652 2457 1878 2505 nostros
1906 2464 2009 2503 eu-

426 2542 693 2599 raturus?
722 2541 851 2597 ilice
876 2540 971 2596 alii
1020 2539 1377 2607 clamabant,
1424 2539 1521 2595 alii
1579 2554 1640 2597 se
1698 2540 2010 2595 lacerantes

424 2635 895 2699 lamentabantur,
944 2632 1158 2703 aliique
1209 2630 1388 2689 modis
1450 2632 1579 2688 aliis
1627 2631 2005 2687 calamitatem

426 2730 647 2783 funeste
668 2724 1058 2794 deplorabant,
1084 2723 1381 2795 omnisque
1412 2723 1821 2781 consolationis
1851 2723 2007 2780 locus

423 2819 716 2876 submotus
742 2824 884 2872 erat.

493 2910 639 2978 Quid
668 2896 802 2966 vero
844 2909 931 2964 vir
957 2907 1051 2965 ille
1072 2922 1207 2964 vere
1234 2907 1469 2965 beatus?
1498 2906 1636 2965 Cum
1673 2921 1735 2964 se
1779 2906 2003 2979 quidem

419 3004 532 3074 jam
564 3000 844 3059 defectum
874 2999 1131 3065 vidisset,
1176 3001 1540 3070 proximeque
1567 2999 1636 3055 ad
1668 2997 1833 3054 Deum
1871 3014 2004 3068 pro-

422 3096 723 3159 fecturum,
757 3094 864 3148 huc
900 3092 1151 3163 illucque
1195 3090 1398 3149 blande
1430 3091 1662 3147 intuens
1687 3130 1705 3158 ,
1735 3091 1851 3146 ait:
1885 3089 2001 3157 Ne,
2029 3131 2071 3189 ο

425 3184 521 3236 tilii
555 3180 892 3245 dulcissimi,
922 3195 1097 3251 super
1143 3195 1231 3237 me
1280 3181 1563 3247 fleveritis,
1596 3197 1698 3237 nec
1752 3189 2002 3238 vestrum

426 3283 639 3344 patrem
705 3272 971 3328 lamentis
1038 3274 1480 3342 praemiseritis:
1537 3274 1651 3329 imo
1714 3276 2000 3345 precibus,

421 3383 564 3436 quas
600 3364 865 3419 eructetis
913 3379 982 3420 ex
1025 3367 1139 3419 imo
1179 3367 1369 3431 corde,
1421 3380 1534 3436 quo
1574 3381 1823 3421 nieorum
1862 3366 2004 3422 deli-

422 3466 636 3513 ctorum
685 3455 1092 3511 absolutionem
1143 3456 1449 3524 inveniam,
1507 3455 1881 3529 fiduciamque
1933 3460 2003 3515 ad

422 3551 751 3606 immensum
793 3546 980 3605 lumen
1011 3547 1145 3604 illud
1170 3549 1390 3606 decoris
1423 3550 1851 3614 inaccessibilis,
1874 3565 2001 3606 cum

423 3643 708 3698 tremendo
746 3641 870 3713 ejus
912 3640 1177 3698 tribunali
1220 3642 1347 3698 sisti
1377 3642 1692 3698 habuerim.
1744 3641 1825 3699 Ne
1845 3659 2000 3715 ergo,

424 3735 545 3799 filii,
580 3734 837 3804 lugeatis.
877 3731 1051 3788 Plane
1077 3734 1229 3788 enim
1265 3732 1336 3789 ad
1365 3749 1493 3790 eum
1536 3734 1735 3805 migro,
1775 3737 1874 3806 qui
1903 3753 2003 3793 vo-

421 3837 668 3884 cat:vos
707 3837 919 3895 autem,
962 3826 1168 3885 fratres
1214 3839 1534 3901 patresque,
1576 3847 1599 3881 ι
1636 3831 1793 3886 vobis
1822 3838 2004 3887 atten-

418 3921 532 3975 dite
560 3928 617 3974 et
656 3918 921 3975 universo
956 3921 1110 3992 gregi
1156 3931 1346 3978 vestro
1382 3921 1432 3976 ι).
1474 3941 1495 3975 ι
1563 3922 1735 3978 Scitis
1785 3932 1850 3979 ut
1896 3924 2001 3978 sim

420 4012 705 4067 vobiscum
732 4021 1135 4079 conversatus,
1197 4019 1365 4080 utque
1416 4013 1707 4073 vobiscum
1766 4013 2002 4069 vixerim

420 4116 485 4156 ac
534 4100 995 4157 ministraverim.
1052 4100 1260 4158 Omnes
1325 4112 1384 4158 ut
1450 4104 1722 4175 meipsum
1790 4103 2001 4172 dilexi;

420 4207 616 4248 omnes
688 4202 917 4263 paterne
963 4193 1149 4248 amavi
1206 4194 1472 4264 fovique;
1542 4211 1706 4251 nemo
1760 4206 1847 4253 est
1914 4195 2004 4253 cui

422 4300 508 4339 me
565 4298 787 4339 servum
848 4299 957 4338 non
1024 4284 1331 4340 addixerim
1366 4325 1382 4350 ,
1441 4295 1667 4358 propter
1720 4305 1848 4344 eum
1907 4289 2003 4360 qui

422 4376 498 4430 ita
557 4375 849 4445 iussisset.
898 4374 1001 4431 Ubi
1050 4376 1136 4432 vir
1192 4376 1393 4435 beatus
1470 4381 1587 4435 haec
1644 4380 2003 4438 disseruisset

421 4481 487 4520 ac
556 4466 626 4520 iis
690 4465 894 4520 similia
929 4506 944 4532 ,
1003 4466 1290 4539 simulque
1340 4469 1592 4541 singulos
1652 4487 1755 4542 pro
1820 4463 2077 4530 mtatisD

420 4556 696 4629 cujusque
748 4572 814 4614 ac
869 4558 1159 4630 dignitatis
1189 4561 1373 4629 modo,
1430 4563 1757 4619 adhortatus
1821 4572 1996 4633 esset,

423 4665 585 4705 senes
609 4650 830 4720 quidem
866 4661 927 4707 ut
956 4661 1144 4724 patres
1175 4651 1313 4725 (86),
1347 4653 1579 4724 juvenes
1616 4663 1799 4711 autem
1837 4657 1999 4726 juxta

424 4743 571 4816 quod
609 4746 692 4800 eis
719 4744 1070 4801 conducibile
1098 4753 1218 4801 erat
1241 4783 1258 4810 ,
1298 4747 1678 4817 omnibusque
1707 4748 1855 4818 quod
1882 4749 2004 4803 cui-

424 4851 532 4905 que
559 4846 708 4889 esset
735 4850 1043 4907 congruum
1074 4838 1544 4908 praescripsisset.
1590 4854 1657 4895 ac
1712 4855 1909 4911 preces
1937 4841 2004 4896 ad

426 4925 594 4980 Deum
636 4936 1117 4996 consummasset,
1182 4930 1526 4986 obdormivit
1575 4932 1629 4987 in
1688 4934 1845 5003 pace;
1884 4942 2005 4988 tra-

426 5018 564 5072 dens
590 5017 839 5071 animam
859 5016 916 5071 in
946 5033 1147 5076 manus
1167 5023 1521 5093 angelorum,
1549 5025 1605 5079 in
1618 5029 1673 5099 ej
1687 5042 1751 5081 us
1771 5027 2003 5098 gloriam

498 5201 526 5239 δ
552 5199 676 5254 Act.
714 5214 803 5263 xx,
845 5198 940 5255 28.

2750 513 3066 583 ἐκδημίας.

2182 623 2354 692 Οὗτος
2380 625 2676 698 τοιγαροῦν
2705 626 2735 679 6
2786 627 3060 697 μακάριος
3109 626 3333 680 ἅπαντα
3371 626 3543 694 coctis;
3579 628 3655 681 ut

2109 722 2422 794 θεαρέστως
2472 723 2620 775 κατὰ
2670 722 2763 775 τὸν
2810 719 3011 772 ἐαυτοῦ
3056 719 3497 791 διαπραξάμενος
3540 718 3653 789 βίον,

2108 817 2203 871 καί
2258 833 2341 878 τις
2394 817 2659 887 φρόνιμος
2709 815 3101 885 οἰκοδεσπότης
3151 814 3512 886 ἀναδειχθεὶς,
3558 815 3658 869 ὅλον

2108 908 2302 962 ἑαυτὸν
2330 907 2469 961 Θεοῦ
2495 907 2700 978 δοχεῐον
2724 907 3050 979 εἰργάσατο,
3080 909 3178 961 καὶ
3224 907 3368 978 πρὸς
3412 906 3509 977 τὴν
3532 905 3659 962 ξώεν

2107 1001 2228 1052 ἐκεῖ
2280 998 2582 1069 μετάὸασιν
2646 999 2886 1069 ἕτοιμον.
2960 997 3248 1052 Ἐντεῦθεν
3306 997 3565 1067 στέφανον
3608 1001 3659 1052 ἐκ

2105 1089 2243 1144 Θεοῦ
2272 1089 2565 1161 δεξάμενος
2594 1090 2986 1161 ἀμαράντινον,
3024 1092 3105 1153 εἰς
3130 1092 3235 1154 τὰς
3271 1090 3527 1153 αἰωνίους
3550 1105 3660 1160 σπη-

2106 1182 2202 1246 νάς
2230 1181 2609 1247 εἰσοικίζεται,
2639 1183 2737 1235 καὶ
2782 1182 2998 1251 γίνεται
3028 1182 3141 1235 τῶν
3181 1181 3439 1250 ἀγγέλων
3467 1182 3656 1251 συνόρι-

2105 1273 2225 1336 λος*
2266 1272 2375 1327 τῶν
2406 1273 2724 1326 ἀποστόλων
2768 1273 3143 1344 συγχορευτὴς
3168 1273 3271 1326 καὶ
3301 1272 3655 1344 ωγκάθεδρος.

2106 1365 2204 1418 καὶ
2228 1365 2343 1453 τῶη
2361 1362 2536 1431 ἁγίων
2565 1363 2926 1434 συνέκδημος.
2971 1364 3112 1417 Ἀλλ’
3157 1366 3221 1418 οὐ
3249 1366 3519 1437 πρότερον
3542 1366 3656 1418 ini-

2107 1472 2183 1524 νῳ
2208 1451 2381 1506 ταῦτα
2412 1452 2699 1506 συνέϐαινε
2746 1453 2877 1525 πρὶν
2914 1451 2984 1506 ἂν
3008 1454 3037 1507 6
3084 1451 3387 1515 θεσπέσιος
3434 1452 3542 1512 τοῖς
3579 1451 3656 1521 τὴν

2110 1544 2280 1615 μονὴν
2307 1543 2522 1598 οἰκοῦσι
2570 1544 2845 1615 Πατράσι,
2877 1543 3136 1613 ἀδελφοῖς
3178 1560 3244 1596 τε
3290 1542 3395 1597 καὶ
3438 1541 3653 1612 γέρουσιν

2110 1639 2421 1708 ἐξηγήσατο
2448 1635 2517 1689 τά
2546 1654 2564 1686 ι
2599 1635 2892 1705 κρείττονα
2923 1635 3019 1689 καὶ
3058 1634 3340 1705 σωτηρίας
3373 1632 3610 1703 ἐχόμενα.
3634 1652 3651 1683 ι

2111 1727 2293 1782 ἹΙσαν
2315 1729 2424 1798 γὰρ
2455 1727 2698 1789 ἅπαντες
2720 1725 2784 1780 τὸ
2811 1726 3118 1794 τηνικαῦτα
3156 1726 3503 1797 σκυθρωποὶ,
3549 1743 3653 1780 m-

2108 1818 2287 1888 ηᾷεἰς,
2312 1821 2702 1889 λελυπημένοι,
2723 1820 2877 1874 κάτω
2896 1818 3173 1885 νεύοντες,
3197 1817 3416 1873 καὶτοῦ
3438 1818 3534 1891 ζῇν
3557 1821 3656 1872 ἐαυ-

2108 1914 2233 1972 τοῦς
2265 1908 2719 1980 ἀποστεροῦντες.
2752 1898 2857 1962 Οἷα
2888 1909 3000 1978 γάρ
3030 1909 3127 1961 καὶ
3156 1908 3260 1961 ὅσα
3288 1907 3365 1961 τὰ
3394 1908 3521 1979 παρ’
3540 1908 3657 1960 ἐκεξο

2107 2021 2214 2056 νων
2243 2001 2455 2071 γοερῶς
2488 2001 2835 2073 ἐπᾳδόμενα;
2880 1999 3002 2054 Ἵνα
3034 2000 3088 2053 τί
3128 2000 3261 2072 γάρ,
3296 1999 3503 2069 Πάτερ,
3528 1998 3655 2067 φησι,

2109 2095 2318 2157 πάντας
2349 2091 2691 2155 καταλιπὼν,
2734 2094 2812 2156 εἰς
2852 2091 3164 2162 ἀλλοδαπὴν
3192 2091 3290 2144 καὶ
3316 2089 3478 2158 ξένην
3503 2089 3655 2159 χώραν

2110 2186 2477 2257 μεθίστασαι;
2508 2188 2576 2242 Τί
2627 2188 2704 2258 μὴ
2737 2187 3005 2258 πρότερον
3034 2186 3200 2257 ἡμεῖς
3242 2181 3653 2254 μετῳκίσθημεν,

2107 2282 2204 2333 καὶ
2236 2275 2338 2333 εἴθ’
2370 2278 2517 2334 οὕτω
2547 2279 2636 2344 σὺ,
2669 2278 2716 2333 ὢ
2760 2278 3086 2349 φιλότεκνε;
3134 2276 3283 2329 Ἀλλ’
3318 2275 3559 2346 ἐκλάαης
3579 2273 3654 2341 ἀφ’

2104 2370 2266 2441 ἡμῶν
2294 2369 2500 2434 ὡςόὑκ
2530 2368 2801 2442 ἔγνωμεν.
2847 2366 3151 2439 Ἐσυλήθης
3175 2369 3207 2421 6
3232 2365 3509 2436 θησαυρὸς
3528 2365 3555 2417 6
3578 2380 3651 2416 a-

2107 2463 2353 2533 λύτιμος.
2396 2463 2493 2526 Τίς
2545 2462 2701 2516 ἔσται
2744 2461 2934 2516 λοιπὸν
2969 2463 3000 2515 6
3049 2459 3361 2513 πλουτίσων
3394 2459 3553 2528 ἡμᾶς,
3580 2456 3653 2526 ἢὸ

2084 2555 2467 2628 Δθερςιτιεύσιιιν
2490 2553 2594 2617 τὰς
2614 2555 2842 2621 νόσους;
2872 2552 3061 2607 Ταῦτα
3087 2554 3138 2606 oi
3175 2550 3279 2622 μὲν
3307 2550 3480 2605 ἐϐόων
3500 2591 3516 2615 ,
3546 2550 3589 2601 οξ
3609 2547 3655 2600 ἃ

2107 2646 2374 2717 ἐθρήνουν
2411 2644 2798 2714 σφαδάζοντες,
2822 2644 2919 2698 καὶ
2956 2641 3106 2696 ἄλλοι
3148 2640 3325 2704 ἄλλως
3351 2639 3452 2710 τὴν
3479 2652 3655 2707 coptari-

2109 2737 2209 2807 ράν
2246 2734 2727 2806 ἐκτραγῳδοῦντες
2764 2731 3059 2804 ἠλάλαζον,
3087 2732 3186 2786 καὶ
3204 2730 3374 2796 τόπος
3404 2729 3541 2794 tua;
3564 2744 3651 2781 τα·

2110 2832 2377 2906 ρηγορίας
2411 2831 2715 2902 άπῴκιστο.

2179 2923 2245 2976 Τί
2271 2923 2331 2977 δὲ
2356 2924 2386 2977 6
2417 2921 2695 2993 μακάριος
2730 2921 2944 2984 ἐκεῖνος
2998 2918 3171 2983 ὅντως
3193 2918 3373 2988 dvﬂp;
3416 2914 3549 2983 Ἤδη
3571 2910 3650 2982 μὲν

2109 3012 2470 3067 ἐκλελοιπότα
2500 3012 2694 3065 ἐαυτόν
2744 3009 3108 3079 θεασάμενος,
3152 3007 3257 3078 τῆς
3298 3007 3359 3060 δέ
3390 2999 3650 3076 πρὺςῧών

2108 3104 2328 3173 ἕτοιμον
2354 3101 2644 3173 ἐκδημίας,
2676 3101 2804 3173 τῇδε
2830 3100 3058 3154 κάκεῖσε
3102 3097 3164 3151 τὸ
3190 3095 3365 3165 γλυκὺ
3395 3088 3650 3148 ἐπανατεί-

2105 3211 2201 3256 νας
2226 3193 2397 3264 ὄμμα,
2430 3191 2652 3261 ἔλεγενο
2685 3191 2779 3262 Μὴ
2825 3189 3041 3244 κλαίετε
3075 3188 3163 3243 ἐπ’
3194 3186 3346 3258 ἐμοὶ,
3370 3183 3649 3254 γλυκύτατα

2103 3286 2290 3351 τέκνα,
2324 3283 2461 3355 μηδὲ
2490 3284 2715 3355 θρήνοις
2764 3280 3127 3355 προπέμψητε
3155 3278 3251 3333 τὸν
3274 3278 3535 3349 ἡμέτερον
3558 3276 3647 3329 lla-

2103 3379 2260 3449 τέρα.
2277 3375 2418 3430 Ἀλλ’
2447 3375 2637 3446 εὐχαῖς
2662 3377 2727 3429 ἐκ
2757 3373 2957 3445 βάθους
3006 3371 3399 3444 ἐρευγομέναις
3429 3367 3644 3437 καρδίας.

2107 3470 2194 3523 ἵνα
2232 3468 2380 3541 εὕρω
2411 3467 2567 3521 λύσιν
2595 3466 2705 3521 τῶν
2748 3465 3129 3537 ἐπταισμένων
3177 3482 3291 3534 μοι,
3326 3463 3418 3516 καὶ
3460 3460 3645 3532 mpii;-

2106 3563 2226 3616 σίαν
2250 3563 2351 3632 τὴν
2381 3560 2520 3633 πρὸς
2551 3560 2615 3614 τὸ
2644 3560 2929 3631 ἀμήχανον
2957 3557 3075 3628 φῶς
3103 3556 3203 3611 τοῦ
3228 3555 3517 3627 ἀπροσίτου
3542 3550 3645 3605 κάλ·

2104 3655 2249 3719 λους,
2286 3653 2451 3725 ἡνίκα
2477 3670 2545 3721 με
2575 3653 2923 3724 παραστῆναι
2951 3651 3135 3720 δεήσει
3164 3648 3246 3719 τῷ
3268 3646 3480 3719 φοϐερῷ
3503 3640 3641 3698 αὑτοῦ

2106 3746 2337 3816 βήματι.
2363 3743 2454 3815 Μὴ
2487 3737 2582 3797 οὖν
2633 3741 2871 3806 κλαίετε,
2911 3741 3105 3795 τέκνα·
3158 3737 3273 3808 ἐγὼ
3325 3737 3431 3808 γὰρ
3460 3736 3640 3793 πάντως

2105 3838 2244 3909 πρὸς
2278 3837 2373 3890 τὸν
2398 3834 2671 3890 καλοῦντα
2711 3834 3069 3906 μεθίσταμαι.
3110 3832 3299 3903 Ὑμεῖς
3338 3830 3417 3896 δέ,
3458 3825 3640 3893 ἀδελφοὶ

2105 3930 2203 3985 καὶ
2231 3928 2493 4000 πατέρες,
2530 3946 2550 3979 ι
2578 3927 2878 3998 προσέχετε
2911 3927 3148 3991 ἐαυτοῐς,
3177 3925 3276 3978 καὶ
3307 3921 3559 3992 σύμπαντι
3578 3915 3639 3984 τῷ

2106 4021 2344 4091 ποιμνίῳ
2380 4019 2559 4090 ὑμῶν.
2589 4038 2609 4072 ι
2643 4018 2772 4090 ’Τὴν
2824 4016 2944 4087 μεθ’
2997 4014 3152 4085 ὑμῶν
3187 4030 3292 4085 μου
3338 4005 3638 4079 ἀναστροφὴν

2108 4111 2468 4185 μεμαθήκατε
2489 4128 2505 4143 ο
2532 4111 2655 4173 πῶς
2667 4127 2728 4163 τε
2755 4110 2886 4179 ὑμῖν
2925 4105 3207 4176 συνδιῆξα,
3227 4104 3325 4159 καὶ
3354 4103 3464 4165 πῶς
3487 4096 3635 4167 διηκό-

2104 4221 2265 4275 νησα.
2316 4203 2532 4267 Πάντας
2570 4201 2647 4265 ὡς
2684 4202 2924 4272 ἐμαυτὸν
2947 4199 3213 4271 ἠγάπησα
3233 4212 3247 4228 ·
3270 4196 3471 4256 πάντας
3486 4193 3635 4258 Emp-

2109 4298 2174 4364 ξα
2194 4314 2210 4327 ·
2229 4297 2396 4352 παντὶ
2420 4294 2664 4367 ἐμαυτὸν
2691 4293 3095 4356 κατεδούλωσα,
3123 4290 3215 4345 διὰ
3233 4290 3331 4343 τὸν
3350 4287 3485 4341 οὓτω
3517 4295 3634 4354 c909-

2111 4391 2372 4459 τάξαντα.
2427 4388 2618 4443 Ταῦτα
2665 4388 2760 4441 καὶ
2810 4385 3020 4449 τούτοις
3094 4382 3450 4456 παραπλήσια
3486 4374 3630 4431 Ms-

2105 4485 2255 4557 χθεις
2278 4485 2308 4538 ὁ
2338 4480 2763 4555 μακάριος,ἆμα
2805 4478 2863 4532 δὲ
2903 4480 2999 4532 καὶ
3024 4476 3366 4548 παραινέσας
3393 4471 3559 4557 αὐτος
3570 4463 3629 4557 μ¹³’

2105 4555 2325 4646 ἐνκάστῳ
2353 4572 2499 4627 κατὰ
2540 4570 2605 4625 τὸ
2654 4570 2851 4641 μέτρον
2870 4574 2879 4581 ’
2901 4569 3004 4638 τῆς
3037 4583 3096 4619 τε
3126 4564 3346 4636 ἡλικίας
3377 4561 3467 4615 καὶ
3506 4555 3630 4646 ἀξίας

2104 4666 2269 4722 αὑτοῦ
2297 4643 2315 4701 λ
2341 4667 2454 4729 τοῖς
2481 4664 2582 4735 μέν
2609 4659 2971 4734 πρεσϐύταις,
2997 4659 3074 4722 ὡς
3105 4659 3334 4729 γέρουσι
3360 4655 3404 4688 ⁸⁸
3425 4672 3438 4686 ·
3472 4652 3568 4712 τοῖς
3586 4643 3627 4698 δέ

2100 4759 2265 4823 νέοις,
2292 4755 2555 4819 ὡσαύτως
2582 4753 2871 4826 πρόσφορα
2894 4767 2911 4782 ·
2939 4752 3036 4805 καὶ
3073 4751 3210 4804 πᾶσι
3243 4746 3387 4802 κατὰ
3410 4744 3495 4798 τὸν
3517 4735 3628 4793 εἰκός

2101 4867 2169 4904 τα
2216 4849 2374 4919 λόγον
2414 4844 2833 4915 διαταξάμενος,
2886 4841 2982 4896 καὶ¹
3018 4842 3120 4913 τὴν
3162 4839 3300 4910 πρὸς
3341 4838 3467 4892 Θεὸν
3503 4827 3629 4899 εὐχὴν

2101 4940 2446 5005 ἐπιτελέσας,
2482 4935 2757 5008 ἐκοιμήθη
2790 4937 2848 4988 ἐν
2871 4935 3085 5006 εἰρήνῃ,
3120 4931 3399 5002 παραδοὺς
3434 4924 3523 4996 τὴν
3546 4921 3627 5013 diu:

2102 5030 2206 5101 χὴν
2237 5030 2317 5092 εἰς
2348 5028 2538 5099 χεῖρας
2561 5023 2834 5094 ἀγγέλων,
2867 5021 2949 5086 εἰς
2983 5021 3143 5087 δόξαν
3173 5019 3269 5073 καὶ
3313 5017 3517 5070 ἔπαινον
3558 5019 3629 5059 τω

2218 5124 2261 5155 κ

1702 5319 1932 5375 νιιιιιιε
1964 5319 2342 5377 LECTIONES

502 5408 562 5441 ¹³⁶
578 5408 745 5480 αὐτῷ.
826 5408 870 5440 ⁸⁸
902 5407 1166 5478 πατράσι.

1693 5502 2083 5559 COMBEFISH
2107 5502 2339 5560 ΝΟΤᾹΞ.

501 5595 610 5665 (86)
647 5595 806 5651 Senes
834 5594 1041 5666 quidem
1094 5594 1398 5666 uti_patres_.
1446 5591 1740 5649 Manifesta
1799 5595 2000 5666 allusio

428 5663 601 5717 estad
630 5668 778 5719 Pauli
800 5663 1109 5733 doctrinam
1136 5663 1417 5733 lTimodr.
1446 5680 1497 5727 ν,
1539 5682 1603 5719 ωε
1627 5682 1738 5733 quo
1767 5664 2001 5733 margini

432 5734 806 5801 ascripsimus,
835 5735 955 5788 ἀντὶ
977 5732 1092 5796 τοῦ,
1124 5732 1369 5803 γέρουσι,
1413 5734 1493 5798 τὸ,
1550 5732 1807 5805 πατράσι,
1836 5732 2001 5788 Planc

2107 5611 2260 5661 vero,
2302 5611 2410 5649 non
2435 5591 2631 5669 eadem
2663 5597 2920 5654 omnibus
2950 5604 3287 5669 congruunt;
3312 5606 3371 5648 ac
3407 5595 3614 5656 magna“

2109 5676 2192 5720 est
2224 5676 2410 5721 tenere
2434 5666 2488 5720 in
2523 5665 2611 5720 his
2643 5668 2885 5722 modum.
