3830 6326
483 387 618 452 1235

478 591 784 654 auditione,
817 594 922 648 sibi
962 598 1218 651 nonnulli
1249 600 1444 668 aequali
1486 615 1701 656 morum
1761 605 2050 664 honestate

477 684 645 737 vitam
680 694 1030 754 comparent,
1063 689 1527 758 quemadmodum
1559 694 1639 748 alt
1665 697 1902 765 quodam
1929 701 2051 755 loco

478 777 749 846 propheta
775 777 887 851 (89)
917 778 1102 835 datam
1124 797 1154 836 a
1185 783 1296 839 Deo
1323 785 1378 839 in
1406 786 1748 856 adjutorium
1776 791 2050 860 ejusmodi

479 883 614 924 rem.
642 868 776 924 Nam
807 886 930 927 cum
947 874 1060 928 vita
1079 885 1265 931 nostra
1297 878 1368 932 sit
1399 886 1667 949 tanquam
1701 884 1813 948 via,
1839 886 2052 941 utrius-

477 977 584 1030 que
635 977 768 1019 vero
819 965 888 1020 ad
955 982 1076 1022 eam
1123 969 1483 1039 gradiendam
1513 1013 1528 1038 ,
1589 975 1787 1031 ductdr
1825 978 2048 1047 aliquis,

477 1065 578 1108 ceu
608 1055 734 1124 quis
770 1057 824 1110 in
861 1059 1101 1128 propriis
1143 1061 1301 1128 locis,
1352 1064 1568 1121 itineris
1603 1071 1947 1128 monstrandi
1988 1089 2053 1127 ac

477 1143 714 1202 ducatus
771 1148 1007 1217 peritus,
1041 1163 1230 1206 eorum
1262 1153 1498 1212 rudibus
1539 1167 1853 1226 qomratur;
1907 1161 2050 1230 quod

478 1237 742 1306 scriptam
779 1240 1083 1310 spiritalem
1149 1243 1458 1300 doctrinam
1508 1259 1771 1317 praestare
1821 1251 1887 1305 ad
1953 1253 2054 1308 iter

477 1327 814 1395 cjuscemodi
857 1340 1141 1388 ostensum
1179 1342 1284 1400 est,
1312 1337 1450 1391 b‘ene
1484 1339 1839 1396 desideratis.

545 1419 687 1486 Quia
723 1423 897 1492 igitur
940 1425 1094 1483 solus
1140 1428 1260 1497 ipse
1293 1429 1384 1484 via
1423 1439 1510 1486 est
1555 1431 1824 1488 Doininus
1860 1443 2056 1490 noster

475 1509 638 1566 Jesus
688 1511 950 1593 Christus
979 1527 1027 1582 ε,
1078 1519 1226 1573 velut
1281 1521 1430 1575 docti
1487 1523 1556 1576 ab
1588 1539 1693 1586 eo,
1743 1527 1967 1594 quando
2001 1537 2055 1582 et

477 1600 624 1654 istud
659 1601 868 1656 veritas
901 1611 1009 1666 est,
1039 1606 1310 1675 siquidem
1337 1610 1502 1666 etiam
1533 1612 1602 1665 ab
1635 1612 1756 1681 ipso
1785 1613 2051 1672 habemus

475 1691 645 1751 vitas.
708 1709 818 1746 non
868 1697 1146 1763 gravabor
1207 1698 1326 1768 ipso
1383 1701 1514 1755 mihi
1556 1718 1862 1758 sermonem
1912 1707 2052 1762 hanc

476 1783 962 1851 sulnninistrante,
997 1789 1142 1842 viam
1183 1789 1308 1844 vitae
1359 1791 1414 1845 in
1462 1792 1697 1848 veritate
1738 1797 2048 1852 ostendere.

476 1873 588 1943 Ego
639 1876 866 1946 (quippe
917 1893 1100 1948 operae
1140 1882 1379 1951 pretium
1432 1894 1516 1939 est
1569 1896 1627 1939 ut
1680 1896 1733 1942 et
1789 1888 2051 1960 deinceps

476 1967 624 2035 quod
659 1969 790 2022 mihi
832 1985 896 2025 ex
924 1971 1304 2028 inobedientia
1334 1977 1693 2032 commissum
1729 1989 1833 2046 est,
1879 1981 2056 2038 fatear

475 2059 707 2127 crimen,
750 2077 846 2117 scu
875 2064 1081 2133 potius,
1137 2068 1390 2137 utquod
1447 2069 1652 2124 factum
1708 2080 1816 2138 est,
1874 2074 2053 2129 dicam

475 2152 765 2206 oraculum
829 2155 1104 2226 mirabile)
1160 2174 1287 2212 cum
1345 2162 1635 2230 segnitiem
1674 2165 1824 2219 velut
1855 2169 2057 2223 mentis

477 2243 754 2299 alumnam
794 2258 1130 2318 captassem,
1184 2261 1374 2318 aperta
1415 2255 1798 2325 increpatione
1837 2257 1914 2311 fui
1951 2260 2054 2314 ob-

473 2335 759 2407 jurgatus,
789 2349 848 2394 ut
905 2355 1127 2397 servum
1155 2360 1394 2414 nequam
1430 2345 1481 2411 ἀ,
1517 2349 1610 2418 qui
1642 2349 1784 2404 male
1818 2349 2055 2406 abscon-

475 2431 682 2486 disscm
735 2433 1020 2502 talentum,
1055 2437 1383 2493 audiverim.
1417 2438 1530 2508 Nec
1586 2457 1673 2496 mc
1728 2442 1857 2497 dico
1907 2458 2053 2508 esse,

478 2522 629 2578 velut
677 2539 786 2580 non
807 2526 950 2600 _sim,
996 2534 1095 2582 aut
1134 2529 1287 2598 jacto
1335 2531 1614 2586 sermonis
1673 2534 1863 2588 rudem
1901 2549 1915 2588 :
1959 2536 2052 2591 sed

478 2614 600 2670 fore
632 2619 955 2687 pronuntio,
1007 2627 1068 2674 ut
1116 2629 1361 2690 quantus
1416 2623 1654 2694 quisque
1700 2625 1772 2679 sit
1809 2626 1862 2680 in
1896 2626 2055 2681 bonis

476 2709 744 2778 operibus
791 2713 883 2777 sit,
926 2713 1033 2767 hoc
1060 2723 1164 2779 est,
1203 2714 1319 2770 sive
1353 2715 1540 2770 videat
1593 2718 1646 2770 in
1701 2718 1808 2774 illis
1847 2733 1910 2771 ac
1943 2720 2058 2787 ipse

476 2801 776 2871 perspicax
807 2803 902 2869 sit,
941 2805 1057 2860 sive
1112 2805 1305 2860 audiat
1354 2807 1408 2862 et
1451 2807 1708 2863 doctrina
1759 2809 2054 2881 intelligat,

476 2895 628 2950 velut
663 2895 756 2965 qui
795 2896 1160 2953 occultaverit
1191 2899 1485 2965 talentum,
1538 2901 1836 2970 puniatur,‘
1879 2902 1925 2957 si
1979 2910 2059 2956 ta-

476 2987 659 3042 cuerit
692 3001 707 3041 :
742 2997 914 3058 utque
954 2989 1186 3053 iterum,
1235 2991 1496 3060 quisquis
1547 3006 1805 3048 sermone
1853 3008 2058 3063 provo-

476 3076 658 3130 cando
687 3077 757 3130 ad
794 3093 934 3148 opus
968 3079 1427 3146 maniiestaverit,
1470 3095 1499 3134 a
1540 3090 1693 3136 reatu
1725 3082 1864 3136 liber
1891 3081 2059 3152 justi-

1665 404 1724 463 S.
1766 405 2092 469 ANDREAZ
2131 413 2550 479 CRETENSIS

479 499 662 553 omnia
687 499 1148 568 perscribuntur:
1184 503 1431 576 adeoque
1459 509 1743 581 continget
1773 497 1923 569 nte:
1959 518 2052 571 tali

2158 525 2578 594 ὲπικτήσονται’
2617 527 2692 591 ὥς
2714 545 2815 581 που
2841 531 2933 582 καί
2969 547 3137 600 φησιν
3162 533 3189 584 ὁ
3217 538 3482 610 προφήτης,

3528 436 3624 502 Ῑὶῖῧ

3527 549 3625 618 πρὸς

2155 612 2406 684 βοήθειαν
2459 619 2702 672 τοιοῦτον
2757 619 3003 674 δεδόσθαι
3033 624 3220 692 χρῆμα
3271 628 3417 680 εἰπὼν
3439 633 3491 684 ὲκ
3512 612 3626 692 Osci.

2153 707 2266 758 Καὶ
2296 711 2402 778 γὰρ
2430 695 2678 782 ὦσπερ¹η
2708 712 2826 776 ὁδὸς
2851 713 2879 764 ὁ
2911 713 3030 782 βίος
3065 715 3332 785 μὲνήμῶν
3355 721 3626 794 ἐνδείκνυται,

2152 800 2494 868 χειραγωγδς
2520 801 2577 854 δὲ
2607 802 2744 872 πρὸς
2776 805 3127 875 ἀμφοτέρους
3155 808 3285 876 πρὸς
3310 810 3487 877 τοῦτον,
3510 819 3632 872 καθὰ.

2154 903 2258 958 περ
2282 905 2365 951 τις
2385 891 2444 940 ἐν
2469 891 2657 954 τόποις
2709 892 2882 958 ἰδίοις,
2907 897 3024 956 τοῖς
3057 895 3194 964 πρὸς
3221 898 3427 966 πορείαν
3443 905 3569 957 αὑτοῦ
3591 911 3630 961 ἐν

2152 981 2362 1041 τούτοις
2405 981 2556 1035 οὖσιν
2607 985 2876 1054 ἀπείροις,
2935 985 3189 1055 ζητεῖται
3217 990 3344 1056 πρὸς
3364 992 3632 1066 ὣηγίανέμ.

2153 1087 2364 1140 πειρος,
2423 1072 2594 1136 οὕτως
2660 1077 2693 1145 ἠ
2737 1077 3064 1146 γραψομὲνιη
3122 1083 3442 1150 πνευματικὴ
3489 1083 3630 1154 θεωρία

2154 1161 2290 1232 πρὸς
2323 1163 2384 1215 τὸ
2415 1164 2514 1236 τὴν
2567 1166 2794 1237 πορείαν
2843 1167 3063 1238 ἐδείχθη
3098 1169 3376 1235 ποιεῖσθαι,
3407 1173 3549 1237 καλῶς
3569 1193 3631 1229 πι-

2155 1251 2358 1307 δεῖσθε.

2237 1431 2388 1485 Ἐπεὶ
2438 1434 2531 1488 οὖν
2583 1437 2743 1506 μόνος
2799 1439 2962 1501 αὐτὸς
3016 1439 3256 1507 ὑπᾶρχει
3301 1440 3459 1503 όδὺςό
3494 1444 3632 1508 Κύριος

2154 1521 2312 1591 ἡμῶν
2350 1523 2556 1594 Ἰησοῦς
2608 1528 2861 1597 Χριστὸς,
2893 1529 2968 1591 ὡς
3005 1530 3101 1581 ὑπ’
3130 1529 3294 1582 αὐτοῦ
3336 1531 3625 1601 διδαχθέντες·

2155 1613 2280 1666 ἐπεὶ
2327 1615 2422 1667 καὶ
2461 1617 2692 1687 ἀλήθεια
2722 1619 2781 1670 τδ
2811 1621 3075 1683 τοιοῦτον,
3141 1622 3280 1689 ὑπὲρ
3309 1616 3379 1674 ὧν
3410 1626 3486 1674 καὶ
3506 1625 3548 1675 ri;
3571 1628 3630 1692 ζῇν

2155 1705 2214 1773 ἐξ
2247 1707 2410 1760 αὑτοῦ
2452 1711 2752 1779 ἐσχηκότες
2772 1754 2785 1775 ,
2820 1713 2918 1782 τὴν
2944 1713 3066 1765 ὁδὸν
3094 1714 3361 1778 ὑποδεῖξαι
3391 1717 3440 1766 ἓν
3469 1718 3629 1786 ἀληθείᾳ

2155 1799 2254 1869 τῆς
2285 1800 2451 1870 ζωῆς,
2478 1803 2552 1871 μὴ
2583 1804 2927 1873 όκνήσωμεν,
2953 1804 3124 1858 αὑτοῦ
3152 1806 3242 1858 τὸν
3272 1807 3415 1873 λόγον
3433 1809 3632 1876 ﬁnium-

2159 1890 2421 1959 ηγοῦντος
2474 1891 2683 1948 τοῦτον.
2748 1895 2890 1964 Ἐγώ
2939 1912 2953 1925 ·
3003 1896 3197 1949 λοιπὸν
3243 1899 3346 1969 γὰρ
3391 1899 3632 1967 ὁμολογῆπι

2157 1976 2324 2037 καλὸν
2372 1985 2466 2038 καὶ
2483 1985 2544 2038 τὺ
2576 1986 2664 2040 διὰ
2705 1990 2992 2058 παρακοῆς
3021 1988 3253 2057 γενηθέν
3287 2007 3368 2058 μοι
3395 1991 3632 2058 ἀμάρτημι,

2160 2075 2360 2146 μᾶλλ.ον
2384 2076 2440 2129 δὲ
2467 2079 2640 2131 είπεῖν
2669 2078 2984 2148 Θαυμαστὸν
3037 2080 3289 2148 ἄκουσμα
3313 2096 3327 2108 ο
3353 2080 3431 2132 τὸν
3455 2079 3570 2132 ὄκνον
3585 2080 3634 2140 ὡς

2159 2166 2453 2238 σύντροφον
2499 2169 2724 2239 γνώμης
2773 2170 3194 2241 ἐπιλαϐόμενος,
3238 2171 3461 2240 φανερῶς
3495 2170 3635 2221 ὠνειδί·

2158 2259 2312 2329 σθην,
2333 2261 2407 2324 ὡς
2433 2261 2617 2326 δοῦλος
2643 2263 2816 2315 εἰπεῖν
2834 2264 2964 2334 όκνη
2978 2262 3094 2333 ρδς,
3117 2263 3178 2315 τὸ
3199 2261 3441 2315 τάλαντον
3458 2260 3630 2329 novare;

2158 2354 2498 2424 ἀποκρύψαι.
2536 2356 2644 2408 Καὶ
2659 2355 2757 2421 οὐχ
2785 2355 2860 2417 ὠς
2895 2355 2970 2426 μὴ
2999 2354 3135 2406 ὄντα
3169 2371 3234 2423 με
3259 2350 3406 2416 εἶναι,
3432 2353 3459 2422 ἢ
3485 2353 3632 2420 ἰδιώτην

2155 2446 2297 2515 λέγω
2339 2447 2431 2500 τοῦ
2465 2447 2628 2515 λόγου
2655 2461 2669 2476 '
2713 2447 2828 2500 ἀλλ’
2857 2447 2941 2500 ὅτι
2995 2448 3093 2500 καὶ
3131 2447 3238 2508 πᾶς
3272 2447 3323 2507 ὃς
3356 2447 3438 2497 ἐὰν
3479 2446 3630 2512 γένηται

2155 2540 2212 2590 ὲν
2227 2540 2452 2606 ἀγαθοῖς
2480 2538 2664 2608 ἔργοις
2683 2555 2697 2569 ⁸
2726 2540 3008 2592 τουτέστιν
3042 2539 3154 2592 εἴτε
3189 2538 3387 2606 βλέπων
3404 2538 3452 2588 ἐν
3469 2535 3632 2596 τούτοις,

2156 2630 2264 2682 εἴτε
2295 2629 2352 2682 δὲ
2387 2631 2481 2682 καὶ
2515 2631 2750 2694 ἁκούων,
2801 2630 3006 2702 ὁμοίιος
3029 2630 3107 2692 ὡς
3133 2627 3476 2698 ἀποκρύπτων
3500 2627 3631 2678 τάλαν-

2155 2737 2246 2773 τον
2302 2719 2580 2788 βλέπεται,
2611 2722 2660 2772 εί
2687 2720 2889 2791 σιγήσῃ
2917 2737 2931 2750 ο
2981 2720 3078 2772 καὶ
3105 2718 3164 2781 ὃς
3191 2718 3342 2770 πάλιν
3396 2716 3506 2785 πρὸς
3525 2716 3632 2783 ἐργο-

2159 2811 2280 2864 σίαν
2311 2811 2400 2865 διὰ
2426 2811 2520 2864 τοῦ
2561 2811 2724 2879 λόγου
2759 2812 2808 2864 εί
2835 2811 3158 2881 φανερὼσῃ,
3188 2806 3463 2862 δικαιοῦται
3488 2805 3630 2874 λυτρω-

2159 2903 2272 2967 θείς
2289 2904 2386 2972 τῆς
2404 2903 2805 2975 κατακρίσεως,
2838 2896 2998 2954 δι’ὦν
3017 2901 3088 2954 τὰ
3115 2899 3205 2953 τοῦ
3230 2897 3354 2950 Θεοῦ
3376 2896 3630 2961 δικσιὼμιτι

2159 2993 2474 3062 ἀποκρύψαι
2507 2993 2582 3056 ὡς
2611 2993 2868 3061 φθονερὸς
2898 2993 3000 3044 οὐκ
3051 2990 3280 3060 ἠθέλησε
3329 2987 3500 3046 δοῦλος.
3527 2984 3632 3036 0.3m

2166 3103 2256 3155 μοι
2283 3084 2429 3138 δοκεί
2458 3084 2552 3137 καὶ
2584 3084 2818 3154 μάλιστα
2849 3084 2962 3154 βίον
2994 3087 3247 3152 ἐνάρετον
3279 3076 3524 3145 γεγονότα·
3546 3077 3564 3125 ὁ
3582 3073 3630 3142 μὴ

476 3165 733 3222 ﬁcandus
761 3169 854 3234 sit,
885 3183 951 3224 eo
981 3169 1132 3248 quod
1157 3170 1590 3240 justiﬁcationes
1634 3171 1729 3227 Dei
1775 3173 2054 3227 occultare

2159 3176 2258 3246 τὴν
2285 3175 2502 3245 Θέλησιν
2536 3169 2676 3227 εἶναι
2712 3174 2940 3243 θελήσας
2962 3175 3102 3245 πρὸς
3125 3171 3185 3224 τὸ
3214 3168 3509 3234 ἀναγγεῦιαι.
3536 3163 3632 3222 ιΐίς

477 3253 743 3313 noluerit.
781 3257 862 3313 lta
897 3276 1132 3330 peccare
1171 3262 1310 3315 mihi
1349 3263 1592 3316 videtur.
1657 3262 1816 3317 Sicut
1864 3280 2057 3320 servus

479 3348 572 3402 ille
603 3349 905 3420 malignus,
939 3352 1033 3420 qui
1057 3351 1237 3406 noluit
1255 3353 1424 3406 vitam
1451 3353 1754 3409 virtutibus
1781 3355 2054 3410 illustrem

481 3439 808 3506 praedicare.
847 3461 865 3494 ι
901 3441 1038 3508 Quis
1071 3443 1336 3514 loquetur
1367 3445 1643 3514 potentias
1697 3443 1938 3508 Domini,
1974 3447 2056 3500 in-

481 3533 630 3602 quit,
665 3534 890 3590 auditas
921 3535 1087 3592 faciet
1111 3552 1306 3593 omnes
1337 3536 1531 3593 laudes
1557 3537 1683 3608 ejus
1715 3540 1783 3593 οἳ
1814 3557 1832 3591 ι
1861 3539 2055 3594 Viden‘

483 3633 542 3680 ut
576 3626 696 3681 laus
721 3627 843 3696 ejus
873 3643 937 3683 ex
977 3631 1299 3685 narratione
1330 3629 1751 3701 perspiciatur?
1789 3650 1808 3682 ι
1853 3631 2058 3688 Audite

415 3759 421 3764 .
482 3717 620 3785 INBC,
652 3733 845 3774 omnes
876 3729 1070 3792 gentes
1095 3721 1140 3774 ί.
1168 3740 1186 3774 ι
1214 3721 1493 3786 Quorsum
1520 3721 1696 3776 vero?
1720 3721 1860 3788 Quia
1903 3741 1921 3773 ι
1958 3722 2060 3777 Do-

481 3802 666 3868 minus
720 3816 994 3885 regnavit,
1052 3813 1309 3869 decorem
1351 3813 1580 3869 indutus
1633 3823 1722 3869 est
1777 3816 1824 3867 ε.
1873 3834 1892 3868 ι
1944 3813 2060 3870 Hoc

480 3912 566 3959 est
596 3921 610 3958 :
636 3902 748 3960 Nos
790 3906 849 3960 in
879 3906 1060 3976 seipso
1091 3907 1354 3976 praeclare
1402 3905 1701 3974 disposuit,
1735 3919 1798 3960 ac
1834 3921 1933 3962 ceu
1960 3921 2058 3960 ne-

481 3997 788 4052 cessarium
803 4009 1054 4054 ornatum
1104 3997 1366 4067 gestavit.
1391 3997 1604 4051 Idcirco
1629 3996 1681 4050 in
1704 3997 1815 4052 alio
1837 4013 2058 4052 rursum

483 4090 752 4158 propheta
813 4091 890 4145 ait
947 4109 960 4146 :
1023 4109 1042 4143 ι
1109 4091 1300 4146 Exalta
1355 4089 1413 4144 in
1471 4088 1799 4145 fortitudine
1867 4105 2058 4146 vocem

485 4189 632 4235 tuam
651 4182 680 4221 ιι
695 4181 831 4252 (90).
847 4182 1037 4238 )Jubet
1058 4184 1300 4238 exaltare
1317 4197 1532 4243 vocem,
1552 4183 1700 4236 velut
1719 4199 1830 4238 non
1854 4183 1926 4237 sit
1955 4199 2058 4238 vox

485 4272 590 4326 alia
636 4273 924 4330 sublimior
967 4289 1130 4344 quam
1180 4283 1239 4328 ut
1291 4281 1631 4328 enarrentur
1679 4274 1879 4329 divinae
1926 4275 2062 4329 artis

485 4379 652 4434 opera
684 4383 697 4419 :
735 4367 898 4436 cujus
955 4369 1033 4421 rei
1084 4366 1354 4436 prepheta
1390 4366 1446 4420 in
1481 4367 1714 4437 psalmis
1756 4367 1914 4422 testis
1947 4375 2056 4422 est.

485 4457 812 4526 Quanquam
863 4458 1010 4513 enim
1059 4458 1398 4513 horrendum
1459 4458 1872 4514 incarnationis
1937 4459 2060 4528 ejus

488 4560 898 4606 sacramentum
935 4550 1269 4622 singularem
1305 4551 1600 4620 quamdam
1633 4551 2056 4606 admirationem

488 4641 714 4706 habeat,
754 4657 938 4698 vermn
972 4642 1075 4698 fuit
1101 4641 1350 4697 exhibita
1381 4649 1533 4697 tanta
1564 4641 1681 4698 haec
1736 4642 2059 4697 miscricor-

488 4733 601 4797 dia,
639 4743 698 4787 ut
723 4733 1066 4790 eiﬁceremur
1096 4731 1250 4802 digni
1287 4731 1662 4802 omnes—(91).
1695 4731 1906 4801 Quippe
1937 4745 2051 4784 rem

573 4921 596 4958 ε
631 4911 790 4967 Joan.
824 4927 932 4976 xw,
968 4914 1020 4968 6.
1093 4915 1120 4958 ἀ
1152 4917 1349 4974 Matth.
1391 4931 1516 4981 xxv,
1547 4914 1635 4969 εδ.
1715 4921 1737 4950 ε
1775 4911 1920 4968 Psal.
1953 4929 2036 4976 cv,

2131 4952 2144 4965 .
2213 4909 2404 4965 tPsal.
2438 4910 2702 4974 XLvttt,‘.’..

2158 3268 2382 3338 λαλήσει
2406 3268 2504 3330 τὰς
2533 3266 2857 3330 δυναστείας
2883 3265 2976 3318 τοῦ
3008 3265 3240 3334 Κυρίου,
3267 3263 3406 3332 φησι,
3435 3255 3629 3312 excocti;

2158 3359 2374 3430 ποιήσει
2422 3357 2600 3420 πάσας
2634 3359 2732 3420 τὰς
2778 3357 3016 3420 αίνέσεις
3043 3355 3215 3410 αὑτοῦ
3247 3371 3261 3419 ;
3291 3374 3307 3406 ι
3343 3353 3480 3421 Ὁρᾷς
3503 3347 3628 3412 πῶςίί

2158 3451 2362 3513 αίνεσις
2413 3448 2578 3502 αὐτοῦ
2606 3450 2670 3502 ὲκ
2697 3449 3005 3520 διηγήσεως
3036 3447 3325 3516 βλέπεταις
3362 3463 3378 3495 ι
3408 3438 3626 3494 ’Δκούσατε

2157 3539 2350 3603 ταῦτα,
2382 3539 2560 3592 πάντα
2581 3538 2651 3592 τὰ
2671 3538 2817 3609 ἔθνη.
2835 3558 2852 3589 ι
2896 3541 3039 3608 Ἀρα
3059 3538 3208 3600 τίνος
3233 3536 3407 3592 Evam;
3435 3533 3500 3584 ὅτι
3523 3525 3627 3578 (Κύ-

2161 3649 2278 3702 ριος
2305 3631 2649 3694 ἐϐασίλευσε,
2677 3629 2774 3683 καὶ
2808 3629 3146 3700 εὐπρέπειαν
3172 3626 3450 3680 ἐνεδύσατο.
3475 3639 3488 3672 ι
3517 3620 3626 3672 Teut-

2161 3722 2344 3774 ἐστιν·
2388 3721 2568 3792 Ἠμᾶς
2610 3723 2690 3785 είς
2741 3722 2934 3774 ἑαυτὸν
2991 3719 3353 3792 κατορθώσας,
3382 3715 3458 3767 καὶ
3501 3712 3626 3775 dim?

2162 3815 2402 3884 φορέσας
2427 3814 2708 3886 ὡραϊσμὸν
2728 3814 3047 3883 ἀναγκαῖον.
3077 3817 3177 3868 Διὰ
3211 3815 3356 3864 τοῦτο
3378 3806 3507 3859 πάλιν
3533 3802 3620 3868 φησὶ

2163 3907 2219 3958 ὲν
2253 3905 2422 3976 ἑτέρῳ
2474 3909 2760 3977 προφήτῃ·
2791 3905 2812 3978 [
2843 3923 2861 3956 ι
2901 3905 3160 3975 ’Υψωσον
3218 3901 3352 3972 ίσχύῖ
3399 3897 3479 3966 τὴν
3501 3891 3624 3961 (ῖωνῆν

2163 4014 2280 4050 σου.
2307 4015 2326 4048 ι
2354 3995 2375 4069 ]
2420 3995 2619 4066 Ὑψοῦν
2649 3999 2748 4067 τὴν
2789 3997 2973 4068 φωνὴν
3005 3997 3304 4068 ἐπιτρέπει.
3327 3992 3393 4052 ὡς
3418 3989 3496 4040 οὐκ
3521 3983 3619 4034 ἔστιν

2161 4090 2346 4144 ὲπόινω
2397 4089 2601 4160 ταύτης
2653 4089 2836 4160 ἑτέρα.
2869 4091 3023 4159 φησι,
3056 4090 3120 4142 τὸ
3147 4089 3310 4141 εἰπεῖν
3333 4083 3394 4136 τὰ
3416 4074 3543 4174 15:0?

2166 4183 2570 4252 μιουργήματα.
2633 4182 2745 4234 Καὶ
2783 4181 2975 4234 τούτου
3038 4181 3247 4252 μάρτυς
3287 4177 3312 4228 ὁ
3358 4176 3406 4226 ἐν

2163 4272 2566 4343 προφητεύσας.
2617 4275 2729 4326 Καὶ
2755 4273 2865 4344 γὰρ
2892 4275 2939 4325 εί
2967 4273 3060 4325 κοιλ
3091 4273 3155 4325 τὸ
3184 4267 3386 4340 φρικτὸν
3409 4256 3620 4354 αὐτοῦμτξξ

2162 4365 2474 4434 οἰκονομίας
2511 4365 2809 4432 μυστήριον
2839 4363 3163 4432 παραδόξως
3198 4355 3503 4428 Θαυμάξεταιν
3529 4346 3617 4399 ἀλλὰ

2163 4457 2251 4512 διὰ
2281 4458 2341 4510 τὸ
2364 4457 2615 4525 γενέσθαι
2661 4457 2870 4518 πάντας
2890 4456 2930 4487 ¹⁸
2965 4455 3150 4520 ἀξίους
3173 4457 3204 4524 ἡ
3232 4453 3451 4548 τοιαύτη.
3637 4492 3650 4512 ,

2169 4550 2576 4621 φιλανθρωπία;
2633 4549 2728 4602 καὶ
2774 4551 2883 4618 γὰρ
2942 4548 3054 4602 ἄνω
3105 4547 3198 4600 καὶ
3249 4541 3403 4600 uero,
3427 4536 3481 4589 δι’
3502 4536 3554 4621 ῶν
3572 4541 3613 4576 τι

2170 4616 2346 4693 πάντα
2369 4616 2684 4706 γεγόνασιν,
2720 4639 2752 4708 ἡ
2781 4616 3028 4708 ἡμετέρα
3083 4635 3332 4689 δέδεικται
3360 4624 3504 4692 φύσις*
3530 4616 3615 4709 ΔΞΥ

2168 4731 2303 4801 τέρα
2365 4731 2463 4800 μὲν
2496 4729 2556 4794 ἐξ
2596 4727 2825 4798 ούρανοῦ
2851 4747 2864 4759 ·
2921 4725 3112 4798 πρώτη
3136 4727 3190 4780 δὲ
3217 4722 3360 4776 πάλιν
3395 4716 3456 4776 ὼς
3477 4711 3524 4761 ἐκ
3543 4717 3613 4753 των

2811 4911 2837 4949 ⁸
2866 4907 3012 4964 Psal.
3043 4923 3166 4975 xcn,
3193 4907 3236 4959 l.
3335 4898 3357 4936 δ
3387 4895 3468 4949 lsa.
3499 4899 3557 4944 ιι,
3575 4880 3607 4930 9.

1752 5085 1984 5157 νΑιιιΑι
2016 5083 2416 5141 LECTIONES.

571 5185 610 5218 ’⁷
645 5183 773 5256 ch.
799 5183 979 5256 εἴπερ.⁸
1057 5184 1210 5239 “10'.
1240 5185 1479 5256 πάντως.⁵

1790 5331 2180 5398 COMBEFISII
2206 5328 2438 5394 ΝΟΤᾸΞ.

565 5463 678 5535 (89)
724 5461 967 5535 Quodam
1023 5461 1138 5514 loco
1190 5459 1464 5535 propheta.
1499 5457 1728 5535 _Vidctur
1761 5459 2060 5535 __respicere

491 5528 613 5592 eum
636 5528 816 5587 locum
850 5531 990 5601 psal.
1023 5528 1330 5601 cv,__t1uemi
1358 5528 1704 5601 pOStutodum
1729 5528 1878 5601 citat.

563 5605 676 5674 (90)
708 5597 926 5674 Exulto,
954 5608 1060 5656 etc.
1099 5597 1273 5674 Verba
1319 5597 1449 5674 haec
1471 5599 1763 5674 propheta;
1797 5597 2056 5668 adjunxi-

492 5669 639 5739 mus,
669 5671 938 5740 explenda
965 5671 1147 5725 sensui
1177 5669 1487 5740 necessaria
1520 5687 1531 5722 :
1557 5683 1668 5740 quo
1694 5669 1856 5740 etiam
1893 5682 2055 5740 mono

496 5737 841 5816 postmodum
881 5740 1184 5816 desiderari
1234 5738 1493 5816 videntur
1521 5739 1682 5793 verba
1713 5737 2050 5802 Psalmistm,

497 5809 600 5874 nisi
630 5810 850 5876 respicit
878 5812 1044 5878 paulo
1074 5809 1326 5878 superius
1360 5809 1557 5877 posita.

2237 5451 2348 5527 (θ’)
2396 5448 2812 5535 (lacrimam:
2842 5413 3594 5535 ἀεθηξ,,ο.”ιιεεε-⁸ξέηῖέ.ἕίῗιῖῗ⁶3ῗ

2167 5506 2373 5590 πάντας
2400 5506 2619 5619 ἀξίοξςζ
2655 5506 2924 5619 ριιοιιλειιῖ
2955 5506 3590 5619 ιιίξὶιιίξειιῑεῃοᾝῖἓζιιοῃςωιᾶ

2206 5571 2272 5648 ἇιὲ
2288 5571 2375 5648 iis
2402 5571 2641 5680 {didam
2654 5571 3122 5680 ξςπφῑιζέιιιιξοαδη
3137 5589 3199 5680 ηε
3209 5586 3272 5680 in
3295 5571 3590 5680 “afﬁxis:

2187 5641 2375 5719 είεῖιίίιῖ
2419 5641 2624 5750 ῥέπει·
2947 5641 3581 5750 (ιιιθειίιιαηὶὲηῖςξᾶίξεέἳέῗ

2164 5711 2390 5796 tanta
2419 5711 3328 5804 {55canimi;Graiugena.
3351 5711 3467 5765 docte

2162 5805 2314 5860 serit.
