3830 6326
41 342 162 406 1241
1420 359 1499 421 [Ν
1540 360 1603 421 S.
1645 361 1651 420 ἶ

1768 360 2054 424 ΓΑΡΙΙῙΜ.
3237 352 3375 421 1242

41 449 451 524 ἐγκαταλιπεῖν
469 454 551 521 ³⁸,
572 457 691 511 καὶ
752 460 936 526 οὕτως
964 463 1061 517 ἐπὶ
1086 465 1155 518 τά
1185 468 1572 539 μαρτυροῦντα
1600 468 1651 521 τί

1792 466 2016 523 Christo
2052 464 2482 537 superimposita
2536 465 2740 530 luceat,
2782 473 2842 522 ut
2872 464 3055 523 omnis
3082 465 3175 538 qui
3197 467 3374 523 credit

41 546 139 602 itov
164 546 346 600 αὐτοῦ
368 549 437 601 ὲν
455 549 830 627 εὐφροσύνῃ
857 556 1006 626 ἡμᾶς
1034 555 1293 626 βαδίζειν.
1328 559 1554 624 Πάντως
1579 560 1650 629 γά

1791 559 1848 614 in
1893 572 2021 614 eum
2069 557 2260 613 lumen
2322 556 2506 613 videat
2538 575 2554 613 :
2581 557 2664 615 sic
2694 557 2939 628 primum
2967 556 3174 614 fuerint
3203 558 3372 613 omit-

41 638 175 692 ἔνθεν
195 638 298 692 καὶ
314 638 519 694 ταῦτα
546 641 992 717 δειχθήσονται,
1005 647 1196 720 ὥσπερ
1216 651 1277 703 ὲν
1302 649 1425 721 ὕψει
1443 650 1651 723 ἑμπροσ

1790 649 1956 705 tenda
1988 663 2086 718 per
2143 649 2316 703 vitam
2349 648 2420 704 ab
2465 663 2536 704 eo
2564 655 2739 718 gesta,
2789 656 3023 718 tumque
3052 648 3160 703 lzeti
3201 648 3269 703 ad
3303 664 3370 703 ea

41 732 114 787 lsv
158 731 604 801 εὑρισκόμενα.
651 736 869 801 Οὐδεὶς
916 738 1026 811 γάρ
1084 739 1257 806 ἐστιν,
1294 742 1323 795 6
1355 740 1432 813 μὴ
1456 744 1651 797 ὲπιστά

1787 739 2230 810 processerimus
2288 755 2414 811 quae
2482 741 2656 796 vitam
2707 740 2982 810 ejusmodi
3046 740 3374 795 testimonio

41 837 185 885 ιενος
212 822 287 875 ἐκ
313 821 439 875 τῶν
500 824 855 893 μελλόντων
902 826 1201 883 ἀκούεσθαι
1224 828 1288 883 τὸ
1309 871 1325 896 ,
1352 829 1456 883 ποῦ
1476 831 1649 887 ταῦτα
1667 873 1684 899 ,

41 916 115 968 uti.
161 913 365 977 πόθεν,
426 915 542 968 καὶ
573 916 723 981 πῶς
784 918 1149 990 προέρχονται
1177 920 1317 992 πρὸς
1346 922 1682 995 φανέρωσιν.

41 1007 95 1061 )3
127 1004 241 1076 γὰρ
268 1004 527 1060 δύναται
563 1007 713 1077 φῶς
740 1009 927 1064 σκότει
964 1013 1353 1079 ωγκοινωνεῖν
1381 1027 1397 1043 ο
1427 1013 1550 1066 οὐδὲ
1580 1014 1687 1068 πά-

41 1116 104 1152 ιιν
139 1098 319 1168 μέρος
341 1097 553 1169 πιστῷ
584 1101 757 1169 μετά
788 1100 1021 1155 ἀπίστου
1052 1116 1065 1129 °
1099 1100 1225 1156 οὔτε
1283 1105 1685 1172 συγκατάθεσις

41 1187 135 1260 aut}:
181 1182 331 1241 Θεοῦ
390 1190 559 1259 μετὰ
629 1191 929 1247 εἰδώλων·
954 1192 1084 1247 οὔτε
1136 1194 1409 1266 συλλήϐην
1465 1197 1685 1263 εἰπεῖν,

41 1278 462 1353 [συμφώνησις]
514 1280 663 1353 Θεῷ
716 1283 861 1355 πρὸς
896 1284 1119 1352 Βελίαρ.
1177 1287 1534 1359 Συντρίϐεται
1574 1289 1685 1361 γὰρ

41 1372 98 1435 ὥς
128 1371 471 1441 γέγραπται
499 1372 575 1425 τὸ
636 1374 878 1445 σαθρὸν,
941 1375 1048 1428 ὑπὸ
1075 1376 1173 1429 τοῦ
1204 1378 1455 1449 ἰσχυροῦ,
1483 1382 1579 1434 καὶ
1600 1381 1682 1445 εἰς

41 1460 345 1531 ἀφανισμὸν
372 1460 447 1515 τὸ
478 1463 718 1516 τούτου
762 1464 919 1528 τέλος
954 1465 1371 1523 ἀποδείκνυται.
1410 1470 1525 1524 Καὶ
1570 1472 1680 1544 γὰρ

41 1552 97 1603 τὰ
124 1551 233 1604 τῶν
288 1553 534 1623 ἀρετῶν
596 1554 816 1624 βέϐαια
855 1558 949 1610 καὶ
975 1558 1150 1627 πάγια
1179 1559 1274 1613 καὶ
1306 1561 1679 1634 ὲρηρεισμένα

41 1645 263 1698 πὰντοτε
291 1643 706 1715 διαμένοντα,
735 1648 922 1712 καθὼς
951 1650 980 1702 6
1007 1649 1153 1713 θεῖος
1209 1651 1554 1707 ἀποδεικνύει
1587 1654 1681 1708 λό-
1740 1656 1745 1663 ’
1780 1649 2047 1720 scriptum
2080 1647 2123 1713 ι,
2176 1649 2324 1720 quod
2355 1656 2447 1704 est
2470 1647 2656 1704 debile
2680 1648 3088 1719 detritumque,
3118 1662 3133 1729 ξ

41 1752 145 1803 τος,
173 1738 239 1789 ὲκ
266 1736 502 1790 τούτων
542 1738 635 1810 μὴ
671 1740 1101 1812 συντριϐόμενα,
1151 1742 1541 1811 ἀναφαίνονται
1573 1747 1651 1800 ὑπ

1779 1740 2009 1812 ejusque
2036 1740 2167 1798 linis
2193 1740 2421 1797 abolitio
2455 1749 2560 1798 est.
2609 1740 2747 1795 Cum
2780 1740 2927 1796 enim
2978 1754 3042 1796 ea
3078 1754 3201 1808 (ιιιιε
3233 1745 3364 1793 sunt

42 1825 126 1878 τοῦ
146 1824 313 1894 λόγου
347 1826 808 1900 φυλαττόμενα.
832 1831 913 1885 Τὰ
928 1832 985 1885 δὲ
1006 1833 1105 1899 τῆς
1139 1831 1339 1896 κακίας
1361 1833 1469 1888 ἴδια
1494 1854 1512 1887 ι
1543 1835 1650 1889 ὠσε

1780 1832 2019 1896 virtutis,
2074 1834 2255 1894 ﬁrma.
2303 1833 2483 1889 solida
2545 1832 2879 1903 stabiliaque
2944 1838 3212 1901 perpetuo
3249 1842 3365 1883 ma-

42 1914 239 1978 καπνὸς
288 1915 694 1984 ἐκλείπουσι,
737 1940 756 1971 ι
822 1922 971 1976 κατά
996 1924 1059 1977 τὸ
1091 1926 1517 1996 γεγραμμένον,
1570 1945 1651 1982 ’κα

1776 1936 1963 1993 ucant,
2015 1924 2479 1995 quemadmodum
2531 1922 2757 1978 divinus
2787 1920 3034 1976 ostendit
3058 1933 3264 1983 sermo,
3292 1916 3362 1973 iis

48 2006 220 2077 ὥσπερ
271 2009 575 2078 ὁμοούσια
610 2013 720 2066 τοῦ
773 2015 1047 2070 ἀσϐέστου
1086 2020 1258 2088 πυρὸς
1286 2021 1650 2091 φανεροῦνται

1775 2033 1887 2074 non
1945 2017 2368 2073 conterentibus
2416 2029 2482 2070 ac
2525 2012 2913 2085 perdentibus,
2974 2011 3149 2081 liquet
3177 2025 3207 2064 a
3244 2023 3363 2064 ser-

54 2097 405 2166 ιΠορεύεσθε
442 2118 467 2152 ι
496 2101 651 2171 γὰρ,
696 2105 838 2174 πρὸς
887 2108 1016 2170 τοὺς
1069 2112 1411 2179 πράττοντας
1452 2111 1522 2165 τὰ
1558 2126 1651 2165 τοι⁴

1775 2125 1937 2165 mone
1958 2107 2302 2165 conservari.
2329 2107 2461 2173 Quae
2492 2117 2674 2160 autem
2709 2111 2842 2160 sunt
2874 2103 3159 2164 vitiorum,
3188 2117 3208 2151 ι
3239 2109 3362 2154 lano

52 2186 201 2274 αὔτα,
236 2207 255 2239 ι
276 2189 362 2260 τῷ
401 2193 591 2260 φωτὶ,
618 2196 789 2266 φησὶ,
807 2197 903 2250 τοῦ
932 2199 1106 2270 πυρὸς
1125 2201 1283 2270 ὑμῶν
1311 2204 1404 2257 καὶ
1422 2206 1488 2274 τῇ
1512 2203 1651 2274 φλογ

1771 2216 1936 2274 quam
2001 2200 2188 2256 fumus
2244 2199 2530 2264 deficiunt,
2572 2216 2590 2249 ι
2645 2197 2802 2269 juxta
2851 2195 2997 2265 quod
3063 2202 3150 2250 est
3215 2192 3360 2248 scri-

54 2272 83 2351 ᾖ
110 2279 479 2344 ἐξεκαύσατε.
510 2302 532 2334 ι
590 2284 889 2340 Ἐντεῦθεν
919 2288 1129 2353 λοιπὸν,
1183 2291 1406 2361 ἀδελφοῖ⁵
1431 2272 1651 2363 ,νῶσπει

1774 2272 1932 2364 ptum
1965 2299 2046 2356 ¹¹¹;
2139 2305 2205 2344 ac
2271 2288 2419 2344 velut
2466 2287 2712 2358 ejusdem
2785 2285 3022 2343 rationis
3070 2298 3195 2338 cum
3244 2282 3367 2359 igni.

1788 816 2090 888 illustrant.
2127 832 2297 888 Plane
2327 832 2474 888 enim
2514 829 2768 886 futurum
2800 839 2884 887 est
2916 840 2975 886 ut
2999 840 3052 885 et
3088 832 3183 885 illa
3236 831 3370 887 hinc

1786 919 2164 987 innotescant,
2199 934 2265 974 ac
2295 919 2446 975 velut
2488 919 2560 974 ob
2588 920 2783 975 oculos
2813 933 3002 973 coram
3046 925 3367 975 occurrant.

1785 1010 1957 1067 Νοτιιό
1984 1011 2135 1065 enim
2168 1020 2276 1076 est,
2307 1012 2402 1081 qui
2436 1027 2545 1066 non
2578 1013 2765 1067 statim
2806 1026 2875 1065 ex
2927 1010 3222 1066 audiendis
3280 1010 3368 1065 iu-

1784 1101 1995 1173 telligat
2015 1116 2127 1171 quo
2162 1115 2254 1157 res
2293 1101 2593 1172 ejusmodi,
2623 1110 2677 1158 et
2729 1101 2882 1157 unde
2910 1116 2975 1157 ac
3009 1117 3118 1173 qua
3153 1101 3370 1157 ratione

1783 1192 1840 1248 in
1901 1193 2079 1248 lucem
2129 1193 2478 1249 declaranda:
2506 1194 2835 1264 procedant.
2875 1193 2990 1250 Nec
3019 1193 3165 1249 enim
3202 1208 3370 1248 com-

1780 1285 1971 1338 munio
2011 1284 2198 1354 aliqua
2229 1300 2354 1340 esse
2386 1294 2566 1354 potest
2604 1285 2713 1339 luci
2745 1285 2816 1341 ad
2850 1286 3132 1349 tenebras,
3164 1300 3348 1355 neque

1781 1375 1978 1431 iterum
2002 1390 2134 1446 pars
2154 1376 2339 1446 aliqua
2375 1377 2520 1431 lideli
2551 1392 2681 1432 cum
2706 1377 2943 1443 infideli,
2974 1391 3361 1433 conscnsusve

1783 1465 1987 1533 templo
2014 1463 2108 1518 Dei
2151 1480 2278 1519 cum
2318 1464 2507 1530 idolis,
2538 1473 2633 1519 aut
2662 1467 2902 1536 denique
2933 1466 3231 1521 conventio
3266 1463 3363 1521 Dei

1779 1554 1847 1608 ad
1914 1553 2084 1609 Belial
2110 1555 2161 1609 ι.
2211 1553 2431 1626 Quippe
2491 1565 2835 1622 conteretur,
2888 1556 3052 1627 juxta
3093 1557 3242 1627 quod
3279 1563 3367 1611 est

1740 1656 1745 1663 ‘
1780 1649 2047 1720 scriptum
2080 1647 2123 1713 ι,
2176 1649 2324 1720 quod
2355 1656 2447 1704 est
2470 1647 2656 1704 debile
2680 1648 3088 1719 detritumque,
3118 1662 3150 1701 a
3183 1646 3318 1702 forti
3346 1662 3362 1699 :

56 2368 152 2420 ἀπὸ
175 2370 356 2442 πυρὸς
388 2371 781 2445 λυτρωθῆναι
822 2376 1139 2448 βουλόμενοι
1165 2379 1256 2434 διὰ
1317 2382 1421 2449 τῆς
1466 2384 1677 2454 ἀκροά-

60 2477 200 2527 σεως,
255 2463 355 2517 ἐπὶ
388 2465 467 2518 τᾶ
500 2466 610 2519 τοῦ
671 2467 868 2536 ἀνδρὸς
928 2470 1305 2542 ύπέρλαμπρα
1360 2473 1536 2544 ἔργα,
1568 2476 1670 2540 τάς

59 2552 212 2614 ἀκοάς
237 2554 348 2625 τῆς
408 2556 685 2621 διανοίας
729 2560 1125 2629 συντείναντες,
1154 2563 1249 2617 καὶ
1272 2565 1354 2628 είς
1384 2565 1502 2635 φῶς
1529 2566 1670 2634 γνῶ⁴

64 2660 190 2709 σεως
216 2651 733 2721 καταντήσαντες,
781 2650 966 2715 καθὼς
998 2655 1095 2709 καὶ
1123 2659 1152 2709 6
1187 2656 1427 2726 Χριστὸς
1458 2658 1671 2715 ὲκδιδάσ

62 2749 190 2800 σκει,
239 2738 653 2811 ἀκουσώμεθα
679 2742 733 2795 τί
756 2741 988 2812 λαλήσει
1024 2746 1083 2798 ὲν
1112 2744 1241 2816 ὑμῖν
1267 2747 1328 2799 τὸ
1355 2747 1580 2820 Πνεῦμα
1606 2749 1669 2803 τὸ

66 2820 227 2888 ἅγιον.
249 2826 437 2880 Αὐτοῦ
466 2829 593 2900 γὰρ
628 2831 733 2884 καὶ
755 2831 863 2884 εἰσὶ
905 2832 1001 2888 καὶ
1056 2833 1367 2901 λαλούνται,
1403 2838 1501 2892 καὶ
1529 2839 1669 2910 πρὸς

65 2911 119 2963 τὸ
144 2913 324 2984 λέγειν
358 2919 694 2987 φαίνονται,
722 2921 798 2986 ὡς
822 2923 887 2976 τὸ
911 2925 1268 2981 ἀποστολικδν
1308 2929 1545 3000 γράμμα
1582 2930 1665 2984 δι-

72 3002 266 3071 δὰσκει,
298 3008 457 3073 ὅπως
488 3011 826 3084 δοξάζωμεν
851 3014 1091 3081 ἐκτενῶς
1106 3018 1200 3072 τὸν
1220 3020 1380 3075 δόντα
1412 3023 1509 3077 καὶ⁸
1533 3023 1664 3077 πάνυ

1770 2380 2208 2454 inexstinguibili
2241 2378 2636 2435 ostenduntur.
2695 2378 2788 2432 Ait
2837 2392 2987 2432 enim
3034 2375 3101 2430 ad
3134 2390 3232 2430 eos
3261 2375 3359 2445 qni

1769 2476 1899 2529 talia
1953 2481 2128 2544 agunt
2159 2489 2173 2525 :
2206 2490 2225 2522 ι
2260 2470 2556 2525 Ambulatc
2617 2469 2672 2523 in
2703 2468 2917 2524 lumine
2979 2466 3126 2537 ignis
3155 2467 3356 2526 vestri,

1767 2578 1822 2623 et
1857 2567 1913 2622 in
1942 2566 2163 2620 ﬂamma
2197 2579 2362 2632 quam
2414 2561 2780 2631 succendistis
2798 2567 2852 2614 ιι.
2888 2577 2907 2611 ι
2956 2556 3354 2624 Quamobrem,

1767 2659 1978 2722 dilecti,
2030 2657 2175 2711 velut
2200 2657 2291 2726 qui
2331 2652 2618 2708 auditione
2669 2650 2998 2706 studeamus
3033 2648 3103 2701 ab
3140 2646 3267 2716 igne
3293 2644 3357 2699 li-

1765 2750 1973 2816 berari,
2031 2748 2231 2804 mentis
2263 2761 2427 2802 aures
2478 2745 2692 2815 pariter
2736 2741 3092 2798 intendentes
3127 2738 3183 2793 in
3211 2751 3356 2809 prae-

1766 2844 1914 2899 clara
1938 2841 2040 2897 viri
2060 2856 2252 2911 opera,
2280 2854 2345 2894 ac
2377 2845 2740 2894 occurrentes
2769 2834 2836 2889 ad
2864 2833 3111 2890 scientiae
3142 2832 3352 2892 iumen,

1760 2936 1921 3007 juxta
1981 2932 2127 3005 quod
2157 2933 2413 2987 Christus
2439 2930 2621 2990 docet,
2669 2927 2963 2981 audiamus
2993 2923 3125 2995 quid
3159 2922 3356 2991 loqua--

1765 3035 1856 3082 tur
1885 3026 1940 3080 in
1978 3024 2141 3079 nobis
2179 3023 2422 3093 Spiritus
2452 3028 2705 3076 sanctus.
2737 3017 2923 3087 Ipsius
2956 3016 3105 3071 enim
3129 3027 3195 3067 ea
3224 3016 3355 3066 sunt

70 3112 177 3197 τότε
224 3100 482 3158 διδοῦντα
537 3107 806 3174 ἐξουσίαν
851 3109 1140 3182 τοιαύτην,
1195 3113 1651 3186 συνφθεγγόμενοι

1768 3123 1822 3174 et
1857 3122 2127 3170 vocantur
2158 3121 2326 3183 atque
2351 3118 2410 3165 ut
2435 3110 2672 3166 habeant
2708 3108 2817 3164 dici
2855 3104 3147 3185 manifesta
3183 3101 3345 3163 ﬁunt,

76 3189 159 3240 καὶ
182 3193 346 3260 ἡμεῖς
376 3196 462 3265 τῷ
479 3197 819 3270 Εὐαγγελίῳ
851 3202 950 3255 σὺν
970 3202 1090 3273 Θεῷ
1110 3205 1227 3268 τοῖς
1254 3205 1582 3276 ἀνθρώποις.

1761 3206 1912 3265 velut
1972 3203 2136 3259 docet
2183 3202 2506 3273 Apostolus,
2553 3208 2615 3255 ut
2661 3213 2787 3255 enim
2833 3197 3043 3269 jugitcr
3090 3192 3351 3247 laudibus

77 3280 433 3350 celebremus,
491 3289 599 3359 qui
666 3291 831 3346 talem
891 3292 1044 3348 dedit
1124 3304 1481 3364 p0testatem,
1529 3306 1587 3354 et
1638 3310 1726 3360 est
1788 3312 2008 3370 semper
2077 3295 2331 3359 daturus,
2387 3294 2677 3364 loquentes
2732 3299 2788 3346 et
2833 3289 2939 3360 ipsi
3005 3285 3353 3344 sermonibus

83 3372 395 3439 cvangelicis
426 3390 565 3432 cum
606 3378 950 3435 hominibus.

143 3488 351 3554 Ταύτας
386 3493 587 3549 τοίνυν
619 3493 735 3548 τῶν
754 3495 1048 3566 ἐγκωμίων
1082 3497 1355 3564 συλλαϐὰς
1390 3503 1421 3555 6
1442 3502 1661 3573 λεχθεὶς

88 3578 367 3645 ἀγιὼτατος
388 3584 709 3649 ἐπίσκοπος
727 3583 803 3650 ὡς
824 3587 1161 3658 εὐπρεπείας
1178 3589 1370 3657 λόγους
1397 3592 1658 3662 ἐπήξατο,

88 3668 311 3739 φοϐερῶς
362 3673 467 3745 τὴν
515 3675 682 3742 τάξιν
734 3675 967 3745 ἐχούσας
1019 3678 1156 3750 πρὸς
1210 3679 1500 3749 διόρθωσιν
1548 3682 1660 3736 τῶν

1832 3493 1943 3549 Has
1982 3490 2171 3562 itaque
2203 3490 2479 3546 sermonis
2515 3487 2812 3544 laudatorii
2875 3486 3123 3558 syllabas
3153 3472 3353 3556 praefa-

1760 3596 1853 3642 tus
1910 3581 2302 3639 sanctissimus
2348 3581 2685 3650 episcopus,
2740 3579 2889 3633 velut
2922 3577 3142 3632 decoris
3181 3576 3350 3632 verba

1761 3673 2097 3745 composuit,
2157 3686 2391 3739 quarum
2443 3678 2532 3724 est
2578 3669 2858 3729 terribilis.
2888 3667 3027 3723 ordo
3056 3668 3122 3722 ad
3152 3683 3346 3724 eorum

96 3759 267 3829 ζηλοῦν
313 3764 626 3820 ἐθελόντων
657 3766 751 3822 τὸν
779 3768 1077 3836 ἀγγελικὺν
1102 3768 1218 3839 βίον
1244 3770 1340 3825 τοῦ
1379 3772 1530 3827 ὁσίου
1556 3775 1651 3827 Πα·

1768 3763 2218 3824 :mendationem,
2258 3758 2679 3830 quiangelicam
2712 3758 2894 3813 sancti
2932 3755 3114 3811 Patris
3154 3756 3336 3812 nostri

92 3847 202 3916 ’πρὸς
248 3852 407 3922 ἡμῶν
447 3856 769 3912 Παταπίου.
814 3858 959 3912 Ἀλλ’
1011 3859 1094 3913 ὅτι
1142 3860 1311 3926 δόξαν
1366 3864 1463 3918 καὶ
1489 3864 1660 3934 τιμὴν

96 3935 343 4005 ἁμφιάσαι
380 3945 605 4012 τοῦτον,
636 3948 666 3999 6
694 3944 962 4001 διδάσκων
1014 3945 1216 4016 γνῶσιν
1263 3951 1462 4020 τοῖς-τῇ
1495 3946 1660 4019 σοφίᾳ

98 4031 500 4100 προσεδρεύουσι
553 4036 714 4107 μόνος
751 4036 1007 4108 ἠθέλησε.
1030 4015 1070 4091 ν(
1122 4038 1341 4109 Κράτος
1363 4015 1514 4110 ’γ’ἀρ

103 4122 448 4196 μεγαλοσύνης
499 4127 672 4183 αὐτοῦ
706 4128 792 4191 τίς
830 4128 1227 4200 ὲξαριθμήσει;
1264 4148 1285 4182 ι
1316 4128 1492 4192 Αὐτὸς
1540 4129 1655 4199 δῴη

105 4208 183 4258 καὶ
204 4210 328 4280 ἡμῖν
357 4213 520 4284 λόγον
549 4219 611 4270 ὲν
637 4216 840 4281 ἀνοίξει
882 4216 979 4271 τοῦ
1042 4217 1334 4287 στόματος,
1365 4221 1394 4271 6
1423 4217 1535 4283 ζῶν
1575 4218 1653 4282 είς

102 4295 178 4347 τὸν
202 4301 385 4367 αἰῶνα,
414 4307 573 4370 ὅπως
614 4307 712 4361 καὶ
736 4310 900 4378 ἡμεῖς
937 4307 1078 4373 μετά
1104 4308 1272 4361 πόθου
1299 4310 1415 4371 τοῖς
1436 4312 1653 4372 πιστοῖς

108 4391 494 4466 παραδώσωμεν
515 4397 587 4450 τὰ
608 4398 748 4467 μετά
788 4397 1020 4453 θάνατον
1075 4399 1244 4453 αὐτοῦ
1268 4401 1528 4468 γεγονότα
1553 4418 1651 4470 χα-

111 4479 337 4550 ρίσματα.
362 4490 529 4559 Λέγει
549 4487 644 4545 οὖν
662 4492 693 4543 6
733 4491 1167 4563 Ἐκκλησιαστὴς
1190 4491 1446 4562 Σολομὼν
1464 4508 1478 4523 ·
1513 4511 1532 4543 ι
1557 4492 1650 4545 Δί-

112 4583 259 4636 καιος,
288 4578 378 4632 ἐὰν
412 4583 596 4654 φθάσῃ
628 4582 970 4654 τελευτῆσαι,
990 4584 1050 4637 ὲν
1085 4583 1393 4637 ἀναπαύσει
1420 4582 1597 4636 ἔσται.
1627 4601 1647 4634 ι

44 4702 53 4709 .
110 4658 202 4714 Καὶ
222 4668 376 4723 πάλιν
401 4674 573 4745 φησί·
608 4692 627 4725 ι
650 4675 887 4729 Δικαίων
915 4674 1089 4745 ψυχαὶ
1113 4675 1172 4727 ἐν
1200 4674 1351 4745 χειρὶ
1372 4674 1603 4745 Κυρίου.
1625 4693 1645 4727 ι

114 4750 206 4807 Καὶ
256 4765 367 4829 μετ’
396 4764 555 4836 ὀλίγα
588 4781 603 4797 ·
641 4785 663 4818 ι
698 4767 764 4820 Ἡ
784 4766 943 4827 ἐλπὶς
965 4765 1147 4819 αὐτῶν
1176 4765 1480 4825 ἀθανασίας
1510 4766 1651 4837 πλή-
1682 4796 1689 4804 ~

94 4859 213 4913 νρης.
243 4868 261 4900 ι
294 4853 382 4908 Διό
408 4873 576 4928 φημι,
606 4858 903 4928 ἀγαπητοὶ,
926 4857 1010 4911 ὃτι
1034 4859 1068 4924 ἡ
1099 4857 1210 4910 τῶν
1235 4856 1485 4910 ἐντεῦθεν
1511 4857 1650 4929 πρὸς
1674 4889 1686 4900 -

115 4934 172 4987 τὰ
197 4939 300 4996 ἐκεῖ
330 4950 739 5018 μεταφοίτησις,
793 4952 910 5012 τοῖς
926 4950 1106 5018 ἁγίοις
1137 4947 1371 5011 πλοῦτος
1405 4949 1498 5001 καὶ
1517 4948 1644 5012 δόξα

114 5024 411 5111 εὑρίσκεται.
445 5041 508 5095 Ei
538 5041 650 5111 γὰρ
679 5041 777 5095 καὶ
805 5040 866 5095 τὺ
886 5040 1089 5109 γεῶδες
1124 5040 1323 5109 σκῆνος
1355 5037 1415 5103 ἐξ
1439 5035 1509 5111 ἧς
1537 5039 1646 5109 γῆς

118 5110 377 5197 διεπλάσθη
399 5110 798 5199 ἐναποτίθεται,
821 5132 941 5188 ἀλλ’
969 5132 1069 5186 οὐκ
1103 5110 1506 5202 ἀπεσχισμένον
1535 5129 1649 5202 ἔχει

119 5210 295 5276 πητῶς
320 5219 376 5269 τὸ
402 5222 688 5293 ὁμόφυλον.
721 5222 958 5288 Σώζοιτο
979 5222 1091 5292 γὰρ
1114 5219 1176 5273 τὸ
1202 5220 1324 5274 κατ’
1349 5220 1533 5275 εἰκόνα
1555 5222 1650 5275 καὶ

1760 3854 1978 3924 Patapii
2002 3852 2200 3915 vitam,
2227 3849 2463 3919 cupiunt
2491 3848 2764 3903 aemulari.
2796 3846 2939 3912 Quia
2976 3846 3344 3901 nihilominus

1758 3945 1935 4001 voluit
1967 3943 2063 4013 qui
2097 3941 2253 3997 solus
2276 3938 2567 3996 scientiam
2602 3936 2806 3993 docct°
2841 3935 3345 4008 sapientite'studio

1759 4038 2035 4103 assiduos,
2105 4044 2169 4089 ut
2210 4034 2257 4090 is
2315 4033 2550 4106 gloriam
2614 4041 2669 4089 et
2710 4032 2977 4087 honorem
3028 4030 3285 4086 indueret
3326 4048 3341 4085 :

1758 4128 1920 4191 Nam,
1954 4145 1975 4178 ι
2043 4125 2302 4180 virtutem
2375 4121 2771 4193 magnitudinis
2810 4120 2938 4190 ejus
2968 4120 3096 4190 quis
3118 4134 3346 4175 enume-

1754 4217 1901 4272 rabit
1929 4217 2002 4271 P?
2039 4236 2058 4266 ι
2092 4215 2210 4282 Ipse
2241 4213 2407 4268 etiam
2434 4228 2743 4269 sermonem
2768 4213 2928 4268 nobis
2960 4213 3013 4266 in
3043 4212 3157 4267 oris
3181 4225 3342 4281 aper-

1757 4298 1913 4363 ti’one
1966 4305 2183 4362 dederit
2209 4315 2260 4367 ιι,
2300 4305 2394 4374 qui
2433 4304 2488 4359 in
2524 4314 2790 4359 aeternum
2848 4304 2984 4358 vivit
3014 4319 3030 4364 :
3063 4309 3204 4357 utet
3239 4300 3343 4372 ipsi

1758 4416 1880 4472 quae
1951 4407 2076 4469 post
2110 4398 2231 4468 ejus
2266 4407 2500 4452 mortem
2550 4396 2804 4452 exhibita
2832 4402 2962 4451 sunt
2997 4394 3189 4451 divina
3219 4408 3342 4448 mu-

1754 4511 1911 4557 nera,
1972 4492 2248 4549 desiderio
2321 4490 2577 4545 ﬁdelibus
2660 4490 2969 4544 tradamus.
3025 4488 3115 4543 Ait
3176 4486 3342 4558 igitur

1756 4588 2124 4642 Ecclesiastes
2172 4583 2477 4637 Salomon:
2516 4600 2535 4634 ι
2570 4581 2767 4636 Justus
2815 4589 3020 4647 autem,
3070 4581 3116 4635 si
3161 4588 3339 4634 morte

1755 4686 2175 4750 praeoccupatus
2200 4676 2389 4737 fuerit,
2430 4676 2481 4728 in
2514 4673 2804 4744 refrigerio
2822 4674 2930 4728 erit
2965 4683 3011 4726 ν.
3054 4692 3072 4724 ι
3101 4672 3338 4728 lterum-

1755 4786 1861 4839 que
1890 4772 1963 4823 ait
1994 4787 2007 4823 :
2049 4789 2067 4821 ι
2105 4768 2389 4822 Justorum
2424 4766 2623 4819 animae
2648 4765 2701 4818 in
2738 4780 2905 4819 manu
2936 4765 3028 4820 Dei
3063 4772 3197 4822 sunt
3226 4771 3273 4819 '.
3309 4784 3329 4819 ι

1757 4863 1815 4915 lit
1853 4869 1973 4930 pnsl
2001 4876 2171 4931 pauca
2218 4876 2230 4912 :
2275 4876 2294 4910 ι
2331 4858 2466 4927 Spes
2493 4872 2684 4912 eorum
2720 4858 2879 4928 plena
2914 4867 3000 4912 est
3044 4858 3334 4912 immorta-

1756 4954 1910 5007 litate
1940 4953 1984 5005 ι.
2033 4972 2050 5005 ι
2112 4950 2481 5018 Quamobrem
2508 4950 2654 5015 dico,
2688 4950 2897 5016 dilecti,
2947 4950 3334 5017 migrationem

1756 5043 1825 5097 ab
1857 5044 1957 5097 hac
2009 5043 2073 5097 ad
2108 5032 2361 5096 alleram~
2386 5043 2578 5105 vitam,
2604 5043 2830 5099 divitias
2857 5044 3069 5099 sanctis
3092 5043 3332 5098 inveniri

1755 5143 1810 5190 et
1860 5136 2092 5205 gratiam
2127 5150 2142 5201 ;
2176 5149 2494 5205 quanquam
2528 5135 2673 5189 enim
2741 5135 3156 5190 tabernaculum
3227 5134 3334 5188 hoc

1755 5234 2034 5282 terrenum
2075 5226 2129 5280 in
2163 5233 2365 5282 terram
2399 5225 2711 5297 deponatur
2738 5242 2806 5281 ex
2847 5241 2959 5297 qua
2996 5226 3184 5280 [ictum
3223 5232 3329 5285 est,

185 5401 400 5494 Cor.
440 5422 637 5494 v1.16.
708 5420 724 5494 Ι
763 5424 1053 5494 Matth.ix,
1086 5424 1199 5494 l6._
1252 5423 1454 5494 lnl‘sal.
1483 5439 1651 5488 van,

1818 5436 1843 5464 η
1873 5425 1979 5482 lsa.
2013 5442 2063 5493 ι,
2088 5428 2170 5482 Η.
2251 5437 2275 5465 ο
2315 5429 2460 5486 Psal.
2501 5443 2650 5494 xcm,
2680 5427 2766 5482 10.
2860 5438 2889 5479 P
2915 5427 3325 5488 Ecclus-runt.

124 5476 150 5515 ‘
181 5472 348 5544 “rhus.
376 5472 459 5554 ιι,
474 5472 562 5547 ῖθῖ
578 5472 599 5477 ⁷
626 5472 663 5530 ἰ
702 5472 841 5565 sap:
851 5472 953 5557 ii,
973 5472 1023 5548 '7:

1128 5489 1292 5562 l‘Sup.
1326 5506 1406 5555 ιιι,
1432 5492 1483 5547 Ι.
1520 5496 1533 5528 ί
1572 5492 1779 5549 ihid.4.

1339 5670 1570 5737 γΑιιῙΑῖ
1600 5681 2017 5739 LECTIONES.

192 5748 228 5781 "
256 5752 329 5812 ἵσ.
354 5746 751 5835 ἐγκαταλαϐεῐν.
