3830 6326
12 334 168 401 12m

1360 347 1440 408 IN
1473 348 1534 407 S.
1568 347 1978 410 PATAPIUM.

3192 349 3326 417 19.50

8 453 303 525 βτηθείας
333 460 667 529 τετυχηκυῖα
699 459 731 530 ἡ
778 459 1169 531 προλεχθεϊσα,
1196 459 1256 512 ὲν
1309 461 1409 532 μιᾷ
1450 477 1630 516 νυκτε⁴

1748 476 1855 530 que
1890 461 2069 532 puclla
2122 458 2351 531 przefata
2400 474 2557 516 nacta
2601 461 2892 523 auxilium.
2927 464 3106 519 noctis
3143 468 3327 534 cujus:-

12 548 154 619 ρινῆ
208 548 424 621 ἠσυχίᾳ
466 550 641 621 ἐφάνη
670 552 813 624 αὐτῇ
862 551 1246 625 ἡτοιμασμένη
1278 552 1527 623 τράπεζα
1581 553 1642 620 ἐξ

8 642 299 708 ιναντίας
325 642 558 713 κειμένη
578 661 595 677 ι
632 644 725 697 καί
752 663 885 716 φησι
906 646 1045 718 πρὸς
1072 643 1250 716 αὐτὴν
1281 640 1361 708 εἷς
1383 645 1492 699 τῶν
1519 646 1644 700 ἀνα·

14 734 321 812 κειμένων
344 752 359 766 ·
392 736 509 790 Οὐκ
540 735 689 790 ἔστιν
732 734 862 802 ἀξία
899 737 994 791 τοῦ
1021 736 1349 806 γεύσασθαι.
1380 734 1491 791 Ἦν
1522 737 1580 791 δὲ
1604 740 1640 810 η

35 826 198 897 φωνὴ
238 826 313 898 ἢν
340 827 544 898 ἢκουσε
574 828 943 900 γνωρισθεῖσα
970 830 1130 901 αὐτῇ,
1177 828 1259 893 ὡς
1297 831 1429 898 πρὶν
1467 828 1641 902 ταύτῃ

54 918 334 972 συνελάλει
361 919 499 990 αὐτῇ
534 921 565 972 ὀ
614 918 772 988 ἅγιος
802 920 1108 983 Πατάπιος.
1151 919 1378 990 Ταύτης
1401 916 1496 975 οὖν
1544 922 1643 990 τῆς

51 1011 229 1081 φωνῆς
264 1010 600 1082 γενομένης,
631 1011 796 1067 πάλιν
827 1011 981 1084 φωνὴ
1014 1014 1080 1066 ὲκ
1104 1013 1364 1084 δευτέρου
1401 1014 1639 1083 ἐγένετο,

0 1178 3 1181 Α
50 1104 110 1155 ἐκ
152 1100 267 1155 τῶν
304 1102 606 1158 ὲσθιουσῶν
641 1104 924 1172 γυναικῶν
970 1107 1103 1175 μιᾶς
1143 1122 1326 1169 τινος·
1356 1105 1484 1172 Ναὶ,
1512 1106 1641 1173 ἀξία

6 1270 9 1271 ν
50 1194 343 1264 γενήσεται
373 1194 440 1246 ἐκ
474 1195 575 1264 τῆς
619 1195 904 1266 τραπέζης
934 1195 1140 1262 ταύτης
1165 1196 1469 1267 γεύσασθαι
1494 1214 1510 1228 ·
1547 1198 1643 1251 καὶ

10 1272 13 1273 ν
50 1286 286 1356 ἤκουσεν
310 1285 487 1356 αὐτῆς
512 1286 676 1340 τοῦτο
700 1286 984 1358 εἰπούσης.
1030 1286 1300 1352 Ἐξυπνος
1329 1286 1386 1340 δὲ
1414 1289 1643 1358 γενομέο

50 1396 131 1448 νη,
165 1377 477 1448 κατενόησε
522 1377 618 1431 τοῦ
651 1376 821 1432 κα.λοῦ
850 1377 1170 1433 διδασκάλου
1201 1379 1303 1449 τὴν
1332 1378 1513 1450 φωνὴν
1540 1378 1641 1452 τὴν

52 1466 277 1539 πρώτην
305 1462 470 1523 εἶναι.
500 1468 614 1522 Καὶ
647 1469 891 1540 ᾐτήσατο
930 1468 1097 1523 πάλιν
1124 1469 1396 1539 ἐσώτερον
1427 1470 1643 1539 ἐγκλει-

52 1558 240 1628 σθῆναι
271 1559 370 1614 καὶ
395 1558 697 1613 κατωτάτω
716 1599 733 1627 ,
763 1559 907 1614 ὥστε
949 1560 1027 1632 μὴ
1056 1559 1205 1631 ἔχειν
1246 1560 1423 1630 αὐτὴν
1455 1560 1641 1617 ἄδειαν

53 1648 327 1720 ἑτέρωθεν
387 1649 685 1720 λαμϐάνειν
731 1650 792 1705 τὸ
842 1650 981 1720 πρὸς
1041 1649 1138 1721 τὴν
1185 1653 1398 1721 χρείαν,
1449 1651 1483 1722 ἦ
1533 1668 1641 1705 τινι

50 1739 397 1811 ἐμφανίζειν,
431 1742 466 1813 ἢ
508 1742 672 1812 μόνον
721 1742 828 1796 ὑπὸ
869 1742 970 1814 τῆς
1006 1742 1185 1795 ἐκεῖσε
1230 1742 1488 1815 οἰκούσης
1536 1745 1635 1799 σὺν

48 1805 178 1903 αθτῇ
206 1805 542 1904 hausta-r11;
563 1873 580 1899 ,
623 1833 784 1888 τοῦτο
826 1805 1008 1900 καλῶς
1040 1834 1147 1889 ὑπὸ
1185 1833 1280 1888 τοῦ
1310 1805 1479 1905 λόγου
1501 1837 1634 1891 ὲαυ-
1663 1805 1710 1867 Β

48 1924 134 1995 τὴν
169 1925 586 1997 κατακρίνασα.

106 2016 213 2070 Διά
243 2016 413 2070 τοῦτο
439 2012 558 2082 οὖν,
590 2019 892 2090 ἀγαπητοὶ,
924 2020 975 2073 οί
1001 2018 1330 2092 φοϐούμενοι
1354 2020 1449 2074 τὸν
1477 2021 1634 2087 Θεὸν,

48 2108 349 2181 εὑρήσουσι
386 2109 573 2187 χάριν,
605 2112 699 2167 καὶ
725 2113 785 2166 ὲν
815 2112 992 2181 ἀγίοις
1020 2114 1051 2167 ό
1078 2112 1283 2184 κλῆρος
1311 2113 1513 2178 αὐτῶν,
1540 2116 1639 2170 καὶ

48 2203 97 2253 ὲν
124 2202 331 2275 Κυρίῳ
380 2205 410 2258 ὁ
447 2204 643 2275 μισθὸς
687 2205 892 2272 αὐτῶν,
943 2207 1075 2277 παρ’
1118 2199 1165 2274 ᾧ
1215 2209 1274 2260 ὲν
1331 2205 1637 2278 ὀφθαλμοῖς

46 2292 307 2365 εὕρωσιν,
348 2298 399 2350 οἱ
439 2300 563 2362 ταῖς
611 2297 829 2369 μνείαις
871 2296 1055 2351 αὐτῶν
1081 2297 1487 2363 κοινωνοῦντες.
1522 2298 1637 2369 Τῆς

46 2388 149 2456 γὰρ
178 2387 304 2441 νυνὶ
343 2388 671 2460 τελουμένης
698 2388 797 2443 τοῦ
843 2389 992 2443 ὁσίου
1021 2389 1245 2461 μνήμης
1273 2389 1379 2444 ὑπὸ
1408 2390 1517 2444 τῶν
1547 2391 1638 2445 πί-

48 2496 161 2533 στει
187 2479 593 2554 ἐκδεξαμένων,
624 2483 720 2536 καὶ
766 2483 860 2536 τὸν
904 2481 1072 2552 φόϐον
1101 2484 1150 2516 ³⁸
1202 2484 1302 2554 τῆς
1335 2483 1485 2549 θείας
1527 2483 1639 2538 λει-

44 2571 308 2642 τουργίας
331 2574 392 2626 ὲν
436 2573 653 2646 καθαρᾷ
693 2574 894 2647 καρδίᾳ
938 2575 1341 2647 ἀναμενόντων,
1375 2575 1516 2646 μετά
1535 2576 1637 2648 τὴν

48 2663 354 2733 παννυχίδα
379 2648 457 2735 τῇ
478 2666 636 2719 νυκτὶ
684 2665 895 2738 ἐκείνῃ,
926 2662 1069 2721 εἶδον
1117 2666 1337 2720 αὑτοὶ³⁶
1372 2668 1636 2738 μεγαλεῖα

44 2753 207 2824 δόξης
236 2756 468 2827 Κυρίου.
522 2755 714 2810 Αὐτῶν
744 2757 853 2829 γάρ
897 2755 1068 2813 ὕπνου
1104 2758 1433 2828 μεταλαϐεῖν
1480 2776 1638 2829 γενο⁶

46 2845 253 2912 μένων,
296 2846 373 2911 ὡς
416 2848 623 2920 πρώτῳ
664 2849 764 2903 καὶ
809 2848 940 2921 θείῳ
980 2849 1141 2922 δώρῳ
1161 2850 1229 2925 ³⁸,
1263 2852 1515 2922 φαίνεται
1564 2853 1635 2906 δι’

40 2936 319 3002 ὀπτασίας
360 2939 440 3011 τῷ
491 2941 756 3013 Στοιχείῳ
805 2941 1042 3013 ιχούσης
1063 2942 1110 2975 ³⁸
1172 2944 1239 2997 τὸ
1293 2942 1487 3013 ὄνομα,
1539 2945 1636 2998 καὶ

38 3027 396 3098 προσομιλῶν
424 3031 492 3100 τῇ
524 3033 698 3102 σεμνῇ
727 3030 905 3103 ταύτῃ
926 3031 1088 3103 κόρῃ,
1117 3030 1436 3104 μειδιῶντῷ
1461 3050 1633 3103 προσ-

1747 553 1873 609 dam
1909 554 2156 621 silentio,
2186 563 2437 624 paratam
2480 569 2726 609 mensam
2767 570 2800 609 e
2825 555 3052 626 regione
3090 558 3325 626 positam

1745 647 1935 714 videt;
1985 647 2173 718 aitque
2206 649 2273 703 ad
2301 662 2423 704 eam
2468 647 2908 703 recumbentium
2943 664 3087 703 unus
3123 667 3137 704 :
3180 649 3326 703 ludi-

1743 753 1848 809 gna
1876 747 1963 794 est
2004 754 2127 810 qua:
2165 740 2493 811 gustaverit.
2538 738 2718 794 Porro
2766 739 3003 795 habebat
3049 742 3324 811 cngnitam

1743 844 1934 886 vocem
1973 845 2140 901 quam
2188 831 2422 894 audivit,
2468 826 2619 887 velut
2671 844 2738 887 ea
2796 831 2900 886 sibi
2932 832 3087 901 prius
3139 833 3324 886 locuto

1744 930 1945 978 sancto
1987 921 2241 994 Patapio.
2302 922 2418 978 llac
2467 923 2638 994 igitur
2685 937 2826 979 voce
2862 923 3027 987 facta,
3079 924 3323 978 secundo

1744 1013 1946 1071 iterum
1998 1031 2106 1072 vox
2163 1015 2307 1071 facta
2358 1024 2464 1081 est,
2522 1014 2762 1085 quadam
2801 1031 2867 1070 ex
2902 1014 3322 1070 comedentibus

1746 1105 1966 1162 feminis
1990 1108 2277 1162 emittente
2312 1125 2325 1162 :
2357 1105 2555 1176 Utique
2586 1106 2753 1177 digna
2783 1105 3070 1169 eﬂicietur,
3103 1120 3224 1174 quae
3255 1106 3324 1161 de

1744 1210 1933 1251 mensa
1962 1195 2066 1250 hac
2096 1195 2419 1266 gustaverit.
2476 1198 2657 1267 Atque
2704 1197 2758 1250 in
2804 1196 2950 1251 hunc
2984 1195 3207 1249 modum
3240 1195 3326 1250 di-

1742 1294 1958 1340 centem
2014 1284 2249 1340 audivit.
2308 1286 2354 1338 Α
2416 1300 2613 1340 somno
2668 1293 2852 1341 autem
2915 1285 3323 1356 expergefacta,

1744 1377 2024 1448 perspexit
2055 1391 2181 1433 esse
2216 1376 2344 1431 boni
2375 1376 2626 1431 doctoris
2659 1390 2851 1430 vocem
2880 1391 3048 1446 quant
3084 1376 3324 1446 primam

1743 1466 2015 1529 audisset,
2069 1467 2392 1535 rogavitque
2442 1473 2505 1519 ut
2555 1465 2756 1520 iterum
2809 1465 3051 1535 penitius
3101 1481 3167 1523 ac
3202 1469 3323 1521 loco

1742 1559 1854 1614 imo
1894 1558 2294 1624 includeretur,
2326 1566 2388 1612 ut
2423 1572 2531 1612 non
2563 1555 2791 1612 aliunde
2842 1557 3039 1611 liceret
3067 1573 3190 1628 quae
3228 1573 3322 1614 es-

1741 1660 1863 1705 sent
1891 1649 1960 1704 ad
1996 1663 2157 1704 usum
2192 1650 2470 1719 accipere,
2502 1656 2667 1704 autve
2706 1648 2804 1706 ulli
2854 1666 2916 1705 se
2959 1650 3324 1721 conspicuam

1744 1740 2007 1810 praebere,
2032 1740 2141 1796 nisi
2170 1748 2384 1795 tantum
2418 1741 2486 1796 ab
2528 1756 2593 1797 ea
2626 1756 2749 1811 qua:
2796 1741 2910 1796 illic
2953 1742 3058 1797 loci
3101 1743 3325 1811 degeret

1738 1832 1950 1904 pariter
1987 1832 2201 1889 inclusa
2235 1850 2250 1887 :
2289 1833 2393 1887 bac
2431 1833 2539 1889 sibi
2583 1814 2799 1889 merito.
2827 1847 2861 1888 a
2899 1847 3177 1901 sermone,
3220 1850 3324 1889 ceu

1739 1939 1901 1996 poma
1940 1939 2005 1979 ac
2052 1926 2313 1979 cautione
2344 1923 2577 1980 indicta.
2800 1978 2806 1985 ,

1807 2016 2041 2082 Idcirco,
2067 2015 2278 2081 dilecti,
2325 2017 2421 2088 qui
2476 2017 2677 2073 timent
2728 2014 2926 2083 Deum,
2954 2015 3185 2087 gratiam
3233 2015 3322 2069 in-

1737 2107 1957 2164 venturi
1988 2107 2401 2179 sunt;eritque
2446 2108 2500 2164 in
2546 2108 2759 2165 sanctis
2791 2123 2915 2164 sors
2968 2108 3211 2175 illorum,
3266 2115 3324 2164 et

1738 2215 1952 2257 merces
1985 2199 2041 2253 in
2076 2200 2358 2258 Domino:
2410 2203 2469 2257 in
2509 2204 2672 2271 cujus
2713 2202 2895 2257 oculis
2936 2201 3317 2265 inveniantur,

1737 2294 1832 2364 qui
1879 2297 2300 2352 communicant
2332 2309 2525 2350 eorum
2573 2292 2880 2349 memoriis.
2906 2291 3069 2357 Nam,
3114 2293 3321 2348 celebri

1738 2383 1903 2441 hodie
1967 2388 2145 2442 sancti
2202 2385 2469 2442 memoria
2509 2425 2525 2449 ,
2580 2384 2691 2440 illis
2752 2383 2859 2439 fide
2910 2384 3320 2454 excipientibus

1739 2485 2065 2548 tempusque
2116 2476 2440 2550 peragenda:
2496 2475 2577 2533 rei
2608 2475 2831 2540 divinae,
2885 2476 3095 2531 mundo
3150 2476 3322 2533 corde

1736 2570 2211 2639 exspectantibus,
2242 2581 2405 2626 nocte
2429 2569 2548 2637 illa,
2588 2577 2714 2640 post
2745 2583 2935 2625 sacras
2950 2570 3188 2641 vigilias,
3212 2568 3321 2625 Do-

1740 2661 1961 2716 minica:
1982 2662 2169 2733 gloriae
2200 2661 2479 2733 magnalia
2499 2660 2658 2716 vidit.
2692 2660 2831 2716 Cum
2856 2661 3006 2716 enim
3037 2676 3233 2717 somno
3260 2677 3322 2717 se

1736 2749 2039 2815 dedissent,
2080 2766 2179 2808 ceu
2214 2752 2452 2823 primum
2481 2749 2618 2805 illud
2659 2749 3099 2822 admirabileque
3128 2766 3320 2822 perceo

1738 2852 1914 2914 ptum
1948 2845 2177 2908 donum,
2227 2852 2458 2917 apparet
2513 2858 2611 2915 per
2657 2843 2860 2911 visum,
2909 2846 3133 2900 cuidam
3174 2845 3319 2900 Stoe-

1738 2935 1875 2989 chiae
1901 2937 2124 2991 nomine
2172 2935 2311 3008 (99),
2362 2937 2713 3008 puellamque
2749 2938 3042 2993 honestate
3100 2951 3316 2992 morum

1737 3043 1982 3096 gravem,
2018 3030 2170 3083 vultu
2219 3030 2343 3084 lene
2389 3029 2588 3085 ridenti
2636 3029 2804 3086 simili
2843 3029 3156 3100 alloquens,
3187 3045 3317 3100 per-

35 3120 191 3190 ιὲιπῳ
225 3119 414 3193 ἠρώτα
438 3138 455 3156 υ
505 3123 617 3176 Ποῦ
674 3125 823 3177 ἐστιν
862 3125 894 3196 ἠ
931 3123 998 3196 σὴ
1038 3125 1199 3196 μερὶς
1233 3125 1474 3198 σήμερον
1515 3127 1630 3199 μεθ’

1740 3118 2069 3173 cantabatur
2095 3135 2109 3172 :
2152 3118 2255 3175 Ubl
2287 3118 2451 3174 hodie
2482 3129 2575 3174 tua
2606 3120 2900 3177 nobiseum
2928 3135 3063 3193 pars
3088 3122 3143 3177 in
3176 3138 3316 3178 con-

33 3212 64 3279 ἡ
94 3211 211 3278 μῶν
234 3210 476 3266 ἐναντίον
514 3212 724 3283 Κυρίου
745 3230 761 3279 ;
782 3213 963 3284 Αὐτῆς
998 3214 1057 3267 δὲ
1094 3216 1491 3287 προσεχούσης,
1523 3212 1633 3271 εἶδε

39 3301 178 3370 μετ’
202 3301 369 3356 αὐτοῦ
392 3302 490 3357 καὶ
510 3302 697 3376 ἔτερόν
725 3321 849 3359 τινα
868 3322 882 3336 ·
926 3306 1053 3369 τοὺς
1074 3305 1134 3359 δὲ
1174 3305 1523 3379 ἀμφοτέρους
1554 3308 1633 3380 τῷ

46 3393 332 3465 μοναχικῷ
353 3395 600 3466 σχήματι
629 3397 1129 3469 κατεστεμμένους.
1166 3399 1274 3453 Καὶ
1306 3401 1336 3453 ὁ
1366 3400 1467 3471 μὲν
1500 3418 1633 3472 προ-

46 3487 302 3555 ϐαδίζων,
327 3490 509 3558 φωτὸς
536 3489 846 3560 λαμπάδιον
870 3480 1118 3562 κατεῖχε,
1147 3492 1287 3562 πρὸς
1320 3493 1414 3547 τοῦ
1447 3494 1633 3548 δευτέ-

49 3594 146 3647 ρου
176 3578 507 3651 ὑπηρεσίαν.
544 3581 957 3653 Ἐρωτήσαντος
1001 3583 1058 3636 δὲ
1086 3582 1186 3654 τὴν
1224 3585 1631 3656 προρρηθεῖσαν

50 3672 256 3743 σεμνὴν
280 3674 375 3728 καὶ
416 3674 635 3727 ἀστεῖον
664 3674 859 3745 κόρην.
912 3673 1127 3728 συνέσει
1152 3674 1320 3746 πολλῇ
1370 3676 1631 3729 εὐλαϐου-

53 3761 186 3833 μένη
223 3763 317 3816 τὸν
359 3764 552 3835 ἀνδρα,
582 3763 815 3831 ἔξυπνος
842 3765 1088 3834 ἐγεγόνει
1108 3781 1121 3796 ·
1163 3769 1256 3820 καὶ
1288 3769 1628 3838 παραχρῆμα

49 3850 299 3925 διανέστη
318 3855 422 3926 τῆς
449 3855 660 3926 κλίνης,
693 3857 788 3910 καὶ
811 3856 849 3911 ἀ
876 3852 1043 3923 εἶδεν,
1085 3857 1267 3924 ἐξεῖπε
1288 3861 1354 3931 τῇ
1387 3859 1493 3914 ὑπὸ
1530 3860 1626 3914 τοῦ

50 3943 188 3998 ὁσίου
222 3947 441 4019 [ἰατρὸς
489 3947 742 4016 θεόφρονι
779 3951 1006 4017 γυναικὶ
1040 3950 1470 4025 ὲπιζητουμένῃ.
1510 3954 1630 4008 Μα-

48 4033 208 4089 Θοῦσα
231 4037 291 4091 δὲ
332 4038 557 4096 ἑδόξασε
586 4040 679 4092 τὸν
711 4039 867 4103 Θεὸν,
900 4040 995 4094 καὶ
1036 4041 1129 4095 ἐπὶ
1155 4041 1322 4095 πλέον
1346 4042 1624 4115 ὲπεκτάθη

48 4127 109 4194 τῇ
147 4126 357 4182 πίστει.
399 4126 469 4182 Τί
503 4127 563 4182 δὲ
606 4124 718 4202 ἄρα
769 4128 1228 4201 φιλακροάμονες,
1262 4131 1345 4185 ὅτι
1393 4132 1452 4184 ἐν
1485 4132 1626 4201 φωτὶ

46 4217 395 4288 ἐπιφοιτῶσιν
421 4222 471 4273 oi
499 4220 685 4290 ἀτιοιξ
729 4237 750 4272 ι
789 4220 1010 4292 Ἐπειδὴ
1053 4222 1190 4291 φῶς,
1218 4224 1374 4295 φησὶ,
1408 4226 1519 4288 τοῖς
1544 4225 1625 4278 διο

44 4306 210 4371 χαίοις
238 4309 559 4374 διαπαντός.
587 4328 608 4362 ι
637 4309 800 4374 Θείας
829 4307 925 4364 οὖν
950 4311 1160 4382 δωρεᾶς
1187 4312 1497 4386 ὑπερϐολὴν
1531 4315 1623 4369 ito-

41 4400 270 4467 τιστέον,
304 4401 403 4455 καὶ
432 4400 711 4473 εὐθηνίας,
744 4402 1042 4474 ἀγαπητοὶ,
1068 4401 1260 4473 όδηγία
1291 4405 1622 4476 ἐμφανίζου-

1741 3217 1937 3278 spectu
1972 3208 2228 3264 Domini?
2254 3208 2427 3266 Porro
2467 3210 2762 3267 attendens
2790 3211 2907 3277 illa,
2946 3212 3114 3268 etiam
3146 3214 3317 3268 alium

1739 3302 2055 3372 quempiam
2108 3302 2244 3358 vidit
2298 3304 2594 3369 comitem,
2648 3305 2956 3377 antbosque
3005 3306 3318 3363 monachali

1742 3392 1931 3448 habitu
1963 3402 2227 3460 ornatos;
2263 3403 2322 3450 ut
2365 3395 2506 3451 alter
2540 3396 2764 3467 quidem
2800 3397 3040 3468 praeiret,
3085 3399 3319 3455 secundi

1738 3485 2008 3556 obsequio
2035 3496 2228 3542 tenens
2247 3502 2312 3544 ac
2337 3488 2637 3557 praeferens
2667 3504 2959 3546 accensam
2984 3489 3314 3562 lampadem.

1740 3576 1963 3632 Interim
2000 3588 2208 3643 autem,
2245 3578 2378 3633 dum
2426 3581 2498 3643 is,
2533 3579 2819 3650 praefatam
2857 3581 3148 3639 honestate
3185 3600 3316 3653 gra-

1740 3682 1860 3721 vem
1923 3668 2337 3738 gratiosamque
2406 3671 2642 3739 puellam
2706 3671 3118 3742 interrogaret;
3181 3676 3311 3737 illa,

1736 3757 2040 3827 prudenter
2072 3758 2368 3813 admodum
2398 3761 2574 3816 virum
2617 3763 2873 3823 reverita,
2920 3778 2951 3816 a
2989 3778 3313 3822 somno-ex.

1735 3851 1959 3912 citatur,
1988 3849 2398 3920 confestimque
2423 3866 2453 3906 e
2479 3851 2620 3906 lecto
2646 3868 2900 3923 surgens,
2926 3855 3112 3911 omnia
3144 3856 3313 3914 refert

1733 3957 1858 4013 quae
1902 3940 2134 3998 vidisset
2170 3942 2440 4014 religiosae
2468 3942 2689 4000 femina:
2723 3960 2890 4015 quam
2937 3945 3100 4004 Pater
3142 3949 3314 4005 inter-

1734 4048 1939 4105 rogans
2000 4033 2204 4090 allatus
2268 4042 2443 4090 esset.
2504 4034 2603 4089 llla
2654 4043 2840 4091 autem
2903 4045 2965 4091 ut
3011 4041 3310 4110 cognovit,

1729 4124 2064 4198 glorificavit
2112 4124 2306 4189 Deum,
2338 4141 2403 4182 ac
2454 4126 2634 4196 magis
2670 4127 2776 4182 fide
2826 4128 3121 4198 promovit.
3168 4130 3314 4198 Quid

1730 4233 1882 4284 vero,
1950 4217 2170 4288 benigni
2234 4217 2543 4283 auditores,
2606 4218 2659 4272 id
2688 4218 2857 4285 velit,
2916 4228 2978 4274 ut
3028 4222 3208 4276 saneti
3251 4222 3310 4278 in

1729 4310 1944 4367 lumine
1966 4306 2560 4376 veniant?Nimirum,
2593 4328 2612 4362 ι
2656 4310 2809 4381 quia,
2852 4311 3049 4383 inquit,
3086 4313 3181 4368 lux
3216 4313 3312 4383 juo

1729 4402 1832 4456 stis
1880 4407 2145 4470 perpetua
2174 4401 2222 4451 ⁸.
2282 4417 2303 4450 ι
2356 4397 2536 4452 Divini
2598 4401 2843 4455 munetis
2914 4401 3308 4471 exsuperantia

40 4503 117 4540 σιν
163 4493 219 4545 oi
274 4492 427 4561 ἀγιοι
473 4495 591 4557 τοῖς
624 4492 817 4560 ἀξίοις,
866 4492 1157 4558 ὲνοικίζειν
1185 4494 1390 4561 αὐτοῖς,
1441 4492 1620 4568 οἶμαι,

1739 4493 2069 4562 largiusque
2107 4487 2500 4552 exisﬁmanda,
2526 4487 2735 4554 dilecti,
2769 4497 2827 4543 ut
2856 4505 2955 4545 ceu
2985 4491 3156 4546 duces
3178 4506 3308 4546 san-

28 4578 224 4656 ῶσπερ
274 4584 427 4658 ὕδωρ
471 4587 552 4649 είς
593 4580 744 4640 οἶκον
782 4586 850 4641 τά
898 4585 1101 4655 ἀγαθά,
1137 4585 1276 4657 πρὸς
1320 4587 1622 4644 ἀπόλαυσιν

20 4669 273 4733 αἰωνίων
304 4676 552 4748 ἀγαθῶν.

1728 4584 1803 4640 cti
1826 4583 1975 4653 digni
2008 4586 2334 4652 appareant,
2382 4587 2442 4634 ut
2483 4580 2630 4650 apud
2682 4580 2830 4646 illos,
2883 4581 3030 4650 quod
3082 4581 3307 4651 quidem

1728 4676 2013 4739 existimo,
2048 4673 2195 4728 velut
2231 4686 2454 4741 aquam,
2489 4669 2695 4725 affatim
2728 4671 2797 4726 ad
2829 4666 3101 4726 bonorum
3138 4680 3304 4727 aeter-

1727 4782 1929 4824 norum
1963 4762 2409 4821 conciliationem
2440 4759 2588 4816 domi
2617 4761 2760 4815 bona
2788 4769 3057 4833 reponant
3089 4775 3156 4817 ac
3181 4759 3308 4817 alle-

1634 4851 1639 4857 ’
1729 4869 1876 4916 rant.

1362 5001 1606 5062 VARIE
1634 5008 1931 5065 LECTION
1938 5010 2042 5065 ES.

124 5128 161 5161 ¹⁹
184 5131 285 5203 leg.
313 5129 531 5202 καιρόν.
609 5126 655 5159 ³⁸
682 5125 771 5179 ιον.
794 5117 937 5177 εἶδεν
963 5119 1126 5191 αὐτή.
1206 5118 1359 5174 "10'.
1396 5121 1614 5193 πρώτου
1640 5125 1699 5180 δὲ
1715 5126 1862 5181 θείου
1895 5125 2094 5198 δώρου.
2170 5128 2216 5160 ³³
2245 5128 2331 5183 ῑσ.
2364 5128 2568 5205 ἐχούσῃ

1376 5233 1765 5296 COMBEFISII
1802 5238 2033 5297 NOTIE.

98 4953 142 4982 ³⁸
168 4940 326 4999 Prov.
364 4957 487 5006 xm,
516 4939 573 4994 9.

128 5335 220 5411 199)
243 5337 476 5411 Cnidum
494 5333 742 5411 Stercilina
761 5330 992 5388 nomine.
1014 5326 1383 5411 Tt‘pﬁtmxsitp
1401 5328 1612 5411 ἐχούσῃ

1720 5323 1965 5394 vidente,
1991 5349 2110 5401 quae
2138 5335 2269 5407 aliis
2294 5336 2504 5401 retulit,
2539 5336 2757 5407 ipsique
2792 5338 2931 5391 adeo
2962 5336 3198 5401 femime,
3230 5340 3298 5393 ad

38 5398 316 5482 ,τδξγόμω
345 5408 579 5479 Accipio
605 5414 666 5482 ut
700 5417 902 5482 nomen
940 5398 1248 5482 proprium,
1273 5398 1612 5482 c_ui_.illa',_.de
1717 5398 2190 5482 qttaitt_spectaret
2224 5406 2364 5460 visio
2405 5398 2679 5461 hmbeié
2703 5407 2920 5482 in_aliis
2940 5408 3133 5482 conati
3163 5398 3298 5462 sunt

56 5467 235 5551 puella'
257 5467 563 5551 pteniterite
605 5474 835 5551 inclusa_
864 5467 1010 5551 facta
1046 5467 1132 5551 sit
1169 5468 1455 5549 revelatio.
1492 5467 1608 5551 Μο-

1715 5472 2010 5547 emeudare
2059 5490 2168 5547 non
2203 5485 2413 5547 tantum
2461 5475 2821 5547 typographi,
2857 5476 2953 5531 sed
3003 5484 3058 5547 et
3107 5486 3297 5532 nostra

53 5541 172 5620 testa
198 5538 383 5606 ist'hmc
411 5561 675 5627 generum
701 5542 987 5627 confusio:
1020 5540 1243 5627 aliaque
1270 5538 1612 5627 siveaucto-
1714 5543 2056 5611 amplissimo
2084 5546 2150 5627 ad
2191 5546 2350 5600 fincm
2401 5538 2849 5627 cuj'u'sqjue'libri,
2896 5545 3209 5614 graviorum
3240 5555 3298 5627 et

52 5610 134 5689 fis,
176 5621 290 5678 sive
318 5608 643 5689 antiquarii,
682 5612 1041 5689 aut-menda,
1076 5619 1171 5689 aut
1191 5608 1411 5689 disiecti
1456 5609 1609 5689 inso-

48 5672 522 5756 Ξςηιρέἷίιᾶἱὲίὲέι
543 5672 863 5756 τπδἰ-ςὶιιαιίε
889 5672 1229 5756 conjectura,
1269 5672 1410 5730 εἶδεν
1442 5680 1606 5749 αὐτή.

40 5742 230 5817 Fuerit
262 5742 408 5814 εἶδον
444 5742 809 5820 ἀὐταί,”υηυ
854 5742 1109 5808 nimirum
1155 5742 1245 5804 illa
1308 5742 1609 5804 intemerata

1716 5628 1838 5737 quis
1859 5622 2087 5682 possent
2115 5615 2375 5672 lectorem
2412 5615 2638 5681 inerari,
2676 5616 2921 5684 ascripto
2952 5616 3296 5672 corrcctorio

1719 5699 1795 5737 ιιι(
1819 5700 1921 5737 tce.

1719 5699 1921 5738 lﬂlllCC.
