3830 6326
130 397 302 466 1265

1148 404 1232 463 ΙΝ
1267 404 1769 467 PUBLICANUM
1798 404 1896 465 ΕΤ
1923 405 2421 469 ΡΗᾹΒΙΞΑΞΗΜ.

3298 401 3436 468 ιέαδ

124 508 691 581 πολυπραγμοσύνην
744 511 828 575 εἰς
881 511 1116 575 ἑαυτοὺς
1168 513 1392 582 μᾶλλον,
1444 513 1739 584 ἀγαπητοί.

1850 513 2000 567 illam
2062 515 2446 569 curiositatem
2497 526 2604 582 qua
2640 511 2693 565 in
2736 512 2875 568 alios
2937 510 3170 578 utimur,
3231 513 3297 565 ad
3333 527 3433 565 nos

122 602 261 656 Καὶ
298 602 395 657 ἐὰν
428 601 626 672 ἴδωμέν
655 619 811 666 τινας
846 603 1291 674 ἁμαρτάνοντας,
1318 607 1479 677 ἡμεῖς
1518 607 1586 659 τὰ
1616 607 1748 659 ἐαυ-

120 693 257 745 τῶν
296 694 674 765 ἁμαρτήματα
704 695 812 766 πρὸ
832 695 1133 767 ὀφθαλμῶν
1163 695 1402 768 ἔχωμεν,
1451 699 1546 752 καὶ
1578 699 1750 769 χείρω

121 786 203 838 τά
234 785 497 859 ἡμέτερα
544 787 916 859 λογιζώμεθα,
953 790 987 861 ἢ
1019 791 1085 845 τά
1109 791 1221 843 τῶν
1268 792 1493 862 ἑτέρων.
1529 794 1593 846 οι
1636 794 1750 862 γάρ

124 878 600 951 ἁμαρτήσαντες,
633 883 693 934 ἑν
728 885 793 952 τῇ
829 881 951 954 ώρᾳ
1007 883 1138 947 ἴσως
1170 884 1269 953 τῆς
1302 868 1582 955 ἁμαρτίας
1613 902 1751 955 μετ-

123 965 389 1034 ενόησαν
408 984 424 1000 ο
460 968 623 1037 ἡμεῖς
649 967 707 1022 δὲ
738 971 973 1023 πάντοτε
1004 971 1241 1042 μένομεν
1268 973 1613 1044 άδιόρθωτοι,
1648 992 1750 1030 κα-

120 1058 502 1128 τακρίνοντες
527 1060 623 1114 καὶ
653 1061 859 1132 ἐτέρων
885 1047 1261 1129 ἐξετάζοντες.
1300 1065 1361 1119 '0
1386 1064 1509 1120 Λὼτ
1541 1048 1771 1133 ἐκεῖνος⁹

121 1149 191 1202 ὲν
231 1151 503 1223 Σοδόμοις
533 1153 703 1207 οἰκῶν
732 1154 928 1210 οὐδένα
975 1157 1324 1229 κατέκρινεν,
1362 1159 1576 1222 οὐδενὸς
1613 1176 1746 1213 κατ-

122 1242 424 1314 ηγόρησε.
459 1245 556 1299 Δια
576 1243 737 1299 τοῦτο
768 1246 1144 1311 δεδικαίωται,
1183 1249 1278 1302 καὶ
1308 1248 1419 1303 ἀπὸ
1449 1250 1546 1304 τοῦ
1576 1250 1750 1324 πυρὸς

124 1334 392 1405 διεσώθη
421 1335 516 1389 καὶ⁵
569 1337 669 1406 τῆς
699 1339 1086 1411 πανολεθρίας,
1117 1337 1187 1415 ἧς
1216 1344 1265 1396 οἱ
1301 1343 1589 1415 Σοδομῖται
1618 1361 1751 1398 κατ·

124 1424 545 1496 εδικάσθησαν.
579 1427 1026 1496 Ταπεινωθέντες
1061 1432 1158 1488 οὖν
1188 1434 1284 1488 καὶ
1328 1438 1490 1508 ἡμεῖς
1522 1437 1750 1501 ἑαυτοὺς

76 1598 93 1607 φ
126 1515 596 1589 κατακρίνωμεν,
633 1521 866 1585 ἑαυτοὺς
900 1526 1381 1597 καταισχύνωμεν,
1417 1529 1505 1581 ἴνα
1535 1529 1750 1583 ἀκατά-

124 1623 327 1677 κριτοι
351 1608 548 1680 ὑψηλοὶ
569 1610 883 1680 γενώμεθα.
932 1616 1337 1687 Ἀγαπήσωμεν
1369 1619 1467 1687 τὴν
1489 1636 1749 1673 ταπεινο-

122 1698 452 1772 φροσῦνην.
486 1703 585 1756 Διά
618 1703 822 1775 ταύτης
848 1707 878 1758 ὁ
912 1705 1167 1779 Τελώνης
1201 1709 1525 1783 ἐδικαιώθη,
1560 1711 1655 1765 καὶ
1687 1710 1749 1764 τὸ

122 1788 374 1858 φορτίον
404 1789 513 1842 τῶν
535 1792 952 1862 ἁμαρτημάτων
979 1796 1237 1853 ἀπέθετο.
1270 1801 1616 1871 Μισήσωμεν
1644 1802 1749 1872 τὴν

1852 605 2006 676 ipsos
2058 607 2270 676 potius,
2320 605 2532 659 dilecti.
2586 603 2732 659 Etsi
2785 618 2927 673 quos
2956 617 3186 672 peccare
3225 601 3434 656 videri—

1852 712 2000 760 mus,
2039 712 2142 751 nos
2207 705 2396 751 nostra
2433 705 2658 766 peccata
2687 696 2759 751 ob
2791 694 2988 761 oculos
3018 693 3346 755 habeamus.
3380 700 3438 746 et

1852 796 2042 842 nostra
2075 789 2240 857 longe
2274 786 2461 857 peiora
2493 786 2858 852 arbitremur,
2896 800 3062 854 quam
3094 784 3297 839 aliena.
3328 782 3435 850 Qui
3493 768 3500 776 ’

1851 879 2000 935 enim
2035 888 2430 950 peccaverunt,
2466 877 2589 948 ipsa
2638 875 2881 933 fortasse
2912 877 3125 947 peccati
3152 877 3289 931 hora
3319 892 3437 946 pm-

1852 972 2143 1028 nitentiam
2195 980 2477 1043 egerunt:
2542 979 2599 1025 at
2664 985 2766 1026 nos
2820 984 3040 1040 semper
3097 967 3435 1023 inemendati

1851 1081 2163 1130 manemus,
2184 1066 2627 1121 condemnantes
2656 1064 2908 1133 aliosque
2941 1061 3314 1119 excutientes.
3334 1059 3437 1115 Lo-

1851 1165 1945 1213 tus
1976 1159 2070 1213 ille
2104 1159 2198 1227 qui
2252 1157 2306 1212 in
2355 1157 2619 1213 Sodomis
2650 1157 2957 1220 habitabat,
2993 1155 3267 1211 neminem
3301 1170 3434 1210 con-

1850 1251 2155 1313 demnavit,
2212 1252 2491 1306 neminem
2544 1250 2853 1305 accusavit.
2893 1248 3191 1319 Propterea
3248 1248 3436 1318 justus

1853 1343 2075 1398 habitus
2109 1350 2215 1405 est,
2250 1351 2305 1397 et
2333 1343 2402 1397 ab
2437 1340 2696 1397 incendio
2724 1351 2981 1397 servatus
3016 1340 3123 1395 fuit
3157 1348 3326 1409 atque
3364 1343 3435 1393 ab

1853 1436 2105 1502 interitu,
2165 1451 2277 1507 quo
2335 1435 2634 1491 Sodomitas
2683 1434 2901 1489 multati
2957 1440 3113 1489 sunt.
3148 1431 3431 1487 Humiliati

1851 1541 1982 1596 ergo
2015 1534 2071 1582 et
2098 1526 2205 1597 ipsi
2242 1532 2462 1581 nosmet
2490 1526 2949 1590 condemnemus,
2977 1531 3192 1578 nosmet
3220 1521 3434 1592 pudore

1852 1615 2264 1683 sutl‘undamus,
2312 1625 2373 1671 ut
2407 1615 2822 1671 damnationem
2868 1614 3167 1669 evadentes
3223 1612 3434 1667 exalte-

1852 1723 1995 1761 mur.
2031 1708 2297 1764 Amemus
2344 1707 2741 1762 humilitatem.
2794 1702 3028 1776 Propter
3068 1706 3213 1761 hanc
3245 1703 3431 1759 Publi-

1851 1816 2026 1855 canus
2076 1801 2416 1871 justilicatus
2464 1808 2572 1867 est,
2631 1800 3023 1870 sarcinamque
3082 1809 3430 1868 peccatorum

120 1878 401 1950 ἔπαρσιν,
430 1882 514 1935 δτι
535 1886 564 1937 δ
586 1885 884 1959 Φαρισαῖος
918 1887 1008 1941 διά
1049 1890 1258 1961 ταύτης
1286 1866 1613 1966 κατεκρίθη,
1649 1866 1739 1951 καὶ

1850 1893 2130 1965 deposuit.
2184 1897 2598 1965 Proseqnamur
2640 1895 2768 1959 odio
2813 1893 3134 1959 elationem,
3165 1894 3428 1962 quoniam

121 1970 229 2034 τάς
266 1973 483 2044 ἀρετὰς
512 1974 578 2040 ἀς
606 1972 755 2048 εἶχεν
788 1977 1098 2035 ἀπώλεσεν.

210 2146 283 2201 Ὅ
314 2150 610 2219 Φαρισαῖος
652 2154 728 2225 μὴ
760 2157 942 2222 καλῶς
991 2160 1053 2212 τὸ
1102 2161 1264 2216 καλὸν
1297 2162 1743 2237 διαπραξάμενος

124 2240 570 2311 κατακέκριται.
603 2245 663 2298 '0
685 2247 939 2320 Τελώνης
963 2251 1038 2315 ώς
1064 2252 1246 2318 καλῶς
1269 2255 1340 2308 τά
1376 2257 1451 2328 μὴ
1470 2259 1613 2311 καλά
1632 2260 1742 2313 τῶν

124 2328 326 2398 ἔργων
352 2333 814 2405 ἀποσεισάμενος,
837 2338 1205 2399 δεδικαίωται.
1252 2345 1551 2417 Ἐπέϐλεψε
1577 2347 1687 2419 γὰρ
1715 2352 1744 2404 ὁ

123 2421 272 2485 Θεὸς
309 2422 405 2475 ἐπὶ
436 2425 530 2478 τὸν
562 2430 872 2499 στεναγμὸν
903 2431 999 2485 τοῦ
1030 2432 1304 2499 Τελώνου,
1331 2434 1429 2491 καὶ
1450 2436 1548 2508 τὴν
1575 2440 1742 2493 αὐτοῦ

127 2515 469 2587 συντριϐὴν,
493 2520 588 2572 καὶ
637 2520 737 2583 τὰς
797 2523 940 2576 κατά
982 2522 1081 2578 τοῦ
1115 2526 1350 2597 στήθους
1380 2528 1572 2598 τύψεις
1595 2548 1608 2562 ·
1647 2533 1742 2584 καὶ

125 2603 591 2674 προσδεξάμενος
624 2607 704 2669 τὺ,
741 2609 1043 2679 ἱλάσθητί,
1078 2614 1219 2684 μετά
1250 2615 1345 2669 τοῦ
1380 2618 1549 2670 Ἀῧελ
1577 2619 1743 2674 αὐτὸν

124 2694 488 2752 ἐδικαίωσεν.
522 2699 634 2762 Τὰς
662 2698 721 2752 δὲ
753 2700 972 2767 θυσίας,
995 2705 1092 2758 καὶ
1125 2706 1225 2770 τάς
1267 2708 1492 2777 ἀρετὰς,
1544 2712 1638 2763 καὶ
1672 2711 1743 2764 τά
1790 2732 1799 2740 ·

125 2786 568 2857 κατορθώματα·
598 2792 900 2863 Φαρισαίου
931 2796 1007 2860 ώς
1042 2798 1393 2869 μεγαλαύχου
1429 2802 1523 2854 καὶ
1568 2802 1738 2872 ὑπερ-

124 2878 357 2944 ηράνου
400 2880 721 2948 ὲϐδελύξατο
748 2886 844 2938 καὶ
873 2886 1136 2942 ἀπώσατο
1157 2907 1171 2921 ο
1208 2891 1303 2943 καὶ
1352 2892 1429 2956 ὡς
1463 2893 1555 2948 τὸν
1588 2896 1741 2949 ἀδελ-

124 2971 412 3036 φοκτόνον
449 2976 590 3031 Κάῖν
626 2978 984 3034 κατεδίκασεν
1018 2982 1186 3037 αὐτὸν
1236 2985 1347 3039 ἀπὸ
1387 2985 1595 3057 ταύτης
1643 2983 1740 3058 τῆς

123 3064 345 3128 αἰτίας.

1847 1994 2071 2057 propter
2104 1986 2249 2040 hanc
2282 1984 2600 2040 Pharisteus
2643 1983 3048 2039 condemnatus
3076 1991 3180 2048 est,
3204 1989 3261 2037 et
3290 1996 3430 2050 quas
3490 1991 3493 1994 ‘

1847 2079 2083 2134 habebat
2113 2080 2347 2133 virtutes
2371 2078 2580 2133 amisit.

1918 2171 2231 2227 Pliarisazus
2258 2187 2365 2226 non
2410 2170 2552 2225 bene
2582 2170 2790 2222 bonum
2831 2180 3002 2237 agens
3024 2164 3427 2221 condemnatus

1844 2272 1951 2328 est,
1992 2263 2336 2318 Pubiicauus
2370 2270 2430 2316 ut
2454 2261 2550 2332 qui
2584 2260 2725 2315 bene
2753 2274 2863 2312 non
2904 2259 3049 2313 bona
3080 2271 3247 2327 opera
3273 2254 3421 2311 dete-

1846 2364 2028 2410 status
2055 2363 2162 2419 est,
2185 2352 2530 2422 justiﬁcatus
2562 2350 2685 2405 fuit.
2719 2347 2983 2420 Respexit
3007 2347 3154 2405 enim
3181 2346 3326 2403 Deus
3354 2345 3422 2400 ad

1811 2447 2111 2516 .gemitum
2168 2436 2456 2499 Publicani
2509 2444 2746 2512 ejusque
2785 2439 3208 2502 contritionem,
3241 2444 3298 2492 et
3331 2452 3425 2508 pe-

1844 2539 2017 2592 ctoris
2074 2537 2393 2607 planctuum:
2423 2544 2590 2604 atque
2630 2543 2930 2603 acceptans
2984 2530 3114 2584 illud
3149 2529 3422 2597 Propitius

1841 2642 1974 2693 esto,
2013 2646 2136 2686 cum
2198 2629 2331 2684 Abel
2365 2628 2641 2682 hominem
2664 2624 3098 2696 iustiﬁcavit.At
3124 2636 3254 2677 vero
3283 2620 3423 2675 Plia~

1846 2725 1987 2778 ristei
2040 2721 2335 2783 sacriﬁcia,
2381 2721 2616 2775 virtutes
2667 2725 2722 2772 et
2755 2724 2904 2773 recte
2953 2714 3123 2780 facta,
3155 2720 3419 2783 tanquam

1837 2814 2166 2884 jactabuudi
2217 2823 2388 2883 atque
2434 2809 2812 2882 superbientis
2857 2806 3212 2863 abominatus
3242 2811 3329 2860 est
3366 2811 3421 2858 ct

1843 2906 2068 2976 repulit,
2103 2919 2343 2974 eumque
2371 2918 2470 2959 ceu
2500 2900 2846 2957 fratricidam
2877 2898 3014 2955 Cain
3035 2897 3139 2953 hac
3161 2896 3227 2951 de
3252 2909 3421 2950 causa

1838 2998 2254 3072 condemnavit.

202 3157 525 3257 Μάθωμεν,
577 3162 818 3234 ἀδελφοὶ,
863 3167 960 3221 καὶ
991 3167 1352 3240 διδαχθώμεν,
1383 3173 1478 3226 καὶ
1524 3174 1736 3243 μεγάλα

1912 3182 2222 3243 Discamus,
2290 3179 2515 3240 fratres,
2575 3182 2633 3230 et
2690 3175 3011 3234 doceamur,
3070 3179 3126 3227 et
3191 3184 3420 3239 magnas

123 3249 511 3322 ἐργαζώμεθα
544 3256 969 3327 κατορθώματα.
1011 3260 1230 3320 Τούτων
1254 3263 1440 3317 ἕνεκεν
1471 3266 1547 3337 μὴ
1576 3268 1733 3321 ἐπαι-

126 3340 395 3412 ρώμεθα.
452 3347 561 3399 Καὶ
610 3348 705 3401 ἐὰν
768 3348 971 3417 ἀγαθοὶ
1022 3352 1333 3422 γενώμεθα,
1389 3355 1587 3410 δίκαιοι
1638 3361 1734 3412 καὶ

125 3433 413 3498 ἐπιεικεῖς
456 3436 551 3490 καὶ
600 3438 910 3509 συμπαθεῖς
960 3443 1056 3495 καὶ
1103 3442 1428 3515 ὲλεήμονες’
1469 3448 1609 3503 ἀλλά
1638 3452 1733 3503 καὶ

124 3524 318 3589 οὕτως
347 3527 908 3600 ταπεινούμεθα,’καὶ
953 3534 1027 3604 μὴ
1076 3535 1382 3607 ὑπεροψίαν
1407 3541 1503 3594 καὶ
1538 3540 1732 3607 ἀλαζο-

126 3618 295 3671 νείαν
315 3618 554 3699 ἔχωμεν,
586 3623 663 3694 μή
700 3641 832 3678 ποτε
848 3625 977 3690 τοὺς
1003 3629 1289 3697 καμάτους
1303 3632 1464 3701 ἡμῶν
1491 3635 1585 3688 καὶ
1608 3637 1735 3698 τοὺς

127 3710 343 3774 πόνους
404 3711 782 3786 ἀπολέσωμεν.
840 3733 859 3767 ι
895 3716 1065 3771 Ὅταν
1114 3720 1232 3791 γὰρ
1259 3759 1276 3783 ,
1320 3723 1508 3792 φησιν,
1561 3723 1734 3777 ταῦτα

128 3802 326 3856 πάντα
361 3803 649 3874 ποιήσητε,
694 3806 846 3876 λέγει
890 3808 1118 3879 Κύριος,
1174 3811 1365 3881 λέγετε
1399 3813 1482 3867 δτι
1520 3815 1733 3886 ἀχρεῖοι

126 3894 322 3947 δοῦλοί
350 3896 541 3965 ἐσμεν.
582 3899 647 3950 ὐ
679 3899 969 3970 ὀφείλομεν
997 3903 1242 3972 ποιῆσαι,
1277 3907 1678 3977 πεποιήκαμεν.
1710 3928 1728 3959 ι

141 3989 483 4055 Ἀναγκαῖον
514 3989 625 4060 γάρ
653 3992 1151 4063 καὶάπαραίτητον
1182 3996 1339 4067 χρέος
1388 3998 1526 4061 ἐστὶ,
1562 4017 1734 4070 προσ-

132 4074 333 4142 φέρειν
375 4073 526 4144 ἡμᾶς
552 4077 630 4146 τῷ
653 4080 748 4131 ἐπὶ
779 4081 998 4135 πάντων
1043 4083 1164 4152 Θεῷ
1196 4086 1296 4154 τὴν
1345 4087 1601 4160 δουλικὴν
1639 4108 1761 4165 ταοο

132 4167 426 4232 πείνωσιν,
461 4168 561 4239 τὴν
608 4170 910 4244 ὑπομονὴν,
964 4175 1066 4247 τὴν
1096 4177 1405 4252 ὑποταγὴν,
1420 4181 1518 4254 τὴν
1549 4184 1735 4237 εὐπεί-

135 4256 317 4319 θειαν,
344 4259 445 4325 τὴν
466 4259 889 4334 ἀγνωμοσύνην,
914 4264 1014 4331 τὴν
1038 4268 1415 4339 εὐχαριστίαν.
1445 4274 1541 4327 καὶ
1567 4292 1736 4344 μεγαο

132 4346 323 4400 λύνειν
376 4349 468 4402 καὶ
493 4356 825 4421 προσκυνεῖν
846 4356 908 4409 τὸ
934 4355 1146 4428 θέλημα
1165 4361 1331 4415 αὑτοῦ
1362 4363 1424 4417 τὸ
1446 4366 1731 4435 πανάγιον,

137 4440 235 4492 καὶ
267 4440 347 4511 μὴ
376 4439 672 4497 δάκνεσθαι
719 4448 843 4511 ταῖς
869 4449 999 4519 παρ’
1034 4450 1240 4521 ἑτέρων
1295 4452 1591 4527 λοιδορίαις
1642 4460 1735 4512 καὶ

1835 3287 2134 3344 operemur
2158 3270 2422 3325 virtutes.
2451 3267 2661 3322 Harum
2690 3278 2860 3319 causa
2894 3277 2963 3318 ne
3003 3271 3188 3315 tamen
3220 3258 3420 3316 effera-

1836 3383 1982 3422 mur.
2015 3363 2278 3431 Quamvis
2312 3361 2441 3415 boni
2488 3359 2693 3420 simus,
2732 3357 2880 3428 iusti.
2918 3362 2976 3410 et
3013 3353 3199 3419 mites,
3235 3361 3289 3406 ct
3318 3352 3423 3406 hu-

1837 3456 1982 3511 mani
2005 3466 2059 3508 et
2091 3450 2507 3513 misericordes,
2540 3448 2901 3503 nihilominus
2926 3445 3013 3500 vel
3056 3444 3138 3500 sic.
3168 3442 3423 3496 humilia-

1835 3561 1980 3611 mur,
2030 3559 2207 3614 neque
2255 3550 2637 3611 contemptum
2687 3548 2742 3594 et
2784 3536 3163 3607 arrogantiam
3215 3534 3423 3589 habea-

1837 3653 1981 3700 mus,
2027 3651 2096 3689 ne
2157 3634 2381 3704 quando
2438 3634 2657 3688 labores
2714 3638 2943 3686 nostros
2999 3638 3165 3698 atque
3221 3642 3420 3698 operas

1837 3728 2155 3798 perdamus.
2189 3744 2208 3778 ι
2244 3725 2480 3792 Quando
2501 3725 2676 3788 enim,
2714 3723 2919 3792 inquit,
2968 3724 3081 3775 haec
3117 3721 3302 3775 omnia
3337 3720 3420 3774 le-

1836 3820 2048 3879 θυι-ἱεῖς.
2094 3820 2172 3873 ait
2204 3819 2495 3883 Domitius,
2525 3816 2724 3876 dicite,
2764 3815 2989 3879 inutiles
3017 3813 3163 3868 servi
3200 3828 3419 3868 sumus.

1835 3909 1990 3977 Quod
2032 3911 2301 3964 debemus
2350 3906 2555 3969 facere,
2608 3905 2844 3960 fecimus
2880 3904 2928 3957 ιι.
2968 3922 2984 3955 ι
3046 3901 3302 3957 Debituni
3335 3913 3422 3958 est

1834 4000 1982 4053 enim
2039 3998 2415 4055 necessarium
2469 4004 2525 4052 et
2574 3993 2976 4057 inexcusabile,
3028 4001 3089 4048 ut
3116 3991 3419 4048 offeramus

1839 4090 2229 4145 universorum
2282 4086 2394 4144 Deo
2432 4086 2696 4144 servilem
2748 4084 3142 4155 humilitatem,
3197 4085 3416 4155 patien-

1840 4184 1996 4243 tiam,
2030 4180 2462 4251 subjectionem,
2507 4179 2872 4243 docilitatem,
2905 4177 3417 4245 morigerationem,

1838 4274 2147 4344 gratiarum
2193 4273 2491 4336 actionem,
2546 4279 2606 4326 ut
2643 4266 3061 4340 ma'gnilicetuus
3103 4277 3159 4323 et
3194 4283 3421 4322 venere-

1840 4381 1965 4418 mur
2001 4364 2415 4421 sanctissimam
2464 4364 2810 4419 voluntatem
2842 4362 2990 4432 eius.
3026 4374 3129 4416 nec
3165 4359 3419 4415 mordea—

1840 4471 1964 4508 mur
1998 4456 2068 4509 ab
2097 4453 2293 4509 alienis
2337 4453 2606 4508 conviciis
2638 4461 2690 4507 et
2734 4448 3113 4512 contumeliis,
3146 4459 3421 4514 neua.ng

140 4528 362 4601 ὓῦρεσι,
394 4532 533 4602 μήτε
560 4533 826 4605 ἄχθεσθαι
849 4540 962 4602 τοῖς
990 4545 1342 4613 πειρασμοῖς,
1380 4546 1517 4617 μήτε
1543 4548 1734 4620 δυσχε-

1846 4546 2084 4603 feramus
2135 4547 2487 4611 tentationes,
2521 4560 2626 4601 nec
2680 4544 3037 4611 indignemur
3084 4542 3132 4595 si
3201 4536 3419 4613 probris

138 4620 355 4692 ραίνειν
384 4623 799 4697 ὀνειδιζόμενοι,
846 4629 930 4682 ὅτι
962 4632 1058 4684 καὶ
1109 4634 1220 4686 ἀπὸ
1274 4636 1485 4691 τούτων
1534 4640 1735 4713 πολλὴν

138 4711 513 4783 καρπούμεθα
550 4715 650 4786 τὴν
687 4717 979 4786 ὠφέλειαν.
1014 4723 1296 4794 Μάθωμεν
1349 4729 1442 4781 καὶ
1492 4711 1734 4801 γνῶμεν,

136 4801 365 4872 ἀδελφοί
422 4821 549 4874 μου,
608 4805 709 4879 τὴν
762 4808 864 4878 τῆς
916 4813 1302 4878 ταπεινώσεως
1354 4817 1585 4890 δύναμιν
1641 4824 1735 4876 καὶ

137 4896 301 4964 ἰσχὺν
333 4896 431 4948 καὶ
465 4896 742 4968 βοήθειαν.
760 4900 1041 4973 Μάθωμεν
1068 4904 1170 4975 τῆς
1197 4907 1486 4978 ὲπάρσεως
1510 4911 1608 4982 τὴν
1636 4930 1736 4967 κα-

131 4984 373 5055 ταδίκην
409 4988 504 5039 καὶ
532 4986 649 5055 τὴν
660 4987 726 5059 Cr,
738 4989 871 5058 μίαν
894 4994 990 5044 καὶ
1016 4993 1115 5063 τὴν
1142 4996 1422 5051 ἀπώλειαν
1450 5015 1462 5029 ·
1489 5001 1582 5054 τοῦ
1613 5004 1739 5056 Βεε-

138 5075 264 5145 μὼθ
293 5076 396 5146 τὴν
420 5078 600 5142 σκιάν,
623 5080 770 5133 κατὰ
794 5081 884 5135 τὸν
920 5081 1063 5148 Ἰὼϐ,
1098 5087 1156 5138 ἐν
1174 5089 1286 5150 τοῖς
1322 5089 1507 5159 ὑγροῖς
1530 5094 1735 5157 τίποις,

138 5169 247 5219 κάν
298 5167 376 5236 τῷ
426 5168 661 5239 καλάμῳ
683 5212 699 5238 ,
742 5174 843 5243 τὴν
892 5177 1169 5250 ἐκτροπὴν
1195 5181 1291 5251 τῆς
1326 5170 1448 5236 ὁδοῦ
1474 5185 1574 5256 τῆς
1605 5187 1740 5257 ἁλη-

138 5257 322 5321 θείας.
349 5260 564 5314 καὶτοῦ
594 5263 773 5333 φωτὸς
797 5266 896 5336 τῆς
929 5268 1297 5343 δικαιοσύνης.

216 5350 329 5401 Καὶ
352 5351 542 5423 ἐπειδὴ
569 5354 713 5425 μέγα
752 5358 964 5425 ἀγαθόν
990 5360 1105 5415 ἐστι
1139 5364 1401 5431 μετάνοια
1427 5368 1521 5421 καὶ
1544 5367 1735 5438 ἐξομο-

138 5439 392 5511 λόγησις,
433 5444 531 5496 καὶ
584 5447 616 5517 ή
652 5448 940 5521 συντριεὴ,
992 5453 1086 5506 καὶ
1114 5454 1182 5508 τὰ
1210 5455 1442 5528 δάκρυα,
1468 5461 1560 5513 καὶ
1591 5464 1638 5515 οἱ
1672 5463 1737 5515 ἐκ

145 5531 350 5600 βάθους
376 5540 698 5607 στεναγμοὶ,
721 5541 814 5596 καὶ
830 5544 862 5610 ἡ
887 5545 1186 5613 κατάνυξις
1204 5565 1216 5579 ’
1242 5550 1331 5605 διά
1358 5550 1538 5613 τοῦτο,
1556 5570 1738 5624 παρα-

144 5625 319 5692 καλῶ,
339 5626 785 5701 Ἐξομολογεῖσθε
812 5636 890 5708 τῷ
911 5638 1031 5710 Θεῷ
1066 5641 1327 5713 συνεχῶς,
1355 5645 1447 5701 καὶ
1467 5645 1538 5699 τὰ
1559 5647 1672 5717 ἅμα
1682 5663 1740 5719 ρ-

218 5800 241 5838 λ
270 5805 408 5870 Luc.
446 5830 581 5883 ιιι-ιι,
620 5818 707 5875 10.

1836 4637 2183 4703 laceremur;
2249 4635 2513 4705 quoniam
2568 4642 2622 4689 et
2648 4633 2718 4687 ab
2765 4633 2925 4687 hisce
2957 4631 3123 4685 rebus
3166 4629 3419 4699 plurimae

1834 4728 2098 4798 consequi
2150 4742 2447 4797 possumus
2495 4724 2752 4779 utilitatis
2810 4722 3075 4779 fructum.
3133 4721 3418 4775 Discamus

1837 4834 2339 4891 agnoscamusque,
2391 4817 2598 4873 tratres
2635 4817 2764 4883 mei,
2815 4831 2940 4887 quae
2973 4818 3048 4872 sit
3082 4815 3423 4869 humiliatio-

1838 4914 1930 4968 nis
1962 4912 2066 4977 vis,
2099 4920 2347 4982 potestas
2377 4917 2433 4965 et
2482 4910 2752 4964 auxilium
2783 4927 2799 4963 :
2834 4910 3123 4965 discamus
3157 4909 3419 4963 elationis

1837 5020 1961 5074 quae
2008 5005 2081 5058 sit
2132 5002 2434 5078 damnatio,
2485 5003 2657 5056 multa
2708 5010 2764 5057 et
2799 5002 3103 5069 interitus;
3133 5002 3416 5055 Bcetnothi

1839 5113 1962 5166 qua
2002 5097 2076 5151 sit
2128 5097 2344 5156 mnhra.
2383 5096 2691 5150 secundum
2724 5093 2852 5160 Joh,
2887 5095 2942 5148 in
2978 5095 3221 5149 humidis
3259 5094 3418 5156 locis,

1838 5198 1893 5245 et
1934 5190 1988 5242 in
2046 5187 2387 5243 arundincto
2441 5187 2724 5242 aberratio
2783 5202 2811 5239 a
2851 5187 2937 5241 via
2998 5185 3271 5248 veritatis,
3305 5192 3359 5238 et
3390 5200 3419 5236 a

1840 5283 2049 5337 lumine
2073 5282 2325 5351 justititc.

1914 5376 1974 5429 Et
2015 5375 2277 5447 quoniam
2329 5390 2588 5447 magnum
2632 5374 2836 5428 bonum
2875 5379 2961 5426 cst
3000 5368 3328 5441 pmnitentia
3365 5380 3420 5423 ct

1844 5464 2147 5541 confessio,
2182 5465 2451 5519 contritio
2505 5466 2632 5518 item
2662 5472 2717 5518 ct
2753 5463 3030 5533 Iacrynnr,
3062 5460 3422 5530 eiulatusque

1845 5573 1910 5613 ev
1945 5558 2056 5612 imo
2098 5557 2367 5627 p"ctoris,
2398 5569 2450 5611 et
2478 5555 2869 5627 compunrtio,
2912 5554 3120 5609 idcirco
3171 5568 3271 5607 vos
3294 5568 3418 5616 oro.

1849 5647 2202 5703 Conlitemini
2258 5646 2366 5702 Deo
2408 5647 2619 5719 jugitcr
2690 5645 2849 5717 eique
2896 5652 3118 5716 peccata
3154 5643 3417 5716 rcvelate,
