3830 6326
135 379 320 452 1289
1087 387 1185 449 DE
1225 384 1548 448 HUMANA
1579 382 1754 441 VITA
1794 377 1888 440 ET
1922 380 2018 440 DE
2055 378 2499 441 DEFUNCTIS.
3296 383 3430 445 1:290

134 505 402 562 σκύτους
446 495 712 569 μετῆλθεν
758 498 838 559 εἰς
871 496 1006 565 φῶς.
1040 497 1106 550 Et
1134 513 1196 565 γε
1225 496 1321 550 τοῦ
1353 494 1635 565 παρ’ὴμῖν
1661 493 1742 546 αἰ-

1852 491 2024 562 plora,
2061 489 2267 545 defecit
2295 492 2442 546 enim
2482 489 2571 543 lu:
2600 500 2646 542 Ρ.
2689 506 2707 540 ι
2753 489 2820 542 At
2851 505 2918 545 ne
2947 502 3134 544 amare
3165 491 3430 561 lamente-

135 589 400 660 σθητοῦ,
430 590 493 642 τὸ
522 589 710 660 νοητὸν
744 591 921 642 έκεῖνο
959 588 1330 659 διαφερόντως
1373 585 1742 655 ὑπερανέστη-

1856 584 1965 648 ris;
2007 582 2154 636 haud
2186 582 2465 652 siquidem
2498 581 2588 634 lux
2621 582 2898 636 exstincta
2935 591 3038 646 est,
3073 583 3172 638 sed
3201 587 3431 640 transiit

129 697 304 736 κενο
327 676 432 749 ὧν,
459 682 519 736 ’τὸ
551 681 680 752 μὲν,
712 681 1084 753 δυώεκάωρος
1112 680 1421 751 διαδέχεται
1447 679 1576 743 νὺξ,
1607 677 1742 731 κατὰ

1855 688 1884 728 a
1926 673 2168 728 tenebris
2205 673 2272 726 ad
2321 675 2544 726 lucem:
2582 673 2822 742 quando
2857 673 2982 729 lure
3018 675 3120 729 hac
3151 678 3430 742 sensibili,

51 823 55 826 ,
131 773 424 846 περίοδον
451 772 601 844 αὐτῷ
628 772 928 843 γιγνομένη
958 773 1088 844 περὶ
1113 774 1219 842 γῆν
1249 771 1624 840 ἀποσκίασμα,
1654 768 1742 821 καὶ

1855 763 2121 832 spiritalis
2151 763 2248 816 illa
2272 764 2600 819 immensum
2633 766 2990 820 excellentior
3014 778 3136 822 est:
3165 784 3196 823 e
3230 771 3434 839 quibus

129 863 424 934 χρονικδν
452 863 783 934 περιγράφει
811 860 1121 932 διάστημα·
1151 861 1214 914 τὸ
1241 861 1322 925 δὲ,
1351 859 1413 914 ού
1445 859 1658 921 σκότος,
1685 858 1742 912 οὐ

1854 855 2010 908 alteri
2063 854 2286 924 quidem
2339 856 2590 911 succedit
2637 873 2742 910 nox
2791 857 3082 914 duodecim
3137 861 3430 925 horarum,

1857 957 2018 1002 terra!
2045 947 2097 1002 ei
2127 949 2336 1002 ambitu
2372 964 2470 1017 per
2497 949 2794 1003 circuitum
2851 951 2996 1004 facta
3025 951 3430 1016 uu‘ihraculum,

1853 1040 2378 1110 circumscribilque
2427 1040 2687 1096 diurnum
2743 1043 3025 1112 spatium;
3078 1045 3308 1099 alteram
3337 1061 3435 1100 au—

1855 1140 1989 1196 tem,
2041 1146 2219 1201 neque
2283 1133 2550 1194 tenebrae,
2606 1150 2782 1203 neque
2841 1149 2972 1197 nox,
3038 1152 3138 1190 uec
3192 1138 3432 1193 obscura

1853 1221 2003 1287 dics,
2031 1237 2134 1276 nec
2180 1222 2422 1278 ambitus
2463 1226 2746 1292 temporis,
2802 1243 2911 1280 non
2941 1242 3146 1292 annus,
3182 1245 3292 1282 nou
3327 1245 3432 1284 sa:-

1854 1314 2062 1376 culum,
2095 1329 2204 1369 non
2246 1323 2433 1372 motus
2488 1318 2802 1386 spatiumve
2851 1320 3089 1382 obsidet.
3124 1321 3219 1376 sed
3271 1331 3433 1378 aeter-

1854 1420 1982 1458 num
2019 1405 2091 1460 iis
2132 1404 2344 1473 illucet,
2377 1406 2471 1476 qui
2500 1416 2711 1463 aeterno
2743 1412 2865 1478 ejus
2891 1412 3189 1480 splendore
3225 1415 3432 1469 alTaIim

1853 1495 2208 1559 deliciautur,
2243 1505 2302 1550 ut
2349 1499 2592 1568 quodam
2632 1500 2752 1554 loco
2783 1501 2863 1555 ait
2898 1499 3187 1572 Scriptura
3221 1521 3380 1560 sacra
3416 1525 3430 1560 :

1857 1601 1876 1642 ι
1921 1589 2036 1646 Lux
2079 1589 2250 1658 justis
2300 1599 2606 1661 perpetuo;
2642 1609 2840 1648 nomen
2898 1603 3080 1650 autem
3137 1597 3433 1668 impiorum

127 953 282 1019 νὺξ,
324 955 427 1008 οὐκ
459 951 720 1024 ἀλαμπὴς
753 952 960 1024 ἡμέρα,
995 951 1058 1006 οὐ
1092 952 1289 1023 χρόνου
1324 950 1608 1021 περίοδος·
1646 949 1748 1003 οὑκ

126 1044 441 1110 ἐνιαυτὸς,
484 1045 586 1098 οὐκ
614 1043 750 1098 αἰὼν
772 1083 789 1106 ,
830 1045 892 1098 οὐ
921 1044 1130 1098 xiv-nua
1161 1043 1270 1096 καὶ
1285 1042 1562 1111 διάστημα
1587 1057 1748 1111 περι-

125 1133 401 1208 ζστησιν·
422 1136 537 1190 ἀλλ’
566 1136 750 1199 ἁῖδίως
771 1135 1095 1204 ὲναυγὰζον,
1118 1136 1228 1198 τοῖς
1255 1135 1355 1204 τῆς
1383 1131 1551 1186 αὐτοῦ
1573 1147 1744 1184 κατα-

135 1229 447 1300 τρυφῶσιν
497 1229 670 1282 ἀϊδίου
723 1227 1109 1299 λαμπρότητος
1140 1245 1152 1258 ο
1203 1225 1278 1289 ῶς
1332 1242 1435 1278 που
1486 1223 1550 1277 τὺ
1601 1222 1746 1276 θεῖον

127 1321 410 1392 Γράμμα
441 1321 576 1391 φησί
608 1337 621 1350 ·
653 1339 672 1372 ι
705 1318 826 1384 Φῶς
856 1320 1089 1383 δικαίοις
1120 1318 1418 1380 διαπαντός
1445 1333 1458 1347 ·
1489 1317 1659 1396 δνομα
1687 1315 1745 1368 δὲ

115 1409 380 1465 ’ἀσεϐῶν
419 1411 737 1466 σσέννυται⁶
775 1430 794 1463 ι
828 1411 940 1465 τῶν
977 1411 1052 1483 μὴ
1079 1411 1158 1481 τῷ
1191 1411 1331 1480 φωτὶ
1357 1408 1466 1462 τῶν
1487 1407 1582 1461 τοῦ
1609 1407 1743 1461 Θεοῦ

131 1502 611 1573 προσταγμάτων
647 1503 704 1554 ὲν
738 1501 816 1573 τῷ
853 1501 1114 1574 σκοτεινῷ
1147 1501 1243 1554 τοῦ
1281 1501 1408 1570 βίου
1449 1499 1743 1570 πορευθέν-

125 1611 261 1649 των
299 1595 508 1667 χωρίῳ.
541 1595 713 1649 Τοῦτο
743 1595 808 1666 δὴ
839 1596 901 1649 τὸ
933 1595 1088 1666 παρὰ
1119 1594 1212 1647 τοῦ
1247 1592 1370 1645 ’1ὼὸ
1405 1591 1700 1664 εἰρημένον
1729 1609 1741 1622 ο

131 1705 159 1739 e
196 1687 310 1751 Τίς
331 1689 396 1742 ἄν
429 1705 494 1759 με
526 1688 645 1759 θείη
678 1688 818 1742 κατὰ
851 1688 997 1758 μῆνα
1026 1687 1249 1757 ἡμερῶν
1274 1687 1382 1746 τῶν
1413 1685 1742 1756 ἔμπροσθεν,

1853 1682 2316 1752 exstinguitur“
2354 1702 2372 1733 ι
2407 1698 2600 1737 eorum
2658 1684 2942 1751 nimirum,
2991 1687 3084 1754 qui
3135 1691 3436 1744 tenebroso

126 1774 453 1845 λέγοντοςι
481 1769 556 1830 ὧν
589 1793 656 1848 με
686 1779 714 1831 ό
743 1775 876 1842 Θεὸς
910 1777 1206 1846 ἐφύλαττεν
1237 1777 1480 1847 ἄτρωτον
1505 1793 1521 1807 ’
1548 1776 1626 1838 ὡς
1655 1776 1742 1828 ὅτε

1853 1772 2018 1842 hujus
2067 1773 2191 1827 vita:
2245 1773 2393 1838 loco,
2459 1775 2672 1830 lumine
2728 1775 3114 1831 mandatorum
3162 1777 3278 1842 Dei,
3322 1795 3432 1834 nou

125 1865 323 1936 ηὕγει
365 1868 394 1919 ὁ
434 1867 626 1939 λύχνος
667 1868 834 1922 αὐτοῦ
879 1870 973 1922 ἐπὶ
1019 1868 1260 1938 κεςοαλῆς
1306 1885 1428 1938 μου.
1476 1887 1494 1920 ι
1540 1868 1742 1939 Λύχνος

1853 1865 2301 1920 ambulaverunt.
2365 1866 2465 1920 Est
2503 1868 2557 1921 id
2595 1868 2744 1938 quod
2783 1866 2888 1922 Job
2911 1870 3180 1939 loquitur,
3213 1871 3432 1928 dicens:

126 1959 298 2029 γὰρ,
333 1959 498 2031 νόμου
529 1959 589 2013 τδ
623 1959 758 2030 φῶς.
794 1979 814 2012 ι
839 1961 969 2014 Ὅτε
1000 1959 1078 2032 τῷ
1110 1961 1251 2030 φωτὶ
1284 1959 1449 2013 αὐτοῦ
1482 1959 1742 2031 ἐπορευό-

1861 1977 1879 2008 ‹
1912 1956 2049 2023 Quis
2103 1957 2296 2026 utique
2342 1973 2428 2011 me
2480 1966 2648 2026 ponat
2693 1958 2849 2027 juxta
2882 1974 3128 2014 mensem
3187 1964 3433 2029 priorqu

132 2067 264 2121 μην
298 2051 360 2106 ὲν
391 2050 574 2105 σκότει
599 2067 615 2083 θ
656 2071 674 2102 ι
713 2051 808 2106 τοῦ
845 2051 1110 2122 παρόντος
1144 2051 1303 2122 δῆλον
1332 2051 1526 2114 αἰῶνος
1552 2068 1566 2082 ·
1604 2051 1746 2103 κατὰ

129 2143 239 2195 τὸν
283 2141 434 2196 οὕτω
468 2125 779 2212 ψάλλονταο
829 2162 847 2196 ι
888 2143 1006 2207 Νὺξ
1047 2143 1324 2212 φωτισμὸς
1363 2144 1421 2194 ὲν
1457 2145 1524 2211 τῇ
1563 2143 1741 2212 τρυφῇ

136 2251 286 2305 μου.
316 2232 428 2288 Καὶ
459 2237 491 2304 ἡ
525 2235 624 2300 νὺξ
654 2235 730 2300 ὡς
763 2234 944 2306 ἡμέρα
977 2235 1385 2306 φωτισθήσεται
1411 2251 1424 2264 ·
1459 2239 1552 2287 καὶ
1583 2233 1658 2296 ὡς
1684 2235 1744 2287 τὺ

133 2326 354 2389 σκότος
393 2327 598 2398 αὐτῆς,
634 2327 774 2381 οὓτω
815 2329 908 2380 καὶ
947 2327 1008 2380 τὸ
1051 2326 1164 2396 φῶς
1203 2327 1391 2397 αὐτῆς.
1432 2346 1449 2378 ι
1491 2324 1702 2378 Οὐκοῦν
1726 2343 1739 2355 ·

130 2419 190 2471 εἰ
227 2417 360 2487 φῶς
388 2417 489 2488 μέν
510 2419 660 2472 ἐστιν
680 2421 709 2471 ό
728 2419 881 2484 Θεὸς,
900 2417 1091 2490 ὥσπερ
1121 2419 1216 2472 οὖν
1239 2420 1356 2472 ἐστι
1376 2436 1388 2448 ·
1423 2437 1442 2469 ι
1472 2419 1580 2470 Καὶ
1613 2433 1740 2470 σκο-

130 2509 239 2564 τία
275 2513 338 2565 ὲν
373 2510 525 2582 αὐτῷ
555 2511 657 2565 οὐκ
689 2510 838 2565 ἐστιν
871 2511 1114 2581 οὐδεμία⁸
1158 2531 1176 2563 ι
1215 2541 1283 2550 -
1323 2529 1340 2561 ι
1382 2510 1470 2562 Ἐν
1502 2507 1650 2579 αύτῷ
1685 2507 1740 2560 δὲ

131 2603 378 2674 ζῶμεν,
409 2605 506 2659 καὶ
534 2605 834 2677 κινούμεθα
866 2605 960 2659 καὶ
991 2605 1190 2676 ἐσμὲν,
1229 2604 1381 2658 »ικαὶ
1408 2602 1547 2674 πρὸς
1577 2600 1741 2656 αὐτὸν

135 2695 572 2770 μεθιστάμεθα·
600 2696 816 2752 πάντων
840 2697 897 2751 δὲ
928 2697 1085 2768 ἡμῶν
1111 2697 1170 2750 αἱ
1196 2697 1368 2767 ψυχαὶ
1399 2694 1542 2749 κατὰ
1564 2693 1626 2747 τὸ
1652 2692 1742 2746 λοο

132 2788 315 2858 γικὸν
337 2790 397 2843 ἐν
426 2773 616 2863 χερσὶν
641 2789 809 2844 αὐτοῦ
830 2831 846 2856 ,
872 2790 1242 2860 διημάρτηται
1270 2792 1302 2860 ἡ
1330 2789 1464 2861 περὶ
1487 2786 1584 2842 τοῦ
1618 2788 1744 2842 σκό-

133 2897 285 2944 τους
315 2883 414 2935 καὶ
443 2882 552 2935 τῶν
579 2883 871 2936 σκοτεινῶν
897 2882 992 2936 τοῦ
1025 2882 1151 2954 ᾅδου
1186 2882 1378 2953 χώρων
1415 2880 1742 2952 προτεθεῖσα

138 2974 476 3046 παράλογος
503 2976 775 3042 ἔνστασις,
804 2975 913 3029 τῶν
940 2975 1006 3030 δι’
1041 2974 1292 3036 ἐναντίας
1321 2973 1415 3027 καὶ
1444 2971 1739 3034 ἀντίθεσις.

1852 2047 2087 2112 dierum,
2115 2049 2317 2117 quibus
2358 2063 2444 2100 me
2471 2046 2615 2102 Deus
2639 2048 2986 2103 custodiebat
3018 2049 3435 2107 inviolabilem?

1853 2138 2000 2192 sicut
2055 2152 2180 2191 eum
2250 2137 2472 2192 lucebat
2544 2139 2769 2193 lucerna
2839 2137 2966 2207 ejus
3033 2155 3204 2209 super
3267 2151 3432 2211 caput

1854 2243 2035 2283 meum
2075 2237 2119 2282 ι’.
2161 2248 2178 2279 ι
2210 2229 2458 2283 LuCerna
2487 2230 2632 2284 enim
2692 2241 2776 2286 est
2811 2231 2996 2286 lumen
3027 2232 3201 2304 legis:
3236 2251 3256 2283 ι
3295 2233 3430 2289 Cum

1829 2321 2063 2376 lumine
2095 2321 2218 2391 ejus
2262 2321 2614 2376 ambulabam
2655 2323 2708 2376 in
2744 2325 2986 2379 tenebris
3017 2333 3038 2361 ³
3073 2341 3088 2378 :
3130 2343 3148 2374 ι
3189 2341 3434 2396 praesen-

1850 2415 1923 2468 tis
1971 2414 2232 2468 nimirum
2288 2413 2498 2478 smeuli,
2551 2413 2710 2482 juxta
2759 2430 2885 2470 eum
2935 2417 3028 2486 qui
3087 2419 3168 2472 sic
3209 2417 3429 2487 psallit:

1887 2526 1906 2558 ι
1964 2506 2082 2560 Nux
2111 2507 2451 2561 illuminatio
2501 2509 2553 2560 in
2582 2509 2803 2564 delictis
2844 2511 3006 2566 meis.
3045 2510 3114 2565 Et
3143 2527 3249 2568 nox
3283 2513 3432 2568 sicut

1850 2599 1970 2654 dies
2011 2598 2456 2653 illuminabitur:
2507 2599 2656 2655 sicut
2693 2599 2936 2656 tenebrae
2975 2601 3122 2672 ejus,
3160 2604 3234 2657 ita
3263 2614 3317 2658 et.
3343 2603 3429 2657 lu-

1854 2707 1977 2746 men
2001 2691 2124 2762 ejus
2152 2692 2229 2746 ί.»
2260 2689 2474 2762 Itaque,
2504 2692 2778 2762 siquidem
2801 2693 3059 2749 Deuslux
3095 2705 3202 2760 est,
3222 2705 3281 2750 ut
3304 2713 3431 2750 vere

1851 2793 1935 2840 est
1969 2803 1989 2836 ι
2021 2799 2120 2839 nec
2148 2784 2274 2840 ulla:
2309 2785 2362 2839 in
2390 2801 2456 2840 eo
2499 2794 2628 2840 sunt
2657 2786 2896 2841 tenebrae
2925 2796 2974 2840 ιι.
3018 2806 3036 2839 ι
3072 2819 3144 2830 -
3177 2807 3195 2840 ι
3222 2787 3282 2842 iu
3309 2791 3431 2858 ipso

1852 2887 2037 2931 autem
2077 2876 2319 2932 vivimus
2373 2885 2429 2931 et
2477 2892 2768 2932 movemur
2795 2885 2850 2932 et
2890 2893 3083 2933 sumus
3105 2888 3155 2942 νς
3193 2899 3211 2931 ι
3249 2882 3431 2950 adque

1849 2982 1972 3020 cum
2007 2965 2348 3036 migramus;
2384 2968 2628 3020 omnium
2680 2982 2814 3022 vero
2853 2977 3104 3022 nostrum
3144 2971 3343 3022 aninue
3373 2983 3425 3033 ι,

139 3065 311 3137 quod
349 3076 563 3138 spectat
611 3069 678 3122 ad
725 3069 993 3122 rationem
1040 3067 1092 3120 in
1137 3065 1260 3136 ejus
1309 3074 1437 3121 sunt
1492 3064 1796 3117 manibus:
1837 3061 1995 3129 plane
2048 3068 2277 3128 peccat,
2339 3057 2616 3128 fallaxque
2657 3060 2935 3129 arguitur,
2980 3059 3429 3134 adversariorum

141 3158 619 3214 alienearatioue
654 3161 933 3230 proposita
963 3159 1330 3230 impugnatio,
1353 3157 1494 3227 quod
1527 3164 1739 3228 spectat
1774 3152 1840 3207 ad
1873 3153 2152 3213 tenebras,
2187 3159 2242 3205 et
2270 3151 2575 3223 caliginosa
2624 3151 2829 3206 inferni
2873 3151 3014 3206 loca.

228 3254 344 3309 Τοῦ
371 3255 573 3326 τρόπου
605 3253 906 3324 δειχθέντος
933 3253 1051 3306 κατ’
1070 3254 1371 3324 ἐπιδρομὴν
1396 3252 1496 3322 τῆς
1525 3253 1583 3304 ἐν
1617 3250 1740 3322 ᾅδου

1914 3244 2133 3300 Cursim
2169 3253 2352 3300 autem
2377 3245 2660 3300 declarato
2690 3245 2875 3308 modo,
2907 3259 3018 3314 quo
3048 3245 3246 3301 anima:
3285 3250 3431 3305 velut

142 3347 304 3404 κατὰ
336 3347 582 3416 περίοδον
628 3346 737 3398 τῶν
775 3345 962 3416 ψυχῶν
1010 3344 1362 3414 διελῇεύὰεως,
1413 3343 1574 3414 δεῦρο
1630 3338 1745 3407 οὖν,

144 3441 268 3495 τῶν
308 3438 618 3511 εἰρημένων
659 3437 964 3508 ἀφέμενος,
1001 3437 1293 3504 ἄνθρωπε,
1334 3437 1432 3509 τὴν
1469 3435 1562 3490 τοῦ
1611 3438 1749 3507 ἡμε-

144 3533 322 3603 τέρου
382 3530 635 3596 σώματος
703 3529 956 3584 διδάσκου
1015 3531 1296 3593 διάλυσιν,
1362 3530 1437 3600 μὴ
1495 3529 1596 3600 τὴν
1649 3531 1748 3600 τῆς

143 3622 340 3692 ψυχῆς
373 3620 568 3692 ἐρεύνα
602 3621 936 3674 κατάστασιν
969 3622 1108 3691 μετὰ.
1137 3621 1235 3690 τὴν
1267 3623 1330 3674 ἐκ
1362 3619 1459 3674 τοῦ
1496 3619 1748 3691 σώματος

147 3711 364 3778 ἐξοδον,
390 3711 473 3764 ὅτι
505 3709 579 3781 μὴ
610 3711 746 3780 πρὸς
776 3709 910 3780 ἐμοῦ
940 3711 1034 3764 καὶ
1065 3711 1160 3763 σοῦ
1190 3710 1366 3766 ταῦτα
1394 3711 1598 3782 ζητεῖν.
1621 3710 1747 3763 Ἀλ-

148 3804 249 3867 λος
290 3803 404 3876 γὰρ
446 3803 474 3855 ὁ
517 3800 694 3855 ταῦτα
735 3799 912 3865 εἰδώς.
957 3803 1017 3855 Ei
1055 3803 1168 3870 γὰρ
1203 3802 1384 3872 ψυχῆς
1423 3802 1614 3856 οὐσίαν
1647 3803 1747 3856 οὐκ

149 3896 310 3950 εστιν
336 3896 468 3966 ἡμῖν
495 3892 718 3956 εἰδέναι,
743 3892 861 3957 πῶς
890 3891 956 3946 ἂν
982 3893 1255 3964 εἰδείημεν
1278 3893 1376 3964 τὴν
1405 3892 1620 3962 ἐκείνης
1647 3909 1748 3946 κα·

149 3989 453 4052 τάπαυσιν,
481 3981 550 4060 ἦς
582 3981 744 4050 εἶδος,
771 3986 864 4039 καὶ
895 3984 1106 4056 σχῆμα,
1135 3985 1232 4040 καὶ
1263 3985 1494 4056 μέγεθος
1521 3984 1742 4053 ἀγνοοῦο

157 4096 298 4150 μεν;
325 4078 516 4150 ἡλίκον
545 4094 604 4132 τε
640 4079 736 4131 καὶ
767 4078 892 4132 ὅσον
917 4076 1091 4146 αὐτῆς
1121 4077 1360 4149 ὑπάρχει
1393 4077 1455 4130 τὸ
1491 4076 1744 4148 μέγεθος,

153 4173 262 4226 κᾶν
292 4171 371 4242 τῷ
402 4171 640 4241 ἐφολκίῳ
675 4169 982 4224 συνδέδεται
1001 4211 1016 4233 ,
1049 4169 1234 4236 λόγοις
1266 4164 1348 4234 οἷς
1380 4164 1490 4223 οἶδε
1527 4168 1687 4240 μόνος
1719 4169 1748 4220 ὁ

157 4262 516 4334 συναρμόσας
549 4261 700 4324 Θεός.
731 4260 951 4313 Τούτων
980 4259 1154 4325 οὕτως
1190 4261 1454 4332 ἐχόντων,
1492 4261 1655 4333 φέρε,
1687 4260 1748 4313 τὸ

152 4353 342 4423 τίμιον
375 4353 562 4421 κτῆμα
591 4352 690 4422 τὴν
719 4349 899 4421 ψυχὴν
928 4349 1008 4422 τῷ
1037 4351 1167 4424 θείῳ
1199 4352 1297 4421 τῆς
1332 4352 1538 4412 εἰκόνος
1571 4353 1745 4422 αὐχή-

127 4460 325 4514 νματι,
365 4444 852 4514 παραδραμόντες,
894 4443 969 4506 ὡς
1010 4443 1285 4515 ἄληπτον,
1326 4443 1457 4514 περὶ
1499 4439 1562 4495 τὸ
1602 4443 1746 4512 παχὺ

154 4531 318 4586 τοῦτο
351 4533 448 4586 καὶ
482 4531 710 4598 ληπτὸν,
740 4532 836 4586 καὶ
867 4530 1090 4595 πολλαῖς
1124 4531 1219 4586 τοῦ⁹
1261 4531 1378 4602 βίου
1419 4530 1746 4600 μεταϐολαῖς

83 4633 92 4640 ’
157 4622 642 4691 συναλλοιούμενόν
679 4639 739 4676 τε
780 4623 875 4675 καὶ
914 4623 1382 4695 περιτρεπόμενον
1421 4622 1742 4693 ὲνασχολού-

160 4711 304 4783 μεθα
333 4711 515 4781 σῶμα,
543 4713 637 4764 καὶ
665 4711 830 4764 αὐτοῦ
863 4729 966 4765 που
995 4711 1088 4765 τὸν
1113 4711 1238 4766 νοῦν
1267 4711 1744 4784 προσερείσωμενο

106 4840 114 4846 -
153 4803 232 4866 ὡς
265 4801 338 4856 ἂν
371 4801 584 4875 μάθῃς,
616 4803 871 4874 ἁγαπητὲ
892 4844 908 4865 ,
937 4802 1036 4872 τῆς
1069 4803 1229 4876 ἡμῶν
1259 4801 1538 4868 εὐτελείας
1563 4805 1625 4857 τὸ
1651 4821 1748 4858 τα-

155 4892 349 4946 πεινὸν
377 4894 474 4946 καὶ
503 4893 868 4964 χαμαίζηλον,
898 4893 1007 4946 τῶν
1035 4893 1270 4966 ἐαρινῶν
1298 4893 1504 4948 ἀνθέων
1535 4896 1615 4960 εἰς
1645 4913 1750 4966 μη-

154 4989 247 5044 δὲν
267 4987 528 5060 διαφέρον
543 5031 559 5057 ,
580 4989 724 5044 κατὰ.
747 4989 810 5043 τὸ
834 4988 1140 5060 εὖφθαρτον
1161 4989 1258 5042 καὶ
1282 4988 1628 5060 εύμάραντον
1651 4990 1749 5061 τῆς

156 5083 237 5146 εἰς
267 5080 341 5135 τὰ
369 5080 428 5146 ἐξ
455 5075 530 5136 ῶν
561 5079 862 5153 συνέστηκε
889 5080 1208 5144 διαλύσεως.
1242 5081 1396 5134 Ἐπεὶ
1423 5075 1516 5134 οὖν
1545 5083 1578 5152 ἡ
1611 5083 1742 5152 περὶ

155 5168 348 5223 τούτου
385 5169 586 5238 γνῶσις
621 5169 736 5242 ἔχει
777 5187 830 5223 τι
869 5171 967 5224 καὶ
1005 5170 1307 5240 ὠφέλιμον,
1345 5171 1441 5224 καὶ
1481 5172 1621 5242 πρὸς
1664 5174 1743 5224 οἰ-

157 5255 399 5326 κοδομὴν
447 5256 581 5326 ἆγον
624 5258 752 5320 τοὺς
805 5257 882 5328 μὴ
936 5259 1233 5328 παρέργως
1278 5257 1387 5312 τῶν
1434 5259 1742 5330 λεγομένων

155 5347 461 5412 ἀκούοντας
483 5363 500 5379 ο
537 5347 716 5419 βούλει
755 5363 840 5403 σοι
876 5347 1037 5414 δείξω
1070 5349 1180 5402 τῶν
1221 5351 1510 5422 ἡμετέρων
1551 5352 1740 5422 σωμά-

154 5458 268 5495 των
297 5439 398 5511 τὴν
428 5439 827 5511 εὐδιάφθαρτον
860 5440 1138 5512 σύμπηξιν
1170 5444 1266 5495 καὶ
1295 5441 1560 5509 διάλυσιν,
1592 5445 1743 5510 ὃπως

158 5533 309 5588 ἐστὶν
335 5532 556 5605 εὐτελὴς
580 5535 674 5588 καὶ
697 5534 808 5588 τῶν
833 5535 1047 5606 κτηνῶν
1073 5536 1152 5597 εἰς
1181 5535 1348 5605 μηδὲν
1371 5536 1739 5610 διαφέρουσας

233 5744 260 5784 r
287 5733 443 5788 Eccl.
471 5749 612 5795 xxii,
643 5731 729 5788 l0.
844 5743 871 5783 ⁴Ι
903 5733 1061 5791 Prov.
1095 5752 1216 5800 xm,
1243 5738 1295 5792 9.

159 5805 336 5859 VAet.
379 5819 508 5864 xvu,
538 5804 626 5858 28.
707 5811 731 5840 ³
760 5802 892 5875 Sap.
927 5820 1006 5870 lli,
1043 5812 1094 5860 1.

486 5901 755 5989 Pareo!"
803 5902 920 5962 Gn.
973 5902 1214 5990 XCi'li.

1379 5751 1400 5778 τ
1425 5737 1528 5795 Job
1585 5758 1734 5804 χχιι,
1758 5743 1813 5795 2.

1852 3334 2086 3389 circuitu
2132 3349 2196 3388 ac
2237 3334 2446 3388 ambitu
2481 3336 2715 3405 quodam
2753 3343 3074 3406 permanent
3120 3337 3427 3407 infernum,

1847 3426 1958 3494 jam
2006 3441 2145 3496 age,
2196 3440 2230 3478 o
2278 3425 2473 3490 homo,
2525 3428 2590 3482 iis
2630 3443 2752 3499 quae
2799 3429 2943 3483 dicta
2993 3437 3120 3484 sunt
3169 3432 3430 3500 omissis.

1851 3520 2004 3574 disce
2032 3518 2451 3574 dissolutionem
2496 3519 2726 3575 humani
2759 3521 3048 3590 corporis;
3087 3538 3196 3578 non
3235 3526 3432 3582 anima:

1851 3622 2058 3664 statum
2105 3620 2380 3676 scrutare,
2430 3612 2501 3667 ab
2538 3627 2767 3682 egressu
2819 3629 2851 3669 ο
2899 3630 3158 3686 corpore.
3211 3619 3432 3685 tutando

1853 3716 1952 3754 nec
2000 3715 2182 3752 meum
2235 3709 2455 3756 estnec
2522 3711 2672 3755 tuum
2727 3703 2832 3758 ista
2876 3720 3146 3774 querere.
3217 3707 3434 3780 Quippe

1850 3792 1992 3845 alius
2022 3799 2106 3846 est
2132 3791 2228 3861 qui
2263 3793 2436 3846 novit.
2472 3791 2606 3846 Nam
2631 3793 2677 3848 si
2708 3808 2888 3864 neque
2921 3797 3291 3852 substantiam
3321 3801 3435 3854 ani-

1852 3898 1953 3938 mze
2011 3898 2314 3950 possumus
2362 3882 2527 3945 scire.
2584 3885 2678 3954 qui
2734 3887 3066 3942 sciverimus
3135 3887 3286 3945 illius
3341 3907 3430 3945 re—

1851 3975 2068 4044 quiem,
2102 3973 2264 4040 cujus
2305 3982 2358 4028 et
2403 3974 2649 4044 speciem
2701 3974 3042 4046 ignoramus.
3083 3989 3139 4036 et
3175 3983 3431 4052 ﬁguram,

1850 4075 1903 4120 et
1935 4064 2412 4134 magnitudinem?
2453 4081 2643 4135 quam,
2686 4065 2935 4138 inquam,
2987 4070 3076 4123 illa
3132 4072 3330 4142 ingens
3360 4077 3434 4132 sit

1850 4165 1904 4210 ρι
1935 4165 2120 4216 aucta,
2164 4158 2386 4213 tametsi
2453 4157 2679 4230 alligata
2745 4171 2830 4215 est
2885 4163 3174 4226 naviculm.
3227 4168 3434 4237 quibus

1851 4249 1997 4306 Dens
2051 4251 2204 4305 solus
2247 4251 2342 4320 qui
2411 4254 2655 4322 aptavit,
2713 4254 3026 4312 rationibus
3080 4271 3431 4330 perspectum

1853 4339 2037 4396 habet.
2071 4341 2163 4397 Sic
2210 4345 2395 4414 itaque
2425 4344 2592 4400 rebus
2619 4346 2984 4415 habentibus,
3017 4351 3282 4420 animam,
3318 4347 3432 4410 rem

1853 4429 2002 4483 illam
2029 4431 2214 4485 divina
2247 4433 2504 4503 imaginis
2553 4437 2884 4492 excellentia
2924 4441 3166 4496 nobilem
3210 4459 3274 4498 ac
3309 4461 3435 4515 pie-

1854 4523 2078 4582 tiosam,
2153 4523 2308 4577 velut
2375 4525 2914 4596 incomprebeusam,
2989 4541 3433 4602 praetereuntes.

1853 4612 2003 4664 circa
2057 4627 2310 4668 crassum
2353 4615 2459 4672 hoc
2510 4621 3034 4692 comprehensuque
3093 4622 3256 4681 facile
3305 4642 3432 4682 cors

1848 4718 1974 4771 pus,
2024 4703 2286 4774 quodque
2340 4707 2532 4765 multis
2580 4711 2710 4766 vitae
2761 4713 3168 4771 mutationibus
3225 4719 3436 4788 pariter

1850 4794 2175 4850 immutetur
2245 4809 2634 4870 verseturque.
2726 4803 3112 4874 immoremur,
3197 4809 3435 4884 ejusque

1850 4895 2007 4956 parte
2045 4889 2229 4958 aliqua
2281 4892 2724 4949 considerationi
2766 4909 3005 4954 mentem
3049 4901 3430 4973 appiicemus;

1850 4989 1910 5034 ut
1945 4982 2190 5046 noveris,
2224 4984 2448 5052 dilecte,
2485 4987 2719 5046 vilitatis
2763 4990 3016 5049 humanae
3059 4995 3431 5054 humilitatem

1851 5071 2354 5146 abjectionemque,
2386 5094 2495 5150 qua
2529 5081 2666 5136 nihil
2709 5097 2740 5136 a
2775 5085 2961 5141 vernis
2999 5085 3235 5146 tioribus
3273 5089 3433 5146 diﬂ'e-

1852 5173 1958 5229 rat,
1999 5166 2146 5236 quod
2190 5171 2388 5226 attinet
2443 5171 2512 5226 ad
2565 5173 2654 5229 sui
2729 5173 2950 5234 facilem
3013 5180 3430 5250 corruptionem

1851 5256 2352 5331 del'ectionemque,
2379 5262 2754 5322 dissolutione
2783 5269 2839 5323 in
2865 5271 2931 5324 ea’
2957 5271 3164 5339 quibus
3189 5279 3431 5326 constat.

1850 5345 1930 5402 Ex
1961 5363 2072 5418 quo
2107 5349 2284 5420 igitur
2327 5356 2404 5409 rei
2441 5354 2612 5425 hujus
2643 5357 2879 5413 scientia
2909 5361 3078 5414 etiam
3114 5359 3248 5416 utile
3273 5361 3446 5430 quid»

1851 5439 1996 5510 piam
2045 5441 2233 5507 habet,
2280 5446 2540 5517 quodque
2581 5463 2680 5504 eos
2718 5449 2814 5520 qui
2858 5465 2968 5505 non
2995 5449 3173 5506 levius
3198 5450 3444 5507 audiunt:

1851 5528 2128 5589 aediﬁcare
2173 5537 2411 5605 possit:
2475 5541 2632 5596 visne
2697 5540 2984 5597 ostendam
3062 5542 3432 5599 humanorum

1931 5747 1952 5776 '
1985 5744 2121 5801 ibid.
2161 5747 2216 5801 5.

2325 5746 2344 5782 ι
2374 5742 2522 5801 Psal.
2550 5756 2820 5810 cxxxvm,
2855 5743 2948 5804 ll.
3054 5755 3080 5784 υ
3115 5743 3279 5802 Joan.
3302 5762 3341 5816 ι,
3378 5747 3435 5807 5.

3023 5901 3179 5976 ..Ἦ
