3830 6326
102 379 270 448 1337

1433 382 1752 447 MAGNUS
1789 383 2063 445 CANON.

3250 372 3392 438 1338

204 501 532 573 Ἐνδέδυμαι
577 500 977 573 διερρηγμένον
1021 502 1259 573 χιτῶνα,
1308 502 1369 557 δν
1407 501 1702 574 ὲξυφὰνατέ

1884 497 2040 554 lndui
2070 498 2299 553 scissam
2339 490 2577 547 medium
2609 488 2876 551 tunicam,
2908 499 3076 558 quam
3102 482 3241 539 mihi
3273 499 3389 540 ser-

109 611 218 664 μοι
249 596 281 647 ὁ
304 592 434 662 δφις
458 595 524 664 τῇ
561 593 927 665 συμϐουλικῇ,
957 597 1056 649 καὶ
1090 596 1549 668 καταισχύνομαι.

195 683 552 755 Προσῶλεψα
595 683 690 738 τοῦ
727 684 897 754 φυτοῦ
925 684 990 738 τὸ
1029 685 1250 756 ὡραῖον,
1291 687 1385 740 καὶ
1424 686 1711 758 ὴπατήθην

99 774 215 827 ,τὸν
244 774 405 841 νοῦν,
440 776 534 829 καὶ
562 775 715 828 ἔνθεν
743 779 932 849 κεῖμαι
974 780 1184 850 γυμνὸς
1222 781 1313 836 καὶ
1354 780 1712 851 καταισχύνο-

119 883 246 936 μαι.

204 956 550 1012 Ἑτέκταινον
571 958 664 1012 ἐπὶ
687 958 778 1012 τὸν
806 956 977 1014 νῶτόν
1005 978 1129 1031 μου,
1176 963 1376 1029 πάντες
1396 966 1447 1018 οἱ
1480 964 1711 1035 ἀρχηγοὶ¹

117 1053 231 1105 τῶν
264 1053 480 1119 παθῶν,
545 1054 921 1125 μακρύνοντις
974 1058 1096 1110 κατ’
1150 1058 1285 1129 ἐμοῦ
1331 1060 1433 1133 τὴν
1480 1061 1710 1133 ἀνομίαν

118 1144 330 1200 αὐτῶν.

202 1235 499 1288 Ἀπὼλεσα
517 1232 579 1286 τὸ
604 1235 1014 1306 πρωτὸκτιστον
1033 1240 1248 1305 κάλλος,
1272 1242 1367 1296 καὶ
1388 1242 1489 1313 τήν
1512 1242 1712 1313 εὐπρέ-

116 1330 287 1383 πειάν
321 1345 425 1399 μου
444 1345 459 1359 ο
491 1327 584 1380 καὶ
617 1328 743 1400 ἄρτι
771 1332 960 1401 κεῖμαι
985 1334 1192 1402 γυμνὸς
1227 1337 1321 1388 καὶ
1350 1335 1710 1408 καταισχύνο-

114 1440 243 1493 μαι.

189 1518 529 1590 Κατὲῥραψε
561 1524 685 1586 τοὺς
714 1521 1074 1592 δερματίνους
1119 1520 1351 1590 χιτῶνας
1402 1521 1435 1592 ἡ
1465 1521 1711 1594 ἁμαρτία

111 1611 312 1676 κάμοὶ.
352 1611 688 1681 γυμνώσασά
720 1630 787 1682 με
816 1613 932 1684 ιτῆς
965 1613 1094 1684 πρὶν
1124 1612 1455 1681 θεοῦφάντου
1495 1611 1707 1679 στολῆς.

190 1703 526 1773 Περεκειμαι
552 1703 646 1759 τδν
684 1705 972 1776 πολισμὸν
1002 1705 1101 1772 τῆς
1140 1704 1424 1776 αἰσχύνης,
1457 1704 1710 1775 καθάπερ

1814 590 1993 660 petitis
2023 589 2317 644 consilium
2358 583 2606 640 contexit
2646 582 2695 647 ιι,
2722 590 2777 635 et
2805 579 3101 635 erubesco.

1884 681 2079 751 Aspexi
2132 679 2202 734 ad
2249 678 2466 733 arboris
2521 673 3035 747 pulchritudinem,
3094 681 3150 729 et
3207 686 3392 729 meme

1812 771 2076 841 deceptus
2108 785 2254 836 sum,
2287 782 2464 838 eoque
2492 767 2673 822 nudus
2698 764 2856 836 iaceo
2884 772 2939 819 et
2967 763 3300 820 confundor.

1884 964 2322 1020 Fabricaverunt
2372 976 2538 1034 supra
2596 967 2825 1016 dorsum
2886 972 3067 1015 meum
3116 955 3395 1027 principes

1811 1073 2004 1113 omnes
2024 1056 2502 1126 perturbationum
2544 1053 2956 1121 vitiorumque;
3036 1050 3396 1119 prolongave-

1813 1156 1942 1202 runt
1973 1148 2265 1202 adversum
2301 1161 2387 1200 me
2411 1144 2757 1212 iniquitatem
2790 1155 2949 1195 suam
2980 1133 3024 1192 ι.

1883 1239 2057 1293 Amisi
2099 1238 2354 1293 decorem
2391 1237 2571 1306 primo
2627 1235 2883 1299 inditum,
2924 1247 3209 1304 meamque
3242 1231 3390 1285 illaut

1814 1328 2046 1385 formam
2069 1348 2084 1396 ;
2110 1330 2335 1401 jamque
2366 1329 2578 1399 pudore
2605 1327 2871 1390 suffusus,
2904 1324 3286 1395 nudusjacco.

1882 1513 2114 1569 Consuit
2166 1519 2222 1567 et
2283 1510 2414 1565 milii
2475 1517 2765 1581 peccatum
2815 1508 3078 1578 peiliceas
3132 1506 3389 1565 tunicas.

1813 1606 1985 1678 priori
2017 1621 2047 1659 a
2082 1604 2193 1661 Deo
2213 1611 2470 1659 contexta
2501 1603 2685 1656 tunica
2718 1601 2954 1657 nudans.

1885 1697 2112 1753 lmlutus
2188 1708 2341 1767 gesto
2389 1692 2650 1749 infamem
2706 1694 2968 1747 amictum
3040 1691 3190 1744 velut
3262 1686 3393 1743 folia

113 1795 303 1891 φύλλα
357 1795 550 1866 συκῆς,
601 1799 681 1861 εἰς
729 1797 953 1868 ἔλεγχον
996 1796 1106 1851 τῶν
1141 1797 1293 1869 ἐμῶν
1342 1796 1702 1862 αὐτεξουσίων

1862 1807 1982 1857 rus;
2009 1788 2100 1859 qui
2126 1789 2295 1844 libera
2323 1788 2605 1843 voluntate
2631 1792 2947 1840 contractas
2981 1780 3308 1837 affectiones
3333 1788 3390 1833 et

109 1887 335 1941 παθῶν.

198 1985 562 2058 Ἔστὸλισμαι
584 1986 1011 2057 κατεστιγμένον
1040 1989 1245 2059 χιτῶνα
1269 1989 1366 2043 καὶ
1390 1986 1712 2060 ᾑμαγμένον

110 2077 408 2233 Eia-1917);,
468 2083 547 2151 τῇ.
596 2080 751 2151 ῥύσει
800 2080 899 2152 τῆς
940 2081 1224 2151 ὲμπαθοῦς
1275 2082 1370 2135 καὶ
1425 2080 1710 2151 φιληδόνου

146 2187 292 2233 ωης.

146 2187 292 2237 ωης.

205 2260 526 2315 Ἐσπίλωσα
553 2261 644 2317 τὸν
672 2262 775 2333 τῆς
805 2263 1010 2335 σαρκός
1052 2282 1153 2335 μου
1184 2266 1411 2337 χιτῶνα,
1450 2270 1546 2323 καὶ
1580 2287 1713 2323 κατ-

113 2349 427 2422 ερῤύπωσα
462 2354 524 2406 τὸ
564 2354 687 2408 κατ’
721 2357 940 2422 εἰκόνα,
988 2357 1194 2430 Σῶτερ,
1236 2359 1333 2413 καὶ
1371 2358 1493 2419 καθ’
1513 2360 1712 2433 ὁμοίω-υ

117 2459 233 2498 σιν.

205 2536 489 2592 ’Υπέπεσα
509 2541 574 2610 τῇ
605 2539 715 2593 τῶν
734 2538 923 2595 παθῶν
949 2542 1207 2614 ἀλγηδόνι
1234 2543 1278 2608 ⁸,
1302 2544 1396 2600 καὶ
1427 2546 1492 2618 τῇ
1538 2544 1712 2614 ὲνύλῳ

114 2627 321 2699 φθορᾷ,
351 2630 447 2682 καὶ
473 2629 626 2683 ἔνθεν
655 2630 751 2684 νῦν
774 2633 802 2684 ὁ
830 2631 1026 2704 ὲχθρδς
1056 2634 1382 2700 καταπιὲζει
1420 2652 1510 2706 με.

188 2718 452 2772 Φιλόὓλον
484 2720 577 2772 καὶ
599 2719 825 2792 φιλοκτή
836 2740 973 2792 μονα
1006 2722 1121 2794 βίον
1144 2724 1245 2793 τῆς
1277 2724 1567 2803 ἀκτησίας,
1594 2725 1711 2779 Σῶε

114 2828 241 2884 τερ,
274 2814 599 2885 προκρίνας,
625 2814 720 2869 νῦν
748 2816 843 2869 τὸν
876 2815 1048 2888 βαρὺν
1078 2816 1258 2872 κλοιὸν
1290 2817 1635 2891 περίκειμαι.

204 2993 523 3063 Ἥκόσμησα
567 2993 661 3047 τὸν
708 2993 809 3065 τῆς
861 2995 1062 3067 σαρκὸς
1123 2995 1438 3065 ἀνδριάντα,
1491 2998 1559 3067 τῇ
1600 2997 1709 3050 τῶν

115 3087 368 3158 αἰσχρῶν
398 3084 678 3158 λογισμῶν
722 3086 945 3159 ποικίλῃ
991 3087 1278 3160 περιόολῇ,
1323 3089 1415 3142 καὶ
1447 3092 1710 3163 κατακρί-

116 3195 308 3251 νομαι.

190 3272 307 3340 Τἧς
334 3271 533 3339 ἔξωθεν
564 3270 842 3339 ὲπιμελῶν
877 3269 1178 3341 εὐκοσμεας
1202 3270 1372 3343 μόνης
1393 3272 1707 3343 ἐφρόντισα,

116 3362 220 3435 τῆς
253 3362 401 3416 ἔνδον
436 3360 705 3434 ὑπεριδὼν
734 3360 1078 3416 θεοτυπὼτου
1104 3363 1335 3434 σκηνῆς.

192 3454 510 3526 Μορφώσας
542 3472 641 3526 μου
670 3455 770 3527 τὴν
815 3456 926 3507 τῶν
969 3454 1156 3508 παθῶν
1201 3454 1484 3535 ἀμορφίαν
1524 3456 1546 3488 ⁸
1591 3459 1712 3521 ταῖς

120 3548 430 3620 φιληδόνοις
467 3548 687 3619 ὁρμαῖς,
732 3547 1096 3619 ὲλυμηνάμην
1127 3547 1222 3600 τοῦ
1253 3546 1345 3600 νοῦ
1375 3546 1475 3615 τὴν
1517 3546 1714 3617 ὼραιὸ-

120 3654 281 3709 ητα.

188 3732 499 3802 Κατὲχωσα
553 3731 654 3800 τῆς
694 3732 823 3800 πρὶν
873 3731 1084 3794 εἰκόνος
1131 3731 1193 3785 τδ
1235 3730 1452 3794 κάλλος,
1504 3729 1709 3799 Σῶτερ.

121 3829 236 3890 τοῖς
266 3825 471 3880 πάθεσι
492 3839 508 3855 ·
540 3823 656 3877 ἀλλ’
681 3823 759 3887 ὥς
789 3840 921 3877 ποτε
949 3824 1049 3893 τὴν
1076 3821 1327 3895 δραχμὴν
1366 3820 1711 3893 ἀναζητήσας

122 3919 278 3990 εὑρέ.

205 4009 580 4080 ’Πμᾶρτηκα’
635 4008 824 4078 ὥσπερ
877 4007 909 4076 ἡ
970 4004 1142 4076 πόρνη
1201 4002 1308 4073 βοῶ
1351 4018 1468 4056 σοι·
1536 4000 1713 4063 Μόνος

122 4101 431 4173 ἡμάρτηκὰ
477 4116 597 4154 σοι*
654 4100 730 4162 ὡς
771 4098 944 4168 μῦρον
992 4097 1170 4167 δέχου,
1197 4094 1401 4166 Σῶτερ,
1438 4092 1614 4162 κάμοῦ
1646 4092 1717 4144 τὰ

119 4195 366 4262 δάκρυα.

207 4285 506 4355 Ὦλίσθησα
537 4284 612 4349 ὡς
656 4283 686 4337 ὁ
732 4282 898 4336 Δαὸὶδ
937 4281 1256 4344 ἀκολάστως
1280 4319 1294 4345 ,
1327 4280 1424 4334 καὶ
1458 4278 1718 4349 5560;266-

125 4395 318 4449 ρωμαι
342 4394 356 4407 ·
383 4377 498 4429 ἀλλ’
525 4375 838 4430 ἀπόπλυνον
864 4373 1036 4443 κάμὲ,
1060 4372 1265 4443 Σῶτερ,
1294 4375 1408 4434 τοῖς
1433 4371 1715 4441 δάκρυσιν.

209 4468 521 4540 ’ἱλάσθητιο
558 4468 635 4532 ὡς
663 4469 690 4520 ὁ
716 4464 989 4536 Τελὼνης,
1026 4464 1133 4534 βοῶ
1168 4480 1287 4517 σοι’
1321 4483 1338 4515 ι
1371 4463 1577 4532 Σῶτερ.
1604 4460 1717 4517 ἱλά-

1817 1884 1949 1938 vitia
1978 1888 2199 1951 arguat.

1886 1975 2115 2030 lndutus
2137 1988 2260 2027 sum
2291 1971 2617 2026 maculatam
2651 1968 2917 2033 tunicam,
2945 1980 3011 2020 ac
3036 1964 3178 2020 Rede
3199 1978 3394 2018 cruen-

1815 2078 1985 2124 tatam
2011 2109 2027 2134 ,
2056 2065 2331 2123 deﬂuente
2368 2065 2475 2119 vita
2523 2059 2913 2117 aﬂectionibus
2943 2067 2998 2115 et
3045 2059 3389 2127 voluptatum

1814 2178 2021 2219 amore.

1886 2250 2151 2307 Maculavi
2183 2248 2371 2304 carnis
2393 2260 2528 2301 meae
2559 2245 2828 2309 tunicam,
2854 2252 2908 2298 et
2933 2238 3322 2310 conspui-cavi,
3358 2254 3392 2291 ο

1816 2344 2092 2407 Salvator,
2120 2342 2354 2398 inditam
2383 2338 2682 2410 imaginem
2711 2345 2767 2393 et
2787 2335 3235 2391 similitudinem.

1888 2519 2134 2574 Molestis
2192 2514 2573 2571 aﬁ‘ectionibns
2600 2513 2899 2567 obsecutus
2926 2524 3074 2574 sum,
3121 2516 3179 2562 et
3205 2504 3393 2560 carnis

1814 2608 2158 2679 corruptioni
2184 2625 2199 2673 ;
2227 2621 2405 2676 eoque
2430 2605 2612 2659 hostis
2638 2603 2751 2673 jam
2786 2601 3009 2670 premit.

1882 2701 2052 2765 Vita,
2134 2698 2511 2768 corporalium
2603 2704 2942 2763 terrenaque
3029 2686 3389 2752 substantias,

1814 2803 2056 2858 amante,
2085 2791 2285 2860 inopiae
2312 2787 2559 2859 praelata,
2588 2799 2622 2839 o
2647 2783 2922 2848 Salvator,
2952 2794 3098 2836 nunc
3120 2792 3286 2851 grave
3302 2777 3395 2849 ju-

1812 2901 1939 2959 gum
1965 2884 2100 2939 illud
2137 2882 2454 2953 impositum
2489 2880 2687 2935 habeo.

1880 2975 2084 3030 Carnis
2117 2981 2353 3029 statuam
2378 2973 2551 3037 illam,
2571 2970 2726 3024 vario
2748 2966 2938 3022 ornavi
2976 2966 3219 3036 turpium
3236 2965 3391 3036 cogi-

1814 3069 2080 3122 talionum
2110 3067 2343 3126 amictu,
2378 3079 2442 3118 ac
2472 3061 2723 3118 criminis
2752 3075 2881 3115 reus
2914 3074 3062 3131 sum.

1891 3248 2078 3303 Solius
2125 3244 2341 3301 externi
2388 3243 2606 3299 decoris
2648 3255 2839 3297 curam
2889 3238 3166 3295 sollicitus
3196 3235 3388 3308 gessi;

1818 3342 2157 3409 interiusque
2202 3353 2233 3391 a
2278 3336 2388 3392 Deo
2428 3337 2612 3389 Iictum
2644 3333 3059 3387 tabernaculum
3088 3328 3326 3400 neglexi.

1889 3433 2201 3499 Deformata
2229 3429 2363 3484 mihi
2391 3425 2755 3497 voluptuariis
2785 3424 3171 3479 aﬂ'ectionibus
3195 3462 3211 3487 ,
3247 3423 3393 3491 turpi

1820 3528 2080 3581 vitiorum
2137 3526 2341 3594 specie,
2384 3521 2585 3576 mentis
2624 3518 2899 3590 egregiam
2953 3518 3099 3572 illam
3155 3517 3394 3587 speciem

1819 3616 2028 3670 vitiavi.

1889 3706 2060 3763 Obrni
2082 3705 2301 3769 vitiis,o
2320 3705 2595 3761 Salvator.
2622 3703 2815 3770 prima:
2834 3700 3088 3769 imaginis
3108 3699 3395 3752 decorem:
3472 3700 3477 3704 ’

1823 3816 2008 3855 verum
2031 3813 2138 3867 qua
2166 3797 2297 3851 olim
2334 3797 2571 3858 ratione,
2601 3792 2921 3847 drachmam
2952 3803 3116 3860 quam
3152 3789 3399 3842 invenias

1821 3906 2007 3961 quaare
2042 3898 2104 3943 ω.

1891 3983 2118 4037 Peccavi
2144 3999 2162 4049 ;
2195 3981 2374 4035 clamo
2405 3979 2474 4035 ad
2501 3988 2555 4033 te.
2581 3978 2724 4033 sicut
2756 3976 2848 4031 illa
2890 3974 3150 4030 meretrix
3178 3983 3205 4011 η
3234 3989 3248 4026 :
3274 3970 3398 4026 Tilii

1820 4074 1979 4130 solus
2029 4070 2290 4142 peccavi;
2346 4070 2587 4140 suscipe,
2621 4068 2901 4136 Salvator,
2932 4079 2980 4123 et
3020 4080 3173 4121 meas
3222 4064 3401 4135 lacry~

1823 4184 1944 4224 mas
1986 4168 2163 4221 instar
2189 4158 2475 4234 unguenti.

1900 4259 1966 4316 Ut
2013 4258 2185 4314 David
2232 4254 2637 4313 incontinentia
2665 4251 2965 4323 prolapsus
2994 4264 3141 4308 sum.
3184 4256 3239 4300 et
3267 4260 3405 4299 con-

1827 4365 2124 4424 spurcatus
2153 4367 2217 4415 °-;
2263 4348 2357 4405 sed
2389 4354 2443 4402 et
2486 4360 2597 4405 me.
2647 4344 2932 4401 Salvator.
2972 4341 3086 4392 lava
3122 4335 3399 4409 lacrymis.

1901 4444 2180 4516 Propitius
2239 4455 2399 4505 esto;
2448 4440 2627 4492 clamo
2686 4435 2750 4488 ad
2806 4442 2860 4487 te
2914 4442 2973 4487 ut
3014 4430 3398 4484 Pnblicanus:

130 4558 290 4631 σοητι
315 4523 430 4629 μοιΪ
456 4580 474 4609 ι
502 4523 690 4621 esset;
716 4556 825 4627 γὰρ
846 4523 1042 4621 τῶνξέ
1075 4553 1266 4624 Ἀδὰμ,
1298 4553 1373 4616 ὡς
1404 4523 1702 4621 ὲγὼίἠμάρι

1896 4540 2165 4603 Domine,
2209 4537 2481 4606 propitius
2508 4542 2628 4589 esto
2652 4530 2783 4585 milii
2819 4539 2924 4580 Ρ-ιι.
2971 4546 2989 4578 ι
3036 4524 3207 4579 Nemo
3254 4525 3401 4578 enim

128 4650 269 4720 τηκέ
297 4666 404 4703 σοι.

202 4744 278 4794 0'5
310 4741 543 4811 δάκρυα,
577 4739 697 4793 οὐδὲ
749 4738 1037 4808 μετάνοιαν
1072 4737 1198 4807 ἔχω,
1233 4735 1357 4789 οὐδὲ
1389 4733 1683 4800 κατάνυξιν
1706 4750 1718 4762 ·

133 4831 299 4894 αὑτός
332 4847 422 4901 μοι
455 4827 648 4893 ταῦτα,
686 4828 891 4899 Σῶτερ,
910 4827 986 4890 ὡς
1006 4827 1139 4890 Θεὸς
1168 4824 1436 4896 δὼρησαι.

204 5017 319 5086 Τὴν
346 5014 519 5085 θύραν
550 5029 646 5066 σου
679 5011 754 5083 μὴ
788 5010 1123 5082 ἀποκλείσῃς
1151 5026 1240 5080 μοι
1273 5008 1395 5061 τότε
1417 5023 1431 5039 ·
1471 5025 1489 5059 ι
1524 5007 1721 5079 Κύριε,

142 5109 345 5176 Κύριεο
380 5125 397 5155 ι
434 5102 549 5156 ἀλλ’
573 5099 782 5165 ἄνοιξον
824 5118 914 5170 μοι
943 5099 1114 5169 αὐτὴν
1156 5097 1528 5168 μετανοοῦντι.

206 5199 599 5269 Φιλάνϐρωπε,
638 5216 656 5249 ι
703 5197 734 5250 ὁ
780 5195 991 5256 πάντας
1037 5191 1208 5245 Θέλων
1258 5190 1537 5259 σωθῆναι,
1584 5209 1602 5240 ι
1657 5190 1722 5243 σὺ

144 5290 479 5347 ἀνακάλεσαί
511 5307 602 5360 με,
628 5290 719 5343 καὶ
745 5285 894 5351 δέξαι
915 5285 991 5348 ὡς
1013 5281 1214 5351 ἀγαθὸς
1238 5280 1607 5353 μετανοοῦντά
1633 5297 1722 5352 με.

214 5472 235 5508 ιε
281 5467 423 5521 Gen.
468 5482 551 5526 ιιι,
599 5467 691 5519 ει.
811 5462 1006 5516 ‘Psal.
1060 5476 1289 5524 cxxvm,
1341 5460 1394 5514 3.

1509 5468 1545 5490 ⁸·
1587 5457 1717 5511 Luc.
1771 5470 1871 5518 xv,
1922 5452 1974 5508 8.

141 5552 229 5593 Ρ-ίι
260 5539 396 5593 Luc.
434 5553 588 5599 xvm,
618 5538 703 5591 15.
784 5545 805 5571 τ
836 5532 1025 5586 Matth.
1060 5548 1186 5595 xxv,
1211 5532 1296 5586 Il.
1368 5532 1390 5560 ⁸
1423 5529 1440 5583 l
1473 5528 1612 5583 Titii.
1647 5544 1705 5590 ll,
1738 5527 1790 5578 ἄ.

1828 4640 1989 4687 natus
2021 4649 2086 4685 ex
2131 4629 2322 4689 Adam,
2359 4628 2432 4678 ita
2468 4635 2528 4677 ut
2558 4639 2686 4692 ego,
2727 4619 2821 4675 tibi
2857 4617 3126 4689 peccavit.

1900 4727 2105 4779 Desunt
2132 4724 2429 4791 Iacrymae;
2463 4732 2571 4771 non
2600 4724 2684 4771 est
2718 4712 3067 4784 pcenitentia,
3107 4724 3215 4763 non
3251 4722 3405 4761 coan-

1827 4817 2049 4884 pnuctiu
2076 4831 2093 4881 ;
2124 4822 2183 4868 tu
2216 4812 2346 4866 mihi
2380 4810 2519 4872 haec,
2554 4808 2821 4867 Salvator,
2850 4804 2959 4874 qui
2988 4801 3132 4857 Deus
3164 4801 3268 4862 sis,
3294 4801 3405 4852 lar-

1828 4907 1963 4979 girt‘.

1901 4996 1978 5052 Ne
2008 5008 2137 5048 tunc
2164 4993 2294 5047 mihi
2324 5001 2531 5062 portam
2556 4995 2704 5042 tuam
2740 4983 3008 5041 clauseris
3042 5000 3055 5037 :
3093 5000 3112 5033 ι
3150 4979 3404 5042 Domine,

1834 5088 2068 5143 Domine
2105 5096 2125 5124 ι·
2159 5104 2173 5153 ;
2214 5104 2232 5136 ι
2269 5085 2361 5140 sed
2391 5080 2679 5153 pmuitenti
2710 5094 2828 5133 eam
2861 5077 2996 5132 milii
3032 5075 3206 5145 aperi.

1902 5180 1983 5234 Tu
2021 5180 2286 5242 clemens,
2323 5194 2341 5227 ι
2377 5173 2579 5245 quivis
2606 5187 2800 5226 omnes
2826 5170 3011 5225 salvos
3046 5167 3161 5222 ﬂeri
3186 5175 3233 5229 ι,
3266 5181 3286 5215 ι
3322 5177 3407 5216 me

1832 5276 2078 5330 instaura
2107 5287 2122 5336 ;
2162 5277 2329 5339 atque
2357 5275 2416 5320 ut
2450 5265 2651 5331 bonus,
2696 5263 3054 5335 poenitentem
3086 5256 3329 5325 suscipe.

2091 5460 2117 5487 ιλ
2153 5448 2282 5503 Luc.
2326 5463 2422 5512 vii,
2476 5444 2545 5500 37
2591 5458 2749 5513 seqq.
2865 5446 2891 5476 °
2922 5438 2965 5493 ΙΙ
3007 5437 3142 5509 Reg.
3196 5454 3278 5500 xi,
3332 5435 3384 5490 4.

1450 5713 1684 5771 VARUS
1714 5708 2117 5766 LECTIONES.

208 5816 229 5843 ⁸
259 5814 402 5869 ἀλλ.
430 5812 702 5884 ἀχθηδόνι.
816 5813 836 5843 ⁵
861 5810 998 5866 ἄλλ.
1031 5813 1099 5880 τῇ
1131 5808 1400 5881 app-pia.
