3830 6326
90 419 263 488 1349
1403 412 1710 476 MAGNUS

1839 409 2016 474 NON.
2626 466 2631 473 ,
3246 392 3385 460 1350

83 536 199 589 σὺν
269 536 472 591 ἄδυτον
520 533 718 604 γνόφον
761 533 819 590 ὲν
858 530 1085 605 θεωρίᾳ,
1129 526 1225 585 καὶ
1260 525 1394 602 γένη
1429 530 1708 601 μεγαλὲμ-

1839 529 1982 583 leum
2019 526 2067 592 ο,
2114 521 2398 594 atque.ad
2422 520 2761 575 inaccessam
2794 514 3095 588 caliginem
3133 525 3387 570 contem-

90 646 324 699 παρος.
1819 619 2061 689 platioue
2106 614 2433 687 pervenias,
2484 610 2771 680 faciasque
2828 608 3055 662 multam
3110 614 3388 662 mercatu-

1815 726 1955 765 rant.

1886 802 2116 872 Magnus
2147 800 2238 854 ille
2268 795 2612 868 patriarcha,
2649 792 2906 849 duodena
2941 789 3385 860 patriarcharum

1818 888 1995 958 prole,
2047 886 2276 957 practici
2321 884 2423 939 tibi
2463 897 2755 946 ascensus,
2802 895 2837 935 ο
2866 880 3071 945 anima,
3125 894 3188 935 ac
3224 880 3387 948 positi

1818 980 1873 1034 in
1907 980 2146 1045 actione,
2184 979 2393 1033 scalam
2436 976 2674 1046 mystice
2705 973 2885 1029 erexit
2925 990 2939 1026 :
2979 972 3144 1035 ﬁlios,
3178 979 3239 1025 ut
3261 986 3389 1039 gra-

139 825 145 829 ·
174 801 350 866 Τοὺς
376 802 587 856 δώδεκα
616 801 966 872 πατριάρχας
993 802 1022 855 ὁ
1047 801 1225 872 μέγας
1252 804 1310 855 ὲν
1343 800 1714 873 πατριάρχαις

90 894 572 964 παιδοποιήσας,
636 894 916 965 μυστικῶς
971 892 1229 965 ἐστήριξε
1299 906 1383 947 σοι
1438 893 1713 965 κλίμακα,

95 984 475 1054 πρακτικῆς,
496 984 643 1054 ψυχή
677 1000 800 1054 μου,
835 983 1179 1047 ἀναϐάσεως,
1222 982 1348 1043 τοὺς
1382 982 1608 1045 παῖδας,
1639 981 1715 1045 ὡς

94 1076 310 1148 βάθρα
328 1092 345 1105 ο
367 1076 467 1141 τὰς
498 1075 706 1146 βάσεις,
730 1076 807 1139 ὡς
849 1076 1170 1141 ἀναϐάσεις,
1199 1075 1493 1145 πανσόφως
1519 1074 1715 1127 ὑποθέ-

100 1182 318 1236 μενος.

191 1254 390 1309 Ἦσαῦ
420 1255 511 1309 τὸν
543 1256 919 1325 μεμισημένον
950 1254 1188 1325 ζηλοῦσα
1208 1253 1378 1325 ψυχὴ,
1408 1254 1609 1307 ἀπέδου
1637 1253 1714 1324 τῷ

102 1351 428 1419 πτερνιστῇ
469 1364 584 1412 σου,
618 1350 685 1401 τά
714 1348 811 1400 τοῦ
837 1346 1056 1417 πρώτου
1090 1349 1321 1410 κάλλους
1351 1348 1714 1417 πρωτοτόκια,

102 1440 210 1491 καὶ
232 1439 345 1508 τῆς
372 1439 645 1509 πατρικῆς
675 1440 842 1509 εὐχῆς
892 1438 1157 1502 ὲξέπεσας
1180 1456 1194 1469 ·
1242 1439 1336 1491 καὶ
1357 1438 1436 1501 δὶς
1468 1438 1718 1508 ὲπτερνί-

106 1529 286 1598 σθης,
326 1528 515 1593 ἀθλία,
541 1528 738 1600 πράξει
770 1530 864 1582 καὶ
892 1527 1111 1596 γνώσει.
1133 1526 1222 1580 Διὸ
1238 1526 1333 1581 νῦν
1357 1528 1715 1598 μετανόησον.

196 1707 398 1779 Ἐδὼμ
416 1707 628 1762 ὁἩσαῦ
654 1706 883 1779 ἐκλήθη,
907 1707 976 1760 δι’
1000 1708 1176 1779 ἄκραν
1203 1706 1579 1778 θηλυμανίας⁹
1598 1709 1716 1762 ἐπι-

114 1799 324 1868 μιξίαν
356 1819 369 1827 -
393 1799 639 1870 ἀκρασίᾳ
668 1799 778 1869 γάρ
823 1798 913 1852 ἀεὶ
950 1798 1315 1869 πυρούμενος,
1345 1804 1435 1851 καὶ
1454 1802 1574 1861 ταῖς
1604 1797 1718 1868 ήδοο

108 1892 241 1953 ναῖς
268 1890 806 1960 κατασπιλούμενος,
846 1888 1026 1959 Ἐδὼμ
1063 1888 1358 1960 ὠνομάσθη
1379 1905 1394 1919 ’
1435 1890 1464 1943 ὁ
1495 1889 1713 1957 λέγεται
1747 1880 1787 1936 Β

113 1979 413 2050 θερμασία
439 1980 613 2051 ψυχῆς
631 1979 1148 2052 φιλαμαρτὴμονος.

204 2158 344 2214 ἰὼὸ
378 2158 471 2213 τὸν
499 2160 591 2213 ἐπὶ
619 2159 856 2231 κοπρίας
898 2158 1200 2225 ἀκούσασα,
1235 2154 1281 2213 ὧ
1309 2158 1457 2230 ψυχή
1505 2176 1608 2230 μου
1636 2159 1719 2212 διο

116 2252 471 2317 καιωθέντα,
515 2253 617 2323 τὴν
673 2252 842 2309 αὐτοῦ
900 2252 1155 2322 ἀνδρείαν
1174 2252 1275 2305 οὐκ
1312 2252 1628 2322 ὲζήλωσαςο
1655 2249 1718 2303 τὸ

121 2344 369 2416 στερρὸν
424 2345 523 2414 οὐχ
577 2344 734 2415 ἔσχες
785 2345 887 2415 τῆς
939 2344 1279 2416 προθέσεως,
1318 2346 1378 2396 ὲν
1419 2345 1608 2409 πᾶσιν,
1636 2340 1719 2407 οἷς

117 2432 296 2502 υἷδες,
327 2430 409 2499 οἷς
436 2434 733 2507 ἐπειράθης
752 2452 766 2467 ο
797 2435 916 2489 ἀλλ’
954 2433 1143 2506 ὤφθης
1179 2436 1572 2505 ἀκαρτέρητος.

206 2618 279 2672 ’0
324 2618 587 2689 πρότερον
610 2618 705 2672 ἐπὶ
727 2617 945 2688 θρόνου,
990 2617 1198 2688 γυμνὸς
1232 2615 1327 2671 νῦν
1354 2617 1448 2671 ἐπὶ
1480 2618 1719 2688 κοπρίας

120 2709 569 2780 καθηλκωμένος
588 2725 602 2738 ·
633 2711 663 2762 ὁ
690 2709 860 2773 πολὺς
885 2710 943 2762 ὲν
971 2709 1185 2772 τέκνοις
1210 2708 1305 2762 καὶ
1328 2709 1715 2780 περίϐλεπτος,

121 2803 331 2867 ἄπαις,
372 2804 726 2874 ἀφαιρέοικος
792 2801 1079 2870 αἰφνίδιον.
1131 2802 1403 2860 Παλάτιον
1441 2801 1575 2874 γὰρ,
1609 2802 1713 2875 τὴν

121 2893 399 2967 κοπρίαν,
433 2895 526 2947 καὶ
551 2895 915 2968 μαργαρίτας,
942 2895 1010 2947 τά
1042 2894 1180 2965 ἕλκη
1209 2893 1506 2963 ἐλογίζετο.

196 3080 495 3135 Βασίλειον
537 3077 637 3149 τὴν
665 3077 845 3143 ἀξίαν,
877 3077 1119 3147 διάδημα
1162 3078 1255 3130 καὶ
1287 3041 1574 3148 πορφύραν
1608 3077 1716 3147 ἀμο

126 3176 436 3243 φιὲμενσς,
510 3170 876 3240 πολυκτήμων
932 3169 1222 3240 ἄνθρωπος
1299 3168 1396 3221 καὶ
1470 3168 1716 3233 δίκαιος⁶

127 3263 363 3335 πλούτῳ
388 3261 686 3333 ὲπιόρίθων
735 3263 830 3314 καὶ
892 3259 1269 3331 βοσκήμασινο
1321 3259 1582 3331 ἐξαίφνης
1629 3260 1720 3314 τὸν

130 3354 399 3422 πλοῦτον,
422 3357 521 3426 τὴν
570 3352 752 3418 δόξαν,
784 3355 882 3423 τὴν
911 3352 1213 3422 βασιλείαν,
1252 3354 1576 3424 πτωχεύσας
1614 3355 1723 3407 ἀπ·-

130 3450 419 3521 εκείρατο.

208 3542 276 3594 El
303 3541 512 3604 δίκαιος
548 3536 616 3611 ἦν
638 3541 846 3603 ἐκεῖνος
883 3543 973 3592 καὶ
1003 3541 1296 3609 ἄμεμπτος
1317 3541 1469 3611 παρὰ
1491 3541 1719 3606 πάντας,

132 3635 234 3687 καὶ
269 3633 373 3685 οὐκ
399 3632 608 3704 ἀπέδρα
636 3632 705 3686 τὰ
735 3631 829 3685 τοῦ
855 3632 1061 3686 πλάνου
1128 3633 1320 3704 ἔνεδρα
1385 3633 1482 3686 καῖ⁹
1538 3634 1713 3703 σκάμο

135 3739 331 3793 ματαο
389 3722 457 3775 σὺ
508 3722 956 3795 φιλαμαρτήμων
1009 3719 1144 3777 οὖσα
1178 3765 1193 3790 ,
1253 3724 1489 3777 τάλαινα
1548 3725 1717 3797 ψυχὴ,

133 3816 188 3869 τί
218 3816 497 3885 ποιήσεις,
531 3816 625 3871 ἐάν
649 3833 701 3870 τι
730 3815 842 3869 τῶν
878 3817 1159 3888 ἀδοκήτων
1185 3818 1368 3889 συμϐῇ
1422 3820 1722 3890 ἐπενεχθῆ-

133 3906 229 3961 ναι
255 3923 342 3960 σοι
363 3923 379 3971 ;

207 3998 285 4051 Τὸ
341 3996 503 4067 σῶμα
539 3995 975 4069 κατερῤυπώθην
1001 4014 1015 4028 ο
1066 3996 1128 4050 τὸ
1168 3996 1389 4067 πνεῦμα
1448 4014 1719 4050 κατεσπε-

133 4088 354 4159 λὼθην·
414 4089 536 4153 ὅλος
593 4089 866 4161 ήλκώθην.
928 4088 1089 4152 Ἀλλ’,
1116 4089 1193 4152 ὼς
1243 4089 1718 4161 ίατρδς,,Χριστὲ,

137 4182 432 4252 ἀμφότερα
470 4181 558 4233 διὰ
596 4181 885 4251 μετανοίας
948 4197 1051 4251 μου
1080 4180 1438 4251 θεράπευσον,
1481 4181 1719 4235 ἀπόλου-

138 4288 257 4333 σον.
308 4272 570 4342 κάθαρον,
612 4271 850 4325 πλῦνονο
906 4271 1079 4339 δεῖξον
1112 4272 1319 4342 χιόνος,
1357 4272 1544 4344 Σὼτερ
1592 4289 1716 4343 μου,

138 4363 433 4435 καθαρώτε
443 4380 554 4435 ρον.

210 4460 290 4514 Τὸ
318 4459 480 4529 σῶμα
506 4460 600 4513 καὶ
625 4459 686 4512 τὸ
708 4453 869 4527 αἷμα,
903 4461 1138 4529 σταυροῦ
1147 4475 1306 4529 μενος
1330 4459 1472 4530 ὑπὲρ
1500 4460 1719 4514 πάντων

1817 1073 1943 1133 dus.
1975 1086 2203 1142 gressus
2251 1078 2312 1125 ut
2342 1083 2634 1134 ascensus,
2656 1067 2934 1136 sapienter
2961 1064 3258 1120 admodum
3291 1078 3390 1134 po-

1817 1178 1958 1218 nens
1988 1177 2054 1217 ac
2088 1161 2418 1230 subiiciens.

1888 1255 2028 1310 0dio
2061 1254 2312 1308 habitum
2350 1251 2492 1307 Esau
2518 1253 2567 1317 α,
2597 1265 2631 1306 o
2665 1252 2874 1314 anima,
2906 1250 3185 1313 aemulata,
3223 1247 3388 1319 primi

1818 1346 2037 1401 decoris
2061 1344 2359 1400 vendidisti
2397 1343 2677 1413 primitiva
2699 1350 2798 1397 tuo
2829 1342 3259 1411 supplautatori,
3299 1351 3409 1411 pam'

1820 1446 2143 1505 ternamque
2195 1434 2638 1490 benedictionem
2673 1432 2908 1486 amisisti
2940 1441 2967 1470 ν
2989 1473 3003 1497 ,
3051 1447 3115 1486 ac
3149 1432 3234 1486 bis
3288 1431 3393 1484 mi~

1819 1543 1963 1592 sera,
1993 1526 2138 1597 quod
2171 1525 2238 1580 ad
2266 1525 2541 1579 actionem
2573 1531 2629 1579 et
2652 1523 2942 1578 scientiam
2971 1506 3205 1592 spectat,
3239 1520 3391 1578 fuisti

1819 1620 2208 1689 supplantata;
2247 1632 2420 1685 quare
2447 1615 2613 1669 modo
2644 1629 2744 1685 age
2770 1614 3178 1684 paenitentiam.

1890 1712 2081 1766 Dictus
2109 1720 2192 1766 est
2228 1708 2397 1773 Esau,
2431 1708 2602 1763 Edom
2639 1720 2700 1770 ι,
2738 1708 2982 1777 appetitu
3014 1705 3286 1761 esculenti
3325 1706 3394 1760 ad

1821 1805 2093 1860 insaniam
2127 1802 2350 1857 addicto
2379 1802 2525 1872 (56);
2554 1815 2780 1870 semper
2812 1799 2959 1854 enim
2989 1798 3392 1875 incontinentia

1816 1910 2082 1961 aestuans,
2145 1903 2403 1963 totusque
2452 1892 2830 1962 voluptatibus
2882 1892 3149 1960 pollutus,
3221 1891 3391 1946 Edom

1817 1991 2136 2044 nominatus
2197 1996 2326 2043 est:
2388 1988 2535 2057 quod
2611 1984 2817 2040 dicitur
2883 1983 3070 2039 fervor
3129 1984 3394 2054 calorque

1815 2086 2014 2140 anima:
2050 2084 2288 2138 amantis
2316 2089 2634 2152 peccatum.

1884 2174 1930 2229 0
1969 2173 2174 2236 anima,
2201 2156 2325 2242 qua:
2350 2169 2452 2224 Job
2483 2168 2730 2223 audieris
2765 2167 2820 2222 in
2847 2176 3093 2223 stercore
3117 2166 3395 2237 iustiﬁca-

1816 2272 1932 2319 tum
1970 2274 2021 2327 1,
2063 2278 2172 2317 non
2221 2279 2282 2319 es
2334 2262 2593 2317 aemulata
2645 2260 2750 2313 viri
2808 2259 3217 2313 fortitudinem.
3272 2258 3394 2314 Non

1818 2357 2054 2421 habuisti
2113 2355 2330 2409 ﬁrmum
2392 2352 2528 2407 illud
2607 2352 2952 2421 propositum
3024 2354 3077 2404 in
3135 2351 3396 2406 omnibus

1816 2464 1941 2518 qua:
1972 2449 2141 2515 nosri,
2171 2462 2292 2516 quae
2319 2445 2530 2506 vidisti,
2574 2451 2629 2497 et
2661 2458 2722 2498 es
2752 2450 3014 2512 experta;
3051 2441 3148 2498 sed
3180 2451 3254 2506 te,
3284 2457 3396 2497 non

1818 2540 2086 2595 ferentem
2116 2540 2386 2592 malorum
2415 2536 2739 2591 exhibuisti.

1889 2631 1992 2699 Qui
2061 2632 2215 2701 prius
2280 2630 2335 2683 in
2388 2627 2612 2694 throno,
2642 2627 2755 2696 jam
2805 2625 2991 2681 nudus
3041 2625 3096 2680 in
3150 2636 3397 2680 Stercore

1818 2725 2016 2795 plenus
2080 2721 2361 2777 ulceribus
2415 2720 2603 2786 sedet;
2643 2721 2739 2788 qui
2797 2719 2984 2773 multis
3018 2716 3146 2772 ﬁliis
3202 2728 3397 2771 auctus

1818 2823 1875 2869 et
1926 2812 2268 2881 conspicuus
2312 2810 2533 2872 fuisset,
2589 2809 2746 2878 prole
2799 2816 2970 2870 caret,
3008 2820 3072 2861 ac
3101 2805 3266 2861 domo
3308 2821 3398 2862 re-

1819 2912 1983 2975 peute
2028 2904 2316 2974 Spoliatur.
2380 2902 2607 2956 Stercus
2641 2903 2788 2955 enim
2826 2900 3089 2970 palatium
3136 2900 3396 2965 ducebat,

1821 3010 1886 3049 ac
1912 2996 2163 3057 vulnera,
2197 2994 2548 3062 margaritas.

1891 3082 2030 3139 Cum
2082 3083 2292 3153 regiam
2329 3081 2678 3151 dignitatem,
2724 3078 2977 3135 diadema
3005 3085 3060 3134 et
3089 3093 3394 3149 purpuram

1824 3176 2053 3232 indutus
2083 3185 2257 3239 esset,
2292 3174 2374 3228 vir
2407 3174 2595 3227 multis
2627 3182 2828 3227 auctus
2862 3173 3314 3238 possessionibus
3338 3185 3398 3231 et

1821 3271 2031 3341 justus,
2092 3267 2304 3322 divitiis
2360 3273 2596 3321 onustus
2647 3272 2703 3318 et
2750 3263 3053 3334 pecudibus
3108 3263 3398 3333 locuples,

1826 3363 2012 3418 subito
2050 3360 2285 3424 divitiis,
2314 3359 2514 3430 gloria,
2544 3372 2739 3428 regno,
2766 3371 2977 3427 pauper
3005 3356 3260 3422 effectus,
3292 3357 3405 3427 pti-

1824 3460 1986 3506 Vatus
2016 3457 2120 3505 est.

1896 3541 1953 3596 Si
2013 3541 2097 3594 vir
2151 3540 2241 3593 ille
2287 3553 2607 3609 quanquam
2645 3537 2834 3606 justus
2888 3551 2951 3589 ac
2984 3552 3096 3605 prae
3142 3537 3402 3592 omnibus

1824 3634 1965 3687 liber
2013 3648 2040 3683 ιι
2087 3629 2343 3692 crimine,
2391 3628 2706 3683 seductoris
2752 3627 2988 3681 insidias
3018 3638 3066 3679 et
3095 3629 3399 3681 certamina

1824 3740 1933 3778 non
1981 3721 2169 3792 eli‘ugit
2197 3760 2212 3786 ,
2257 3719 2388 3790 quid
2429 3728 2488 3772 tu
2537 3731 2732 3772 amans
2788 3725 3166 3787 peccatorum,
3202 3718 3402 3772 misera

1822 3815 2027 3878 anima,
2068 3828 2194 3867 cum
2239 3811 2373 3882 quid
2432 3809 2618 3864 minus
2673 3816 3059 3879 exspectatum
3112 3808 3401 3876 irruperit,

1824 3908 2007 3961 facere
2034 3905 2290 3965 debueris
2314 3902 2339 3956 ?

1890 3997 2104 4066 Corpus
2135 3994 2406 4065 pollutum
2453 3999 2561 4053 est,
2595 3989 2779 4043 anima
2823 3988 3222 4057 contaminata,
3252 3996 3401 4047 totus

1821 4098 2010 4148 scateo
2058 4088 2381 4151 ulceribus;
2417 4085 2726 4147 enimvero,
2761 4081 2903 4151 ipse,
2949 4082 3189 4147 Christe,
3223 4084 3400 4151 pinni-

1823 4185 1994 4243 teutia
2031 4199 2175 4247 mea,
2200 4190 2498 4249 utrutnque
2546 4190 2681 4232 sana
2706 4216 2721 4240 ,
2761 4183 2821 4228 ut
2868 4172 3156 4228 medicus:
3214 4174 3399 4239 ablue,

1821 4280 2046 4344 munda,
2084 4276 2238 4329 lava:
2268 4270 2518 4336 ostende,
2552 4267 2809 4324 Salvator
2846 4280 3023 4329 meus,
3054 4264 3398 4318 mundiorem

1822 4386 1988 4441 supra
2030 4370 2233 4425 nivem.

1893 4462 2000 4527 Tu,
2034 4459 2271 4515 Verbum
2346 4469 2553 4524 corpus
2602 4461 2657 4507 et
2691 4449 3017 4519 sanguinem
3047 4463 3145 4518 pro
3172 4446 3400 4501 univer-

139 4551 370 4621 ἔθηκας,
407 4552 547 4619 Δόγι
568 4567 583 4583 ·
608 4553 670 4604 τδ
701 4552 799 4621 μὲν
838 4554 1019 4621 σῶμα,
1046 4551 1134 4605 ἵνα
1162 4550 1484 4621 άναπλάσῃς
1516 4569 1583 4620 με
1608 4570 1622 4584 ·
1658 4554 1710 4608 τὴ

1839 4555 1901 4612 iis
1932 4532 2166 4623 posuiin
2204 4551 2260 4604 in
2312 4563 2515 4602 cruce:
2560 4561 2764 4615 corpus
2801 4543 3044 4612 quidem,
3093 4550 3149 4595 ut
3195 4557 3281 4594 tne
3312 4555 3401 4595 rc-

139 4643 194 4696 δὲ
241 4637 409 4712 αἷμα,
470 4643 556 4697 ἵνα
593 4643 913 4714 ἀποπλύνῃς
973 4659 1077 4713 με·
1113 4644 1176 4696 τὸ
1220 4643 1439 4712 πνεῦμα
1473 4645 1722 4714 παρέδω-

144 4753 266 4798 κας,
295 4734 464 4802 Δότε,
495 4734 584 4787 ἵνα
644 4735 745 4806 ἐμὲ
792 4736 1093 4808 προσάξῃς,
1124 4737 1350 4809 Χριστὲ,
1379 4735 1458 4806 τῷ
1493 4738 1573 4807 σῷ
1594 4739 1723 4790 Γεν-

137 4831 357 4899 ’δήτορι.

212 4919 479 4987 Εἰργάσω
504 4920 604 4989 τὴν
635 4919 912 4988 σωτηρίαν
945 4920 1004 4972 ὲν
1038 4919 1193 4986 μέσῳ
1236 4918 1340 4989 τῆς
1367 4921 1494 4989 γῆς,
1528 4921 1556 4973 ὁ
1590 4921 1721 4974 Κτί-

140 5028 277 5081 στης
310 5012 380 5075 ιον
409 5011 498 5065 ἶνα
565 5011 830 5081 σωθῶμεν
851 5026 865 5040 ο
892 5010 1157 5074 ἑκουσίως
1198 5010 1341 5080 ξύλῳ
1372 5012 1719 5083 ἀνεσταύρω·

214 5150 235 5186 ί
267 5145 402 5201 Gen.
442 5161 614 5213 χχιιι,
637 5142 729 5201 ‘18.
805 5153 834 5182 ¹¹
870 5144 1104 5199 Malacb.
1134 5162 1171 5212 ι,
1201 5146 1254 5199 3.
1332 5153 1359 5181 ν
1383 5143 1522 5199 Gen.
1546 5146 1710 5210 xxv,£

1844 5160 2015 5205 ιιι-ιι,
2049 5141 2137 5197 '56.

144 5232 336 5280 Lxxm,
372 5214 455 5269 12.

1824 4644 2134 4709 fortnarcs;
2184 4642 2535 4711 sanguinem,
2582 4646 2641 4691 ut
2664 4636 2959 4699 ahluercs;
2991 4634 3248 4703 spiritum
3286 4645 3403 4687 tra~

1821 4736 2036 4796 didisti,
2067 4745 2127 4787 ιιι
2157 4747 2243 4786 tne
2272 4741 2385 4796 tuo,
2415 4728 2658 4791 Christe,
2680 4725 2933 4781 Grnitori
2970 4725 3326 4779 conciliarcs.

1889 4916 2164 4984 Operatus
2206 4927 2267 4966 es
2299 4911 2534 4965 salutem
2589 4909 2644 4963 in
2691 4907 2873 4962 medio
2913 4916 3075 4961 terra:
3100 4908 3174 4972 1⁸,
3215 4920 3248 4959 o
3279 4904 3402 4960 Sal-

1828 5018 2010 5072 vator,
2063 5012 2121 5060 ut
2152 5016 2627 5072 consequeremur
2670 5001 2949 5065 salutem;
2985 4997 3174 5053 volens
3215 4996 3404 5051 cruci»

2221 5150 2246 5177 ι
2271 5134 2404 5190 Gen.
2436 5151 2563 5202 xxv,
2595 5136 2683 5189 50.
2754 5143 2783 5183 1
2813 5133 2917 5189 Job
2940 5148 2977 5200 ι,
3011 5132 3102 5186 22.
3177 5132 3228 5180 1⁸
3257 5125 3404 5184 Psai.

1444 5296 1679 5354 VARle
1720 5295 2128 5354 LEC'I‘IONES.

213 5402 238 5434 ’
267 5399 396 5469 ch.
431 5393 752 5465 ὑλομανίας.
866 5391 909 5421 ¹⁶
938 5389 1080 5443 ἄλλ.
1100 5385 1426 5457 οἰκτίρμων.

1437 5517 1826 5576 COMBEFISII
1871 5515 2104 5572 NOTAE.

217 5632 329 5701 (36)
360 5623 881 5701 Appetiluesculenti
906 5620 976 5701 qd
1002 5620 1291 5701 insaniant,
1310 5626 1416 5671 etc.
1446 5615 1536 5701 Sic
1554 5616 1716 5701 plane

147 5690 451 5769 legi-ntimo
495 5698 688 5753 suadet
740 5692 973 5769 historia
1038 5690 1181 5769 Esau
1239 5690 1377 5769 ὐλομ

149 5757 286 5824 enim
316 5770 602 5833 Scriptura
643 5782 766 5820 cum
799 5761 1130 5833 θνλομανέις
1173 5757 1348 5822 notat,
1384 5760 1478 5812 sed
1493 5757 1715 5833 ﬁ).qu-

152 5843 380 5906 vfa;,et
402 5826 469 5896 ab
514 5854 581 5896 ea
630 5851 827 5892 nomen
870 5826 1001 5889 illud
1036 5829 1207 5884 Edam
1258 5828 1604 5885 contraxisse
1635 5826 1715 5879 si-

1824 5629 1891 5682 gn
1923 5616 2047 5666 licet
2082 5628 2095 5664 :
2129 5609 2280 5682 velut
2306 5622 2337 5661 a
2367 5605 2475 5661 cibi
2510 5613 2580 5682 et_
2602 5603 2772 5659 edulii
2816 5600 3402 5682 gulosiusdesiderat;

1381 5672 1569 5748 ανίας,’
1614 5699 1719 5739 nec
1823 5672 2090 5749 qualitate
2115 5690 2169 5731 et
2199 5680 2406 5740 colore,
2438 5676 2762 5749 quodesset
2794 5673 3011 5749 rufum:
3039 5673 3158 5726 sive
3184 5672 3252 5725 ab
3288 5674 3406 5743 ipsa

1830 5743 2210 5807 lenticularum
2240 5743 2471 5813 natura,
2494 5747 2696 5818 quibus
2734 5743 3024 5801 constabat
3045 5785 3059 5810 ,
3094 5758 3210 5799 $th
3239 5756 3270 5796 a
3305 5757 3405 5814 pec

1824 5822 2023 5877 culiuri
2055 5819 2433 5875 condimento.
