3830 6326
435 327 557 391 ιω

1624 321 1683 382 S.
1720 319 2048 380 ANDREJE
2092 317 2513 380 CRETENSIS

3544 318 3675 383 131i!

430 452 573 498 usus
619 452 716 503 es;
780 442 970 506 aperta
1010 443 1096 488 est
1156 432 1348 497 Edem,
1417 448 1680 504 superna,
1755 434 1994 497 inferna,

2138 451 2236 497 αςο
2262 436 2296 505 ἡ
2345 434 2509 504 Ἑδέμ
2563 434 2899 495 κλεισθείσα.
2925 435 3271 507 ἀνεῴγνυτο·
3317 434 3395 489 τὸ
3428 434 3570 499 ἂνω,
3618 438 3680 489 τὰ

427 538 612 588 creata
661 539 937 599 quaeque;
979 535 1032 581 te
1078 540 1271 581 omnes
1315 535 1507 598 gentes
1545 541 1684 597 quas
1710 527 1895 583 salvas
1919 530 2000 581 leo

429 626 597 684 ceris,
630 629 762 675 sunt
793 618 1122 672 adoratum.

504 715 590 768 Sit
635 710 767 765 mihi
802 710 1038 780 piscina,
1070 719 1164 765 tuo
1204 709 1377 765 latere
1410 707 1570 765 fusus
1600 708 1870 780 sanguis;
1904 722 2002 779 p0-

429 815 631 875 tusquo
665 804 896 873 pariter,
928 816 1049 871 quae
1085 803 1327 857 manavit
1359 817 1503 872 aqua
1532 802 1624 856 illa
1657 800 2002 866 refectionis,

430 912 488 953 ut
517 897 772 965 utrinque
815 892 1088 948 emuuder
1116 912 1128 946 :
1164 893 1261 964 qui
1295 909 1398 948 ceu
1450 902 1794 964 unguentum
1822 901 1876 947 et
1906 906 2006 961 po-

428 1000 582 1051 tum,
633 994 751 1053 tua,
795 983 1034 1041 Verbum
1059 1025 1075 1051 ,
1114 986 1333 1041 vivitica
1386 985 1603 1056 eloquia
1638 1025 1654 1054 ,
1712 984 1961 1040 bibendo
1986 1019 2004 1049 ,

431 1094 627 1149 ungar.

503 1170 771 1225 Thalamo
818 1167 1069 1239 privatus
1109 1183 1270 1223 sum:
1308 1183 1429 1224 sum
1471 1167 1654 1224 factus
1678 1182 1876 1224 exsors
1907 1183 2009 1223 nu-

432 1265 671 1334 ptiarum
698 1273 753 1318 et
785 1276 977 1316 coenae.
1029 1260 1286 1331 Lampas,
1324 1262 1468 1315 velut
1501 1262 1622 1316 sine
1651 1262 1775 1316 oleo
1795 1262 2010 1317 exstin-

434 1363 522 1409 cta
559 1362 686 1418 est;
741 1352 1041 1407 dormienti
1095 1354 1348 1407 clausum
1393 1361 1480 1408 est
1522 1353 1731 1420 cubile,
1762 1360 2008 1409 comesta

436 1460 631 1502 ccena:
660 1461 762 1515 ego
803 1454 986 1500 autem
1038 1446 1252 1516 ejectus
1302 1461 1449 1512 sum,
1488 1447 1694 1517 ligatus
1734 1460 1935 1502 manus
1958 1455 2013 1502 et

435 1538 625 1608 pedes.

506 1626 712 1690 Tuum,
747 1624 1018 1692 Ecclesia,
1068 1626 1350 1681 viviﬁcqu
1387 1627 1559 1693 latus,
1608 1635 1880 1683 craterem
1922 1641 2012 1683 ac-

437 1717 595 1788 cipit,
628 1734 694 1772 ex
743 1732 855 1786 quo
886 1717 1052 1773 nobis
1102 1720 1299 1784 latere,
1334 1719 1457 1775 fons
1493 1720 1690 1790 duplex
1724 1720 2011 1777 remissio-

437 1807 525 1860 nis
555 1817 610 1861 et
662 1807 912 1861 scientiae
966 1810 1244 1874 manavit,
1309 1809 1361 1863 in
1406 1810 1639 1880 ﬁguram
1694 1809 1907 1867 Veteris
1958 1819 2013 1867 et
2046 1792 2084 1847 Β

437 1896 601 1963 Novi,
638 1899 952 1970 utriusque,
977 1899 1227 1969 inquam,
1247 1918 1281 1955 ο
1306 1898 1561 1957 Salvator
1584 1911 1796 1970 noster,
1820 1901 2014 1960 Testa-

439 1990 636 2045 menti.

510 2081 749 2152 Tempus
774 2082 900 2138 vita:
944 2098 1079 2139 mea:
1106 2084 1368 2155 exiguum
1402 2094 1509 2151 est,
1541 2086 1932 2156 laboribusque
1961 2099 2017 2142 et

440 2173 692 2229 molestia
740 2175 1000 2246 plenum:
1061 2193 1248 2232 verum
1292 2180 1649 2248 paenitentem
1681 2181 1923 2251 suscipe,
1961 2189 2015 2234 et

440 2281 639 2321 revoca
681 2277 1098 2336 agnoscentem.
1140 2269 1218 2324 Ne
1266 2270 1388 2323 liam
1426 2271 1589 2325 alieni
1640 2274 1923 2342 possessio
1962 2281 2017 2325 et

439 2373 567 2413 esca
600 2374 614 2411 :
654 2365 711 2412 tu
752 2359 893 2427 ipse,
924 2357 1203 2430 Salvator,
1235 2361 1339 2415 mei
1373 2361 1661 2417 miserere.

512 2446 637 2503 Jam
719 2450 1143 2521 grandiloquum
1231 2465 1369 2521 ago,
1427 2464 1483 2506 et
1572 2453 1740 2508 corde
1811 2460 2020 2508 temere

441 2540 739 2594 audacem:
773 2555 842 2594 ne
878 2555 965 2595 me
1003 2539 1341 2597 condemnes
1383 2556 1508 2595 cum
1560 2541 1879 2609 Pharisaeo;
1909 2545 2019 2600 imo

442 2632 753 2695 Publicani,
807 2632 904 2701 qui
952 2633 1107 2687 solus
1157 2633 1480 2689 misericors
1507 2634 1607 2700 sis,
1642 2635 2019 2694 humilitatem

441 2723 684 2779 concede
709 2740 725 2777 :
767 2733 824 2778 tu
856 2738 965 2788 mc,
985 2721 1357 2793 justeJudex,
1387 2724 1517 2781 huic
1542 2741 1799 2784 accense.

510 2895 765 2961 Peccavi,
797 2897 984 2953 carnis
1030 2897 1251 2953 vasculo
1286 2897 1548 2970 iniuriam
1590 2898 1826 2970 faciens;
1865 2904 2019 2970 novi,

441 3001 477 3043 ο
515 2988 877 3054 misericors;
912 3004 1102 3043 verum
1157 3006 1266 3056 me,
1300 2991 1658 3061 ptenitentem
1698 2996 1946 3065 suspice,
1968 3006 2022 3051 et

444 3093 641 3135 revoca
693 3088 1112 3150 agnoscentem.
1167 3079 1247 3136 Ne
1292 3083 1475 3139 alieno
1510 3085 1701 3140 cedam
1736 3079 2020 3158 possessio
2048 3121 2090 3178 ε

443 3180 499 3225 et
520 3185 651 3225 esca
684 3180 778 3225 :tu
821 3171 938 3243 ipse
974 3171 1248 3237 Salvator,
1287 3175 1392 3230 mei
1431 3176 1713 3234 miserere.

516 3349 643 3416 Ipse
671 3346 805 3400 mibi
838 3348 1017 3403 factus
1056 3364 1180 3404 sum
1207 3349 1437 3417 idolum,
1472 3345 1626 3410 vitiis
1659 3367 2024 3427 corrumpens

447 3438 711 3492 animam.
761 3436 960 3493 Verum
1008 3440 1367 3510 ptenitentem
1419 3446 1678 3515 suspice,
1721 3455 1774 3501 et
1822 3462 2017 3503 revoca

448 3536 882 3601 agnoscentem;
936 3545 1005 3586 ne
1053 3531 1265 3587 eﬁlciar
1293 3532 1479 3588 alieno
1515 3533 1571 3589 in
1606 3537 2021 3605 possessionem

446 3629 502 3676 et
533 3636 742 3685 eseam,
780 3632 834 3676 tu
874 3622 993 3692 ipse
1023 3621 1304 3689 Salvator,
1334 3625 1439 3681 mei
1478 3627 1763 3683 miserere.

516 3708 638 3765 Non
691 3710 879 3765 audivi
929 3726 1118 3767 vocem
1170 3721 1355 3779 tuam;
1415 3713 1494 3769 fui
1545 3715 1868 3775 lnobediens
1921 3728 2028 3774 tuae

447 3798 813 3873 Legislatoris
866 3802 1192 3874 Scripturae.
1244 3803 1448 3860 Verum
1490 3810 1845 3877 pomitentem
1905 3826 2029 3866 sus-

448 3900 591 3966 cipe,
634 3903 689 3951 et
739 3911 940 3952 revoca
990 3909 1408 3968 agnoscentem.
1461 3898 1540 3955 Ne
1574 3901 1782 3957 eﬁiciar
1842 3903 2028 3958 alieno

452 3990 507 4042 in
544 3989 956 4059 possessionem
996 4000 1051 4045 et
1073 4005 1300 4059 escam;
1341 3998 1399 4044 tu
1434 3991 1574 4061 ipse,
1610 3989 1889 4061 Salvator,
1922 3995 2027 4049 mei

452 4079 738 4136 miserere.

1066 4169 1134 4226 In
1163 4182 1427 4227 sanctam.

522 4262 708 4318 Vitam
757 4278 927 4333 agens
976 4261 1033 4316 in
1113 4278 1345 4333 corpore
1396 4263 1545 4318 velut
1626 4264 2027 4335 incorpoream,

453 4358 750 4410 maximam
807 4356 1001 4425 plane,
1050 4370 1083 4409 ο
1137 4364 1331 4409 sancta
1354 4394 1369 4421 ,
1402 4370 1433 4408 a
1465 4356 1571 4411 Deo
1600 4359 1863 4428 accepisti
1900 4374 2030 4429 gra-

2101 525 2288 578 κάτω·
2345 525 2378 595 ἡ
2440 525 2617 589 κτίσις
2642 543 2655 557 ο
2721 522 2790 580 τὰ
2822 526 2951 598 ἔθνη
2993 528 3177 582 πάντα
3208 523 3485 593 σωθέντα,
3524 545 3685 599 πρω-

2102 614 2323 668 κυνοῦσί
2344 631 2424 668 σε.

2174 705 2424 761 Γενέσθω
2449 726 2542 778 μοι
2582 708 2966 781 κολυμϐήθρα,
2991 707 3056 762 τὸ
3093 705 3233 780 αἷμα
3254 709 3315 764 τδ
3341 711 3415 763 ἐκ
3454 708 3685 780 πλευρᾶς

2107 813 2202 849 σου
2223 813 2236 827 °
2272 797 2388 868 ἅμα
2427 800 2526 854 καὶ
2554 800 2727 872 πόμα,
2749 800 2811 854 τὸ
2833 803 3090 872 πηγάσαν
3114 800 3260 874 ὕδωρ
3286 803 3391 873 τῆς
3420 802 3687 869 ἀφέσεως,

2109 890 2198 944 ἵνα
2271 892 2611 966 ἑκατέρωθεν
2672 886 3059 968 καθάίρωμαι·
3129 897 3429 968 χριόμενος
3494 898 3684 963 πίνων.

2105 980 2183 1046 ὡς
2203 984 2411 1057 χρίσμα
2443 987 2542 1043 καὶ⁸
2566 988 2741 1059 πόμα,
2776 989 2939 1058 Δόγε,
2973 990 3043 1042 τά
3070 990 3265 1061 ζωηρά
3286 1007 3386 1042 σου
3410 989 3597 1058 λόγια.

2180 1161 2395 1234 Γυμνὸς
2419 1162 2537 1233 ειμι⁷
2583 1162 2679 1216 τοῦ
2713 1163 3003 1233 νυμφῶνος
3023 1180 3038 1196 ο
3069 1164 3278 1236 γυμνὸς
3319 1164 3451 1235 εἰμὶ
3484 1166 3578 1218 καὶ
3604 1167 3682 1219 τεῦ

2107 1259 2291 1330 γάμου
2351 1257 2469 1325 ἅμα
2529 1258 2624 1308 καὶ
2672 1256 2911 1313 δείπνου.
2952 1257 3020 1310 Ἡ
3071 1256 3297 1327 λαμπὰς
3350 1256 3682 1327 ἐσϐέσθηὸς

2110 1351 2450 1421 ἁνέλαιοςοὴ
2512 1350 2724 1412 παστὰς
2759 1348 3013 1419 ἐκλείσθη
3062 1368 3154 1421 μοι
3210 1350 3582 1403 καθεύδοντι·
3630 1352 3682 1404 τὸ

2109 1445 2325 1501 δεῖπνον
2354 1440 2573 1513 ἐϐρώθη
2596 1457 2610 1471 ⁸
2674 1440 2788 1510 ἐγὼ
2816 1440 2896 1506 δὲ,
2929 1443 3120 1512 χεῖρας
3160 1442 3261 1494 καὶ
3297 1441 3479 1506 πόδας
3504 1441 3679 1506 δεθεξ,

2111 1534 2216 1600 ἔξω
2246 1534 2287 1567 ¹¹
2317 1534 2662 1606 ἀπέῤῥημαι.
2774 1550 2823 1560 “
2844 1554 2859 1575 κ

2182 1628 2374 1698 Κρατῆ
2384 1644 2474 1696 ρα,
2498 1627 2532 1697 ἡ
2568 1624 2891 1698 Ἐκκλησία,
2921 1625 3194 1697 ἐκτήσατο
3220 1625 3324 1697 τὴν
3343 1626 3588 1696 πλευρὰν
3604 1642 3679 1680 σου

2113 1720 2211 1790 τὴν
2242 1697 2550 1791 ζωηιρόρον,
2664 1712 2733 1791 ἧς
2752 1720 2780 1772 ὁ
2806 1717 3029 1783 διπλοῦς
3054 1722 3189 1789 ἡμῖν
3221 1718 3513 1784 ἐξέὄλυσε,
3540 1736 3681 1789 κρου-

2113 1810 2203 1873 νὸς
2253 1812 2352 1880 τῆς
2418 1810 2665 1879 ἀφέσεως
2740 1810 2836 1864 καὶ
2906 1810 3185 1878 γνώσεως,
3219 1811 3303 1873 εἰς
3356 1809 3531 1863 τύπον
3598 1809 3684 1879 τῆς

2117 1902 2314 1969 Πάλαι,
2345 1902 2443 1973 τῆς
2476 1901 2620 1965 Νέας
2644 1920 2657 1934 ·
2715 1901 2825 1955 τῶν
2870 1900 2966 1956 δύο
3016 1902 3138 1973 ἅμα
3181 1901 3499 1973 Διαθηκῶν.
3521 1902 3685 1973 Σῶτερ

2116 1992 2295 2065 ἡμῶν.

2195 2087 2253 2141 '0
2279 2086 2471 2158 χρόνος
2494 2086 2522 2139 ό
2548 2087 2650 2155 τῆς
2676 2085 2823 2156 ζωῆς
2863 2102 2967 2156 μου
2997 2085 3198 2155 ὀλίγος,
3234 2086 3333 2139 καὶ
3361 2084 3576 2157 πλήρης
3603 2087 3685 2138 φ

2117 2192 2223 2230 νων
2264 2176 2362 2228 καὶ
2397 2173 2662 2245 πονηρίας
2689 2189 2703 2204 ·
2758 2174 2873 2227 ἀλλ’
2898 2176 2958 2228 ἐν
2986 2175 3253 2247 μετανοίᾳ
3290 2192 3363 2244 με
3394 2175 3681 2247 παράλαβε.

2117 2267 2214 2322 καὶ
2242 2267 2300 2320 ἐν
2329 2265 2623 2333 ἐπιγνώσει
2653 2266 2971 2338 κτῆμα,ιμὴ
3004 2266 3204 2338 βρῶμα
3232 2266 3335 2321 τοῦ
3664 2282 3678 2295 ·

2119 2357 2325 2428 Σῶτερ.
2365 2355 2527 2419 αὑτός
2559 2373 2626 2427 με
2656 2355 2946 2427 οἶκτειρον.

2200 2445 2503 2518 Ὑψηγόρος
2534 2444 2629 2499 νῦν
2660 2445 2912 2517 ὑπάρχω,
2947 2442 3152 2514 θρασύς
3196 2462 3258 2498 τε
3307 2446 3411 2499 καὶ
3441 2446 3538 2517 τὴν
3569 2462 3682 2515 καρο
3788 2460 3789 2501 1

2119 2540 2258 2603 δίαν,
2280 2542 2401 2611 είκῆ
2456 2540 2553 2594 καὶ
2592 2539 2770 2610 μάτην
2793 2557 2805 2569 ·
2841 2539 2915 2609 μὴ
2945 2537 3023 2609 τῷ
3053 2540 3339 2610 Φαρισαίῳ
3374 2538 3679 2608 συγκαταδιο

2121 2632 2296 2705 κάσῃς
2323 2650 2390 2703 με
2408 2649 2422 2663 ·
2444 2632 2644 2703 μᾶλλον
2663 2630 2758 2685 τοῦ
2768 2630 3013 2684 Τελὼνου
3036 2630 3135 2702 τὴν
3160 2632 3502 2685 ταπείνωσιν
3525 2631 3681 2702 παρά-

2125 2741 2254 2797 σχου
2296 2740 2410 2794 μοι,
2450 2723 2577 2794 μόνε
2643 2723 2978 2795 οἰκτίρμων·
3030 2723 3419 2792 Δικαιοκρίτα,
3452 2722 3599 2792 αὐτῷ
3625 2738 3681 2791 με

2124 2816 2553 2888 συναρίθμησον.

2206 2906 2561 2978 Ἐξήμαρτον,
2612 2905 2902 2976 ἐνυϐρίσας
2941 2905 3002 2958 τὸ
3032 2905 3229 2969 σκεῦος
3282 2906 3345 2959 τὸ
3370 2907 3468 2977 τῆς
3500 2906 3683 2978 σαρκός

2128 3014 2257 3069 μου⁶
2288 2995 2426 3059 οἶδα,
2484 2998 2825 3069 οἰκτίρμωνο
2875 2996 2992 3051 ἀλλ’
3034 3000 3092 3051 ἐν
3135 2998 3401 3069 μετανοίᾳ
3426 3016 3494 3069 με
3524 3002 3682 3070 supi-
3788 3064 3789 3067 η

2125 3091 2280 3158 λαὸε,
2343 3091 2436 3144 καὶ
2482 3092 2539 3144 ἐν
2588 3089 2884 3158 ἐπιγνώσει
2927 3090 3302 3145 ἀνακάλεσαι·
3350 3092 3427 3163 μὴ
3454 3093 3680 3162 Tempe:

2127 3183 2336 3253 κτῆμα,
2374 3180 2448 3254 μὴ
2474 3181 2670 3253 βρῶμα
2713 3181 2808 3235 τοῦ
2846 3182 3129 3254 ἀλλοτρίου
3150 3198 3164 3211 ·
3198 3183 3409 3256 Σῶτερ,
3448 3184 3680 3255 αὑτόςμε

2124 3276 2414 3346 οίκτειρον.

2196 3364 2522 3418 Αὑτείδωλον
2560 3365 2852 3435 ἐγενόμην,
2880 3368 2995 3428 τοῖς
3032 3365 3232 3419 πάθεσι
3260 3365 3362 3438 τὴν
3378 3366 3551 3440 ψυχήν
3589 3382 3677 3438 μου
3788 3412 3789 3431 λ

2128 3455 2405 3526 βλάπτων,
2424 3455 2748 3525 οἰκτίρμων.
2775 3454 2919 3508 Ἀλλ’
2936 3457 2996 3509 ἐν
3020 3456 3285 3527 μετανοίᾳ
3310 3474 3378 3527 με
3400 3456 3672 3527 παράλαϐε,
3788 3456 3789 3461 “

2126 3551 2220 3602 καὶ
2253 3550 2311 3602 ἐν
2337 3549 2635 3616 ἐπιγνώσει
2667 3547 3038 3617 μετακάλεσαι
3058 3565 3074 3580 ο
3110 3547 3188 3619 μὴ
3208 3549 3458 3619 γένωμαι
3490 3549 3673 3616 κτῆμα,

2131 3647 2205 3714 μὴ
2232 3643 2426 3714 βρῶμα
2445 3642 2539 3696 τοῦ
2556 3641 2838 3713 ἀλλοτρίου
2855 3657 2867 3670 °
2900 3641 3104 3711 Σῶτερ,
3131 3641 3298 3704 αὑτός
3328 3659 3395 3711 με
3418 3642 3671 3709 οἵκτειμιν.

2195 3736 2309 3789 Οὐκ
2335 3736 2541 3806 ἥκουσα
2557 3734 2657 3804 τῆς
2683 3735 2868 3804 φωνῆς
2896 3750 3021 3788 σου·
3052 3738 3385 3805 παρήκουσα
3425 3738 3521 3805 τῆς
3558 3735 3673 3804 Pp:-

2129 3827 2234 3898 φῆς
2279 3843 2372 3880 σου
2423 3826 2520 3881 τοῦ
2575 3825 2907 3896 νομοθέτουο
2975 3825 3119 3878 Ἀλλ’
3192 3827 3251 3879 ἐν
3317 3826 3569 3897 μετανοίᾳ
3617 3839 3670 3894 με

2129 3918 2415 3990 παράλαϐε
2442 3959 2458 3985 ,
2511 3919 2606 3973 καὶ
2660 3918 2719 3970 ἐν
2791 3914 3089 3984 ἐπιγνώσει
3150 3918 3519 3987 μετακάλεσαι
3545 3933 3560 3946 '
3611 3916 3671 3985 pi:

2128 4013 2371 4082 γένωμαι
2408 4009 2615 4080 κτῆμα,
2641 4009 2718 4081 μὴ
2750 4007 2948 4082 βρῶμα
2979 4009 3073 4062 τοῦ
3124 4008 3412 4081 ἀλλοτρίου
3440 4025 3456 4039 '
3490 4008 3668 4078 Σῶτιρ,

2128 4101 2291 4166 αὑτός
2327 4117 2393 4172 με
2415 4099 2709 4171 οἴκτειρον.

2744 4191 2857 4265 Τῆς
2892 4193 3090 4259 ὁσίας.

2212 4283 2526 4354 Ἀσώματον
2588 4282 2883 4348 πολιτείαν,
2940 4285 2999 4336 ἐν
3050 4284 3268 4353 σώματι
3334 4282 3664 4355 μετελθοῦσα·

2129 4377 2312 4449 χάριν,
2338 4376 2491 4442 ὁσία,
2548 4376 2683 4446 πρὸς
2720 4373 2858 4428 Θεοῦ
2900 4375 3164 4445 μεγίστην
3220 4376 3396 4440 ὅντως
3438 4377 3663 4445 dm”?

354 4450 365 4460 ’
453 4451 606 4504 tiam.
641 4447 775 4503 Esto
808 4458 1039 4519 patrona
1075 4463 1267 4503 eorum
1302 4448 1392 4517 qui
1420 4447 1611 4505 ﬁdeles
1646 4457 1701 4505 te
1734 4452 2019 4507 honorant:

2136 4469 2240 4523 τῶν
2266 4468 2477 4532 πιστῶς
2524 4466 2818 4538 αιμώντων
2853 4484 2913 4520 σε
2937 4469 3245 4538 προΐστασο
3266 4482 3282 4497 ⁸
3312 4468 3394 4520 διδ
3428 4464 3663 4520 δυσωποῦ·

451 4543 812 4614 qnamobrem
846 4542 1224 4613 supplicamus
1252 4549 1312 4597 ut
1335 4542 1448 4599 tuis
1483 4543 1742 4613 precibus
1780 4545 1851 4599 ab
1880 4548 2031 4601 omni

453 4638 753 4692 liberemur
781 4651 985 4707 genere
1010 4636 1410 4693 tentationum.

523 4727 660 4783 Cum
728 4729 783 4782 in
857 4743 1180 4799 magnarum
1227 4727 1627 4785 obscenitatum
1698 4729 2034 4801 profundum

2135 4578 2235 4632 μεν
2295 4558 2563 4614 παντοίων
2616 4557 2998 4628 πειρατηρίων
3061 4558 3213 4627 ἡμᾶς
3256 4560 3445 4629 εὐχαῖς
3480 4574 3563 4611 σου
3588 4555 3655 4608 λέ.

2131 4669 2358 4705 τοωσαι.

2249 4669 2280 4705 σ
2320 4670 2358 4705 ι.

2169 4668 2475 4813 ρ(ἐνάεῗιίιίιλων
2526 4743 2898 4813 ἀτοπημάτων
2947 4743 3027 4806 είς
3064 4741 3228 4813 βάθος
3268 4743 3590 4813 κατεχθεῖσα,
3611 4737 3659 4789 οὗ

454 4833 701 4890 preceps
747 4820 1020 4886 abiisses,
1063 4837 1174 4875 non
1221 4820 1339 4876 illic
1373 4821 1581 4877 liassisti
1618 4841 1633 4879 :
1676 4822 1771 4879 sed
1824 4825 2019 4879 melior

2136 4835 2545 4907 κατεσχέσθης·
2612 4834 2728 4887 ἀλλ’
2788 4833 3093 4904 ἀνέδραμες
3133 4834 3383 4905 λογισμῷ
3414 4834 3655 4904 κρείττονι.

454 4919 744 4980 assumpto
794 4912 1102 4980 proposito,
1152 4912 1220 4966 ad
1248 4928 1564 4984 supremam
1599 4917 1896 4988 perspicue
1928 4920 2038 4974 vir-

454 5009 627 5057 tutem
684 5002 905 5056 actione
936 5004 1255 5071 etnersisli;
1291 5014 1351 5059 ut
1400 5008 1686 5079 angelicas
1715 5019 1965 5079 naturas,
2001 5026 2034 5066 ο

456 5093 650 5164 Maria,
678 5095 756 5151 rei
790 5094 1035 5150 novitate
1066 5094 1460 5166 stupefeceris.

1045 5188 1111 5243 In
1151 5188 1440 5244 Andream.

528 5282 745 5339 Andrea
797 5279 1021 5336 Patrum
1076 5281 1284 5349 decus,
1332 5298 1403 5339 ne
1450 5284 1850 5342 diviitissimam
1915 5287 2037 5342 Tri-

456 5375 686 5430 nitatem
787 5374 1144 5444 interpellare
1193 5375 1307 5431 tuis
1351 5376 1614 5447 precibus
1646 5379 2028 5447 obliviscaris;

455 5478 517 5522 ut
582 5467 880 5525 liberemur
960 5481 990 5520 a
1063 5483 1277 5539 pinna,
1359 5470 1454 5541 qni
1517 5478 1573 5526 te
1648 5472 2030 5529 admirabilem

2136 4928 2273 4999 προς
2298 4926 2397 4999 τὴν
2421 4924 2752 4997 ἀκροτάτην,
2802 4923 2891 4978 διὰ
2934 4924 3209 4996 πράξεως,
3254 4924 3441 4995 σαφῶς
3460 4924 3656 4995 ἀρετήν’

2138 5017 2459 5090 παραδόξως
2494 5015 2744 5085 ἀγγέλων
2776 5015 2992 5085 φύσεις,
3038 5016 3250 5087 Μαρία,
3287 5015 3656 5083 καταπλήξισα.

2835 5192 3021 5247 Ἆνδο.

2840 5211 2966 5247 aro
3005 5233 3021 5247 .

2221 5286 2445 5358 Ἀνδρέα
2482 5284 2745 5356 Πατάρων
2785 5211 3197 5358 κλέοςῗεύχαῖς
3236 5304 3331 5343 σου
3371 5290 3444 5357 μὴ
3469 5284 3653 5354 ἐπιλάϐῃ

2139 5379 2513 5433 καθικετεύων
2542 5376 2852 5449 παρεστὼς,
2884 5378 3090 5450 Τριάδα
3112 5381 3211 5453 τὴν
3234 5380 3517 5451 ὑπέρθεον·
3539 5379 3652 5435 ὅπως

2142 5472 2510 5544 λυτρωθῶμεν
2564 5470 2665 5541 τῆς
2695 5470 2991 5540 κολάσεως,
3035 5474 3087 5527 oi
3116 5472 3269 5547 πόθῳ
3297 5471 3581 5541 προστάτην
3604 5481 3647 5520 σι

1761 5649 1997 5707 VARUE
2030 5647 2434 5706 LECTIONES.

542 5726 581 5759 ”
611 5729 751 5783 ἀλλ.
782 5731 1096 5803 ἐξέϐληείάι.
