3868 6328
102 385 277 452 ιτξοι
1272 370 1285 381 ’
1498 391 1733 453 mem

1845 393 2117 456 CANON.
3274 366 3411 462 1362

92 502 251 566 κῶς
271 521 289 535 ο
328 500 423 554 καὶ
451 496 620 571 μονάς
645 497 880 570 ὑπάρχω
905 499 971 569 τῇ
1006 496 1171 568 φύσει
1205 497 1466 570 ἡνωμένη
1485 513 1499 528 ·
1546 500 1575 552 6
1605 501 1720 554 Πα-

1839 519 1876 555 .a
1912 521 1927 558 :
1964 503 2259 572 uuitasque
2283 502 2498 559 exsisto
2527 502 2682 558 unita
2722 513 2943 574 natura,
2973 503 3156 572 Pater,
3204 506 3407 580 inquit,

92 590 267 663 τὴρ,
296 591 491 662 φησὶν,
524 591 553 643 6
581 588 733 653 Υἱὸς,
761 589 859 644 καὶ
887 587 1031 642 θεῖον
1071 587 1319 660 Πνεῦμα.

1839 594 2020 662 Filius,
2044 610 2111 652 ac
2144 594 2367 651 divinus
2390 594 2654 665 Spiritus.

660 681 770 737 Kal
799 682 934 737 νῦν.
970 683 1208 738 Θεοτόκ.

2250 686 2320 741 Et
2352 702 2513 741 nunc.
2553 687 2636 742 Ad
2672 686 2981 754 Deiparam.

216 772 292 835 Ἥ
329 776 516 846 μήτρα
565 791 661 829 σου
688 775 825 828 Θεὸν
879 776 1069 829 τέτοκε
1119 775 1556 847 μεμορφωμένον
1601 777 1724 832 καθ’

1895 777 2013 833 Tua
2071 762 2462 833 vulva-Deum
2520 778 2732 847 peperit
2779 777 2833 831 in
2896 778 3134 833 humana
3197 779 3409 849 forma;

100 867 331 936 ἡμᾶς·
384 867 445 921 δν
492 868 569 930 ὼς
603 867 846 937 κτίστην
899 867 1122 921 πάντων
1164 866 1428 933 δυσῶπει,
1469 867 1725 936 Θεοτόκε,

1839 885 1985 940 quem
2016 870 2165 927 velut
2199 870 2445 925 omnium
2477 866 2795 924 Creatorem
2835 883 3026 930 exora.
3066 877 3126 923 ut
3161 871 3289 937 tuis,
3318 869 3411 928 Dei

103 957 226 1015 ἵνα
258 961 387 1022 τατς
412 957 737 1028 πρεσϐείαις
764 961 884 1021 ταῖς
917 961 1040 1022 σαῖς
1073 958 1477 1029 δικαιωθῶμεν.

1839 960 2102 1025 Benitrix,
2134 959 2634 1016 intercessionibus
2653 958 3043 1029 justifieemur.

289 1084 311 1101 .
453 1050 786 1106 Κοντάκιον
816 1048 991 1120 ιδιόμ.
1024 1045 1158 1119 ἸΙχ.
1196 1054 1308 1105 πλ.
1334 1048 1418 1115 β’.

2110 1049 2410 1106 Contacion
2436 1051 2725 1106 idiomelou
2745 1058 2853 1106 ton.
2879 1051 2941 1115 2,
2962 1050 3127 1118 obliq.

198 1141 381 1212 1Ψυχή
413 1158 536 1212 μου,
571 1141 717 1212 ψυχή
748 1158 874 1212 μου,
929 1141 1140 1195 ἀνάστα
1162 1155 1177 1170 ·
1223 1140 1278 1194 τί
1309 1141 1636 1208 καθεύδεις;
1664 1141 1728 1195 τδ

1896 1142 2095 1198 Anima
2126 1157 2247 1198 mea
2265 1183 2282 1209 ,
2306 1157 2449 1206 mea,
2482 1157 2742 1213 exsurge,
2771 1142 2955 1196 anima
2977 1159 2994 1208 ;
3015 1141 3149 1212 quid
3166 1141 3419 1199 dormis?

104 1235 299 1298 τέλος
341 1234 577 1303 ἔγγίζει,
625 1236 720 1288 καὶ
756 1234 975 1304 μέλλεις
1001 1233 1376 1307 θορυσεῖσθαι.
1425 1233 1731 1304 Ἀνάνηψον

1839 1234 2081 1290 Imminet
2110 1232 2260 1298 linis,
2291 1244 2460 1303 atque
2494 1233 2595 1287 tibi
2640 1239 2725 1289 est
2777 1231 2959 1287 futura
3015 1232 3281 1286 turbatio.
3331 1233 3411 1287 Ad

104 1322 253 1389 οὖν,
293 1327 386 1380 ἵνα
411 1326 667 1397 φείσηταί
701 1342 797 1378 σου
844 1326 1083 1397 Χριστὸς
1126 1326 1157 1380 6
1187 1325 1345 1393 Θεὸς,
1378 1327 1409 1380 6
1447 1323 1728 1396 πανταχοῦ

1839 1324 2115 1380 meliorem
2141 1338 2278 1395 ergo
2315 1323 2531 1396 frugem
2562 1323 2889 1387 revertaris,
2938 1332 2994 1378 ut
3029 1322 3127 1377 tibi
3160 1323 3415 1380 Christus

120 1415 375 1488 παρὼν,
406 1419 501 1472 καὶ
521 1416 591 1470 τά
621 1416 800 1470 πάντα
831 1415 1077 1489 πληρῶν.

807 1597 873 1651 '0
899 1595 1029 1652 οῖκο

828 1617 873 1651 υ
899 1617 1029 1652 omo

207 1687 296 1741 T6
348 1685 444 1740 τοῦ
493 1688 730 1758 Χριστοῦ
782 1617 1300 1761 ίατρείονςβλέπων
1352 1687 1728 1760 ἀνεῳγμένον,

120 1780 237 1832 καὶ
290 1780 393 1849 τὴν
430 1781 497 1833 ὲκ
551 1780 742 1834 τούτου
769 1780 848 1851 τῷ
886 1781 1059 1851 Ἀδὰμ
1110 1779 1472 1852 ηγάζουσαν
1520 1778 1731 1848 ὑγείαν,

1830 1417 1979 1475 Deus
2030 1417 2345 1489 ignoverit,
2416 1416 2514 1490 qui
2593 1417 2801 1488 ubique
2876 1430 3163 1487 praesens,
3226 1419 3413 1472 omnia

1829 1511 2024 1581 replet.

2511 1600 2741 1656 Domus.

1906 1688 2112 1746 Videas
2167 1689 2428 1747 diabolus
2533 1690 2802 1745 medicam
2875 1686 3083 1742 Christi
3141 1685 3413 1741 oﬂlciuam

1831 1788 2106 1852 apertam,
2126 1782 2366 1853 indeque
2392 1792 2706 1837 manantem
2742 1780 2874 1835 Adae
2904 1780 3224 1841 sanitatem,
3264 1795 3416 1834 com-

120 1865 374 1930 ἔπαθεν,
432 1867 645 1939 ἐπλήγη
708 1870 738 1922 6
790 1869 1073 1935 διάϐολος,
1115 1869 1210 1923 καὶ
1262 1868 1338 1933 ὡς
1398 1865 1726 1922 κινδυνεύων

1839 1851 2016 1929 [notus
2060 1882 2145 1930 est
2199 1851 2650 1945 cit—perterritus
2685 1890 2700 1939 ;
2730 1887 2803 1927 ac
2829 1872 2987 1927 velut
3045 1873 3101 1925 in
3165 1871 3417 1945 periculo

118 1957 409 2030 ὠδύρετο,
439 1960 533 2012 καὶ
556 1962 670 2021 τοῖς
697 1960 863 2014 αὐτοῦ
888 1961 1064 2030 φίλοις
1092 1960 1357 2030 ἀνεϐόησε
1377 1976 1390 1992 ·
1423 1959 1487 2012 Τί
1514 1958 1726 2029 ποιήσω

120 2048 219 2119 τῷ
261 2048 379 2118 Υίῷ
408 2049 509 2119 τῆς
541 2050 759 2121 Μαρίας
785 2068 809 2115 ;
855 2051 1073 2107 Κτείνει
1105 2069 1172 2123 με
1201 2055 1229 2107 6
1254 2051 1626 2122 Βηθλεεμίτης
1648 2068 1664 2083 ·
1696 2054 1726 2106 6

126 2139 432 2211 πανταχοῦ
461 2126 675 2213 παρὼν,
716 2143 810 2196 καὶ
837 2143 910 2197 τά
947 2145 1126 2198 πάντα
1156 2143 1402 2215 πληρῶν.

687 2234 757 2287 Τὸ
791 2235 1192 2304 συναξάριον.

211 2323 298 2393 Τῇ
349 2322 489 2394 αὐτῇ
528 2325 736 2397 ἡμέρᾳ,
790 2327 935 2380 κατά
979 2330 1079 2399 τὴν
1123 2331 1358 2401 ἀρχαίαν
1400 2332 1723 2402 παράδοσιν,

126 2409 430 2481 ψάλλομεν
452 2413 546 2465 καὶ
574 2412 674 2484 τὴν
701 2413 797 2468 τοῦ
836 2417 1079 2487 μεγάλου
1107 2422 1346 2484 Κανόνος
1372 2421 1720 2478 ἀκολουθίαν.

127 2498 353 2552 Τοῦτον
389 2500 484 2567 ’ξὺν
510 2500 680 2562 ὅντως
709 2505 949 2560 κανόνων
996 2508 1274 2579 μέγιστον,
1304 2512 1561 2565 ἁπάντων
1602 2510 1725 2582 ἀρί-

128 2605 295 2652 στως
327 2592 424 2645 καὶ
449 2593 785 2663 τεχνηέντως
819 2599 1099 2669 ἡρμόσατο
1134 2605 1231 2655 καὶ
1289 2603 1649 2674 συνέγραψεν,
1695 2606 1725 2658 6

129 2685 207 2736 ὲν
246 2684 428 2751 ἁγίοις
471 2688 661 2761 Πατὴρ
714 2691 874 2759 ἡμῶν
907 2693 1163 2762 ’Δνδρέας
1207 2695 1237 2748 6
1291 2694 1724 2764 ἀρχιεπίσκοπος

131 2777 402 2846 Κρήτης.
450 2781 481 2832 6
535 2782 631 2834 καὶ
681 2782 1118 2854 Ἱεροσολυμίτης
1173 2785 1606 2856 ὀνομαζόμενος·
1665 2788 1726 2853 δς

131 2866 386 2937 ὥρμητο
417 2870 518 2951 μὲν
562 2874 627 2926 ὲκ
654 2875 986 2943 Δαμασκοῦ,
1017 2877 1113 2930 ἐπὶ
1147 2879 1727 2951 τεσσαρεσκαιδεκάτῳ

130 2958 205 3012 δὲ
235 2959 351 3013 ἔτει
370 2961 470 3032 τῆς
487 2950 660 3017 ἀὐτοῦ
694 2965 911 3034 ἡλικίας
927 2968 1300 3040 παιδευτηρίῳ
1328 2950 1728 3042 γραμματικῆς

134 3049 418 3115 ἆκδοθεῖς.
458 3054 553 3106 καὶ
582 3055 682 3125 τὴν
735 3056 1025 3124 ἐγκύκλιον
1065 3059 1349 3113 παίδευσιν
1393 3060 1725 3133 ὲξασκήσας,

1824 1979 2081 2029 versans,
2114 1965 2264 2023 luctu
2303 1965 2371 2020 ad
2402 1965 2617 2020 amicos
2662 1963 2972 2018 clamavit:
3025 1960 3169 2028 Quid
3214 1961 3415 2015 faciam

1826 2053 2011 2110 Mariae
2032 2053 2173 2111 Filio
2192 2059 2217 2110 ’ί
2231 2054 2314 2111 Me
2328 2053 2691 2111 Bethleemita
2719 2053 2814 2109 ille
2832 2052 3019 2124 perdit
3047 2070 3060 2107 :
3083 2054 3181 2123 qui
3211 2052 3413 2124 ubique

1827 2159 2097 2215 praesens,
2123 2144 2312 2199 omnia
2351 2143 2546 2214 replet.

2431 2233 2823 2306 Syaaxart’um.

1896 2327 2099 2383 Eodem
2132 2328 2244 2394 die,
2278 2343 2345 2384 ex
2383 2328 2614 2397 antiqua
2648 2327 2960 2384 traditione
3003 2327 3258 2383 canimus
3298 2327 3412 2383 olli-

1825 2417 1973 2471 cium
2006 2418 2186 2488 magni
2218 2417 2486 2473 Canonis.
2514 2415 2673 2472 Hunc
2708 2432 2837 2472 vere
2858 2432 2924 2473 ex
2956 2417 3219 2473 omnibus
3247 2432 3418 2473 cano-

1825 2508 1991 2564 nibus
2018 2509 2346 2576 maximum,
2372 2512 2580 2581 optime
2604 2517 2661 2566 et
2701 2510 2993 2582 ingeniose
3019 2511 3341 2582 composuit
3363 2520 3420 2567 et

1826 2604 2162 2672 conscripsit
2195 2608 2428 2660 sanctu’s
2484 2602 2648 2659 Pater
2680 2615 2873 2669 noster
2902 2603 3178 2669 Andreas,
3234 2605 3421 2660 arclii~

1827 2698 2122 2767 episcopus
2173 2696 2371 2762 Cretae,
2416 2711 2787 2767 cognomento
2847 2696 3411 2769 Hierosolymitanus.

1827 2785 1931 2843 Hic
1963 2788 2233 2845 Damasco
2257 2788 2553 2853 oriundus,
2599 2789 2817 2844 decimo
2854 2797 3058 2860 quarto
3089 2789 3272 2843 aetatis
3303 2804 3419 2843 suae

1827 2894 1975 2936 anno
2007 2881 2382 2951 grammaticae
2414 2881 2599 2936 studia
2652 2895 2950 2953 aggressus
2976 2921 2992 2946 ,
3038 2888 3095 2936 et
3148 2879 3418 2935 erunibus

1826 2972 2041 3029 artibus
2079 2973 2410 3029 liberalibus
2456 2972 2629 3044 probe
2651 2974 2932 3038 excultus,
2971 2973 3418 3043 Hierosolymam

1829 3065 2098 3134 pervenit,
2137 3065 2418 3135 vitamque
2446 3064 2811 3118 nzonaSIicam
2867 3063 2995 3117 iniit
3028 3081 3042 3118 :
3078 3062 3174 3133 qui
3228 3069 3420 3117 sancte

137 3145 229 3204 είς
274 3142 626 3214 Ἱεροσόλυμα
665 3145 927 3215 γεγονὼς,
976 3149 1068 3204 τὸν
1108 3152 1388 3225 μοναστὴν
1429 3154 1729 3226 ὑπέρχεται

1839 3167 1889 3211 et
1944 3156 2034 3226 pie
2088 3155 2254 3210 vitam
2287 3170 2580 3226 peragens,
2618 3156 2673 3209 in
2720 3155 2910 3224 quieto
2967 3154 3057 3206 illo
3094 3152 3422 3208 etaturbis

143 3236 302 3306 βίον·
335 3236 499 3299 ὁσίως
552 3237 609 3290 δὲ
640 3237 736 3291 καὶ¹
781 3238 1047 3310 θεοφιλῶς
1102 3243 1307 3313 διάγων
1352 3246 1398 3279 ⁸⁸
1449 3250 1510 3301 έν
1541 3248 1730 3320 ἡσύχῳ

143 3328 248 3380 καὶ
280 3329 542 3400 ἀταράχῳ
569 3332 637 3400 τῇ
686 3330 874 3403 βιοτῇ,
918 3334 1093 3388 πολλὰ
1143 3337 1241 3406 μὲν
1290 3339 1386 3391 καὶ
1432 3338 1568 3393 ἀλλα
1601 3356 1732 3409 συγ-

142 3419 463 3489 γράμματα
497 3420 738 3492 βιωφελῆ
766 3425 1086 3480 καταλείπει
1117 3430 1182 3499 τῇ
1210 3428 1307 3482 τοῦ
1331 3430 1468 3484 Θεοῦ
1504 3432 1732 3503 Ἐκκλη-

149 3513 272 3582 σία,
318 3512 512 3581 λόγους
539 3531 599 3568 τε
629 3516 723 3568 καὶ
769 3519 1037 3582 κανόνας·
1092 3521 1298 3590 μᾶλλον
1333 3523 1624 3594 ἀδρότερος
1673 3529 1733 3580 ὲν

144 3605 267 3664 τοῖς
313 3608 713 3674 πανηγυρικοῖς
755 3606 1041 3678 γινόμενος
1098 3627 1158 3664 τε
1213 3614 1307 3666 καὶ
1354 3613 1729 3685 δεικνύμενος.

148 3694 259 3747 Σὺν
290 3694 510 3758 πολλοῖς
539 3697 597 3749 δὲ
630 3697 836 3764 ἀλλοις,
873 3701 968 3753 καὶ⁵
997 3703 1094 3755 τὸν
1125 3705 1378 3775 παρόντα
1413 3707 1591 3776 μέγαν
1616 3709 1734 3761 Κα-

145 3787 283 3842 νόνα
324 3790 614 3859 συνέταξε,
650 3794 949 3861 κατάνυξιν
1001 3796 1232 3870 ἄπειρον
1279 3798 1497 3870 ἔχοντα.
1545 3803 1734 3855 Πᾶσαν

143 3881 262 3952 γὰρ
302 3880 554 3946 Παλαιᾶς
587 3885 685 3937 καὶ
727 3885 874 3948 Νέας
920 3887 1166 3957 ἱστορίαν
1209 3890 1493 3962 Διαοήκης
1545 3895 1732 3964 ἐρανι-

148 3972 396 4042 σάμενος
426 3976 519 4028 καὶ
557 3975 844 4045 ἀθροίσας,
888 3978 954 4032 τὺ
996 3980 1174 4051 παρὸν
1226 3982 1511 4052 ἡρμόσατο
1547 3984 1731 4054 μέλος,

148 4063 266 4116 ἀπὸ
309 4064 483 4135 Ἀδάμ
510 4066 713 4138 δηλαδὴ
743 4069 906 4140 μέχρι
929 4070 1023 4122 καὶ
1052 4071 1227 4141 αὐτῆς
1262 4073 1504 4143 Χριστοῦ
1531 4075 1736 4146 ἀναλη-

148 4154 328 4224 ψεως.
358 4157 457 4209 καὶ
502 4157 599 4211 τοῦ
640 4159 752 4212 τῶν
795 4161 1113 4215 ἀποστόλων
1160 4163 1549 4235 κηρύγματος·
1596 4183 1737 4237 προ-

148 4247 423 4316 τρέπεται
446 4247 579 4317 γοῦν
615 4249 705 4304 διὰ
758 4251 953 4305 τούτου
1004 4255 1187 4307 πᾶσαν
1218 4255 1416 4327 ψυχὴν,
1471 4257 1575 4310 ὅσα
1633 4258 1737 4327 μὲν

150 4339 342 4407 ἀγαθά
390 4340 495 4410 τῆς
554 4342 803 4414 ίστορίας
853 4343 1050 4415 ζηλοῦν
1101 4347 1198 4400 καὶ
1251 4347 1540 4421 μιμεῖσθαι
1599 4350 1739 4421 πρὸς

153 4428 391 4500 δύναμιν
415 4448 427 4464 ·
465 4433 568 4486 ὅσα
597 4434 656 4488 δὲ
684 4434 796 4489 τῶν
834 4437 1080 4503 φαύλων,
1104 4419 1446 4510 ἀποφεύγειν
1469 4458 1483 4473 ·
1521 4444 1618 4496 καὶ
1645 4419 1738 4498 ἀεὶ

156 4522 303 4593 πρὸς
326 4523 465 4579 Θεὸν
495 4527 842 4598 ἀνατρέχειν,
868 4528 961 4587 διά
992 4533 1304 4601 μετανοίας,
1336 4534 1426 4588 διά
1458 4534 1734 4607 δακρύων,
1770 4519 1814 4574 ι)

155 4616 253 4668 καὶ
286 4615 758 4689 ἐξομολογησεως,
796 4621 893 4673 καὶ
922 4621 1024 4690 τῆς
1054 4621 1222 4693 ἀλλης
1253 4624 1505 4695 δηλονότι
1543 4627 1733 4699 εὐαρι·

157 4711 431 4780 στήσεως.
461 4710 609 4778 Πλὴν
638 4713 720 4775 είς
746 4714 1005 4767 τοσοῦτόν
1032 4715 1183 4768 ἐστιν
1209 4714 1406 4786 εύρους
1433 4718 1530 4771 καὶ
1559 4719 1740 4789 ἐμμε-

151 4801 277 4872 λὴς,
307 4801 386 4862 ὡς
412 4804 507 4856 καὶ
532 4803 705 4876 αὐτὴν
742 4806 843 4874 τὴν
901 4806 1275 4879 σκληροτέραν
1320 4808 1501 4880 ψυχὴν
1538 4811 1740 4875 ἱκανῶς

155 4891 425 4963 μαλάξαι,
459 4893 556 4946 καὶ
599 4895 738 4964 πρδς
774 4896 1043 4968 ἀνάνηψιν
1079 4898 1123 4930 ¹⁸
1154 4899 1361 4967 ἀγαθοῦ
1406 4902 1621 4973 ἐγεῖραι
1644 4921 1658 4936 ·
1688 4903 1740 4958 εί

161 4983 327 5055 μόνον
356 4986 501 5055 μετά
546 4989 1025 5059 συντετριμμένης
1068 4992 1297 5064 καρδίας
1336 4997 1432 5048 καὶ
1464 4998 1742 5068 προσοχῆς

159 5077 477 5149 ἀνηκούσης
502 5079 696 5149 parum
725 5081 792 5135 ".
830 5082 1085 5153 Ἐποίησε
1115 5085 1173 5138 δὲ
1206 5085 1418 5149 τοῦτον,
1451 5087 1540 5140 ὅτε
1580 5088 1675 5142 καὶ
1713 5090 1742 5143 6

160 5167 517 5238 πατριάρχης
560 5169 955 5241 Ἱεροσολύμων
986 5174 1014 5225 6
1066 5173 1243 5243 μέγας
1292 5175 1620 5245 Σωφρόνιος,
1648 5179 1741 5230 τὸν

163 5256 266 5327 τῆς
305 5257 616 5325 Αἰγυπτίας
662 5260 882 5331 Μαρίας
915 5262 1042 5314 Βίον
1100 5265 1500 5335 συνεγράψατο.
1550 5268 1739 5321 Κατάο

167 5346 319 5413 νυξιν
342 5350 454 5421 γὰρ
483 5352 576 5404 καὶ
605 5346 759 5416 οὗτος
783 5354 811 5406 ὁ
846 5353 959 5415 βίος
981 5353 1348 5426 προϐέϐληται
1370 5358 1619 5428 ἄπειρον,
1645 5358 1741 5411 καὶ

168 5442 374 5513 πολλὴν
404 5446 517 5506 τοῖς
545 5446 831 5498 ἐπταικόσι
855 5447 949 5498 καὶ
983 5447 1354 5518 ἁμαρτάνουσι
1385 5450 1741 5519 παραμυθίαν

168 5535 381 5599 δίδωσι,
413 5540 461 5590 εί
496 5537 659 5607 μόνον
693 5541 803 5592 τᾶν
852 5539 1075 5608 φαύλων
1108 5539 1411 5609 ἀποστῆναι
1443 5540 1736 5612 βούλοιντο.

1835 3256 2051 3302 remoto
2082 3246 2298 3301 vivendi
2337 3247 2629 3310 instituto,
2673 3245 2844 3300 multa
2872 3244 3096 3315 quidem
3133 3259 3258 3299 cmn
3310 3243 3419 3298 alia

1834 3340 2103 3394 Ecclesia:
2157 3339 2255 3394 Dei
2309 3340 2595 3394 fructuosa
2648 3337 2858 3408 ingenii
2900 3337 3004 3392 ‘sui
3063 3346 3417 3391 monumenta

1836 3431 2084 3501 reliquit,
2117 3439 2232 3486 tum
2263 3432 2454 3487 varias
2510 3434 2800 3488 orationes
2849 3442 2904 3488 et
2953 3447 3238 3487 canones:
3297 3446 3419 3486 cre-

1834 3524 1991 3579 brior
2020 3534 2200 3578 tamen
2233 3534 2287 3577 et
2315 3525 2603 3594 copiosior
2634 3525 2686 3578 in
2738 3524 3092 3595 panegyricis
3141 3523 3418 3578 orationi-

1833 3615 1939 3670 bus
1962 3615 2205 3669 exsistit.
2247 3613 2327 3668 Ex
2371 3615 2561 3667 multis
2601 3622 2784 3668 autem
2815 3615 2964 3678 aliis,
3009 3614 3157 3667 hunc
3190 3629 3418 3684 quoque

1836 3719 2097 3773 magnum
2131 3703 2438 3766 Canonem,
2482 3704 2697 3758 infinita
2745 3705 3087 3759 contritione
3134 3706 3419 3771 animique

1835 3794 2265 3865 compunctione
2290 3793 2579 3858 refertum,
2621 3794 2949 3849 elaboravit.
2978 3794 3225 3847 Collecta
3270 3785 3417 3848 enim

1837 3888 1892 3942 in
1954 3903 2123 3942 unum
2174 3886 2438 3942 universa
2494 3884 2705 3941 Veteris
2770 3893 2825 3939 et
2883 3885 3023 3938 Novi
3076 3883 3416 3939 Te~tamenti

1836 3978 2091 4041 historia,
2125 3976 2405 4031 canticum
2435 3975 2539 4031 boc
2587 3975 2942 4045 composuit:
2976 3974 3047 4029 ab
3085 3975 3299 4028 Adamn
3338 3978 3419 4029 vi-

1837 4072 2059 4131 delicet,
2092 4084 2265 4140 usque
2294 4068 2361 4123 ad
2390 4068 2598 4123 Christi
2642 4068 3094 4137 Assumptionem
3131 4078 3185 4122 et
3218 4068 3419 4137 praedi-

1838 4164 2117 4218 cationem
2153 4163 2533 4232 apostolorum
2567 4180 2580 4216 :
2613 4176 2724 4231 quo
2762 4160 2984 4231 quidem
3028 4176 3246 4215 omnem
3300 4162 3420 4215 ani-

1839 4271 1982 4310 mam
2012 4255 2366 4317 cohortatur,
2399 4263 2457 4309 ut
2487 4270 2550 4309 ea
2586 4268 2707 4324 quae
2753 4254 2805 4307 in
2848 4252 3079 4306 historia
3118 4252 3267 4307 videt
3296 4268 3421 4308 esse

1841 4348 1982 4403 bona
2012 4356 2065 4402 et
2094 4346 2415 4410 laudabilia,
2445 4360 2547 4417 pro
2577 4346 2788 4401 viribus
2823 4354 3107 4410 sectetur;
3142 4361 3265 4415 qua:
3291 4361 3421 4401 vero

1841 4440 2010 4501 mala,
2047 4438 2224 4510 fugiat
2274 4446 2330 4492 et
2382 4447 2704 4503 aversetur;
2757 4450 3085 4507 semperque
3123 4437 3191 4489 ad
3251 4436 3420 4491 Deum

1845 4539 2093 4585 recurrat
2121 4545 2223 4600 per
2258 4529 2663 4599 paenitentiam,
2693 4542 2788 4597 per
2818 4528 3113 4599 lacrymas,
3166 4543 3265 4597 per
3291 4543 3422 4582 con-

1846 4622 2173 4685 fessionem,
2207 4631 2261 4678 et
2286 4637 2382 4692 per
2413 4621 2522 4676 alia
2558 4619 2876 4689 ltujusmodi
2930 4618 3097 4673 Deum
3142 4618 3421 4687 placandi.

1845 4717 2009 4783 eique
2040 4713 2293 4784 placendi
2334 4712 2533 4767 media.
2564 4710 2710 4775 Quia
2747 4710 2885 4765 adeo
2914 4710 3109 4764 Canon
3140 4710 3228 4765 hic
3256 4725 3425 4766 cano-

1846 4818 1947 4860 rus
1974 4816 2059 4861 cst
2090 4812 2146 4860 et
2168 4807 2221 4859 in
2256 4804 2471 4858 animos
2499 4812 2609 4855 tam
2652 4798 2814 4854 facile
2850 4799 3049 4866 inﬂuit,
3082 4809 3141 4854 ut
3182 4810 3235 4856 et
3267 4817 3424 4855 men-

1847 4908 1994 4956 tem,
2046 4897 2149 4950 etsi
2215 4895 2561 4966 prmduram,
2628 4892 2848 4946 abunde
2903 4894 3147 4949 emolliat
3180 4937 3196 4959 ,
3254 4903 3307 4947 et
3355 4894 3423 4947 ad

1846 4989 2227 5059 recipiendum
2280 4987 2332 5042 id
2384 4983 2535 5057 quod
2592 4985 2792 5039 bonum
2840 4993 2897 5039 et
2948 4985 3240 5039 honestum
3292 4993 3375 5040 est
3406 5024 3422 5047 ,

1845 5085 2084 5149 excitet;
2140 5081 2440 5136 dummodo
2473 5077 2644 5134 corde
2671 5079 2934 5141 contrito,
2963 5086 3019 5133 et
3051 5079 3238 5132 debita
3299 5094 3424 5132 cum
3458 5070 3479 5087 “

1844 5177 2151 5231 attentione
2202 5177 2486 5246 psallatur.
2522 5173 2676 5228 Fecit
2717 5182 2906 5227 autem
2941 5172 3090 5227 hunc
3140 5173 3423 5227 Cononem

1843 5283 1909 5321 eo
1965 5276 2214 5337 tempore
2260 5282 2371 5337 quo
2424 5281 2653 5335 magnus
2712 5264 3057 5335 Sophronias
3110 5263 3426 5332 patriarcha

1850 5356 2403 5427 Ilicrnsolymitauus,
2437 5356 2616 5409 Vitam
2650 5354 2835 5408 Maria:
2866 5352 3426 5423 A-Tgyptiaearlitieris

1850 5449 2168 5514 mandavit;
2205 5466 2328 5519 qua:
2356 5460 2411 5502 et
2463 5449 2581 5518 ipsa
2632 5445 3072 5516 compunctioiiis
3107 5443 3424 5514 plenissima

1847 5550 1952 5604 est,
2001 5541 2281 5612 lapsisque
2313 5552 2365 5597 et
2397 5538 2783 5611 peccatoribus
2819 5537 3049 5592 multum
3096 5534 3428 5592 consolatio-

1396 5693 1637 5750 VARIAE
1677 5692 2078 5751 LECTIONES.

238 5806 281 5837 ¹⁷
323 5803 475 5871 Apud
516 5804 698 5864 Grcls.
727 5804 951 5870 διαζῶν.
1068 5808 1109 5839 ³⁵
1132 5807 1310 5877 Grcis.
1341 5809 1626 5877 ἀνάληψιν.

1740 5810 1781 5844 ⁸⁸
1804 5809 1981 5866 Grcis.
2007 5808 2278 5874 ψάλλοιτο.
