3868 6328
172 379 330 447 1371
1464 382 1778 445 MAGNUS
1813 382 2088 445 CANox.
3303 386 3436 454 1373

171 508 202 542 ε
247 490 447 546 κλαίω
476 490 708 561 πικρῶς.
762 508 783 543 ι
812 491 972 555 ’Δνες
1004 506 1116 561 μοι,
1150 488 1367 561 Σῶτερ;
1399 491 1612 563 κράζω,
1637 491 1712 556 ὡς
1742 493 1771 546 6
1799 497 1822 553 Α

1895 499 1931 545 ιι
1952 487 2166 554 Petrus,
2197 508 2215 542 ι
2254 504 2439 547 amare
2462 490 2565 547 lleo
2586 491 2653 559 1D;
2691 510 2711 546 ι
2753 492 2928 549 clamo
2953 503 3011 550 ut
3036 493 3435 567 Publicanusc;

168 579 451 652 Τελώνης
470 597 486 613 ο
516 580 738 652 δακρύω
766 579 842 643 ὡς
873 582 908 650 ἡ
945 581 1118 652 πόρνη
1137 597 1151 612 ⁸
1185 580 1334 645 δέξαι
1371 598 1476 652 μου
1506 582 1599 636 τὸν
1628 580 1765 653 θρῆ-

1895 582 2087 636 emitte
2114 581 2273 650 mihi,
2303 583 2594 648 Salvator;
2643 585 2921 656 lacrymor
2967 594 3025 639 ut
3073 591 3328 643 meretrix
3358 588 3387 631 ιι
3419 608 3436 646 :

167 688 306 736 νον,
333 669 521 735 καθώς
551 687 682 724 ποτε
708 671 809 741 τῆς
834 671 1168 735 Χαναναίας.

1895 685 1927 724 ιι
1964 671 2112 725 velut
2139 670 2268 724 olim
2308 671 2653 740 Chananaeze,
2686 674 2895 728 luctum
2924 689 3107 730 meum
3137 679 3356 746 suscipe
3387 689 3435 732 ο.

259 762 381 833 Τῆν
411 762 704 847 σηπεδόνα,
731 761 940 834 Σῶτερ,
971 762 1338 834 θεράπευσον,
1372 763 1476 833 τῆς
1502 763 1768 834 ταπεινῆς

1939 758 2103 814 Putre
2127 761 2283 816 ulcus
2322 762 2547 817 humilis
2576 765 2774 820 anima:
2804 778 2956 828 mea,
2987 780 3144 827 cura,
3177 782 3211 819 ο
3243 766 3440 822 Sa!va-

173 869 302 923 μου
338 853 552 924 ψυχῆς·
591 853 718 923 μόνε
763 852 939 924 ίατρι,
982 853 1253 924 μάλαγμα
1295 871 1388 925 μοι
1427 855 1637 921 ἐπίθες,
1672 855 1769 908 καὶ⁸

1895 867 2001 908 or:
2044 862 2100 908 tu
2131 855 2282 910 solus
2314 854 2559 911 medicus
2600 856 2892 926 malagma,
2924 856 3218 925 oleumque
3257 872 3314 912 et
3355 859 3441 912 vi-

170 941 377 998 ἔλαιον
412 945 511 997 καὶ
551 940 721 1008 οἶνον,
757 943 898 1014 ἔργα
943 944 1264 1015 μετανοίας,
1300 944 1591 1009 κατάνυξιν
1628 945 1768 1016 μετὰ

1895 960 2001 998 tum
2021 983 2038 1008 ,
2060 960 2254 1015 nempe
2285 946 2621 1016 paenitentia:
2644 961 2811 1017 opera
2831 985 2849 1013 ,
2891 948 3281 1002 contritionem
3312 964 3438 1004 cum

1868 1035 2132 1107 lacrymis
2161 1037 2383 1093 adhibe.
2476 1089 2481 1095 .

1939 1125 2116 1180 Etiam
2160 1142 2262 1195 ego
2322 1124 2692 1183 Chanaiimam
2748 1128 3017 1191 imitatus,
3075 1126 3242 1182 David
3297 1125 3440 1180 Filio

1868 1218 2067 1283 clamo,
2109 1235 2127 1269 ι
2184 1216 2446 1273 Miserere
2491 1221 2595 1275 mei
2666 1218 2727 1285 t;
2791 1237 2810 1272 ι
2855 1229 3017 1288 tango
3057 1218 3347 1281 ﬁmbriam,
3382 1227 3441 1271 ut

1868 1306 2299 1364 hmorrhoissa
2324 1311 2385 1374 8;
2414 1308 2518 1365 ﬂeo
2539 1319 2599 1364 ut
2625 1308 2841 1365 Martha
2864 1318 2918 1365 et
2937 1309 3107 1364 Maria
3141 1323 3309 1378 super
3345 1306 3441 1361 La-

1869 1413 2061 1451 zarum
2088 1398 2140 1451 δ.

1938 1487 2336 1559 Lacrymarum
2392 1489 2732 1546 alabastrum
2752 1531 2768 1557 ,
2796 1506 2832 1546 o
2863 1491 3138 1557 Salvator,
3175 1470 3438 1565 unguenti

170 1033 474 1107 δακρύων.

263 1128 381 1199 Τὴν
399 1127 711 1181 Χαναναίαν
733 1125 888 1196 κάγὼ
914 1125 1271 1197 μιμούμενος,
1300 1143 1320 1177 ι
1343 1123 1599 1195 Ἐλέησόν
1622 1140 1710 1194 με,
1742 1141 1762 1175 ι

174 1213 305 1285 βοῶ
326 1214 407 1286 τῷ
432 1214 547 1286 Υίῷ
574 1215 772 1269 Δαϐίδο
800 1215 1043 1284 ἂπτομαι
1066 1213 1162 1267 τοῦ
1189 1214 1497 1283 κρασπέδου
1523 1213 1599 1276 ὡς
1623 1215 1656 1283 ἡ
1685 1215 1771 1266 αί-

177 1305 542 1378 μορῤοῦσα·
577 1305 752 1359 κλαίω
780 1303 855 1368 ὡς
886 1307 919 1377 η
953 1304 1153 1376 Μάρθα
1185 1305 1283 1359 καὶ
1311 1303 1499 1375 Μαρία
1532 1303 1628 1358 ἐπὶ
1660 1304 1770 1357 Λα·-

176 1397 389 1470 ζάρου.

264 1488 345 1542 Τδ
380 1487 490 1543 τῶν
525 1488 802 1558 δακρύων,
836 1488 1042 1558 Σῶτερ,
1082 1487 1448 1558 ἀλάϐαστρον,
1483 1484 1560 1550 ὡς
1599 1483 1770 1556 μύρον

176 1579 485 1634 κατακενῶ
516 1580 613 1634 ἐπὶ
648 1579 927 1650 κεφαλῆς*
961 1579 1151 1651 κράζω
1180 1596 1265 1633 σοι
1295 1580 1373 1644 ὡς
1404 1580 1439 1649 ἡ
1471 1579 1643 1650 πόρνη
1675 1577 1770 1631 τὸν

1895 1589 2069 1641 nstar,
2116 1593 2286 1649 super
2314 1587 2484 1650 caput
2536 1595 2747 1635 evacuo
2790 1581 2856 1647 ις
2902 1582 3083 1637 clamo
3135 1582 3234 1638 tibi
3295 1584 3441 1637 sicut

178 1670 374 1724 ἔλαιον
405 1669 667 1742 ζητοῦσα.
721 1670 921 1741 Δέησιν
953 1670 1244 1743 προσάγω,
1279 1671 1372 1724 καλ⁵
1406 1670 1600 1739 ἄφεσιν
1633 1668 1769 1724 αίτῶ

1895 1669 2133 1722 neretrix
2190 1668 2283 1722 illa
2352 1668 2794 1724 misericordiam
2851 1686 3106 1739 quaerens
3160 1670 3208 1725 i.
3258 1669 3441 1727 Oll'ero

176 1761 381 1816 λαϐεῖν
411 1779 501 1832 με.

1895 1772 2088 1824 preces,
2128 1758 2632 1829 remissionemque
2662 1760 2923 1830 efﬂagito.
3090 1816 3095 1821 ,

260 1853 327 1907 El
354 1854 448 1907 καὶ
480 1853 667 1924 μηδεὶς
695 1851 773 1917 ὡς
797 1851 910 1922 ιγώ
945 1868 1028 1905 σοι
1058 1852 1336 1931 ἥμαρτεν,
1367 1851 1482 1906 ἀλλ’
1503 1852 1657 1923 ὅμως
1683 1852 1769 1907 δέ·
1799 1847 1822 1903 1

1940 1846 2265 1918 Quanquam
2308 1864 2470 1904 nemo
2504 1850 2581 1904 ita
2626 1860 2685 1904 ut
2714 1864 2818 1919 ego
2862 1850 3105 1920 graviter
3136 1850 3435 1921 peccavit;

181 1945 282 2010 ξαι
316 1945 498 2016 κάμὲ,
533 1944 880 2015 εὖσπλαγχνε
924 1943 1144 2016 Σῶτερ,
1180 1942 1330 2013 φόϐῳ
1366 1942 1729 2014 μετανοοῦντα
1752 1983 1767 2008 ,

1895 1939 1968 1993 sed
1996 1949 2052 1994 et
2079 1954 2164 1994 me
2186 1940 2571 2005 nihilominus,
2599 1941 2842 1996 clemens
2867 1941 3146 2006 Salvator,
3185 1943 3402 2011 suscipe
3421 1979 3438 2004 .

180 2038 289 2091 καὶ
315 2036 469 2106 πόθῳ
492 2035 823 2107 κεκραγόταο
856 2032 1171 2104 «Ἥμαρτόν
1193 2048 1276 2085 σοι
1307 2032 1474 2105 μόνῳ,
1499 2034 1777 2104 ηνόμησα,

1899 2029 2075 2084 imore
2133 2034 2529 2099 pmnitentem,
2597 2045 2663 2086 ac
2723 2031 3002 2086 desiderio
3056 2032 3436 2087 clamantem:

180 2127 422 2197 ἐλέησόν
454 2143 545 2198 με.
582 2145 601 2179 ι

1895 2139 1899 2172 ι
1933 2120 2056 2175 Tibi
2087 2123 2193 2177 soli
2229 2123 2448 2190 peccavi
2476 2138 2494 2188 ;
2518 2118 2708 2189 inique
2737 2122 2857 2191 egi;
2889 2121 3151 2176 miserere
3181 2123 3307 2176 mei.
3344 2140 3364 2173 ι

260 2221 477 2286 θεῖσαι,
507 2218 715 2291 Σῶτερ,
748 2217 842 2273 τοῦ
879 2216 1009 2270 ἰδίου
1046 2215 1380 2287 πλάσματος,
1413 2215 1505 2270 καὶ
1538 2213 1772 2286 ζήτησον

1943 2210 2139 2276 Parce,
2202 2211 2478 2277 Salvator,
2535 2223 2627 2265 tuo
2682 2211 2980 2280 ﬁgmento,
3033 2226 3098 2265 ac
3143 2212 3291 2266 velut
3345 2226 3442 2281 pa-

183 2307 267 2372 ὡς
292 2307 500 2379 ποιμὴν
523 2308 584 2360 τὸ
609 2296 888 2370 ἀπολωλὸς
912 2305 1181 2377 πρόϐατον
1206 2322 1219 2337 ⁸
1250 2305 1588 2377 πλανηθέντα
1613 2307 1774 2377 ἐξάρ-

1895 2307 2011 2364 ιιοιδ,
2045 2316 2202 2355 ovem
2239 2316 2427 2371 quu't'e
2464 2317 2585 2370 quae
2613 2302 2773 2371 periit
2802 2299 2831 2339 ιι
2860 2319 2873 2354 ;
2909 2309 3183 2354 errantem
3219 2316 3249 2355 a
3283 2302 3442 2356 leone

188 2414 371 2452 πασον
407 2397 501 2452 τοῦ
534 2397 735 2452 λύκου’
760 2395 1001 2467 ’ποίησόν
1040 2411 1108 2467 με
1145 2394 1398 2467 θρέμμα,
1438 2399 1496 2450 ὲν
1531 2398 1596 2468 τῇ
1633 2399 1769 2468 μονῇ

1895 2391 2022 2460 eripe
2057 2403 2072 2444 :
2102 2390 2189 2445 fac
2243 2406 2327 2446 me
2373 2392 2655 2446 alumnum
2699 2392 2752 2445 in
2786 2393 2943 2445 caula
2985 2393 3166 2445 ovium
3200 2402 3440 2446 tuarutn.

189 2490 305 2544 τῶν
337 2489 448 2544 σῶν
475 2490 784 2561 προϐάτων.
2310 2530 2315 2535 ι

262 2581 440 2634 ὀταν
465 2581 697 2655 καθίσῃς
722 2580 933 2652 Κριτὴς
955 2580 1031 2645 ὡς
1055 2580 1449 2652 εύσπλαγχνος,
1473 2580 1571 2636 καὶ
1593 2580 1771 2652 δείξῃς

1945 2570 2180 2636 Quando
2220 2570 2397 2627 Judex
2445 2571 2659 2628 sederis
2712 2571 2859 2626 velut
2896 2571 3160 2638 clemens,
3184 2577 3443 2639 tuamque

182 2673 298 2744 τὴν
320 2673 563 2744 φοϐερὰν
582 2673 742 2737 δόξαν
771 2689 887 2737 σου,
913 2672 1120 2743 Χριστὲ
1141 2713 1156 2739 ,
1183 2666 1229 2726 ὦ
1254 2675 1404 2736 ποῖος
1429 2672 1594 2741 φόϐος
1616 2672 1768 2726 τότει

1897 2661 2172 2715 erribilem
2201 2662 2459 2730 gloriam,
2490 2677 2524 2716 o
2548 2661 2788 2725 Christe,
2821 2659 3134 2715 ostenderis
3159 2676 3174 2713 :
3206 2675 3239 2713 ο
3262 2662 3443 2728 quau-

185 2762 433 2834 καμίνου
463 2764 760 2834 καιομένης
781 2778 794 2792 ·
831 2764 1049 2819 πάντων
1075 2762 1399 2819 δειλιώντων
1422 2764 1484 2817 τὸ
1511 2763 1772 2818 άστεκτον

1899 2765 1965 2805 us
2001 2762 2131 2805 tunc
2162 2751 2328 2804 timor
2365 2751 2380 2804 ι
2412 2751 2632 2805 camino
2660 2766 2913 2814 accensa,
2948 2749 3316 2820 omuibusque
3350 2766 3444 2816 pa-

184 2851 294 2906 τοῦ
320 2851 568 2922 βήματός
597 2869 712 2908 σου.
770 2878 779 2923 ι

1895 2843 2129 2898 rentibus
2165 2843 2408 2897 tribunal
2457 2843 2593 2897 illud
2650 2852 2830 2907 tuum,
2889 2841 3034 2913 quod
3083 2843 3223 2898 nihil
3268 2843 3443 2896 latere

738 2926 781 2947 ’³
1871 2935 2067 3005 possit.

804 3030 919 3100 Τῆς
948 3031 1081 3086 Ὀσί
1081 3049 1174 3097 ας.

283 3121 352 3176 Ἠ
387 3122 484 3177 τοῦ
524 3124 704 3188 Φωτὸς
737 3124 835 3178 τοῦ
874 3124 1071 3179 ἀδύτου
1123 3126 1323 3196 Μήτηρ
1365 3141 1424 3179 σε
1466 3126 1769 3194 φωτίσασα,

191 3215 515 3285 σκοτασμοῦ
571 3215 730 3269 ἔλυσε
784 3216 973 3270 παθῶν
998 3232 1014 3249 ο
1070 3215 1193 3271 ὃθεν
1239 3216 1620 3289 εἰσδεδεγμένη
1676 3218 1797 3272 τοῦ

190 3305 516 3377 Πνεύματος
542 3308 641 3376 τὴν
665 3307 855 3380 χάριν,
885 3306 1150 3376 φώτισον,
1180 3307 1368 3379 Μαρία
1387 3348 1404 3373 ,
1430 3308 1558 3373 τούς
1590 3325 1651 3363 σε
1682 3327 1773 3363 πι-

192 3396 345 3459 στῶς
373 3396 842 3468 ἀνευφημοῦντας.

263 3488 463 3558 Θαῦμα
494 3490 679 3544 καινὸν
705 3488 937 3544 κατιδὼν
966 3490 1214 3557 ἐξίστατο
1244 3492 1274 3544 ὁ
1306 3490 1448 3557 θεῖος
1481 3493 1649 3560 ὅντως
1668 3535 1680 3559 ,
1714 3496 1774 3549 ὲν

192 3579 301 3641 σοὶ,
333 3580 548 3654 Μῆτερ,
574 3583 857 3653 Ζωσιμᾶς’
881 3581 1115 3651 ἄγγελον
1141 3583 1251 3655 γὰρ
1278 3584 1423 3655 ἑώρα
1449 3587 1508 3637 ἐν
1534 3585 1770 3655 σώματι,

190 3668 296 3723 καὶ
348 3669 593 3739 θάμϐους
639 3671 760 3735 ὅλος
803 3668 1128 3742 ἐπληροῦτο,
1173 3671 1408 3743 Χριστὸν
1450 3671 1653 3742 ὑμνοῦν
1693 3675 1773 3737 είς

191 3760 329 3823 τοὺς
358 3760 581 3824 αἰῶνας.
744 3754 753 3763 ’

830 3940 1130 4009 Ἀνδρέου.

282 4030 372 4095 ἀς
405 4031 717 4103 παρρησίαν
749 4031 889 4102 ιχων
925 4032 1062 4101 πρὸς
1094 4030 1322 4102 me”:
1357 4029 1771 4102 Ἀνδρέαθκρή·

192 4138 301 4192 της
328 4123 526 4175 σεπτὸν
554 4122 734 4186 κλέος,
764 4121 1017 4185 δυσωπῶ,
1048 4122 1317 4194 πρέσϐευε
1347 4121 1442 4175 τοῦ
1470 4121 1668 4192 δεσμοῦ
1705 4139 1771 4193 με

194 4215 301 4284 τῆς
340 4214 572 4283 ἀνομίας
613 4213 767 4266 λύσιν
806 4213 901 4267 νῦν
940 4215 1121 4283 εὑρεῖν
1159 4215 1346 4283 εὐχαῖς
1390 4229 1514 4277 σου,
1553 4214 1629 4278 ὡς
1671 4214 1772 4284 τῆς

198 4305 494 4376 μετανοίας
521 4304 861 4371 διδάσκαλος,
889 4304 1051 4358 ὁσίων
1078 4303 1226 4370 δόξα.

2470 3024 2539 3079 1η
2566 3023 2844 3081 Sanctam.

1945 3117 2084 3173 Cum
2121 3124 2172 3172 te
2209 3116 2460 3172 Luminis
2492 3116 2685 3183 Mater,
2727 3116 2873 3187 quod
2903 3132 3160 3174 occasum
3208 3121 3439 3183 neseiat,

1876 3208 2264 3274 illuminasset,
2310 3208 2573 3263 vitiorum
2623 3210 2864 3265 tenebris
2893 3211 3169 3265 absolvit:
3214 3228 3446 3283 quapru-

1876 3308 2015 3371 pter,
2066 3308 2344 3371 suscepta,
2391 3315 2425 3354 ο
2472 3299 2642 3354 Maria
2698 3300 2938 3370 Spiritus
2986 3302 3184 3371 gratia,
3235 3312 3288 3358 te
3338 3304 3445 3358 llJe

1876 3391 2214 3446 celebrantes
2251 3391 2521 3446 illumina.

1945 3480 2160 3534 Novum
2220 3482 2274 3534 in
2327 3491 2380 3535 te
2425 3482 2753 3536 miraculum
2808 3491 3101 3547 contuens,
3156 3500 3191 3539 ο
3247 3483 3440 3550 Mater,

1875 3587 2003 3629 vere
2055 3571 2394 3627 admirabilis
2452 3572 2705 3626 Zosimas
2771 3574 3104 3643 obstupuit,
3169 3590 3234 3629 ac
3296 3578 3443 3631 velut

1874 3671 2057 3716 mente
2081 3669 2298 3716 emotus
2326 3670 2410 3716 est
2438 3678 2453 3714 :
2492 3661 2707 3715 videbat
2750 3665 2895 3717 enim
2932 3665 2986 3717 in
3016 3680 3247 3734 corpore
3275 3682 3442 3735 ange-

1875 3749 2009 3814 lum,
2046 3757 2305 3818 totusque
2356 3758 2581 3819 stupore
2615 3752 2953 3820 replebatur,
3002 3744 3247 3810 laudans
3286 3758 3442 3811 Chri-

1876 3848 2022 3896 stum
2061 3842 2116 3894 in
2144 3840 2365 3895 saecula.

2455 3929 2485 3984 Ι
2492 3949 2522 3985 ιι
2566 3931 2853 3986 Andream.

1945 4022 2105 4078 Velut
2148 4022 2242 4093 qui
2283 4024 2540 4078 licluciam
2589 4025 2734 4093 apud
2786 4025 3073 4080 Dominum
3131 4026 3354 4094 habeas,
3404 4047 3439 4085 ο

1873 4112 2116 4179 Andrea,
2152 4115 2468 4170 venerabile
2490 4115 2670 4169 Creta:
2714 4116 2902 4183 decus,
2951 4117 3219 4186 obsecro;
3260 4122 3437 4176 inter-

1873 4205 2064 4271 eedas,
2104 4212 2165 4259 ut
2200 4206 2312 4261 tuis
2343 4221 2493 4260 nunc
2526 4205 2802 4276 precibus,
2851 4207 2945 4278 qui
2991 4210 3327 4278 pmnitentiae
3358 4213 3436 4266 sis

1876 4294 2087 4359 doctor,
2122 4309 2186 4347 ac
2221 4294 2395 4364 gloria
2426 4303 2775 4360 sanctorum,
2809 4296 3212 4353 absolutionem
3238 4316 3267 4352 a
3307 4314 3437 4371 pee-

1875 4384 1985 4438 cati
2014 4384 2238 4439 vinculo
2266 4386 2577 4442 naucisear.

247 4508 640 4579 Εὑλογοῦμεν
659 4508 919 4577 Πατέρα,
950 4506 1107 4570 Υιὸν,
1135 4511 1233 4565 καὶ
1264 4511 1438 4581 ἅγιον
1457 4511 1716 4581 Πνεῦμα.
1797 4490 1822 4552 1

1895 4496 2244 4553 Βεηεάὶσὶηιιιε
2286 4497 2524 4566 Patrem,
2572 4509 2621 4554 et
2665 4498 2891 4567 Filium,
2921 4510 2971 4556 et
3003 4500 3265 4570 Spiritum
3312 4521 3439 4559 san-

134 4664 161 4741 ."
266 4664 738 4736 ’Δναρχε·ῐιάτερ,
761 4665 858 4719 Υἱὲ
882 4667 1082 4722 συνάνα
1093 4683 1209 4737 ρχε,
1233 4663 1562 4737 Παράκλητε
1584 4665 1772 4734 ἀγαθὲ,

190 4754 426 4827 Πνεῦμα
473 4755 535 4809 τὸ
580 4756 756 4822 εὑθὲς,
806 4756 981 4823 Λόγου
1034 4755 1168 4810 Θεοῦ
1216 4755 1518 4826 Γεννῆτορ,
1566 4756 1777 4827 Πατρὸς

190 4848 438 4918 άνάρχου
460 4845 632 4914 Λόγε,
656 4846 878 4918 Πνεῦμα
899 4846 1008 4912 ζῶν
1033 4846 1125 4900 καὶ
1151 4843 1351 4911 κτίζον,
1378 4845 1547 4917 Τριὰς
1572 4846 1774 4913 Μονὰς,

189 4938 419 5010 ἐλέησόν
449 4956 535 5009 με.

867 5050 1105 5106 Θεοτόκ.
1708 5082 1719 5095 ο

258 5136 275 5157 ⁸
295 5142 367 5204 Ως
398 5142 462 5195 ἐκ
491 5140 668 5213 βαφῆς
691 5140 1046 5212 ἁλουργίδος,
1076 5142 1342 5213 άχραντε,
1372 5142 1406 5211 ἡ
1436 5141 1601 5211 νοητὴ
1634 5159 1770 5211 πορ-

190 5233 358 5307 (popl;
406 5232 501 5287 τοῦ
531 5233 899 5304 Ἐμμανουήλ,
935 5232 1083 5288 ἔνδον
1122 5235 1180 5286 ὲν
1221 5236 1289 5305 τῇ
1334 5233 1535 5304 γαστρί
1577 5250 1694 5300 σου,
1733 5235 1767 5305 η

195 5323 338 5396 σὰρξ
367 5326 774 5397 συνεξυφάνθης
805 5326 927 5380 ὅθεν
955 5324 1216 5379 Θεοτόκον
1244 5326 1303 5378 ὲν
1326 5324 1555 5396 ἀληθείᾳ
1589 5341 1648 5378 σε
1681 5342 1764 5378 τι·

200 5413 431 5485 μοῦμεν.
470 5416 823 5497 (Δινοῦμεν,
859 5414 1258 5485 εὐλογοῦμεν·
1298 5414 1396 5468 και
1437 5414 1624 5470 πάλιν
1658 5415 1766 5469 τὸν

197 5506 460 5577 ειρμόν.)

304 5697 334 5738 δ
379 5695 513 5752 Luc.
565 5713 702 5761 uti,
737 5696 826 5755 62.

199 5778 274 5833 ιι,
305 5766 375 5821 20
406 5782 562 5838 seqq.
636 5769 663 5807 Ι·
687 5766 929 5831 Joamxt,
959 5768 1052 5831 33,
1083 5767 1170 5820 54.

934 5708 956 5738 ε
996 5696 1133 5751 Luc.
1185 5711 1344 5758 vvm,
1422 5697 1504 5751 l5.
1601 5696 1625 5735 ά
1682 5694 1816 5749 Luc.
1870 5711 1971 5757 vn,
2057 5695 2148 5751 58.

1288 5767 1302 5805 ί
1343 5766 1538 5820 Matth.
1580 5780 1730 5831 uri,
1761 5764 1812 5833 7;
1842 5763 2010 5822 Marc.
2042 5782 2151 5833 xrv,
2188 5767 2241 5821 3.
2322 5765 2337 5816 ι
2378 5765 2512 5824 Luc.
2544 5784 2640 5835 vn,
2674 5769 2765 5827 38.

2574 4583 2744 4623 ctum.

1942 4656 2170 4712 Eterne
2225 4654 2406 4721 Pater,
2461 4654 2564 4710 Fili
2614 4666 2907 4723 comterne,
2946 4659 3088 4715 bone
3134 4659 3436 4726 Paraclete,

1872 4757 2025 4802 recte
2056 4746 2318 4818 Spiritus.
2358 4744 2522 4802 Verbi
2562 4747 2657 4803 Dei
2710 4745 2969 4813 Genitor,
3021 4749 3197 4807 l’atris
3247 4757 3436 4806 autem

1872 4837 2133 4904 Verbum,
2184 4836 2424 4907 Spiritus
2453 4840 2574 4894 vive
2618 4848 2674 4895 et
2704 4840 2953 4906 Creator,
3012 4840 3256 4899 Trinitas
3306 4841 3440 4898 Uni-

1876 4940 2091 5003 tasque,
2128 4932 2398 4988 miserere
2423 4934 2548 4991 mei.

2483 5046 2569 5100 Ad
2609 5046 2827 5118 θείμαν.

1945 5133 2107 5189 Velut
2147 5150 2209 5190 ex
2265 5137 2475 5192 murice
2517 5140 2780 5206 quodam,
2827 5156 2860 5196 ο
2894 5141 3242 5207 intemerata,
3289 5145 3438 5198 intus

1871 5227 1926 5281 in
1963 5235 2117 5281 utero
2144 5229 2555 5299 tuo,.spiritalis
2600 5229 2977 5289 Emmanuelis
3027 5250 3273 5303 purpura
3321 5235 3438 5298 illa,

1871 5333 2004 5373 raro
2035 5326 2291 5374 contexta
2330 5328 2458 5376 est:
2491 5322 2848 5390 quamobrem
2891 5333 2943 5378 te
2976 5340 3104 5378 vere
3143 5323 3435 5394 Deiparam

1872 5413 2230 5470 honoramus.
2288 5412 2642 5486 (Laudamus,
2698 5415 3089 5481 benedicimus;
3141 5433 3204 5471 ac
3248 5433 3436 5472 rursus

1878 5503 2174 5576 llirmum.)

2227 5706 2280 5757 ,ο
2306 5697 2503 5752 Matth.
2536 5714 2626 5763 xv,
2659 5699 2748 5752 99.
2866 5698 2885 5736 ί
2916 5698 3070 5754 ἰιιὶιΙ..
3176 5704 3202 5740 ⁸
3237 5700 3430 5757 Matth.

2864 5768 2886 5807 ι
2916 5769 3058 5824 l’sal.
3089 5785 3277 5839 cxvnn,
3312 5772 3434 5831 £76.
