3868 6328
121 425 292 491 138ἱ)

1417 429 1667 489 (ῘΑΝΟΝ
1707 428 1789 488 IN
1831 426 2212 487 LAZARUM.

3297 427 3434 493 1390

222 538 616 608 Ἐσείσθησαν
663 539 731 592 τὰ
779 543 981 610 ταμεῖα
1027 541 1122 595 τοῦ
1161 541 1325 610 ᾅδου,
1372 542 1447 604 ὡς
1493 527 1759 610 ἐψυχοῦτο

1934 536 2213 591 Concussa
2253 541 2382 590 sunt
2447 531 2648 589 inferni
2681 535 3049 605 receptacula,
3075 543 3133 589 ut
3161 544 3291 594 tunc
3324 551 3437 597 sta-

119 631 328 694 esse;
352 633 509 686 κάτω
534 631 781 702 Λάζαρος
803 633 946 698 τότε,
992 637 1055 706 τῇ
1093 638 1242 706 φωνῇ
1292 635 1384 688 τοῦ
1415 633 1753 699 ξωώσαντος.

651 725 790 797 ’ῼδὴ
832 734 902 794 γ’.
945 727 1008 780 '0
1044 729 1284 798 Ειρμός.

218 833 242 864 ι
263 831 266 834 λ
287 814 474 868 Λίθον
504 815 562 868 ὃν
588 817 996 888 ὲπεδοκίμησαν
1038 821 1086 870 οἱ
1115 819 1529 888 οίκοδομοῦντες
1551 860 1566 884 ,
1603 809 1759 880 οὗτος

122 905 415 976 ἐγενήθη
450 907 531 970 εξς
557 906 796 976 κεφαλὴν
823 909 1054 975 γωνίας*
1087 929 1105 960 ι
1138 909 1298 973 αὑτός
1328 911 1474 961 ἐστιν
1505 910 1536 979 ἡ
1562 909 1757 978 πέτρα,

125 999 194 1049 ἐν
323 999 640 1067 ὲστερέωσε
675 1001 909 1069 Χριστὸς
944 1001 1043 1071 τὴν
1081 1001 1410 1073 Ἐκκλησίαν
1449 1000 1612 1054 αὑτοῦ
1638 1041 1653 1067 ,
1691 999 1759 1069 ἦν

125 1086 196 1153 ἐξ
235 1087 441 1140 ἐθνῶν
473 1089 868 1160 ἐξηγορήσατο.

209 1177 356 1230 Θαῦ
369 1196 450 1249 μα
477 1179 626 1243 ξένον
657 1181 752 1233 καὶ
783 1183 1087 1254 παράδοξον
1114 1199 1129 1214 ⁸
1156 1184 1272 1247 πῶς
1298 1185 1326 1237 6
1355 1186 1597 1258 Κτίστης
1621 1187 1759 1241 πάν-

126 1285 286 1333 των,
327 1271 476 1339 ὅπερ
504 1271 602 1322 οὐκ
625 1272 832 1340 ἠγνόει,
860 1273 935 1335 ὡς
963 1274 1171 1340 ἀγνοῶν
1188 1274 1409 1345 ἠρώτας
1439 1277 1546 1329 Ποῦ
1581 1281 1756 1331 κεῖται

130 1360 200 1412 ὃν
241 1360 552 1433 θρηνεῖτῆ
586 1362 694 1415 Ποῦ
726 1364 989 1418 τέθαπται
1023 1367 1295 1438 Λάζαρος,
1318 1369 1375 1420 ὃν
1411 1370 1530 1438 μετ’
1561 1370 1758 1439 ὀλίγων

134 1454 210 1504 ὲκ
252 1453 509 1524 νεκρῶν,
541 1453 716 1518 ζῶντα
746 1459 880 1526 ἡμῖν
911 1457 1256 1528 ὲξανεστήσω
1286 1459 1435 1529 me;

223 1635 415 1688 Λίθον
461 1635 520 1687 ὃν
565 1651 647 1687 σοι
699 1633 1103 1704 προσεκόλισαν
1157 1636 1207 1686 oi
1258 1636 1620 1705 κηδεύσαντές
1673 1655 1754 1704 σε,

141 1725 368 1780 τοῦτον
398 1727 724 1794 συγκινῆσαι
755 1728 783 1780 6
822 1725 1030 1794 Ἰησοῦς
1059 1727 1393 1798 προστάξας,
1424 1728 1588 1792 εὐθὺς
1621 1730 1760 1784 ἀνέ-

147 1817 348 1886 στησὲ
413 1833 497 1880 σε,
562 1818 818 1887 φωνήσας
867 1835 950 1870 σοι
976 1834 989 1846 ·
1042 1817 1258 1888 Λάζαρε
1287 1857 1304 1885 ,
1329 1820 1572 1874 ἀνάστα·
1598 1820 1759 1893 δεῦρο

147 1909 313 1978 πρός
353 1925 424 1979 με
450 1923 465 1939 ο
506 1909 595 1962 ἵνα
623 1909 724 1980 τὴν
753 1909 850 1980 σὴν
878 1912 905 1962 6
935 1905 1066 1981 ᾇδης
1097 1909 1274 1982 πτήξῃ
1301 1914 1506 1981 φωνήν.

231 2001 454 2072 Μάρθα
486 2002 581 2054 καὶ
605 2003 813 2072 Μαρὲα,
843 2003 1014 2073 Κύριε
1037 2043 1050 2065 ,
1084 2002 1340 2072 ὀδυρμοῖς
1371 2003 1561 2056 ἐϐόων·
1597 2021 1617 2055 ι
1655 2004 1758 2058 Ἴδε

147 2091 217 2142 δν
245 2092 469 2159 ἐφίλεις
489 2095 800 2159 τεταρταῖος
817 2093 1018 2157 Manlii
1037 2091 1104 2165 ἦς
1126 2088 1228 2149 ὧδε
1243 2096 1387 2160 τότε,
1408 2097 1508 2150 οὐκ
1527 2096 1759 2169 ἔθνησκε

152 2183 454 2255 Λάζαρος.
493 2203 512 2234 ι
557 2185 696 2236 Ἀλλ’
727 2185 802 2248 ὡς
828 2184 1130 2258 ἀχώριστος
1155 2189 1317 2242 παντὶ
1341 2228 1356 2254 ,
1384 2189 1573 2243 τοῦτον
1599 2189 1760 2252 εὐθὺς

156 2277 443 2345 φωνήσας
472 2277 724 2346 ἡγειρας.

248 2456 459 2518 Ῥάνας
497 2453 589 2507 ἐπὶ
627 2453 764 2524 φίλῳ
801 2454 1014 2526 δάκρυα
1055 2457 1122 2510 δι’
1165 2459 1508 2530 οίκονομίαν,
1550 2461 1759 2529 ἔδειξας

155 2543 269 2616 τὴν
304 2547 488 2617 σάρκα
511 2546 608 2614 τὴν
637 2545 697 2610 ἐξ
725 2545 884 2617 ἡμῶν
912 2547 1214 2619 ληφθεῖσαν
1238 2591 1252 2614 ,
1283 2552 1442 2623 οὐσίᾳ
1461 2595 1476 2620 ,
1511 2555 1570 2606 οὑ
1601 2554 1764 2626 δοκή-

158 2654 255 2691 σει
286 2680 301 2704 ,
339 2638 526 2708 Σῶτερ
555 2678 570 2705 ,
612 2637 908 2691 ὲνωθείσάν
960 2657 1042 2692 σοι
1076 2657 1090 2671 ο
1132 2643 1226 2695 καὶ
1263 2643 1338 2707 ὡς
1379 2644 1759 2718 φιλάνθρωπος

157 2728 331 2794 Θεὸς,
365 2727 556 2783 τοῦτον
575 2729 737 2793 εὐθὺς
765 2733 1045 2802 φωνήσας,
1084 2733 1338 2806 ἤγειρας.

241 2905 414 2976 Οἵμοι
443 2908 456 2959 ί
498 2906 668 2969 ὅντως
717 2906 811 2960 νῦν
853 2905 1129 2971 ἀπόλωλα,
1155 2906 1368 2960 ὲκὸοῶν
1391 2907 1420 2960 6
1452 2906 1585 2979 ᾅδης
1615 2908 1757 2962 οῦτω

161 2994 525 3066 προσεφώνει
553 2995 632 3066 τῷ
657 2997 873 3068 θανάτῳ
901 2999 1092 3066 λέγων·
1139 2998 1268 3052 Ἰδοὺ
1296 3001 1325 3051 6
1351 3000 1664 3071 Ναζαραῖος
1686 3003 1757 3057 τὰ

163 3086 334 3140 κάτω
358 3086 658 3152 συνέσεισε,
684 3089 780 3142 καὶ
806 3092 904 3159 τὴν
925 3089 1168 3160 γαστέρα
1193 3107 1295 3161 μου
1315 3089 1521 3161 τεμὼν,
1551 3093 1754 3147 άπνουν

165 3177 396 3250 νεκρὸν,
427 3179 681 3249 φωνήσας
704 3179 915 3250 ἤγειρε.

250 3267 365 3322 Ποῦ
397 3269 432 3338 ἡ
461 3268 570 3320 τῶν
614 3267 881 3337 Ἐϐραίων
909 3267 1103 3337 ἇνοιας
1133 3269 1244 3323 Ποῦ
1281 3271 1315 3341 ή
1346 3269 1576 3324 ἀπιστία
1601 3286 1617 3337 ;
1649 3271 1756 3335 ἕως

169 3360 312 3414 πότε
351 3360 542 3414 πλάνοι
569 3376 584 3427 ;
620 3361 765 3424 Ἕως
794 3361 926 3414 πότε
956 3361 1130 3428 νόθοις
1174 3362 1372 3433 Ὁρᾶτε
1401 3363 1492 3416 τὸν
1525 3363 1758 3417 θανόντα

170 3452 334 3520 φωνῇ
365 3449 740 3518 ἐξαλλόμενον,
777 3452 873 3505 καὶ
898 3452 1181 3504 ἀπιστεῖτε
1213 3452 1291 3522 τῷ
1340 3453 1564 3525 Χριστῷ
1587 3471 1603 3521 ;
1628 3455 1757 3507 Ὀν-

169 3559 287 3604 τως
329 3541 438 3594 υἱοὶ
461 3539 556 3592 τοῦ
579 3540 805 3604 σκότους
835 3539 1038 3604 πάντες
1065 3542 1248 3611 ὑμεῖς.

881 3654 1055 3718 Δόξα.

252 3744 392 3799 Ἕνα
423 3747 521 3816 τῆς
542 3746 768 3816 Τριάδος
797 3741 915 3800 οἶδά
946 3761 1002 3798 σε
1025 3786 1039 3809 ,
1069 3745 1116 3797 εί
1147 3744 1241 3798 καὶ
1271 3745 1591 3816 ἐσαρκώθης
1615 3758 1631 3776 ⁵
1663 3746 1760 3799 ἕνα

179 3837 280 3890 καὶ
309 3835 515 3900 δοξάζω
542 3837 670 3889 Υἱδν
697 3838 1114 3908 σεσαρκωμένον
1150 3837 1240 3890 τὸν
1266 3840 1332 3892 ὲκ
1369 3839 1469 3908 τῆς
1494 3839 1758 3893 Θεοτόκου

180 3927 442 3998 ἀσπόρως
476 3926 881 3998 βλαστήσαντα,
909 3929 1003 3982 καὶ
1039 3931 1136 3982 σὺν
1170 3929 1347 4000 Πατρὶ
1376 3931 1471 3982 καὶ
1507 3929 1761 3999 Πνεῦμα-

180 4035 260 4084 τι,
297 4017 396 4069 ἕνα
423 4017 554 4070 Υίδν
575 4017 856 4086 δοξολογού
864 4036 1046 4087 μενον.

826 4130 936 4183 Καὶ
990 4131 1127 4185 νῦν.

256 4243 419 4298 Ξένον
445 4245 538 4298 καὶ
570 4244 797 4316 φρικτὸν
833 4245 894 4297 τὸ
941 4246 1142 4316 ὅραμα,
1175 4245 1232 4312 ἐξ
1265 4247 1597 4317 οἰκονομίας,
1627 4248 1762 4318 ὅπερ

189 4336 486 4408 προεώρων
515 4338 565 4388 οί
590 4336 844 4406 ἀψευδεῖς
873 4338 1150 4408 προφῆται
1174 4339 1448 4409 Παρθένον
1477 4339 1760 4402 Θεότοκον,

186 4428 446 4498 ἀσπόρως
496 4428 593 4496 μὲν
641 4427 881 4490 κυοῦσαν
930 4430 1220 4500 ἀσπόρως,
1271 4431 1566 4484 τίκτουσαν
1594 4429 1760 4495 Θεὸν,

190 4518 458 4588 μένουσαν
483 4519 540 4572 δὲ
581 4518 722 4589 μετά
770 4521 928 4572 τόκον
952 4519 1144 4590 ἁγνήν.
1177 4547 1186 4554 -
1475 4522 1478 4525 ’

655 4630 790 4702 ’ῼδὴ
855 4631 924 4686 δ’.
976 4631 1030 4685 Ὁ
1066 4633 1301 4699 Είρμός.

269 4739 521 4810 Ἐπήρθη
550 4743 578 4793 6
605 4740 774 4810 ἥλιος,
802 4741 964 4812 καὶὴ
1015 4740 1211 4811 σελήνη
1243 4739 1374 4810 ἔστη
1406 4742 1463 4794 ὲν
1501 4744 1568 4811 τῇ
1612 4742 1765 4808 τάξει

184 4829 380 4899 αὐτῆς.
402 4829 672 4900 ’Υψώθης,
700 4831 1042 4901 μακρόθυμε,
1066 4833 1160 4884 ἐπὶ
1185 4830 1280 4884 τοῦ
1311 4830 1491 4895 ξύλου,
1517 4833 1610 4884 καὶ
1633 4832 1766 4902 ἐπη-

184 4922 286 4989 ξας
317 4923 375 4974 ὲν
402 4921 550 4990 αὐτῷ
580 4923 677 4992 τὴν
721 4922 1051 4991 Ἐκκλησίαν
1077 4940 1194 4976 σου.

271 5011 612 5081 Ἐδάκρυσας
630 5051 645 5075 ,
673 5011 846 5080 Κύριε
873 5051 889 5076 ,
917 5012 1010 5064 ἐπὶ
1043 5011 1282 5080 Λαζάρῳ
1303 5051 1318 5075 ,
1345 5011 1526 5076 δείξας
1553 5011 1635 5063 ὅτι
1664 5011 1761 5065 άν-

187 5101 408 5170 θρωπος
439 5097 489 5152 εί
519 5139 534 5164 ,
567 5101 661 5152 καὶ
699 5101 927 5170 ἡγειρας
955 5141 969 5164 ,
1000 5103 1251 5154 Δέσποτα
1271 5143 1285 5167 ,
1311 5101 1403 5155 τὸν
1450 5100 1720 5155 τεθνεῶτα
1745 5141 1760 5164 ,

187 5194 283 5244 καὶ
320 5191 524 5255 ἔδειξας
558 5194 668 5254 τοῖς
697 5190 869 5255 λαοῖς,
893 5192 975 5244 ὅτι
1012 5193 1140 5254 Υἱὸς
1167 5189 1218 5245 εί
1239 5193 1334 5246 τοῦ
1356 5192 1516 5248 Θεοῦ.

273 5283 330 5333 '0
380 5283 585 5345 ἄπνους
623 5283 822 5353 ἢκουσε
866 5282 927 5336 τὸ
971 5285 1301 5354 πρόσταγμά
1336 5301 1466 5337 σου·
1524 5304 1544 5337 ‹
1597 5286 1766 5354 Δεῦρο

189 5372 315 5439 ἔξω,
344 5374 563 5444 Λαζάρε
585 5389 600 5404 ·
632 5393 650 5425 ι
671 5375 931 5446 δρομαῖος
962 5376 1216 5430 ἀνίστατο
1251 5379 1348 5430 σὺν
1377 5378 1488 5439 τοῖς
1519 5377 1766 5448 σπαργά-

191 5481 322 5529 νοις,
350 5466 444 5518 καὶ
468 5465 685 5535 ἠλλατο,
721 5465 916 5536 ἀγαθὲ,
943 5467 1154 5530 δεικνὺς
1185 5468 1244 5520 τὸ
1275 5467 1478 5538 κράτος
1505 5485 1620 5523 σου.

258 5642 373 5714 Τῆς
409 5643 645 5716 Μάρθας
681 5647 753 5701 τὰ
799 5646 1036 5719 δάκρυα,
1073 5645 1290 5716 καὶτῆς
1335 5648 1557 5718 Μαρίας
1603 5650 1764 5704 κατέ·

261 5827 285 5861 τ
322 5817 470 5876 Psal.
501 5836 671 5887 cxvn,
715 5819 821 5880 22:
860 5819 1052 5875 Matth.
1091 5837 1202 5888 ut,
1231 5819 1322 5876 42.
1403 5829 1424 5858 ι
1462 5820 1623 5880 Joan.
1667 5838 1740 5882 xl.
1801 5824 1990 5892 59,9.I.

1861 629 1956 682 tim
1990 626 2319 682 vivificantis
2351 639 2483 680 voce
2512 625 2756 680 Lazarus
2784 629 3146 684 animaretur.

2415 715 2528 771 Ode
2553 716 2607 770 5.
2647 717 2892 771 Ilirmus.

1935 828 1954 861 ι
1992 807 2250 877 Lapidem
2275 822 2434 876 quem
2474 807 2909 876 reprobaverunt
2959 808 3314 878 aediﬁcantes,
3347 813 3436 867 hic

1860 897 2044 952 factus
2069 908 2153 952 cst
2184 896 2241 950 in
2269 906 2434 966 caput
2463 896 2647 967 anguli
2676 906 2756 951 τ.»
2780 896 2904 952 llzec
2931 906 3082 968 petra
3097 909 3201 964 est,
3236 902 3290 954 in
3326 918 3434 971 qua

1858 989 2116 1046 Christus
2147 989 2419 1055 fundavit,
2469 1005 2632 1060 quam
2684 1005 2748 1045 ex
2782 991 3039 1059 gentibus
3068 992 3302 1047 redemit
3333 994 3435 1048 Ec-

1859 1082 2112 1137 clesiam.

1932 1165 2252 1226 Miraculum
2288 1186 2491 1224 novum
2549 1178 2604 1225 et
2648 1170 2956 1226 insolitum.
2985 1169 3274 1239 Quomodo
3315 1177 3435 1230 uui-

1859 1279 2149 1318 versorum
2191 1261 2441 1326 Creator,
2461 1263 2608 1316 velut
2634 1263 2932 1332 ignoraret,
2955 1263 3101 1332 quod
3135 1279 3242 1318 non
3276 1265 3432 1336 igno-

1859 1357 2039 1418 rabat,
2073 1356 2549 1427 percontabatur?
2575 1356 2677 1410 Ubi
2714 1357 2936 1426 positus
2977 1368 3063 1410 est
3093 1372 3253 1426 quem
3287 1359 3436 1428 luge-

1860 1448 1970 1501 tis?
2009 1446 2112 1502 Ubi
2146 1447 2398 1517 sepultus
2424 1444 2688 1510 Lazarus,
2720 1462 2884 1516 quem
2916 1461 3019 1516 ego
3066 1447 3214 1502 brevi
3249 1463 3371 1504 sum
3405 1465 3436 1502 a

1860 1539 2094 1595 mortuis
2153 1538 2566 1594 suscitaturus?

1929 1629 2189 1701 Lapidem
2217 1646 2378 1701 quem
2407 1630 2503 1684 tibi
2541 1629 2921 1692 advolverant,
2953 1630 3048 1701 qui
3079 1639 3232 1686 tuum
3278 1646 3438 1686 cura-

1858 1727 1986 1775 rant
2019 1719 2207 1786 funus,
2266 1722 2363 1774 ubi
2419 1717 2581 1774 Jcsus
2622 1734 2650 1773 a
2680 1717 3168 1790 Judaeisjussisset
3204 1721 3435 1785 revolvi,

1860 1823 1914 1868 te
1945 1814 2128 1870 statim
2154 1812 2507 1869 resuscitavit
2530 1827 2771 1878 ;vocans
2800 1820 2852 1866 te
2873 1830 2885 1866 :
2908 1812 3136 1879 Lazare,
3165 1828 3392 1884 resurgo
3419 1830 3434 1878 ;

1864 1906 1988 1962 veni
2023 1905 2090 1960 ad
2125 1921 2246 1970 me,
2280 1913 2341 1958 ut
2371 1911 2463 1958 tua
2497 1903 2772 1958 infernum
2809 1919 2942 1960 voce
2977 1905 3328 1975 percelleres.

1937 1997 2146 2051 Martha
2202 1995 2504 2064 Mariaque,
2547 2009 2580 2048 ο
2637 1995 2889 2060 Domine,
2919 1996 3186 2066 gemendo
3231 1997 3436 2050 clama-

1862 2091 2041 2146 bant:
2082 2107 2102 2141 ‹
2163 2087 2307 2143 Ecce
2338 2103 2499 2158 quem
2547 2081 2792 2154 amabas,
2843 2086 3248 2158 quatriduanus
3284 2087 3432 2143 fetet.

1863 2181 1920 2236 Si
1965 2180 2173 2236 fuisses
2230 2179 2345 2243 hic,
2395 2193 2505 2232 non
2546 2177 2742 2232 fuisset
2769 2185 3018 2232 mortuus
3051 2155 3295 2232 Lazal’us
3325 2179 3372 2232 '.
3413 2196 3431 2228 ι

1861 2271 2066 2327 Verum
2107 2270 2201 2341 qui
2234 2284 2505 2340 nusquam
2540 2269 2783 2333 decsses,
2814 2259 2938 2323 eum
2971 2268 3154 2323 statim
3191 2270 3438 2323 vocando

1859 2361 2235 2420 resuscitasti.

1934 2454 2164 2509 Stillans
2199 2450 2611 2522 dispensatione
2655 2450 2930 2521 lacrymas
2971 2463 3138 2519 super
3170 2448 3435 2511 amicum,

1861 2562 2084 2602 carnem
2119 2560 2285 2618 quam
2322 2559 2386 2599 ex
2415 2543 2575 2597 nobis
2601 2540 3028 2611 assumpsisses,
3061 2541 3305 2596 essentia
3328 2555 3435 2594 non

1860 2638 2203 2708 apparentia,
2267 2637 2476 2691 unitam
2539 2635 2641 2688 tibi
2703 2633 2992 2687 ostendisti
3030 2643 3246 2702 :utque
3295 2631 3440 2686 Deus

1858 2729 2134 2796 benignus
2163 2741 2230 2782 ac
2264 2726 2601 2790 misericors,
2634 2740 2759 2780 eum
2786 2726 2971 2778 statim
2998 2723 3247 2780 vocando
3281 2739 3439 2779 resu-

1860 2820 2102 2875 scilasti.

1930 2913 2045 2968 Heu
2074 2913 2197 2968 me!
2254 2926 2383 2967 vere
2445 2923 2594 2964 nunc
2633 2906 2767 2977 perii
2806 2920 2869 2960 ac
2902 2904 2970 2960 de
3001 2921 3088 2960 me
3118 2911 3299 2959 actum
3331 2913 3438 2965 est,

1859 2993 2131 3062 clamabat
2159 3005 2411 3059 infernus
2451 3002 2518 3056 ad
2553 2995 2787 3055 mortem
2832 3017 2846 3054 :
2881 2998 3025 3053 Ecce
3081 2998 3228 3052 enim
3271 2995 3449 3050 Naza-

1861 3113 2003 3154 raaus
2044 3097 2134 3153 ille
2166 3092 2720 3174 inferna'concussit,
2752 3101 3012 3160 sectoque
3058 3105 3180 3144 meo
3225 3097 3440 3151 ventre.

1781 3211 1823 3269 ο
1859 3197 2136 3244 mortuum
2166 3187 2286 3242 sine
2317 3184 2540 3254 spiritu,
2566 3180 2818 3237 vocando
2851 3179 3227 3235 resuscitavit.

1934 3277 2035 3333 Ubi
2077 3276 2429 3331 Hebraeorum
2486 3271 2801 3326 dementia?
2860 3267 2960 3323 Ubi
3033 3266 3444 3322 incredulitas!

1863 3368 2117 3435 Quandiu
2173 3363 2536 3436 impostores?
2601 3361 2844 3434 quandiu
2896 3355 3169 3414 adulteri?
3230 3356 3442 3412 Videtis

1864 3468 2139 3512 mortuum
2158 3456 2224 3510 ad
2248 3471 2435 3510 vocem
2458 3471 2619 3510 unam
2634 3453 2999 3515 cxsilientem,
3020 3459 3073 3506 et
3090 3466 3197 3506 non
3219 3450 3444 3506 creditis

1864 3547 2121 3604 Christo?
2145 3545 2282 3600 Vere
2314 3561 2412 3601 vos
2448 3561 2640 3601 omnes
2673 3544 2766 3598 .‘ilii
2798 3543 3168 3598 tenebrarum.

2552 3656 2760 3712 Gloria.

1940 3751 2015 3804 Te
2046 3764 2212 3804 unum
2247 3747 2314 3802 de
2345 3747 2615 3802 Trinitate
2641 3747 2786 3810 novi,
2819 3761 3132 3816 quanquam
3165 3761 3226 3801 es
3259 3746 3446 3803 incar-

1866 3853 2062 3906 natus;
2121 3854 2401 3908 unumque
2431 3837 2681 3908 gloriﬁco
2715 3835 2911 3890 Filium
2951 3837 3322 3904 iucarnatum,
3375 3856 3446 3894 et

1870 3931 2100 4001 Deipara
2134 3933 2250 3986 sine
2281 3931 2491 3986 semine
2545 3938 2757 3991 natum,
2783 3931 3074 3998 ipsumque
3103 3944 3230 3983 cum
3255 3928 3446 3996 Patre,

1868 4035 1915 4081 el
1951 4024 2160 4094 Spiritu
2192 4032 2407 4086 sancto,
2425 4021 2615 4074 Filium
2650 4035 2817 4072 unum
2847 4020 3235 4089 glorificatum.

2502 4127 2573 4182 Et
2647 4145 2805 4182 nunc.

1937 4245 2192 4308 Nova,ex
2214 4242 2648 4314 dispensatione,
2672 4245 2835 4309 visio,
2860 4251 2914 4298 et
2947 4243 3240 4310 horrenda,
3277 4259 3440 4314 quam

1870 4335 2239 4404 prmviderunt
2269 4348 2495 4389 veraces
2541 4335 2818 4404 propheta:
2848 4352 2860 4387 :
2897 4349 3113 4402 nempe,
3149 4333 3438 4404 Deiparam

1869 4425 2171 4496 Virginem,
2214 4433 2481 4496 conceptu
2521 4434 2792 4498 partuque
2817 4425 2940 4480 sine
2970 4427 3202 4488 semine,
3233 4435 3440 4482 castam

1797 4555 1839 4609 υ
1871 4535 1900 4572 a
1932 4527 2088 4589 partu
2121 4528 2456 4573 manentem.

2306 4677 2313 4700 Ι
2416 4627 2528 4680 Ode
2550 4628 2602 4680 4.
2623 4629 2874 4682 -11ἰνηιιιε,

1939 4743 2197 4798 Elevatus
2227 4718 2314 4795 est.
2346 4744 2427 4796 soi
2458 4742 2503 4806 ί,
2528 4742 2766 4810 lunaque
2817 4742 2973 4795 stetit
3014 4741 3067 4794 in
3101 4741 3294 4795 ordine
3315 4756 3438 4796 suo.

1869 4835 2122 4889 Elevatus
2150 4848 2210 4886 es
2241 4834 2293 4885 in
2327 4833 2492 4903 ligno,
2529 4848 2562 4886 o
2592 4831 2938 4904 longanimis,
2994 4839 3256 4903 tuamque
3289 4834 3344 4887 in
3376 4850 3441 4888 eo

1858 4924 2160 4978 Ecclesiam
2197 4921 2385 4976 ﬁxisti.

1928 5013 2290 5083 Lacrymatus
2312 5027 2396 5075 es,
2425 5013 2673 5078 Domine,
2711 5029 2877 5086 super
2911 5015 3180 5072 Lazarum
3217 5031 3232 5068 :
3266 5015 3443 5070 homi-

1861 5121 1984 5160 nem
2052 5116 2103 5159 te
2170 5107 2287 5174 ipse
2325 5105 2667 5168 ostendens.
2739 5109 3126 5180 excitastique,
3191 5108 3440 5173 Domine,

1864 5208 2168 5257 mortuum,
2199 5212 2263 5248 ac
2307 5206 2359 5250 te
2390 5199 2608 5267 populis
2641 5198 2733 5254 Dei
2755 5198 2950 5255 Filium
2976 5201 3242 5269 probasti.

1940 5287 2159 5342 Audivit
2189 5287 2284 5356 qui
2317 5287 2436 5341 sine
2481 5290 2676 5358 spiritu
2737 5299 2857 5344 erat
2887 5299 3214 5360 praeceptum
3250 5293 3442 5342 tuum:

1875 5397 1895 5430 ι
1936 5378 2163 5444 Lazare,
2197 5378 2320 5433 veni
2365 5378 2515 5436 foras
2562 5392 2620 5446 u;
2669 5400 2687 5432 ι
2745 5381 3088 5450 festinusque
3143 5380 3446 5434 resurrexit

1871 5451 1996 5525 cum
2038 5469 2258 5531 fasciis;
2315 5470 2711 5539 exsiliensquc,
2765 5486 2798 5525 ο
2841 5471 3002 5534 bone,
3039 5477 3142 5523 tua'
3189 5469 3452 5538 potentiae

1872 5561 2150 5631 Specimen
2189 5558 2464 5613 exbilmit.

1945 5649 2159 5704 Sedasti
2226 5647 2450 5704 Marthae
2496 5662 2550 5706 et
2597 5651 2779 5706 Maria:
2820 5652 3112 5724 Iacrymas,
3145 5668 3178 5706 0
3227 5653 3448 5709 Christe

2080 5839 2093 5862 ι
2142 5827 2311 5885 Josue
2348 5844 2400 5889 ι,
2439 5825 2522 5878 15.
2611 5838 2632 5863 ι·
2658 5826 2819 5882 Jean.
2857 5844 2930 5893 ιι,
2963 5829 3057 5884 ιδ.
