3868 6328
505 339 634 410 i331
924 414 932 422 _
1372 382 1394 408 .

1690 354 1754 414 S.
1788 354 2119 416 ANDREAZ
2155 353 2574 424 CRETENSIS

3588 382 3753 452 1392.

501 453 648 512 Deus
679 472 691 507 :
730 455 996 509 Lazarum
1029 455 1356 511 auctoritate
1385 457 1880 524 vocans,vocando
1901 443 2067 515 Susci-

2177 481 2413 528 παυσας,
2449 468 2651 536 Χριστὲ
2685 470 2712 520 ὁ
2741 469 2870 532 Θεὸς
2897 487 2910 502 ·
2946 473 3212 543 φωνήσας
3231 475 3318 530 τὸν
3355 478 3569 552 Λάζαρον
3591 489 3686 538 αὖτ-

502 549 674 616 tasti;
709 549 866 620 isque
901 559 951 604 te
987 549 1257 603 adoravit.

569 728 930 800 Lacrymatus
955 744 1118 799 super
1145 727 1411 783 Lazarum
1432 743 1530 798 pro
1567 728 1806 784 hominis
1843 730 2075 797 ratione,

495 821 746 876 eumdem
813 836 920 890 qua
983 821 1129 875 Deus
1192 821 1449 876 excitasti
1483 838 1496 872 :
1529 823 1948 889 percontabaris
1979 865 1994 889 ,
2044 838 2078 879 o

498 918 673 978 bone,
743 915 832 968 ubi
893 923 1041 982 esset
1107 917 1356 984 sepultus
1422 916 1850 984 quatriduauus,
1913 915 2076 971 ﬁdem

497 1017 751 1062 astruens
778 1018 1078 1076 assumptae
1107 1006 1455 1061 humanitati.

567 1099 773 1153 \‘olcns
805 1098 1077 1168 passionis
1112 1107 1221 1152 tuae
1246 1109 1299 1153 et
1329 1098 1514 1153 crucis
1541 1097 1815 1170 symbola,
1843 1112 1876 1152 ο
1910 1099 2072 1164 bone,

496 1193 814 1254 declarare;
840 1190 1143 1244 insatiabili
1179 1201 1340 1260 rupto
1374 1175 1576 1244 inferni
1619 1200 1828 1256 ventre,
1862 1189 2075 1260 quatri-

497 1288 738 1340 duanum
777 1283 1123 1337 resuscitasti
1159 1281 1343 1336 divina
1387 1290 1675 1350 potestate.

564 1375 700 1439 Quis
736 1373 894 1434 vidit,
925 1371 1050 1440 quis
1081 1371 1315 1436 audivit,
1361 1381 1419 1425 ut
1457 1382 1710 1427 mortuus
1769 1374 1931 1428 homo
1957 1372 2072 1442 jam

499 1467 674 1517 ﬁ-tcns
729 1459 1138 1517 resurrexerit?
1200 1462 1466 1532 Equidem
1520 1464 1832 1518 excitarunt
1901 1463 2070 1528 Elias,

496 1554 867 1622 Eiisaausque;
920 1551 1065 1606 haud
1124 1559 1308 1606 tamen
1355 1568 1420 1608 ex
1473 1554 1710 1619 tumulo,
1741 1554 1825 1609 vel
1857 1553 2074 1623 quatri-

496 1648 762 1699 duanum.

564 1735 758 1799 Tuam,
791 1726 1038 1798 Domine,
1069 1727 1359 1788 laudamus
1389 1735 1685 1804 potentiam
1714 1754 1729 1801 ;
1779 1734 2070 1790 laudamus

2182 555 2474 623 εξουσίως,
2523 561 2855 631 συνήγειρας
2895 566 2959 633 τῇ
3002 570 3160 636 φωνῇ
3191 606 3206 631 ,
3248 570 3338 621 καὶ
3379 583 3687 648 προσεκῦησέ

2182 661 2285 699 σοι.

2249 739 2540 810 Δακρύσας
2561 741 2636 806 ὡς
2658 742 2941 815 ἄνθρωπος
2967 746 3058 798 ἐπὶ
3083 747 3348 820 Λαζάρῳ,
3367 751 3611 827 ὲξήγειρας
3625 761 3687 812 αὖ.

2175 828 2269 883 τὸν
2302 831 2376 894 ὡς
2411 832 2564 896 Θεός.
2606 836 2852 905 Ἦρώτας
2896 836 2997 890 ποῦ
3029 839 3303 892 τέθαπται
3349 847 3376 895 ὁ
3405 853 3686 915 τεταρταίο;,

2179 923 2563 994 πιστούμενος,
2595 927 2788 994 ἀγαθὲ,
2815 928 2915 998 τὴν
2936 930 3358 999 ὲνανθρώπησεν
3392 950 3489 986 σου.

2247 1096 2354 1170 Τοῦ
2377 1098 2581 1163 πάθους
2606 1101 2672 1153 τὰ
2701 1101 2762 1154 σύ
2772 1102 2968 1170 μὸολα,
2996 1105 3094 1156 καὶ
3126 1104 3223 1158 τοῦ
3247 1109 3471 1179 σταυροῦ
3494 1128 3570 1165 σου
3591 1132 3687 1180 γνω-

2179 1189 2326 1261 ρίσαι
2383 1190 2689 1260 βουληθεὶς,
2746 1195 2942 1262 ἀγαθὲ,
2998 1195 3100 1248 τοῦ
3157 1197 3283 1268 ᾅδου
3334 1201 3428 1270 τὴν
3475 1205 3686 1274 ἄπληστον

2173 1281 2414 1352 γαστέρα
2439 1283 2630 1354 ῥήξας,
2659 1285 2962 1356 ἀνέστησας
2982 1287 3058 1350 ὡς
3083 1288 3222 1352 Θεὸς
3251 1291 3340 1343 τὸν
3365 1296 3681 1366 τετραήμερον.

2244 1373 2340 1436 Τίς
2371 1370 2500 1438 εἶδε,
2526 1374 2609 1436 τίς
2638 1375 2890 1445 ἤκουσεν,
2929 1379 3010 1431 ὅτι
3057 1381 3265 1452 ἀνέστη
3316 1383 3680 1456 άνθρωπονεκῴς

2171 1463 2410 1527 ὁδωδώς·
2452 1465 2634 1529 Ἠλίας
2666 1468 2764 1536 μὲν
2804 1469 2989 1540 ήγειρε
3023 1472 3122 1524 καὶ
3167 1473 3478 1538 Ἐλισσαῖος,
3510 1477 3680 1531 ἀλλὀὐκ

2171 1556 2235 1609 ὲκ
2268 1558 2568 1628 μνήματος,
2601 1557 2716 1610 ἀλλ’
2745 1559 2863 1612 οὐδὲ
2895 1565 3241 1632 τεταρταῖον.

2251 1730 2560 1803 Ὕμνοῢμέν
2585 1751 2702 1797 σου,
2733 1735 2930 1806 Κύριε,
2969 1737 3069 1808 τὴν
3102 1739 3450 1795 δυναστεῖαν·
3473 1741 3676 1812 ὑμνοῦμιν

493 1835 547 1879 ct
575 1838 713 1888 tuas,
741 1840 774 1878 0
803 1824 1043 1888 Christe,
1075 1825 1398 1893 passiones;
1430 1821 1523 1878 illa
1545 1827 1763 1896 quidem
1805 1835 2066 1896 tanquam

2174 1822 2266 1874 καὶ
2291 1822 2360 1874 τὰ
2392 1824 2560 1895 πάθη,
2615 1826 2817 1896 Χριστέ
2837 1843 2852 1857 °
2881 1831 2948 1899 τῇ
3002 1830 3106 1898 μὲν
3133 1831 3246 1900 γὰρ
3269 1831 3343 1894 ὡς
3366 1811 3677 1901 casulam-.0;

496 1919 846 1981 misericors,
881 1915 1148 1968 miracula
1201 1916 1521 1985 operabaris
1559 1936 1572 1972 :
1605 1919 1703 1974 has
1741 1921 1920 1971 autem
1951 1919 2069 1973 dis-

494 2008 818 2077 pensatione
843 2005 1062 2059 subiisti
1106 2014 1166 2058 ut
1195 2004 1377 2059 homo.

568 2097 709 2152 Deus
749 2113 808 2151 es
825 2107 986 2166 atque
1010 2095 1192 2160 homo,
1212 2110 1339 2148 vera
1367 2096 1530 2150 rebus
1549 2096 1788 2166 probans
1819 2097 2067 2150 nomina.

499 2189 604 2255 Tu,
641 2188 900 2253 Verbum,
953 2201 1121 2240 carne
1152 2196 1566 2242 monumentum
1628 2189 1818 2253 adisti,
1857 2190 2072 2256 quatri-

493 2284 848 2350 duanumque
871 2277 1054 2333 divina
1077 2278 1408 2333 auctoritate
1449 2278 1751 2334 suscitasti.

565 2373 1006 2442 Obstupueruut,
1045 2369 1294 2436 Domine,
1333 2369 1689 2423 Hebraeorum
1750 2370 1962 2440 populi,
2013 2379 2072 2425 ut

491 2464 747 2519 viderunt
775 2461 842 2516 ad
872 2469 1019 2513 tuam
1051 2475 1238 2516 vocem
1273 2461 1650 2516 resurrexisse
1702 2459 1966 2515 Lazarum
2005 2465 2072 2519 de

493 2557 780 2626 sepulcro;
815 2552 1037 2621 tuisque
1067 2551 1434 2606 nihilominus
1471 2550 1760 2608 miraculis
1800 2551 2069 2608 increduli

493 2657 863 2718 permansere.

1174 2731 1380 2787 Gloria.

562 2821 857 2880 Eternum
894 2839 924 2879 a
979 2822 1140 2878 Patre
1172 2831 1290 2890 tuo,
1315 2837 1348 2877 ο
1385 2821 1660 2888 Salvator,
1692 2835 1791 2878 ceu
1826 2839 1969 2880 unus
2003 2824 2071 2880 de

492 2929 683 2972 sancta
712 2917 980 2973 Triuitate
1017 2909 1271 2971 eﬂulsisti
1307 2927 1319 2969 :
1351 2915 1406 2970 in
1444 2925 1689 2982 tempore
1724 2923 1931 2980 autem,
1973 2917 2068 2986 qui

493 3011 569 3064 sis
601 3009 776 3076 major
795 3008 1131 3072 substantia,
1161 3007 1214 3061 in
1239 3007 1459 3077 spiritu,
1485 3021 1550 3061 ex
1575 3008 1942 3077 sanguinibus
1962 3005 2070 3063 vi'r-

492 3096 794 3166 ginalibus,
826 3105 1049 3168 sumpta
1089 3109 1257 3150 carne
1289 3095 1562 3166 prodiisti.

1141 3185 1208 3240 Et
1258 3203 1415 3240 nunc.

561 3277 658 3332 Dei
694 3278 998 3334 Genitricis
1043 3279 1334 3348 conceptio
1375 3278 1497 3331 sine
1542 3278 1750 3332 semine
1775 3297 1789 3344 ;
1817 3287 2008 3347 partus
2036 3294 2065 3332 a

491 3369 864 3438 corruptionis
913 3367 1213 3424 violatione
1274 3366 1555 3421 immunis.
1609 3367 1752 3423 Deus
1795 3370 2066 3439 siquidem

494 3470 790 3528 utrumque
844 3466 1108 3527 operatus
1165 3456 1515 3522 miraculum,
1567 3458 1726 3514 nobis
1767 3459 2064 3528 unieudus,

491 3549 732 3619 scipsum
768 3547 1097 3604 exinanivit.

1039 3641 1147 3694 Ode
1269 3641 1512 3698 Hirmus.

560 3732 634 3786 Da
673 3732 850 3797 nobis,
895 3730 998 3786 Fili
1026 3730 1142 3797 Dei,
1175 3747 1360 3802 pacem
1387 3741 1536 3786 tuam
1561 3747 1700 3787 :non
1726 3732 1873 3788 enim
1913 3737 2068 3790 extra

489 3833 544 3876 te
599 3823 984 3893 cognoscimus
1038 3823 1208 3876 alium
1255 3822 1420 3876 Deum
1459 3839 1471 3875 :
1509 3823 1714 3894 quippe
1762 3822 1903 3879 Deus
1952 3827 2067 3895 ipse

489 3918 737 3969 vivorum
781 3921 1240 3984 mortuorumque
1272 3915 1516 3970 exsistis.

559 4006 661 4072 Qui
699 4007 775 4060 sis
805 4007 938 4072 vita,
982 4004 1212 4058 Domine
1247 4014 1300 4060 et
1360 4005 1454 4060 lux
1483 4021 1638 4069 vera,
1675 4006 1926 4061 vocando
1961 4006 2066 4061 La-

486 4113 699 4160 Zul'ltlti,
760 4097 1256 4152 exsuscitasti:ut
1310 4106 1507 4166 potens
1567 4098 1736 4164 enim,
1795 4097 1960 4153 Deum
2015 4110 2068 4155 te

490 4191 736 4243 vivorum
769 4199 824 4243 et
857 4199 1200 4243 Inortuorum
1230 4188 1552 4244 exhibuisti.

557 4282 676 4336 Non
711 4281 924 4346 ferens,
967 4297 998 4334 o
1049 4279 1203 4344 Jcsu,
1239 4280 1510 4346 infernus,
1544 4284 1898 4352 importabile
1933 4300 2068 4355 prro-

421 4357 434 4376 r
487 4373 706 4443 ceptuni‘
737 4385 928 4439 tuum;
973 4387 1291 4442 quanquam
1343 4382 1626 4442 receperat
1678 4377 1900 4442 multos,
1936 4393 2067 4431 con-

489 4475 767 4520 sternatus
795 4473 910 4528 est;
953 4465 1245 4533 vivmuque
1295 4464 1564 4518 Lazarum
1597 4468 1664 4520 ad
1694 4468 1942 4537 primam
1975 4485 2065 4521 vo-

443 4607 456 4616 ,
485 4571 604 4612 cem
641 4564 814 4622 tuam,
841 4571 948 4608 non
986 4564 1260 4608 mortuum
1291 4553 1458 4608 dedit.

555 4646 658 4713 Qui
694 4647 860 4700 verbo
885 4647 1012 4701 olim
1049 4645 1303 4715 spiritum
1339 4647 1576 4715 jungeas
1615 4647 1851 4716 pulveri,
1886 4650 2062 4703 lutum

487 4738 681 4807 spiritu
715 4738 1075 4799 animavcras,
1129 4752 1162 4791 ο
1194 4735 1598 4798 νονὺιιιιινίιιε,
1643 4753 1788 4792 nunc
1842 4756 2064 4808 quoque

486 4829 673 4888 verbo.
750 4843 781 4882 e
841 4829 1195 4898 corruptione
1261 4829 1772 4899 subterraneisque,
1826 4831 2062 4884 amicum

486 4915 793 4972 suscitasti.

560 5027 577 5056 ι
608 5004 802 5057 Nullus
854 5013 961 5066 est,
1033 5003 1280 5070 Domine,
1314 5007 1405 5075 qui
1457 5016 1564 5061 tum
1622 5007 1887 5061 voluntati
1930 5004 2062 5062 resi-

484 5110 590 5156 stat
625 5108 692 5149 τε
736 5117 754 5148 ι
795 5095 977 5162 Quare
1031 5096 1120 5150 ubi
1182 5107 1460 5152 mortuum
1517 5099 1727 5153 vocasti
1771 5098 2060 5162 Lazarum,

485 5209 608 5246 uno:
645 5189 738 5262 qui
772 5194 891 5244 sine
928 5189 1126 5258 spiritu
1185 5199 1326 5252 erat,
1375 5192 1720 5257 resurrexit;
1773 5190 2064 5262 fcrensque

481 5285 735 5350 vincula,
767 5281 998 5352 pedibus
1032 5282 1406 5352 gradiebatur.

551 5377 595 5429 (ἲ
619 5374 928 5428 Judzuorttm
963 5381 1299 5428 amentatum
1326 5374 1339 5426 ι
1367 5373 1410 5428 Ο
1445 5373 1683 5427 hostium
1713 5375 2058 5429 caecitatem!

483 5467 618 5534 Quis
648 5468 780 5521 vidit
806 5475 1081 5519 omn-tuum
1113 5468 1443 5522 suscitatnm
1477 5466 1544 5521 de
1580 5467 1872 5537 sepulcro?
1911 5467 2059 5521 Elius

481 5564 610 5616 olim
641 5559 1000 5614 exsuscitavit
1025 5560 1268 5628 quidem,
1303 5559 1446 5614 haud
1478 5568 1658 5614 tamen
1698 5574 1729 5617 e
1781 5563 2061 5631 sepulcro,

486 5666 576 5707 aut
617 5653 1103 5721 quatriduanumx,

559 5777 578 5803 υ
615 5767 810 5821 Esther
839 5784 957 5832 xm,
984 5769 1038 5821 9.
1071 5777 1094 5805 ι
1171 5767 1236 5822 lli
1277 5771 1388 5835 Reg
1434 5778 1544 5822 IV?!
1600 5766 1694 5826 22.

2093 3137 2140 3200 Ο

2169 1910 2637 1983 ὲθαυματούργεις
2659 1931 2673 1945 ο
2707 1914 2773 1967 τὰ
2801 1913 2859 1968 δὲ
2886 1917 3258 1988 οἰκονομικῶς
3273 1901 3399 1990 ἧλον
3437 1919 3502 1981 ὡς
3524 1920 3673 1988 ἀνθρω-

2171 2017 2292 2065 πος.

2240 2094 2372 2158 Θεὸς
2393 2091 2441 2148 εἰ
2467 2097 2562 2149 καὶ
2583 2097 2893 2168 ἄνθρωπος,
2920 2097 3306 2168 ἐπαληθεὺων,
3331 2101 3436 2161 τοῖς
3458 2098 3674 2169 πράγμασι

2171 2186 2236 2239 τὸ.
2269 2186 2544 2256 ὀνόματα·
2598 2190 2834 2260 ἐπέστης
2885 2189 2964 2260 τῷ
3024 2193 3282 2260 μνήματι
3327 2189 3672 2262 σαρκὶὸΛόγος,

2171 2279 2261 2330 καί
2296 2280 2524 2350 ἤγειρας
2550 2280 2624 2344 ὼς
2650 2282 2782 2345 Θεὸς
2813 2282 2905 2334 τὸν
2935 2285 3345 2354 τετραήμερον.

2255 2371 2604 2452 Ἐξέστησαν,
2639 2375 2905 2438 Δέσποτα,
2950 2373 3227 2444 Ἐδραίων
3278 2375 3448 2443 δῆμοι,
3474 2373 3537 2437 ὡς
3576 2369 3672 2425 sil/av

2172 2463 2480 2515 ἀναστάντα
2530 2463 2723 2534 νεκρὸν
2749 2465 2813 2516 ἐκ
2856 2465 3030 2533 τάφου
3059 2464 3316 2535 Λάζαρον
3355 2465 3445 2516 σὺν
3475 2467 3528 2533 τῇ
3567 2466 3670 2532 φωνῇ

2174 2567 2286 2615 σου,
2321 2553 2416 2606 καὶ
2441 2553 2664 2624 ἔμειναν
2698 2554 2944 2617 ἀπειθεῖς
2971 2555 3084 2607 τῶν
3112 2554 3427 2625 θαυμασίων
3451 2571 3546 2606 σου.

2865 2727 3044 2792 Δόξα.

2254 2817 2530 2890 Ἀνάρχως
2565 2818 2877 2890 ἐξέλαμψας
2932 2822 2997 2871 ὲκ
3051 2819 3152 2872 τοῦ
3189 2819 3393 2891 Πατρός
3421 2837 3518 2884 σου,
3539 2819 3595 2881 ὡς
3615 2812 3670 2880 εἷς

2169 2909 2266 2980 τῆς
2290 2909 2539 2979 Τριάδος,
2572 2909 2758 2978 Σῶτερ
2776 2925 2790 2939 ·
2819 2911 2876 2960 ὲν
2903 2909 3111 2978 χρόνῳ,
3141 2911 3200 2961 ἐν
3227 2907 3498 2977 πνεύματι,
3524 2908 3667 2976 παρϐε-

2169 3000 2336 3054 νικῶν
2367 3003 2431 3053 σὺ
2463 3000 2734 3071 προῆλθες
2765 3001 3032 3070 αἱμάτων,
3068 3001 3251 3070 σάρκα
3288 2999 3469 3063 λαϐὼν,
3497 3000 3520 3050 ό
3546 2998 3666 3067 orap-

2170 3091 2374 3154 ούσιος.

2823 3181 2934 3236 Καὶ
2966 3181 3106 3236 νῦν.

2250 3273 2317 3327 Ἦ
2341 3272 2600 3344 σύλληψις
2649 3274 2890 3344 ἄσπορος
2922 3273 3021 3344 τῆς
3061 3274 3348 3327 Θεοτὲκου·
3377 3275 3402 3327 ὁ
3424 3273 3552 3334 τόκος
3571 3271 3662 3325 ἄνευ

2170 3367 2376 3429 πάθους
2407 3366 2632 3437 φθορᾶς.
2680 3367 2814 3430 θεὸς
2847 3367 2956 3436 γὰρ
2999 3367 3290 3436 ἀμφότερα
3328 3364 3660 3435 Gauri-areum,-

2171 3473 2293 3519 σας,
2319 3458 2586 3510 ἐκένωσεν
2630 3457 2846 3522 ἑαυτὸν,
2880 3457 2966 3511 ἵνα
2996 3459 3134 3527 ἡμῖν
3166 3456 3354 3526 ἑνωθῇ.

2657 3640 2795 3710 ’ῼδὴ
2840 3648 2905 3694 ε’.
2949 3639 3001 3694 '0
3032 3643 3268 3711 ΕἸρμός.

2240 3724 2354 3799 Τὴν
2385 3728 2483 3800 σὴν
2535 3731 2759 3801 εἰρήνην
2804 3733 2892 3795 δὸς
2925 3735 3092 3803 ’ήμϊν,
3129 3735 3227 3786 Υἱὲ
3248 3730 3338 3785 τοῦ
3376 3728 3522 3782 Θεοῦ·
3545 3726 3653 3780 ἄλλον

2167 3822 2276 3891 γὰρ
2306 3822 2463 3884 ἐκτός
2499 3839 2614 3885 σου,
2643 3822 2776 3877 Θεὺν
2805 3825 2866 3876 οὐ
2900 3825 3267 3896 γινώσκομεν,
3307 3825 3380 3878 ὅτι
3411 3821 3521 3882 Θεὸς
3556 3819 3649 3881 ζών-

2166 3931 2276 3967 των
2318 3915 2410 3968 κα¹ι
2435 3916 2545 3968 τῶν
2567 3916 2785 3986 νεκρῶν
2814 3918 3107 3988 ὑπάρχεις.

2239 4008 2361 4078 Ζωὴ
2383 4010 2670 4079 ὑπάρχων,
2702 4009 2898 4081 Κύριε,
2932 4012 3024 4064 καὶ
3052 4013 3172 4080 φῶς
3193 4004 3648 4078 ἀληθινὴν-ΛΜΨ*

2168 4101 2424 4169 φωνήσας
2469 4101 2779 4169 ἀνέστησας
2799 4117 2812 4131 '
2847 4101 2920 4163 ὡς
2945 4101 3171 4164 δυνατὸς
3204 4090 3644 4170 γὰρπᾶσινέδειξσςι

2166 4192 2399 4254 ὅτιθεὸς
2430 4190 2646 4255 ζώντων
2680 4181 2910 4245 καὶτῶν
2933 4193 3142 4262 νεκρῶν
3172 4193 3437 4261 ὑπάρχεις.

2237 4283 2348 4352 Τὴν
2387 4282 2652 4335 ἄστεκτόν
2702 4299 2794 4334 σου
2826 4283 3140 4351 πρόσταξιν,
3170 4283 3242 4353 μὴ
3283 4281 3462 4350 φέρων,
3502 4267 3639 4340 lutei.

2169 4372 2322 4443 ᾅδης,
2355 4372 2382 4422 ὀ
2411 4372 2640 4435 πολλοὺς
2671 4370 2988 4440 δεξάμενος,
3043 4370 3270 4437 ἔπτηξε’
3301 4357 3640 4430 καὶτεταρτιῖον

2169 4464 2299 4518 ὄντα
2344 4464 2614 4535 Λάζαρον,
2666 4464 2763 4516 σὺν
2797 4467 2864 4534 τῇ
2903 4466 3054 4533 φωνῇ
3083 4460 3277 4528 ζῶντα,
3323 4459 3406 4512 καὶ
3429 4457 3475 4508 οὐ
3501 4451 3636 4518 νεκρὸν

2097 4521 2138 4574 D
2167 4557 2363 4613 ἐδίδου.

2236 4646 2342 4699 Τδν
2371 4645 2500 4716 κοῦν
2550 4645 2792 4715 συνάψας
2843 4645 3138 4714 πνεύματι,
3169 4645 3195 4695 ὁ
3245 4641 3394 4696 πάλαι
3423 4637 3495 4689 τὸν
3518 4629 3632 4697 πηλὶν

2165 4738 2437 4807 πνεύματι
2478 4734 2739 4806 ψυχώσας
2765 4777 2779 4800 ,
2816 4737 2962 4806 ζωῆς
2999 4737 3156 4804 Λόγε,
3187 4735 3320 4803 λόγῳ
3351 4747 3450 4788 σου,
3479 4725 3548 4775 zz‘:
3572 4735 3633 4768 νυν

2165 4829 2217 4882 δὲ
2246 4828 2389 4899 λόγῳ
2411 4827 2797 4899 ὲξανέστησας,
2834 4829 2896 4879 ὲκ
2927 4827 3027 4896 τῆς
3055 4827 3272 4898 φθορᾶς,
3297 4822 3446 4892 φίλον,
3469 4813 3539 4866 καὶ
3557 4809 3648 4860 τών-

2165 4919 2557 4989 καταχθονίων.

2241 5031 2260 5062 σ
2299 5008 2389 5081 Τῷ
2418 5010 2647 5080 νεύματί
2682 5028 2798 5072 σου,
2851 5011 3046 5080 Κύριε,
3097 5009 3401 5076 ἀνθέστηκεν
3434 4995 3578 5053 οὐδείς.
3609 5008 3621 5038 ι

2167 5105 2330 5158 Ὅθεν
2352 5106 2438 5158 ὅτε
2457 5103 2646 5174 νεκρὸν
2668 5101 2895 5171 ὲφὼνεις
2915 5104 3004 5155 τὸν
3021 5103 3278 5171 Λάζαρον,
3297 5097 3432 5156 εὐθὺς
3446 5095 3468 5144 ὁ
3483 5090 3626 5142 ἆπνῡυς

2165 5193 2509 5262 ἐξανίστατο,
2534 5193 2625 5246 καὶ
2647 5193 2714 5245 τὰ
2741 5192 2914 5261 δεσμᾶ
2943 5191 3144 5262 φέρων,
3169 5192 3281 5244 ποσὶ
3308 5181 3572 5256 περιεπάτει.

2236 5367 2308 5424 Ὦ
2345 5369 2612 5424 Ἰουδαίων
2647 5368 2832 5421 ἄνοιαι
2863 5362 2932 5418 Ὦ
2956 5364 3206 5436 πώρωσις
3232 5355 3432 5431 ἑχθρῶνί
3453 5350 3515 5410 τίς
3543 5338 3615 5396 εἶδε

2167 5463 2361 5536 νεκρὸν
2385 5465 2449 5516 ὲκ
2474 5462 2644 5530 τάφου
2677 5459 2988 5529 ἐγείραντα.
3029 5457 3209 5518 Ἠλίας
3237 5452 3380 5506 πάλαι
3405 5439 3617 5536 ἐξανέστη·

2170 5533 2293 5611 σενλ
2322 5556 2438 5610 ἀλλ’
2471 5555 2569 5607 οὐκ
2597 5554 2660 5605 ἐκ
2695 5551 2978 5622 μνήματος
3001 5567 3013 5580 ·
3051 5549 3166 5604 ἀλλ’
3201 5544 3304 5601 οὐδὲ
3337 5533 3586 5606 τεταρταῖον.

2929 5819 2960 5835 Ι
