3868 6328
1524 112 1555 143 Ι

1441 346 1527 405 CA
1537 345 1692 407 NON
1737 345 1823 407 IN
1863 347 2248 425 LAZARUM.

908 458 1146 513 Θεοτόκ.
1851 464 1899 522 Α

255 549 366 604 Σὲ
415 549 624 620 εὔλογῶ
677 550 772 605 καὶ
825 550 1121 622 προσκυνῶ
1153 550 1243 604 τὸν
1281 548 1544 621 τεχθέντα
1601 552 1667 607 ὲκ
1724 552 1826 622 τῆς

148 642 548 713 Παρθένου,
584 640 662 715 μὴ
683 642 1026 714 χωρισθέντα
1055 642 1147 695 τοῦ
1187 641 1380 712 θρόνου
1408 641 1510 712 τῆς
1539 644 1700 713 άγίας
1737 642 1826 696 δό-

154 730 303 803 ξης
348 752 489 791 σου.

148 334 357 404 13197
1441 345 1692 407 CANON
1737 345 1823 407 IN
1863 347 2248 416 LAZARUM.
3367 348 3505 416 1398

2386 532 2393 541 l
2554 462 2619 517 In
2667 461 2882 533 Deipar.

1994 554 2268 611 Denedico
2297 563 2348 613 te
2376 563 2431 612 et
2457 555 2648 623 adoro,
2685 556 2779 626 qui
2815 561 2980 611 natus
3013 570 3081 611 cx
3112 553 3360 627 Virgine,
3390 572 3503 614 non

1927 644 2217 705 excessisti
2250 647 2448 702 throno
2484 645 2673 718 gloriae
2700 651 2908 703 sanctae
2932 653 3056 702 tua.

731 825 868 899 ᾨδὴ
907 828 979 881 θ’.
1024 826 1079 880 Ὀ
1109 827 1349 896 Είρμός.
1398 850 1403 854 -

272 934 307 968 α
374 918 641 989 Ἕποίησε
679 917 885 988 κράτος
934 919 994 971 ὲν
1048 917 1297 990 βραχίονι
1347 914 1551 971 αὐτοῦ·
1608 915 1826 970 καθεῖλε

156 1009 327 1079 γὰρ
370 1010 653 1075 δυναστὰς
684 1009 795 1064 ἀπὸ
826 1010 1054 1082 θρόνων,
1084 1010 1182 1064 καὶ
1234 1008 1423 1079 ὓψωσε
1450 1009 1766 1074 ταπεινοὺς,
1800 1009 1830 1060 ό

156 1101 367 1168 Θεὸς
401 1103 498 1158 τοῦ
542 1103 781 1176 Ἰσραὴλ,
813 1105 874 1158 ὲν
904 1099 990 1168 οἷς
1004 1104 1352 1174 ἐπεσκέψατο
1376 1103 1547 1174 ἡμᾶς,
1568 1100 1829 1173 Ἀνατολὴ

165 1194 256 1260 ἐξ
284 1195 514 1267 ὕψους,
545 1198 642 1253 καὶ
670 1197 1004 1253 κατεθθυνεν
1034 1198 1183 1268 ἡμᾶς
1204 1199 1285 1263 είς
1303 1197 1423 1252 όδδν
1452 1197 1699 1268 εἰρήνης.
1734 1213 1754 1248 ι

287 1284 603 1359 ’Υμνείτω
631 1288 694 1341 τὸ
724 1287 912 1358 θαῦμα
956 1287 1203 1358 Βηθανία
1245 1289 1495 1359 σὺνήμῖν
1514 1303 1530 1320 ’
1561 1289 1622 1341 ὲν
1654 1286 1829 1358 ταύτῃ

168 1376 340 1448 γὰρ
396 1379 697 1448 ἐδάκρυσεν
748 1379 778 1432 6
812 1377 1091 1448 Κτίστης,
1141 1377 1234 1431 τὸν
1287 1376 1538 1447 Λάζαρον
1571 1375 1828 1442 ἀνιστῶν,

174 1470 395 1539 νόμῳ
417 1470 636 1538 φύσεως
657 1469 865 1542 σαρκός
880 1484 894 1498 ·
920 1470 1018 1524 καὶ
1046 1469 1280 1542 Μάρθας
1301 1469 1369 1524 τά
1390 1469 1600 1540 δάκρυα
1620 1467 1829 1534 λοιπὸν,

178 1560 319 1611 καὶ
368 1559 462 1612 τὸν
480 1559 762 1632 κλαυθμὸν
790 1561 1016 1633 Μαρίας
1063 1562 1147 1626 είς
1168 1560 1346 1632 χαρὰν
1368 1558 1710 1632 μεταδαλὼν,
1738 1559 1832 1614 τὸν

180 1653 439 1721 νεκρὸν
472 1652 703 1724 ἐγείρει.

2463 824 2576 881 Ode
2593 825 2648 881 8.
2694 823 2939 879 Hirmus.

2005 934 2029 967 ι
2049 912 2201 970 Fecit
2226 915 2523 985 potentiam
2553 916 2608 972 in
2630 915 2860 973 brachio
2886 928 2988 972 suo
3016 931 3031 971 :
3067 913 3322 985 deposuit
3360 914 3508 971 enim

1930 1013 2183 1077 potentes
2198 1006 2267 1061 de
2283 1007 2433 1074 sede,
2466 1015 2522 1063 et
2546 1007 2808 1065 exaltavit
2836 1007 3096 1072 humiles,
3129 1006 3275 1064 Deus
3305 1006 3507 1074 Israel;

1929 1096 1986 1152 in
2013 1097 2216 1167 quibus
2244 1098 2489 1154 visitavit
2512 1113 2633 1164 nos,
2668 1098 2866 1155 Oriens
2889 1112 2955 1155 ex
2983 1098 3137 1166 alto;
3169 1112 3382 1171 nosque
3427 1097 3513 1154 di-
3542 1160 3547 1165 ,

1930 1189 2077 1244 rexit
2094 1188 2152 1243 in
2180 1188 2325 1244 viam
2358 1189 2617 1261 pacisda

2003 1281 2126 1337 Pari
2194 1283 2459 1338 Bethania
2526 1282 2815 1339 nobiscum
2863 1281 3083 1338 cantico
3129 1281 3377 1338 celebret
3403 1280 3511 1336 mi-

1932 1372 2180 1427 raculum
2205 1391 2219 1428 :
2249 1372 2304 1428 in
2337 1386 2403 1428 ea
2430 1373 2577 1431 enim
2596 1373 2839 1429 naturali
2855 1374 3042 1429 carnis
3071 1372 3209 1444 lege,
3241 1371 3512 1427 Lazarum

1933 1464 2309 1520 suscitaturus
2348 1461 2580 1519 Creator
2617 1463 2811 1530 ﬂevit;
2860 1464 3236 1533 deincepsque
3287 1461 3519 1519 Martha:

1932 1553 2191 1625 lacrymis
2227 1568 2292 1609 ac
2324 1553 2509 1610 Mariae
2545 1555 2696 1611 luctu
2728 1554 2956 1611 mutatis
2978 1555 3034 1608 iu
3064 1553 3517 1624 gaudium,mor-

1934 1651 2090 1700 tuum
2116 1645 2247 1700 vitae
2270 1646 2534 1701 restituit.

287 1743 707 1811 Πιστούμενος,
736 1743 899 1810 Λόγε,
923 1741 1022 1814 τὴν
1049 1742 1347 1798 ἀνάστασιν
1366 1742 1465 1814 τὴν
1495 1742 1617 1812 σὴν,
1642 1741 1832 1796 ἐκάλε-

2006 1735 2126 1803 Quo
2148 1744 2321 1802 tuam,
2370 1734 2636 1804 Verbum,
2686 1737 3154 1794 resurrectionem
3214 1744 3514 1801 astruercs,

190 1850 337 1900 σας
368 1836 463 1889 τὸν
493 1799 747 1907 .(άζαρον
791 1799 857 1890 ἐκ
884 1799 1109 1907 ,τάιροιὴ
1144 1836 1269 1919 καὶ,
1289 1799 1519 1907 ἦγειρας
1652 1834 1787 1900 Θεός
1809 1850 1822 1868 ι

1951 1799 2207 1882 sagarum
2239 1799 2555 1899 esepulcro
2616 1799 2853 1896 vocasti,
2897 1828 3195 1899 divinaque
3242 1799 3520 1900 potestate

196 1926 325 1980 ἵνα.
356 1926 542 1998 δείξῃς
567 1930 680 1995 τοῖς
702 1928 874 1994 λαοῖς,
906 1927 1040 1982 Θεόν
1073 1943 1133 1981 τε
1158 1926 1257 1982 καὶ
1282 1926 1573 1998 ἄνθρωπον
1591 1925 1730 1997 ὁμοῦ
1770 1927 1832 1982 ἐν

194 2017 474 2091 ἀληθείᾳ
506 2019 669 2084 ὄντα,
697 2020 794 2072 καὶ¹
830 2019 1125 2090 ἐγείραντα
1155 2018 1304 2085 ναὸν,
1327 2018 1418 2072 τὸν
1440 2017 1534 2073 τοῦ
1576 2016 1832 2090 σώματός

204 2126 363 2164 σου.
756 2123 761 2128 ’

308 2217 333 2256 ς
356 2196 688 2262 Συνέσεισας
708 2198 754 2233 ³⁸
781 2197 951 2253 πάλαι
978 2196 1075 2253 καὶ
1100 2199 1332 2271 μοχλοὺς
1367 2197 1495 2263 τοὺς
1520 2197 1823 2269 σιδηροῦςί

207 2288 523 2360 ἐφόϐησας
562 2288 656 2342 τὸν
709 2287 844 2360 ᾅδην
875 2290 943 2361 τῇ
997 2292 1150 2361 φωνῇ
1183 2306 1301 2355 σου,
1337 2289 1432 2343 καὶ
1481 2287 1684 2360 ἔπτηξε
1731 2288 1831 2342 σὺν

208 2380 393 2449 αὐτῷ
440 2381 538 2434 καὶ
565 2378 595 2432 6
626 2378 859 2443 θάνατος
887 2378 1054 2446 εὐθὺς
1079 2421 1095 2446 ,
1142 2381 1220 2445 ὡς
1247 2376 1389 2436 εἶδον
1430 2380 1523 2435 τὸν
1557 2378 1828 2451 Λάζαρον,

212 2472 453 2544 Σῶτερ,
495 2472 590 2526 τὸν
637 2470 771 2545 παρ’
805 2473 995 2538 αὐτοῖς
1045 2471 1355 2546 δεσμώτην,
1407 2471 1730 2544 ψυχωθὲντα
1760 2474 1831 2545 τῇ

218 2571 421 2636 φωνῇ,
460 2563 559 2617 καὶ
587 2563 984 2636 ἐξαναστάντα.

321 2658 662 2728 Ἐξὲστησαν
684 2656 887 2723 πάντες
908 2657 985 2721 ὡς
1014 2655 1203 2729 ἐώρων
1226 2674 1308 2726 σε,
1331 2656 1538 2730 Σῶτερ,
1563 2651 1830 2731 δακρύον-

218 2764 307 2801 τα
337 2746 435 2801 τὸν
466 2746 724 2818 Λάζαρον
755 2746 1008 2811 θανόντα,
1040 2747 1136 2801 καὶ
1160 2746 1351 2816 ἔλεγον
1383 2749 1433 2801 οἱ
1454 2748 1618 2803 δεινοί
1638 2766 1653 2782 ο
1690 2748 1830 2803 «Ἴδε

222 2840 362 2902 πῶς
397 2837 562 2893 αὐτὸν
602 2838 769 2908 φιλεῖ.
810 2856 831 2891 ι
866 2837 1044 2902 Εὐθὺς
1072 2836 1169 2893 οὖν
1194 2835 1486 2907 ὲφώνησας
1511 2838 1832 2910 αὑτδνικαὶ

222 2927 488 2992 ἀναστάς
509 2930 537 2982 6
556 2929 783 2995 ἄπνους,
811 2929 1078 3001 ἀφῃρεῖτο
1104 2927 1203 3000 τὴν
1225 2928 1452 3015 φθορξν,
1483 2928 1559 3000 τῷ
1591 2930 1833 3002 προστά-

226 3019 418 3090 γματί
444 3022 564 3075 σου.

1934 1917 2318 1987 resuscitasti;
2347 1928 2408 1974 ut
2443 1927 2496 1974 te
2526 1919 2770 1991 populis,
2807 1919 2983 1977 Deum
3018 1920 3222 1989 pariter
3257 1927 3310 1976 et
3340 1919 3517 1975 homi-

1930 2023 2056 2095 nem
2079 2008 2428 2076 ostenderes,
2452 2010 2548 2081 qui
2577 2010 2840 2082 templum
2867 2009 3003 2065 illud
3027 2011 3283 2082 corporis
3312 2010 3390 2066 tui
3422 2025 3517 2066 ex-

1933 2098 2195 2154 citaveris
2214 2111 2263 2155 ε.
2812 2157 2833 2189 ‘

2008 2188 2281 2248 «Ferreos
2304 2191 2470 2249 etiam
2500 2198 2689 2251 vectes
2723 2188 2855 2251 olim
2877 2192 3236 2252 contrivistit
3276 2212 3293 2251 :
3339 2211 3359 2247 ι
3392 2207 3518 2264 per-

1933 2282 2180 2338 terruisti
2210 2290 2302 2339 tua
2329 2299 2463 2342 voce
2491 2285 2802 2356 infernum;
2828 2302 3067 2359 moxque
3088 2300 3211 2343 cum
3233 2299 3320 2349 eo,
3346 2283 3516 2343 etiam

1930 2374 2153 2445 expavit
2200 2391 2372 2441 mors,
2400 2383 2462 2432 ut
2490 2377 2773 2443 viderunt,
2804 2393 2838 2434 ο
2875 2376 3152 2446 Salvator,
3187 2390 3349 2447 quem
3371 2372 3516 2444 apud

1932 2479 1993 2520 se
2023 2464 2293 2520 Lazarum
2316 2466 2561 2522 vinctum
2585 2466 2923 2537 detinebant,
2953 2466 3167 2524 reddita
3221 2478 3356 2521 voce
3394 2463 3516 2518 ani-

1932 2569 2042 2620 ma,
2077 2554 2202 2610 vitae
2230 2555 2625 2619 instauratum.
2950 2603 2957 2611 .

2002 2644 2418 2718 Obstupuerunt
2476 2664 2689 2717 omnes,
2715 2664 2749 2706 o
2774 2649 3058 2715 Salvator,
3089 2657 3151 2705 ut
3176 2647 3435 2707 viderunt
3462 2652 3519 2703 to

1931 2735 2151 2795 ﬂentem
2185 2747 2463 2800 mortuum
2496 2738 2802 2807 Lazarum,
2839 2740 3219 2811 dixeruntque
3266 2735 3466 2793 nefarii
3499 2752 3515 2800 ι

1939 2847 1957 2885 ι
1982 2828 2127 2885 Ecce
2152 2829 2433 2901 quomodo
2454 2831 2631 2903 diligit
2646 2846 2773 2887 eum
2807 2831 2872 2885 2»
2911 2829 3083 2888 Ocius
3103 2843 3236 2900 ergo
3264 2842 3391 2884 eum
3421 2839 3520 2880 vo-

1933 2925 2094 2994 casti,
2143 2941 2551 3000 resurgensque
2583 2928 2678 2999 qui
2711 2928 2979 2985 amiserat
3032 2925 3314 2996 spiritum,
3340 2921 3520 3003 impc-

1934 3026 2091 3075 rante
2113 3027 2184 3083 te,
2207 3019 2623 3090 corruptionem
2656 3019 2923 3090 deponit.

324 3108 689 3180 Ἐσείσθησαν
720 3108 912 3173 πύλαι,
941 3109 1342 3183 συνετρίϐησαν
1373 3109 1562 3182 μοχλοί
1583 3127 1596 3142 ’
1633 3109 1822 3184 ἐλύθη-

2003 3108 2308 3165 Concussae
2360 3120 2492 3166 sunt
2552 3119 2772 3181 portas;
2807 3108 3036 3167 contriti
3073 3115 3301 3175 vectes;
3335 3106 3519 3163 soluta

234 3214 347 3252 σαν
379 3198 555 3269 δεσμά
575 3198 670 3252 τοῦ
697 3198 1027 3263 τεθνεῶτοςο
1071 3200 1101 3252 6
1142 3198 1277 3271 ᾅδης
1304 3200 1382 3265 δὲ,
1422 3201 1573 3287 φωνῇ
1606 3200 1707 3270 τῆς
1739 3200 1830 3255 δυ-

238 3287 468 3361 νάμεως
511 3288 773 3361 Χριστοῦ,
831 3291 1049 3363 πικρῶς
1081 3290 1430 3358 ἀνεστέναξε,
1467 3292 1561 3346 καὶ
1604 3291 1828 3347 (ivx-166$

237 3381 442 3453 Οἴμοιί
469 3380 558 3445 τίς
593 3382 686 3436 καὶ
710 3381 877 3437 πόθεν
912 3385 946 3455 ἡ
978 3382 1152 3455 φωνὴ,
1179 3384 1213 3454 ἡ
1248 3383 1477 3455 νεκροὺς
1504 3382 1758 3452 (maias;

328 3572 573 3628 Ἀνάστα
599 3571 874 3640 ἐντεῦθεν,
897 3573 1221 3640 ὑπακούσας
1245 3575 1347 3646 τῆς
1373 3576 1559 3646 φωνῆς
1575 3591 1593 3613 ν
1621 3576 1651 3630 6
1680 3575 1832 3644 φίλος

240 3680 344 3717 σου
380 3664 489 3735 γάρ
538 3663 644 3731 ἔξω
676 3667 998 3737 προσφωνεῖ
1026 3681 1119 3719 σε’
1150 3659 1308 3730 οὗτός
1344 3670 1517 3733 ἐστιν,
1547 3668 1576 3720 6
1608 3666 1670 3719 τδ
1700 3666 1831 3737 πρὶν

239 3757 564 3827 ἀναστήσας
596 3757 724 3820 τοὺς
750 3755 979 3825 νεκρούς
1000 3774 1016 3789 ·
1055 3758 1239 3822 Ἠλίας
1270 3757 1370 3829 μὲν
1393 3759 1587 3829 ἤγειρε
1613 3758 1828 3830 νεκρὸν,

239 3848 344 3900 καὶ
378 3846 683 3912 Ἐλισσαῖος
736 3846 888 3918 ἅμα·
942 3848 1058 3903 ἀλλ’
1090 3849 1254 3915 αὐτὸς
1291 3845 1360 3921 ἧν
1385 3849 1454 3903 δι’
1495 3848 1697 3916 αὐτῶν,
1735 3848 1831 3905 καὶ

238 3936 425 3992 λαλῶν
447 3939 543 3992 καὶ
572 3941 848 4010 πράττων.

325 4028 640 4101 ’Υμνοῦμὲν
699 4048 818 4099 σου,
876 4032 1018 4101 Λόγε
1047 4072 1064 4097 ,
1115 4032 1217 4104 τὴν
1263 4031 1587 4089 ἀνείκαστον
1634 4029 1826 4103 ἰσχύνο

250 4118 524 4185 Ὀστέοις
554 4119 665 4191 γὰρ
698 4121 799 4175 καὶ
832 4123 1093 4190 νεύροις,
1120 4123 1214 4176 τὸν
1246 4121 1478 4176 θανόντα
1507 4121 1757 4192 ἤγειρας
1784 4122 1831 4155 ’⁸

238 4205 389 4279 λόγῳ
417 4208 496 4279 τῷ
524 4210 622 4279 σῷ,
653 4211 730 4275 ὡς
758 4212 866 4291 τῷν
896 4212 1031 4266 ὅλων
1079 4212 1455 4283 πλαστουργός
1475 4229 1489 4244 ·
1520 4213 1612 4266 καὶ
1638 4212 1831 4267 τοῦτον

240 4303 574 4375 ἀνέστησας,
608 4305 824 4376 ,Σῶτερ,
857 4306 923 4359 ἐκ
945 4305 1055 4359 τῶν
1082 4305 1474 4376 καταχθονίων,
1502 4307 1580 4370 ὡς
1606 4304 1706 4377 τῆς
1728 4306 1831 4377 χήν

243 4409 347 4463 ρας
372 4394 435 4447 τὸ
470 4396 585 4451 υἱὸν
613 4396 706 4450 τὸν
725 4397 819 4450 ἐπὶ
840 4396 941 4467 τῆς
965 4396 1179 4466 κλίνης.

950 4488 1126 4551 Δόξα.

320 4573 491 4644 Γριάς
516 4575 780 4644 παναγία,
810 4577 992 4647 Πάτερ
1020 4576 1226 4649 άναρχε
1254 4575 1375 4641 Θεὲ,
1408 4577 1708 4648 συνάναρχε
1731 4576 1830 4631 Υιι

1860 4469 1907 4529 υ

1930 3200 2176 3260 defuncti
2203 3201 2447 3260 vincula.
2485 3199 2661 3257 Porro
2686 3201 2963 3266 infernus,
2990 3198 3197 3257 Christi
3228 3196 3533 3269 perculsus.

1930 3310 2088 3362 voce,
2120 3310 2307 3352 amare
2333 3294 2622 3365 ingemuit,
2685 3289 3159 3363 succlamavitque
3189 3306 3204 3345 :
3239 3286 3360 3344 Heu
3389 3289 3514 3345 mel

1930 3386 2220 3456 Quaenam,
2247 3394 2302 3445 et
2324 3386 2486 3459 cujus
2515 3400 2621 3443 vox
2658 3385 2776 3452 illa,
2803 3400 2926 3456 quae
2953 3389 3203 3443 mortuos
3238 3378 3307 3437 ad
3350 3381 3524 3443 vitam

1931 3478 2189 3536 reducit?
2734 3546 2741 3553 '

2000 3566 2241 3623 Proinde
2318 3580 2601 3638 resurgas,
2634 3565 2759 3623 voci
2805 3562 3074 3620 obedieus
3105 3579 3119 3616 :
3145 3573 3196 3618 te
3219 3559 3352 3619 foris
3373 3558 3521 3613 ami-

1929 3672 2031 3714 cus
2063 3666 2191 3712 tuus
2209 3656 2474 3723 advocat;
2507 3657 2624 3726 ipse
2651 3663 2739 3713 est
2761 3657 2858 3727 qui
2880 3656 3014 3710 olim
3046 3653 3342 3711 suscitavit
3367 3668 3519 3709 mor-

1930 3755 2075 3803 tuos.
2110 3746 2375 3818 Equidem
2401 3753 2676 3801 mortuum
2695 3745 3153 3811 excitavitElias,
3186 3745 3510 3816 pariterque

1930 3841 2164 3899 Elisaeus
2200 3860 2217 3911 ;
2246 3842 2322 3896 ita
2354 3841 2717 3896 nihilominus
2743 3846 2803 3895 ut
2826 3854 3019 3897 eorum
3056 3839 3175 3911 ipse
3200 3836 3510 3895 ministerio

1931 3935 2253 4006 loqueretur
2284 3947 2350 3988 ac
2371 3938 2712 4002 operaretur.

2003 4025 2199 4091 Tuam,
2231 4039 2265 4080 ο
2292 4022 2528 4079 Verbum
2550 4061 2566 4089 ,
2603 4020 3095 4093 incomparabilem
3136 4017 3517 4083 fortitudinem

1929 4118 2223 4175 laudamus
2258 4133 2271 4171 :
2305 4114 2528 4177 Ossibus
2590 4113 2933 4190 siquidemet
2973 4114 3169 4179 nervis,
3199 4110 3368 4166 verbo
3397 4118 3519 4178 tuo,

1930 4211 2083 4267 velut
2111 4211 2497 4264 universorum
2546 4205 2728 4270 ﬁctor,
2778 4214 3061 4259 mortuum
3108 4201 3514 4271 compegisti':

1933 4300 2210 4370 liuucquc,
2242 4296 2519 4364 Salvator,
2540 4294 3003 4362 quemadmodum
3050 4294 3225 4351 lilium
3258 4290 3432 4349 vidua:
3458 4291 3517 4352 ilt

1932 4391 2075 4448 lecto
2094 4391 2390 4462 iacentem,
2410 4390 2478 4466 ab
2496 4387 2730 4444 infernis
2756 4386 3122 4443 resuscitasti.

2632 4479 2843 4537 Gloria.

2000 4571 2362 4628 Sanctissima
2409 4569 2691 4634 Trinitas,
2730 4568 2892 4624 Pater
2915 4575 3120 4625 aeterne
3173 4566 3351 4628 Deus,
3406 4563 3513 4619 Fili

242 4666 342 4719 καὶ
371 4665 503 4719 Θεῖε
552 4666 720 4735 Δόγε,
769 4667 1095 4740 Παράκλητε
1150 4668 1345 4734 ἀγαθὲ,
1391 4670 1619 4739 Πνεῦμα
1674 4669 1822 4738 ἅγιον

1951 4673 2202 4720 materne
2225 4670 2280 4717 et
2312 4660 2456 4716 Deus
2504 4659 2746 4715 Verbum
2772 4699 2788 4723 ,
2817 4659 2957 4719 bone
2985 4656 3288 4719 Paraclete,
3316 4662 3513 4711 sancte

238 4753 383 4808 Θεοῦ
404 4771 419 4783 ·
459 4755 522 4809 τὸ
553 4755 613 4808 ἓν
635 4757 731 4810 καὶ
767 4757 1049 4829 τρισήλιον
1097 4759 1253 4828 φάος,
1295 4760 1328 4828 ἡ
1359 4759 1613 4829 συμφυὴς
1648 4760 1830 4829 οὐσία,

235 4836 324 4906 εἷς
359 4842 496 4907 Θεὸς
531 4844 627 4897 καὶ
652 4844 882 4917 Κύριος,
918 4847 1192 4918 οικτειρον
1220 4844 1313 4899 τὸν
1338 4846 1564 4917 κόσμον.

915 5024 1161 5080 Θεοτόκ.

323 5111 386 5167 '0
435 5111 617 5171 πάντα
648 5114 879 5185 ποιήσας
922 5116 982 5169 ἐν
1023 5115 1210 5187 σοφίᾳ,
1254 5114 1454 5187 Ἰησοῦ.
1483 5118 1579 5171 καὶ⁵
1604 5116 1725 5171 ὅλον
1760 5134 1829 5187 με

1929 4754 2023 4809 Dei
2057 4752 2332 4823 Spiritus,
2357 4766 2527 4805 unum
2551 4748 2682 4805 triui
2713 4746 2860 4803 Solis
2882 4748 3065 4803 lumen
3086 4787 3102 4813 ,
3130 4745 3378 4817 ejusdem
3412 4761 3515 4798 na-

1931 4855 2069 4900 tura:
2099 4843 2429 4909 substantia,
2467 4840 2613 4897 Deus
2639 4855 2784 4897 unus
2817 4847 2873 4895 et
2902 4839 3192 4906 Dominus,
3224 4846 3284 4894 tu
3317 4836 3518 4906 mundi

1932 4937 2217 4993 miserere.

2565 5021 2632 5085 In
2665 5019 2879 5092 Deipar.

2003 5116 2106 5183 Qui
2130 5115 2387 5171 universa
2417 5116 2471 5170 in
2504 5115 2797 5180 sapientia,
2821 5128 2855 5169 ο
2881 5112 3034 5178 Iesu,
3064 5111 3288 5176 creasti,
3316 5125 3513 5181 meque

240 5204 487 5273 φορέσας
518 5208 585 5259 ὲκ
636 5205 941 5277 Παρθένου,
991 5207 1085 5261 καὶ
1133 5209 1256 5272 ὅλος
1310 5209 1486 5280 μένων
1515 5209 1600 5262 ἀεὶ
1633 5210 1692 5261 ὲν
1717 5210 1822 5272 τοῖς

1951 5216 2105 5261 otum
2133 5222 2197 5263 ex
2227 5205 2450 5278 Virgine
2479 5205 2732 5270 induisti,
2764 5206 2973 5276 quique
3004 5212 3155 5259 totus
3180 5203 3233 5256 in
3273 5212 3502 5271 paterno

243 5293 468 5358 κόλποις
500 5295 595 5348 τοῦ
623 5296 869 5368 Πατρός·
903 5297 963 5351 τὸ
1002 5297 1161 5377 ἀγιόν
1195 5316 1288 5353 σου
1316 5298 1563 5367 Πνεῦμα,
1595 5298 1826 5370 Χριστὲ,

240 5381 341 5438 ἐπὶ
364 5383 432 5437 τὸ
458 5385 712 5456 ποίμνιόν
750 5402 867 5455 σου,
904 5388 1271 5460 καταπέμψας
1300 5389 1378 5455 ὡς
1398 5390 1551 5457 Θεὸς,
1572 5390 1828 5445 ἐπισκιά-

243 5486 342 5525 σον
374 5474 544 5543 ἡμᾶς.

314 5584 343 5622 ιι
382 5583 517 5639 Luc.
560 5602 600 5651 ι,
630 5582 721 5655 5f,
745 5587 963 5654 52,78,
998 5588 1086 5643 79.

1929 5286 2143 5368 semper
2164 5313 2355 5353 manes
2382 5298 2543 5366 sinu;
2575 5305 2652 5364 tu,
2682 5297 2926 5363 Christe,
2954 5294 3218 5365 Spiritum
3251 5300 3505 5349 sanctum

1937 5399 2091 5447 tuum
2145 5393 2200 5445 in
2249 5400 2401 5445 tuum
2461 5391 2603 5445 ovile
2645 5390 2835 5445 divina
2877 5389 3103 5444 mittens
3154 5384 3507 5447 auctoritate,

1938 5498 2039 5539 nos
2063 5482 2326 5537 ohumhra
2351 5490 2405 5538 et
2438 5490 2682 5553 protege.

1183 5601 1206 5629 ο
1238 5588 1396 5646 Joan.
1430 5607 1503 5659 ιι,
1540 5593 1622 5649 19.
1706 5593 1725 5631 ί
1764 5592 1864 5651 lsa.
1903 5596 2115 5659 va,2.
2195 5598 2220 5635 ⁸
2252 5593 2356 5649 Job
2381 5610 2434 5659 ι,
2470 5593 2552 5648 il.

1557 5685 1785 5741 VARI/8
1825 5685 2228 5742 LEC'I'IONES.

310 5772 356 5803 "
393 5786 480 5839 π).
509 5771 865 5838 συνέκλασας.
941 5776 987 5807 ’⁸
1017 5774 1101 5828 (cf.
1138 5775 1419 5846 ἔσφιγξας.
