3868 6328
193 418 344 487 1380

1453 425 1702 485 CANON
1743 424 1825 484 IN
1866 422 2246 484 LAZARU'M.

3331 425 3468 490 1390

287 533 651 602 Ἐσείσθησαν
699 534 766 586 τὰ
814 537 1016 606 ταμεῖα
1062 537 1157 590 τοῦ
1196 537 1360 605 ᾆδον,
1408 538 1482 599 ὼς
1527 521 1792 606 ἐψυχοῦτο

1969 529 2248 587 (Ζοιιειιεετι
2287 523 2416 586 sunt
2481 529 2682 585 inferni
2715 532 3083 602 receptacula,
3109 540 3167 586 ut
3194 541 3324 591 tunc
3357 548 3471 594 sta-

199 625 374 690 εὐθὺς
395 627 543 680 κάτω
569 626 816 697 Λάζαρος
838 628 980 694 τότε,
1027 633 1090 701 τῇ
1129 634 1278 701 φωνῇ
1327 631 1419 684 τοῦ
1449 629 1788 694 ζωώσαντος.

686 721 825 792 ᾨδὴ
867 729 937 789 γ’.
981 723 1043 775 Ὀ
1079 725 1318 793 Είρμός.

285 828 304 860 ι
341 809 509 863 Λίθον
537 809 596 862 ὃν
623 812 1031 883 ὲπεδοκίμησαν
1074 816 1121 866 οί
1149 815 1564 884 οἰκοδομοῦντες
1586 856 1602 880 ,
1638 805 1794 876 οὗτος

194 899 449 970 ἐγενήθη
484 901 566 964 είς
591 901 830 972 κεφαλήν
858 905 1088 970 γωνίας·
1123 923 1140 956 ι
1173 905 1333 968 αὐτός
1363 907 1509 957 ἐστιν
1539 905 1571 974 ἡ
1597 905 1791 974 πέτρα,

197 995 262 1044 ἐν
370 993 674 1061 ὲστερέωσε
709 995 945 1064 Χριστος
979 996 1078 1066 τὴν
1116 997 1444 1068 Ἐκκλησίαν
1484 995 1647 1050 αὑτοῦ
1673 1037 1688 1063 ,
1725 995 1794 1066 ἥν

194 1082 264 1149 ἐξ
301 1080 475 1135 ἐθνῶν
507 1083 903 1154 ὲξηγορήσατο.

276 1171 483 1243 Θαῦμα
510 1172 660 1237 ξένον
692 1175 787 1228 καὶ
819 1177 1122 1248 παράδοξον
1149 1195 1163 1210 ·
1191 1179 1307 1243 πῶς
1333 1181 1361 1233 6
1389 1181 1631 1253 Κτίστης
1656 1182 1793 1237 πάν-

195 1279 337 1328 των,
371 1265 509 1333 ὅπερ
537 1265 636 1316 οὐκ
659 1267 866 1334 ἠγνόει,
895 1268 970 1330 ὡς
997 1269 1206 1336 ἀγνοῶν
1223 1269 1444 1340 ἠρώτα;
1474 1273 1581 1325 Ποῦ
1615 1277 1790 1326 κεῖται

197 1354 266 1407 ὃν
300 1355 585 1427 θρηνεῖτε;
618 1357 728 1409 Ποῦ
760 1359 1024 1413 τέθαπται
1059 1361 1330 1433 Λάζαρος,
1353 1364 1409 1415 ὃν
1445 1365 1564 1434 μετ’
1595 1365 1792 1434 ὀλίγων

201 1448 274 1499 ὲκ
309 1447 542 1518 νεκρῶν,
574 1447 750 1512 ζῶντα
781 1453 915 1520 ἡμῖν
946 1451 1291 1523 ἐξανεστήσω
1321 1455 1469 1524 syth;

281 1629 448 1682 Λίθον
492 1629 552 1680 ὃν
598 1645 681 1680 σοι
733 1627 1137 1698 προσεκύλισαν
1191 1631 1242 1682 οἱ
1293 1631 1654 1700 κηδεῦσαντὲς
1706 1650 1787 1699 σε,

207 1719 401 1773 τοῦτον
430 1721 758 1788 συγκινῆσαι
789 1723 817 1774 6
857 1720 1065 1789 Ἰησοῦς
1094 1722 1427 1792 προστάξας,
1458 1723 1622 1788 εὐθὺς
1655 1725 1794 1778 ἀνέ-

209 1810 381 1880 στησὲ
446 1827 529 1874 σε,
595 1811 852 1881 φωνήσας
901 1829 985 1864 σοι
1011 1829 1024 1841 ·
1077 1811 1292 1884 Λάζαρε
1321 1852 1338 1879 ,
1363 1815 1605 1868 ἀνάστα·
1631 1815 1792 1888 δεῦρο

206 1902 350 1971 πρός
386 1919 456 1972 με
482 1916 496 1932 ’
539 1903 628 1956 ἵνα
655 1903 758 1974 ’τὴν
787 1903 884 1974 σὴν
913 1907 940 1957 6
969 1899 1101 1976 ᾃδης
1131 1904 1309 1976 πτήξῃ
1336 1909 1540 1975 φωνήν.

279 1995 486 2065 Μάρθα
518 1997 614 2048 καὶ
638 1997 847 2066 Μαρία,
876 1997 1049 2067 Κύριε
1071 2036 1085 2059 ,
1118 1997 1375 2067 ὀδυρμοῖς
1405 1999 1594 2051 ὲσὸωψ
1631 2017 1650 2050 ι
1688 1999 1791 2052 Ἰδε

197 2084 263 2136 δν
289 2078 500 2153 ἐφίλεις
521 2089 834 2154 τεταρταῖος
851 2087 1053 2151 δζει.Εἰ
1071 2085 1139 2159 ἧς
1160 2083 1262 2144 ὦδε
1277 2091 1421 2154 τότε,
1442 2092 1541 2144 οὐκ
1561 2091 1792 2164 ἔθνῃσκε

200 2175 486 2248 Λάζαρος.
525 2195 544 2227 ι
590 2178 730 2230 Ἀλλ’
761 2178 836 2242 ὡς
862 2179 1166 2252 ἀχώριστος
1189 2184 1351 2236 παντὶ
1375 2223 1390 2248 ,
1418 2184 1606 2237 τοῦτον
1633 2184 1794 2248 εὐθὺς

202 2270 474 2338 φωνήσας
503 2269 604 2338 ήγε
617 2287 759 2340 ιρας.

286 2449 490 2510 Ῥάνας
529 2447 622 2500 ἐπὶ
660 2447 797 2518 φίλῳ
835 2449 1048 2520 δάκρυα
1089 2450 1156 2504 δι’
1199 2453 1542 2524 οἰκονομίαν,
1583 2455 1792 2524 ἔδειξας

193 2537 304 2610 τὴν
335 2539 520 2611 σάρκα
543 2540 642 2608 τὴν
671 2539 730 2604 ἐξ
758 2539 917 2610 ἡμῶν
946 2541 1247 2612 ληφθεῖσαν
1271 2585 1286 2608 ,
1317 2546 1475 2618 οὐσία
1494 2589 1509 2614 ,
1544 2550 1604 2601 οὐ
1634 2549 1796 2621 δοκή-

195 2647 290 2684 σει
316 2673 332 2698 ,
369 2631 559 2701 Σῶτερ
587 2671 602 2698 ,
645 2630 943 2685 ὲνωθείσάν
994 2651 1077 2686 σοι
1110 2651 1124 2665 ·
1166 2636 1259 2690 καὶ
1297 2637 1371 2701 ὡς
1412 2639 1792 2712 φιλάνθρωπος

192 2721 361 2787 θεὸς,
395 2721 589 2776 τοῦτον
608 2722 771 2787 εὐθὺς
799 2726 1079 2795 φωνήσας,
1118 2727 1372 2800 ἤγειρας.

274 2898 444 2969 Οίμοι
474 2901 487 2952 ι
530 2899 701 2963 ὅντως
751 2900 844 2954 νῦν
887 2899 1162 2966 ἀπόλωλα,
1189 2900 1402 2954 ἐκϐοῶν
1425 2902 1454 2954 6
1485 2901 1619 2973 ᾆδης
1647 2903 1790 2957 οῦτω

195 2987 558 3059 προσεφώνει
585 2989 664 3060 τῷ
690 2991 907 3062 Θανάτῳ
934 2993 1127 3060 λέγων·
1173 2993 1302 3046 Ἰδοὺ
1330 2995 1358 3046 6
1385 2995 1696 3066 Ναζαραῖος
1719 2997 1789 3052 τά

198 3079 363 3134 κάτω
388 3079 692 3146 συνέσεισε,
717 3082 814 3134 καὶ
839 3085 936 3152 τὴν
959 3083 1202 3153 γαστέρα
1227 3101 1328 3155 μου
1348 3083 1555 3155 τεμὼν,
1584 3087 1786 3141 ἄπνουν

197 3170 426 3242 νεκρὸν,
457 3172 714 3242 φωνήσας
736 3173 948 3242 ἤγειρε.

278 3260 396 3315 Ποῦ
428 3261 463 3330 ἡ
491 3261 602 3313 τῶν
646 3261 914 3330 Ἐϐραίων
943 3260 1137 3329 avom;
1167 3262 1278 3316 Ποῦ
1315 3264 1349 3334 ή
1379 3263 1650 3330 ἀπιστίας
1682 3264 1788 3328 ἕως

197 3353 342 3407 πότε
382 3353 573 3406 πλάνοι
600 3369 615 3418 ;
652 3355 798 3417 Ἕως
827 3353 960 3407 πότε
990 3355 1164 3421 νόθοι;
1208 3355 1405 3426 Ὁρᾶτε
1435 3355 1525 3409 τὸν
1557 3355 1790 3411 θανόντα

199 3445 364 3512 φωνῇ
394 3441 773 3511 ἐξαλλόμενον,
811 3445 906 3497 καὶ
932 3445 1215 3497 ἀπιστεῖτε
1247 3445 1325 3516 τῷ
1373 3447 1596 3518 Χριστῷ
1620 3464 1635 3514 ;
1660 3449 1790 3500 ’ον-

196 3551 315 3597 τως
358 3533 468 3586 υἱοὶ
491 3530 588 3586 τοῦ
611 3533 838 3596 σκότους
870 3531 1072 3596 πάντες
1099 3535 1282 3604 ὑμεῖς.

914 3647 1090 3711 Δόξα.

279 3737 420 3792 Ἕνα
453 3739 552 3810 τῆς
572 3739 801 3809 Τριάδος
830 3734 948 3792 οἶδά
978 3755 1035 3790 σε
1057 3779 1072 3803 ,
1103 3737 1150 3790 εί
1181 3736 1275 3790 καὶ
1305 3737 1624 3808 ὲσαρκὼθης
1648 3751 1664 3768 ·
1695 3739 1792 3792 ἕνα

202 3830 307 3883 καὶ
337 3828 546 3893 δοξάζω
573 3829 702 3881 Υίὸν
729 3830 1147 3900 σεσαρκωμένον
1184 3830 1274 3883 τὸν
1299 3833 1364 3884 ὲκ
1401 3832 1502 3900 τῆς
1527 3831 1790 3885 Θεοτόκου

203 3920 470 3991 ἀσπόρως
505 3919 914 3990 βλαστήσαντα,
942 3922 1037 3974 καὶ
1072 3923 1169 3974 σὺν
1204 3921 1380 3992 Πατρί⁵
1409 3923 1504 3975 καὶ
1541 3922 1793 3992 Πνεῦμα-

203 4027 286 4077 τι,
325 4009 424 4062 ἕνα
452 4009 584 4063 Υίὸν
606 4009 1080 4080 δοξολογοὺμενον.

858 4123 968 4176 Καὶ
1023 4122 1160 4177 νῦν.

282 4235 447 4290 Ξένον
473 4237 568 4290 καὶ
600 4236 828 4308 φρικτὸν
865 4236 926 4289 τδ
974 4238 1176 4308 ὅραμα,
1208 4237 1265 4304 ἐξ
1299 4239 1629 4309 οἰκονομίας,
1659 4240 1794 4310 ὅπερ

212 4328 515 4400 προεώρων
544 4329 595 4380 οί
620 4328 876 4396 ἀψευδεῖς
905 4329 1184 4400 προφῆται
1207 4330 1480 4400 Παρθένον
1510 4331 1792 4394 Θεότοκον,

210 4420 474 4490 ἀσπόρως
524 4419 623 4487 μὲν
671 4419 914 4480 κυοῦσαν
963 4421 1253 4490 ἀσπόρως,
1304 4421 1598 4475 τίκτουσαν
1626 4421 1792 4488 Θεὸν,

214 4511 486 4580 μένουσαν
512 4510 570 4563 δὲ
611 4510 754 4580 μετά
802 4513 960 4563 τόκον
985 4511 1178 4580 ἁγνήν.
1211 4535 1219 4544 ·
1507 4513 1510 4516 ⁴

687 4621 822 4693 ᾩδὴ
887 4623 957 4676 δ’.
1009 4622 1063 4675 '0
1098 4624 1334 4690 Είρμός.

293 4731 550 4802 Ἐπήρθη
579 4734 608 4785 6
635 4731 807 4802 ἥλιος,
835 4732 997 4802 καὶή
1048 4731 1243 4801 σελήνη
1275 4729 1407 4799 ἔστη
1439 4732 1496 4783 ὲν
1534 4733 1601 4801 τῇ
1645 4732 1797 4798 τάξει

1895 625 1991 678 tim
2025 623 2353 678 vivificantis
2386 636 2518 677 voce
2547 621 2790 678 Lazarus
2819 625 3180 681 animaretur.

2449 712 2561 767 Ode
2587 713 2641 766 5.
2682 713 2926 767 Ilirmus.

1970 824 1988 856 ι
2027 803 2284 874 Lapidem
2309 818 2469 873 quem
2508 804 2944 872 reprobaverunt
2992 805 3348 876 aedificantes,
3380 810 3470 864 hic

1895 893 2078 948 factus
2103 904 2187 948 est
2217 893 2274 946 in
2303 901 2468 962 caput
2497 893 2680 963 anguli
2710 903 2789 948 τ.)
2815 893 2938 949 Ηωο
2965 902 3235 964 petraest,
3270 899 3323 952 in
3360 915 3468 969 qua

1893 985 2150 1042 Christus
2182 985 2453 1051 fundavit,
2503 1001 2667 1056 quam
2717 1002 2782 1042 ex
2817 987 3073 1056 gentibus
3103 989 3336 1045 redemit
3366 991 3469 1045 Ec-

1893 1078 2147 1133 clesiam.

1966 1167 2286 1221 Miraculum
2321 1181 2525 1220 novum
2583 1174 2638 1221 et
2683 1167 2990 1222 insolitum.
3019 1166 3308 1234 Quomodo
3348 1173 3468 1226 uni-

1895 1274 2183 1314 versorum
2225 1257 2475 1323 Creator,
2495 1260 2642 1312 velut
2668 1260 2966 1329 ignoraret,
2989 1260 3134 1329 quod
3169 1276 3274 1315 non
3309 1261 3466 1332 igno-

1893 1353 2072 1414 rabat,
2107 1351 2583 1422 percontabatur?
2608 1352 2711 1407 Ubi
2748 1353 2970 1422 positus
3011 1365 3096 1407 est
3126 1369 3286 1424 quem
3321 1355 3469 1424 luge-

1894 1443 2004 1496 tis?
2042 1441 2145 1497 Ubi
2179 1443 2431 1512 sepultus
2458 1441 2722 1507 Lazarus,
2755 1459 2918 1512 quem
2950 1458 3052 1513 ego
3099 1444 3248 1498 brevi
3282 1460 3404 1500 sum
3439 1461 3468 1498 a

1894 1535 2127 1590 mortuis
2186 1535 2600 1590 suscitaturus?

1963 1625 2222 1696 Lapidem
2251 1641 2411 1696 quem
2440 1626 2537 1680 tibi
2574 1625 2954 1688 advolverant.
2986 1625 3080 1697 qui
3112 1635 3265 1682 tuum
3311 1643 3471 1682 cura-

1892 1723 2020 1770 rant
2053 1715 2241 1782 funus,
2299 1717 2396 1770 ubi
2452 1713 2615 1770 Jesus
2655 1730 2683 1769 a
2714 1713 3201 1786 Judreisjussisset
3236 1717 3468 1780 revolvi,

1893 1819 1948 1864 te
1979 1809 2161 1865 statim
2187 1808 2541 1864 resuscitavit
2564 1823 2804 1874 ;vocans
2833 1816 2918 1862 te:
2941 1808 3169 1874 Lazare,
3198 1825 3424 1880 resurgo
3451 1826 3466 1874 ;

1897 1901 2022 1957 veni
2057 1901 2124 1955 ad
2159 1917 2280 1966 me,
2313 1909 2374 1954 ut
2405 1907 2497 1953 tua
2531 1899 2806 1954 infernum
2842 1915 2975 1956 voce
3011 1903 3360 1972 percelleres.

1970 1991 2179 2046 Martha
2235 1990 2538 2060 Mariaque,
2581 2004 2614 2044 ο
2670 1990 2922 2055 Domine,
2953 1992 3220 2062 gemenda
3264 1993 3468 2047 clama-

1895 2085 2074 2140 bant:
2115 2102 2135 2136 ‹
2197 2083 2340 2139 Ecce
2371 2098 2532 2153 quem
2580 2083 2826 2149 amabas,
2877 2082 3281 2153 quatricluanus
3316 2083 3464 2139 fetet.

1897 2175 1954 2231 Si
1999 2175 2206 2231 fuisses
2263 2175 2378 2239 hic,
2429 2189 2537 2228 non
2579 2173 2775 2228 fuisset
2803 2181 3051 2228 mortuus
3085 2150 3328 2228 Lazai’us
3358 2175 3405 2228 '.
3445 2192 3464 2224 ι

1894 2265 2099 2322 Verum
2141 2266 2234 2337 qui
2267 2279 2537 2336 nusquam
2573 2264 2816 2330 decsses,
2848 2257 2972 2319 eum
3004 2264 3186 2319 statim
3223 2266 3470 2320 vocando

1893 2356 2268 2415 resuscitasti.

1967 2449 2197 2504 Stillans
2232 2443 2644 2518 dispensatione
2689 2446 2962 2517 laerymas
3003 2459 3170 2516 super
3203 2445 3468 2508 amicum,

1894 2557 2117 2598 carnem
2153 2555 2318 2612 quam
2355 2555 2420 2595 ex
2447 2539 2608 2593 nobis
2634 2537 3060 2607 assumpsisses,
3093 2537 3337 2592 essentia
3361 2551 3467 2590 non

1894 2633 2237 2703 apparentia,
2300 2633 2509 2686 unitam
2573 2631 2674 2684 tibi
2737 2629 3024 2684 ostendisti
3063 2639 3278 2698 :utque
3327 2627 3472 2682 Deus

1892 2724 2167 2792 benignus
2197 2737 2262 2777 ac
2297 2721 2634 2786 misericors,
2667 2736 2792 2775 eum
2819 2722 3004 2773 statim
3031 2719 3279 2775 vocando
3314 2735 3471 2775 resu-

1893 2815 2136 2870 scitasti.

1963 2908 2078 2964 lleu
2107 2908 2230 2963 me!
2287 2921 2416 2962 vere
2479 2919 2627 2959 nunc
2665 2901 2800 2972 perii
2839 2916 2902 2956 ac
2935 2900 3003 2955 de
3033 2915 3120 2955 me
3151 2908 3332 2955 actum
3363 2909 3470 2961 est.

1891 2987 2164 3056 clamabat
2193 3000 2444 3054 infernus
2484 2997 2551 3051 ad
2586 2987 2820 3050 mortem
2865 3013 2878 3048 :
2913 2994 3057 3049 Ecce
3113 2994 3260 3048 enim
3304 2991 3482 3046 Naza-

1893 3108 2036 3148 rreus
2077 3092 2167 3147 ille
2199 3090 2414 3146 inferna
2443 3087 2752 3154 concussit,
2784 3095 3045 3156 sectoque
3091 3101 3212 3140 meo
3259 3093 3472 3146 ventre.

1814 3205 1856 3262 ο
1892 3192 2168 3238 mortuum
2200 3181 2318 3236 sine
2351 3179 2572 3249 spiritu,
2599 3175 2850 3232 vocando
2883 3175 3260 3230 resuscitavit.

1968 3271 2068 3327 Ubi
2111 3270 2462 3325 llebrmorum
2519 3267 2834 3321 dementia“!
2892 3263 2993 3319 Ubi
3065 3261 3476 3318 incredulitas!

1896 3362 2150 3429 Quandiu
2207 3359 2569 3430 impostores?
2633 3356 2877 3428 quandiu
2929 3351 3201 3410 adulteri?
3262 3352 3474 3408 Videtis

1895 3462 2172 3506 mortumn
2191 3451 2258 3505 ad
2281 3465 2468 3505 vocem
2491 3466 2652 3504 unam
2667 3448 3031 3511 cxsilientem,
3052 3455 3105 3501 et
3121 3462 3228 3501 non
3251 3447 3476 3503 creditis

1896 3541 2154 3598 Christo?
2176 3539 2315 3594 Vere
2347 3555 2445 3595 vos
2481 3555 2673 3595 omnes
2706 3539 2799 3593 filii
2831 3538 3200 3594 tenebrarum.

2585 3651 2792 3706 Gloria.

1972 3744 2047 3798 Te
2078 3758 2245 3798 unum
2281 3742 2346 3796 de
2378 3741 2648 3796 Trinitate
2673 3742 2820 3805 novi,
2851 3756 3164 3810 quanquam
3198 3757 3259 3797 es
3292 3743 3479 3798 incar-

1899 3846 2094 3900 natus;
2153 3848 2434 3902 unumque
2464 3832 2714 3902 glorifico
2747 3829 2944 3884 Filium
2983 3832 3354 3899 iucarnatum,
3407 3851 3477 3889 ex

1901 3925 2131 3994 Deipara
2165 3927 2283 3979 sine
2314 3925 2524 3980 semine
2577 3932 2789 3985 natum,
2816 3926 3106 3992 ipsumque
3135 3939 3262 3978 cum
3287 3923 3477 3992 Patre,

1900 4027 1947 4074 el
1983 4017 2192 4087 Spiritu
2224 4015 2648 4080 sancto,Filium
2683 4030 2849 4068 unum
2879 4015 3267 4084 glorilicaturn.

2534 4121 2605 4177 Et
2679 4139 2837 4177 rtunc.

1969 4239 2145 4301 Nova,
2163 4254 2225 4292 ex
2247 4237 2680 4308 dispensatione,
2703 4239 2867 4304 visio,
2891 4247 2946 4293 et
2978 4238 3272 4304 horrenda,
3308 4255 3472 4310 quam

1903 4328 2272 4396 praeviderunt
2301 4342 2527 4383 veraces
2573 4329 2850 4398 propheta:
2879 4347 2892 4382 :
2928 4343 3144 4397 nempe,
3181 4328 3470 4399 Deiparam

1902 4418 2204 4488 Virginem,
2247 4427 2514 4488 conceptu
2553 4428 2824 4490 partuque
2848 4419 2971 4474 sine
3001 4421 3233 4483 semine,
3264 4429 3472 4476 castam

1829 4547 1872 4601 Β
1903 4527 1932 4564 ει
1964 4519 2121 4581 partu
2153 4521 2488 4565 manentem.

2337 4669 2346 4692 ι
2449 4619 2560 4673 Ode
2582 4621 2634 4673 4.
2655 4623 2906 4675 -ΙῙίνηιιιε.

1971 4733 2229 4788 Eleratus
2260 4742 2343 4786 est
2379 4737 2459 4787 sol
2491 4735 2534 4799 ι,
2560 4735 2798 4804 lunaque
2850 4735 3004 4789 stetit
3045 4734 3098 4788 in
3132 4735 3325 4790 ordine
3346 4751 3470 4790 suo.

207 4822 405 4891 αὐτῆς.
428 4821 704 4892 ’Υψὼθης,
731 4821 1074 4892 μακρόθυμε,
1099 4823 1192 4875 ὲπὶ
1218 4821 1314 4874 τοῦ
1343 4820 1524 4885 ξύλου,
1549 4823 1643 4875 καὶ
1665 4822 1792 4892 ἐπη-

1920 4825 2154 4879 Ξιενιιιιιε
2181 4838 2242 4876 es
2273 4825 2325 4875 in
2359 4823 2524 4893 ligno,
2561 4840 2594 4878 ο
2624 4825 2970 4898 longanimis,
3026 4834 3287 4898 tuamque
3320 4829 3375 4882 in
3407 4845 3472 4882 eo

207 4914 308 4980 ξας
340 4916 400 4966 ὲν
428 4912 579 4982 αὐτῷ
609 4914 709 4984 τὴν
753 4913 1083 4982 Ἐκκλησίαν
1110 4929 1228 4966 σου.

293 5003 642 5073 Ἐδάκρυσας
661 5043 676 5067 ,
704 5002 878 5070 Κύριε
906 5042 921 5066 ,
950 5002 1043 5054 ἐπὶ
1076 5001 1315 5070 Λαζάρῳ
1336 5041 1350 5064 ,
1378 5000 1558 5066 δείξας
1585 5001 1666 5052 ὅτι
1697 5001 1792 5054 ἀν-

207 5093 433 5162 θρωπος
466 5089 517 5144 εἱ
547 5131 563 5155 ,
596 5092 692 5144 καὶ
731 5093 959 5161 ήγειρας
987 5132 1001 5155 ,
1033 5093 1284 5144 Δέσποτα
1303 5132 1318 5156 ,
1344 5090 1435 5144 τὸν
1483 5089 1752 5144 τεθνεῶτα
1777 5129 1792 5153 ,

207 5186 306 5237 καὶ
344 5183 552 5247 ἔδειξας
587 5186 699 5245 τοῖς
729 5182 901 5246 λαοῖς,
925 5182 1008 5234 ὅτι
1044 5182 1172 5243 Υἱὸς
1201 5178 1250 5234 εί
1271 5181 1366 5234 τοῦ
1388 5181 1548 5235 Θεοῦ.

294 5276 355 5326 '0
406 5275 614 5337 ἄπνους
653 5275 854 5344 ήκουσε
898 5273 959 5325 τὸ
1003 5274 1333 5343 πρόσταγμά
1367 5288 1497 5325 σου·
1555 5292 1575 5325 ι
1629 5274 1798 5342 Δεῦρο

207 5365 340 5432 ἔξω,
369 5366 591 5436 Λαζάρε
614 5381 629 5396 ο
662 5384 680 5416 ι
701 5366 964 5436 δρομαῖος
994 5364 1248 5417 ἀνίστατο
1283 5367 1380 5417 σὺν
1409 5366 1520 5428 τοῖς
1551 5365 1798 5435 σπαργά-

206 5474 347 5522 νοις,
375 5459 470 5510 καὶ
495 5457 714 5526 ἦλλατο,
752 5454 947 5524 ἀγαθὲ,
974 5455 1186 5518 δεικνὺς
1217 5455 1276 5507 τὸ
1307 5455 1510 5526 κράτος
1537 5473 1652 5510 σου.

279 5635 398 5704 Τῆς
435 5633 674 5706 Μάρθας
711 5636 783 5690 τὰ
829 5635 1068 5708 δάκρυα,
1105 5634 1197 5686 καὶ
1222 5634 1322 5703 τῆς
1366 5635 1589 5705 Μαρίας
1635 5637 1796 5690 κατέο

282 5819 308 5853 ι’
345 5808 494 5866 Psal.
526 5827 700 5877 cxvu,
744 5809 852 5868 τες
891 5808 1084 5864 Matth.
1124 5824 1234 5876 ur,
1263 5806 1354 5862 42.
1435 5815 1457 5844 ⁸
1494 5806 1655 5866 Joan.
1698 5823 1772 5867 XI.
1832 5810 2022 5878 59,9.l.

1890 4913 2191 4968 Ecclesiam
2229 4911 2416 4966 ﬁxisti.

1960 5002 2321 5072 Lacrymatus
2344 5018 2426 5065 es,
2456 5003 2704 5069 Domine,
2742 5021 2909 5077 super
2943 5007 3212 5064 Lazarum
3249 5025 3263 5062 :
3298 5010 3473 5064 homi-

1893 5110 2016 5149 nem
2083 5105 2134 5148 le
2201 5096 2318 5163 ipse
2356 5095 2698 5158 ostendens.
2769 5101 3158 5171 exeitastique,
3223 5101 3471 5167 Domine,

1896 5197 2199 5245 mortuum,
2231 5201 2294 5237 ac
2337 5195 2390 5238 te
2421 5188 2638 5255 populis
2672 5187 2763 5244 Dei
2786 5188 2982 5244 Filium
3007 5193 3274 5260 probasti.

1971 5275 2190 5330 Audivit
2221 5275 2315 5344 qui
2347 5275 2466 5340 sine
2511 5277 2706 5345 spiritu
2766 5289 2888 5333 erat
2917 5290 3246 5350 praeceptum
3283 5286 3472 5335 tuum:

1907 5385 1926 5418 α
1967 5366 2195 5441 Lazare,
2229 5364 2350 5419 veni
2396 5365 2545 5422 foras
2591 5379 2650 5432 Il;
2699 5388 2717 5420 ι
2775 5369 3120 5441 festinusque
3175 5373 3477 5425 resurrexit

1903 5438 2028 5512 cum
2069 5456 2288 5517 fasciis;
2346 5456 2740 5526 exsiliensque,
2794 5475 2827 5513 ο
2871 5438 3173 5524 ὺοηεξῑηαι
3221 5461 3484 5528 potentia:

1903 5548 2182 5618 Specimen
2221 5545 2494 5600 exhibuit.

1977 5636 2191 5691 Sedasti
2257 5633 2480 5690 Marthae
2527 5649 2580 5692 et
2626 5637 2809 5692 Mariae
2849 5639 3142 5712 lacrymas,
3175 5657 3208 5695 o
3257 5642 3478 5697 Christe

2111 5825 2125 5849 ι
2173 5814 2342 5871 Josue
2379 5830 2431 5875 ι,
2469 5811 2552 5865 15.
2641 5825 2662 5849 ι·
2687 5813 2848 5868 Joan.
2887 5831 2960 5880 si,
2991 5817 3086 5870 ιδ.
