3894 6436
230 475 342 539 493

1278 475 1962 538 CHRONOGRAPHIA.
1997 502 2061 513 -·
2104 478 2252 539 LIB.
2294 479 2465 539 XIII.

3414 482 3513 545 495

229 582 395 650 σίγνα
426 581 592 634 αὐτοῦ
625 580 721 633 καὶ
744 583 835 633 τὸν
876 579 1092 651 κόμητα
1109 580 1407 634 Λουκιανδν
1434 581 1499 647 ’³,
1533 581 1699 652 ἄνδρα
1724 599 1819 634 πο-

1930 582 2035 639 bus
2067 582 2263 639 deletis
2292 584 2576 640 omnibus.
2607 584 2885 641 Extremas
2912 599 3043 642 vero
3073 586 3276 643 classis
3324 602 3516 645 curam

225 672 635 743 λεμικώτατον,
694 665 834 727 εἶναι
900 675 998 726 σὺν
1053 670 1222 742 αὐτῷ.
1274 672 1462 735 Ὅστις
1515 673 1823 727 καὶπολλὰ

226 766 449 836 κάστρα
476 764 727 835 Περσικά
756 764 906 837 παρά
926 765 1017 818 τὸν
1053 763 1347 835 Εὐφράτην
1382 763 1607 834 κείμενα
1637 764 1730 816 καὶ
1765 765 1823 816 ἐν

226 855 388 924 μέσῳ
412 854 525 907 τῶν
555 856 766 909 ὑδάτων
796 856 853 907 ἐν
883 855 1069 925 νήσοις
1096 853 1225 906 ὄντα
1248 853 1522 923 ἐπόρθησε
1568 855 1660 906 καὶ
1696 855 1823 917 τούς

220 947 281 998 ἐν
314 946 510 1010 αὐτοῖς
560 945 722 1009 ὄντας
753 946 967 1018 Πέρσας
1002 946 1199 999 ἀνεῖλε.
1235 945 1473 1015 Βίκτορα
1495 945 1552 997 δὲ
1593 946 1687 998 καὶ
1720 949 1823 998 Δα-

220 1040 501 1109 γαλάῖφον
524 1040 827 1104 κατέταξεν
843 1039 1067 1092 ὄπισθεν
1083 1037 1190 1091 τῶν
1212 1038 1416 1091 λοιπῶν
1432 1037 1630 1090 πλοίων
1649 1035 1818 1091 εἷναι¹

220 1132 318 1182 καὶ
382 1128 682 1199 φυλάττειν
721 1129 789 1183 τὰ
826 1128 1029 1200 πλήθη.
1070 1127 1182 1181 Καὶ
1213 1127 1483 1199 κατῆλθεν
1509 1129 1537 1181 6
1573 1128 1821 1198 βασιλεὺς

223 1221 374 1291 μετὰ
407 1220 528 1292 [ῒ9]
566 1220 661 1274 τοῦ
691 1218 924 1292 στρατοῦ
956 1220 1156 1282 παντὸς
1186 1218 1274 1271 διά
1303 1219 1404 1288 τῆς
1433 1219 1675 1289 μεγάλης
1695 1218 1823 1271 διώ-

220 1331 400 1385 ρυγος
428 1316 449 1345 ²
493 1313 588 1367 τοῦ
630 1312 927 1385 Εὐφράτου
972 1311 1073 1381 τῆς
1126 1310 1431 1381 μισγούσης
1470 1310 1549 1381 τῷ
1590 1310 1824 1380 Τίγρητι

221 1406 465 1479 ποταμῷ
503 1424 518 1438 ·
569 1407 665 1460 καὶ
702 1405 951 1476 εἰσῆλθεν
984 1406 1060 1469 εἰς
1097 1405 1188 1457 τὸν
1217 1404 1381 1458 αὐτὸν
1404 1404 1653 1475 Τίγρητα
1677 1405 1695 1435 ³
1723 1422 1824 1457 πο-

217 1500 401 1570 ταμόν
436 1499 573 1570 (92),
601 1500 735 1553 ὅπου
773 1500 1065 1570 μίγνυνται
1096 1499 1143 1551 οἰ
1174 1496 1269 1551 δύο
1300 1497 1538 1568 ποταμοὶ
1565 1498 1660 1551 καί
1691 1499 1823 1551 ἀπο-

218 1589 443 1644 τελοῦσι
494 1591 697 1662 λίμνην
752 1589 1022 1661 μεγάλην.
1086 1590 1199 1643 Καὶ
1246 1588 1601 1661 παρέδαλενδ
1643 1592 1722 1653 είς
1754 1590 1823 1644 τὰ

1931 673 2142 730 Victori
2190 682 2243 728 et
2297 676 2637 748 Dagalaipho
2666 677 3041 735 demandavit.
3075 678 3310 735 Solvens
3332 688 3516 734 autem

1929 780 2055 819 eum
2116 769 2364 820 exercitu
2418 767 2573 821 omni
2633 767 2967 838 imperator,
3016 771 3210 840 copias
3260 784 3391 825 suas
3421 784 3519 838 per

1928 872 2049 912 eum
2086 858 2268 913 locum
2307 858 2547 929 trajecit,
2582 860 2675 914 u'bi
2734 859 2919 933 Tigris
2955 870 3006 917 et
3032 863 3347 933 Euphrates
3380 876 3518 918 con-

1928 959 2238 1015 currentes,
2272 952 2553 1022 ingentem
2605 953 2824 1007 alveum
2878 954 3145 1009 efﬁciunt.
3187 954 3397 1008 Exinde
3418 968 3517 1022 per

1931 1041 2139 1112 Tigrim
2168 1053 2380 1110 vectus,
2420 1046 2475 1099 in
2507 1045 2756 1102 Persidis
2789 1046 3070 1117 regionem
3097 1047 3364 1117 perrexit,
3394 1060 3518 1115 qua:

1930 1132 2371 1190 Mauzanitarum
2404 1145 2658 1202 vocatur,
2701 1151 2730 1192 ο
2764 1138 3123 1208 Ctesiphonte
3155 1154 3265 1192 non
3296 1137 3513 1208 procul,

1934 1226 2025 1280 ubi
2079 1242 2239 1297 reges
2272 1226 2570 1283 Persarum
2609 1229 2772 1285 sedes
2815 1245 2947 1286 suas
2978 1229 3313 1284 habuerunt.
3352 1227 3517 1298 Fige-

1930 1318 2236 1373 balantem
2300 1321 2540 1375 tentoria
2573 1336 2675 1377 sua
2722 1321 3060 1378 victoriosus
3091 1323 3394 1391 imperator
3420 1320 3517 1374 luo

1930 1408 2112 1464 lianus
2176 1410 2229 1463 in
2285 1411 2403 1481 ipsa
2460 1411 2844 1484 Ctesiphontis
2897 1414 3170 1483 planitie;
3225 1414 3280 1467 in
3318 1413 3516 1466 animo

1931 1503 2095 1556 etiam
2127 1503 2364 1570 habens,
2398 1504 2474 1560 ad
2510 1506 2845 1578 Babylonem
2891 1523 3071 1577 usque
3098 1522 3223 1561 eum
3260 1507 3519 1577 primori-

1935 1592 2039 1648 bus
2062 1595 2182 1649 suis
2218 1603 2533 1664 penetrare,
2565 1596 2856 1667 ipsamque
2882 1598 3207 1668 subjugare.

222 1682 481 1753 Περσικά
524 1684 584 1735 ἐν
631 1684 701 1753 τῇ
743 1682 896 1753 χώρᾳ
932 1680 1041 1733 τῶν
1074 1680 1388 1752 λεγομένων
1425 1681 1821 1747 Μαυζανιτῶν,
1866 1681 2094 1754 πλησίον
2115 1685 2507 1755 Κτησιφῶντος
2532 1687 2764 1752 πόλεως.
2789 1687 2917 1741 ἔνθα
2940 1689 3155 1759 ὑπῆρχε
3203 1686 3265 1739 τὸ
3314 1687 3534 1756 {lapsu

222 1768 319 1827 aibv
355 1773 636 1843 βασίλειον
666 1789 680 1803 ·
719 1772 813 1826 καὶ
844 1773 1151 1843 ἐπικρατὴς
1201 1775 1495 1841 γενόμενος
1535 1772 1821 1837 Ἰουλιανὸς
1859 1776 1888 1826 6
1955 1772 2211 1845 βασιλεὺς
2251 1778 2565 1846 ἐσκήνωσεν
2610 1779 2669 1831 ὲν
2713 1780 2779 1849 τῇ
2818 1777 3028 1831 πεδιάδι
3090 1782 3191 1847 τῆς
3223 1776 3391 1846 αὐτῆς
3420 1776 3520 1829 πό-

225 1870 363 1933 λεως
388 1867 812 1942 Κτησιφῶντος,
846 1867 1170 1941 βουλόμενος
1207 1868 1348 1940 μετά
1384 1869 1487 1939 τῆς
1521 1868 1661 1935 ἰδίας
1692 1870 2003 1941 συγκλήτου
2036 1872 2129 1925 καὶ
2165 1872 2269 1937 ἕως
2297 1872 2625 1938 Βαϐυλῶνος
2687 1873 2949 1929 εἰσελθεῖν
3012 1875 3107 1929 καὶ
3174 1873 3517 1945 παραλαϐεῖν

227 1960 293 2018 τὶ
321 1965 527 2018 ἐκεῖσε.

310 2055 370 2114 ’0
400 2060 462 2113 δὲ
511 2059 775 2131 βασιλεὺς
827 2060 1349 2133 Σαϐὅουραρσάκιος
1401 2058 1711 2134 ὐπονοὴσας
1744 2063 1819 2117 ὅτι

1999 2058 2295 2115 Persarum
2325 2073 2460 2115 vero
2506 2075 2601 2114 rex
2644 2059 3138 2128 Sabborarsacios,
3186 2064 3513 2121 existimans

232 2152 324 2205 διὰ
347 2152 444 2221 τῆς
476 2151 752 2216 Νισίϐεως
795 2154 994 2225 ³ἤρχετο
1023 2155 1052 2206 6
1085 2154 1341 2226 βασιλεὺς
1376 2154 1659 2227 Ῥωμαίων
1687 2155 1823 2209 Ἰου-

244 2244 439 2311 λιανὸς,
468 2244 699 2316 ὥρμησε
741 2246 862 2300 κατ’
894 2247 1060 2301 αὐτοῦ
1093 2249 1233 2320 μετά
1261 2247 1354 2302 τοῦ
1391 2248 1630 2320 πλήθους
1657 2249 1824 2304 αὐτοῦ

252 2336 463 2399 παντός.
510 2336 979 2406 Ἀπαγγελθὲντος
1006 2339 1065 2392 δὲ
1098 2339 1248 2411 αὐτῷ
1276 2341 1359 2393 ὅτι
1398 2339 1623 2393 ὄπισθεν
1655 2339 1823 2394 αὐτοῦ

245 2430 383 2482 ἐστιν
422 2432 451 2483 6
505 2430 767 2501 βασιλεὺς
814 2431 1103 2503 Ῥωμαίων
1148 2431 1438 2495 Ἰουλιανὸς
1489 2432 1824 2504 παραλαϐὼν

237 2521 302 2573 τά
331 2522 581 2593 Περσικά
617 2522 781 2596 μέρη,
820 2526 915 2579 καὶ
940 2526 1022 2578 ὅτι
1049 2524 1363 2596 ἔμπροσθεν
1393 2526 1542 2596 αὐτῷ
1567 2526 1826 2581 ἀπαντῶ-

237 2629 317 2665 σιν
360 2614 410 2666 οἰ
447 2614 753 2686 στρατηγοὶ
788 2614 903 2668 τῶν
940 2615 1229 2686 Ῥωμαίων
1270 2619 1365 2669 καὶ
1407 2616 1588 2688 πλήθη
1628 2617 1821 2685 πολλὰ,

218 2705 318 2756 ,καὶ
347 2704 518 2774 γνοὺς
550 2706 633 2759 ὅτι
666 2704 951 2777 ἐμεσάσθη
973 2745 988 2770 ,
1021 2706 1215 2776 φεύγει
1245 2708 1342 2761 ἐπὶ
1364 2708 1463 2780 τὴν
1495 2710 1823 2781 Περσαρμε-

228 2797 367 2862 νίαν,
400 2798 546 2868 δόλῳ
576 2796 801 2868 πέμψας
844 2798 937 2851 δύο
969 2799 1369 2869 συγκλητικοὺς
1400 2800 1566 2856 αὐτοῦ
1599 2802 1694 2855 καὶ
1727 2802 1824 2853 αὐ-

227 2890 354 2954 τοὺς
392 2890 541 2944 κατά
573 2890 713 2945 ἰδίαν
746 2891 1003 2962 βούλησιν
1034 2894 1402 2964 ρινοτομήσας
1430 2892 1567 2963 πρὸς
1601 2893 1823 2948 Ἰουλια-

223 2982 429 3036 νδντὺν
474 2981 705 3054 βασιλέα
755 2982 1068 3053 Ῥωμαίων,
1121 2983 1209 3035 ἵνα
1244 2981 1593 3053 πλανήσωσιν
1633 2982 1818 3048 αὐτὸν,

226 3076 364 3146 πρὶς
396 3077 460 3127 τ’)
512 3075 593 3146 μὴ
639 3073 1082 3146 καταδιωχθέντα
1130 3075 1293 3130 αὐτὸν
1328 3074 1642 3147 φθασθῆναι
1684 3076 1856 3147 (95).”

220 3164 370 3221 ora:
403 3167 863 3239 ῥινοτομηθέντες
896 3166 1105 3239 Πέρσες
1134 3168 1154 3199 ⁵
1180 3162 1345 3240 ἦλθον
1381 3168 1518 3240 πρὸς
1545 3168 1636 3221 τὸν
1665 3168 1822 3239 βασι-

208 3257 316 3314 -λέα
343 3258 640 3330 Ῥωμαίων
673 3258 987 3332 προδοῦναι,
1017 3260 1151 3329 φησί
1181 3259 1314 3331 (9-4),
1336 3260 1581 3323 θέλοντες
1607 3260 1696 3313 τὸν
1723 3259 1821 3330 βει-

222 3352 379 3405 σιλέα
412 3351 646 3422 Περσῶν
663 3350 780 3425 [20]
804 3352 877 3417 ὡς
905 3353 1370 3424 τιμωρησάμενον
1392 3353 1609 3417 αὐτούς.
1649 3353 1823 3407 Ἅπα-

1931 2154 2319 2223 imperatorem
2386 2151 2698 2208 Romanum
2769 2170 2868 2224 per
2914 2154 3149 2209 Nisibim
3198 2157 3304 2211 iter
3348 2174 3514 2213 suum

1928 2245 2275 2311 instituisse,
2306 2243 2487 2315 copiis
2519 2246 2636 2302 suis
2660 2247 3285 2314 omnibusinstructus,
3318 2250 3517 2304 adver-

1926 2353 2025 2393 sus
2056 2355 2181 2394 eum
2204 2339 2612 2409 proﬁciscitur.
2643 2339 2865 2395 Certior
2903 2349 3090 2395 autem
3122 2341 3302 2397 lactus
3335 2341 3517 2398 Julia-

1928 2446 2058 2486 num
2108 2431 2219 2487 sibi
2251 2447 2279 2485 a
2322 2440 2487 2502 tergo
2528 2446 2676 2495 esse,
2732 2432 2892 2503 331
2947 2432 3207 2503 regiones
3260 2433 3517 2491 Persicas

1928 2535 2316 2595 occupantem,
2350 2540 2381 2579 a
2411 2524 2592 2580 fronte
2617 2532 2801 2579 autem
2827 2525 3111 2579 Romanos
3134 2526 3331 2591 duces,
3386 2540 3515 2583 cum

1926 2617 2173 2671 exercitu
2230 2631 2432 2687 magno
2475 2631 2535 2672 se
2585 2618 2886 2672 adorturos
2938 2616 3193 2684 instare;
3226 2618 3423 2674 mediis
3455 2635 3518 2675 se

1928 2708 2181 2764 hostibus
2210 2708 2488 2764 inclusum
2546 2709 2821 2771 sentiens,
2859 2709 2914 2763 in
2947 2707 3395 2765 Persarmeniam
3418 2710 3518 2766 iu-

1927 2801 2030 2872 git.
2062 2789 2393 2871 Cavensque
2423 2801 2530 2856 sibi
2560 2818 2628 2855 ne
2653 2802 2724 2856 ab
2750 2801 3012 2857 hostibus
3048 2802 3514 2872 prehenderetur,

1926 2904 1990 2943 ex
2041 2888 2379 2957 primoribus
2407 2888 2526 2943 suis
2552 2888 2716 2952 duos,
2752 2888 2987 2942 naribus
3015 2889 3242 2958 proprio
3288 2889 3515 2943 illorum

1926 2996 1993 3036 ex
2025 2995 2307 3037 consensu
2336 2980 2642 3044 abscissis,
2675 2979 2869 3035 dolose
2891 2980 3078 3046 mittit,
3105 2980 3200 3051 qui
3230 2978 3517 3036 lulianum

1928 3070 1983 3125 in
2011 3071 2132 3125 avia
2192 3071 2563 3127 abducerent.
2608 3070 2725 3127 Duo
2771 3072 2961 3143 itaque
3004 3073 3057 3127 hi
3119 3075 3515 3143 imperatorem

1927 3161 2243 3217 Romanum
2271 3160 2560 3226 adeuntes,
2585 3160 2885 3215 Persarum
2915 3162 2963 3216 ei
2991 3176 3195 3230 regem,
3226 3163 3299 3217 ob
3324 3162 3517 3218 illatas

1928 3253 2034 3309 sibi
2059 3252 2316 3323 injurias,
2351 3267 2409 3307 se
2445 3251 2767 3321 prodituros
2797 3266 2925 3307 esse
2953 3251 3233 3307 dicebant.
3259 3252 3514 3323 Cumque

1923 3346 2248 3416 juramento
2306 3360 2430 3402 sese
2464 3345 2519 3399 in
2554 3344 2659 3398 hoc
2715 3344 3178 3409 obstrinxissent,
3214 3344 3516 3414 imperator

220 3443 503 3514 τηθεὶςεδέ
542 3447 677 3516 παρ’
722 3444 903 3497 αὐτῶν
946 3444 1346 3516 ἐπομνυμένων
1396 3445 1424 3498 6
1456 3445 1618 3509 αὐτὸς
1654 3444 1819 3514 ,βασι-

1927 3437 2070 3493 dolis
2094 3452 2285 3492 eorum
2313 3436 2565 3501 delusus,
2593 3436 2711 3505 ipse
2740 3451 2866 3490 cum
2900 3437 3153 3491 exercitu
3178 3436 3279 3491 hos
3298 3436 3516 3493 itineris

220 3533 347 3598 λεύς
393 3533 684 3599 Ἰουλιανὸς
715 3535 1088 3608 ἠκολούθησεν
1122 3538 1314 3601 αὐτοῖς
1355 3536 1496 3607 μετά
1542 3536 1637 3590 τοῦ
1685 3536 1818 3590 ἰδίου

1921 3532 2092 3587 duces
2115 3543 2341 3587 secutus
2358 3538 2463 3585 est.
2479 3528 2682 3584 Mensis
2704 3538 2887 3585 autem
2908 3529 3051 3583 Desii
3071 3529 3189 3585 sive
3216 3527 3363 3584 Junii
3395 3531 3514 3586 dies

222 3627 647 3698 arparsﬁpa‘roc;
675 3644 688 3657 '
720 3629 816 3682 καὶ
848 3630 1139 3701 ἀπήγαγον
1176 3629 1338 3685 αὐτὸν
1372 3631 1452 3692 εἰς
1478 3629 1578 3701 τὴν
1610 3628 1819 3698 ἔρημον

1926 3637 2046 3681 erat
2080 3639 2212 3690 xxv,
2264 3638 2389 3678 cum
2421 3638 2455 3674 a
2492 3620 2802 3692 transfugis
2848 3620 3001 3675 hisee
3029 3621 3083 3674 in
3118 3620 3299 3675 locum
3323 3620 3515 3676 deser-

222 3722 316 3771 καὶ
338 3718 579 3789 ἄνυδρον
620 3721 715 3774 ἐπὶ
741 3721 896 3791 μίλια
931 3729 1027 3792 ρν’,
1070 3721 1449 3792 πλανήσαντες
1480 3722 1726 3785 αὐτοὺς,·
1749 3720 1817 3792 τῇ

222 3810 401 3865 εἰκάδι
430 3812 661 3884 πέμπτῃ
688 3812 785 3866 τοῦ
806 3813 1031 3867 Δαισίου
1060 3815 1080 3846 ⁸³
1105 3814 1200 3867 τοῦ
1232 3814 1329 3867 καὶ
1364 3812 1587 3867 Ἰουνίου
1626 3813 1817 3884 μηνός.

223 3903 333 3955 Καὶ
385 3902 570 3974 εὑρὼν
622 3906 743 3957 ἐκεῖ
788 3906 944 3975 τείχη
977 3904 1186 3958 παλαιά
1234 3904 1568 3958 πεπτωκότα
1609 3904 1821 3969 πόλεως

220 3992 532 4065 λεγομένης
579 3996 845 4063 Βουϐίων,
891 3998 991 4051 καὶ
1020 3997 1150 4052 ἄλλο
1190 3996 1247 4049 δὲ
1298 3995 1519 4067 χωρίον,
1567 3996 1821 4051 ἑστώτων

222 4087 324 4154 μὲν
366 4085 478 4141 τῶν
518 4088 870 4159 οἰκημάτων,
925 4090 1136 4161 ἔρημον
1173 4089 1231 4143 δὲ
1275 4084 1365 4160 ἦν,
1417 4089 1555 4159 ὅπερ
1600 4089 1820 4158 ἐλέγετο

234 4177 398 4230 Ἀσία
422 4195 439 4209 ο
473 4178 605 4233 ἔνθα
650 4179 822 4234 ἐλθὼν
850 4182 878 4234 6
908 4180 1162 4251 βασιλεὺς
1201 4180 1489 4245 Ἰουλιανὸς
1519 4180 1614 4233 καὶ
1644 4182 1672 4232 6
1709 4183 1818 4245 πᾶς

223 4269 462 4338 στρατὸς
506 4270 616 4324 τῶν
652 4271 942 4342 Ῥωμαίων
966 4276 1085 4327 ἐκεῖ
1106 4274 1441 4343 ἐσκήνωσεν.
1504 4272 1593 4325 Ἐν
1636 4273 1818 4337 αὐτοῖς

218 4360 283 4412 δὲ
327 4365 445 4425 τοῖς
488 4363 678 4428 τόποις
711 4365 995 4435 γενόμενοι
1043 4364 1294 4418 ἐλίποντο
1327 4364 1547 4436 τροφῶν
1577 4365 1672 4417 καὶ
1699 4364 1819 4418 οὐδὲ

221 4453 338 4515 τοῖς
388 4453 610 4522 ἀλόγοις
642 4455 858 4527 ὑπῆρχε
890 4456 1091 4527 βοτάνη
1115 4473 1128 4487 ⁶
1164 4452 1233 4527 ἦν
1267 4456 1377 4526 γὰρ
1418 4456 1628 4528 ἐρημία
1651 4471 1664 4485 ⁸
1724 4458 1820 4511 καὶ

223 4546 384 4612 γνοὺς
413 4546 443 4598 6
472 4548 582 4610 πᾶς
609 4549 842 4618 στρατὸς
881 4549 1179 4621 Ῥωμαίων
1210 4550 1293 4603 ὅτι
1328 4549 1633 4620 ἀπατηθεὶς
1662 4551 1690 4603 6
1724 4549 1821 4619 βα-

228 4635 410 4700 σιλεὺς
438 4637 753 4710 ἐπλάνησεν
780 4641 981 4705 αὐτοὺς
1014 4643 1108 4695 καὶ
1139 4643 1221 4705 εἰς
1248 4642 1489 4712 ἐρήμους
1520 4643 1666 4712 ῆγαγ
1673 4660 1699 4694 ε
1727 4642 1817 4694 τά*

1924 3726 2039 3771 tum
2094 3724 2154 3771 et
2177 3717 2338 3786 aquis
2374 3724 2676 3778 carentem,
2711 3713 3189 3784 permilliaria-cr.
3220 3727 3324 3782 per
3353 3729 3515 3769 erro-

1922 3827 2038 3867 rem
2069 3810 2244 3874 ducti,
2270 3811 2605 3863 invenerunt
2638 3807 2714 3861 ibi
2758 3807 2962 3862 moenia
2992 3806 3245 3877 quaedam
3282 3809 3515 3878 antiqua

1923 3915 1988 3960 eL
2038 3906 2282 3973 collapsa
2337 3902 2517 3969 urbis,
2575 3901 2707 3956 olim
2760 3899 3073 3967 Bubionis;
3120 3901 3311 3954 villam
3342 3904 3515 3956 etiam
3566 3924 3577 3937 ι

1924 3998 2110 4064 aliam,
2160 4011 2285 4067 qum
2325 3994 2615 4051 domicilia
2659 3993 2912 4064 quaedam
2966 3992 3150 4047 adhuc
3181 3993 3388 4048 stantia
3415 3992 3516 4046 ha-

1921 4091 2083 4153 bens,
2117 4090 2339 4145 deserta
2368 4096 2558 4142 tamen
2582 4087 2710 4154 fuit,
2746 4086 2973 4141 nomine
3016 4087 3226 4140 Asiam.
3264 4086 3515 4157 Impera-

1928 4180 2131 4235 torvhic
2189 4192 2314 4233 cum
2362 4177 2627 4232 exercitu
2687 4176 3011 4242 considens,
3051 4183 3241 4231 castra
3270 4177 3510 4245 posuit:

1922 4271 2018 4329 sed
2057 4287 2156 4326 ncc
2186 4271 2349 4325 militi
2411 4271 2623 4334 cibum,
2659 4284 2763 4325 nec
2809 4268 3082 4339 jumentis
3129 4268 3393 4340 pabulum
3452 4269 3512 4324 in

1923 4373 2034 4419 tam
2070 4363 2296 4419 deserto
2325 4362 2447 4417 loco
2477 4361 2729 4416 invenire
2749 4360 2952 4431 potuit.
2989 4359 3285 4415 Exercitus
3322 4360 3512 4429 itaque

1922 4465 2097 4519 totus,
2126 4462 2400 4525 percepto
2432 4452 2657 4506 demum
2703 4452 2771 4507 ab
2821 4451 3163 4521 imperatore
3192 4440 3512 4519 transfuga-

1923 4564 2045 4602 rum
2081 4547 2225 4602 dolis
2260 4545 2458 4599 deluso
2494 4559 2554 4600 se
2590 4543 2645 4598 in
2674 4543 2798 4598 loca
2833 4542 2928 4598 illa
2954 4542 3182 4596 horrida
3211 4551 3262 4597 et
3301 4541 3513 4615 inculta

1922 4639 2219 4693 adductum
2260 4651 2405 4699 esse,
2453 4635 2730 4691 tumultus
2764 4634 2958 4691 statim
3003 4634 3189 4689 ciebat
3212 4634 3510 4690 maximos.

226 4745 382 4795 πους,
427 4732 512 4795 είς
551 4732 752 4803 πολλὴν
802 4734 1031 4799 ἀταξίαν
1076 4735 1420 4806 ἐτράπησαν.
1468 4736 1547 4807 Τῇ
1584 4734 1643 4787 δὲ
1688 4733 1819 4803 ἑξῆς

1929 4733 2027 4787 Die
2054 4737 2237 4785 autem
2272 4736 2565 4796 sequente.
2614 4742 2813 4798 nempe
2839 4725 2992 4782 Junii
3024 4743 3178 4794 xxvi,
3206 4728 3516 4798 imperator

225 4822 431 4893 ἡμέρα,
471 4824 604 4893 μηνὶ
630 4826 838 4896 Ἰουνίῳ
873 4834 985 4894 κςθ,
1007 4829 1232 4895 ἀγαγὼν
1269 4829 1399 4891 τοὺς
1432 4830 1812 4899 πλανήσαντας

228 4915 386 4967 αὐτὸν
418 4916 640 4991 Πέρσας
666 4919 930 4989 ἐξήτασεν
958 4921 1192 4986 αὐτούς’·
1222 4922 1319 4975 καὶ
1348 4921 1708 4993 ὡμολόγησαν
1729 4921 1816 4975 λέ-

227 5023 410 5073 γοντες
429 5009 536 5075 ὅτι,
558 5010 740 5078 ’Υπὲρ
754 5013 1039 5087 πατρίδος
1062 5014 1158 5068 καί
1182 5014 1286 5069 τοῦ
1303 5014 1614 5081 ,βασιλέως
1625 5013 1814 5084 ἡμῶν,

1924 4828 2249 4895 deceptores
2276 4822 2404 4877 illos
2434 4835 2618 4876 coram
2658 4820 2857 4876 adduci
2883 4818 3059 4890 jussit
3091 4839 3104 4873 :
3137 4823 3236 4890 qui
3268 4821 3515 4877 interro-

1922 4918 2057 4989 gati,
2098 4915 2414 4971 fatebantur
2450 4931 2464 4970 :
2505 4909 2574 4967 Se
2593 4911 2827 4983 quidem,
2857 4915 2923 4968 ob
2951 4930 3122 4984 regem
3178 4916 3517 4984 patriamque

1925 5013 2425 5070 suantservmtdos,
2463 5004 2627 5077 332
2672 5006 2918 5076 fraudem
2958 5006 3070 5061 illis
3117 5006 3344 5077 fecisse;
3398 5024 3515 5063 ecce

1502 5134 1773 5236 vanus
1803 5172 2213 5234 LECTIONhS.

293 5294 338 5327 ”
372 5293 700 5364 Λουκιανόν.
731 5292 1099 5364 Scribendum
1129 5297 1548 5352 Λουκιλλιανόν.
1593 5298 1741 5354 Idem
1790 5315 1819 5349 ν

1926 5312 1988 5350 an
2042 5295 2097 5348 in
2144 5289 2636 5364 «Zosimolll,_l_5,
2681 5289 3001 5364 6.‘notavit
3029 5290 3277 5364 Heynius
3309 5294 3375 5349 ad
3420 5294 3508 5361 Ill,

229 5362 363 5440 ᾖς),
448 5365 465 5395 ⁸
497 5362 641 5440 εἶναι
672 5362 963 5440 καίἎεϊναι
995 5367 1097 5422 0x.
1130 5439 1135 5440 ν
1177 5369 1196 5399 ⁸
1230 5369 1521 5440 διώρυγος.
1553 5370 1805 5439 διόρυγος

1926 5384 1954 5421 ί,
2031 5367 2053 5398 a
2077 5364 2327 5435 Τίγρητα
2352 5362 2480 5428 CIL,
2514 5361 2797 5432 Τίγρηντα
2822 5362 2928 5417 Ox.
3023 5362 3046 5395 ⁸
3072 5361 3380 5436 παρέλαϐεν
3405 5368 3507 5422 0x.

232 5434 252 5464 ⁸
284 5435 519 5510 Πέρσες.
540 5435 754 5506 Πέρσαι
786 5435 889 5492 Cb.
965 5440 986 5471 ⁶
1011 5439 1202 5492 Δεσίου
1232 5442 1336 5494 υι.

1470 5571 1590 5631 ΕΙ).
1636 5572 2021 5631 CHILMEADI
2061 5570 2295 5627 NOTE.

296 5685 411 5754 (92)
438 5686 532 5750 Ei;
564 5687 660 5762 τὴν
705 5686 1188 5762 αὐτὸν-Τίγρηντα
1246 5690 1517 5762 ποταμόν.
1561 5688 1681 5745 Scr.
1723 5688 1817 5762 Τί-

230 5770 448 5831 ’ἔρηται
476 5772 506 5809 3
564 5757 797 5829 Τίγρης.
858 5757 1163 5831 Τίγρητοςε
1205 5761 1272 5816 de
1296 5757 1409 5831 qua
1461 5762 1614 5815 vocis
1649 5761 1816 5829 hujus

234 5826 586 5901 [Ortilijlliollg
613 5826 740 5901 vide
761 5826 1105 5884 Eustatl’niim
1144 5834 1196 5886 in
1231 5826 1456 5901 Dionys.
1485 5826 1779 5899 Perit-gesi.

301 5898 418 5971 ΘΞ)
445 5899 621 5954 Αὐτὸν
651 5900 980 5972 φθασθῆναι.
1035 5898 1389 5974 Φθασθῆναι,’
1424 5918 1540 5959 aur.
1583 5902 1607 5954 1
1652 5898 1815 5973 pass.

1921 5686 2124 5743 inlinit.
2170 5685 2339 5750 modi,
2382 5700 2410 5739 a
2446 5684 2638 5755 φθάζω
2663 5686 2928 5741 inusitato
2961 5704 2975 5741 :
3009 5702 3171 5757 quem
3203 5696 3385 5744 tamen
3413 5705 3485 5744 vo

1921 5775 2040 5840 cem
2097 5758 2316 5827 passive
2363 5766 2710 5827 usurpatam,
2764 5758 2891 5812 alibi
2936 5757 3079 5813 haud
3114 5766 3321 5815 temere
3360 5759 3518 5817 Inve-

1924 5844 2109 5970 ηιῖῗὶί)
2141 5896 2331 5968 Φησίν.
2370 5896 2488 5954 Scr.
2528 5896 2713 5967 φασίν.
