3894 6438
146 467 246 533 517

1232 447 1922 517 CHRONOORAPHIA.
1960 478 2028 489 -
2070 451 2222 513 LIB.
2254 452 2430 514 XIII.

3328 453 3437 516 513

151 522 321 652 μένου
394 575 720 637 Ῥοδίωνος’
750 569 848 625 καὶ
897 567 1197 641 περιέλαϐε
1243 568 1306 621 τὸ
1355 567 1484 639 ὅρος
1530 565 1593 618 τδ
1634 565 1753 620 νέον

1862 562 1925 619 ad
1959 562 2343 631 Phurminum,
2374 562 2520 634 quod
2554 569 2778 627 vocant,
2806 561 3096 630 ﬂuentum,
3124 576 3191 617 ex
3232 567 3438 619 montis

147 673 330 741 τεῖχος
366 668 479 733 ἕως
506 666 604 720 τοῦ
635 662 871 719 παλαιοῦ
913 662 1129 734 τείχους
1171 657 1266 713 τοῦ
1299 659 1615 721 κτισθέντος
1647 659 1754 711 ὑπὸ

145 760 414 831 Τιϐερίου
446 758 753 829 Καίσαρος,
791 756 885 809 καὶ
911 750 1324 826 προσεκὸλλησε
1350 750 1410 803 τὸ
1438 750 1557 803 νέον
1576 752 1755 820 τεῖχος

144 854 250 914 ἓως
280 849 388 904 τοῦ
421 849 634 922 ῥύακος
662 845 760 900 τοῦ
786 844 1087 915 λεγομένου
1120 841 1398 912 Φυρμίνου
1424 840 1519 893 τοῦ
1552 856 1757 909 κατερ-

146 944 386 1015 χομένου
422 944 491 997 ἐκ
523 942 624 1011 τῆς
652 939 963 1010 διασφαγῆς
993 937 1089 1007 τοῦ
1116 936 1303 1007 ὅρους,
1345 931 1587 1001 ἐνεγκὼν
1630 932 1757 995 τοὺς

144 1037 333 1100 λίθους
391 1036 485 1089 ἐκί
512 1033 610 1089 τοῦ
650 1030 1035 1104 σμονομαχείου
1081 1028 1175 1082 τοῦ
1208 1024 1442 1081 παλαιοῦ
1476 1023 1573 1079 τοῦ
1605 1026 1760 1089 ὄντος

146 1132 221 1192 εἰς
241 1128 352 1198 τὴν
383 1124 694 1199 ἀκρόπολιν
753 1121 869 1195 [42]
900 1123 1035 1185 ἄνω,
1070 1120 1242 1184 λύσας
1275 1118 1373 1172 καὶ
1401 1117 1504 1170 ’τὸν
1535 1116 1754 1185 ἀγωγὸν

145 1223 231 1276 τὴν
252 1218 573 1291 ἐρχόμενον
606 1218 688 1282 είς
720 1215 820 1288 τὴν
848 1215 1019 1286 αὐτὴν
1046 1211 1346 1284 ἀκρόπολιν
1391 1210 1500 1266 ἀπὸ
1527 1210 1636 1263 τῶν
1660 1210 1748 1262 λε-

145 1312 401 1383 γομένων
467 1310 680 1365 ὑδάτων
733 1311 799 1362 ἐκ
850 1308 953 1377 τῆς
998 1303 1345 1373 Λαοδικηνῆς
1379 1301 1537 1356 ὁδοῦο
1565 1302 1750 1355 ὅντινα

144 1403 366 1472 ἀγωγὸν
422 1403 692 1471 ἐποίησεν
753 1396 973 1461 Ἰούλιος
1033 1397 1062 1449 ὁ
1108 1396 1329 1466 Καῖσαρ
1362 1394 1431 1459 δι,
1473 1393 1668 1457 κτίσας
1695 1393 1757 1447 τὸ

144 1494 408 1563 δημόσιον
445 1493 566 1547 ἄνω
601 1493 682 1554 εἰς
711 1488 774 1542 τὸ
801 1487 928 1560 ὅρος
960 1488 1072 1551 τοῖς
1107 1484 1426 1556 λεγομένοις
1455 1484 1752 1553 ἀκρόπολί-

149 1604 267 1651 ταις
292 1587 419 1650 τοῖς
447 1582 789 1654 ἀπομείνασι
841 1579 936 1635 καὶ
979 1578 1271 1648 οἰκήσασιν
1314 1577 1428 1632 ἄνω
1481 1575 1601 1646 μεθ’
1656 1575 1753 1640 οὓς

149 1677 442 1747 κατήγαγε
493 1673 762 1737 Σέλευκος
810 1669 840 1722 ὁ
896 1667 1167 1723 Μακεδὼν
1202 1670 1231 1722 ὁ
1272 1667 1536 1738 Νικάτωρ
1578 1667 1637 1719 ἐν
1682 1670 1750 1739 τῇ

150 1770 303 1823 πόλει
334 1770 411 1840 τῇ
444 1765 742 1837 κτισθείσῃ
784 1762 878 1816 ὑπ’
909 1761 1075 1816 αὑτοῦ
1129 1762 1188 1814 ἐν
1232 1759 1311 1830 τῷ
1353 1759 1632 1832 λεγομένῳ
1653 1759 1753 1814 αὐ-

1850 656 2105 711 cavernis
2157 670 2458 722 emanans;
2514 655 2882 725 comportatis
2935 670 3001 710 eo
3051 653 3337 724 lapidibus
3369 670 3436 710 ex

1853 748 2245 803 monomachia
2283 747 2477 813 veteri,
2519 747 2666 817 quod
2700 746 2961 819 superius
2992 745 3064 800 ad
3109 744 3437 815 Acropolirn

1853 839 2031 893 stetit.
2069 837 2303 894 Dirutus
2347 844 2435 893 est
2479 839 2674 901 etiam,
2709 852 2873 907 quem
2904 834 3087 891 Julius
3117 834 3304 893 Caesar
3338 848 3438 890 ex-

1855 940 2160 996 struxerat,
2191 930 2575 1001 aqumductus,
2604 947 2779 1002 aquas
2806 946 2874 986 ex
2909 930 2996 986 via
3024 929 3340 986 Laodicena
3368 930 3437 985 ad

1854 1021 2172 1092 Acropolim
2230 1021 2510 1090 deferens,
2563 1023 2630 1077 ad
2676 1023 2935 1078 balneum
2973 1022 3135 1093 aquis
3169 1021 3439 1091 supplen-
3512 1042 3519 1056 ι

1858 1110 2012 1176 dum,
2046 1113 2195 1183 quod
2228 1114 2296 1169 ad
2330 1125 2571 1169 montem
2599 1106 2976 1180 exstruxerat,
3004 1114 3061 1168 in
3088 1113 3249 1185 347
3275 1129 3435 1168 usum

1856 1206 2328 1276 AcrOpolitarum,
2364 1208 2463 1279 qui
2503 1209 2664 1265 sedes
2697 1207 2773 1263 ibi
2818 1208 2946 1263 olim
2995 1216 3316 1277 posuerant,
3348 1224 3438 1264 re-

1857 1297 2103 1369 liquique
2138 1300 2365 1356 fuerunt
2398 1318 2463 1357 ex
2515 1301 2619 1367 eis,
2673 1317 2814 1372 quos
2862 1301 3091 1356 Nicator
3148 1300 3437 1367 Seleucus,

1858 1388 1913 1443 in
1944 1390 2229 1459 planitiem
2277 1391 2571 1460 deductos,
2618 1392 2951 1448 adhortatus
2986 1400 3091 1458 est,
3122 1393 3200 1447 uti
3252 1391 3440 1453 sedes.

1860 1484 1955 1537 ubi
1989 1490 2043 1538 et
2070 1485 2190 1556 ipse
2224 1493 2519 1555 ponentes,
2569 1486 2760 1541 urbem
2797 1501 2828 1541 a
2879 1502 2939 1541 se
2976 1486 3279 1549 conditam,
3325 1486 3442 1539 An-

1861 1576 2126 1631 tiochiam
2187 1576 2440 1648 Magnam
2514 1578 2844 1635 incolerent.
2914 1579 3120 1634 Eodem
3193 1586 3445 1650 tempore

1858 1666 2163 1733 Gindarus,
2200 1668 2503 1741 Lytargus,
2543 1671 2896 1743 plurimaque
2956 1672 3063 1726 alia
3116 1670 3293 1743 Syriae
3342 1685 3444 1739 op-

1862 1761 1995 1832 pida
2023 1763 2309 1818 rusticana
2338 1765 2620 1819 mmnibns
2653 1764 2836 1820 cincta
2873 1764 3124 1820 fuerunt.

149 1862 275 1916 λῶνι
300 1877 316 1893 ο
362 1858 628 1920 οὕστινας
670 1855 767 1910 καὶ
815 1852 1199 1926 παρεκάλεσεν
1243 1852 1416 1904 οἰκεῖν
1446 1849 1563 1920 ἅμα
1608 1849 1756 1920 αύτῷ
1792 1850 1893 1923 τὴν
1920 1853 2069 1907 κάτω
2096 1853 2255 1907 πόλιν
2287 1855 2622 1925 Ἀντιόχειαν
2646 1853 2746 1925 τὴν
2768 1855 3037 1927 μεγάλην.
3105 1853 3195 1907 Ἐν
3249 1854 3445 1923 ἐκείνῳ

152 1954 208 2008 δὲ
234 1952 316 2023 τῷ
372 1948 561 2021 καιρῷ
600 1946 763 2001 ἔλαϐε
793 1948 975 2017 τεῖχος
1013 1944 1109 1999 καὶ
1138 1943 1396 2013 Γίνδαρος
1420 1943 1515 1996 καὶ
1549 1941 1613 1995 τὸ
1641 1941 1926 2015 Λύταργον
1957 1944 2048 1998 καὶ
2080 1943 2236 2000 ἄλλαι
2260 1945 2453 2001 πολλαὶ
2479 1946 2823 2017 κωμοπόλεις
2844 1946 2942 2017 τῆς
2972 1946 3197 2017 Συρίας.

232 2044 359 2098 Ἐπὶ
386 2043 447 2095 δὲ
474 2042 582 2111 τῆς
605 2037 778 2092 αὐτοῦ
815 2036 1098 2109 βασιλείας
1127 2035 1177 2088 οί
1208 2034 1440 2099 Τζάννοι
1472 2034 1753 2104 περάσαν-

1928 2036 2105 2107 Hujus
2133 2041 2238 2093 sub
2289 2039 2523 2109 imperio
2556 2038 2768 2094 Tzanni
2812 2038 3180 2108 trajicientes.
3223 2035 3442 2107 Cappa-

158 2154 247 2201 τες
277 2136 390 2205 (58)
417 2130 588 2206 ἦλθον
637 2130 721 2194 είς
773 2129 872 2202 τὴν
908 2125 1311 2182 Καππαδοκίαν
1350 2126 1447 2179 καὶ
1491 2125 1749 2180 Κιλικίαν

166 2229 264 2284 καὶ
292 2226 526 2299 Συρίαν·
570 2223 669 2277 καὶ
705 2220 1072 2293 έπραίδευσαν
1100 2220 1197 2273 καὶ
1230 2218 1497 2288 ἀπῆλθον.

258 2321 320 2373 '0
346 2318 403 2372 δὲ
431 2316 583 2379 αὐτος
625 2314 885 2386 βασιλεὺς
915 2310 1196 2375 Θεοδόσιος
1231 2310 1456 2383 ἐμέρισε
1497 2309 1598 2381 τὴν
1625 2310 1753 2365 νέαν

186 2413 439 2481 Ἤπειρον
468 2408 580 2463 ἀπὸ
607 2392 710 2477 τῆς
740 2406 1003 2470 παλαιᾶς,
1043 2404 1139 2458 καὶ
1170 2403 1431 2474 ἐποίησεν
1458 2403 1749 2474 ἐπαρχίαν,

166 2502 287 2565 δοὺς
339 2500 552 2554 δίκαιον
604 2497 818 2561 πόλεως
851 2495 1272 2568 [μητροπόλεως
1325 2492 1594 2565 rectius]'
1659 2494 1755 2548 κα)⁵

163 2592 398 2661 ἄρχοντα
427 2587 718 2661 Δορραχίῳ
752 2586 797 2617 ⁸³
829 2585 984 2639 πόλει
1015 2583 1126 2655 (59)
1161 2583 1365 2654 ὁμοίως
1404 2584 1462 2638 δὲ
1510 2586 1604 2639 καὶ
1632 2585 1756 2639 δευ-

160 2684 320 2756 τέραν
350 2679 732 2748 Παλαιστίνην
770 2676 1031 2749 ἐμέρισεν
1069 2676 1179 2730 ἀπὸ
1223 2678 1323 2747 τῆς
1377 2674 1628 2748 πρώτης,
1659 2677 1756 2730 καὶ

160 2773 413 2843 ἐποίησεν
440 2773 686 2842 ἄρχοντα
720 2768 787 2835 ⁸⁵³,
819 2767 946 2832 δοὺς
978 2767 1189 2822 δίκαιον
1235 2767 1629 2839 μητροπόλεως
1664 2769 1757 2822 καὶ

160 2862 389 2937 ἄρχοντα
416 2864 488 2931 τῇ
523 2858 797 2931 λεγομένῃ
828 2857 1049 2911 Σκυθῶν
1089 2856 1265 2912 πόλει.

234 2950 290 3003 '0
318 2950 380 3003 δὲ
431 2948 604 3012 αὐτὸς
658 2947 939 3009 Θεοδόσιος
973 2945 1229 3017 βασιλεὺς
1263 2946 1374 2999 ἀπὸ
1402 2946 1758 3001 Κωνσταντιο

160 3037 472 3102 νουτοόλεως
501 3036 741 3103 ἐξελθὼν
773 3036 866 3091 ἐπὶ
916 3034 1140 3106 Ῥώμην
1169 3034 1423 3105 εἰσῆλθεν
1459 3037 1517 3088 ἐν
1545 3037 1756 3091 Θεσσα-

160 3129 336 3201 λονίκῃ
368 3128 538 3184 πόλει
558 3146 574 3162 ο
607 3129 705 3183 καὶ
742 3126 838 3182 τοῦ
869 3126 1022 3190 ὄντος
1052 3125 1167 3199 [45]
1222 3126 1542 3205 μετ’θαύτοῧ
1584 3145 1754 3199 στρα-

159 3220 409 3275 τιωτικοῦ
472 3219 715 3291 πλήθους
745 3219 835 3274 διὰ
877 3220 1084 3289 μιτᾶτα
1134 3218 1200 3289 (j)
1257 3218 1593 3291 ταράξαντος
1656 3219 1755 3292 τὴν

161 3313 301 3370 αὖλιν
343 3313 492 3384 (60),
524 3311 860 3366 ἐστασίασαν
891 3311 989 3364 καὶ
1038 3309 1271 3381 ὕϐρισαν
1309 3309 1403 3365 τὸν
1449 3310 1676 3381 βασιλέα
1705 3313 1755 3365 oi

1853 2127 2093 2197 dociam,
2116 2128 2370 2184 Ciliciam
2414 2130 2751 2202 Syriamque
2795 2131 3184 2200 diripuerunt;
3226 2128 3444 2200 praeda-

1853 2234 1959 2290 que
1986 2229 2227 2290 arrepta,
2257 2222 2514 2291 regiones
2558 2238 2693 2278 suas
2728 2222 3091 2292 repetierunt.

1925 2311 2074 2367 Idem
2103 2312 2452 2370 Theodosius
2483 2314 2811 2385 imperator,
2842 2328 3043 2368 novam
3074 2327 3106 2367 a
3138 2312 3314 2368 veteri
3353 2312 3442 2367 di-

1856 2404 2061 2460 rimens
2101 2403 2358 2475 Epirum,
2406 2406 2757 2477 provinciam
2804 2404 2958 2471 fecit,
2998 2405 3128 2476 jure
3166 2414 3445 2475 metropo-

1855 2495 2008 2551 litico
2051 2505 2106 2553 et
2138 2496 2403 2568 praefecto
2439 2498 2564 2554 urbi
2610 2497 2961 2569 Dyrrhachio
3007 2500 3317 2555 concessis.
3355 2498 3445 2552 Si-

1858 2589 2061 2645 militer
2094 2590 2258 2645 etiam
2311 2588 2671 2646 Palaestinam
2728 2589 3029 2646 secundam
3072 2604 3103 2644 a
3142 2590 3321 2661 prima
3360 2605 3449 2646 se-

1852 2682 2118 2751 jungens,
2184 2683 2532 2752 provinciam
2602 2681 2775 2749 fecit;
2828 2682 3157 2754 metropolis
3205 2682 3335 2753 jure
3395 2691 3451 2739 et

1858 2771 2119 2841 praelecto
2158 2771 2485 2844 Scythopoli
2523 2772 2693 2829 datis.

1927 2944 2276 3003 Theodosius
2346 2956 2529 3004 autem
2597 2948 2903 3020 imperator
2951 2949 3449 3020 Constantinopoli

1859 3029 2088 3085 Romam
2152 3034 2566 3104 proficiscens,
2626 3052 2723 3106 per
2790 3037 3245 3094 Thessalonicam
3315 3038 3449 3094 fecit

1858 3123 1959 3177 iter
1992 3140 2006 3176 :
2042 3124 2135 3179 ubi
2165 3125 2442 3183 militibus
2475 3129 2547 3183 ob
2581 3130 2916 3186 metationes
2949 3131 3246 3185 tumultum
3282 3131 3444 3186 cien-

1859 3214 2036 3278 tibus,
2086 3216 2325 3285 populus
2379 3217 2924 3281 Thessalonicensis.
2981 3220 3258 3275 concitata
3298 3220 3449 3277 sedi-

1860 3305 2031 3371 tione,
2070 3306 2459 3379 imperatorem
2508 3312 2783 3365 conviciis
2836 3312 3160 3383 impetebat.
3205 3311 3450 3382 Impera-

161 3405 603 3466 Θεσσαλονικεῖς.
648 3404 764 3456 Καὶ
810 3402 1097 3474 θεωρήσας
1140 3400 1365 3456 ίππικδν
1418 3403 1476 3455 ἐν
1508 3404 1575 3475 τῇ
1616 3404 1753 3476 αὐτῇ

1862 3407 1949 3453 tor
1982 3409 2189 3466 autem,
2244 3403 2339 3471 qui
2393 3411 2506 3456 tum
2546 3404 2818 3459 circensia
2870 3404 3182 3475 spectabat,
3226 3405 3293 3459 ad
3325 3418 3450 3474 quae

161 3497 609 3567 πᾶλειγέμοντος
640 3495 736 3548 τοῦ
791 3492 1045 3549 Ἱππικοῦ
1098 3494 1357 3548 ἐκέλευσε
1405 3496 1753 3567 τοξευθῆναι·

1862 3490 2123 3561 frequens
2172 3493 2471 3549 multitudo
2516 3502 2889 3562 convenerat,
2947 3497 3174 3551 militem
3228 3482 3463 3567 sagittis.

162 3589 244 3641 καί
269 3587 543 3641 ἀπώλετο
576 3585 783 3656 πλῆθος
825 3584 1085 3656 χιλιάδων
1114 3583 1416 3638 δεκαπέντε
1468 3583 1605 3656 (61).
1650 3586 1753 3639 Kal

1862 3587 2129 3656 populum
2170 3597 2357 3657 petere
2396 3587 2564 3658 jussit
2592 3606 2609 3644 :
2640 3589 2787 3645 unde
2819 3597 2876 3644 et
2911 3589 3232 3661 quindecim
3276 3589 3448 3644 millia

160 3678 242 3732 διὰ
265 3678 440 3732 τοῦτο
457 3679 857 3748 ἀγανακτήσας
878 3676 1004 3731 κατ’
1035 3675 1199 3729 αὐτοῦ
1235 3673 1566 3747 ’Λμϐρόσιος
1587 3676 1615 3728 ό
1638 3674 1753 3728 ἐπί-

1862 3678 2102 3747 capitum
2144 3678 2498 3734 ceciderunt.
2532 3682 2611 3736 0b
2638 3679 2743 3736 hoc
2774 3680 3093 3752 indignatus
3120 3678 3450 3736 Ambrosius

162 3786 367 3834 σκοπός
400 3770 671 3839 ἐποίησεν
698 3769 863 3824 αὐτὸν
900 3768 1006 3825 ὑπὸ
1042 3767 1280 3839 κώλυμα
1309 3766 1355 3799 ’⁵⁵
1374 3784 1389 3798 ·
1422 3767 1516 3821 καὶ
1543 3766 1753 3838 ἔμεινεν

1862 3769 2175 3839 episcopus,
2215 3769 2544 3840 imperatori
2599 3773 2842 3828 ecclesia
2897 3771 3209 3839 interdixit,
3266 3785 3448 3840 neque

162 3864 245 3916 ἐπὶ
270 3864 493 3927 πολλὰς
525 3863 743 3935 ἡμέρας
783 3863 861 3935 μὴ
891 3862 1276 3933 εἰσερχόμενος
1302 3862 1382 3924 είς
1408 3860 1509 3932 τὴν
1554 3861 1753 3933 ἐκκληι-

1870 3859 2087 3931 ingredi
2119 3875 2244 3915 eum
2278 3876 2478 3931 passus
2523 3872 2612 3920 est
2644 3878 2741 3934 per
2778 3863 2947 3937 348
2989 3864 3109 3919 dies
3138 3862 3448 3936 plurimos;

164 3956 273 4011 σίαν
306 3956 459 4029 (62),
495 3955 602 4019 ἕως
647 3949 708 4010 οὗ
748 3953 1126 4029 παρακληθεὶς
1160 3953 1190 4006 ὁ
1231 3951 1532 4016 ἐπίσκοπος
1576 3953 1656 4017 είς
1684 3951 1753 4007 τὰ

1864 3952 2042 4008 donec
2067 3960 2327 4010 exoratus
2356 3954 2576 4010 tandem
2608 3955 2816 4026 recepit
2845 3971 2997 4023 eum,
3025 3956 3080 4011 in
3102 3956 3244 4013 festo
3270 3953 3453 4011 Theo-

1463 4109 1701 4168 VARIIE
1734 4110 2032 4170 LECTION
2038 4113 2140 4170 ES.

218 4230 263 4309 f‘
303 4227 612 4309 Ἰουλιανὸς
644 4231 673 4283 ὁ
692 4230 823 4309 Κλ(
852 4228 973 4309 Scr.
992 4229 1214 4309 'lodhe;
1244 4232 1271 4282 ὁ
1301 4230 1520 4309 K.Avide
1547 4248 1713 4304 supra
1737 4232 1834 4288 lib.
1869 4250 1978 4289 ιι.»
2013 4234 2116 4290 Ch.
2186 4235 2233 4267 ⁸³
2258 4237 2566 4309 Δοῤῥακίῳ.
2593 4236 2909 4309 Δορρακείῳ
2938 4233 3041 4292 Ox.
3116 4232 3163 4265 ”
3190 4233 3448 4305 ἄρχοντα.

163 4320 186 4353 ς
208 4299 359 4372 Lego
380 4300 711 4371 ἐπαρχίαν.»
741 4301 845 4356 Ch.
919 4300 967 4331 "‘
1000 4300 1339 4371 ύποκώλυμα
1364 4298 1464 4355 Ox.

1403 4432 1511 4488 ΕΙ).
1555 4432 1944 4489 CHlLMEADl
1983 4422 2222 4490 NOTAE.

220 4553 352 4623 (58)
381 4552 448 4604 Οί
473 4549 704 4624 Τζᾴννοι
740 4550 1109 4624 περάσαντες.
1139 4548 1599 4624 Ponticqgenshi
1619 4559 1768 4616 sunt,
1802 4555 1851 4614 D
1877 4570 2008 4611 vero
2039 4555 2205 4624 hujus
2235 4556 2568 4610 mentionem
2617 4557 2782 4611 etiam
2832 4556 3045 4612 faciunt
3078 4556 3453 4617 Theodoritus

165 4619 480 4699 Ila'rcione-s
539 4622 670 4699 olim
732 4619 906 4699 dicti;
968 4621 1047 4674 uti
1102 4622 1305 4699 asserit
1350 4619 1675 4699 Eigtathius
1713 4624 1767 4676 in
1866 4626 1963 4684 lib.
1994 4642 2048 4688 v,
2074 4619 2196 4699 cap.
2222 4625 2398 4699 l7,_et
2430 4625 2703 4690 Zonaras,
2740 4636 2873 4682 tom.
2906 4627 2993 4690 lll,
3030 4630 3123 4699 qui
3161 4637 3344 4684 tamen
3384 4632 3455 4686 de

167 4695 400 4764 Dionys.
441 4690 687 4760 Perieg.,
712 4690 809 4760 qui
835 4692 1073 4753 Σάννους
1104 4692 1296 4758 etiam,
1337 4689 1647 4757 ειΤζάνους
1673 4708 1771 4749 eos

164 4766 355 4819 vocari
388 4764 583 4830 jussit.

228 4833 349 4905 (59)
388 4831 681 4954 Δορραχξιρ
745 4829 920 4883 πόλει.
961 4829 1262 4955 Δοέράχιον
1321 4831 1444 4886 aliis
1512 4832 1765 4914 dicitur:

228 4905 432 4955 istath.
473 4917 527 4955 tn
638 4915 816 4955 tonvs.
852 4902 982 4955 περὶ
1101 4906 1280 4954 κεῖται
1311 4904 1406 4955 καὶ
1441 4904 1471 4955 ἡ
1511 4920 1609 4955 της
1643 4903 1765 4955 νέας

168 4901 432 4959 Ευέιαιίι.
471 4901 527 4956 in
588 4901 816 4972 Dionys.
852 4902 982 4972 περὶ
1029 4901 1058 4955 ὃ
1101 4906 1280 4954 κεῖται
1311 4904 1406 4956 καὶ
1441 4904 1471 4971 ὴ
1511 4904 1609 4972 τῆς
1643 4903 1771 4967 νέας

179 4974 447 5044 Ἠπείρου
480 4971 816 5044 μητρόπολις
840 4971 881 5044 ἑή
914 4972 1046 5044 ποτέ
1069 4971 1397 5044 καλουμένη
1420 4973 1768 5044 Ἐπίδαμνφς,

184 4990 336 5028 ἰιπει
411 4990 447 5025 υ
480 4990 816 5042 μητρόπολις
847 4990 881 5042 η
914 4990 1046 5024 ποτε
1069 4990 1345 5042 καλουμεν
1424 4990 1768 5044 ιπιοαμνος,

169 4990 731 5114 ἧτοιτςοΔυρρὰχιον.
787 5042 1107 5097 Alexander
1158 5041 1303 5113 apud
1349 4990 1634 5113 7glepban.
1694 5042 1772 5099 De

170 5117 287 5169 urb.
316 5116 628 5183 Δυσράχιον
656 5126 779 5168 eam
811 5122 990 5183 vocat.

236 5186 354 5255 (60)
389 5183 493 5237 Διὰ
514 5181 722 5255 μιτᾷτα
751 5182 1094 5255 ταράξαντος
1115 5182 1218 5255 τῂν
1250 5181 1424 5238 πόλιν.
1489 5183 1570 5238 lla
1604 5183 1771 5255 etiam

172 5252 463 5309 Cedrenus
492 5263 548 5307 et
597 5253 639 5307 Τ
647 5252 921 5308 Ιιεοιίυεὶο
946 5252 1097 5323 :cibv
1123 5253 1177 5304 δὲ
1216 5255 1573 5323 στρατιωτῶν
1604 5253 1773 5309 αὑτοῦ

173 5326 529 5393 ταραξάντων
594 5325 710 5393 τὴν.
746 5323 903 5374 πόλιν
954 5322 1044 5375 διὰ
1097 5322 1320 5392 μιτᾶτα,
1361 5325 1693 5378 ἐστασίασαν
1724 5324 1773 5375 οί

176 5391 615 5455 Θεσσαλονικεῖς.
670 5391 1037 5462 Theophanes
1103 5391 1277 5447 etiam
1336 5405 1548 5448 motum
1624 5397 1774 5449 hunc

180 5462 591 5520 Thessalonica:
652 5474 835 5516 ortum
901 5462 1119 5525 scribit,
1174 5462 1265 5516 διὰ
1318 5465 1386 5517 τὰ
1431 5467 1632 5533 μιτᾶτα
1678 5464 1773 5517 τοῦ

184 5535 434 5604 στρατοῦ.
468 5533 718 5604 Mazaca,
775 5533 896 5587 sive
951 5534 1196 5603 μετᾶτα,
1242 5536 1551 5589 melationes
1597 5544 1766 5599 sunt;

183 5602 526 5674 id‘estloca,
561 5613 616 5657 et
666 5602 905 5671 hospitia
950 5604 1219 5658 exercitui
1253 5605 1578 5674 excipiendo
1620 5606 1765 5658 desi-

180 5685 375 5746 gnata.
413 5673 530 5729 Nos
588 5674 820 5743 Anglice
859 5682 1116 5743 quarters
1170 5673 1432 5731 dicimus.
1472 5675 1765 5731 Tumultus

256 5877 323 5953 (ἱ)
345 5878 586 5941 Μιτᾶτα.
607 5880 901 5943 Nonnullis
928 5888 1159 5957 μετᾶτα.
1279 5934 1351 5951 ..μ
1374 5937 1409 5959 ,τ

1868 4712 2034 4754 causa
2067 4696 2256 4752 silent.
2300 4696 2642 4769 Sozomenus
2685 4699 2875 4765 etiam,
2922 4699 3018 4753 lib.
3045 4696 3163 4757 'vn.
3201 4714 3327 4769 cap.
3360 4702 3453 4769 24,

1870 4769 2039 4825 alium
2075 4776 2259 4890 ta:nen
2294 4768 2385 4823 hic
2426 4783 2456 4822 a
2515 4767 2720 4823 Nostro
2750 4771 2873 4838 ejus
2897 4769 3108 4840 profert
3132 4767 3403 4843 originem
3436 4767 3454 4828 ὲ

1870 4855 2032 4890 mrem
2059 4854 2129 4890 νιι
2153 4852 2202 4890 θ.

1911 4855 2032 4892 118111
2059 4852 2202 4893 vute.

1869 4858 2369 4979 quiti'llflxzoblero
2410 4907 2615 4978 πλῆθος
2664 4908 2923 4979 χιλιάδων
2990 4909 3313 4966 δεκαπέντε.
3373 4912 3456 4967 Ita

1870 4978 2041 5035 etiam
2063 4978 2308 5034 Zonaras
2342 4980 2455 5034 :De
2491 4978 2721 5033 nurnero
2766 4991 2945 5034 tamen
2993 4979 3454 5036 Thessalonicen-

1871 5056 2015 5106 sinm
2052 5065 2080 5101 a
2133 5048 2445 5104 Theodosio
2477 5051 2595 5104 neci
2627 5050 2881 5105 datorum
2910 5066 3017 5104 non
3034 5053 3291 5107 convenit
3312 5054 3456 5107 inter

1873 5121 2174 5190 scriptores
2218 5137 2231 5173 :
2272 5118 2650 5191 Theodoritus
2702 5132 2781 5191 et
2826 5120 3027 5191 Glycas
3093 5137 3166 5176 vn
3238 5132 3454 5177 tantum

1875 5192 2160 5244 hominum
2217 5191 2389 5244 millia
2446 5191 2547 5245 hac
2592 5190 2746 5245 clade
2780 5190 3052 5247 cecidisse
3074 5194 3276 5247 asserit
3305 5208 3321 5246 :
3350 5192 3456 5248 Ce-

1872 5262 2080 5315 drenns
2134 5268 2434 5329 utrumque
2483 5277 2773 5315 numerum
2837 5262 3103 5317 exhibet:
3136 5263 3456 5317 Κατέκτανε

1872 5330 2116 5401 χιλιάδας
2139 5330 2301 5394 ἑπτά,
2330 5333 2406 5394 ὡς
2436 5332 2496 5385 δέ
2519 5349 2684 5396 τινες,
2711 5334 3126 5386 πεντεκαίδεκα.

1944 5402 2056 5472 (ϋὲ)
2089 5402 2349 5474 Ἔμεᾼινεν
2379 5402 2699 5474 ἐπὶ-πολλὰς
2724 5403 2937 5473 ἡμέρας
2970 5404 3043 5474 μὴ
3072 5403 3457 5474 εἰσερχόμενος

1872 5470 1960 5535 είς
1983 5470 2082 5542 τὴν
2117 5470 2439 5543 ἐκκλησίαν.
2468 5470 2639 5529 Totos
2668 5470 2912 5528 ‘mEnsVes
2940 5470 3043 5526 viii
3065 5489 3093 5525 ιι
3116 5470 3263 5530 cuitu
3296 5470 3457 5543 Chri-

1872 5541 2182 5613 stianorum
2218 5541 2440 5612 publico
2469 5551 2745 5599 secretum
2803 5544 2974 5599 fuisse
3013 5551 3286 5599 testantur
3322 5541 3457 5613 Gly-

1872 5628 1968 5669 cas
1989 5623 2044 5669 et
2075 5612 2339 5671 Zonaras.

1590 5809 1781 5869 HODII
1809 5810 2034 5872 ΝΟΤᾸΕ.
