3894 6444
203 403 303 469 561

1289 412 1969 480 CHRONOGRAPIIIA.
2006 442 2076 456 υ·-
2105 417 2253 477 LIB.
2289 416 2402 478 XV.
3369 419 3477 482 562

205 550 3480 584 Μ

1466 703 1579 778 [⁸6]
1658 715 2026 803 ΛΟΓΟΣ
2082 721 2232 802 IE'.

711 894 992 948 ΧΡΟΝΩΝ
1045 893 1408 948 ΒΑΣΙΛΕΙΑΣ
1438 894 1762 949 ΖΙΙΝΩΝΟΣ
1796 897 1918 948 ΕΩΣ
1957 897 2093 949 ΤΗΣ
2122 899 2486 956 ΒΑΣΙΛΕΙΑΣ
2523 900 2976 958 ΑΝᾹΣΤΑΣΙΟΥ.

1383 1231 1549 1302 377
1637 1227 1987 1316 LIBER
2090 1229 2297 1319 XV.

499 1411 589 1464 DE
633 1409 1081 1467 TEMPORIBUS
1129 1412 1426 1469 ZENONIS
1464 1414 1941 1471 IMPERATORIS
2011 1417 2343 1486 ADUSQUE
2415 1419 2785 1479 ANASTASII
2837 1389 3202 1482 IMPERIUM.

819 1525 852 1548 σοι

261 1713 437 1767 Μετὰ
470 1714 531 1767 δὲ
563 1714 664 1785 τὴν
694 1714 974 1785 βασιλείαν
1009 1717 1244 1781 Λέοντος
1285 1717 1380 1772 τοῦ
1427 1721 1644 1791 Μικροῢ
1675 1723 1804 1778 ἐϐα-

1979 1725 2112 1784 Post
2144 1737 2420 1784 mortuum
2455 1740 2637 1788 autem
2671 1733 2908 1790 Leonem
2955 1734 3268 1806 Juniorem,
3313 1740 3486 1813 impe-

193 1805 458 1859 σίλευσεν
498 1809 528 1860 ό
569 1807 850 1872 θειότατος
875 1809 1063 1880 Ζήνων
1091 1809 1184 1882 ἔτη
1215 1810 1296 1865 ιε’.
1323 1812 1434 1865 Καὶ
1461 1813 1538 1884 τῷ
1566 1817 1696 1885 μηνὶ
1726 1814 1803 1887 τῷ

191 1897 369 1968 ὀγΜῳ
404 1898 514 1968 τῆς
544 1899 715 1952 αὐτοῦ
741 1899 1022 1971 βασιλείας
1052 1901 1310 1970 εποίησεν
1361 1903 1662 1959 ἐπίσκοπον
1695 1925 1803 1960 πα-

194 1989 482 2062 τριάρχην
531 1995 589 2045 ὲν
657 1992 962 2066 Ἀντιοχείᾳ
1014 1995 1080 2062 τῇ
1117 1994 1347 2065 Μεγάλῃ
1397 1997 1648 2067 Πέτρον,
1711 2000 1804 2052 τὸν

195 2084 633 2157 παραμονάριον
662 2087 763 2156 τῆς
788 2086 976 2153 Ἀγίας
1000 2088 1420 2159 Εὑφημίας(77)
1443 2090 1542 2160 τῆς
1571 2093 1628 2144 ὲν
1656 2092 1805 2144 Χαλ-

194 2172 391 2240 κηδόνι
416 2190 431 2203 ·
477 2175 575 2228 καὶ
631 2174 880 2247 ἔπεμψεν
911 2177 1074 2231 αὐτὸν
1103 2179 1162 2231 ὲν
1203 2179 1526 2251 ’Δντιοχείᾳ.
1559 2183 1716 2236 Μετὰ
1747 2184 1804 2236 δὲ

191 2263 281 2317 δύο
314 2264 419 2336 ἐτη
452 2267 552 2319 καὶ
589 2269 768 2338 μῆνας
794 2267 927 2322 δέκα
957 2269 1054 2339 τῆς
1089 2268 1205 2341 [87]
1239 2269 1517 2339 βασιλείας
1547 2272 1714 2324 αὐτοῦ
1747 2275 1805 2325 ὲν

190 2355 347 2429 λύπῃ
364 2359 672 2429 γενόμενος
700 2361 789 2414 διὰ
811 2363 1045 2433 πρᾶγμα
1075 2364 1297 2432 αἰτηθὲν
1328 2365 1478 2436 παρὰ
1504 2367 1604 2436 τῆς
1638 2367 1804 2421 αὐτοῦ

193 2449 481 2518 πενθερᾶς
518 2449 762 2520 Βηρίνης
808 2452 850 2484 ¹⁹
899 2451 973 2520 (z)
1003 2448 1118 2505 καῖ
1147 2453 1223 2523 μὴ
1273 2453 1620 2524 παρασχεθὲν
1665 2455 1804 2526 αὐτῇ

194 2539 332 2609 παρ’
362 2539 565 2602 αὑτοῦ,
615 2542 1038 2613 κατεσκευάσθη
1068 2544 1218 2614 παρὰ
1261 2545 1360 2614 τῆς
1384 2544 1674 2616 δεσποίνης
1699 2547 1806 2616 Βη-

199 2630 360 2702 ρίνης
390 2631 499 2701 τῆς
535 2632 702 2687 αὐτοῦ
733 2635 1030 2704 πενθερᾶς.
1059 2638 1167 2714 καὶ
1221 2637 1479 2707 φοϐηθεὶς
1509 2638 1583 2709 μὴ
1620 2641 1804 2711 σφαγῇ

194 2725 308 2777 ὑπό
333 2719 491 2789 τινος
516 2727 629 2789 τῶν
651 2727 746 2780 τοῦ
770 2728 1059 2799 παλατίου,
1076 2730 1150 2793 ὡς
1182 2730 1539 2802 συνοικούσης
1562 2731 1660 2801 τῆς
1685 2749 1808 2785 πεν-

198 2816 371 2887 θερᾶς
403 2816 577 2870 αὑτοῦ
622 2818 680 2871 ὲν
707 2819 786 2888 τῷ
818 2819 1088 2890 παλατίῳ,
1139 2823 1375 2892 ποιήσας
1410 2821 1718 2893 πρόκεσσον
1747 2824 1806 2877 ὲν

197 2907 513 2980 Χαλκηδόνι
543 2909 748 2979 ἔφυγεν
793 2911 1006 2966 ἐκεῖθεν
1039 2912 1279 2983 βερέδοις
1306 2915 1402 2968 καὶ
1454 2914 1701 2984 ἀπῆλθεν
1727 2917 1808 2978 είς

197 3001 300 3072 τὴν
340 3000 630 3072 Ἰσαυρίαν
674 3002 751 3066 ὡς
797 3001 913 3055 ἐστι
961 3002 1073 3072 (78)
1129 3002 1382 3073 βασιλεύς
1430 3005 1530 3076 (a).
1583 3005 1806 3060 Ὄντινα

1908 1820 2048 1875 rium
2101 1821 2277 1877 tenuit
2327 1824 2740 1881 sacratiSsimus
2811 1825 2963 1882 Zeno
3017 1843 3115 1898 per
3165 1845 3351 1887 annos
3391 1849 3481 1887 ιν.
3581 1821 3586 1828 ’

1906 1909 2090 1965 Mense
2111 1920 2292 1966 autem
2319 1911 2533 1982 imperii
2558 1913 2644 1969 sui
2671 1921 2889 1982 octavo,
2910 1915 3156 1985 Petrum,
3187 1918 3244 1975 S.
3277 1919 3488 1990 Euphe-

1907 2002 2029 2057 miae
2086 2001 2556 2060 Chalcedonensis
2599 2010 3074 2078 paramonarium,
3134 2013 3482 2082 episcopum,

1908 2094 2023 2150 sive
2041 2095 2413 2165 patriarcham
2433 2097 2861 2156 Antiochensem
2881 2103 3267 2170 constitutum,
3288 2105 3486 2162 Antio-

1905 2184 2085 2239 chiam
2127 2187 2298 2243 misit.
2324 2187 2456 2245 Post
2492 2205 2622 2246 vero
2660 2206 2823 2262 quam
2859 2193 3074 2251 duobus
3101 2197 3262 2252 annis
3302 2205 3357 2252 et
3389 2197 3485 2253 de-

1907 2291 2024 2331 cem
2079 2279 2368 2335 mensibus
2418 2293 2727 2351 regnasset,
2781 2299 2906 2339 cum
2939 2284 3144 2340 Verina
3192 2287 3480 2358 Augusta,

1909 2382 2104 2423 socrus
2139 2369 2284 2439 ejus,
2321 2373 2394 2427 ob
2436 2383 2688 2444 negatam
2741 2375 2844 2432 sibi
2888 2391 3052 2447 quam
3093 2377 3161 2433 ab
3191 2394 3258 2433 eo
3292 2387 3485 2450 postu-

1909 2459 2117 2515 laverat
2146 2477 2261 2518 rem
2292 2468 2632 2537 quampiam,
2683 2468 2914 2524 insidias
2943 2469 2993 2524 ei
3022 2471 3352 2537 struxisset;
3386 2488 3484 2528 su-

1906 2565 2004 2620 per
2028 2553 2114 2609 his
2155 2555 2355 2610 anxius
2398 2558 2589 2624 animi,
2622 2560 2948 2631 veritusque
2977 2577 3046 2617 ne
3079 2562 3148 2618 ab
3177 2563 3360 2634 aliquo
3387 2579 3484 2634 pa-

1909 2642 2204 2700 latinorum
2241 2648 2643 2706 interﬁceretur
2694 2653 2910 2723 (socrus
2960 2655 3109 2709 cnim
3169 2656 3223 2710 in
3279 2656 3483 2727 palatio

1909 2751 2032 2790 cum
2060 2753 2262 2807 genero
2290 2756 2393 2795 suo
2425 2742 2587 2797 simul
2629 2743 2962 2816 habitabat),
2992 2747 3394 2803 Chalcedonem
3427 2762 3486 2803 se

1908 2828 2146 2884 contulit
2177 2829 2343 2886 :inde
2368 2848 2500 2888 vero
2535 2835 2750 2890 veredis
2785 2836 3108 2907 (imperator
3135 2839 3260 2893 licet
3289 2839 3484 2911 esset),

1908 2919 1964 2974 in
2006 2919 2268 2975 Isauriam
2303 2923 2476 2995 378
2513 2925 2671 2996 fugit.
2705 2925 2874 2992 Quem
2918 2929 3236 3000 imperatrix
3265 2947 3486 3000 quoque

1909 3011 2172 3076 Ariadna,
2199 3021 2427 3069 matrem
2461 3031 2616 3070 suam
2648 3017 2788 3071 clam
2838 3017 3077 3088 fugiens,
3111 3020 3166 3073 in
3215 3018 3479 3076 Isauriam

199 3091 480 3146 κατέλαϐε
515 3092 770 3162 φυγοῦσα
793 3094 892 3164 τὴν
929 3093 1064 3148 ἰδίαν
1087 3096 1258 3162 αὐτῆς
1279 3095 1492 3166 μητέρα
1518 3095 1698 3167 λάθρα
1715 3099 1805 3151 καὶ

1917 3111 2102 3156 secuta
2137 3113 2216 3157 est
2245 3121 2259 3164 ;
2294 3103 2384 3158 ubi
2420 3107 2587 3160 etiam
2611 3122 2738 3161 cum
2770 3108 2886 3162 viro
2918 3125 3021 3164 suo
3056 3109 3230 3180 degit.

199 3187 230 3254 ἡ
268 3185 572 3255 βασίλισσα
621 3187 879 3256 Ἀριάδνη
911 3189 992 3250 είς
1020 3188 1121 3258 τὴν
1163 3187 1466 3258 ’1σαυρίαν’
1499 3189 1592 3242 καὶ
1615 3189 1804 3259 διῆγεν

199 3277 319 3348 ἅμα
353 3276 436 3347 τῷ
475 3276 598 3348 ίδίῳ
629 3276 803 3346 αὐτῆς
834 3278 1011 3346 ἀνδρί.

269 3367 388 3422 Καὶ
410 3367 556 3438 μετὰ
577 3368 639 3421 τὸ
667 3371 864 3439 φυγεῖν
881 3371 1104 3439 Ζήνωνα
1127 3369 1220 3423 τὸν
1244 3370 1471 3439 βασιλέα
1501 3371 1597 3426 καὶ
1620 3373 1806 3445 ’Δριὰ-

195 3461 332 3527 δνην
365 3459 582 3524 εὐθέως
611 3463 1035 3532 προεχειρίσατο
1065 3464 1098 3531 ἡ
1141 3462 1281 3532 αὑτὴ
1311 3462 1568 3516 δέσποινα
1596 3466 1806 3535 Βηρῖνα

202 3550 462 3619 βασιλέα,
495 3551 744 3619 στέψασα
772 3551 1100 3606 Βασιλίσκον
1132 3553 1224 3606 τὸν
1269 3555 1401 3609 ἴδιον
1449 3556 1622 3626 αὐτῆς
1652 3557 1810 3610 ἀδελ-

199 3643 304 3708 φόν
325 3660 338 3671 ·
377 3645 478 3696 καὶ
505 3643 856 3698 ἐϐασίλευσεν
890 3643 918 3695 ό
963 3643 1128 3707 αὐτὸς
1159 3645 1484 3709 Βασιλίσκος
1517 3647 1545 3698 ό
1576 3647 1807 3718 ἀδελφὸς

200 3734 453 3806 Βηρίνης
497 3735 598 3805 τῆς
645 3735 916 3806 πενθερᾶς
949 3738 1201 3807 Ζήνωνος
1246 3737 1340 3807 ἔτη
1374 3737 1437 3807 β’.
1486 3738 1549 3791 Ἥ
1575 3738 1632 3792 δὲ
1667 3740 1806 3810 αὑτὴ

202 3827 416 3897 Βηρῖνα
446 3828 537 3881 ὅτε
568 3828 734 3882 αὑτὸν
767 3829 992 3899 βασιλέα
1015 3828 1266 3899 ὠνόμασε
1298 3831 1392 3883 καὶ
1431 3829 1637 3885 ὕπατον
1669 3832 1809 3903 μετὰ

216 3919 504 3989 Ἀρμάτου
556 3921 928 3991 προαχθέντος
957 3921 1112 3993 παρὰ
1134 3921 1461 3977 Βασιλίσκου
1498 3925 1809 3996 στρατηλά-

203 4029 303 4064 του
336 4009 431 4066 τοῦ
465 4012 710 4083 μεγάλου
740 4011 854 4086 [88]
887 4015 1221 4083 πραισέντου
1244 4055 1259 4080 ,
1297 4014 1394 4068 καὶ
1421 4015 1734 4071 ὑπάτευσαν
1757 4021 1803 4071 oi

204 4103 316 4158 δύο.

291 4197 351 4247 '0
413 4195 471 4249 δὲ
525 4197 691 4260 αὐτὸς
754 4197 1083 4265 Βασιλίσκος
1134 4197 1166 4267 ἢ
1209 4197 1370 4268 μόνον
1425 4197 1802 4266 ἐϐασίλευσεν,

208 4286 407 4358 ἔστεφε
437 4289 532 4342 τὸν
562 4289 678 4344 υἱὸν
703 4290 870 4343 αὑτοῦ
903 4290 1130 4360 βασιλέα
1153 4290 1380 4360 ὀνόματι
1411 4290 1668 4360 Μάρκον·
1710 4294 1810 4346 καὶ

210 4380 574 4434 ἐϐασίλευσαν
602 4382 650 4435 οἱ
681 4380 798 4436 δύο.

296 4472 424 4524 Ἐπὶ
450 4472 508 4526 δὲ
537 4472 638 4542 τῆς
661 4471 830 4526 αὑτοῦ
863 4471 1144 4542 βασιλείας
1173 4472 1500 4527 Βασιλίσκου
1521 4474 1617 4527 καὶ
1645 4475 1803 4545 Μάρ-

213 4579 310 4615 κου
338 4563 435 4616 τοῦ
468 4564 588 4617 υἱοῦ
609 4564 779 4620 αὐτοῦ
813 4564 1016 4620 ἔπαθεν
1042 4565 1148 4620 ὑπὸ
1175 4565 1471 4638 θεομηνίας
1497 4567 1652 4631 πόλις
1701 4569 1804 4638 τῆς

1980 3366 2294 3425 Βιειιιεουε
2334 3386 2442 3425 ιιιι».
2474 3401 2544 3412 -
2577 3369 2777 3426 Statim
2819 3387 2948 3427 vero
2993 3381 3118 3442 post
3160 3372 3396 3428 Zenonis
3433 3385 3488 3430 et

1908 3460 2163 3517 Ariadnae
2215 3463 2422 3532 fugam,
2454 3461 2653 3520 Verina
2683 3465 2932 3535 Augusta
2980 3463 3326 3529 Basiliscum,
3374 3466 3487 3520 fra-

1909 3563 2050 3611 trem
2087 3571 2284 3622 suum,
2324 3555 2629 3612 diademate
2691 3558 3038 3626 insignitum,
3090 3558 3486 3627 imperatorem

1911 3649 2263 3702 renuntiavit.
2321 3647 2614 3719 Imperium
2667 3658 2849 3705 autem
2915 3649 3092 3704 tenuit
3145 3649 3484 3714 Basiliscus,

1918 3740 2125 3797 Verlnte
2163 3740 2405 3798 Zenonis
2432 3757 2630 3798 socrus
2659 3743 2855 3807 frater,
2903 3743 3064 3799 annis
3093 3760 3157 3798 ιι.
3191 3743 3485 3799 Consulem

1910 3846 2127 3902 quoque
2157 3832 2377 3897 eodem,
2430 3848 2540 3903 quo
2585 3833 3004 3903 imperatorem,
3051 3843 3296 3902 tempore
3346 3832 3490 3886 desi-

1911 3924 2100 3995 gnavit
2130 3922 2358 3992 Verina,
2393 3941 2501 3979 una
2530 3939 2656 3980 cum
2703 3925 2949 3993 Armato,
2984 3939 3144 3996 quem
3186 3924 3488 3986 Basiliscus

1914 4015 2034 4086 ipse
2088 4017 2266 4085 magni
2315 4019 2604 4087 praesentis
2643 4018 2856 4072 militiae
2903 4018 3229 4089 magistrum
3279 4019 3489 4072 consti-

1914 4113 2096 4160 tuerat
2128 4124 2140 4159 :
2176 4104 2286 4162 duo
2317 4109 2506 4179 itaque
2539 4109 2591 4164 hi
2625 4109 2976 4164 consulatum
3021 4125 3130 4164 una
3173 4119 3487 4176 gesserunt.

1983 4197 2289 4254 Basiliscus
2321 4215 2456 4256 vero
2500 4201 2687 4256 simul
2710 4213 2778 4274 ac
2820 4201 3091 4270 imperare
3123 4198 3313 4268 coepit,
3346 4197 3491 4252 Mar-

1910 4305 2035 4346 cum
2070 4291 2242 4346 ﬁlium
2274 4308 2433 4347 suum
2467 4291 2861 4364 imperatorem
2890 4291 3259 4355 renuntiavit;
3295 4291 3490 4346 ambo-

1911 4398 2019 4452 que
2047 4383 2215 4438 simul
2251 4392 2581 4452 regnarunt.

1981 4471 2394 4542 lmperantibus
2454 4483 2639 4529 autem
2697 4473 2966 4529 Basilisco
3013 4482 3068 4527 et
3120 4472 3304 4526 Marco
3355 4472 3506 4537 lilio,‘

1911 4565 2154 4620 divinam
2193 4567 2331 4620 iram
2377 4581 2544 4637 passa
2592 4577 2676 4623 est
2717 4565 2890 4638 Syriae
2941 4565 3139 4620 Primae
3191 4565 3348 4631 urbs,
3388 4581 3489 4621 no-

1495 4671 1734 4738 V'ARIE
1776 4680 2179 4739 LECTIONES.

286 4773 332 4804 ι’
365 4771 596 4843 Βερίνης
623 4771 726 4829 Ox.
765 4772 858 4828 Sic
887 4783 942 4828 et
967 4773 1079 4845 8‘p.
1105 4788 1222 4844 seq.
1259 4787 1313 4827 v.
1345 4772 1401 4838 6,
1429 4773 1484 4832 7.

1459 4862 1569 4919 ΕΙ).
1611 4859 1987 4917 CHILMEADI
2025 4859 2258 4915 NOT/E.

286 4956 546 5028 (Τητον
567 4957 980 5028 παραμονάριον
1006 4957 1106 5028 τῆς
1136 4959 1297 5026 ἁγίας
1321 4956 1633 5025 Εὑφημίας.
1655 4953 1805 5024 Mevi;
1837 4957 1880 5014 ο
1916 5024 1927 5028 _
1985 4952 2099 5022 (78)
2137 4952 2224 5028 ξΩς
2249 4954 2363 5028 ὲιστι
2389 4951 2659 5028 βασιλεύς.
2689 4950 2817 5028 Chr.
2839 4952 3188 5028 Alexandrini
3217 4953 3487 5020 interpres

217 5026 625 5082 recentioribus
649 5026 794 5082 idem
829 5026 976 5096 quod
1012 5026 1430 5091 monasterium;
1464 5028 1590 5080 inde
1621 5040 1807 5093 παρα-

221 5097 503 5163 μονάριος.
546 5100 860 5152 monasterii
913 5099 1192 5163 minister;
1232 5097 1678 5157 mansionarium,
1713 5110 1807 5147 vo-

218 5176 306 5218 nat
355 5168 712 5223 Anastasius.
771 5168 993 5223 Petrum
1043 5184 1174 5222 vero
1225 5171 1390 5229 hunc.
1446 5173 1808 5236 cognomento

217 5237 491 5304 Κναφέα,
527 5239 644 5293 sive
689 5237 1010 5303 Faltonem,
1055 5253 1164 5292 non
1214 5232 1554 5299 Euphemiaz',
1601 5236 1696 5288 sed
1747 5232 1804 5288 S.

219 5305 408 5360 Bassa:
440 5309 826 5378 presbyterum
856 5307 1064 5384 fuisse;
1088 5324 1188 5384 nec
1220 5325 1247 5360 a
1283 5307 1500 5362 Zenone
1531 5311 1663 5384 imp.
1690 5305 1809 5384 epi-

222 5391 454 5446 scopum
492 5377 760 5443 crea’tum,
791 5378 886 5434 sed
929 5377 1132 5433 L‘eonis
1171 5378 1188 5431 l
1222 5393 1366 5432 anno
1421 5377 1658 5445 septimo
1688 5377 1806 5441 epi-

221 5457 512 5568 f‘eoipatum
577 5449 980 5504 Antiochenum
1043 5449 1146 5504 sibi
1216 5448 1524 5518 abripuisse
1576 5453 1812 5499 testatur

247 5533 292 5568 .e
336 5532 524 5568 renus.

247 5519 524 5572 Zedrenus.

1584 5606 1764 5662 HODII

292 5701 364 5780 (τ)
406 5701 1079 5780 Βξρίνμηςοθῃρενῃςᾮοη
1158 5772 1168 5780 .
1264 5767 1286 5780 .
1383 5771 1405 5780 -
1580 5771 1628 5780 ..
1681 5769 1702 5780 ..

294 5767 372 5841 (η’)
422 5767 510 5836 Ὡς
557 5767 673 5826 ἐστι
730 5767 1004 5840 βασιλεὺς.
1042 5772 1081 5825 C
1141 5772 1212 5841 ᾡς
1262 5767 1327 5840 ἦν
1381 5771 1501 5840 βασ.
1540 5771 1630 5823 ubi
1664 5769 1791 5841 _i')u-

230 5839 435 5898 fresnio
456 5843 677 5899 videtur
709 5839 995 5912 legendum
1034 5845 1124 5912 ἀφ’
1153 5840 1239 5914 ἧς,
1276 5839 1334 5896 ut
1357 5839 1436 5899 est
1475 5842 1616 5910 apud
1663 5839 1793 5892 Pru-

1916 5021 1999 5076 ita
2017 5022 2180 5076 vertit
2211 5037 2222 5072 :
2251 5022 2420 5091 Atque
2454 5023 2576 5075 inde
2603 5022 2826 5081 veredis.
2863 5021 3002 5076 velut
3031 5023 3336 5089 imperator,
3354 5037 3478 5088 pro-

1915 5093 2115 5162 perarit
2147 5093 2203 5145 in
2250 5091 2524 5146 Isauriam
2558 5108 2575 5144 :
2621 5107 2685 5145 ac
2727 5092 2774 5146 si
2810 5092 3222 5159 imperatorium
3265 5092 3486 5162 fuisset,

1915 5179 2018 5218 nec
2045 5162 2315 5222 exercitu.
2360 5177 2460 5216 nec
2491 5162 2754 5217 satellitio
2791 5165 3051 5226 stipatum
3088 5178 3213 5216 eum
3269 5161 3488 5220 veredis

1914 5233 2124 5302 fugere.
2169 5234 2286 5285 imo
2338 5247 2595 5304 summas
2623 5231 2809 5301 potius
2844 5231 3082 5286 Zenonis
3120 5231 3488 5304 μικροψυχίας

1916 5309 2300 5372 argumentum
2336 5303 2441 5372 hoc
2474 5303 2626 5372 ponit
2648 5308 2863 5372 auctor,
2896 5316 2962 5354 eo
2993 5303 3164 5368 quod,
3194 5303 3486 5371 imperator

1917 5371 2043 5428 licet
2078 5381 2248 5435 esset,
2281 5371 2347 5425 ad
2382 5372 2711 5427 laboriosum
2766 5371 2911 5424 hunc
2946 5373 3219 5442 vilemque
3261 5386 3482 5426 cursum

1918 5443 2295 5504 descenderet,
2329 5450 2490 5512 atque
2525 5442 2712 5504 ἵπποις
2738 5441 3141 5511 ταχυδρόμοιςζ
3172 5441 3285 5496 sive
3326 5455 3483 5495 vere-

1921 5512 2026 5572 dis.
2061 5529 2090 5566 ιι
2131 5528 2323 5566 socrus
2349 5527 2461 5567 su:e
2497 5513 2714 5566 insidiis
2749 5514 2910 5564 etiam
2935 5527 2993 5566 se
3028 5512 3374 5570 subduceret.

1824 5604 2055 5660 ΝΟΤίΕ.

1905 5701 2122 5766 cupiunt
2174 5699 2268 5750 lib.
2303 5715 2316 5752 |
2373 5697 2596 5751 Vandal.
2633 5715 2755 5768 cap.
2785 5699 2838 5760 '7,
2872 5699 2946 5756 εἰς
2977 5694 3252 5768 Ἰσαυρίαν
3285 5694 3378 5760 ἀφ’
3418 5687 3486 5762 ἧς

1903 5768 1965 5836 δὴ
1981 5765 2216 5835 ὡρμᾶτο
2257 5769 2638 5834 διαφυγόντος,
2679 5765 2716 5822 ἱ.
2752 5787 2800 5821 e.
2830 5767 2970 5820 unde
3001 5775 3156 5818 ut'tus
3194 5765 3390 5828 fuerat,
3424 5775 3506 5818 ut.

1904 5841 2092 5894 scribit
2135 5839 2317 5893 ιπιιιυι-
2345 5838 2484 5892 Tun.
