3894 6466
393 529 542 581 mine
572 524 802 591 Gabala,
839 539 1030 580 mense
1057 521 1394 593 Septembri,
1445 518 1550 574 sub
1582 526 1764 573 ortum
1795 520 1971 573 solis:
2004 530 2047 579 Α

393 619 485 672 ριιὶ
519 620 588 673 de
640 632 783 673 novo
841 615 1246 678 instaurandre,
1306 612 1614 666 Basiliscus
1680 611 1980 679 imperator

396 712 564 765 libras
593 710 713 764 auri
745 725 775 762 ι.
816 707 1051 777 largitus
1087 715 1188 761 est.

466 803 612 858 Zeno
678 819 789 857 ων.
837 831 906 841 -
947 800 1092 854 Inter
1148 801 1262 855 haec
1298 800 1446 855 Zeno
1494 801 1822 868 imperator,
1874 813 1979 851 nu-

394 910 612 950 meroso
654 895 831 950 milite
865 895 1123 964 stipatus,
1150 909 1215 948 ex
1257 893 1472 949 Isauria
1511 890 1980 958 Constantinopo-

397 986 491 1038 lim
525 985 737 1052 rediit;
772 984 963 1041 missis
1013 984 1362 1038 Antiochiam
1415 983 1666 1053 Magnam
1710 981 1978 1035 militibus

396 1076 780 1143 praesidiariis,
818 1075 983 1146 379
1010 1076 1114 1130 sub
1142 1074 1435 1131 Troconde
1460 1073 1621 1128 duce.
1654 1073 1855 1128 Petrus
1888 1086 1981 1124 au-

393 1179 502 1221 tem
540 1167 878 1238 patriarcha,
915 1168 1010 1237 qui
1063 1167 1359 1237 episcopus
1409 1181 1437 1219 a
1491 1164 1716 1219 Zenone
1757 1171 1977 1218 creatus

397 1260 593 1324 fuerat,
626 1258 716 1314 ubi
751 1258 819 1315 dc
855 1260 940 1314 his
971 1259 1301 1328 accepisset,
1340 1256 1601 1315 Basilisci,
1626 1265 1809 1309 tamen
1849 1268 1975 1322 par-

395 1350 546 1405 tibus
595 1351 851 1405 adhresit.
905 1350 1213 1405 Basiliscus
1269 1364 1419 1412 vero,
1482 1347 1673 1402 audito
1740 1344 1977 1400 Zenonis

397 1442 750 1512 imperatoris
799 1443 1061 1509 adventu,
1109 1441 1261 1496 misit
1310 1442 1636 1504 Armatum,
1686 1436 1977 1506 pmseutis

398 1530 604 1584 militiae
634 1530 982 1601 magistrum,
1017 1530 1299 1591 omnibus,
1330 1544 1473 1598 quas
1507 1528 1695 1582 habuit
1722 1527 1776 1581 in
1801 1525 1977 1579 Thra-

395 1622 504 1687 ria,
526 1621 1013 1693 Constantinopoli
1045 1633 1098 1679 et
1133 1624 1358 1693 palatio,
1393 1622 1567 1687 copiis
1599 1621 1971 1676 instructum:

395 1729 560 1781 quem
591 1716 763 1769 etiam
794 1714 1149 1785 adjuraverat
1181 1731 1278 1785 per
1314 1723 1567 1767 sanctum
1604 1711 1974 1782 baptismum,

397 1804 559 1871 «ujus
611 1805 833 1860 lavacro
890 1813 1140 1860 recenter
1200 1806 1470 1859 intinctus
1533 1801 1736 1866 fuerat,
1795 1816 1866 1855 ne
1917 1814 1978 1854 se

396 1895 611 1949 Zenoni
648 1896 927 1966 proderet.
962 1898 1228 1950 Armatus
1276 1895 1465 1965 itaque
1499 1893 1676 1964 copiis
1727 1891 1975 1962 acceptis

396 1985 645 2053 trajecit;
679 1986 825 2055 quod
865 1985 960 2041 ubi
993 1986 1297 2054 imperator
1328 1984 1479 2040 Zeno
1511 1983 1809 2049 intellexit,
1841 1983 1977 2037 mis-

394 2093 460 2131 .«o
492 2078 559 2132 ad
605 2078 893 2133 Armatum
951 2078 1150 2149 legato,
1209 2082 1384 2133 multa
1434 2077 1485 2132 ei
1541 2077 1823 2146 pollicitus
1869 2084 1975 2141 est,

393 2168 683 2237 praesentis
727 2169 945 2223 mititiae
982 2168 1369 2239 praefecturam
1397 2175 1742 2239 perpetuam,
1783 2167 1978 2221 tilium-

391 2276 498 2330 que
527 2260 647 2331 ejus
673 2261 949 2338 Caesarem
986 2261 1258 2316 futurum.
1294 2263 1558 2317 Armatus
1592 2260 1799 2331 itaque,
1844 2275 1975 2330 pro-

395 2353 583 2408 missis
616 2354 772 2411 hisce
814 2354 1062 2410 Zenonis
1096 2354 1350 2421 allectus,
1378 2350 1755 2426 [Basiliscum]
1787 2352 1975 2423 prodi-

393 2446 496 2512 dit,
535 2446 591 2500 in
618 2445 863 2504 Zenonis
902 2455 1089 2517 partes
1119 2444 1416 2501 discedens
1451 2464 1465 2502 :
1502 2461 1602 2501 nec
1641 2445 1849 2500 Zenoni
1880 2461 1976 2500 ve-

397 2537 573 2592 nienti
608 2555 735 2593 cum
781 2540 1034 2596 exercitu
1086 2538 1364 2604 occurrit,
1413 2540 1508 2596 sed
1542 2540 1627 2593 via
1659 2538 1766 2593 alia
1823 2536 1978 2594 Isau-

394 2630 533 2682 riam
564 2640 748 2697 petere
774 2632 989 2687 statuit.
1534 2654 1535 2657 ‘
1682 2684 1687 2685 κ

463 2723 614 2778 Zeno
665 2734 845 2779 autem
883 2739 1008 2780 cum
1039 2725 1285 2780 exercitu
1332 2738 1455 2789 suo,
1489 2738 1585 2794 per
1620 2721 1803 2793 Pylas,
1835 2736 1978 2792 quas

395 2823 621 2883 vocant,
655 2814 915 2886 trajecit;
946 2816 1327 2888 palatinmque
1374 2829 1501 2870 cum
1553 2814 1829 2869 militibus
1859 2814 1979 2869 suis

395 2911 708 2979 ingressus,
756 2906 827 2961 ab
871 2906 1214 2962 exercitibus
1258 2915 1314 2962 et
1356 2913 1560 2961 senatu
1609 2912 1868 2975 receptus
1896 2912 1981 2959 est

2012 1871 2047 1919 ll

304 3008 315 3016 ‘
397 3001 703 3055 indictione
735 3015 850 3054 xw.
902 2999 980 3054 De
1046 3000 1295 3056 Prasinis
1346 3014 1483 3055 vero
1547 3001 1688 3053 satis
1746 3011 1980 3053 securus

392 3101 548 3151 crat:
587 3091 794 3162 quippe
828 3090 882 3145 hi
910 3088 1216 3153 Zenonem,
1263 3098 1323 3144 ut
1360 3091 1454 3161 qui
1495 3090 1752 3162 partibus
1785 3103 1978 3145 eorum

397 3181 629 3249 faveret,
662 3182 989 3253 percbarum
1034 3182 1143 3239 sibi
1183 3182 1513 3239 habuerunt.

466 3359 774 3415 Basiliscus
822 3360 1043 3415 interim
1097 3361 1191 3415 ubi
1245 3360 1552 3416 audivisset
1590 3360 1979 3430 imperatorem

396 3449 672 3523 Zenonem
707 3451 948 3515 venisse,
979 3452 1357 3522 palatiumque
1386 3466 1711 3522 occupasse,
1748 3453 1817 3506 ab
1858 3467 1979 3507 om-

400 3543 590 3610 nibus,
638 3544 758 3613 ipsa
808 3545 973 3598 etiam
1012 3542 1215 3600 Verina
1270 3547 1542 3616 Augusta,
1604 3559 1767 3600 socru
1834 3546 1979 3613 ejus,

395 3634 562 3707 380
595 3647 910 3708 receptum;
948 3638 1086 3708 ipse,
1123 3638 1405 3707 proditum
1449 3655 1509 3694 se
1542 3637 1611 3693 ab
1636 3637 1865 3691 Armato
1899 3636 1981 3691 vi-

396 3727 557 3792 dens,
590 3727 825 3796 arreptis
859 3742 1046 3783 secum
1082 3728 1273 3783 liberis
1297 3738 1351 3784 et
1388 3743 1559 3783 uxore
1586 3743 1712 3793 sua,
1753 3728 1821 3782 ad
1855 3744 1975 3782 ma-

396 3830 565 3884 gnum
645 3818 901 3885 protinus
971 3818 1352 3888 baptisterium
1425 3818 1673 3875 ecclesia:
1770 3817 1980 3890 Magum

395 3908 1030 3981 Constantinopolitanae
1066 3926 1125 3966 se
1153 3911 1380 3981 recepit,
1442 3909 1826 3965 Theudericho
1857 3919 1976 3965 tum

397 3998 747 4057 consulatum
776 4013 1024 4074 gerente.

469 4089 901 4148 Sacratissimus
950 4102 1132 4150 autem
1185 4094 1490 4165 imperator
1544 4092 1716 4156 Zeno,
1761 4095 1884 4151 velo
1920 4094 1976 4149 in

398 4199 559 4240 usum
608 4185 743 4242 circi
799 4187 1089 4250 exhibito,
1137 4188 1322 4243 statim
1379 4187 1649 4255 ascendit,
1709 4172 1979 4259 ludosque

396 4277 709 4345 spectavit,
768 4277 905 4333 urbe
953 4287 1068 4333 tota
1114 4278 1357 4333 reditum
1390 4280 1443 4333 ei
1492 4281 1825 4349 gratulante.
1886 4282 1979 4336 Sic

397 4367 583 4437 itaque
614 4377 867 4438 receptus
917 4384 950 4423 a
980 4370 1120 4436 suis,
1173 4370 1320 4425 inter
1352 4370 1469 4440 ipsa
1510 4370 1809 4436 circensia,
1865 4370 1978 4425 Ma-

395 4474 557 4526 gnam
598 4460 666 4514 ad
713 4462 1005 4518 ecclesiam
1043 4462 1192 4517 misit
1244 4469 1299 4517 et
1334 4477 1363 4515 a
1398 4461 1664 4516 Basilisco
1701 4470 1757 4517 et
1805 4477 1979 4517 uxore

1691 406 1933 467 JOANN
1942 405 2014 466 IS
2046 408 2370 469 MALALE

3594 403 3703 472 564

2079 518 2310 589 Πρώτης
2361 518 2561 590 Συρίας
2586 517 2815 588 ὀνόματι
2865 516 3084 572 Γάὸαλα
3119 517 3253 589 μηνὶ
3286 516 3586 590 Γορπιαίῳ
3618 526 3710 584 είς

2082 612 2140 663 :6
2168 611 2334 679 αὖγος
2354 627 2369 643 ο
2413 612 2507 664 καὶ
2538 612 2838 683 ἐχαρίσατο
2890 612 2957 681 τῇ
3000 609 3139 681 αὐτῇ
3179 611 3346 664 πόλει
3379 612 3409 665 6
3439 610 3705 682 βασιλεὺς

2082 702 2409 767 Βασιλίσκος
2432 704 2513 766 είς
2538 703 2840 757 ἀνανέωσιν
2865 701 3092 772 χρυσίου
3119 701 3317 774 λίτρας
3344 707 3413 756 ν’.
3466 700 3473 707 ’

2154 796 2264 849 Καὶ
2292 794 2568 865 ἐπανῆλθε
2599 796 2787 865 Ζήνων
2840 796 2869 847 6
2930 794 3189 865 βασιλεὺς
3253 793 3406 865 μετὰ
3453 793 3704 866 πλήθους

2080 887 2276 942 πολλοῦ
2334 889 2400 941 ἐκ
2451 886 2553 957 τῆς
2598 886 2874 956 ἰσαυρίας
2925 886 3019 938 ἐπὶ
3068 885 3702 954 Κωνσταντινούπολιν,

2080 980 2305 1051 πέμψας
2356 982 2437 1043 εἰς
2476 979 2813 1049 Ἀντιόχειαν
2842 979 2940 1049 τὴν
2966 978 3233 1050 Μεγάλην
3273 976 3703 1049 παραφύλακας

2093 1072 2372 1141 Ἰσαύρους
2428 1073 2523 1126 καὶ
2576 1069 2956 1143 στρατηλάτην
3004 1069 3343 1142 Τροκόνδην.
3421 1069 3702 1136 Ἀκούσας

2078 1159 2172 1216 οὖν
2207 1164 2411 1233 Πέτρος
2433 1163 2461 1214 6
2488 1162 2835 1233 πατριάρχης
2862 1160 2892 1213 6
2922 1160 3018 1215 ὑπ’
3043 1160 3212 1215 αὑτοῦ
3250 1149 3572 1231 δεξάμενος
3597 1161 3698 1232 τῆς

2078 1254 2385 1323 ἐπισκοπῆς
2417 1253 2517 1324 τὴν
2571 1253 2909 1324 χειροτονίαν
2960 1253 3100 1323 ὑπὲρ
3126 1251 3224 1306 τοῦ
3277 1252 3497 1323 μέρους
3530 1252 3699 1306 Βασιιι

2078 1344 2269 1400 λίσκου
2300 1346 2495 1398 ἐποίει.
2534 1345 2592 1398 '0
2620 1345 2679 1398 δὲ
2705 1343 3033 1408 Βασιλίσκος
3065 1343 3259 1415 μαθὼν
3283 1344 3391 1411 τὴν
3412 1343 3512 1397 τοῦ
3545 1342 3699 1413 βασι-

2078 1437 2215 1501 λέως
2235 1438 2483 1507 Ζήνωνος
2503 1435 2787 1500 ἐπάνοδον,
2812 1434 2911 1489 ἐπε
2920 1434 3059 1505 μψεν
3075 1434 3362 1505 Ἀρμᾶτον
3385 1434 3484 1488 τὸν
3506 1451 3700 1505 στρατ-

2079 1528 2285 1600 ηλάτην
2310 1528 2404 1581 τοῦ
2432 1528 2764 1599 πραισέντου
2795 1527 2936 1598 μετὰ
2963 1529 3147 1598 πάσης
3171 1521 3241 1599 ἦς
3278 1520 3402 1597 εἷχε
3436 1525 3696 1597 βοηθείας

2082 1615 2313 1687 στρατοῦ
2341 1618 2398 1668 ἐν
2422 1616 2612 1688 Θρᾴκῃ
2638 1617 2734 1670 καὶ
2760 1617 2817 1668 ἐν
2853 1615 3444 1670 Κωνσταντινουπόλει
3485 1617 3592 1669 καῖ
3614 1619 3695 1680 εἰς

2078 1708 2140 1762 :6
2167 1708 2430 1762 παλάτιον
2464 1706 2599 1777 (Ἰ9),
2647 1706 2762 1779 [89]
2785 1705 3036 1779 ὁρκώσας
3079 1708 3249 1762 αὑτὸν
3285 1711 3372 1771 εἰς
3402 1708 3565 1777 ἅγιον
3599 1707 3694 1779 βά·

2080 1816 2295 1870 πτισμα
2322 1801 2686 1868 νεοφωτίστου
2719 1801 2764 1831 ²⁰
2797 1800 2872 1870 μὴ
2900 1799 3218 1871 προδοῦναι.
3263 1800 3385 1854 Καὶ
3416 1799 3604 1853 λαϐὼν
3633 1801 3692 1854 :6

2080 1891 2287 1963 πλῆθος
2314 1892 2412 1946 τοῦ
2448 1891 2685 1962 στρατοῦ
2705 1893 2735 1945 6
2782 1892 3058 1963 ’Δρμᾶτος
3083 1893 3332 1962 ἐπέρασε
3353 1908 3369 1923 ο
3402 1892 3500 1945 καὶ
3533 1891 3690 1945 τοῦτο

2080 1984 2384 2057 προμαθὼν
2405 1986 2593 2054 Ζήνων
2620 1986 2648 2039 6
2675 1985 2934 2056 βασιλεὺς
2971 1985 3190 2055 έπεμψε
3227 1985 3375 2056 πρὸς
3400 1984 3498 2039 τὸν
3527 1984 3687 2057 αὑτὸν

2091 2080 2383 2152 Ἁρμάτιον
2412 2079 2526 2151 (80)
2549 2078 3022 2149 ἐπαγγειλάμενος
3048 2078 3200 2148 αὐτῷ
3222 2077 3407 2132 πολλὰ
3441 2078 3542 2131 καὶ
3590 2077 3687 2150 τὴν

2080 2169 2481 2241 στρατηλασίαν
2508 2169 2610 2240 τῆς
2641 2169 2806 2223 αὐτοῦ
2838 2170 2987 2241 ζωῆς
3016 2171 3060 2201 ⁸⁸
3095 2172 3189 2223 καὶ
3234 2170 3335 2223 τὸν
3372 2169 3490 2223 υῖδν
3521 2168 3684 2222 αὐτοῦ

2080 2264 2254 2315 ποιεῖν
2274 2260 2552 2332 Καίσαρα.
2592 2260 2701 2315 Καὶ
2734 2262 3076 2333 προτραπεὶς
3109 2263 3137 2315 6
3192 2260 3371 2324 αὐτὸς
3414 2261 3688 2330 ’Δρμᾶτος

2078 2354 2184 2408 ὑπὸ
2212 2355 2459 2425 Ζήνωνος
2497 2352 2764 2424 βασιλέως
2821 2353 3168 2423 προέδωκεν,
3226 2352 3484 2425 εὑρεθεὶς
3523 2353 3603 2415 είς
3624 2351 3686 2403 :6

2082 2447 2249 2519 μέρος
2279 2446 2528 2517 Ζήνωνος
2560 2446 2659 2500 τοῦ
2697 2445 2965 2516 βασιλέως
2985 2462 2999 2477 ο
3044 2448 3141 2500 καὶ
3176 2446 3378 2501 οὐκέτι
3407 2446 3684 2515 ὑπήντησε

2080 2540 2292 2607 Ζήνωνι
2318 2539 2598 2610 ἐρχομένῳ
2627 2541 2656 2593 6
2686 2540 2849 2602 αὐτὸς
2885 2540 3183 2610 Ἀρμᾶτος,
3245 2538 3391 2594 ἀλλὰ
3419 2538 3490 2591 δι’
3520 2537 3683 2606 ἄλλης

2080 2631 2259 2697 ἔδοξεν
2289 2633 2502 2685 ἐπιέναι
2530 2632 2654 2686 ὁδοῦ
2688 2631 2789 2701 τῆς
2831 2632 3128 2701 Ἰσαυρίας.
3604 2649 3614 2658 ·

2166 2724 2509 2796 Ἐξορμήσας
2561 2724 2619 2778 δέ
2648 2725 2833 2794 Ζήνων
2871 2726 3141 2793 ἐπέρασεν
3171 2724 3293 2778 ἀπὸ
3319 2724 3436 2778 τῶν
3461 2724 3682 2794 λεγομέο

2082 2835 2191 2872 νων
2222 2815 2442 2872 Πυλῶν
2471 2816 2568 2870 καὶ
2602 2815 2855 2887 εἰσῆλθεν
2898 2817 2980 2877 είς
3008 2815 3071 2869 τὸ
3100 2813 3381 2869 παλάτιον
3414 2815 3553 2885 μετὰ
3577 2814 3682 2867 τῶν

2086 2911 2234 2965 ἰδίων
2283 2909 2522 2964 ὁπλιτῶν
2573 2908 2870 2964 ῖνδικτιῶνι
2916 2905 2975 2960 ιδ’
2997 2924 3011 2938 ⁸
3042 2910 3140 2961 καὶ
3186 2906 3395 2977 ἐδέχθη
3431 2907 3538 2961 ὑπὸ
3575 2907 3678 2960 τῶν

2084 3000 2513 3071 στρατευμάτων
2563 2998 2786 3068 καὶτῆς
2836 2997 3164 3065 συγκλήτου.
3218 2996 3483 3069 Ἐθάρῤει
3514 2996 3571 3050 δὲ
3604 2998 3678 3060 είς

2081 3093 2142 3147 τὸ
2170 3093 2441 3163 Πράσινον
2473 3091 2658 3162 μέρος,
2682 3091 2764 3143 ὅτι
2805 3089 3043 3157 ἐφιλεῖτο
3073 3091 3203 3162 παρ’
3243 3089 3431 3143 αὐτῶν
3450 3106 3463 3120 °
3500 3089 3674 3159 ἔχαιρε

2007 3218 2050 3277 c
2086 3184 2197 3253 γὰρ
2241 3184 2335 3237 καὶ
2361 3183 2524 3246 αὐτὸς
2561 3185 2746 3253 Ζήνων
2780 3180 2809 3232 6
2868 3179 3123 3250 βασιλεὺς
3168 3183 3260 3246 εἰς
3293 3181 3357 3235 :6
3413 3182 3676 3250 Πράσινον

2135 3277 2277 3331 έοοε.

2135 3293 2161 3330 ε
2264 3316 2277 3331 .

2092 3295 2131 3348 μ
2168 3293 2441 3432 eximiam;
2475 3368 2534 3422 δὲ
2565 3368 2825 3439 ἐξαίφνης
2850 3367 3176 3431 Βασιλίσκος
3195 3366 3288 3420 ὅτι
3313 3367 3501 3438 Ζήνων
3537 3367 3564 3418 6
3587 3363 3674 3435 βα-

2091 3459 2273 3525 σιλεὺς
2303 3459 2384 3522 είς
2418 3459 2481 3512 τὸ
2510 3459 2776 3513 παλάτιον
2804 3457 3034 3531 ὥρμησε
3078 3457 3173 3512 καὶ
3231 3457 3457 3529 εἰσῆλθε
3478 3458 3572 3510 καὶ
3597 3456 3670 3509 ὅτι

2087 3550 2341 3615 ἐδέξαντο
2397 3550 2561 3605 αὐτὸν
2608 3552 2810 3614 πάντες
2864 3552 2960 3604 καὶ
2989 3550 3198 3620 Βηρῖνα
3234 3551 3268 3621 ἡ
3316 3548 3670 3616 δέσποινα,ή

2088 3642 2331 3714 πενθερὰ
2359 3641 2548 3707 αὑτοῦ,
2602 3641 2784 3697 λαῦὼν
2812 3637 2906 3698 οὖν
2932 3628 3268 3705 Βασιλίσκος
3295 3641 3397 3712 τὴν
3446 3641 3671 3710 γυναῖκα

2088 3733 2255 3789 αὐτοῦ
2278 3735 2375 3788 καὶ
2400 3735 2468 3787 τά
2492 3735 2662 3789 τέκνα
2683 3734 2890 3806 ἔφυγεν
2920 3736 3003 3798 είς
3021 3736 3122 3805 τὴν
3152 3734 3425 3805 Μεγάλην
3445 3731 3668 3802 Ἐκκλη-

2089 3828 2212 3882 σίαν
2234 3828 2864 3890 Κωνσταντινουπόλεως
2884 3826 3024 3899 [90],
3052 3828 3131 3889 εἰς
3152 3826 3213 3880 :6
3249 3826 3391 3898 μέγα
3413 3824 3669 3894 φωτιστή·

2089 3934 2263 3989 ριον,-
2284 3916 2572 3988 προδοθεὶς
2624 3917 2731 3971 61:6
2795 3916 3088 3989 Ἀρμάτου,
3128 3917 3225 3970 ἐπὶ
3265 3915 3370 3987 τῆς
3416 3911 3666 3976 ὑπατείας

2085 4009 2411 4080 Θευδερίχου
2437 4009 2574 4079 (81).

2167 4101 2228 4156 '0
2256 4102 2312 4156 δὲ
2353 4101 2629 4164 θειότατος
2648 4101 2837 4173 Ζήνων
2863 4100 3121 4171 βασιλεὺς
3142 4098 3440 4173 παρασχὼν
3481 4094 3542 4149 τὸ
3568 4092 3663 4165 βῆ-

2085 4193 2178 4247 λον
2214 4192 2309 4247 τοῦ
2337 4192 2568 4247 ἱππικοῦ
2590 4192 2792 4256 εὐθέως
2825 4191 2999 4246 ἐλθὼν
3019 4191 3301 4264 ἐθεώρησε
3321 4206 3335 4221 ’
3371 4187 3465 4243 καὶ
3481 4183 3660 4255 ἐδέχθη

2085 4285 2198 4342 ἀπὸ
2219 4283 2402 4352 πάσης
2430 4283 2533 4354 τῆς
2562 4284 2792 4363 πόλεως.
2834 4283 2947 4337 Καὶ⁵
2983 4281 3127 4353 μετὰ
3175 4282 3238 4337 :6
3274 4279 3557 4350 δεχθῆναι,
3607 4274 3661 4363 ἐν

2084 4372 2194 4443 ὅσῳ
2226 4371 2445 4443 θεωρεῖ,
2468 4361 2717 4444 ἐπεμψεν
2739 4374 2819 4436 εις
2834 4371 2934 4443 τὴν
2951 4370 3211 4441 Μεγάλην
3226 4366 3554 4438 Ἐκκλησίαν
3575 4361 3660 4416 καὶ

2087 4463 2263 4533 ἐπῆρε
2281 4465 2436 4532 παρὰ
2467 4464 2793 4519 Βασιλίσκου
2824 4462 3038 4518 καὶτοῦ
3084 4462 3203 4516 υἱοῦ
3234 4459 3400 4515 αὐτοῦ
3449 4457 3541 4510 καὶ
3569 4454 3659 4523 τῆς

398 4550 522 4616 ejus
557 4552 779 4622 iilioque
821 4554 1062 4624 insignia
1082 4555 1458 4622 imperatoria
1486 4553 1717 4609 abstulit
1744 4572 1757 4607 :
1788 4563 1970 4607 extra-

2091 4554 2349 4622 γυναικὸς
2376 4554 2547 4609 αὑτοῦ
2573 4556 2636 4609 τὸ
2668 4558 2861 4626 σχῆμα
2888 4557 2988 4626 τῆς
3034 4553 3346 4624 βασιλείαςο
3391 4547 3483 4602 καὶ
3502 4544 3657 4599 ἐκϐα-

398 4650 659 4710 clumque
711 4643 839 4698 inde
870 4659 1019 4709 eum,
1071 4659 1196 4698 cum
1251 4660 1426 4698 uxore
1481 4644 1800 4714 liberisque,
1847 4643 1977 4699 data

2091 4644 2193 4699 λὼν
2221 4645 2385 4699 αὐτὸν
2421 4647 2514 4700 καὶ
2552 4648 2653 4718 τὴν
2678 4649 2910 4716 γυναῖκα
2939 4644 3105 4699 αὑτοῦ
3150 4646 3247 4697 καὶ
3278 4642 3345 4696 τὰ
3372 4641 3537 4694 τέκνα
3567 4634 3656 4687 αὖ·

398 4732 659 4787 cautione
703 4748 806 4788 nec
863 4735 1142 4804 capitibus
1192 4735 1512 4799 multatum,
1558 4750 1658 4790 nec
1715 4735 1838 4790 neci
1881 4751 1978 4790 eos

402 4819 661 4883 traditum
692 4823 783 4886 iri,
815 4823 1132 4879 amandavit
1161 4840 1286 4886 eum
1328 4839 1453 4879 cum
1495 4824 1619 4880 suis
1648 4827 1702 4879 in
1728 4824 1976 4899 Limttas,

2084 4736 2181 4790 τοῦ
2236 4736 2342 4791 ὑπὸ
2367 4737 2525 4806 λόγον
2551 4739 2634 4794 ὅτι
2661 4738 2786 4792 οὕτε
2812 4736 3313 4807 ἁποκεφαλίζονται
3363 4731 3485 4787 οὔτε
3526 4742 3656 4794 σφα-

2091 4828 2375 4898 γιάζονται
2429 4831 2677 4903 ἔπεμψεν
2713 4831 2876 4885 αὑτὸν
2935 4831 3029 4884 καὶ
3077 4830 3205 4891 τοὺς
3249 4825 3413 4882 αὐτοῦ
3452 4822 3530 4884 είς
3564 4816 3653 4871 Λί-

1677 4938 1906 4994 νΑΒιίΕ
1964 4940 2366 5001 LECTIONES.
2394 4980 2398 4985 “

475 5026 521 5058 ²⁰
542 5029 901 5117 νεεφωτίστου
930 5029 1061 5113 βιιη
1081 5028 1463 5117 νεωφωτίστου
1497 5027 1601 5086 0x.
1678 5032 1721 5062 ²¹
1753 5032 1853 5103 τὴν
1876 5051 1974 5107 στρ

2091 5035 2281 5093 λασίαν
2298 5040 2396 5109 τῆς
2425 5040 2593 5095 αὐτοῦ
2624 5040 2795 5117 ζωῆς.
2822 5060 2842 5093 ι
2868 5042 3000 5100 Chr.
3039 5041 3189 5096 Alex.
3226 5037 3412 5101 habet,
3434 5032 3535 5093 ἕως
3560 5026 3651 5095 τῆς
3706 5084 3711 5089 .

402 5097 568 5156 αὐτοῦ
600 5097 767 5169 ζωῆς,
808 5101 1037 5157 rectius.
1074 5122 1093 5155 ι
1135 5097 1235 5155 (ΣΠ.

1632 5258 1741 5316 ED.
1781 5259 2158 5319 CHILMEADI
2198 5262 2432 5320 ΝΟΤᾹΞ.

477 5341 587 5424 (79)
630 5344 740 5424 Καὶ
768 5347 847 5424 εἰς
878 5344 940 5398 :6
968 5345 1250 5424 παλάτιον.
1292 5346 1467 5404 Verba
1498 5349 1635 5424 haec,
1659 5422 1667 5424 _
1687 5360 1742 5407 et
1774 5369 1984 5424 praece-

398 5413 593 5469 ‘tlentia
628 5431 655 5467 a
678 5413 904 5486 Badero
930 5416 1168 5486 pessime
1202 5429 1513 5483 vertuntur,
1535 5413 1631 5475 cui
1656 5422 1711 5476 in
1744 5413 1983 5479 mentem

407 5503 516 5539 mut
568 5485 735 5549 venit,
774 5486 876 5550 είς,
912 5485 1037 5541 cum
1096 5491 1448 5550 accusativo,
1496 5491 1598 5546 hoc
1632 5493 1755 5550 loco
1821 5503 1881 5548 ttt
1929 5504 1985 5548 et

407 5554 1021 5630 ιειῑίζί-ίιιεῃυυιιῖίεείιηε
1062 5574 1159 5630 pro
1191 5560 1250 5612 ἐν
1285 5561 1435 5630 poni.

482 5625 593 5699 (80)
632 5626 737 5679 Τὸν
769 5626 932 5699 αυτὸν
962 5625 1575 5699 Ἀρμάτιον.Ἀι·ηιθιιιε
1598 5633 1722 5697 iste,
1754 5641 1808 5688 et
1840 5631 1981 5686 Uar-

410 5696 634 5765 ntatius,
670 5710 700 5748 a
728 5696 1093 5765 scriptoribus
1130 5702 1278 5754 varie
1301 5700 1486 5756 dictus
1517 5711 1621 5755 est.

484 5763 594 5834 (8|)
632 5765 758 5841 Ἐπὶ
782 5763 880 5841 τῆς
900 5767 1169 5841 ῥπατείοις
1195 5770 1541 5841 Θευδερίχου.
1578 5771 1723 5826 Nihil
1750 5772 1931 5827 minus
1958 5791 1970 5827 :

413 5835 562 5893 'Lcno
594 5835 743 5891 enim
776 5836 841 5889 ad
891 5835 1714 5911 Constantinupoli'tmreversus
1747 5852 1849 5909 est,
1890 5844 1974 5899 vel

2089 5354 2359 5412 Basilisco
2393 5367 2449 5413 et
2494 5358 2717 5414 Armate
2743 5372 2917 5421 coss.,
2950 5357 3033 5411 vel
3065 5369 3209 5410 anno
3239 5355 3514 5420 sequente,
3541 5355 3642 5412 quo

2088 5427 2170 5480 vel
2224 5428 2356 5481 nulli
2412 5437 2570 5481 erant
2610 5429 2896 5490 consules,
2944 5439 3004 5482 ut
3048 5422 3396 5479 Marcellinus
3445 5427 3636 5494 multis,

2089 5497 2175 5572 vel
2204 5497 2497 5572 Armatus_4
2521 5481 3077 5572 solostconsulatum
3114 5495 3283 5565 gessit
3305 5532 3341 5572 ,_
3367 5481 3639 5572 ut

2085 5568 2245 5631 vult;
2277 5580 2401 5621 cum
2437 5567 2821 5622 Theodoricus
2872 5583 2982 5622 non
3034 5555 3160 5621 ante
3206 5560 3488 5632 septimum
3524 5555 3636 5632 post

2084 5629 2335 5697 hmc,vel
2363 5647 2618 5691 octavum
2647 5653 2852 5692 annum
2879 5638 2946 5691 ad
2980 5629 3331 5691 consulatum
3363 5629 3632 5699 ρζονεοὲξξε

2084 5689 2267 5760 fuerit.
2299 5689 2619 5765 Videtur.
2650 5689 2862 5776 "item,
2883 5689 3212 5770 viatorem,
3268 5708 3321 5755 et
3364 5689 3628 5753 Marcelli-

2081 5791 2234 5835 num.
