3894 6452
453 407 565 475 5‘15

1724 399 2049 485 IOANNIS
2089 397 2418 461 MALAL/E

3633 398 3733 463 576

455 536 528 576 an
561 527 642 586 ut,
693 517 913 575 sublato
942 516 1064 572 viro
1102 522 1218 583 tuo,
1255 515 1645 586 imperatorem
1674 514 1844 569 alium
1892 512 2043 570 suﬂi-

2154 510 2224 581 Βη
2234 510 2387 581 ρϊναν
2416 508 2504 562 ἵνα
2528 507 2776 580 ἀπολυθῇ
2801 524 2814 539 ⁸
2850 507 2944 562 καὶ
2977 506 3077 561 οὐκ
3100 503 3331 577 ἐπείσθη
3354 504 3581 574 Ἰλλοῦς,
3602 507 3737 562 ἀλλὰ

454 611 604 666 ciat?
629 610 872 664 Ariadna
904 609 1091 679 itaque
1126 607 1523 677 imperatorem
1560 620 1759 663 rursus
1795 603 2042 674 compel-

456 696 581 752 lans
621 713 637 749 :
669 695 906 767 Ergone,
938 696 1140 765 inquit,
1175 694 1306 751 lllus
1347 695 1476 761 iste,
1527 708 1597 750 an
1628 710 1732 767 ego
1759 694 1950 765 potius
1988 693 2043 747 in

457 789 663 859 palatio
692 788 989 844 dominor?
1014 787 1380 859 Respondens
1405 787 1457 843 ei
1500 787 1808 859 imperator
1835 804 1849 840 :
1904 787 2041 858 Age,

455 879 615 945 dixit,
652 879 698 936 si
733 879 867 949 quid
899 879 1104 948 possis,
1129 878 1260 946 quid
1286 878 1562 933 moraris?
1593 878 1708 947 Ego
1740 886 1869 932 tuus
1898 890 2043 932 sum.

456 971 672 1027 Exinde
703 972 872 1043 igitur
891 971 1137 1027 Ariadne
1156 970 1259 1025 Illo
1286 970 1520 1026 insidias
1541 972 1747 1038 struit;
1777 968 2049 1025 circensi-

459 1065 562 1119 bus
579 1072 761 1118 autem
785 1062 1107 1129 celebratis,
1134 1062 1265 1117 dum
1296 1060 1365 1116 ad
1392 1060 1678 1116 Decimum
1706 1076 1803 1132 per
1826 1060 2047 1133 Pulpita

460 1152 728 1207 transiret
780 1150 935 1219 llius,
982 1150 1284 1222 Sporacius
1312 1151 1535 1221 quidam
1596 1152 1935 1217 scliolarius,
1978 1152 2049 1207 ad

459 1244 563 1299 hoc
593 1243 925 1323 conductus,
960 1244 1142 1313 gladio
1167 1249 1336 1313 caput
1367 1242 1490 1312 ejus
1530 1242 1829 1313 impetivit,
1861 1243 2049 1300 animo

459 1352 584 1391 eum
617 1351 714 1407 per
747 1335 988 1391 medium
1017 1336 1356 1392 dissecandi.
1388 1335 1487 1391 Illo
1510 1345 1695 1392 autem
1717 1335 2048 1407 Spatharius

461 1429 603 1484 forte
634 1429 845 1496 astitit;
883 1428 976 1498 qui
1012 1427 1498 1499 supervenientem
1531 1426 1774 1498 gladium
1799 1427 2055 1483 animad-

460 1537 708 1591 vertens,
731 1524 925 1580 dextra
954 1539 1118 1601 manu
1151 1524 1321 1579 ictum
1351 1521 1472 1591 ejus
1488 1522 1706 1592 excepit
1735 1540 1748 1577 :
1778 1520 1940 1591 cujus
1965 1528 2050 1575 ta-

462 1629 588 1669 men
620 1630 837 1680 mucro,
868 1615 991 1686 ipso
1028 1616 1084 1670 in
1116 1615 1384 1671 descensu
1420 1612 1489 1669 ad
1525 1613 1612 1668 llli
1640 1622 1807 1683 caput
1830 1613 2049 1682 allisus,

462 1704 717 1759 dextram
775 1706 825 1761 ei
863 1720 1052 1761 aurem
1088 1703 1374 1777 praecidit;
1422 1703 1744 1760 scholarius
1782 1712 1969 1759 autem
2020 1719 2052 1759 e

462 1795 699 1865 vestigio
723 1794 1049 1851 interfectus
1069 1803 1174 1867 est.
1192 1797 1257 1849 At
1285 1810 1417 1851 vero
1440 1794 1597 1850 Illum
1620 1795 1885 1851 satellites
1904 1795 2048 1865 ejus,

2146 602 2294 671 λέγει
2326 603 2487 673 αὐτῇ·
2518 601 2584 655 Τί
2613 600 2783 673 αὐτὴν
2817 600 3035 672 ζητεῖς;
3075 599 3165 653 ἵνα
3210 599 3421 670 ποιήσῃ
3450 597 3613 653 πάλιν
3645 597 3737 654 άλ-

2146 695 2238 749 λον
2275 694 2500 764 βασιλέα
2527 694 2673 749 κατὰ
2707 693 2801 748 τοῦ
2833 693 2929 748 σοῦ
2959 692 3193 763 άνδρός;
3237 691 3351 745 Καὶ
3390 690 3559 745 πάλιν
3587 685 3736 745 εἶπεν

2145 790 2180 860 ή
2206 787 2466 858 ’Δριάδνη
2497 786 2575 857 τῷ
2605 785 2817 857 βασιλεί
2853 786 3085 856 Ζήνωνι,
3110 785 3195 838 ὅτι
3216 782 3422 847 Ἰλλοῦς
3465 785 3618 838 ἐστιν
3657 786 3751 847 εἰς’

2146 881 2209 935 τὸ
2241 880 2507 936 παλάτιον
2547 879 2580 952 ἢ
2616 878 2757 950 ὲγῶ;
2792 878 2904 934 Καὶ
2936 878 3086 947 λέγει
3112 877 3250 947 αὐτῇ
3276 878 3306 930 6
3339 873 3623 947 βασιλεὺς,
3657 876 3738 928 ὃτι

2149 973 2216 1026 Et
2259 990 2310 1026 τι
2359 972 2527 1046 δύνῃ,
2559 972 2806 1043 πρᾶξον·
2857 970 2971 1040 ἐγώ
3019 988 3080 1024 σε
3129 969 3289 1023 θέλω.
3328 966 3445 1022 Καὶ
3491 966 3736 1039 λοιπδνή

2162 1064 2417 1136 ’Δριάδνη
2446 1064 2821 1119 κατεσκεύασε
2844 1063 2940 1118 τοῦ
2968 1064 3229 1134 φονεῦσαι
3262 1062 3359 1116 τὸν
3385 1059 3592 1114 Ἰλλοῦν
3613 1078 3625 1091 ·
3650 1062 3740 1113 καὶ

2152 1156 2377 1210 ἱππικοῦ
2409 1156 2713 1226 ἀγομένου,
2742 1156 2819 1221 ὡς
2845 1156 3136 1228 ἀνέρχεται
3166 1153 3252 1207 διὰ
3279 1152 3393 1206 τῶν
3428 1150 3740 1205 πουλπιτῶν

2150 1252 2244 1305 ἐπὶ
2284 1254 2345 1305 τὸ
2390 1252 2644 1321 Δέκιμον,
2687 1249 2840 1323 [100]
2876 1248 3139 1322 ἔκρουσεν
3171 1244 3385 1317 assa"
3430 1246 3459 1298 6
3508 1259 3742 1313 προτρα-

2153 1342 2275 1404 πεὶς
2306 1340 2588 1411 σχολάριος
2617 1338 2732 1412 (98)
2760 1330 2978 1409 σπαθίῴ
3002 1337 3147 1393 κατὰ
3181 1335 3283 1405 τῆς
3323 1331 3595 1404 κεφαλῆς,
3626 1332 3738 1385 ὀνό-

2157 1452 2284 1506 ματι
2331 1433 2663 1503 Σποράκιος,
2709 1431 3034 1503 βουλόμενος
3071 1430 3154 1492 είς
3185 1426 3278 1481 δύο
3322 1425 3492 1481 αὐτὸν
3538 1423 3735 1493 κόψαι*

2152 1527 2250 1580 καὶ
2293 1524 2494 1596 εὑρέθη
2528 1525 2558 1577 6
2599 1522 2905 1594 σπαθάριος
2950 1520 3046 1575 τοῦ
3073 1516 3242 1574 Ἰλλοῠ
3272 1517 3390 1589 (99)
3423 1515 3615 1585 ἐγγὺς,
3654 1515 3740 1568 καὶ

2154 1614 2555 1686 προσεσχηκὼς
2578 1614 2639 1668 τδ
2665 1615 2821 1685 ξίφος
2858 1611 3266 1684 κατερχόμενον
3294 1611 3364 1679 τῇ
3400 1606 3554 1677 δεξιᾷ
3582 1605 3738 1665 αὐτοῦ

2155 1705 2301 1778 χειρὶ
2339 1705 2592 1770 ἐδέξατοο
2644 1708 2739 1760 καὶ
2782 1703 3122 1759 κατελθοῦσα
3161 1704 3195 1773 ὴ
3230 1697 3526 1771 άρχὴ⁴τοῦ
3565 1697 3740 1768 ξίφους

2155 1801 2236 1861 είς
2268 1798 2369 1869 τὴν
2400 1796 2647 1870 κεφαλὴν
2689 1797 2859 1853 αὐτοῦ
2905 1796 3073 1866 ἔκοψε
3126 1795 3187 1849 τὸ
3230 1794 3398 1847 ὠτίον
3441 1791 3538 1845 τοῦ
3587 1790 3737 1845 αὐτοῦ

462 1887 713 1943 humeris
740 1888 858 1944 suis
884 1888 1146 1953 levatum,
1174 1887 1398 1943 domum
1425 1887 1812 1958 deportabant.
1869 1887 2048 1957 impe-

2167 1888 2333 1943 Ἰλλοῦ
2364 1890 2424 1942 τὸ
2451 1888 2661 1953 δεξιόνο
2710 1888 2808 1944 καὶ
2852 1890 3071 1958 ὲσφάγη
3116 1888 3144 1940 6
3180 1884 3479 1959 σχολάριος
3521 1883 3613 1936 ἐπὶ
3655 1882 3738 1934 τὸν

458 1989 613 2061 rator
666 1988 871 2049 autem,
933 1982 1018 2038 bis
1074 1981 1303 2047 auditis,
1358 1981 1568 2052 juravit
1601 1997 1663 2036 se
1711 1981 1948 2064 istarum
1990 1983 2047 2037 in

453 2070 615 2127 Illum
648 2071 979 2128 insidiarum
1026 2074 1271 2130 inscium
1303 2087 1428 2130 esse
1454 2087 1469 2125 :
1500 2073 1594 2130 sed
1624 2073 1788 2130 [idem
1825 2074 1876 2130 ei
1914 2072 2049 2130 lllus

459 2165 765 2235 derogavit.
805 2165 976 2238 388
1022 2165 1235 2222 Exinde
1288 2166 1480 2236 itaque
1532 2166 1582 2221 ei
1614 2165 1890 2231 infensus,
1922 2166 2049 2222 vin-

342 2303 347 2306 .
458 2257 665 2311 dictam
698 2258 1001 2314 meditatus
1039 2266 1126 2315 est
1164 2276 1179 2314 :
1227 2259 1426 2315 melius
1448 2273 1582 2315 vero
1613 2260 1902 2331 aliquanto
1925 2276 2047 2333 sese

456 2350 691 2415 habens,
727 2350 908 2405 sinum
942 2351 1196 2421 trajecit,
1241 2350 1462 2407 facinus
1510 2351 1738 2422 aliquod
1792 2354 2044 2423 patrandi

458 2442 663 2496 animo.
705 2443 783 2496 Ad
819 2451 1129 2499 extremum
1174 2459 1306 2499 vero
1339 2459 1462 2499 cum
1500 2444 1713 2516 integer
1758 2454 1942 2511 esset,
1991 2453 2047 2501 et

458 2533 665 2587 vulnus
689 2532 801 2601 jam
834 2534 1098 2590 cicatrice
1113 2535 1414 2589 obductum
1447 2541 1618 2599 esset,
1656 2535 2045 2606 imperatorem

457 2623 617 2691 adiit,
676 2624 732 2678 in
784 2622 1068 2681 Orientem
1102 2625 1170 2681 ad
1204 2633 1425 2696 tempus
1474 2626 1697 2696 aliquod
1752 2629 2045 2684 secedendi

457 2716 741 2771 licentiam
763 2718 1094 2788 impetrans,
1114 2732 1313 2788 nempe
1329 2718 1403 2774 ob
1426 2718 1600 2785 aeris,
1622 2728 1683 2774 ut
1707 2721 1825 2789 ipse
1849 2738 1964 2792 pra:
1986 2739 2045 2780 se

457 2807 691 2873 terebat,
727 2811 1092 2866 mutationem
1131 2828 1146 2865 :
1179 2811 1424 2866 nondum
1449 2812 1618 2877 enim,
1639 2812 1804 2881 dixit,
1828 2816 1965 2870 satis
1987 2832 2048 2872 se

457 2914 487 2951 a
519 2899 743 2955 vulnere
776 2901 1099 2957 revaluisse.
1139 2901 1449 2973 Imperator
1482 2912 1688 2969 autem,
1742 2909 1885 2961 votis
1947 2923 2047 2963 an-

457 3004 659 3053 nuens,
692 2991 941 3063 magistri
969 3006 1095 3047 eum
1116 3007 1345 3048 munere
1380 2992 1659 3056 liberavit,
1692 2995 2046 3069 militumque

458 3086 515 3140 in
547 3084 778 3140 Oriente
806 3085 1131 3155 magistrum
1160 3086 1482 3153 constituit,
1513 3095 1779 3156 potestate
1811 3090 1859 3145 ei
1891 3092 2042 3145 omni

457 3189 746 3230 concessa.
779 3174 1057 3230 Praeterea
1104 3191 1326 3247 quoque
1358 3176 1494 3234 lllus
1524 3177 1816 3234 Leontium
1868 3183 2047 3251 patri-

458 3268 606 3322 cium
626 3267 872 3323 Paulinae
895 3269 1067 3323 tilium
1090 3270 1208 3325 dari
1233 3270 1343 3326 sibi
1372 3270 1632 3327 comitem
1650 3273 1828 3342 petiit;
1851 3288 2047 3343 nempe

458 3359 549 3411 cui
584 3355 842 3412 Verinam
872 3359 1204 3430 Augustam,
1240 3360 1499 3416 Ariadnae
1531 3362 1906 3432 imperatricis
1935 3380 2052 3417 ma-

460 3458 643 3514 trem,
705 3450 956 3505 traderet
1017 3451 1569 3524 Constantinopolim
1638 3455 2047 3524 deducendam,

461 3536 605 3604 Qnin
643 3548 697 3594 et
730 3541 797 3594 ab
822 3541 1156 3609 imperatore
1180 3543 1346 3599 etiam
1375 3544 1655 3600 licentiam
1692 3547 1908 3616 petivit,
1964 3549 2053 3603 iti-

462 3631 613 3685 neris
637 3632 869 3686 comites
895 3633 1057 3699 alios,
1093 3650 1233 3705 quos
1257 3634 1376 3705 ipse
1408 3636 1608 3702 voluit,
1637 3653 1700 3691 ex
1730 3646 1925 3693 senatu
1953 3639 2053 3694 de-

461 3720 701 3791 legendi.
745 3722 863 3776 Hoc
898 3723 1065 3778 etiam
1113 3725 1162 3778 ei
1212 3726 1495 3782 concessit
1534 3727 1859 3797 imperator.
1918 3728 2052 3787 lllus

461 3815 670 3885 itaque,
704 3817 982 3887 adjunctis
1015 3818 1123 3874 sibi
1157 3819 1394 3874 Leontio
1425 3821 1661 3891 patricio
1709 3823 1945 3894 aliisque
1985 3840 2051 3879 ex

460 3909 836 3975 senatoribus,
866 3910 1221 3966 Antiochiam
1244 3913 1492 3982 Magnam
1514 3916 1797 3970 contendit
1827 3933 1840 3968 :
1868 3916 1956 3970 ubi
1984 3915 2053 3970 ad

461 4008 679 4071 tempus
732 4002 1464 4072 exiguum-commoratus,
1509 4005 1794 4075 multaque
1834 4007 2054 4062 civibus

463 4094 719 4164 largitus,
753 4093 883 4150 inde
910 4095 967 4149 in
1003 4094 1270 4151 lsauriam
1309 4096 1463 4153 ducit
1489 4098 1615 4153 iter.
1650 4098 1752 4153 Ubi
1787 4096 2050 4154 Verinam

351 4182 358 4190 ’
461 4187 769 4257 Augustam
794 4203 861 4243 ex
901 4198 1089 4243 castro
1131 4188 1397 4254 educens,
1435 4189 1625 4245 statim
1660 4189 1767 4245 hoc
1809 4189 1858 4245 ei
1886 4206 2054 4261 nego-

461 4278 599 4333 tium
617 4277 794 4342 dedit,
838 4278 914 4331 uti
955 4278 1246 4334 Leontium
1282 4280 1575 4350 patricium
1610 4281 1798 4351 (quem
1825 4281 1891 4336 ad
1923 4282 2051 4345 hoc,

463 4379 649 4442 utpote
675 4372 852 4425 virum
887 4371 1147 4440 liberum,
1194 4372 1525 4444 adduxerat)
1557 4372 1876 4430 diademate
1916 4374 2054 4429 insi-

462 4465 664 4533 gniret.
698 4462 857 4528 Quod
889 4472 945 4517 et
993 4462 1201 4519 factum
1229 4473 1337 4525 est,
1372 4465 1438 4517 ad
1464 4464 1728 4534 templum
1767 4463 1832 4517 1).
1878 4463 2049 4527 Petri,

2155 1981 2417 2035 τόπον.⁹0
2467 1978 2748 2044 δὲ’ῐλλοῦς
2795 1979 3113 2049 κουφισθεὶς
3141 1978 3249 2032 ὑπὸ
3292 1978 3407 2031 τῶν
3446 1976 3735 2047 ἀνθρώπων

2157 2072 2322 2126 αὐτοῦ
2366 2071 2650 2142 ἀπηνέχθη
2681 2072 2761 2136 εἰς
2789 2071 2884 2125 τὸν
2915 2072 3045 2126 ίδιον
3071 2066 3246 2124 ἀὐτοῦ
3278 2065 3433 2123 οἶκον
3486 2065 3736 2139 βασταζό-

2160 2182 2341 2237 μενος.
2358 2165 2418 2218 ὐ
2438 2165 2495 2218 δὲ
2517 2166 2702 2235 Ζήνων
2725 2162 2964 2228 ἀκούσας
2989 2162 3322 2234 ἐπωμόσατο
3340 2160 3517 2229 λέγων
3538 2159 3737 2227 ἀγνοεῖν

2154 2257 2254 2329 τὴν
2299 2256 2440 2311 κατὰ
2463 2254 2663 2310 ’ἰλλοῢν
2683 2256 2730 2289 ⁸⁸
2764 2255 3140 2326 κατασκευὴν,
3174 2253 3272 2308 καὶ
3320 2251 3424 2305 οὐκ
3465 2248 3684 2319 ἐπείσθη
3713 2248 3739 2300 6

2169 2349 2398 2413 Ἰλλοῦς,
2442 2347 2579 2403 ἀλλὰ
2629 2346 2770 2420 ἔχων
2818 2348 2917 2419 τὴν
2964 2347 3146 2419 λύπην
3199 2344 3602 2417 περιωδεύετο·
3652 2342 3737 2395 καὶ

2154 2440 2375 2495 κάλλιον
2391 2441 2437 2473 ⁸⁸
2492 2440 2742 2513 ἐσχηκὼς
2790 2439 3004 2510 ἀπῆλθε
3049 2439 3227 2511 πέραν
3255 2480 3271 2504 ,
3326 2435 3645 2508 βουλόμενός
3688 2449 3735 2486 τι

2155 2534 2397 2606 πρᾶξαι·
2449 2535 2529 2598 είς
2574 2534 2782 2588 τέλειον
2824 2534 2881 2588 δὲ
2928 2534 3158 2602 ὑγιάνας
3211 2531 3438 2602 ἔμεινεν
3486 2528 3620 2599 ἔχων
3645 2525 3732 2594 τῆς

2156 2625 2374 2695 πληγῆς
2400 2624 2500 2697 τὴν
2525 2624 2775 2695 ὠτειλήν.
2805 2625 2916 2679 Καὶ
2942 2622 3200 2677 εἰσελθὼν
3231 2622 3375 2692 πρὸς
3404 2619 3496 2673 τὸν
3531 2614 3731 2689 βασιλέα

2157 2718 2386 2789 Ζήνωνα
2406 2716 2615 2789 ᾔτησεν
2648 2716 2811 2770 αὐτὸν
2841 2717 2933 2770 ἐπὶ
2963 2716 3064 2786 τὴν
3086 2713 3387 2785 Ἀνατολὴν
3412 2710 3728 2780 ἀπολυθῆναι

2155 2809 2293 2876 πρὸς
2326 2810 2507 2879 ὀλίγον
2532 2810 2726 2882 χρόνον
2753 2809 2841 2863 διὰ
2872 2809 2933 2863 τδ
2968 2809 3096 2872 τοὺς
3130 2808 3329 2879 ἀέρας,
3363 2805 3551 2876 φησιν,
3583 2802 3730 2857 ἀλλά-

2156 2902 2265 2968 ξαι,
2297 2902 2487 2975 ἐπειδὴ
2516 2902 2737 2973 ἠσθένει
2769 2902 2877 2956 άπὸ
2907 2902 3009 2972 τῆς
3039 2900 3286 2970 πληγῆς.
3305 2901 3364 2953 ὐ
3401 2898 3459 2951 δὲ
3502 2894 3729 2968 βασιλεὺς

2156 2994 2340 3064 Ζήνων
2386 2992 2631 3057 πεισθεὶς
2674 2992 2948 3059 διεδέξατο
2983 2992 3149 3046 αὐτὸν
3197 2993 3271 3045 ὲκ
3319 2990 3421 3060 τῆς
3454 2991 3621 3061 ἀρχῆς
3645 2985 3727 3040 τοῦ

2159 3087 2464 3157 μαγίστρου
2497 3087 2590 3139 καὶ
2619 3085 2877 3156 ἐποίησεν
2922 3085 3083 3139 αὑτὸν
3123 3084 3509 3156 στρατηλάτην
3531 3083 3727 3136 ’Δνατο-

2156 3178 2278 3248 λῆς,
2314 3179 2435 3242 δοὺς
2466 3178 2616 3249 αὐτῷ
2652 3180 2834 3231 πᾶσαν
2880 3177 3154 3243 ἐξουσίαν.
3193 3178 3313 3231 Καὶ
3352 3175 3513 3239 αὐτὸς
3549 3173 3603 3227 δὲ
3637 3171 3726 3224 Ἰλ-

2153 3267 2277 3331 λοΰς
2307 3268 2510 3339 ᾔτησεν
2549 3267 2714 3321 αὐτὸν
2754 3267 2943 3322 λαϐεῖν
2990 3267 3109 3337 μεθ’
3133 3265 3338 3320 ἑαυτοῦ
3391 3265 3528 3336 πρὸς
3580 3262 3724 3331 θερα-

2152 3360 2312 3414 πείαν
2345 3359 2496 3433 [101]
2541 3361 2642 3431 τῆς
2672 3360 2994 3429 Αὑγούστας
3030 3359 3123 3413 τὸν
3164 3359 3461 3431 πατρίκιον
3505 3355 3726 3410 Λεόντιον

2150 3452 2244 3506 τὸν
2273 3452 2567 3522 Παυλίνης,
2599 3454 2680 3517 εἰς
2711 3453 2775 3506 τὸ
2803 3450 2989 3507 δοῦναι
3017 3452 3168 3523 αὐτῷ
3196 3454 3304 3523 τὴν
3330 3452 3606 3505 δέσποιναν
3633 3447 3726 3515 Βη-

2154 3550 2306 3619 ρῖναν
2355 3546 2452 3617 τὴν
2504 3546 2717 3617 μητέρα
2761 3545 2863 3617 τῆς
2912 3545 3235 3617 βασιλίσσης
3285 3545 3603 3617 ’Λριάδνης.
3651 3539 3728 3592 ἵνα

2153 3636 2405 3709 ἁναγάγῃ
2437 3637 2609 3706 αὐτὴν
2638 3638 2695 3689 ὲν
2725 3635 3552 3707 Κωνσταντινουπόλει.ᾝτησε
3577 3629 3631 3684 δὲ
3651 3627 3727 3680 τὸν

2154 3729 2379 3800 βασιλέα
2407 3733 2435 3783 6
2470 3729 2632 3793 αὐτὸς
2658 3729 2859 3792 Ἰλλοῦς
2885 3728 3077 3784 λαϐεῖν
3103 3730 3199 3782 καὶ
3226 3729 3427 3790 ἄλλους
3455 3724 3727 3794 συγκλητι-

2151 3821 2282 3884 κοὺς
2319 3819 2454 3891 πρὸς
2486 3819 2623 3874 ἰδίαν
2658 3820 2932 3893 ὑπόληψιν
2955 3838 2967 3851 ·
3001 3822 3096 3876 καὶ
3125 3823 3406 3892 παρέσχεν
3441 3816 3603 3885 αὐτῷ.
3630 3812 3727 3867 Καὶ
3788 3857 3793 3861 .

2152 3912 2423 3981 κατῆλθεν
2457 3914 2485 3965 ὁ
2519 3914 2809 3985 πατρίκιος
2832 3912 3034 3977 Ἰλλοῦς
3064 3913 3161 3985 (1),
3194 3911 3380 3966 λαϐὼν
3417 3909 3532 3982 μεθ’
3551 3901 3724 3960 ἑαυτοῦ

2150 4005 2244 4059 τὸν
2292 4005 2581 4076 πατρίκιον
2631 4007 2886 4060 Λεόντιον
2928 4007 3024 4060 καὶ
3065 4007 3196 4069 τοὺς
3228 4006 3425 4068 ἄλλους
3458 3999 3725 4069 συγκλητι-

2153 4097 2316 4161 κούς’
2349 4098 2446 4151 καὶ
2477 4097 2746 4167 κατῆλθεν
2778 4099 2836 4151 ὲν
2855 4098 3164 4170 Ἀντιοχείᾳ
3188 4101 3255 4167 τῇ
3286 4094 3542 4166 Μεγάλῃ,
3586 4088 3727 4156 ποιή·

2155 4204 2254 4251 σας
2283 4185 2462 4255 ὀλίγον
2495 4188 2706 4257 χρόνον,
2743 4188 3110 4259 χαρισάμενος
3156 4188 3345 4249 αὐτοῖς
3385 4182 3603 4239 πολλά⁵¹
3647 4174 3724 4241 ἐξα

2153 4277 2317 4349 ἦλθεν
2352 4278 2448 4331 ἐπὶ
2491 4280 2591 4349 τὴν
2625 4278 2907 4351 Ἰσαυρίαν
2931 4294 2947 4311 ο
2987 4280 3084 4334 καὶ
3137 4276 3471 4346 καταγαγὼν
3517 4271 3610 4343 τὴν
3652 4266 3724 4321 δέ·

2155 4386 2384 4423 σποιναν
2412 4368 2651 4439 Βηρῖναν
2678 4370 2788 4424 ἀπὸ
2815 4370 2911 4423 τοῦ
2940 4370 3267 4424 καστελλίου
3298 4367 3549 4438 εποίησεν
3573 4358 3724 4427 αὐτὴν

2155 4460 2350 4530 στέψαι
2375 4460 2601 4531 βασιλέα
2631 4463 2711 4525 εἰς
2725 4461 2820 4515 τὸν
2840 4461 2946 4531 Ἀγ
2956 4480 3035 4516 ιον
3053 4461 3265 4531 Πέτρον
3293 4460 3397 4525 ἔξω
3421 4458 3516 4528 τῆς
3536 4452 3723 4510 πόλεως

465 4561 621 4606 extra
655 4551 892 4607 Tarsum
922 4551 1129 4608 Ciliciae
1165 4554 1357 4607 situm.
1383 4552 1531 4619 Quin
1565 4562 1620 4607 et
1666 4550 1897 4619 Verina,
1928 4552 2048 4607 edi-

2159 4553 2377 4623 Ταρσοῦ
2402 4553 2501 4624 τῆς
2524 4553 2781 4617 Κιλικίας
2810 4554 2902 4608 τὸν
2933 4554 3227 4626 πατρίκιον
3256 4553 3520 4616 Λεόντιον,
3550 4544 3720 4638 πείσας

466 4643 575 4697 ctis
608 4643 980 4712 imperatoriis
1026 4644 1318 4714 sacrisque
1373 4644 1578 4713 ubique
1612 4657 1710 4712 per
1754 4642 2048 4712 imperium

2163 4646 2328 4699 αὐτὸν
2359 4646 2681 4717 στεφθῆναι,
2710 4646 2840 4700 ὅντα
2869 4645 3043 4718 ἄνδρα
3082 4645 3392 4717 ἐλεύθερον.
3418 4640 3525 4695 Καὶ
3551 4630 3720 4700 ἐποίη-

466 4733 707 4798 emissis,
731 4748 760 4786 a
778 4731 1057 4801 praefectis
1075 4734 1328 4804 undique
1346 4744 1402 4788 et
1431 4733 1703 4787 militibus
1728 4732 2051 4802 postulavit,

468 4824 550 4879 uti
582 4825 720 4878 nihil
746 4825 916 4896 389
948 4825 1292 4893 obnitentes,
1328 4825 1618 4880 Leontium
1660 4827 2053 4895 imperatorem

469 4931 630 4972 suum
659 4924 1044 4989 agnoscerent.
1076 4915 1184 4973 Sed
1211 4926 1267 4973 et
1292 4932 1505 4973 sacram
1542 4912 1709 4973 etiam
1734 4917 2051 4988 quamdam,

2164 4755 2256 4791 σεν
2282 4740 2315 4808 ἡ
2344 4739 2483 4811 αὐτὴ
2511 4738 2719 4809 Βηρῖνα
2765 4737 2919 4803 θείας
2964 4739 3245 4802 κελεύσεις
3291 4734 3431 4790 κατὰ
3461 4730 3605 4784 πόλιν
3638 4722 3721 4830 καὶ

2166 4830 2379 4901 σάκρας
2410 4831 2548 4903 πρὸς
2574 4830 2702 4893 τοὺς
2731 4831 3000 4903 ἄρχοντας
3027 4831 3122 4884 καὶ
3166 4829 3302 4900 πρὸς
3324 4826 3446 4889 τοὺς
3474 4826 3720 4891 στρατιω-

2164 4940 2262 4987 τας
2289 4922 2430 4977 ὥστε
2460 4922 2719 4989 δέξασθαι
2744 4924 2908 4979 αὐτὸν
2940 4925 3037 4979 καὶ
3071 4921 3147 4995 μὴ
3180 4913 3563 4987 ἐναντιωθῆναί
3591 4923 3717 4969 τινα,

1879 5095 2117 5151 νΑῐιιλΕ
2162 5095 2567 5153 LECTIO‘NES.

540 5192 588 5225 "
617 5192 786 5264 αὐτῷ.
823 5195 986 5249 αὐτὸν
1011 5195 1115 5251 Clt.
1214 5197 1259 5229 ⁵ο
1297 5193 1522 5248 ’1λλοῦν.
1552 5193 1708 5249 Fort.
1744 5194 1937 5248 ³1λλοῦ.

472 5264 664 5319 πολλά.
702 5283 721 5317 ι
759 5266 857 5320 καὶ
880 5266 965 5323 vel
991 5267 1049 5320 δὲ
1078 5266 1284 5323 alicubi
1315 5266 1621 5322 desiderari
1649 5267 1892 5321 videtur.
1934 5284 1953 5317 ι

2047 5197 2091 5227 ⁸¹
2116 5195 2339 5250 κάλλιον
2366 5196 2493 5260 (Ἄπη
2541 5195 2779 5249 καλλίων
2812 5197 2914 5250 Ox.

3032 5195 3079 5227 δ’
3135 5192 3497 5265 χαρισάμενος
3553 5177 3715 5237 αὐτοῖς

1707 5404 1816 5459 ΕΙ).
1860 5400 2243 5460 CHILMEADI
2287 5401 2531 5459 NOTAE.

543 5502 1019 5575 (98)"Expopasv
1057 5501 1208 5571 αὐτῷ
1262 5506 1290 5556 ό
1347 5504 1698 5575 προτραπεὶς
1748 5505 2054 5575 σχολάριος.

474 5573 603 5643 ch.
635 5573 822 5627 αὐτόν.
861 5573 1170 5627 Scholarios
1210 5588 1362 5636 vero,
1399 5573 1516 5630 sive
1553 5573 1820 5628 scholarés
1878 5577 2059 5630 dictos

476 5646 651 5699 fuisse
674 5644 906 5697 militum
933 5644 1245 5714 manipulos
1273 5644 1564 5714 quosdam,
1589 5647 1654 5699 ad
1706 5646 2058 5714 imperatoris

474 5724 532 5769 et
561 5714 746 5787 palatii
786 5714 1097 5787 custodiam
1137 5715 1468 5782 destinatos,
1506 5731 1613 5771 non
1651 5725 1757 5776 est,
1795 5724 1918 5787 post
1945 5724 2056 5770 tam

478 5786 683 5839 multas
708 5784 996 5839 doctorum
1028 5785 1274 5841 virorum
1308 5788 1374 5843 de
1401 5788 1500 5842 hac
1537 5803 1594 5843 re
1619 5784 2056 5850 observationes,

480 5853 628 5923 quod
660 5870 760 5923 ego
791 5855 880 5910 hic
909 5872 1211 5913 monerem.

2235 5502 2350 5585 (99)
2396 5503 2454 5585 ὀ
2487 5502 2794 5585 σπαθὰριος
2814 5502 2909 5555 τοῦ
2955 5482 3704 5585 151105.Eudemelaﬂgﬁfrv

2162 5552 2376 5645 ερὰὶᾗά,
2411 5552 2729 5645 etaiam;
2741 5552 2756 5555 ἡ
2771 5552 2867 5628 ἔδει
2888 5552 2902 5626 Ξ
2962 5552 3107 5626 {una
3125 5552 3449 5645 ἑςτὶάθάρὶὸςρ
3501 5552 3705 5645 sasifo

2163 5634 2377 5714 satelles
2420 5659 2437 5697 :
2487 5643 2694 5714 ubique
2744 5645 2991 5698 occurrit
3042 5644 3187 5714 apud
3242 5634 3559 5701 recentiores
3605 5634 3704 5674 IIIIII

2162 5713 2405 5777 Graecos,
2440 5724 2553 5767 tum
2592 5713 2841 5769 Latinos.
3083 5713 3088 5714 7
3364 5775 3385 5777 __
3492 5766 3537 5777 ,,
3575 5763 3601 5777 ..

2890 5783 3178 5856 πατρίκιος
3230 5775 3437 5839 Ίλλοῦς.
3491 5763 3701 5824 Mallem.

2166 5855 2257 5907 καὶ
2288 5855 2553 5926 ἀπῆλθεν.
