  <div class='ocr_page' id='page_1' title='image "/cluster/home/n/w/nwhite01/storage/ocr_20150623/97/coo.31924054870013/313.png"; bbox 0 0 3894 6434; ppageno 0'>
   <div class='ocr_carea' id='block_1_1' title="bbox 477 358 656 425">
    <p class='ocr_par' dir='ltr' id='par_1_1' title="bbox 477 358 656 425">
     <span class='ocr_line' id='line_1_1' title="bbox 477 358 656 425; baseline -0.056 0"><span class='ocrx_word' id='word_1_1' title='bbox 477 358 587 425; x_wconf 65' lang='grc' dir='ltr'><strong>ιδπ</strong></span> <span class='ocrx_word' id='word_1_2' title='bbox 653 412 656 415; x_wconf 34' lang='grc' dir='ltr'>λ</span> 
     </span>
    </p>
   </div>
   <div class='ocr_carea' id='block_1_2' title="bbox 556 461 2145 536">
    <p class='ocr_par' dir='ltr' id='par_1_2' title="bbox 556 461 2145 536">
     <span class='ocr_line' id='line_1_2' title="bbox 556 461 2145 536; baseline -0.005 -13"><span class='ocrx_word' id='word_1_3' title='bbox 556 467 943 524; x_wconf 83' lang='lat' dir='ltr'><strong>Divinissimus</strong></span> <span class='ocrx_word' id='word_1_4' title='bbox 990 472 1171 521; x_wconf 89' lang='lat' dir='ltr'><strong>autem</strong></span> <span class='ocrx_word' id='word_1_5' title='bbox 1226 464 1531 536; x_wconf 74' lang='lat' dir='ltr'><strong>imperator</strong></span> <span class='ocrx_word' id='word_1_6' title='bbox 1573 463 1906 519; x_wconf 81' lang='lat' dir='ltr'><strong>Anastasius</strong></span> <span class='ocrx_word' id='word_1_7' title='bbox 1965 461 2068 516; x_wconf 85' lang='lat' dir='ltr'><strong>tri-</strong></span> <span class='ocrx_word' id='word_1_8' title='bbox 2099 469 2145 524; x_wconf 81' lang='grc' dir='ltr'><strong>Α</strong></span> 
     </span>
    </p>
   </div>
   <div class='ocr_carea' id='block_1_3' title="bbox 486 549 2066 629">
    <p class='ocr_par' dir='ltr' id='par_1_3' title="bbox 486 549 2066 629">
     <span class='ocr_line' id='line_1_3' title="bbox 486 549 2066 629; baseline -0.006 -14"><span class='ocrx_word' id='word_1_9' title='bbox 486 560 679 616; x_wconf 80' lang='lat' dir='ltr'><strong>butum</strong></span> <span class='ocrx_word' id='word_1_10' title='bbox 710 574 939 614; x_wconf 80' lang='lat' dir='ltr'><strong>aureum</strong></span> <span class='ocrx_word' id='word_1_11' title='bbox 962 597 977 624; x_wconf 93' lang='lat'><strong>,</strong></span> <span class='ocrx_word' id='word_1_12' title='bbox 1015 549 1115 628; x_wconf 71' lang='lat' dir='ltr'><strong>pro</strong></span> <span class='ocrx_word' id='word_1_13' title='bbox 1150 557 1386 629; x_wconf 83' lang='lat' dir='ltr'><strong>singulis</strong></span> <span class='ocrx_word' id='word_1_14' title='bbox 1426 557 1577 628; x_wconf 78' lang='lat' dir='ltr'><strong>jugis</strong></span> <span class='ocrx_word' id='word_1_15' title='bbox 1612 572 1710 626; x_wconf 88' lang='lat' dir='ltr'><strong>per</strong></span> <span class='ocrx_word' id='word_1_16' title='bbox 1750 556 2066 625; x_wconf 81' lang='lat' dir='ltr'><strong>imperium,</strong></span> 
     </span>
    </p>
   </div>
   <div class='ocr_carea' id='block_1_4' title="bbox 484 647 2067 722">
    <p class='ocr_par' dir='ltr' id='par_1_4' title="bbox 484 647 2067 722">
     <span class='ocr_line' id='line_1_4' title="bbox 484 647 2067 722; baseline -0.003 -15"><span class='ocrx_word' id='word_1_17' title='bbox 484 652 830 722; x_wconf 88' lang='lat' dir='ltr'><strong>pendendum</strong></span> <span class='ocrx_word' id='word_1_18' title='bbox 881 651 1156 706; x_wconf 91' lang='lat' dir='ltr'><strong>instituit:</strong></span> <span class='ocrx_word' id='word_1_19' title='bbox 1196 666 1266 705; x_wconf 90' lang='lat' dir='ltr'><strong>ne</strong></span> <span class='ocrx_word' id='word_1_20' title='bbox 1315 650 1531 706; x_wconf 87' lang='lat' dir='ltr'><strong>scilicet</strong></span> <span class='ocrx_word' id='word_1_21' title='bbox 1561 650 1632 704; x_wconf 90' lang='lat' dir='ltr'><strong>ab</strong></span> <span class='ocrx_word' id='word_1_22' title='bbox 1672 647 2067 710; x_wconf 75' lang='lat' dir='ltr'><strong>exactoribus,</strong></span> 
     </span>
    </p>
   </div>
   <div class='ocr_carea' id='block_1_5' title="bbox 485 737 2068 813">
    <p class='ocr_par' dir='ltr' id='par_1_5' title="bbox 485 737 2068 813">
     <span class='ocr_line' id='line_1_5' title="bbox 485 737 2068 813; baseline -0.004 -16"><span class='ocrx_word' id='word_1_23' title='bbox 485 744 542 797; x_wconf 91' lang='lat' dir='ltr'><strong>in</strong></span> <span class='ocrx_word' id='word_1_24' title='bbox 577 743 781 813; x_wconf 86' lang='lat' dir='ltr'><strong>specie,</strong></span> <span class='ocrx_word' id='word_1_25' title='bbox 836 741 1107 797; x_wconf 84' lang='lat' dir='ltr'><strong>militibus</strong></span> <span class='ocrx_word' id='word_1_26' title='bbox 1173 742 1230 796; x_wconf 92' lang='lat' dir='ltr'><strong>in</strong></span> <span class='ocrx_word' id='word_1_27' title='bbox 1272 742 1475 797; x_wconf 90' lang='lat' dir='ltr'><strong>victum</strong></span> <span class='ocrx_word' id='word_1_28' title='bbox 1534 739 1874 812; x_wconf 83' lang='lat' dir='ltr'><strong>erogandum</strong></span> <span class='ocrx_word' id='word_1_29' title='bbox 1909 737 2068 794; x_wconf 86' lang='lat' dir='ltr'><strong>colli-</strong></span> 
     </span>
    </p>
   </div>
   <div class='ocr_carea' id='block_1_6' title="bbox 481 839 721 903">
    <p class='ocr_par' dir='ltr' id='par_1_6' title="bbox 481 839 721 903">
     <span class='ocr_line' id='line_1_6' title="bbox 481 839 721 903; baseline 0.013 -18"><span class='ocrx_word' id='word_1_30' title='bbox 481 839 721 903; x_wconf 72' lang='lat' dir='ltr'><strong>geretur.</strong></span> 
     </span>
    </p>
   </div>
   <div class='ocr_carea' id='block_1_7' title="bbox 553 920 2068 994">
    <p class='ocr_par' dir='ltr' id='par_1_7' title="bbox 553 920 2068 994">
     <span class='ocr_line' id='line_1_7' title="bbox 553 920 2068 994; baseline -0.001 -17"><span class='ocrx_word' id='word_1_31' title='bbox 553 923 756 978; x_wconf 87' lang='lat' dir='ltr'><strong>Eodem</strong></span> <span class='ocrx_word' id='word_1_32' title='bbox 817 924 1161 994; x_wconf 84' lang='lat' dir='ltr'><strong>imperante,</strong></span> <span class='ocrx_word' id='word_1_33' title='bbox 1227 924 1320 994; x_wconf 88' lang='lat' dir='ltr'><strong>qui</strong></span> <span class='ocrx_word' id='word_1_34' title='bbox 1375 939 1441 980; x_wconf 76' lang='lat' dir='ltr'><strong>ex</strong></span> <span class='ocrx_word' id='word_1_35' title='bbox 1484 922 1739 978; x_wconf 86' lang='lat' dir='ltr'><strong>Prasinis</strong></span> <span class='ocrx_word' id='word_1_36' title='bbox 1799 928 1963 977; x_wconf 85' lang='lat' dir='ltr'><strong>erant</strong></span> <span class='ocrx_word' id='word_1_37' title='bbox 2009 920 2068 976; x_wconf 91' lang='lat' dir='ltr'><strong>in</strong></span> 
     </span>
    </p>
   </div>
   <div class='ocr_carea' id='block_1_8' title="bbox 377 1012 2067 1093">
    <p class='ocr_par' dir='ltr' id='par_1_8' title="bbox 377 1012 2067 1093">
     <span class='ocr_line' id='line_1_8' title="bbox 377 1012 2067 1093; baseline -0.001 -26"><span class='ocrx_word' id='word_1_38' title='bbox 377 1084 385 1093; x_wconf 85' lang='lat'>_</span> <span class='ocrx_word' id='word_1_39' title='bbox 481 1015 683 1083; x_wconf 85' lang='lat' dir='ltr'><strong>populo</strong></span> <span class='ocrx_word' id='word_1_40' title='bbox 733 1012 1397 1083; x_wconf 85' lang='lat' dir='ltr'><strong>Constantinopolitano,</strong></span> <span class='ocrx_word' id='word_1_41' title='bbox 1452 1013 1636 1083; x_wconf 90' lang='lat' dir='ltr'><strong>ipsum</strong></span> <span class='ocrx_word' id='word_1_42' title='bbox 1674 1012 1820 1066; x_wconf 85' lang='lat' dir='ltr'><strong>inter</strong></span> <span class='ocrx_word' id='word_1_43' title='bbox 1843 1012 2067 1066; x_wconf 89' lang='lat' dir='ltr'><strong>circen-</strong></span> 
     </span>
    </p>
   </div>
   <div class='ocr_carea' id='block_1_9' title="bbox 478 1105 2066 1177">
    <p class='ocr_par' dir='ltr' id='par_1_9' title="bbox 478 1105 2066 1177">
     <span class='ocr_line' id='line_1_9' title="bbox 478 1105 2066 1177; baseline -0.001 -18"><span class='ocrx_word' id='word_1_44' title='bbox 478 1106 558 1161; x_wconf 80' lang='lat' dir='ltr'><strong>sia</strong></span> <span class='ocrx_word' id='word_1_45' title='bbox 583 1115 880 1177; x_wconf 79' lang='lat' dir='ltr'><strong>rogarunt,</strong></span> <span class='ocrx_word' id='word_1_46' title='bbox 935 1106 1017 1161; x_wconf 89' lang='lat' dir='ltr'><strong>uti</strong></span> <span class='ocrx_word' id='word_1_47' title='bbox 1049 1106 1144 1177; x_wconf 92' lang='lat' dir='ltr'><strong>qui</strong></span> <span class='ocrx_word' id='word_1_48' title='bbox 1189 1106 1261 1161; x_wconf 90' lang='lat' dir='ltr'><strong>ob</strong></span> <span class='ocrx_word' id='word_1_49' title='bbox 1306 1107 1517 1176; x_wconf 84' lang='lat' dir='ltr'><strong>lapides</strong></span> <span class='ocrx_word' id='word_1_50' title='bbox 1568 1106 1623 1160; x_wconf 89' lang='lat' dir='ltr'><strong>in</strong></span> <span class='ocrx_word' id='word_1_51' title='bbox 1650 1106 1801 1161; x_wconf 85' lang='lat' dir='ltr'><strong>circo</strong></span> <span class='ocrx_word' id='word_1_52' title='bbox 1822 1105 2005 1175; x_wconf 81' lang='lat' dir='ltr'><strong>jactos</strong></span> <span class='ocrx_word' id='word_1_53' title='bbox 2034 1119 2066 1158; x_wconf 90' lang='lat' dir='ltr'><strong>a</strong></span> 
     </span>
    </p>
   </div>
   <div class='ocr_carea' id='block_1_10' title="bbox 481 1195 2068 1268">
    <p class='ocr_par' dir='ltr' id='par_1_10' title="bbox 481 1195 2068 1268">
     <span class='ocr_line' id='line_1_10' title="bbox 481 1195 2068 1268; baseline -0.001 -16"><span class='ocrx_word' id='word_1_54' title='bbox 481 1197 739 1267; x_wconf 67' lang='lat' dir='ltr'><strong>praefecto</strong></span> <span class='ocrx_word' id='word_1_55' title='bbox 832 1197 985 1253; x_wconf 85' lang='lat' dir='ltr'><strong>urbis</strong></span> <span class='ocrx_word' id='word_1_56' title='bbox 1060 1198 1450 1268; x_wconf 75' lang='lat' dir='ltr'><strong>comprehensi</strong></span> <span class='ocrx_word' id='word_1_57' title='bbox 1514 1198 1770 1263; x_wconf 77' lang='lat' dir='ltr'><strong>fuerant,</strong></span> <span class='ocrx_word' id='word_1_58' title='bbox 1828 1195 2068 1251; x_wconf 85' lang='lat' dir='ltr'><strong>vinculis</strong></span> 
     </span>
    </p>
   </div>
   <div class='ocr_carea' id='block_1_11' title="bbox 479 1289 2069 1360">
    <p class='ocr_par' dir='ltr' id='par_1_11' title="bbox 479 1289 2069 1360">
     <span class='ocr_line' id='line_1_11' title="bbox 479 1289 2069 1360; baseline 0.001 -19"><span class='ocrx_word' id='word_1_59' title='bbox 479 1290 876 1345; x_wconf 87' lang='lat' dir='ltr'><strong>liberarentur.</strong></span> <span class='ocrx_word' id='word_1_60' title='bbox 928 1290 1253 1360; x_wconf 89' lang='lat' dir='ltr'><strong>Imperator,</strong></span> <span class='ocrx_word' id='word_1_61' title='bbox 1296 1291 1442 1345; x_wconf 91' lang='lat' dir='ltr'><strong>votis</strong></span> <span class='ocrx_word' id='word_1_62' title='bbox 1495 1305 1689 1345; x_wconf 92' lang='lat' dir='ltr'><strong>eorum</strong></span> <span class='ocrx_word' id='word_1_63' title='bbox 1754 1289 1900 1344; x_wconf 85' lang='lat' dir='ltr'><strong>haud</strong></span> <span class='ocrx_word' id='word_1_64' title='bbox 1966 1304 2069 1343; x_wconf 87' lang='lat' dir='ltr'><strong>an-</strong></span> 
     </span>
    </p>
   </div>
   <div class='ocr_carea' id='block_1_12' title="bbox 481 1380 2067 1451">
    <p class='ocr_par' dir='ltr' id='par_1_12' title="bbox 481 1380 2067 1451">
     <span class='ocr_line' id='line_1_12' title="bbox 481 1380 2067 1451; baseline 0.002 -18"><span class='ocrx_word' id='word_1_65' title='bbox 481 1396 688 1444; x_wconf 89' lang='lat' dir='ltr'><strong>nuens,</strong></span> <span class='ocrx_word' id='word_1_66' title='bbox 715 1383 885 1435; x_wconf 80' lang='lat' dir='ltr'><strong>etiam</strong></span> <span class='ocrx_word' id='word_1_67' title='bbox 925 1383 1009 1437; x_wconf 91' lang='lat' dir='ltr'><strong>eis</strong></span> <span class='ocrx_word' id='word_1_68' title='bbox 1065 1382 1437 1448; x_wconf 84' lang='lat' dir='ltr'><strong>irascebatur;</strong></span> <span class='ocrx_word' id='word_1_69' title='bbox 1467 1380 1749 1451; x_wconf 85' lang='lat' dir='ltr'><strong>jussitque</strong></span> <span class='ocrx_word' id='word_1_70' title='bbox 1797 1381 1875 1435; x_wconf 90' lang='lat' dir='ltr'><strong>uti</strong></span> <span class='ocrx_word' id='word_1_71' title='bbox 1908 1380 2067 1436; x_wconf 87' lang='lat' dir='ltr'><strong>miles</strong></span> 
     </span>
    </p>
   </div>
   <div class='ocr_carea' id='block_1_13' title="bbox 476 1470 2066 1541">
    <p class='ocr_par' dir='ltr' id='par_1_13' title="bbox 476 1470 2066 1541">
     <span class='ocr_line' id='line_1_13' title="bbox 476 1470 2066 1541; baseline 0.001 -17"><span class='ocrx_word' id='word_1_72' title='bbox 476 1485 575 1525; x_wconf 86' lang='lat' dir='ltr'><strong>eos</strong></span> <span class='ocrx_word' id='word_1_73' title='bbox 633 1470 972 1527; x_wconf 86' lang='lat' dir='ltr'><strong>adoriretur.</strong></span> <span class='ocrx_word' id='word_1_74' title='bbox 1030 1470 1271 1527; x_wconf 87' lang='lat' dir='ltr'><strong>Coortus</strong></span> <span class='ocrx_word' id='word_1_75' title='bbox 1323 1471 1450 1526; x_wconf 90' lang='lat' dir='ltr'><strong>inde</strong></span> <span class='ocrx_word' id='word_1_76' title='bbox 1497 1472 1693 1541; x_wconf 85' lang='lat' dir='ltr'><strong>ingens</strong></span> <span class='ocrx_word' id='word_1_77' title='bbox 1746 1471 1801 1524; x_wconf 92' lang='lat' dir='ltr'><strong>in</strong></span> <span class='ocrx_word' id='word_1_78' title='bbox 1862 1471 2066 1541; x_wconf 88' lang='lat' dir='ltr'><strong>populo</strong></span> 
     </span>
    </p>
   </div>
   <div class='ocr_carea' id='block_1_14' title="bbox 478 1564 2065 1633">
    <p class='ocr_par' dir='ltr' id='par_1_14' title="bbox 478 1564 2065 1633">
     <span class='ocr_line' id='line_1_14' title="bbox 478 1564 2065 1633; baseline 0.001 -17"><span class='ocrx_word' id='word_1_79' title='bbox 478 1564 786 1631; x_wconf 84' lang='lat' dir='ltr'><strong>tumultus;</strong></span> <span class='ocrx_word' id='word_1_80' title='bbox 825 1564 1099 1633; x_wconf 89' lang='lat' dir='ltr'><strong>turbaque</strong></span> <span class='ocrx_word' id='word_1_81' title='bbox 1145 1565 1409 1618; x_wconf 90' lang='lat' dir='ltr'><strong>adversus</strong></span> <span class='ocrx_word' id='word_1_82' title='bbox 1449 1565 1804 1620; x_wconf 79' lang='lat' dir='ltr'><strong>excubitores</strong></span> <span class='ocrx_word' id='word_1_83' title='bbox 1830 1564 2065 1619; x_wconf 89' lang='lat' dir='ltr'><strong>descen-</strong></span> 
     </span>
    </p>
   </div>
   <div class='ocr_carea' id='block_1_15' title="bbox 477 1655 2063 1726">
    <p class='ocr_par' dir='ltr' id='par_1_15' title="bbox 477 1655 2063 1726">
     <span class='ocr_line' id='line_1_15' title="bbox 477 1655 2063 1726; baseline 0.004 -22"><span class='ocrx_word' id='word_1_84' title='bbox 477 1656 671 1718; x_wconf 80' lang='lat' dir='ltr'><strong>dente,</strong></span> <span class='ocrx_word' id='word_1_85' title='bbox 727 1656 822 1709; x_wconf 88' lang='lat' dir='ltr'><strong>ubi</strong></span> <span class='ocrx_word' id='word_1_86' title='bbox 881 1656 948 1710; x_wconf 90' lang='lat' dir='ltr'><strong>ad</strong></span> <span class='ocrx_word' id='word_1_87' title='bbox 1011 1655 1194 1710; x_wconf 88' lang='lat' dir='ltr'><strong>sedem</strong></span> <span class='ocrx_word' id='word_1_88' title='bbox 1259 1656 1671 1726; x_wconf 89' lang='lat' dir='ltr'><strong>imperatoriam</strong></span> <span class='ocrx_word' id='word_1_89' title='bbox 1733 1666 2063 1726; x_wconf 82' lang='lat' dir='ltr'><strong>perventum</strong></span> 
     </span>
    </p>
   </div>
   <div class='ocr_carea' id='block_1_16' title="bbox 478 1746 2061 1819">
    <p class='ocr_par' dir='ltr' id='par_1_16' title="bbox 478 1746 2061 1819">
     <span class='ocr_line' id='line_1_16' title="bbox 478 1746 2061 1819; baseline 0.002 -18"><span class='ocrx_word' id='word_1_90' title='bbox 478 1746 701 1811; x_wconf 79' lang='lat' dir='ltr'><strong>fuisset,</strong></span> <span class='ocrx_word' id='word_1_91' title='bbox 735 1748 791 1802; x_wconf 91' lang='lat' dir='ltr'><strong>in</strong></span> <span class='ocrx_word' id='word_1_92' title='bbox 825 1748 1216 1819; x_wconf 87' lang='lat' dir='ltr'><strong>imperatorem</strong></span> <span class='ocrx_word' id='word_1_93' title='bbox 1246 1748 1425 1817; x_wconf 91' lang='lat' dir='ltr'><strong>ipsum</strong></span> <span class='ocrx_word' id='word_1_94' title='bbox 1459 1748 1600 1818; x_wconf 90' lang='lat' dir='ltr'><strong>lapis</strong></span> <span class='ocrx_word' id='word_1_95' title='bbox 1629 1749 1918 1805; x_wconf 89' lang='lat' dir='ltr'><strong>immissus</strong></span> <span class='ocrx_word' id='word_1_96' title='bbox 1954 1758 2061 1806; x_wconf 83' lang='lat' dir='ltr'><strong>est.</strong></span> 
     </span>
    </p>
   </div>
   <div class='ocr_carea' id='block_1_17' title="bbox 1791 353 2478 416">
    <p class='ocr_par' dir='ltr' id='par_1_17' title="bbox 1791 353 2478 416">
     <span class='ocr_line' id='line_1_17' title="bbox 1791 353 2478 416; baseline -0.004 0"><span class='ocrx_word' id='word_1_97' title='bbox 1791 353 2112 416; x_wconf 80' lang='lat' dir='ltr'><strong>JOANNIS</strong></span> <span class='ocrx_word' id='word_1_98' title='bbox 2151 354 2478 413; x_wconf 62' lang='lat' dir='ltr'><strong>MALALzE</strong></span> 
     </span>
    </p>
   </div>
   <div class='ocr_carea' id='block_1_18' title="bbox 2258 457 3748 538">
    <p class='ocr_par' dir='ltr' id='par_1_18' title="bbox 2258 457 3748 538">
     <span class='ocr_line' id='line_1_18' title="bbox 2258 457 3748 538; baseline 0.003 -25"><span class='ocrx_word' id='word_1_99' title='bbox 2258 462 2316 513; x_wconf 85' lang='grc' dir='ltr'><strong>Ὀ</strong></span> <span class='ocrx_word' id='word_1_100' title='bbox 2344 460 2399 514; x_wconf 85' lang='grc' dir='ltr'><strong>δὲ</strong></span> <span class='ocrx_word' id='word_1_101' title='bbox 2422 457 2574 531; x_wconf 79' lang='grc'><strong>[108]</strong></span> <span class='ocrx_word' id='word_1_102' title='bbox 2601 459 2893 522; x_wconf 78' lang='grc' dir='ltr'><strong>,θειότατος</strong></span> <span class='ocrx_word' id='word_1_103' title='bbox 2925 457 3546 529; x_wconf 62' lang='grc' dir='ltr'><strong>βασιλεὺςἈναστάσιος</strong></span> <span class='ocrx_word' id='word_1_104' title='bbox 3566 463 3748 538; x_wconf 67' lang='lat' dir='ltr'><strong>iit-eiq-</strong></span> 
     </span>
    </p>
   </div>
   <div class='ocr_carea' id='block_1_19' title="bbox 2180 550 3751 624">
    <p class='ocr_par' dir='ltr' id='par_1_19' title="bbox 2180 550 3751 624">
     <span class='ocr_line' id='line_1_19' title="bbox 2180 550 3751 624; baseline 0.006 -21"><span class='ocrx_word' id='word_1_105' title='bbox 2180 569 2240 604; x_wconf 80' lang='grc' dir='ltr'><strong>σε</strong></span> <span class='ocrx_word' id='word_1_106' title='bbox 2264 553 2649 624; x_wconf 84' lang='grc' dir='ltr'><strong>χρυσοτέλειαν</strong></span> <span class='ocrx_word' id='word_1_107' title='bbox 2686 553 2796 606; x_wconf 81' lang='grc' dir='ltr'><strong>τῶν</strong></span> <span class='ocrx_word' id='word_1_108' title='bbox 2830 550 3025 619; x_wconf 60' lang='grc' dir='ltr'><strong>ἰού-,νων</strong></span> <span class='ocrx_word' id='word_1_109' title='bbox 3071 552 3182 623; x_wconf 75' lang='grc'><strong>(15)</strong></span> <span class='ocrx_word' id='word_1_110' title='bbox 3226 558 3339 619; x_wconf 87' lang='grc' dir='ltr'><strong>τοῖς</strong></span> <span class='ocrx_word' id='word_1_111' title='bbox 3385 556 3751 624; x_wconf 72' lang='grc' dir='ltr'><strong>συντιλεσταῖς</strong></span> 
     </span>
    </p>
   </div>
   <div class='ocr_carea' id='block_1_20' title="bbox 2180 643 3749 719">
    <p class='ocr_par' dir='ltr' id='par_1_20' title="bbox 2180 643 3749 719">
     <span class='ocr_line' id='line_1_20' title="bbox 2180 643 3749 719; baseline 0.005 -23"><span class='ocrx_word' id='word_1_112' title='bbox 2180 647 2315 699; x_wconf 85' lang='grc' dir='ltr'><strong>πᾶσι</strong></span> <span class='ocrx_word' id='word_1_113' title='bbox 2344 645 2434 699; x_wconf 89' lang='grc' dir='ltr'><strong>διά</strong></span> <span class='ocrx_word' id='word_1_114' title='bbox 2457 645 2519 697; x_wconf 78' lang='grc' dir='ltr'><strong>τὸ</strong></span> <span class='ocrx_word' id='word_1_115' title='bbox 2546 645 2620 715; x_wconf 84' lang='grc' dir='ltr'><strong>μὴ</strong></span> <span class='ocrx_word' id='word_1_116' title='bbox 2647 643 3000 699; x_wconf 79' lang='grc' dir='ltr'><strong>ἀπαιτεῖσθαι</strong></span> <span class='ocrx_word' id='word_1_117' title='bbox 3021 643 3092 699; x_wconf 81' lang='grc' dir='ltr'><strong>τὰ</strong></span> <span class='ocrx_word' id='word_1_118' title='bbox 3118 644 3238 711; x_wconf 83' lang='grc' dir='ltr'><strong>εἴδη</strong></span> <span class='ocrx_word' id='word_1_119' title='bbox 3261 646 3360 701; x_wconf 75' lang='grc' dir='ltr'><strong>καὶ</strong></span> <span class='ocrx_word' id='word_1_120' title='bbox 3376 647 3749 719; x_wconf 82' lang='grc' dir='ltr'><strong>διατρέφεσθαι</strong></span> 
     </span>
    </p>
   </div>
   <div class='ocr_carea' id='block_1_21' title="bbox 2180 737 2980 808">
    <p class='ocr_par' dir='ltr' id='par_1_21' title="bbox 2180 737 2980 808">
     <span class='ocr_line' id='line_1_21' title="bbox 2180 737 2980 808; baseline -0.001 -16"><span class='ocrx_word' id='word_1_121' title='bbox 2180 738 2285 792; x_wconf 76' lang='grc' dir='ltr'><strong>ὑπὸ</strong></span> <span class='ocrx_word' id='word_1_122' title='bbox 2317 738 2426 793; x_wconf 84' lang='grc' dir='ltr'><strong>τῶν</strong></span> <span class='ocrx_word' id='word_1_123' title='bbox 2453 737 2804 808; x_wconf 82' lang='grc' dir='ltr'><strong>στρατιωτῶν</strong></span> <span class='ocrx_word' id='word_1_124' title='bbox 2844 737 2980 808; x_wconf 71' lang='grc'><strong>(14).</strong></span> 
     </span>
    </p>
   </div>
   <div class='ocr_carea' id='block_1_22' title="bbox 2259 918 3750 991">
    <p class='ocr_par' dir='ltr' id='par_1_22' title="bbox 2259 918 3750 991">
     <span class='ocr_line' id='line_1_22' title="bbox 2259 918 3750 991; baseline 0.004 -19"><span class='ocrx_word' id='word_1_125' title='bbox 2259 919 2386 973; x_wconf 79' lang='grc' dir='ltr'><strong>Ἐπὶ</strong></span> <span class='ocrx_word' id='word_1_126' title='bbox 2414 919 2472 973; x_wconf 84' lang='grc' dir='ltr'><strong>δὲ</strong></span> <span class='ocrx_word' id='word_1_127' title='bbox 2507 919 2606 990; x_wconf 84' lang='grc' dir='ltr'><strong>τῆς</strong></span> <span class='ocrx_word' id='word_1_128' title='bbox 2627 919 2793 973; x_wconf 82' lang='grc' dir='ltr'><strong>αὑτοῦ</strong></span> <span class='ocrx_word' id='word_1_129' title='bbox 2826 918 3104 990; x_wconf 76' lang='grc' dir='ltr'><strong>βασιλείας</strong></span> <span class='ocrx_word' id='word_1_130' title='bbox 3132 920 3182 973; x_wconf 78' lang='lat' dir='ltr'><strong>oi</strong></span> <span class='ocrx_word' id='word_1_131' title='bbox 3215 918 3377 991; x_wconf 81' lang='grc' dir='ltr'><strong>δῆμοι</strong></span> <span class='ocrx_word' id='word_1_132' title='bbox 3413 921 3750 978; x_wconf 83' lang='grc' dir='ltr'><strong>Κωνσταντι-</strong></span> 
     </span>
    </p>
   </div>
   <div class='ocr_carea' id='block_1_23' title="bbox 2178 1010 3749 1087">
    <p class='ocr_par' dir='ltr' id='par_1_23' title="bbox 2178 1010 3749 1087">
     <span class='ocr_line' id='line_1_23' title="bbox 2178 1010 3749 1087; baseline 0.001 -22"><span class='ocrx_word' id='word_1_133' title='bbox 2178 1010 2484 1075; x_wconf 82' lang='grc' dir='ltr'><strong>νουπό).εω;</strong></span> <span class='ocrx_word' id='word_1_134' title='bbox 2534 1011 2643 1065; x_wconf 84' lang='grc' dir='ltr'><strong>τῶν</strong></span> <span class='ocrx_word' id='word_1_135' title='bbox 2681 1012 2970 1083; x_wconf 86' lang='grc' dir='ltr'><strong>Πρασίνων</strong></span> <span class='ocrx_word' id='word_1_136' title='bbox 3013 1010 3241 1066; x_wconf 81' lang='grc' dir='ltr'><strong>ἱππικοῦ</strong></span> <span class='ocrx_word' id='word_1_137' title='bbox 3306 1012 3574 1083; x_wconf 82' lang='grc' dir='ltr'><strong>ἀγομένου</strong></span> <span class='ocrx_word' id='word_1_138' title='bbox 3614 1031 3749 1087; x_wconf 81' lang='grc' dir='ltr'><strong>παρ-</strong></span> 
     </span>
    </p>
   </div>
   <div class='ocr_carea' id='block_1_24' title="bbox 2179 1102 3751 1175">
    <p class='ocr_par' dir='ltr' id='par_1_24' title="bbox 2179 1102 3751 1175">
     <span class='ocr_line' id='line_1_24' title="bbox 2179 1102 3751 1175; baseline 0.001 -18"><span class='ocrx_word' id='word_1_139' title='bbox 2179 1102 2411 1157; x_wconf 89' lang='grc' dir='ltr'><strong>εκάλουν</strong></span> <span class='ocrx_word' id='word_1_140' title='bbox 2436 1102 2529 1157; x_wconf 83' lang='grc' dir='ltr'><strong>τδν</strong></span> <span class='ocrx_word' id='word_1_141' title='bbox 2560 1103 2784 1173; x_wconf 80' lang='grc' dir='ltr'><strong>βασιλέα</strong></span> <span class='ocrx_word' id='word_1_142' title='bbox 2831 1102 3168 1174; x_wconf 79' lang='grc' dir='ltr'><strong>ἀπολυθῆναί</strong></span> <span class='ocrx_word' id='word_1_143' title='bbox 3202 1120 3352 1166; x_wconf 87' lang='grc' dir='ltr'><strong>τινας</strong></span> <span class='ocrx_word' id='word_1_144' title='bbox 3401 1103 3751 1175; x_wconf 82' lang='grc' dir='ltr'><strong>συσχεθέντας</strong></span> 
     </span>
    </p>
   </div>
   <div class='ocr_carea' id='block_1_25' title="bbox 2178 1192 3748 1268">
    <p class='ocr_par' dir='ltr' id='par_1_25' title="bbox 2178 1192 3748 1268">
     <span class='ocr_line' id='line_1_25' title="bbox 2178 1192 3748 1268; baseline -0.023 11"><span class='ocrx_word' id='word_1_145' title='bbox 2178 1195 2334 1268; x_wconf 72' lang='grc' dir='ltr'><strong>παρά</strong></span> <span class='ocrx_word' id='word_1_146' title='bbox 2359 1194 2454 1250; x_wconf 67' lang='grc' dir='ltr'><strong>τοῦ</strong></span> <span class='ocrx_word' id='word_1_147' title='bbox 2475 1194 2715 1267; x_wconf 66' lang='grc' dir='ltr'><strong>ἐπάρχου</strong></span> <span class='ocrx_word' id='word_1_148' title='bbox 2737 1196 2840 1264; x_wconf 75' lang='grc' dir='ltr'><strong>τῆς</strong></span> <span class='ocrx_word' id='word_1_149' title='bbox 2871 1193 3080 1257; x_wconf 83' lang='grc' dir='ltr'><strong>πόλεως</strong></span> <span class='ocrx_word' id='word_1_150' title='bbox 3097 1194 3173 1256; x_wconf 79' lang='grc' dir='ltr'>ὡς</span> <span class='ocrx_word' id='word_1_151' title='bbox 3203 1192 3653 1266; x_wconf 80' lang='grc' dir='ltr'><strong>λιθοὸολήσαντας</strong></span> <span class='ocrx_word' id='word_1_152' title='bbox 3689 1196 3748 1227; x_wconf 76' lang='lat'><strong>“-</strong></span> 
     </span>
    </p>
   </div>
   <div class='ocr_carea' id='block_1_26' title="bbox 2178 1284 3747 1358">
    <p class='ocr_par' dir='ltr' id='par_1_26' title="bbox 2178 1284 3747 1358">
     <span class='ocr_line' id='line_1_26' title="bbox 2178 1284 3747 1358; baseline 0.001 -17"><span class='ocrx_word' id='word_1_153' title='bbox 2178 1288 2274 1341; x_wconf 75' lang='grc' dir='ltr'><strong>καὶ</strong></span> <span class='ocrx_word' id='word_1_154' title='bbox 2301 1288 2363 1341; x_wconf 82' lang='grc' dir='ltr'><strong>οὐ</strong></span> <span class='ocrx_word' id='word_1_155' title='bbox 2396 1287 2722 1358; x_wconf 85' lang='grc' dir='ltr'><strong>παρεκλήθη</strong></span> <span class='ocrx_word' id='word_1_156' title='bbox 2752 1284 2860 1339; x_wconf 79' lang='grc' dir='ltr'><strong>ὑπὸ</strong></span> <span class='ocrx_word' id='word_1_157' title='bbox 2885 1284 2978 1339; x_wconf 83' lang='grc' dir='ltr'><strong>τοῦ</strong></span> <span class='ocrx_word' id='word_1_158' title='bbox 3014 1285 3191 1356; x_wconf 85' lang='grc' dir='ltr'><strong>δήμου</strong></span> <span class='ocrx_word' id='word_1_159' title='bbox 3231 1287 3261 1339; x_wconf 93' lang='lat'><strong>6</strong></span> <span class='ocrx_word' id='word_1_160' title='bbox 3285 1285 3448 1348; x_wconf 81' lang='grc' dir='ltr'><strong>αὐτὸς</strong></span> <span class='ocrx_word' id='word_1_161' title='bbox 3489 1285 3747 1355; x_wconf 80' lang='grc' dir='ltr'><strong>βασιλεὺς,</strong></span> 
     </span>
    </p>
   </div>
   <div class='ocr_carea' id='block_1_27' title="bbox 2176 1377 3750 1451">
    <p class='ocr_par' dir='ltr' id='par_1_27' title="bbox 2176 1377 3750 1451">
     <span class='ocr_line' id='line_1_27' title="bbox 2176 1377 3750 1451; baseline -0.001 -16"><span class='ocrx_word' id='word_1_162' title='bbox 2176 1380 2314 1435; x_wconf 81' lang='grc' dir='ltr'><strong>ἀλλὰ</strong></span> <span class='ocrx_word' id='word_1_163' title='bbox 2360 1381 2752 1451; x_wconf 82' lang='grc' dir='ltr'><strong>ἀγανακτήσας</strong></span> <span class='ocrx_word' id='word_1_164' title='bbox 2799 1378 3086 1438; x_wconf 71' lang='grc' dir='ltr'><strong>ἐκέλευσεν</strong></span> <span class='ocrx_word' id='word_1_165' title='bbox 3118 1377 3275 1451; x_wconf 75' lang='grc' dir='ltr'><strong>ἅρμα</strong></span> <span class='ocrx_word' id='word_1_166' title='bbox 3306 1378 3405 1450; x_wconf 78' lang='grc' dir='ltr'><strong>(ιιι)</strong></span> <span class='ocrx_word' id='word_1_167' title='bbox 3434 1381 3553 1433; x_wconf 86' lang='grc' dir='ltr'><strong>κατ’</strong></span> <span class='ocrx_word' id='word_1_168' title='bbox 3581 1380 3750 1434; x_wconf 82' lang='grc' dir='ltr'><strong>αὐτῶν</strong></span> 
     </span>
    </p>
   </div>
   <div class='ocr_carea' id='block_1_28' title="bbox 2149 1467 3755 1542">
    <p class='ocr_par' dir='ltr' id='par_1_28' title="bbox 2149 1467 3755 1542">
     <span class='ocr_line' id='line_1_28' title="bbox 2149 1467 3755 1542; baseline -0.001 -15"><span class='ocrx_word' id='word_1_169' title='bbox 2149 1471 2413 1539; x_wconf 62' lang='grc' dir='ltr'><strong>ηέξελθεῖν</strong></span> <span class='ocrx_word' id='word_1_170' title='bbox 2445 1473 2582 1542; x_wconf 79' lang='grc'><strong>(15),</strong></span> <span class='ocrx_word' id='word_1_171' title='bbox 2624 1472 2720 1525; x_wconf 76' lang='grc' dir='ltr'><strong>καὶ</strong></span> <span class='ocrx_word' id='word_1_172' title='bbox 2742 1470 2961 1540; x_wconf 73' lang='grc' dir='ltr'><strong>ἐγένετο</strong></span> <span class='ocrx_word' id='word_1_173' title='bbox 2991 1469 3206 1540; x_wconf 79' lang='grc' dir='ltr'><strong>μεγάλη</strong></span> <span class='ocrx_word' id='word_1_174' title='bbox 3246 1467 3464 1537; x_wconf 81' lang='grc' dir='ltr'><strong>ἀταξία.</strong></span> <span class='ocrx_word' id='word_1_175' title='bbox 3498 1470 3605 1524; x_wconf 76' lang='grc' dir='ltr'><strong>Καὶ</strong></span> <span class='ocrx_word' id='word_1_176' title='bbox 3631 1488 3755 1525; x_wconf 87' lang='grc' dir='ltr'><strong>κατ-</strong></span> 
     </span>
    </p>
   </div>
   <div class='ocr_carea' id='block_1_29' title="bbox 2175 1561 3750 1637">
    <p class='ocr_par' dir='ltr' id='par_1_29' title="bbox 2175 1561 3750 1637">
     <span class='ocr_line' id='line_1_29' title="bbox 2175 1561 3750 1637; baseline -0.002 -19"><span class='ocrx_word' id='word_1_177' title='bbox 2175 1566 2341 1636; x_wconf 81' lang='grc' dir='ltr'><strong>ῆλθον</strong></span> <span class='ocrx_word' id='word_1_178' title='bbox 2378 1568 2428 1618; x_wconf 90' lang='grc' dir='ltr'><strong>οί</strong></span> <span class='ocrx_word' id='word_1_179' title='bbox 2457 1566 2620 1637; x_wconf 77' lang='grc' dir='ltr'><strong>δῆμοι</strong></span> <span class='ocrx_word' id='word_1_180' title='bbox 2648 1564 2790 1619; x_wconf 84' lang='grc' dir='ltr'><strong>κατὰ</strong></span> <span class='ocrx_word' id='word_1_181' title='bbox 2821 1563 2929 1617; x_wconf 86' lang='grc' dir='ltr'><strong>τῶν</strong></span> <span class='ocrx_word' id='word_1_182' title='bbox 2960 1561 3356 1635; x_wconf 80' lang='grc' dir='ltr'><strong>ὲξκουϐιτόρων</strong></span> <span class='ocrx_word' id='word_1_183' title='bbox 3394 1562 3491 1615; x_wconf 81' lang='grc' dir='ltr'><strong>καὶ</strong></span> <span class='ocrx_word' id='word_1_184' title='bbox 3520 1563 3750 1628; x_wconf 75' lang='grc' dir='ltr'><strong>ἐλθόντες</strong></span> 
     </span>
    </p>
   </div>
   <div class='ocr_carea' id='block_1_30' title="bbox 2175 1652 3749 1727">
    <p class='ocr_par' dir='ltr' id='par_1_30' title="bbox 2175 1652 3749 1727">
     <span class='ocr_line' id='line_1_30' title="bbox 2175 1652 3749 1727; baseline -0.003 -15"><span class='ocrx_word' id='word_1_185' title='bbox 2175 1660 2270 1712; x_wconf 77' lang='grc' dir='ltr'><strong>ἐπὶ</strong></span> <span class='ocrx_word' id='word_1_186' title='bbox 2296 1659 2356 1712; x_wconf 85' lang='grc' dir='ltr'><strong>τὸ</strong></span> <span class='ocrx_word' id='word_1_187' title='bbox 2381 1658 2628 1727; x_wconf 85' lang='grc' dir='ltr'><strong>κάθισμα</strong></span> <span class='ocrx_word' id='word_1_188' title='bbox 2657 1655 2889 1727; x_wconf 75' lang='grc' dir='ltr'><strong>ἔρριψαν</strong></span> <span class='ocrx_word' id='word_1_189' title='bbox 2917 1653 3120 1727; x_wconf 81' lang='grc' dir='ltr'><strong>[λίθους</strong></span> <span class='ocrx_word' id='word_1_190' title='bbox 3136 1655 3182 1686; x_wconf 74' lang='grc'><strong>⁸⁵</strong></span> <span class='ocrx_word' id='word_1_191' title='bbox 3196 1655 3339 1708; x_wconf 86' lang='grc' dir='ltr'><strong>κατὰ</strong></span> <span class='ocrx_word' id='word_1_192' title='bbox 3371 1654 3468 1706; x_wconf 85' lang='grc' dir='ltr'><strong>τοῦ</strong></span> <span class='ocrx_word' id='word_1_193' title='bbox 3501 1652 3749 1723; x_wconf 84' lang='grc' dir='ltr'><strong>βασιλέως</strong></span> 
     </span>
    </p>
   </div>
   <div class='ocr_carea' id='block_1_31' title="bbox 2189 1742 3750 1818">
    <p class='ocr_par' dir='ltr' id='par_1_31' title="bbox 2189 1742 3750 1818">
     <span class='ocr_line' id='line_1_31' title="bbox 2189 1742 3750 1818; baseline -0.002 -15"><span class='ocrx_word' id='word_1_194' title='bbox 2189 1750 2567 1815; x_wconf 73' lang='grc' dir='ltr'><strong>Ἀναστασίου,</strong></span> <span class='ocrx_word' id='word_1_195' title='bbox 2601 1750 2659 1802; x_wconf 85' lang='grc' dir='ltr'><strong>ὲν</strong></span> <span class='ocrx_word' id='word_1_196' title='bbox 2688 1744 2771 1811; x_wconf 80' lang='grc' dir='ltr'><strong>οἷς</strong></span> <span class='ocrx_word' id='word_1_197' title='bbox 2797 1742 2877 1811; x_wconf 78' lang='grc' dir='ltr'><strong>εἷς</strong></span> <span class='ocrx_word' id='word_1_198' title='bbox 2923 1746 3153 1818; x_wconf 83' lang='grc' dir='ltr'><strong>Μαῦρος</strong></span> <span class='ocrx_word' id='word_1_199' title='bbox 3182 1744 3405 1818; x_wconf 72' lang='grc' dir='ltr'><strong>ἔρριψε]</strong></span> <span class='ocrx_word' id='word_1_200' title='bbox 3441 1746 3587 1800; x_wconf 80' lang='grc' dir='ltr'><strong>λίθον</strong></span> <span class='ocrx_word' id='word_1_201' title='bbox 3619 1746 3750 1801; x_wconf 86' lang='grc' dir='ltr'><strong>κατὰ</strong></span> 
     </span>
    </p>
   </div>
   <div class='ocr_carea' id='block_1_32' title="bbox 480 1835 2068 1913">
    <p class='ocr_par' dir='ltr' id='par_1_32' title="bbox 480 1838 2068 1908">
     <span class='ocr_line' id='line_1_32' title="bbox 480 1838 2068 1908; baseline 0.003 -15"><span class='ocrx_word' id='word_1_202' title='bbox 480 1838 727 1908; x_wconf 74' lang='lat' dir='ltr'><strong>Surgens</strong></span> <span class='ocrx_word' id='word_1_203' title='bbox 768 1846 953 1893; x_wconf 90' lang='lat' dir='ltr'><strong>autem</strong></span> <span class='ocrx_word' id='word_1_204' title='bbox 995 1839 1319 1908; x_wconf 87' lang='lat' dir='ltr'><strong>imperator,</strong></span> <span class='ocrx_word' id='word_1_205' title='bbox 1382 1839 1553 1893; x_wconf 88' lang='lat' dir='ltr'><strong>ictum</strong></span> <span class='ocrx_word' id='word_1_206' title='bbox 1611 1840 1928 1897; x_wconf 85' lang='lat' dir='ltr'><strong>declinavit.</strong></span> <span class='ocrx_word' id='word_1_207' title='bbox 1970 1840 2068 1897; x_wconf 86' lang='lat' dir='ltr'><strong>Vi-</strong></span> 
     </span>
    </p>
   </div>
   <div class='ocr_carea' id='block_1_33' title="bbox 2182 1835 3749 1913">
    <p class='ocr_par' dir='ltr' id='par_1_33' title="bbox 2182 1837 3749 1913">
     <span class='ocr_line' id='line_1_33' title="bbox 2182 1837 3749 1913; baseline -0.003 -18"><span class='ocrx_word' id='word_1_208' title='bbox 2182 1841 2264 1895; x_wconf 79' lang='grc' dir='ltr'><strong>τοῦ</strong></span> <span class='ocrx_word' id='word_1_209' title='bbox 2299 1842 2585 1913; x_wconf 82' lang='grc' dir='ltr'><strong>βασιλέως·</strong></span> <span class='ocrx_word' id='word_1_210' title='bbox 2621 1842 2717 1894; x_wconf 77' lang='grc' dir='ltr'><strong>καὶ</strong></span> <span class='ocrx_word' id='word_1_211' title='bbox 2752 1839 2993 1902; x_wconf 81' lang='grc' dir='ltr'><strong>ἀναστάς</strong></span> <span class='ocrx_word' id='word_1_212' title='bbox 3032 1840 3060 1893; x_wconf 99' lang='lat'><strong>6</strong></span> <span class='ocrx_word' id='word_1_213' title='bbox 3101 1838 3360 1909; x_wconf 85' lang='grc' dir='ltr'><strong>βασιλεὺς</strong></span> <span class='ocrx_word' id='word_1_214' title='bbox 3392 1837 3620 1907; x_wconf 80' lang='grc' dir='ltr'><strong>ἐξέφυγε</strong></span> <span class='ocrx_word' id='word_1_215' title='bbox 3666 1839 3749 1891; x_wconf 74' lang='grc' dir='ltr'><strong>τὸν</strong></span> 
     </span>
    </p>
   </div>
   <div class='ocr_carea' id='block_1_34' title="bbox 478 1930 2061 2002">
    <p class='ocr_par' dir='ltr' id='par_1_34' title="bbox 478 1930 2061 2002">
     <span class='ocr_line' id='line_1_34' title="bbox 478 1930 2061 2002; baseline 0.005 -20"><span class='ocrx_word' id='word_1_216' title='bbox 478 1932 673 1986; x_wconf 84' lang='lat' dir='ltr'><strong>dentes</strong></span> <span class='ocrx_word' id='word_1_217' title='bbox 716 1932 902 1999; x_wconf 89' lang='lat' dir='ltr'><strong>itaque</strong></span> <span class='ocrx_word' id='word_1_218' title='bbox 936 1930 1296 1986; x_wconf 80' lang='lat' dir='ltr'><strong>excubitores</strong></span> <span class='ocrx_word' id='word_1_219' title='bbox 1334 1930 1572 1987; x_wconf 85' lang='lat' dir='ltr'><strong>hominis</strong></span> <span class='ocrx_word' id='word_1_220' title='bbox 1598 1934 1890 1987; x_wconf 79' lang='lat' dir='ltr'><strong>audaciam</strong></span> <span class='ocrx_word' id='word_1_221' title='bbox 1913 1975 1930 2002; x_wconf 89' lang='lat'><strong>,</strong></span> <span class='ocrx_word' id='word_1_222' title='bbox 1964 1935 2061 1990; x_wconf 85' lang='lat' dir='ltr'><strong>im-</strong></span> 
     </span>
    </p>
   </div>
   <div class='ocr_carea' id='block_1_35' title="bbox 478 2021 2067 2098">
    <p class='ocr_par' dir='ltr' id='par_1_35' title="bbox 478 2021 2067 2098">
     <span class='ocr_line' id='line_1_35' title="bbox 478 2021 2067 2098; baseline 0.004 -22"><span class='ocrx_word' id='word_1_223' title='bbox 478 2032 605 2091; x_wconf 91' lang='lat' dir='ltr'><strong>petu</strong></span> <span class='ocrx_word' id='word_1_224' title='bbox 639 2022 693 2076; x_wconf 93' lang='lat' dir='ltr'><strong>in</strong></span> <span class='ocrx_word' id='word_1_225' title='bbox 728 2022 885 2075; x_wconf 91' lang='lat' dir='ltr'><strong>illum</strong></span> <span class='ocrx_word' id='word_1_226' title='bbox 940 2021 1108 2086; x_wconf 82' lang='lat' dir='ltr'><strong>facto,</strong></span> <span class='ocrx_word' id='word_1_227' title='bbox 1146 2022 1502 2078; x_wconf 88' lang='lat' dir='ltr'><strong>membratim</strong></span> <span class='ocrx_word' id='word_1_228' title='bbox 1534 2025 1898 2081; x_wconf 82' lang='lat' dir='ltr'><strong>conciderunt</strong></span> <span class='ocrx_word' id='word_1_229' title='bbox 1926 2045 1942 2096; x_wconf 90' lang='lat'><strong>;</strong></span> <span class='ocrx_word' id='word_1_230' title='bbox 1971 2029 2067 2098; x_wconf 92' lang='lat' dir='ltr'><strong>qui</strong></span> 
     </span>
    </p>
   </div>
   <div class='ocr_carea' id='block_1_36' title="bbox 478 2112 2069 2187">
    <p class='ocr_par' dir='ltr' id='par_1_36' title="bbox 478 2112 2069 2187">
     <span class='ocr_line' id='line_1_36' title="bbox 478 2112 2069 2187; baseline 0.004 -17"><span class='ocrx_word' id='word_1_231' title='bbox 478 2116 559 2171; x_wconf 85' lang='lat' dir='ltr'><strong>sic</strong></span> <span class='ocrx_word' id='word_1_232' title='bbox 586 2114 825 2168; x_wconf 81' lang='lat' dir='ltr'><strong>animam</strong></span> <span class='ocrx_word' id='word_1_233' title='bbox 884 2114 1080 2169; x_wconf 90' lang='lat' dir='ltr'><strong>edidit.</strong></span> <span class='ocrx_word' id='word_1_234' title='bbox 1134 2112 1397 2184; x_wconf 84' lang='lat' dir='ltr'><strong>Popellus</strong></span> <span class='ocrx_word' id='word_1_235' title='bbox 1456 2127 1640 2172; x_wconf 88' lang='lat' dir='ltr'><strong>autem</strong></span> <span class='ocrx_word' id='word_1_236' title='bbox 1694 2118 1750 2172; x_wconf 90' lang='lat' dir='ltr'><strong>in</strong></span> <span class='ocrx_word' id='word_1_237' title='bbox 1782 2121 2069 2187; x_wconf 74' lang='lat' dir='ltr'><strong>angustias</strong></span> 
     </span>
    </p>
   </div>
   <div class='ocr_carea' id='block_1_37' title="bbox 477 2200 2053 2277">
    <p class='ocr_par' dir='ltr' id='par_1_37' title="bbox 477 2200 2053 2277">
     <span class='ocr_line' id='line_1_37' title="bbox 477 2200 2053 2277; baseline 0.005 -21"><span class='ocrx_word' id='word_1_238' title='bbox 477 2203 765 2269; x_wconf 86' lang='lat' dir='ltr'><strong>redactus,</strong></span> <span class='ocrx_word' id='word_1_239' title='bbox 800 2203 956 2274; x_wconf 76' lang='lat' dir='ltr'><strong>ignes</strong></span> <span class='ocrx_word' id='word_1_240' title='bbox 1009 2202 1065 2256; x_wconf 90' lang='lat' dir='ltr'><strong>in</strong></span> <span class='ocrx_word' id='word_1_241' title='bbox 1107 2202 1242 2257; x_wconf 86' lang='lat' dir='ltr'><strong>circi</strong></span> <span class='ocrx_word' id='word_1_242' title='bbox 1288 2200 1548 2273; x_wconf 73' lang='lat' dir='ltr'><strong>Chalcam</strong></span> <span class='ocrx_word' id='word_1_243' title='bbox 1573 2247 1589 2272; x_wconf 89' lang='lat'><strong>,</strong></span> <span class='ocrx_word' id='word_1_244' title='bbox 1631 2222 1797 2277; x_wconf 90' lang='lat' dir='ltr'><strong>quam</strong></span> <span class='ocrx_word' id='word_1_245' title='bbox 1830 2219 2053 2275; x_wconf 90' lang='lat' dir='ltr'><strong>vocant,</strong></span> 
     </span>
    </p>
   </div>
   <div class='ocr_carea' id='block_1_38' title="bbox 477 2293 2071 2368">
    <p class='ocr_par' dir='ltr' id='par_1_38' title="bbox 477 2293 2071 2368">
     <span class='ocr_line' id='line_1_38' title="bbox 477 2293 2071 2368; baseline 0.004 -21"><span class='ocrx_word' id='word_1_246' title='bbox 477 2294 702 2362; x_wconf 87' lang='lat' dir='ltr'><strong>injecit;</strong></span> <span class='ocrx_word' id='word_1_247' title='bbox 738 2293 884 2348; x_wconf 90' lang='lat' dir='ltr'><strong>unde</strong></span> <span class='ocrx_word' id='word_1_248' title='bbox 913 2293 1163 2363; x_wconf 88' lang='lat' dir='ltr'><strong>porticus</strong></span> <span class='ocrx_word' id='word_1_249' title='bbox 1199 2308 1376 2361; x_wconf 90' lang='lat' dir='ltr'><strong>usque</strong></span> <span class='ocrx_word' id='word_1_250' title='bbox 1415 2296 1482 2346; x_wconf 89' lang='lat' dir='ltr'><strong>ad</strong></span> <span class='ocrx_word' id='word_1_251' title='bbox 1530 2297 1715 2349; x_wconf 85' lang='lat' dir='ltr'><strong>sedem</strong></span> <span class='ocrx_word' id='word_1_252' title='bbox 1768 2297 2071 2368; x_wconf 84' lang='lat' dir='ltr'><strong>imperato-</strong></span> 
     </span>
    </p>
   </div>
   <div class='ocr_carea' id='block_1_39' title="bbox 478 2382 2065 2460">
    <p class='ocr_par' dir='ltr' id='par_1_39' title="bbox 478 2382 2065 2460">
     <span class='ocr_line' id='line_1_39' title="bbox 478 2382 2065 2460; baseline 0.005 -21"><span class='ocrx_word' id='word_1_253' title='bbox 478 2386 618 2440; x_wconf 87' lang='lat' dir='ltr'><strong>riam</strong></span> <span class='ocrx_word' id='word_1_254' title='bbox 670 2383 1049 2455; x_wconf 76' lang='lat' dir='ltr'><strong>conﬂagravit.</strong></span> <span class='ocrx_word' id='word_1_255' title='bbox 1101 2382 1364 2440; x_wconf 89' lang='lat' dir='ltr'><strong>Porticus</strong></span> <span class='ocrx_word' id='word_1_256' title='bbox 1409 2385 1539 2440; x_wconf 89' lang='lat' dir='ltr'><strong>item</strong></span> <span class='ocrx_word' id='word_1_257' title='bbox 1590 2386 1755 2459; x_wconf 82' lang='lat'><strong>395</strong></span> <span class='ocrx_word' id='word_1_258' title='bbox 1807 2391 2065 2460; x_wconf 83' lang='lat' dir='ltr'><strong>publica,</strong></span> 
     </span>
    </p>
   </div>
   <div class='ocr_carea' id='block_1_40' title="bbox 479 2473 2067 2547">
    <p class='ocr_par' dir='ltr' id='par_1_40' title="bbox 479 2473 2067 2547">
     <span class='ocr_line' id='line_1_40' title="bbox 479 2473 2067 2547; baseline 0.004 -17"><span class='ocrx_word' id='word_1_259' title='bbox 479 2476 821 2547; x_wconf 79' lang='lat' dir='ltr'><strong>llexaippum</strong></span> <span class='ocrx_word' id='word_1_260' title='bbox 877 2490 1052 2545; x_wconf 89' lang='lat' dir='ltr'><strong>usque</strong></span> <span class='ocrx_word' id='word_1_261' title='bbox 1101 2483 1157 2529; x_wconf 87' lang='lat' dir='ltr'><strong>et</strong></span> <span class='ocrx_word' id='word_1_262' title='bbox 1207 2473 1563 2531; x_wconf 87' lang='lat' dir='ltr'><strong>Constantini</strong></span> <span class='ocrx_word' id='word_1_263' title='bbox 1613 2479 1821 2547; x_wconf 79' lang='lat' dir='ltr'><strong>forum,</strong></span> <span class='ocrx_word' id='word_1_264' title='bbox 1867 2490 1978 2536; x_wconf 88' lang='lat' dir='ltr'><strong>tota</strong></span> <span class='ocrx_word' id='word_1_265' title='bbox 2010 2483 2067 2537; x_wconf 93' lang='lat' dir='ltr'><strong>in</strong></span> 
     </span>
    </p>
   </div>
   <div class='ocr_carea' id='block_1_41' title="bbox 477 2567 2067 2641">
    <p class='ocr_par' dir='ltr' id='par_1_41' title="bbox 477 2567 2067 2641">
     <span class='ocr_line' id='line_1_41' title="bbox 477 2567 2067 2641; baseline 0.003 -16"><span class='ocrx_word' id='word_1_266' title='bbox 477 2570 694 2626; x_wconf 90' lang='lat' dir='ltr'><strong>cineres</strong></span> <span class='ocrx_word' id='word_1_267' title='bbox 737 2583 920 2636; x_wconf 86' lang='lat' dir='ltr'><strong>versa,</strong></span> <span class='ocrx_word' id='word_1_268' title='bbox 978 2567 1228 2633; x_wconf 90' lang='lat' dir='ltr'><strong>corruit,</strong></span> <span class='ocrx_word' id='word_1_269' title='bbox 1284 2567 1528 2625; x_wconf 65' lang='lat' dir='ltr'><strong>cmdibus</strong></span> <span class='ocrx_word' id='word_1_270' title='bbox 1578 2572 1822 2641; x_wconf 83' lang='lat' dir='ltr'><strong>undique</strong></span> <span class='ocrx_word' id='word_1_271' title='bbox 1880 2571 2067 2631; x_wconf 77' lang='lat' dir='ltr'><strong>factis.</strong></span> 
     </span>
    </p>
   </div>
   <div class='ocr_carea' id='block_1_42' title="bbox 478 2660 2067 2733">
    <p class='ocr_par' dir='ltr' id='par_1_42' title="bbox 478 2660 2067 2733">
     <span class='ocr_line' id='line_1_42' title="bbox 478 2660 2067 2733; baseline 0.003 -16"><span class='ocrx_word' id='word_1_272' title='bbox 478 2662 740 2719; x_wconf 88' lang='lat' dir='ltr'><strong>Plurimis</strong></span> <span class='ocrx_word' id='word_1_273' title='bbox 795 2670 978 2717; x_wconf 86' lang='lat' dir='ltr'><strong>autem</strong></span> <span class='ocrx_word' id='word_1_274' title='bbox 1029 2660 1450 2731; x_wconf 86' lang='lat' dir='ltr'><strong>comprehensis</strong></span> <span class='ocrx_word' id='word_1_275' title='bbox 1509 2672 1565 2715; x_wconf 89' lang='lat' dir='ltr'><strong>et</strong></span> <span class='ocrx_word' id='word_1_276' title='bbox 1615 2665 1844 2733; x_wconf 86' lang='lat' dir='ltr'><strong>punitis,</strong></span> <span class='ocrx_word' id='word_1_277' title='bbox 1906 2666 2067 2722; x_wconf 91' lang='lat' dir='ltr'><strong>turba</strong></span> 
     </span>
    </p>
   </div>
   <div class='ocr_carea' id='block_1_43' title="bbox 479 2753 2065 2827">
    <p class='ocr_par' dir='ltr' id='par_1_43' title="bbox 479 2753 2065 2827">
     <span class='ocr_line' id='line_1_43' title="bbox 479 2753 2065 2827; baseline 0.001 -16"><span class='ocrx_word' id='word_1_278' title='bbox 479 2755 702 2812; x_wconf 88' lang='lat' dir='ltr'><strong>demum</strong></span> <span class='ocrx_word' id='word_1_279' title='bbox 738 2753 1055 2823; x_wconf 84' lang='lat' dir='ltr'><strong>conquievit</strong></span> <span class='ocrx_word' id='word_1_280' title='bbox 1081 2770 1097 2808; x_wconf 89' lang='lat'><strong>:</strong></span> <span class='ocrx_word' id='word_1_281' title='bbox 1129 2761 1186 2805; x_wconf 87' lang='lat' dir='ltr'><strong>at</strong></span> <span class='ocrx_word' id='word_1_282' title='bbox 1214 2767 1325 2806; x_wconf 91' lang='lat' dir='ltr'><strong>non</strong></span> <span class='ocrx_word' id='word_1_283' title='bbox 1350 2792 1365 2817; x_wconf 91' lang='lat'><strong>,</strong></span> <span class='ocrx_word' id='word_1_284' title='bbox 1397 2753 1505 2809; x_wconf 86' lang='lat' dir='ltr'><strong>nisi</strong></span> <span class='ocrx_word' id='word_1_285' title='bbox 1540 2754 1769 2810; x_wconf 82' lang='lat' dir='ltr'><strong>Platone</strong></span> <span class='ocrx_word' id='word_1_286' title='bbox 1800 2758 2065 2827; x_wconf 88' lang='lat' dir='ltr'><strong>quodam,</strong></span> 
     </span>
    </p>
   </div>
   <div class='ocr_carea' id='block_1_44' title="bbox 479 2841 2071 2920">
    <p class='ocr_par' dir='ltr' id='par_1_44' title="bbox 479 2841 2071 2920">
     <span class='ocr_line' id='line_1_44' title="bbox 479 2841 2071 2920; baseline 0.004 -21"><span class='ocrx_word' id='word_1_287' title='bbox 479 2846 840 2901; x_wconf 87' lang='lat' dir='ltr'><strong>Prasinorum</strong></span> <span class='ocrx_word' id='word_1_288' title='bbox 896 2852 1167 2915; x_wconf 83' lang='lat' dir='ltr'><strong>patrono,</strong></span> <span class='ocrx_word' id='word_1_289' title='bbox 1210 2841 1279 2895; x_wconf 90' lang='lat' dir='ltr'><strong>ad</strong></span> <span class='ocrx_word' id='word_1_290' title='bbox 1321 2844 1476 2900; x_wconf 88' lang='lat' dir='ltr'><strong>urbis</strong></span> <span class='ocrx_word' id='word_1_291' title='bbox 1521 2844 1905 2915; x_wconf 68' lang='lat' dir='ltr'><strong>praal‘ecturam</strong></span> <span class='ocrx_word' id='word_1_292' title='bbox 1936 2864 2071 2920; x_wconf 91' lang='lat' dir='ltr'><strong>pro-</strong></span> 
     </span>
    </p>
   </div>
   <div class='ocr_carea' id='block_1_45' title="bbox 475 2944 658 2995">
    <p class='ocr_par' dir='ltr' id='par_1_45' title="bbox 475 2944 658 2995">
     <span class='ocr_line' id='line_1_45' title="bbox 475 2944 658 2995; baseline 0.022 -4"><span class='ocrx_word' id='word_1_293' title='bbox 475 2944 658 2995; x_wconf 76' lang='grc' dir='ltr'><strong>νοοιο.</strong></span> 
     </span>
    </p>
   </div>
   <div class='ocr_carea' id='block_1_46' title="bbox 547 3029 2069 3106">
    <p class='ocr_par' dir='ltr' id='par_1_46' title="bbox 547 3029 2069 3106">
     <span class='ocr_line' id='line_1_46' title="bbox 547 3029 2069 3106; baseline 0.005 -21"><span class='ocrx_word' id='word_1_294' title='bbox 547 3029 753 3085; x_wconf 85' lang='lat' dir='ltr'><strong>Eodem</strong></span> <span class='ocrx_word' id='word_1_295' title='bbox 808 3031 1156 3102; x_wconf 89' lang='lat' dir='ltr'><strong>imperante,</strong></span> <span class='ocrx_word' id='word_1_296' title='bbox 1204 3035 1411 3106; x_wconf 86' lang='lat' dir='ltr'><strong>prodiit</strong></span> <span class='ocrx_word' id='word_1_297' title='bbox 1465 3034 1772 3090; x_wconf 80' lang='lat' dir='ltr'><strong>Antiochiae</strong></span> <span class='ocrx_word' id='word_1_298' title='bbox 1821 3034 2069 3093; x_wconf 80' lang='lat' dir='ltr'><strong>Joannes</strong></span> 
     </span>
    </p>
   </div>
   <div class='ocr_carea' id='block_1_47' title="bbox 475 3123 2068 3199">
    <p class='ocr_par' dir='ltr' id='par_1_47' title="bbox 475 3123 2068 3199">
     <span class='ocr_line' id='line_1_47' title="bbox 475 3123 2068 3199; baseline 0.003 -20"><span class='ocrx_word' id='word_1_299' title='bbox 475 3123 700 3194; x_wconf 90' lang='lat' dir='ltr'><strong>quidam</strong></span> <span class='ocrx_word' id='word_1_300' title='bbox 754 3125 1051 3194; x_wconf 87' lang='lat' dir='ltr'><strong>lsthmeus,</strong></span> <span class='ocrx_word' id='word_1_301' title='bbox 1098 3126 1417 3184; x_wconf 86' lang='lat' dir='ltr'><strong>Amidensis</strong></span> <span class='ocrx_word' id='word_1_302' title='bbox 1472 3127 1754 3183; x_wconf 88' lang='lat' dir='ltr'><strong>chemista</strong></span> <span class='ocrx_word' id='word_1_303' title='bbox 1792 3137 1843 3183; x_wconf 89' lang='lat' dir='ltr'><strong>et</strong></span> <span class='ocrx_word' id='word_1_304' title='bbox 1884 3130 2068 3199; x_wconf 89' lang='lat' dir='ltr'><strong>impo-</strong></span> 
     </span>
    </p>
   </div>
   <div class='ocr_carea' id='block_1_48' title="bbox 474 3216 2064 3289">
    <p class='ocr_par' dir='ltr' id='par_1_48' title="bbox 474 3216 2064 3289">
     <span class='ocr_line' id='line_1_48' title="bbox 474 3216 2064 3289; baseline 0.003 -18"><span class='ocrx_word' id='word_1_305' title='bbox 474 3224 594 3271; x_wconf 76' lang='lat' dir='ltr'><strong>stor</strong></span> <span class='ocrx_word' id='word_1_306' title='bbox 651 3216 912 3288; x_wconf 72' lang='lat' dir='ltr'><strong>insignis.</strong></span> <span class='ocrx_word' id='word_1_307' title='bbox 976 3217 1145 3274; x_wconf 78' lang='lat' dir='ltr'><strong>V&#39;at‘re</strong></span> <span class='ocrx_word' id='word_1_308' title='bbox 1197 3218 1288 3273; x_wconf 90' lang='lat' dir='ltr'><strong>hic</strong></span> <span class='ocrx_word' id='word_1_309' title='bbox 1327 3218 1769 3289; x_wconf 81' lang='lat' dir='ltr'><strong>argentariorum</strong></span> <span class='ocrx_word' id='word_1_310' title='bbox 1815 3218 2064 3276; x_wconf 75' lang='lat' dir='ltr'><strong>oﬂieinas</strong></span> 
     </span>
    </p>
   </div>
   <div class='ocr_carea' id='block_1_49' title="bbox 476 3309 2065 3383">
    <p class='ocr_par' dir='ltr' id='par_1_49' title="bbox 476 3309 2065 3383">
     <span class='ocr_line' id='line_1_49' title="bbox 476 3309 2065 3383; baseline 0.004 -21"><span class='ocrx_word' id='word_1_311' title='bbox 476 3309 786 3380; x_wconf 77' lang='lat' dir='ltr'><strong>ingressus,</strong></span> <span class='ocrx_word' id='word_1_312' title='bbox 818 3311 1020 3366; x_wconf 91' lang='lat' dir='ltr'><strong>obtulit</strong></span> <span class='ocrx_word' id='word_1_313' title='bbox 1056 3312 1165 3368; x_wconf 93' lang='lat' dir='ltr'><strong>illis</strong></span> <span class='ocrx_word' id='word_1_314' title='bbox 1196 3320 1507 3369; x_wconf 85' lang='lat' dir='ltr'><strong>statuarum</strong></span> <span class='ocrx_word' id='word_1_315' title='bbox 1556 3327 1753 3367; x_wconf 90' lang='lat' dir='ltr'><strong>manus</strong></span> <span class='ocrx_word' id='word_1_316' title='bbox 1786 3312 2065 3383; x_wconf 87' lang='lat' dir='ltr'><strong>pedesque</strong></span> 
     </span>
    </p>
   </div>
   <div class='ocr_carea' id='block_1_50' title="bbox 2171 1930 3750 2003">
    <p class='ocr_par' dir='ltr' id='par_1_50' title="bbox 2171 1930 3750 2003">
     <span class='ocr_line' id='line_1_50' title="bbox 2171 1930 3750 2003; baseline -0.002 -16"><span class='ocrx_word' id='word_1_317' title='bbox 2171 1936 2339 1990; x_wconf 86' lang='grc' dir='ltr'><strong>λίθον.</strong></span> <span class='ocrx_word' id='word_1_318' title='bbox 2392 1936 2502 1987; x_wconf 65' lang='grc' dir='ltr'><strong>Καὶ</strong></span> <span class='ocrx_word' id='word_1_319' title='bbox 2537 1933 2867 2003; x_wconf 87' lang='grc' dir='ltr'><strong>θεασάμενοι</strong></span> <span class='ocrx_word' id='word_1_320' title='bbox 2906 1933 2959 1985; x_wconf 75' lang='grc' dir='ltr'><strong>οἱ</strong></span> <span class='ocrx_word' id='word_1_321' title='bbox 2995 1931 3382 2003; x_wconf 81' lang='grc' dir='ltr'><strong>ὲξκουδίτορες</strong></span> <span class='ocrx_word' id='word_1_322' title='bbox 3412 1930 3510 2003; x_wconf 77' lang='grc' dir='ltr'><strong>τὴν</strong></span> <span class='ocrx_word' id='word_1_323' title='bbox 3544 1932 3636 1985; x_wconf 84' lang='grc' dir='ltr'><strong>τοῦ</strong></span> <span class='ocrx_word' id='word_1_324' title='bbox 3665 1932 3750 1985; x_wconf 85' lang='grc' dir='ltr'><strong>ἀν-</strong></span> 
     </span>
    </p>
   </div>
   <div class='ocr_carea' id='block_1_51' title="bbox 2171 2020 3748 2097">
    <p class='ocr_par' dir='ltr' id='par_1_51' title="bbox 2171 2020 3748 2097">
     <span class='ocr_line' id='line_1_51' title="bbox 2171 2020 3748 2097; baseline -0.002 -19"><span class='ocrx_word' id='word_1_325' title='bbox 2171 2025 2298 2097; x_wconf 71' lang='grc' dir='ltr'><strong>δρὸς</strong></span> <span class='ocrx_word' id='word_1_326' title='bbox 2347 2023 2554 2094; x_wconf 82' lang='grc' dir='ltr'><strong>τόλμαν</strong></span> <span class='ocrx_word' id='word_1_327' title='bbox 2586 2024 2722 2095; x_wconf 86' lang='grc'><strong>(16),</strong></span> <span class='ocrx_word' id='word_1_328' title='bbox 2751 2022 3021 2094; x_wconf 82' lang='grc' dir='ltr'><strong>ὥρμησαν</strong></span> <span class='ocrx_word' id='word_1_329' title='bbox 3057 2022 3183 2077; x_wconf 86' lang='grc' dir='ltr'><strong>κατ’</strong></span> <span class='ocrx_word' id='word_1_330' title='bbox 3211 2021 3383 2076; x_wconf 81' lang='grc' dir='ltr'><strong>αὑτοῦ</strong></span> <span class='ocrx_word' id='word_1_331' title='bbox 3429 2023 3522 2075; x_wconf 76' lang='grc' dir='ltr'><strong>καὶ</strong></span> <span class='ocrx_word' id='word_1_332' title='bbox 3559 2020 3748 2092; x_wconf 73' lang='grc' dir='ltr'><strong>ἔκοψαν</strong></span> 
     </span>
    </p>
   </div>
   <div class='ocr_carea' id='block_1_52' title="bbox 2172 2112 3745 2186">
    <p class='ocr_par' dir='ltr' id='par_1_52' title="bbox 2172 2112 3745 2186">
     <span class='ocr_line' id='line_1_52' title="bbox 2172 2112 3745 2186; baseline -0.001 -16"><span class='ocrx_word' id='word_1_333' title='bbox 2172 2118 2334 2171; x_wconf 70' lang='grc' dir='ltr'><strong>αὑτὸν</strong></span> <span class='ocrx_word' id='word_1_334' title='bbox 2382 2116 2525 2170; x_wconf 84' lang='grc' dir='ltr'><strong>κατὰ</strong></span> <span class='ocrx_word' id='word_1_335' title='bbox 2560 2114 2743 2186; x_wconf 81' lang='grc' dir='ltr'><strong>μέλος·</strong></span> <span class='ocrx_word' id='word_1_336' title='bbox 2780 2116 2876 2169; x_wconf 82' lang='grc' dir='ltr'><strong>καὶ</strong></span> <span class='ocrx_word' id='word_1_337' title='bbox 2922 2112 3100 2178; x_wconf 72' lang='grc' dir='ltr'><strong>οὕτως</strong></span> <span class='ocrx_word' id='word_1_338' title='bbox 3144 2113 3402 2168; x_wconf 81' lang='grc' dir='ltr'><strong>ἀπέδωκε</strong></span> <span class='ocrx_word' id='word_1_339' title='bbox 3430 2112 3528 2184; x_wconf 81' lang='grc' dir='ltr'><strong>τὴν</strong></span> <span class='ocrx_word' id='word_1_340' title='bbox 3558 2112 3745 2186; x_wconf 77' lang='grc' dir='ltr'><strong>ψυχήν.</strong></span> 
     </span>
    </p>
   </div>
   <div class='ocr_carea' id='block_1_53' title="bbox 2173 2202 3747 2279">
    <p class='ocr_par' dir='ltr' id='par_1_53' title="bbox 2173 2202 3747 2279">
     <span class='ocr_line' id='line_1_53' title="bbox 2173 2202 3747 2279; baseline -0.003 -19"><span class='ocrx_word' id='word_1_341' title='bbox 2173 2206 2323 2279; x_wconf 86' lang='grc'><strong>[109]</strong></span> <span class='ocrx_word' id='word_1_342' title='bbox 2372 2206 2429 2259; x_wconf 90' lang='grc' dir='ltr'>Ὁ</span> <span class='ocrx_word' id='word_1_343' title='bbox 2468 2205 2524 2258; x_wconf 79' lang='grc' dir='ltr'><strong>δὲ</strong></span> <span class='ocrx_word' id='word_1_344' title='bbox 2562 2205 2735 2275; x_wconf 75' lang='grc' dir='ltr'><strong>δῆμος</strong></span> <span class='ocrx_word' id='word_1_345' title='bbox 2772 2202 3062 2266; x_wconf 70' lang='grc' dir='ltr'><strong>στενωθεὶς</strong></span> <span class='ocrx_word' id='word_1_346' title='bbox 3100 2203 3147 2235; x_wconf 67' lang='grc'><strong>⁵⁸</strong></span> <span class='ocrx_word' id='word_1_347' title='bbox 3189 2202 3356 2258; x_wconf 75' lang='grc' dir='ltr'><strong>ἔϐαλε</strong></span> <span class='ocrx_word' id='word_1_348' title='bbox 3387 2202 3500 2275; x_wconf 88' lang='grc' dir='ltr'><strong>πῦρ</strong></span> <span class='ocrx_word' id='word_1_349' title='bbox 3532 2204 3608 2266; x_wconf 84' lang='grc' dir='ltr'><strong>είς</strong></span> <span class='ocrx_word' id='word_1_350' title='bbox 3656 2203 3747 2272; x_wconf 82' lang='grc' dir='ltr'><strong>τὴν</strong></span> 
     </span>
    </p>
   </div>
   <div class='ocr_carea' id='block_1_54' title="bbox 2171 2295 3747 2371">
    <p class='ocr_par' dir='ltr' id='par_1_54' title="bbox 2171 2295 3747 2371">
     <span class='ocr_line' id='line_1_54' title="bbox 2171 2295 3747 2371; baseline -0.003 -17"><span class='ocrx_word' id='word_1_351' title='bbox 2171 2299 2477 2371; x_wconf 84' lang='grc' dir='ltr'><strong>λεγομένην</strong></span> <span class='ocrx_word' id='word_1_352' title='bbox 2500 2300 2547 2331; x_wconf 79' lang='grc'><strong>⁵⁸</strong></span> <span class='ocrx_word' id='word_1_353' title='bbox 2578 2298 2804 2368; x_wconf 80' lang='grc' dir='ltr'><strong>Χαλκῆν</strong></span> <span class='ocrx_word' id='word_1_354' title='bbox 2838 2298 2918 2368; x_wconf 77' lang='grc' dir='ltr'><strong>(ιι)</strong></span> <span class='ocrx_word' id='word_1_355' title='bbox 2961 2296 3057 2351; x_wconf 90' lang='grc' dir='ltr'><strong>τοῦ</strong></span> <span class='ocrx_word' id='word_1_356' title='bbox 3093 2295 3352 2363; x_wconf 76' lang='grc' dir='ltr'><strong>ἱππικοῦ,</strong></span> <span class='ocrx_word' id='word_1_357' title='bbox 3392 2297 3488 2350; x_wconf 78' lang='grc' dir='ltr'><strong>καὶ</strong></span> <span class='ocrx_word' id='word_1_358' title='bbox 3531 2299 3558 2350; x_wconf 94' lang='lat'><strong>6</strong></span> <span class='ocrx_word' id='word_1_359' title='bbox 3592 2295 3747 2367; x_wconf 67' lang='grc' dir='ltr'><strong>ἔμσον</strong></span> 
     </span>
    </p>
   </div>
   <div class='ocr_carea' id='block_1_55' title="bbox 2171 2389 3748 2464">
    <p class='ocr_par' dir='ltr' id='par_1_55' title="bbox 2171 2389 3748 2464">
     <span class='ocr_line' id='line_1_55' title="bbox 2171 2389 3748 2464; baseline -0.004 -15"><span class='ocrx_word' id='word_1_360' title='bbox 2171 2396 2261 2461; x_wconf 88' lang='grc' dir='ltr'><strong>λος</strong></span> <span class='ocrx_word' id='word_1_361' title='bbox 2292 2394 2500 2464; x_wconf 75' lang='grc' dir='ltr'><strong>ἐκαύθη</strong></span> <span class='ocrx_word' id='word_1_362' title='bbox 2540 2393 2647 2456; x_wconf 76' lang='grc' dir='ltr'><strong>ἕως</strong></span> <span class='ocrx_word' id='word_1_363' title='bbox 2698 2391 2797 2445; x_wconf 89' lang='grc' dir='ltr'><strong>τοῦ</strong></span> <span class='ocrx_word' id='word_1_364' title='bbox 2846 2391 3130 2461; x_wconf 82' lang='grc' dir='ltr'><strong>βασιλικοῦ</strong></span> <span class='ocrx_word' id='word_1_365' title='bbox 3186 2391 3551 2462; x_wconf 84' lang='grc' dir='ltr'><strong>καθίσματος,</strong></span> <span class='ocrx_word' id='word_1_366' title='bbox 3594 2389 3684 2443; x_wconf 63' lang='grc' dir='ltr'><strong>καὶ⁵</strong></span> <span class='ocrx_word' id='word_1_367' title='bbox 3722 2391 3748 2441; x_wconf 92' lang='lat'><strong>6</strong></span> 
     </span>
    </p>
   </div>
   <div class='ocr_carea' id='block_1_56' title="bbox 2171 2476 3746 2559">
    <p class='ocr_par' dir='ltr' id='par_1_56' title="bbox 2171 2476 3746 2559">
     <span class='ocr_line' id='line_1_56' title="bbox 2171 2476 3746 2559; baseline -0.006 -17"><span class='ocrx_word' id='word_1_368' title='bbox 2171 2487 2400 2559; x_wconf 72' lang='grc' dir='ltr'><strong>ἐμϐολος</strong></span> <span class='ocrx_word' id='word_1_369' title='bbox 2426 2486 2497 2557; x_wconf 93' lang='grc' dir='ltr'><strong>(ο)</strong></span> <span class='ocrx_word' id='word_1_370' title='bbox 2528 2484 2586 2537; x_wconf 81' lang='grc' dir='ltr'><strong>δὲ</strong></span> <span class='ocrx_word' id='word_1_371' title='bbox 2640 2486 2669 2537; x_wconf 88' lang='lat'><strong>6</strong></span> <span class='ocrx_word' id='word_1_372' title='bbox 2711 2482 2972 2553; x_wconf 87' lang='grc' dir='ltr'><strong>δημόσιος</strong></span> <span class='ocrx_word' id='word_1_373' title='bbox 3022 2481 3129 2544; x_wconf 70' lang='grc' dir='ltr'><strong>ἕως</strong></span> <span class='ocrx_word' id='word_1_374' title='bbox 3180 2480 3278 2535; x_wconf 90' lang='grc' dir='ltr'><strong>τοῦ</strong></span> <span class='ocrx_word' id='word_1_375' title='bbox 3331 2478 3644 2545; x_wconf 84' lang='grc' dir='ltr'><strong>Ἐξαῖππίου</strong></span> <span class='ocrx_word' id='word_1_376' title='bbox 3679 2476 3746 2547; x_wconf 79' lang='grc' dir='ltr'><strong>(ρ)</strong></span> 
     </span>
    </p>
   </div>
   <div class='ocr_carea' id='block_1_57' title="bbox 2172 2569 3747 2647">
    <p class='ocr_par' dir='ltr' id='par_1_57' title="bbox 2172 2569 3747 2647">
     <span class='ocr_line' id='line_1_57' title="bbox 2172 2569 3747 2647; baseline -0.008 -13"><span class='ocrx_word' id='word_1_377' title='bbox 2172 2579 2267 2635; x_wconf 75' lang='grc' dir='ltr'><strong>καὶ</strong></span> <span class='ocrx_word' id='word_1_378' title='bbox 2293 2577 2390 2632; x_wconf 85' lang='grc' dir='ltr'><strong>τοῦ</strong></span> <span class='ocrx_word' id='word_1_379' title='bbox 2420 2577 2590 2647; x_wconf 85' lang='grc' dir='ltr'><strong>φόρου</strong></span> <span class='ocrx_word' id='word_1_380' title='bbox 2621 2573 2696 2646; x_wconf 91' lang='lat' dir='ltr'><strong>(q)</strong></span> <span class='ocrx_word' id='word_1_381' title='bbox 2733 2572 3152 2628; x_wconf 80' lang='grc' dir='ltr'><strong>Κωνσταντίνου</strong></span> <span class='ocrx_word' id='word_1_382' title='bbox 3187 2573 3339 2635; x_wconf 81' lang='grc' dir='ltr'><strong>άπας</strong></span> <span class='ocrx_word' id='word_1_383' title='bbox 3371 2569 3592 2632; x_wconf 81' lang='grc' dir='ltr'><strong>καυθεὶς</strong></span> <span class='ocrx_word' id='word_1_384' title='bbox 3625 2585 3747 2623; x_wconf 86' lang='grc' dir='ltr'><strong>κατ-</strong></span> 
     </span>
    </p>
   </div>
   <div class='ocr_carea' id='block_1_58' title="bbox 2170 2659 3746 2739">
    <p class='ocr_par' dir='ltr' id='par_1_58' title="bbox 2170 2659 3746 2739">
     <span class='ocr_line' id='line_1_58' title="bbox 2170 2659 3746 2739; baseline -0.007 -17"><span class='ocrx_word' id='word_1_385' title='bbox 2170 2667 2400 2739; x_wconf 85' lang='grc' dir='ltr'><strong>ηνέχθη,</strong></span> <span class='ocrx_word' id='word_1_386' title='bbox 2433 2664 2688 2735; x_wconf 86' lang='grc' dir='ltr'><strong>πανταχῆ</strong></span> <span class='ocrx_word' id='word_1_387' title='bbox 2728 2662 3008 2716; x_wconf 80' lang='grc' dir='ltr'><strong>διακοπῶν</strong></span> <span class='ocrx_word' id='word_1_388' title='bbox 3062 2663 3400 2732; x_wconf 79' lang='grc' dir='ltr'><strong>γενομένων.</strong></span> <span class='ocrx_word' id='word_1_389' title='bbox 3448 2659 3654 2714; x_wconf 85' lang='grc' dir='ltr'><strong>Πολλῶν</strong></span> <span class='ocrx_word' id='word_1_390' title='bbox 3694 2659 3746 2713; x_wconf 80' lang='grc' dir='ltr'><strong>δὲ</strong></span> 
     </span>
    </p>
   </div>
   <div class='ocr_carea' id='block_1_59' title="bbox 2174 2752 3743 2832">
    <p class='ocr_par' dir='ltr' id='par_1_59' title="bbox 2174 2752 3743 2832">
     <span class='ocr_line' id='line_1_59' title="bbox 2174 2752 3743 2832; baseline -0.007 -16"><span class='ocrx_word' id='word_1_391' title='bbox 2174 2761 2548 2832; x_wconf 88' lang='grc' dir='ltr'><strong>συσχεθέντων</strong></span> <span class='ocrx_word' id='word_1_392' title='bbox 2611 2757 2709 2824; x_wconf 73' lang='grc' dir='ltr'><strong>κα).</strong></span> <span class='ocrx_word' id='word_1_393' title='bbox 2776 2755 3201 2827; x_wconf 90' lang='grc' dir='ltr'><strong>τιμωρηθέντων</strong></span> <span class='ocrx_word' id='word_1_394' title='bbox 3250 2755 3478 2823; x_wconf 75' lang='grc' dir='ltr'><strong>ἐγένετο</strong></span> <span class='ocrx_word' id='word_1_395' title='bbox 3542 2752 3743 2825; x_wconf 80' lang='grc' dir='ltr'><strong>ἡσυχία,</strong></span> 
     </span>
    </p>
   </div>
   <div class='ocr_carea' id='block_1_60' title="bbox 2172 2845 3745 2926">
    <p class='ocr_par' dir='ltr' id='par_1_60' title="bbox 2172 2845 3745 2926">
     <span class='ocr_line' id='line_1_60' title="bbox 2172 2845 3745 2926; baseline -0.008 -18"><span class='ocrx_word' id='word_1_396' title='bbox 2172 2852 2544 2926; x_wconf 78' lang='grc' dir='ltr'><strong>προαχθέντος</strong></span> <span class='ocrx_word' id='word_1_397' title='bbox 2605 2850 2851 2919; x_wconf 76' lang='grc' dir='ltr'><strong>ἐπάρχου</strong></span> <span class='ocrx_word' id='word_1_398' title='bbox 2900 2848 3111 2910; x_wconf 87' lang='grc' dir='ltr'><strong>πόλεως</strong></span> <span class='ocrx_word' id='word_1_399' title='bbox 3173 2847 3293 2919; x_wconf 86' lang='grc'><strong>(17)</strong></span> <span class='ocrx_word' id='word_1_400' title='bbox 3346 2847 3647 2914; x_wconf 83' lang='grc' dir='ltr'><strong>Πλάτωνος,</strong></span> <span class='ocrx_word' id='word_1_401' title='bbox 3693 2845 3745 2910; x_wconf 81' lang='grc' dir='ltr'><strong>ὃς</strong></span> 
     </span>
    </p>
   </div>
   <div class='ocr_carea' id='block_1_61' title="bbox 2173 2939 3333 3017">
    <p class='ocr_par' dir='ltr' id='par_1_61' title="bbox 2173 2939 3333 3017">
     <span class='ocr_line' id='line_1_61' title="bbox 2173 2939 3333 3017; baseline -0.008 -17"><span class='ocrx_word' id='word_1_402' title='bbox 2173 2947 2384 3017; x_wconf 82' lang='grc' dir='ltr'><strong>ὑπῆρχε</strong></span> <span class='ocrx_word' id='word_1_403' title='bbox 2411 2944 2635 3014; x_wconf 89' lang='grc' dir='ltr'><strong>πάτρων</strong></span> <span class='ocrx_word' id='word_1_404' title='bbox 2659 2939 2754 2995; x_wconf 90' lang='grc' dir='ltr'><strong>τοῦ</strong></span> <span class='ocrx_word' id='word_1_405' title='bbox 2784 2940 3056 3015; x_wconf 86' lang='grc' dir='ltr'><strong>Πρασίνου</strong></span> <span class='ocrx_word' id='word_1_406' title='bbox 3100 2940 3333 3011; x_wconf 80' lang='grc' dir='ltr'><strong>μέρους.</strong></span> 
     </span>
    </p>
   </div>
   <div class='ocr_carea' id='block_1_62' title="bbox 2256 3029 3745 3106">
    <p class='ocr_par' dir='ltr' id='par_1_62' title="bbox 2256 3029 3745 3106">
     <span class='ocr_line' id='line_1_62' title="bbox 2256 3029 3745 3106; baseline -0.007 -14"><span class='ocrx_word' id='word_1_407' title='bbox 2256 3038 2383 3092; x_wconf 76' lang='grc' dir='ltr'><strong>Ἐπὶ⁵</strong></span> <span class='ocrx_word' id='word_1_408' title='bbox 2408 3036 2465 3090; x_wconf 79' lang='grc' dir='ltr'><strong>δὲ</strong></span> <span class='ocrx_word' id='word_1_409' title='bbox 2494 3035 2597 3106; x_wconf 81' lang='grc' dir='ltr'><strong>τῆς</strong></span> <span class='ocrx_word' id='word_1_410' title='bbox 2638 3032 2806 3088; x_wconf 84' lang='grc' dir='ltr'><strong>αὑτοῦ</strong></span> <span class='ocrx_word' id='word_1_411' title='bbox 2840 3031 3120 3103; x_wconf 70' lang='grc' dir='ltr'><strong>βασιλεέας</strong></span> <span class='ocrx_word' id='word_1_412' title='bbox 3148 3032 3398 3105; x_wconf 82' lang='grc' dir='ltr'><strong>ἀνεφάνη</strong></span> <span class='ocrx_word' id='word_1_413' title='bbox 3429 3048 3514 3096; x_wconf 89' lang='grc' dir='ltr'><strong>τις</strong></span> <span class='ocrx_word' id='word_1_414' title='bbox 3543 3029 3674 3102; x_wconf 82' lang='grc' dir='ltr'><strong>ἀνὴρ</strong></span> <span class='ocrx_word' id='word_1_415' title='bbox 3694 3030 3745 3081; x_wconf 80' lang='grc' dir='ltr'><strong>ἐν</strong></span> 
     </span>
    </p>
   </div>
   <div class='ocr_carea' id='block_1_63' title="bbox 2186 3122 3744 3199">
    <p class='ocr_par' dir='ltr' id='par_1_63' title="bbox 2186 3122 3744 3199">
     <span class='ocr_line' id='line_1_63' title="bbox 2186 3122 3744 3199; baseline -0.007 -14"><span class='ocrx_word' id='word_1_416' title='bbox 2186 3128 2490 3199; x_wconf 79' lang='grc' dir='ltr'><strong>’Δντιοχείᾳ</strong></span> <span class='ocrx_word' id='word_1_417' title='bbox 2513 3129 2581 3198; x_wconf 78' lang='grc' dir='ltr'><strong>τῇ</strong></span> <span class='ocrx_word' id='word_1_418' title='bbox 2606 3125 2860 3197; x_wconf 76' lang='grc' dir='ltr'><strong>Μεγάλῃ,</strong></span> <span class='ocrx_word' id='word_1_419' title='bbox 2892 3122 2968 3177; x_wconf 85' lang='grc' dir='ltr'><strong>ὣν</strong></span> <span class='ocrx_word' id='word_1_420' title='bbox 2990 3122 3100 3178; x_wconf 82' lang='grc' dir='ltr'><strong>ἀπὸ</strong></span> <span class='ocrx_word' id='word_1_421' title='bbox 3133 3122 3351 3188; x_wconf 86' lang='grc' dir='ltr'><strong>πόλεως</strong></span> <span class='ocrx_word' id='word_1_422' title='bbox 3385 3122 3744 3195; x_wconf 81' lang='grc' dir='ltr'><strong>Ἀμίδης,ὀνό-</strong></span> 
     </span>
    </p>
   </div>
   <div class='ocr_carea' id='block_1_64' title="bbox 2169 3214 3741 3296">
    <p class='ocr_par' dir='ltr' id='par_1_64' title="bbox 2169 3214 3741 3296">
     <span class='ocr_line' id='line_1_64' title="bbox 2169 3214 3741 3296; baseline -0.007 -18"><span class='ocrx_word' id='word_1_423' title='bbox 2169 3242 2304 3296; x_wconf 91' lang='grc' dir='ltr'><strong>ματι</strong></span> <span class='ocrx_word' id='word_1_424' title='bbox 2340 3222 2597 3292; x_wconf 84' lang='grc' dir='ltr'><strong>Ἰωάννης</strong></span> <span class='ocrx_word' id='word_1_425' title='bbox 2656 3217 2925 3289; x_wconf 83' lang='grc' dir='ltr'><strong>’1σθμέος,</strong></span> <span class='ocrx_word' id='word_1_426' title='bbox 2979 3215 3283 3287; x_wconf 77' lang='grc' dir='ltr'><strong>χειμευτὴς</strong></span> <span class='ocrx_word' id='word_1_427' title='bbox 3336 3216 3594 3287; x_wconf 80' lang='grc' dir='ltr'><strong>ὑπάρχων</strong></span> <span class='ocrx_word' id='word_1_428' title='bbox 3643 3214 3741 3282; x_wconf 85' lang='grc'><strong>(18)</strong></span> 
     </span>
    </p>
   </div>
   <div class='ocr_carea' id='block_1_65' title="bbox 2166 3307 3743 3387">
    <p class='ocr_par' dir='ltr' id='par_1_65' title="bbox 2166 3307 3743 3387">
     <span class='ocr_line' id='line_1_65' title="bbox 2166 3307 3743 3387; baseline -0.008 -16"><span class='ocrx_word' id='word_1_429' title='bbox 2166 3318 2264 3371; x_wconf 76' lang='grc' dir='ltr'><strong>καὶ</strong></span> <span class='ocrx_word' id='word_1_430' title='bbox 2299 3313 2534 3387; x_wconf 75' lang='grc' dir='ltr'><strong>φοϐερὸς</strong></span> <span class='ocrx_word' id='word_1_431' title='bbox 2566 3311 2847 3380; x_wconf 74' lang='grc' dir='ltr'><strong>ὲπιθέτης’</strong></span> <span class='ocrx_word' id='word_1_432' title='bbox 2881 3311 2979 3363; x_wconf 76' lang='grc' dir='ltr'><strong>καὶ</strong></span> <span class='ocrx_word' id='word_1_433' title='bbox 3018 3308 3195 3379; x_wconf 85' lang='grc' dir='ltr'><strong>λάθρα</strong></span> <span class='ocrx_word' id='word_1_434' title='bbox 3239 3310 3534 3381; x_wconf 85' lang='grc' dir='ltr'><strong>εἰσήρχετο</strong></span> <span class='ocrx_word' id='word_1_435' title='bbox 3563 3309 3638 3371; x_wconf 87' lang='grc' dir='ltr'><strong>εἰς</strong></span> <span class='ocrx_word' id='word_1_436' title='bbox 3682 3307 3743 3359; x_wconf 81' lang='grc' dir='ltr'><strong>τά</strong></span> 
     </span>
    </p>
   </div>
   <div class='ocr_carea' id='block_1_66' title="bbox 477 3397 2068 3480">
    <p class='ocr_par' dir='ltr' id='par_1_66' title="bbox 477 3400 2064 3478">
     <span class='ocr_line' id='line_1_66' title="bbox 477 3400 2064 3478; baseline 0.003 -22"><span class='ocrx_word' id='word_1_437' title='bbox 477 3410 626 3458; x_wconf 89' lang='lat' dir='ltr'><strong>totos</strong></span> <span class='ocrx_word' id='word_1_438' title='bbox 675 3418 910 3474; x_wconf 84' lang='lat' dir='ltr'><strong>aureos;</strong></span> <span class='ocrx_word' id='word_1_439' title='bbox 962 3400 1348 3478; x_wconf 78' lang='lat' dir='ltr'><strong>imagunculas</strong></span> <span class='ocrx_word' id='word_1_440' title='bbox 1390 3407 1557 3461; x_wconf 89' lang='lat' dir='ltr'><strong>etiam</strong></span> <span class='ocrx_word' id='word_1_441' title='bbox 1598 3408 1776 3473; x_wconf 88' lang='lat' dir='ltr'><strong>alias;</strong></span> <span class='ocrx_word' id='word_1_442' title='bbox 1828 3406 2064 3463; x_wconf 88' lang='lat' dir='ltr'><strong>dicendo</strong></span> 
     </span>
    </p>
   </div>
   <div class='ocr_carea' id='block_1_67' title="bbox 2182 3397 3740 3480">
    <p class='ocr_par' dir='ltr' id='par_1_67' title="bbox 2182 3397 3740 3480">
     <span class='ocr_line' id='line_1_67' title="bbox 2182 3397 3740 3480; baseline -0.005 -19"><span class='ocrx_word' id='word_1_443' title='bbox 2182 3397 2590 3480; x_wconf 77' lang='grc' dir='ltr'><strong>Ῑιργυροπρατία</strong></span> <span class='ocrx_word' id='word_1_444' title='bbox 2611 3403 2655 3435; x_wconf 78' lang='grc'>⁸⁷</span> <span class='ocrx_word' id='word_1_445' title='bbox 2696 3403 2793 3458; x_wconf 76' lang='grc' dir='ltr'><strong>καὶ</strong></span> <span class='ocrx_word' id='word_1_446' title='bbox 2825 3402 3182 3456; x_wconf 81' lang='grc' dir='ltr'><strong>ὑπεδείκυνεν</strong></span> <span class='ocrx_word' id='word_1_447' title='bbox 3211 3401 3408 3467; x_wconf 78' lang='grc' dir='ltr'><strong>αὐτοῖς</strong></span> <span class='ocrx_word' id='word_1_448' title='bbox 3439 3404 3623 3474; x_wconf 75' lang='grc' dir='ltr'><strong>χεῖρας</strong></span> <span class='ocrx_word' id='word_1_449' title='bbox 3655 3400 3740 3454; x_wconf 86' lang='grc' dir='ltr'><strong>άν-</strong></span> 
     </span>
    </p>
   </div>
   <div class='ocr_carea' id='block_1_68' title="bbox 1695 3562 2423 3643">
    <p class='ocr_par' dir='ltr' id='par_1_68' title="bbox 1695 3562 2423 3643">
     <span class='ocr_line' id='line_1_68' title="bbox 1695 3562 2423 3643; baseline 0.001 -25"><span class='ocrx_word' id='word_1_450' title='bbox 1695 3636 1703 3643; x_wconf 29' lang='lat'><strong><em>.</em></strong></span> <span class='ocrx_word' id='word_1_451' title='bbox 1756 3563 1991 3621; x_wconf 66' lang='lat' dir='ltr'><strong>vanus</strong></span> <span class='ocrx_word' id='word_1_452' title='bbox 2016 3562 2423 3622; x_wconf 84' lang='lat' dir='ltr'><strong>LECTlONES.</strong></span> 
     </span>
    </p>
   </div>
   <div class='ocr_carea' id='block_1_69' title="bbox 543 3702 3738 3776">
    <p class='ocr_par' dir='ltr' id='par_1_69' title="bbox 543 3702 3738 3776">
     <span class='ocr_line' id='line_1_69' title="bbox 543 3702 3738 3776; baseline -0.002 -20"><span class='ocrx_word' id='word_1_453' title='bbox 543 3702 591 3736; x_wconf 78' lang='lat'>“</span> <span class='ocrx_word' id='word_1_454' title='bbox 615 3702 1231 3776; x_wconf 19' lang='lat' dir='ltr'><strong>)ttOoGoilﬂcavssgiCh._,</strong></span> <span class='ocrx_word' id='word_1_455' title='bbox 1264 3702 1697 3776; x_wconf 67' lang='grc' dir='ltr'><strong>λιθοδολίσαντες</strong></span> <span class='ocrx_word' id='word_1_456' title='bbox 1722 3702 1823 3757; x_wconf 84' lang='lat' dir='ltr'><strong>0x.</strong></span> <span class='ocrx_word' id='word_1_457' title='bbox 1903 3703 1950 3776; x_wconf 62' lang='grc' dir='ltr'><strong>⁶¹ξ</strong></span> <span class='ocrx_word' id='word_1_458' title='bbox 1978 3702 2160 3767; x_wconf 83' lang='grc' dir='ltr'><strong>λίθους</strong></span> <span class='ocrx_word' id='word_1_459' title='bbox 2178 3734 2250 3747; x_wconf 86' lang='grc'><strong>--</strong></span> <span class='ocrx_word' id='word_1_460' title='bbox 2272 3703 2467 3775; x_wconf 77' lang='grc' dir='ltr'><strong>ἔρῤιψε</strong></span> <span class='ocrx_word' id='word_1_461' title='bbox 2490 3703 2642 3758; x_wconf 87' lang='lat' dir='ltr'><strong>addit</strong></span> <span class='ocrx_word' id='word_1_462' title='bbox 2663 3704 2872 3776; x_wconf 82' lang='lat' dir='ltr'><strong>Chron.</strong></span> <span class='ocrx_word' id='word_1_463' title='bbox 2949 3703 2997 3736; x_wconf 78' lang='lat'><strong>“</strong></span> <span class='ocrx_word' id='word_1_464' title='bbox 3031 3702 3329 3776; x_wconf 76' lang='grc' dir='ltr'><strong>στενωθεὶς</strong></span> <span class='ocrx_word' id='word_1_465' title='bbox 3362 3703 3464 3759; x_wconf 84' lang='lat' dir='ltr'><strong>Ch.</strong></span> <span class='ocrx_word' id='word_1_466' title='bbox 3482 3742 3497 3769; x_wconf 93' lang='lat'><strong>,</strong></span> <span class='ocrx_word' id='word_1_467' title='bbox 3527 3703 3738 3764; x_wconf 73' lang='lat' dir='ltr'><strong>Chrom,</strong></span> 
     </span>
    </p>
   </div>
   <div class='ocr_carea' id='block_1_70' title="bbox 477 3772 3224 3847">
    <p class='ocr_par' dir='ltr' id='par_1_70' title="bbox 477 3772 3224 3847">
     <span class='ocr_line' id='line_1_70' title="bbox 477 3772 3224 3847; baseline -0 -18"><span class='ocrx_word' id='word_1_468' title='bbox 477 3773 751 3839; x_wconf 82' lang='grc' dir='ltr'><strong>σθενοθεὶς</strong></span> <span class='ocrx_word' id='word_1_469' title='bbox 785 3772 891 3831; x_wconf 72' lang='grc' dir='ltr'><strong>Οιέ.</strong></span> <span class='ocrx_word' id='word_1_470' title='bbox 970 3776 1016 3807; x_wconf 80' lang='grc'>⁸⁸</span> <span class='ocrx_word' id='word_1_471' title='bbox 1045 3772 1269 3845; x_wconf 82' lang='grc' dir='ltr'><strong>Χαλκὴν</strong></span> <span class='ocrx_word' id='word_1_472' title='bbox 1304 3776 1408 3826; x_wconf 80' lang='lat' dir='ltr'><strong>Ux.</strong></span> <span class='ocrx_word' id='word_1_473' title='bbox 1489 3774 1533 3804; x_wconf 82' lang='grc'><strong>⁸⁷</strong></span> <span class='ocrx_word' id='word_1_474' title='bbox 1567 3774 2011 3847; x_wconf 83' lang='grc' dir='ltr'><strong>ἀργυροπρατία.</strong></span> <span class='ocrx_word' id='word_1_475' title='bbox 2055 3772 2515 3846; x_wconf 79' lang='grc' dir='ltr'><strong>ἀργυροπρατεία</strong></span> <span class='ocrx_word' id='word_1_476' title='bbox 2568 3774 2921 3831; x_wconf 89' lang='lat' dir='ltr'><strong>scribendum</strong></span> <span class='ocrx_word' id='word_1_477' title='bbox 2978 3774 3224 3830; x_wconf 85' lang='lat' dir='ltr'><strong>videtur.</strong></span> 
     </span>
    </p>
   </div>
   <div class='ocr_carea' id='block_1_71' title="bbox 1693 3908 2480 3967">
    <p class='ocr_par' dir='ltr' id='par_1_71' title="bbox 1693 3908 2480 3967">
     <span class='ocr_line' id='line_1_71' title="bbox 1693 3908 2480 3967; baseline 0.003 -3"><span class='ocrx_word' id='word_1_478' title='bbox 1693 3910 1803 3965; x_wconf 82' lang='grc' dir='ltr'><strong>ΕΙ).</strong></span> <span class='ocrx_word' id='word_1_479' title='bbox 1835 3908 2221 3967; x_wconf 73' lang='lat' dir='ltr'><strong>CIIILMEADI</strong></span> <span class='ocrx_word' id='word_1_480' title='bbox 2246 3909 2480 3967; x_wconf 71' lang='grc' dir='ltr'><strong>ΝΟΤᾹΞ.</strong></span> 
     </span>
    </p>
   </div>
   <div class='ocr_carea' id='block_1_72' title="bbox 547 4026 2068 4098">
    <p class='ocr_par' dir='ltr' id='par_1_72' title="bbox 547 4026 2068 4098">
     <span class='ocr_line' id='line_1_72' title="bbox 547 4026 2068 4098; baseline 0 -18"><span class='ocrx_word' id='word_1_481' title='bbox 547 4026 662 4098; x_wconf 73' lang='grc'><strong>(15)</strong></span> <span class='ocrx_word' id='word_1_482' title='bbox 680 4026 942 4098; x_wconf 82' lang='grc' dir='ltr'><strong>Ἐποίησε</strong></span> <span class='ocrx_word' id='word_1_483' title='bbox 994 4026 1380 4096; x_wconf 80' lang='grc' dir='ltr'><strong>χρυσοτέλειαν</strong></span> <span class='ocrx_word' id='word_1_484' title='bbox 1425 4026 1537 4079; x_wconf 84' lang='grc' dir='ltr'><strong>τῶν</strong></span> <span class='ocrx_word' id='word_1_485' title='bbox 1598 4028 1815 4095; x_wconf 81' lang='grc' dir='ltr'><strong>ἰούγων.</strong></span> <span class='ocrx_word' id='word_1_486' title='bbox 1856 4028 2068 4098; x_wconf 83' lang='grc' dir='ltr'><strong>Χρυσο-</strong></span> 
     </span>
    </p>
   </div>
   <div class='ocr_carea' id='block_1_73' title="bbox 475 4096 2065 4168">
    <p class='ocr_par' dir='ltr' id='par_1_73' title="bbox 475 4096 2065 4168">
     <span class='ocr_line' id='line_1_73' title="bbox 475 4096 2065 4168; baseline 0 -16"><span class='ocrx_word' id='word_1_487' title='bbox 475 4096 658 4152; x_wconf 81' lang='grc' dir='ltr'><strong>τέλεια</strong></span> <span class='ocrx_word' id='word_1_488' title='bbox 706 4096 815 4149; x_wconf 86' lang='grc' dir='ltr'><strong>τῶν</strong></span> <span class='ocrx_word' id='word_1_489' title='bbox 866 4097 1065 4165; x_wconf 68' lang='lat' dir='ltr'><strong>lotiwa</strong></span> <span class='ocrx_word' id='word_1_490' title='bbox 1121 4099 1241 4168; x_wconf 87' lang='lat' dir='ltr'><strong>auri</strong></span> <span class='ocrx_word' id='word_1_491' title='bbox 1303 4100 1587 4166; x_wconf 87' lang='lat' dir='ltr'><strong>quantitas</strong></span> <span class='ocrx_word' id='word_1_492' title='bbox 1634 4096 1926 4168; x_wconf 75' lang='lat' dir='ltr'><strong>quaedam,</strong></span> <span class='ocrx_word' id='word_1_493' title='bbox 1964 4114 2065 4167; x_wconf 92' lang='lat' dir='ltr'><strong>pro</strong></span> 
     </span>
    </p>
   </div>
   <div class='ocr_carea' id='block_1_74' title="bbox 470 4167 2063 4239">
    <p class='ocr_par' dir='ltr' id='par_1_74' title="bbox 470 4167 2063 4239">
     <span class='ocr_line' id='line_1_74' title="bbox 470 4167 2063 4239; baseline -0.001 -17"><span class='ocrx_word' id='word_1_494' title='bbox 470 4168 687 4239; x_wconf 77' lang='lat' dir='ltr'><strong>jugeris</strong></span> <span class='ocrx_word' id='word_1_495' title='bbox 720 4168 965 4239; x_wconf 79' lang='lat' dir='ltr'><strong>singulis</strong></span> <span class='ocrx_word' id='word_1_496' title='bbox 1000 4181 1095 4234; x_wconf 85' lang='lat' dir='ltr'><strong>per</strong></span> <span class='ocrx_word' id='word_1_497' title='bbox 1112 4167 1413 4239; x_wconf 89' lang='lat' dir='ltr'><strong>imperium</strong></span> <span class='ocrx_word' id='word_1_498' title='bbox 1448 4183 1478 4221; x_wconf 92' lang='lat' dir='ltr'><strong>a</strong></span> <span class='ocrx_word' id='word_1_499' title='bbox 1499 4167 2063 4239; x_wconf 75' lang='lat' dir='ltr'><strong>vectigalibuspensa</strong></span> 
     </span>
    </p>
   </div>
   <div class='ocr_carea' id='block_1_75' title="bbox 475 4237 2060 4309">
    <p class='ocr_par' dir='ltr' id='par_1_75' title="bbox 475 4237 2060 4309">
     <span class='ocr_line' id='line_1_75' title="bbox 475 4237 2060 4309; baseline 0 -17"><span class='ocrx_word' id='word_1_500' title='bbox 475 4237 648 4293; x_wconf 81' lang='lat' dir='ltr'><strong>fuisse</strong></span> <span class='ocrx_word' id='word_1_501' title='bbox 673 4237 914 4292; x_wconf 84' lang='lat' dir='ltr'><strong>videtur.</strong></span> <span class='ocrx_word' id='word_1_502' title='bbox 951 4237 1024 4291; x_wconf 88' lang='lat' dir='ltr'><strong>De</strong></span> <span class='ocrx_word' id='word_1_503' title='bbox 1052 4238 1258 4309; x_wconf 90' lang='lat' dir='ltr'><strong>tributo</strong></span> <span class='ocrx_word' id='word_1_504' title='bbox 1291 4240 1417 4309; x_wconf 81' lang='lat' dir='ltr'><strong>hoc,</strong></span> <span class='ocrx_word' id='word_1_505' title='bbox 1452 4239 1579 4293; x_wconf 84' lang='lat' dir='ltr'><strong>vide</strong></span> <span class='ocrx_word' id='word_1_506' title='bbox 1606 4237 1806 4309; x_wconf 69' lang='lat' dir='ltr'><strong>Evagr.</strong></span> <span class='ocrx_word' id='word_1_507' title='bbox 1849 4237 2060 4295; x_wconf 81' lang='lat' dir='ltr'><strong>Histor.</strong></span> 
     </span>
    </p>
   </div>
   <div class='ocr_carea' id='block_1_76' title="bbox 472 4308 2057 4380">
    <p class='ocr_par' dir='ltr' id='par_1_76' title="bbox 472 4308 2057 4380">
     <span class='ocr_line' id='line_1_76' title="bbox 472 4308 2057 4380; baseline -0.001 -16"><span class='ocrx_word' id='word_1_508' title='bbox 472 4311 675 4380; x_wconf 78' lang='lat' dir='ltr'><strong>eccles.</strong></span> <span class='ocrx_word' id='word_1_509' title='bbox 711 4309 806 4363; x_wconf 79' lang='lat' dir='ltr'><strong>lib.</strong></span> <span class='ocrx_word' id='word_1_510' title='bbox 830 4324 914 4370; x_wconf 89' lang='grc' dir='ltr'><strong>ιιι,</strong></span> <span class='ocrx_word' id='word_1_511' title='bbox 946 4323 1077 4379; x_wconf 89' lang='lat' dir='ltr'><strong>cap.</strong></span> <span class='ocrx_word' id='word_1_512' title='bbox 1100 4308 1189 4372; x_wconf 71' lang='grc'><strong>42,</strong></span> <span class='ocrx_word' id='word_1_513' title='bbox 1222 4318 1277 4363; x_wconf 90' lang='lat' dir='ltr'><strong>et</strong></span> <span class='ocrx_word' id='word_1_514' title='bbox 1303 4308 1599 4380; x_wconf 71' lang='lat' dir='ltr'><strong>Nicvpbor.</strong></span> <span class='ocrx_word' id='word_1_515' title='bbox 1633 4308 1873 4380; x_wconf 30' lang='lat' dir='ltr'><strong>lib.:xv1,</strong></span> <span class='ocrx_word' id='word_1_516' title='bbox 1934 4326 2057 4379; x_wconf 87' lang='lat' dir='ltr'><strong>cap.</strong></span> 
     </span>
    </p>
   </div>
   <div class='ocr_carea' id='block_1_77' title="bbox 473 4378 2058 4449">
    <p class='ocr_par' dir='ltr' id='par_1_77' title="bbox 473 4378 2058 4449">
     <span class='ocr_line' id='line_1_77' title="bbox 473 4378 2058 4449; baseline 0 -16"><span class='ocrx_word' id='word_1_517' title='bbox 473 4381 563 4436; x_wconf 70' lang='grc' dir='ltr'><strong>Η.</strong></span> <span class='ocrx_word' id='word_1_518' title='bbox 595 4378 893 4434; x_wconf 69' lang='lat' dir='ltr'><strong>Iustiniani</strong></span> <span class='ocrx_word' id='word_1_519' title='bbox 940 4378 1283 4448; x_wconf 86' lang='lat' dir='ltr'><strong>temporibus</strong></span> <span class='ocrx_word' id='word_1_520' title='bbox 1332 4378 1666 4449; x_wconf 72' lang='lat' dir='ltr'><strong>quandoque</strong></span> <span class='ocrx_word' id='word_1_521' title='bbox 1726 4379 1780 4433; x_wconf 92' lang='lat' dir='ltr'><strong>in</strong></span> <span class='ocrx_word' id='word_1_522' title='bbox 1848 4378 2058 4449; x_wconf 80' lang='lat' dir='ltr'><strong>specie,</strong></span> 
     </span>
    </p>
   </div>
   <div class='ocr_carea' id='block_1_78' title="bbox 475 4451 2056 4521">
    <p class='ocr_par' dir='ltr' id='par_1_78' title="bbox 475 4451 2056 4521">
     <span class='ocr_line' id='line_1_78' title="bbox 475 4451 2056 4521; baseline 0.001 -18"><span class='ocrx_word' id='word_1_523' title='bbox 475 4452 809 4521; x_wconf 87' lang='lat' dir='ltr'><strong>quandoque</strong></span> <span class='ocrx_word' id='word_1_524' title='bbox 843 4465 1003 4515; x_wconf 88' lang='lat' dir='ltr'><strong>auro,</strong></span> <span class='ocrx_word' id='word_1_525' title='bbox 1048 4466 1147 4520; x_wconf 91' lang='lat' dir='ltr'><strong>pro</strong></span> <span class='ocrx_word' id='word_1_526' title='bbox 1176 4451 1285 4517; x_wconf 87' lang='lat' dir='ltr'><strong>loci</strong></span> <span class='ocrx_word' id='word_1_527' title='bbox 1314 4451 1587 4519; x_wconf 86' lang='lat' dir='ltr'><strong>cujusque</strong></span> <span class='ocrx_word' id='word_1_528' title='bbox 1606 4451 2056 4521; x_wconf 70' lang='lat' dir='ltr'><strong>consuetudine:</strong></span> 
     </span>
    </p>
   </div>
   <div class='ocr_carea' id='block_1_79' title="bbox 474 4519 2058 4590">
    <p class='ocr_par' dir='ltr' id='par_1_79' title="bbox 474 4519 2058 4590">
     <span class='ocr_line' id='line_1_79' title="bbox 474 4519 2058 4590; baseline -0.001 -15"><span class='ocrx_word' id='word_1_529' title='bbox 474 4519 854 4589; x_wconf 82' lang='lat' dir='ltr'><strong>pendebatur:</strong></span> <span class='ocrx_word' id='word_1_530' title='bbox 896 4530 957 4573; x_wconf 94' lang='lat' dir='ltr'><strong>ut</strong></span> <span class='ocrx_word' id='word_1_531' title='bbox 997 4519 1227 4590; x_wconf 86' lang='lat' dir='ltr'><strong>apparet</strong></span> <span class='ocrx_word' id='word_1_532' title='bbox 1275 4536 1341 4574; x_wconf 77' lang='lat' dir='ltr'><strong>ex</strong></span> <span class='ocrx_word' id='word_1_533' title='bbox 1371 4521 1623 4589; x_wconf 84' lang='lat' dir='ltr'><strong>ejusdem</strong></span> <span class='ocrx_word' id='word_1_534' title='bbox 1678 4519 1891 4590; x_wconf 81' lang='lat' dir='ltr'><strong>Novell.</strong></span> <span class='ocrx_word' id='word_1_535' title='bbox 1948 4519 2058 4574; x_wconf 71' lang='lat' dir='ltr'><strong>i7:</strong></span> 
     </span>
    </p>
   </div>
   <div class='ocr_carea' id='block_1_80' title="bbox 487 4588 2064 4660">
    <p class='ocr_par' dir='ltr' id='par_1_80' title="bbox 487 4588 2064 4660">
     <span class='ocr_line' id='line_1_80' title="bbox 487 4588 2064 4660; baseline -0.001 -17"><span class='ocrx_word' id='word_1_536' title='bbox 487 4591 848 4657; x_wconf 81' lang='grc' dir='ltr'><strong>Ἀναγκάσεις</strong></span> <span class='ocrx_word' id='word_1_537' title='bbox 871 4590 928 4644; x_wconf 81' lang='grc' dir='ltr'><strong>δὲ</strong></span> <span class='ocrx_word' id='word_1_538' title='bbox 950 4588 1084 4652; x_wconf 73' lang='grc' dir='ltr'><strong>τοῦς</strong></span> <span class='ocrx_word' id='word_1_539' title='bbox 1120 4588 1415 4660; x_wconf 69' lang='grc' dir='ltr'><strong>δημοσίους</strong></span> <span class='ocrx_word' id='word_1_540' title='bbox 1444 4591 1765 4660; x_wconf 83' lang='grc' dir='ltr'><strong>πράκτορας</strong></span> <span class='ocrx_word' id='word_1_541' title='bbox 1787 4588 1906 4657; x_wconf 77' lang='grc' dir='ltr'><strong>ἦτοι</strong></span> <span class='ocrx_word' id='word_1_542' title='bbox 1934 4591 2064 4652; x_wconf 80' lang='grc' dir='ltr'><strong>τοὺς</strong></span> 
     </span>
    </p>
   </div>
   <div class='ocr_carea' id='block_1_81' title="bbox 474 4660 2061 4744">
    <p class='ocr_par' dir='ltr' id='par_1_81' title="bbox 474 4660 2061 4744">
     <span class='ocr_line' id='line_1_81' title="bbox 474 4660 2061 4744; baseline -0.001 -31"><span class='ocrx_word' id='word_1_543' title='bbox 474 4660 806 4744; x_wconf 64' lang='grc' dir='ltr'><strong>άπαιττγεᾲςἔ</strong></span> <span class='ocrx_word' id='word_1_544' title='bbox 848 4663 906 4744; x_wconf 63' lang='grc' dir='ltr'><strong>ξν</strong></span> <span class='ocrx_word' id='word_1_545' title='bbox 931 4664 1077 4744; x_wconf 41' lang='grc' dir='ltr'><strong>ταῖς.</strong></span> <span class='ocrx_word' id='word_1_546' title='bbox 1105 4661 1315 4744; x_wconf 56' lang='grc' dir='ltr'><strong>ἑαυτξρν</strong></span> <span class='ocrx_word' id='word_1_547' title='bbox 1354 4663 1607 4744; x_wconf 71' lang='grc' dir='ltr'><strong>ἀποχαῖς,</strong></span> <span class='ocrx_word' id='word_1_548' title='bbox 1645 4660 1857 4744; x_wconf 83' lang='grc' dir='ltr'><strong>φανερὰ</strong></span> <span class='ocrx_word' id='word_1_549' title='bbox 1885 4661 2061 4744; x_wconf 51' lang='grc' dir='ltr'><strong>ποιεῖν</strong></span> 
     </span>
    </p>
   </div>
   <div class='ocr_carea' id='block_1_82' title="bbox 475 4725 2061 4794">
    <p class='ocr_par' dir='ltr' id='par_1_82' title="bbox 475 4725 2061 4794">
     <span class='ocr_line' id='line_1_82' title="bbox 475 4725 2061 4794; baseline -0.001 -10"><span class='ocrx_word' id='word_1_550' title='bbox 475 4725 692 4784; x_wconf 75' lang='grc' dir='ltr'><strong>ἅπαντα</strong></span> <span class='ocrx_word' id='word_1_551' title='bbox 714 4731 799 4794; x_wconf 75' lang='grc' dir='ltr'><strong>ἐφ’</strong></span> <span class='ocrx_word' id='word_1_552' title='bbox 824 4725 906 4791; x_wconf 77' lang='grc' dir='ltr'><strong>οἷς</strong></span> <span class='ocrx_word' id='word_1_553' title='bbox 952 4731 1119 4793; x_wconf 73' lang='grc' dir='ltr'><strong>αὐτὰς</strong></span> <span class='ocrx_word' id='word_1_554' title='bbox 1173 4730 1401 4793; x_wconf 84' lang='grc' dir='ltr'><strong>διδόασι,</strong></span> <span class='ocrx_word' id='word_1_555' title='bbox 1432 4725 1680 4782; x_wconf 73' lang='grc' dir='ltr'><strong>τουτέστι</strong></span> <span class='ocrx_word' id='word_1_556' title='bbox 1732 4725 1855 4782; x_wconf 81' lang='grc' dir='ltr'><strong>τότε</strong></span> <span class='ocrx_word' id='word_1_557' title='bbox 1896 4730 2061 4783; x_wconf 86' lang='grc' dir='ltr'><strong>ποσὸν</strong></span> 
     </span>
    </p>
   </div>
   <div class='ocr_carea' id='block_1_83' title="bbox 472 4799 2064 4886">
    <p class='ocr_par' dir='ltr' id='par_1_83' title="bbox 472 4799 2064 4886">
     <span class='ocr_line' id='line_1_83' title="bbox 472 4799 2064 4886; baseline -0.001 -33"><span class='ocrx_word' id='word_1_558' title='bbox 472 4800 582 4886; x_wconf 63' lang='grc' dir='ltr'><strong>τῷν</strong></span> <span class='ocrx_word' id='word_1_559' title='bbox 616 4799 1027 4886; x_wconf 50' lang='grc' dir='ltr'><strong>ζυζοκεφάλων,</strong></span> <span class='ocrx_word' id='word_1_560' title='bbox 1053 4801 1085 4870; x_wconf 87' lang='grc' dir='ltr'>ἢ</span> <span class='ocrx_word' id='word_1_561' title='bbox 1112 4800 1338 4886; x_wconf 38' lang='grc' dir='ltr'><strong>ιίούγων,</strong></span> <span class='ocrx_word' id='word_1_562' title='bbox 1370 4801 1403 4871; x_wconf 84' lang='grc' dir='ltr'>ἢ</span> <span class='ocrx_word' id='word_1_563' title='bbox 1441 4800 1760 4886; x_wconf 50' lang='grc' dir='ltr'><strong>ἰουῖαλίων,</strong></span> <span class='ocrx_word' id='word_1_564' title='bbox 1883 4799 2064 4886; x_wconf 65' lang='grc' dir='ltr'><strong>δπωεξ-</strong></span> 
     </span>
    </p>
   </div>
   <div class='ocr_carea' id='block_1_84' title="bbox 472 4870 2065 4943">
    <p class='ocr_par' dir='ltr' id='par_1_84' title="bbox 472 4870 2065 4943">
     <span class='ocr_line' id='line_1_84' title="bbox 472 4870 2065 4943; baseline -0.002 -19"><span class='ocrx_word' id='word_1_565' title='bbox 472 4870 766 4943; x_wconf 17' lang='grc' dir='ltr'><strong>δήποτενδψ</strong></span> <span class='ocrx_word' id='word_1_566' title='bbox 796 4871 937 4943; x_wconf 81' lang='grc' dir='ltr'><strong>αὐτὰ</strong></span> <span class='ocrx_word' id='word_1_567' title='bbox 991 4870 1137 4943; x_wconf 85' lang='grc' dir='ltr'><strong>κατὰ</strong></span> <span class='ocrx_word' id='word_1_568' title='bbox 1161 4870 1346 4943; x_wconf 81' lang='grc' dir='ltr'><strong>χώραν</strong></span> <span class='ocrx_word' id='word_1_569' title='bbox 1394 4870 1641 4943; x_wconf 60' lang='grc' dir='ltr'><strong>καλοῖεν,</strong></span> <span class='ocrx_word' id='word_1_570' title='bbox 1677 4872 1771 4922; x_wconf 74' lang='grc' dir='ltr'><strong>καὶ</strong></span> <span class='ocrx_word' id='word_1_571' title='bbox 1812 4870 2065 4943; x_wconf 21' lang='grc' dir='ltr'><strong>ζὺπὲρτί-</strong></span> 
     </span>
    </p>
   </div>
   <div class='ocr_carea' id='block_1_85' title="bbox 473 4941 2062 5012">
    <p class='ocr_par' dir='ltr' id='par_1_85' title="bbox 473 4941 2062 5012">
     <span class='ocr_line' id='line_1_85' title="bbox 473 4941 2062 5012; baseline -0.002 -17"><span class='ocrx_word' id='word_1_572' title='bbox 473 4941 582 5012; x_wconf 79' lang='grc' dir='ltr'><strong>νων</strong></span> <span class='ocrx_word' id='word_1_573' title='bbox 637 4941 776 4995; x_wconf 81' lang='grc' dir='ltr'><strong>αὐτὰ</strong></span> <span class='ocrx_word' id='word_1_574' title='bbox 807 4941 903 4994; x_wconf 77' lang='grc' dir='ltr'><strong>καὶ</strong></span> <span class='ocrx_word' id='word_1_575' title='bbox 960 4942 1132 4994; x_wconf 84' lang='grc' dir='ltr'><strong>ποίων</strong></span> <span class='ocrx_word' id='word_1_576' title='bbox 1156 4941 1375 5012; x_wconf 88' lang='grc' dir='ltr'><strong>χωρίων</strong></span> <span class='ocrx_word' id='word_1_577' title='bbox 1399 4941 1713 5012; x_wconf 80' lang='grc' dir='ltr'><strong>ᾁπαιτοῦσι,</strong></span> <span class='ocrx_word' id='word_1_578' title='bbox 1745 4941 1920 4993; x_wconf 78' lang='grc' dir='ltr'><strong>καὶτὸ</strong></span> <span class='ocrx_word' id='word_1_579' title='bbox 1950 4941 2062 4992; x_wconf 86' lang='grc' dir='ltr'><strong>τῶν</strong></span> 
     </span>
    </p>
   </div>
   <div class='ocr_carea' id='block_1_86' title="bbox 471 5010 2060 5132">
    <p class='ocr_par' dir='ltr' id='par_1_86' title="bbox 471 5010 2060 5132">
     <span class='ocr_line' id='line_1_86' title="bbox 471 5010 2060 5132; baseline -0.001 -69"><span class='ocrx_word' id='word_1_580' title='bbox 471 5010 776 5132; x_wconf 56' lang='grc' dir='ltr'><strong>δῗδομένων</strong></span> <span class='ocrx_word' id='word_1_581' title='bbox 835 5013 1025 5077; x_wconf 74' lang='grc' dir='ltr'><strong>ποσὸν,</strong></span> <span class='ocrx_word' id='word_1_582' title='bbox 1085 5010 1195 5064; x_wconf 75' lang='grc' dir='ltr'><strong>εἴτε</strong></span> <span class='ocrx_word' id='word_1_583' title='bbox 1245 5010 1311 5064; x_wconf 61' lang='grc' dir='ltr'><strong>’ὲν</strong></span> <span class='ocrx_word' id='word_1_584' title='bbox 1365 5011 1600 5075; x_wconf 86' lang='grc' dir='ltr'><strong>είδεσιν,</strong></span> <span class='ocrx_word' id='word_1_585' title='bbox 1652 5011 1880 5065; x_wconf 81' lang='grc' dir='ltr'><strong>εἰτε·ὲν</strong></span> <span class='ocrx_word' id='word_1_586' title='bbox 1927 5028 2060 5081; x_wconf 90' lang='grc' dir='ltr'><strong>χρυ-</strong></span> 
     </span>
     <span class='ocr_line' id='line_1_87' title="bbox 476 5097 601 5132; baseline 0 0"><span class='ocrx_word' id='word_1_587' title='bbox 476 5097 601 5132; x_wconf 89' lang='grc' dir='ltr'><strong>σω.</strong></span> 
     </span>
    </p>
   </div>
   <div class='ocr_carea' id='block_1_87' title="bbox 476 5097 601 5135">
    <p class='ocr_par' dir='ltr' id='par_1_87' title="bbox 476 5097 601 5135">
     <span class='ocr_line' id='line_1_88' title="bbox 476 5097 601 5135; baseline 0.016 -2"><span class='ocrx_word' id='word_1_588' title='bbox 476 5097 601 5135; x_wconf 86' lang='grc' dir='ltr'><strong>σιω.</strong></span> 
     </span>
    </p>
   </div>
   <div class='ocr_carea' id='block_1_88' title="bbox 545 5134 2058 5223">
    <p class='ocr_par' dir='ltr' id='par_1_88' title="bbox 545 5134 2058 5223">
     <span class='ocr_line' id='line_1_89' title="bbox 545 5134 2058 5223; baseline -0.001 -18"><span class='ocrx_word' id='word_1_589' title='bbox 545 5134 658 5221; x_wconf 76' lang='grc'><strong>(14)</strong></span> <span class='ocrx_word' id='word_1_590' title='bbox 674 5152 785 5204; x_wconf 77' lang='grc' dir='ltr'><strong>Καὶ</strong></span> <span class='ocrx_word' id='word_1_591' title='bbox 799 5150 1191 5223; x_wconf 75' lang='grc' dir='ltr'><strong>διατρέφεσθαι</strong></span> <span class='ocrx_word' id='word_1_592' title='bbox 1209 5150 1315 5205; x_wconf 82' lang='grc' dir='ltr'><strong>ὑπὸ</strong></span> <span class='ocrx_word' id='word_1_593' title='bbox 1331 5150 1441 5203; x_wconf 84' lang='grc' dir='ltr'><strong>τῶν</strong></span> <span class='ocrx_word' id='word_1_594' title='bbox 1458 5152 1830 5223; x_wconf 72' lang='grc' dir='ltr'><strong>στρατιωτῶν.</strong></span> <span class='ocrx_word' id='word_1_595' title='bbox 1848 5149 2058 5223; x_wconf 86' lang='lat' dir='ltr'><strong>Novum</strong></span> 
     </span>
    </p>
   </div>
   <div class='ocr_carea' id='block_1_89' title="bbox 473 5222 2060 5292">
    <p class='ocr_par' dir='ltr' id='par_1_89' title="bbox 473 5222 2060 5292">
     <span class='ocr_line' id='line_1_90' title="bbox 473 5222 2060 5292; baseline -0.001 -18"><span class='ocrx_word' id='word_1_596' title='bbox 473 5235 705 5292; x_wconf 84' lang='lat' dir='ltr'><strong>prorsus</strong></span> <span class='ocrx_word' id='word_1_597' title='bbox 753 5222 1286 5291; x_wconf 78' lang='lat' dir='ltr'><strong>locutiOuis-genus;</strong></span> <span class='ocrx_word' id='word_1_598' title='bbox 1333 5236 1472 5292; x_wconf 85' lang='lat' dir='ltr'><strong>pro,</strong></span> <span class='ocrx_word' id='word_1_599' title='bbox 1514 5226 1611 5274; x_wconf 76' lang='grc' dir='ltr'><strong>καὶ</strong></span> <span class='ocrx_word' id='word_1_600' title='bbox 1664 5222 2060 5275; x_wconf 81' lang='grc' dir='ltr'><strong>ἀναλίσκεσθαι</strong></span> 
     </span>
    </p>
   </div>
   <div class='ocr_carea' id='block_1_90' title="bbox 473 5291 2060 5363">
    <p class='ocr_par' dir='ltr' id='par_1_90' title="bbox 473 5291 2060 5363">
     <span class='ocr_line' id='line_1_91' title="bbox 473 5291 2060 5363; baseline 0.002 -20"><span class='ocrx_word' id='word_1_601' title='bbox 473 5291 715 5363; x_wconf 80' lang='grc' dir='ltr'><strong>ὑπδτῶν</strong></span> <span class='ocrx_word' id='word_1_602' title='bbox 743 5294 1120 5363; x_wconf 74' lang='grc' dir='ltr'><strong>στρατιωτῶν.</strong></span> <span class='ocrx_word' id='word_1_603' title='bbox 1157 5294 1294 5356; x_wconf 84' lang='lat' dir='ltr'><strong>sive,</strong></span> <span class='ocrx_word' id='word_1_604' title='bbox 1336 5291 1457 5345; x_wconf 27' lang='grc' dir='ltr'><strong>ίκαὶ</strong></span> <span class='ocrx_word' id='word_1_605' title='bbox 1486 5293 1578 5344; x_wconf 88' lang='grc' dir='ltr'><strong>ἀπ’</strong></span> <span class='ocrx_word' id='word_1_606' title='bbox 1610 5293 1790 5345; x_wconf 70' lang='grc' dir='ltr'><strong>αὐτῶν</strong></span> <span class='ocrx_word' id='word_1_607' title='bbox 1852 5292 2060 5363; x_wconf 86' lang='grc' dir='ltr'><strong>διατρέ-</strong></span> 
     </span>
    </p>
   </div>
   <div class='ocr_carea' id='block_1_91' title="bbox 473 5362 1721 5433">
    <p class='ocr_par' dir='ltr' id='par_1_91' title="bbox 473 5362 1721 5433">
     <span class='ocr_line' id='line_1_92' title="bbox 473 5362 1721 5433; baseline 0.002 -19"><span class='ocrx_word' id='word_1_608' title='bbox 473 5362 669 5431; x_wconf 80' lang='grc' dir='ltr'><strong>φεσθαι</strong></span> <span class='ocrx_word' id='word_1_609' title='bbox 701 5362 830 5425; x_wconf 76' lang='grc' dir='ltr'><strong>τοὺς</strong></span> <span class='ocrx_word' id='word_1_610' title='bbox 867 5362 1233 5433; x_wconf 82' lang='grc' dir='ltr'><strong>στρατιώτας,</strong></span> <span class='ocrx_word' id='word_1_611' title='bbox 1264 5371 1360 5416; x_wconf 87' lang='lat' dir='ltr'><strong>aut</strong></span> <span class='ocrx_word' id='word_1_612' title='bbox 1383 5379 1494 5433; x_wconf 88' lang='lat' dir='ltr'><strong>quo</strong></span> <span class='ocrx_word' id='word_1_613' title='bbox 1528 5363 1721 5417; x_wconf 88' lang='lat' dir='ltr'><strong>simili.</strong></span> 
     </span>
    </p>
   </div>
   <div class='ocr_carea' id='block_1_92' title="bbox 2243 4026 3741 4100">
    <p class='ocr_par' dir='ltr' id='par_1_92' title="bbox 2243 4026 3741 4100">
     <span class='ocr_line' id='line_1_93' title="bbox 2243 4026 3741 4100; baseline -0.001 -20"><span class='ocrx_word' id='word_1_614' title='bbox 2243 4027 2358 4097; x_wconf 84' lang='grc'><strong>(15)</strong></span> <span class='ocrx_word' id='word_1_615' title='bbox 2410 4027 2737 4100; x_wconf 82' lang='grc' dir='ltr'><strong>Ἐκέλευσεν</strong></span> <span class='ocrx_word' id='word_1_616' title='bbox 2787 4027 3110 4100; x_wconf 15' lang='grc' dir='ltr'><strong>ἆρμαᾲκαθ</strong></span> <span class='ocrx_word' id='word_1_617' title='bbox 3167 4028 3354 4083; x_wconf 80' lang='grc' dir='ltr'><strong>αὐτῶν</strong></span> <span class='ocrx_word' id='word_1_618' title='bbox 3400 4027 3642 4100; x_wconf 78' lang='grc' dir='ltr'><strong>ἐξελθεῖν.</strong></span> <span class='ocrx_word' id='word_1_619' title='bbox 3677 4026 3741 4082; x_wconf 84' lang='lat' dir='ltr'><em>T6</em></span> 
     </span>
    </p>
   </div>
   <div class='ocr_carea' id='block_1_93' title="bbox 2167 4098 3739 4170">
    <p class='ocr_par' dir='ltr' id='par_1_93' title="bbox 2167 4098 3739 4170">
     <span class='ocr_line' id='line_1_94' title="bbox 2167 4098 3739 4170; baseline 0.001 -21"><span class='ocrx_word' id='word_1_620' title='bbox 2167 4098 2323 4170; x_wconf 75' lang='grc' dir='ltr'><strong>άρμα</strong></span> <span class='ocrx_word' id='word_1_621' title='bbox 2353 4106 2407 4151; x_wconf 91' lang='lat' dir='ltr'><strong>et</strong></span> <span class='ocrx_word' id='word_1_622' title='bbox 2432 4098 2744 4170; x_wconf 72' lang='grc' dir='ltr'><strong>τάάρματα</strong></span> <span class='ocrx_word' id='word_1_623' title='bbox 2777 4098 2974 4169; x_wconf 85' lang='lat' dir='ltr'><strong>plurali</strong></span> <span class='ocrx_word' id='word_1_624' title='bbox 3000 4114 3233 4154; x_wconf 91' lang='lat' dir='ltr'><strong>numero</strong></span> <span class='ocrx_word' id='word_1_625' title='bbox 3251 4100 3400 4170; x_wconf 85' lang='lat' dir='ltr'><strong>apud</strong></span> <span class='ocrx_word' id='word_1_626' title='bbox 3425 4098 3739 4170; x_wconf 87' lang='lat' dir='ltr'><strong>recentiores</strong></span> 
     </span>
    </p>
   </div>
   <div class='ocr_carea' id='block_1_94' title="bbox 2168 4168 3741 4239">
    <p class='ocr_par' dir='ltr' id='par_1_94' title="bbox 2168 4168 3741 4239">
     <span class='ocr_line' id='line_1_95' title="bbox 2168 4168 3741 4239; baseline 0.001 -18"><span class='ocrx_word' id='word_1_627' title='bbox 2168 4168 2629 4237; x_wconf 88' lang='lat' dir='ltr'><strong>l&#39;requentissime</strong></span> <span class='ocrx_word' id='word_1_628' title='bbox 2682 4168 2989 4225; x_wconf 80' lang='lat' dir='ltr'><strong>occurrunt</strong></span> <span class='ocrx_word' id='word_1_629' title='bbox 3025 4188 3039 4224; x_wconf 92' lang='lat'><strong>:</strong></span> <span class='ocrx_word' id='word_1_630' title='bbox 3076 4171 3184 4224; x_wconf 90' lang='lat' dir='ltr'><strong>hoc</strong></span> <span class='ocrx_word' id='word_1_631' title='bbox 3222 4168 3412 4225; x_wconf 81' lang='lat' dir='ltr'><strong>tamen</strong></span> <span class='ocrx_word' id='word_1_632' title='bbox 3452 4171 3570 4225; x_wconf 91' lang='lat' dir='ltr'><strong>loco</strong></span> <span class='ocrx_word' id='word_1_633' title='bbox 3600 4169 3741 4239; x_wconf 78' lang='grc' dir='ltr'><strong>ἅρμα</strong></span> 
     </span>
    </p>
   </div>
   <div class='ocr_carea' id='block_1_95' title="bbox 2168 4239 3740 4309">
    <p class='ocr_par' dir='ltr' id='par_1_95' title="bbox 2168 4239 3740 4309">
     <span class='ocr_line' id='line_1_96' title="bbox 2168 4239 3740 4309; baseline 0 -16"><span class='ocrx_word' id='word_1_634' title='bbox 2168 4253 2269 4309; x_wconf 90' lang='lat' dir='ltr'><strong>pro</strong></span> <span class='ocrx_word' id='word_1_635' title='bbox 2293 4241 2553 4305; x_wconf 70' lang='lat' dir='ltr'><strong>exercitu,</strong></span> <span class='ocrx_word' id='word_1_636' title='bbox 2578 4254 2677 4295; x_wconf 85' lang='lat' dir='ltr'><strong>seu</strong></span> <span class='ocrx_word' id='word_1_637' title='bbox 2723 4239 2985 4294; x_wconf 75' lang='lat' dir='ltr'><strong>militibus</strong></span> <span class='ocrx_word' id='word_1_638' title='bbox 3017 4240 3183 4295; x_wconf 81' lang='lat' dir='ltr'><strong>armis</strong></span> <span class='ocrx_word' id='word_1_639' title='bbox 3233 4242 3540 4304; x_wconf 75' lang='lat' dir='ltr'><strong>instructis,</strong></span> <span class='ocrx_word' id='word_1_640' title='bbox 3595 4241 3740 4309; x_wconf 85' lang='lat' dir='ltr'><strong>poni-</strong></span> 
     </span>
    </p>
   </div>
   <div class='ocr_carea' id='block_1_96' title="bbox 2170 4319 2280 4363">
    <p class='ocr_par' dir='ltr' id='par_1_96' title="bbox 2170 4319 2280 4363">
     <span class='ocr_line' id='line_1_97' title="bbox 2170 4319 2280 4363; baseline -0.018 0"><span class='ocrx_word' id='word_1_641' title='bbox 2170 4319 2280 4363; x_wconf 78' lang='lat' dir='ltr'><strong>llll‘.</strong></span> 
     </span>
    </p>
   </div>
   <div class='ocr_carea' id='block_1_97' title="bbox 2242 4377 3739 4453">
    <p class='ocr_par' dir='ltr' id='par_1_97' title="bbox 2242 4377 3739 4453">
     <span class='ocr_line' id='line_1_98' title="bbox 2242 4377 3739 4453; baseline 0 -21"><span class='ocrx_word' id='word_1_642' title='bbox 2242 4377 2357 4450; x_wconf 89' lang='grc'><strong>(16)</strong></span> <span class='ocrx_word' id='word_1_643' title='bbox 2387 4378 2501 4453; x_wconf 76' lang='grc' dir='ltr'><strong>Τὴν</strong></span> <span class='ocrx_word' id='word_1_644' title='bbox 2530 4377 2625 4453; x_wconf 79' lang='grc' dir='ltr'><strong>τοῦ</strong></span> <span class='ocrx_word' id='word_1_645' title='bbox 2656 4380 2849 4451; x_wconf 79' lang='grc' dir='ltr'><strong>ἀνδρὸς</strong></span> <span class='ocrx_word' id='word_1_646' title='bbox 2874 4380 3103 4453; x_wconf 79' lang='grc' dir='ltr'><strong>τόλμαν.</strong></span> <span class='ocrx_word' id='word_1_647' title='bbox 3140 4379 3333 4453; x_wconf 88' lang='lat' dir='ltr'><strong>Unum</strong></span> <span class='ocrx_word' id='word_1_648' title='bbox 3368 4381 3600 4451; x_wconf 88' lang='lat' dir='ltr'><strong>reliquis</strong></span> <span class='ocrx_word' id='word_1_649' title='bbox 3633 4394 3739 4434; x_wconf 88' lang='lat' dir='ltr'><strong>om-</strong></span> 
     </span>
    </p>
   </div>
   <div class='ocr_carea' id='block_1_98' title="bbox 2169 4449 3735 4507">
    <p class='ocr_par' dir='ltr' id='par_1_98' title="bbox 2169 4449 3735 4507">
     <span class='ocr_line' id='line_1_99' title="bbox 2169 4449 3735 4507; baseline -0.001 -3"><span class='ocrx_word' id='word_1_650' title='bbox 2169 4449 2345 4505; x_wconf 89' lang='lat' dir='ltr'><strong>nibus</strong></span> <span class='ocrx_word' id='word_1_651' title='bbox 2395 4449 2772 4505; x_wconf 78' lang='lat' dir='ltr'><strong>audaciorem</strong></span> <span class='ocrx_word' id='word_1_652' title='bbox 2803 4453 2894 4506; x_wconf 92' lang='lat' dir='ltr'><strong>hic</strong></span> <span class='ocrx_word' id='word_1_653' title='bbox 2950 4449 3184 4506; x_wconf 89' lang='lat' dir='ltr'><strong>iimuere</strong></span> <span class='ocrx_word' id='word_1_654' title='bbox 3245 4449 3735 4507; x_wconf 57' lang='lat' dir='ltr'><strong>videtur&#39;auctor:</strong></span> 
     </span>
    </p>
   </div>
   <div class='ocr_carea' id='block_1_99' title="bbox 2170 4519 3739 4590">
    <p class='ocr_par' dir='ltr' id='par_1_99' title="bbox 2170 4519 3739 4590">
     <span class='ocr_line' id='line_1_100' title="bbox 2170 4519 3739 4590; baseline -0.002 -15"><span class='ocrx_word' id='word_1_655' title='bbox 2170 4531 2223 4575; x_wconf 91' lang='lat' dir='ltr'><strong>et</strong></span> <span class='ocrx_word' id='word_1_656' title='bbox 2253 4520 2476 4590; x_wconf 89' lang='lat' dir='ltr'><strong>quidem</strong></span> <span class='ocrx_word' id='word_1_657' title='bbox 2545 4519 2800 4576; x_wconf 83' lang='lat' dir='ltr'><strong>Maurum</strong></span> <span class='ocrx_word' id='word_1_658' title='bbox 2869 4521 3020 4576; x_wconf 86' lang='lat' dir='ltr'><strong>hunc</strong></span> <span class='ocrx_word' id='word_1_659' title='bbox 3071 4522 3398 4590; x_wconf 74' lang='lat' dir='ltr'><strong>dictum_ait</strong></span> <span class='ocrx_word' id='word_1_660' title='bbox 3427 4521 3581 4590; x_wconf 85' lang='lat' dir='ltr'><strong>_Chr.</strong></span> <span class='ocrx_word' id='word_1_661' title='bbox 3624 4522 3739 4590; x_wconf 65' lang='lat' dir='ltr'><strong>Ale-</strong></span> 
     </span>
    </p>
   </div>
   <div class='ocr_carea' id='block_1_100' title="bbox 2171 4587 3739 4659">
    <p class='ocr_par' dir='ltr' id='par_1_100' title="bbox 2171 4587 3739 4659">
     <span class='ocr_line' id='line_1_101' title="bbox 2171 4587 3739 4659; baseline -0.001 -15"><span class='ocrx_word' id='word_1_662' title='bbox 2171 4587 2434 4644; x_wconf 79' lang='lat' dir='ltr'><strong>xandrini</strong></span> <span class='ocrx_word' id='word_1_663' title='bbox 2467 4600 2684 4655; x_wconf 86' lang='lat' dir='ltr'><strong>auctor,</strong></span> <span class='ocrx_word' id='word_1_664' title='bbox 2731 4591 2816 4646; x_wconf 89' lang='lat' dir='ltr'><strong>his</strong></span> <span class='ocrx_word' id='word_1_665' title='bbox 2862 4593 3048 4647; x_wconf 88' lang='lat' dir='ltr'><strong>verbis</strong></span> <span class='ocrx_word' id='word_1_666' title='bbox 3089 4612 3102 4647; x_wconf 92' lang='lat'>:</span> <span class='ocrx_word' id='word_1_667' title='bbox 3146 4593 3239 4645; x_wconf 84' lang='grc' dir='ltr'><strong>Ἐν</strong></span> <span class='ocrx_word' id='word_1_668' title='bbox 3269 4587 3352 4655; x_wconf 73' lang='grc' dir='ltr'><strong>οἷς</strong></span> <span class='ocrx_word' id='word_1_669' title='bbox 3396 4587 3477 4656; x_wconf 78' lang='grc' dir='ltr'><strong>εἷς</strong></span> <span class='ocrx_word' id='word_1_670' title='bbox 3528 4587 3739 4659; x_wconf 78' lang='grc' dir='ltr'><strong>Μαῦρος</strong></span> 
     </span>
    </p>
   </div>
   <div class='ocr_carea' id='block_1_101' title="bbox 2169 4660 3738 4732">
    <p class='ocr_par' dir='ltr' id='par_1_101' title="bbox 2169 4660 3738 4732">
     <span class='ocr_line' id='line_1_102' title="bbox 2169 4660 3738 4732; baseline 0 -19"><span class='ocrx_word' id='word_1_671' title='bbox 2169 4660 2393 4732; x_wconf 75' lang='grc' dir='ltr'><strong>ἔρριψεν</strong></span> <span class='ocrx_word' id='word_1_672' title='bbox 2425 4660 2615 4732; x_wconf 73' lang='grc' dir='ltr'><strong>ἐπάνω</strong></span> <span class='ocrx_word' id='word_1_673' title='bbox 2636 4661 2732 4715; x_wconf 92' lang='grc' dir='ltr'><strong>τοῦ</strong></span> <span class='ocrx_word' id='word_1_674' title='bbox 2759 4662 3025 4731; x_wconf 83' lang='grc' dir='ltr'><strong>βασιλέως</strong></span> <span class='ocrx_word' id='word_1_675' title='bbox 3050 4678 3064 4693; x_wconf 84' lang='grc'>⁶</span> <span class='ocrx_word' id='word_1_676' title='bbox 3092 4665 3186 4716; x_wconf 83' lang='grc' dir='ltr'><strong>καὶ</strong></span> <span class='ocrx_word' id='word_1_677' title='bbox 3229 4663 3410 4731; x_wconf 66' lang='grc' dir='ltr'><strong>ἐξεφη</strong></span> <span class='ocrx_word' id='word_1_678' title='bbox 3444 4671 3549 4717; x_wconf 86' lang='lat' dir='ltr'><strong>etc.</strong></span> <span class='ocrx_word' id='word_1_679' title='bbox 3574 4678 3589 4728; x_wconf 88' lang='lat'><strong>;</strong></span> <span class='ocrx_word' id='word_1_680' title='bbox 3623 4674 3738 4730; x_wconf 69' lang='lat' dir='ltr'><strong>qua:</strong></span> 
     </span>
    </p>
   </div>
   <div class='ocr_carea' id='block_1_102' title="bbox 2167 4730 3443 4801">
    <p class='ocr_par' dir='ltr' id='par_1_102' title="bbox 2167 4730 3443 4801">
     <span class='ocr_line' id='line_1_103' title="bbox 2167 4730 3443 4801; baseline 0 -15"><span class='ocrx_word' id='word_1_681' title='bbox 2167 4730 2339 4801; x_wconf 73' lang='lat' dir='ltr'><strong>verba</strong></span> <span class='ocrx_word' id='word_1_682' title='bbox 2374 4733 2516 4801; x_wconf 85' lang='lat' dir='ltr'><strong>apud</strong></span> <span class='ocrx_word' id='word_1_683' title='bbox 2541 4730 2801 4788; x_wconf 85' lang='lat' dir='ltr'><strong>Nostrum</strong></span> <span class='ocrx_word' id='word_1_684' title='bbox 2835 4734 3140 4789; x_wconf 68' lang='lat' dir='ltr'><strong>desiderari</strong></span> <span class='ocrx_word' id='word_1_685' title='bbox 3162 4730 3443 4788; x_wconf 85' lang='lat' dir='ltr'><strong>videntur.</strong></span> 
     </span>
    </p>
   </div>
   <div class='ocr_carea' id='block_1_103' title="bbox 2242 4800 3735 4874">
    <p class='ocr_par' dir='ltr' id='par_1_103' title="bbox 2242 4800 3735 4874">
     <span class='ocr_line' id='line_1_104' title="bbox 2242 4800 3735 4874; baseline -0.001 -19"><span class='ocrx_word' id='word_1_686' title='bbox 2242 4800 2355 4871; x_wconf 84' lang='grc'><strong>(17)</strong></span> <span class='ocrx_word' id='word_1_687' title='bbox 2412 4800 2798 4874; x_wconf 84' lang='grc' dir='ltr'><strong>Προαχθέντος</strong></span> <span class='ocrx_word' id='word_1_688' title='bbox 2858 4805 3104 4874; x_wconf 75' lang='grc' dir='ltr'><strong>ἐπάρχου</strong></span> <span class='ocrx_word' id='word_1_689' title='bbox 3128 4803 3359 4866; x_wconf 87' lang='grc' dir='ltr'><strong>πόλεως.</strong></span> <span class='ocrx_word' id='word_1_690' title='bbox 3390 4800 3735 4857; x_wconf 78' lang='lat' dir='ltr'><strong>Alexandrini</strong></span> 
     </span>
    </p>
   </div>
   <div class='ocr_carea' id='block_1_104' title="bbox 2169 4872 3730 4943">
    <p class='ocr_par' dir='ltr' id='par_1_104' title="bbox 2169 4872 3730 4943">
     <span class='ocr_line' id='line_1_105' title="bbox 2169 4872 3730 4943; baseline -0.002 -17"><span class='ocrx_word' id='word_1_691' title='bbox 2169 4872 2444 4943; x_wconf 77' lang='lat' dir='ltr'><strong>interpres</strong></span> <span class='ocrx_word' id='word_1_692' title='bbox 2474 4872 2482 4874; x_wconf 71' lang='grc'><strong><em>“</em></strong></span> <span class='ocrx_word' id='word_1_693' title='bbox 2507 4873 2626 4928; x_wconf 80' lang='lat' dir='ltr'><strong>haec</strong></span> <span class='ocrx_word' id='word_1_694' title='bbox 2653 4875 2835 4935; x_wconf 88' lang='lat' dir='ltr'><strong>vertit,</strong></span> <span class='ocrx_word' id='word_1_695' title='bbox 2871 4872 3128 4942; x_wconf 71' lang='lat' dir='ltr'><strong>producto</strong></span> <span class='ocrx_word' id='word_1_696' title='bbox 3162 4873 3285 4927; x_wconf 83' lang='lat' dir='ltr'><strong>urbi</strong></span> <span class='ocrx_word' id='word_1_697' title='bbox 3311 4875 3730 4943; x_wconf 48' lang='lat' dir='ltr'><strong>prazfeclo,_etc.,</strong></span> 
     </span>
    </p>
   </div>
   <div class='ocr_carea' id='block_1_105' title="bbox 2171 4936 3731 5013">
    <p class='ocr_par' dir='ltr' id='par_1_105' title="bbox 2171 4936 3731 5013">
     <span class='ocr_line' id='line_1_106' title="bbox 2171 4936 3731 5013; baseline -0.001 -18"><span class='ocrx_word' id='word_1_698' title='bbox 2171 4936 2338 4997; x_wconf 66' lang='lat' dir='ltr'><strong>male.</strong></span> <span class='ocrx_word' id='word_1_699' title='bbox 2367 4936 2645 4998; x_wconf 62' lang='lat' dir='ltr'><strong>Caeterum</strong></span> <span class='ocrx_word' id='word_1_700' title='bbox 2690 4936 2880 4999; x_wconf 81' lang='lat' dir='ltr'><strong>textus</strong></span> <span class='ocrx_word' id='word_1_701' title='bbox 2905 4946 3081 5013; x_wconf 89' lang='lat' dir='ltr'><strong>ipsius</strong></span> <span class='ocrx_word' id='word_1_702' title='bbox 3110 4936 3322 4999; x_wconf 61' lang='lat' dir='ltr'><strong>lacuna&#39;</strong></span> <span class='ocrx_word' id='word_1_703' title='bbox 3340 4961 3408 4999; x_wconf 78' lang='lat' dir='ltr'><strong>ex</strong></span> <span class='ocrx_word' id='word_1_704' title='bbox 3426 4936 3529 4999; x_wconf 80' lang='lat' dir='ltr'><strong>hoc</strong></span> <span class='ocrx_word' id='word_1_705' title='bbox 3559 4941 3731 4996; x_wconf 88' lang='lat' dir='ltr'><strong>Nostri</strong></span> 
     </span>
    </p>
   </div>
   <div class='ocr_carea' id='block_1_106' title="bbox 2170 5013 3300 5083">
    <p class='ocr_par' dir='ltr' id='par_1_106' title="bbox 2170 5013 3300 5083">
     <span class='ocr_line' id='line_1_107' title="bbox 2170 5013 3300 5083; baseline -0.001 -17"><span class='ocrx_word' id='word_1_706' title='bbox 2170 5013 2292 5068; x_wconf 90' lang='lat' dir='ltr'><strong>loco</strong></span> <span class='ocrx_word' id='word_1_707' title='bbox 2322 5014 2563 5082; x_wconf 85' lang='lat' dir='ltr'><strong>suppleri</strong></span> <span class='ocrx_word' id='word_1_708' title='bbox 2591 5021 2792 5083; x_wconf 83' lang='lat' dir='ltr'><strong>potest.</strong></span> <span class='ocrx_word' id='word_1_709' title='bbox 3296 5013 3300 5017; x_wconf 83' lang='grc'><em>’</em></span> 
     </span>
    </p>
   </div>
   <div class='ocr_carea' id='block_1_107' title="bbox 2176 5081 3730 5156">
    <p class='ocr_par' dir='ltr' id='par_1_107' title="bbox 2176 5081 3730 5156">
     <span class='ocr_line' id='line_1_108' title="bbox 2176 5081 3730 5156; baseline -0.008 -12"><span class='ocrx_word' id='word_1_710' title='bbox 2176 5082 2353 5156; x_wconf 10' lang='grc'><strong>((18)</strong></span> <span class='ocrx_word' id='word_1_711' title='bbox 2404 5081 2715 5156; x_wconf 79' lang='grc' dir='ltr'><strong>Χειμευτὴς</strong></span> <span class='ocrx_word' id='word_1_712' title='bbox 2768 5085 3050 5156; x_wconf 83' lang='grc' dir='ltr'><strong>ὑπάρχων.</strong></span> <span class='ocrx_word' id='word_1_713' title='bbox 3115 5083 3193 5139; x_wconf 82' lang='lat' dir='ltr'><strong>Ita</strong></span> <span class='ocrx_word' id='word_1_714' title='bbox 3246 5081 3730 5156; x_wconf 34' lang='lat' dir='ltr'><strong>etiamLCedrenus</strong></span> 
     </span>
    </p>
   </div>
   <div class='ocr_carea' id='block_1_108' title="bbox 2166 5151 3730 5226">
    <p class='ocr_par' dir='ltr' id='par_1_108' title="bbox 2166 5151 3730 5226">
     <span class='ocr_line' id='line_1_109' title="bbox 2166 5151 3730 5226; baseline 0.003 -21"><span class='ocrx_word' id='word_1_715' title='bbox 2166 5151 2440 5226; x_wconf 31' lang='lat' dir='ltr'><strong>saepta).</strong></span> <span class='ocrx_word' id='word_1_716' title='bbox 2488 5151 2631 5225; x_wconf 78' lang='grc' dir='ltr'><strong>ἁνήρ</strong></span> <span class='ocrx_word' id='word_1_717' title='bbox 2671 5151 2771 5226; x_wconf 68' lang='grc' dir='ltr'><strong>’τις</strong></span> <span class='ocrx_word' id='word_1_718' title='bbox 2824 5151 3146 5226; x_wconf 62' lang='grc' dir='ltr'><strong>χείέιξευτὴς,</strong></span> <span class='ocrx_word' id='word_1_719' title='bbox 3179 5158 3243 5208; x_wconf 82' lang='grc' dir='ltr'><strong>ὲκ</strong></span> <span class='ocrx_word' id='word_1_720' title='bbox 3270 5156 3380 5207; x_wconf 85' lang='grc' dir='ltr'><strong>τῶν</strong></span> <span class='ocrx_word' id='word_1_721' title='bbox 3417 5155 3515 5224; x_wconf 80' lang='grc' dir='ltr'><strong>τῆς</strong></span> <span class='ocrx_word' id='word_1_722' title='bbox 3534 5151 3730 5226; x_wconf 26' lang='grc' dir='ltr'><strong>,χείμης</strong></span> 
     </span>
    </p>
   </div>
   <div class='ocr_carea' id='block_1_109' title="bbox 2165 5222 3726 5298">
    <p class='ocr_par' dir='ltr' id='par_1_109' title="bbox 2165 5222 3726 5298">
     <span class='ocr_line' id='line_1_110' title="bbox 2165 5222 3726 5298; baseline -0.016 -4"><span class='ocrx_word' id='word_1_723' title='bbox 2165 5222 2390 5298; x_wconf 59' lang='grc' dir='ltr'><strong>τεχνῶν.</strong></span> <span class='ocrx_word' id='word_1_724' title='bbox 2415 5222 2875 5298; x_wconf 42' lang='lat' dir='ltr'><strong>etC-Lutrobiquj</strong></span> <span class='ocrx_word' id='word_1_725' title='bbox 2894 5222 3050 5297; x_wconf 75' lang='lat' dir='ltr'><strong>perat</strong></span> <span class='ocrx_word' id='word_1_726' title='bbox 3080 5222 3506 5298; x_wconf 66' lang='lat' dir='ltr'><strong>diphthongum.</strong></span> <span class='ocrx_word' id='word_1_727' title='bbox 3531 5223 3726 5298; x_wconf 81' lang='lat' dir='ltr'><strong>Salma—</strong></span> 
     </span>
    </p>
   </div>
   <div class='ocr_carea' id='block_1_110' title="bbox 2168 5294 3727 5366">
    <p class='ocr_par' dir='ltr' id='par_1_110' title="bbox 2168 5294 3727 5366">
     <span class='ocr_line' id='line_1_111' title="bbox 2168 5294 3727 5366; baseline -0.003 -20"><span class='ocrx_word' id='word_1_728' title='bbox 2168 5294 2508 5366; x_wconf 68' lang='lat' dir='ltr'><strong>siustamen</strong></span> <span class='ocrx_word' id='word_1_729' title='bbox 2541 5294 2798 5351; x_wconf 48' lang='lat' dir='ltr'><strong>Plinianﬁ</strong></span> <span class='ocrx_word' id='word_1_730' title='bbox 2822 5294 3069 5354; x_wconf 54' lang='lat' dir='ltr'><strong>Ex&#39;ercit.</strong></span> <span class='ocrx_word' id='word_1_731' title='bbox 3107 5294 3162 5352; x_wconf 84' lang='lat' dir='ltr'><strong>in</strong></span> <span class='ocrx_word' id='word_1_732' title='bbox 3194 5294 3381 5352; x_wconf 50' lang='lat' dir='ltr'><strong>Solin.</strong></span> <span class='ocrx_word' id='word_1_733' title='bbox 3422 5309 3519 5366; x_wconf 82' lang='lat' dir='ltr'><strong>per</strong></span> <span class='ocrx_word' id='word_1_734' title='bbox 3547 5294 3727 5358; x_wconf 44' lang='lat' dir='ltr'><strong>nscri&#39;</strong></span> 
     </span>
    </p>
   </div>
   <div class='ocr_carea' id='block_1_111' title="bbox 2168 5364 2744 5421">
    <p class='ocr_par' dir='ltr' id='par_1_111' title="bbox 2168 5364 2744 5421">
     <span class='ocr_line' id='line_1_112' title="bbox 2168 5364 2744 5421; baseline 0.003 -3"><span class='ocrx_word' id='word_1_735' title='bbox 2168 5364 2409 5419; x_wconf 88' lang='lat' dir='ltr'><strong>bendum</strong></span> <span class='ocrx_word' id='word_1_736' title='bbox 2434 5366 2744 5421; x_wconf 86' lang='lat' dir='ltr'><strong>contendit.</strong></span> 
     </span>
    </p>
   </div>
   <div class='ocr_carea' id='block_1_112' title="bbox 1886 5516 2350 5576">
    <p class='ocr_par' dir='ltr' id='par_1_112' title="bbox 1886 5516 2350 5576">
     <span class='ocr_line' id='line_1_113' title="bbox 1886 5516 2350 5576; baseline 0.011 -5"><span class='ocrx_word' id='word_1_737' title='bbox 1886 5516 2078 5572; x_wconf 82' lang='lat' dir='ltr'><strong>HODII</strong></span> <span class='ocrx_word' id='word_1_738' title='bbox 2116 5518 2350 5576; x_wconf 70' lang='lat' dir='ltr'><strong>NOTIE.</strong></span> 
     </span>
    </p>
   </div>
   <div class='ocr_carea' id='block_1_113' title="bbox 542 5608 2055 5681">
    <p class='ocr_par' dir='ltr' id='par_1_113' title="bbox 542 5608 2055 5681">
     <span class='ocr_line' id='line_1_114' title="bbox 542 5608 2055 5681; baseline 0.001 -19"><span class='ocrx_word' id='word_1_739' title='bbox 542 5609 641 5680; x_wconf 74' lang='grc' dir='ltr'><strong>(ιη)</strong></span> <span class='ocrx_word' id='word_1_740' title='bbox 676 5610 893 5681; x_wconf 79' lang='grc' dir='ltr'><strong>Ἀρμα.</strong></span> <span class='ocrx_word' id='word_1_741' title='bbox 925 5608 1015 5681; x_wconf 87' lang='lat' dir='ltr'><strong>Sic</strong></span> <span class='ocrx_word' id='word_1_742' title='bbox 1055 5609 1117 5681; x_wconf 86' lang='lat' dir='ltr'><strong>C,</strong></span> <span class='ocrx_word' id='word_1_743' title='bbox 1145 5611 1236 5665; x_wconf 88' lang='lat' dir='ltr'><strong>ubi</strong></span> <span class='ocrx_word' id='word_1_744' title='bbox 1287 5609 1607 5666; x_wconf 86' lang='lat' dir='ltr'><strong>Holstenius</strong></span> <span class='ocrx_word' id='word_1_745' title='bbox 1650 5610 1815 5663; x_wconf 73' lang='grc' dir='ltr'><strong>αὐτὸν</strong></span> <span class='ocrx_word' id='word_1_746' title='bbox 1859 5626 2055 5680; x_wconf 88' lang='lat' dir='ltr'><strong>perpe-</strong></span> 
     </span>
    </p>
   </div>
   <div class='ocr_carea' id='block_1_114' title="bbox 470 5679 2053 5805">
    <p class='ocr_par' dir='ltr' id='par_1_114' title="bbox 470 5679 2053 5805">
     <span class='ocr_line' id='line_1_115' title="bbox 470 5679 2053 5803; baseline 0 -69"><span class='ocrx_word' id='word_1_747' title='bbox 470 5694 593 5801; x_wconf 58' lang='lat' dir='ltr'><strong>ran:</strong></span> <span class='ocrx_word' id='word_1_748' title='bbox 624 5679 936 5803; x_wconf 53' lang='lat' dir='ltr'><strong>suibstituit,</strong></span> <span class='ocrx_word' id='word_1_749' title='bbox 958 5679 1291 5743; x_wconf 79' lang='lat' dir='ltr'><strong>Dufresnius</strong></span> <span class='ocrx_word' id='word_1_750' title='bbox 1323 5682 1532 5736; x_wconf 88' lang='lat' dir='ltr'><strong>mavult</strong></span> <span class='ocrx_word' id='word_1_751' title='bbox 1560 5679 1884 5753; x_wconf 53' lang='grc' dir='ltr'><strong>ἀρμάτουςλ</strong></span> <span class='ocrx_word' id='word_1_752' title='bbox 1914 5681 2053 5734; x_wconf 80' lang='lat' dir='ltr'><strong>nihil</strong></span> 
     </span>
     <span class='ocr_line' id='line_1_116' title="bbox 474 5763 823 5805; baseline 0.006 -2"><span class='ocrx_word' id='word_1_753' title='bbox 474 5763 566 5803; x_wconf 85' lang='lat' dir='ltr'><strong>mu</strong></span> <span class='ocrx_word' id='word_1_754' title='bbox 596 5764 683 5803; x_wconf 71' lang='lat' dir='ltr'><strong>aut</strong></span> <span class='ocrx_word' id='word_1_755' title='bbox 711 5767 823 5805; x_wconf 93' lang='lat' dir='ltr'><strong>um.</strong></span> 
     </span>
    </p>
   </div>
   <div class='ocr_carea' id='block_1_115' title="bbox 541 5815 2050 5895">
    <p class='ocr_par' dir='ltr' id='par_1_115' title="bbox 541 5815 2050 5895">
     <span class='ocr_line' id='line_1_117' title="bbox 541 5815 2050 5895; baseline 0.005 -25"><span class='ocrx_word' id='word_1_756' title='bbox 541 5818 623 5890; x_wconf 82' lang='grc' dir='ltr'><strong>(η)</strong></span> <span class='ocrx_word' id='word_1_757' title='bbox 661 5820 905 5895; x_wconf 81' lang='grc' dir='ltr'><strong>Χαλκήν.</strong></span> <span class='ocrx_word' id='word_1_758' title='bbox 956 5819 1096 5878; x_wconf 77' lang='lat' dir='ltr'><strong>Vide</strong></span> <span class='ocrx_word' id='word_1_759' title='bbox 1144 5821 1361 5880; x_wconf 81' lang='lat' dir='ltr'><strong>Dufres.</strong></span> <span class='ocrx_word' id='word_1_760' title='bbox 1416 5820 1522 5878; x_wconf 77' lang='grc' dir='ltr'><strong>ΟΡ.</strong></span> <span class='ocrx_word' id='word_1_761' title='bbox 1576 5815 1806 5891; x_wconf 83' lang='lat' dir='ltr'><strong>Christ.,</strong></span> <span class='ocrx_word' id='word_1_762' title='bbox 1838 5822 1934 5878; x_wconf 88' lang='lat' dir='ltr'><strong>lib.</strong></span> <span class='ocrx_word' id='word_1_763' title='bbox 1989 5838 2050 5891; x_wconf 86' lang='grc' dir='ltr'><strong>ιι,</strong></span> 
     </span>
    </p>
   </div>
   <div class='ocr_carea' id='block_1_116' title="bbox 2165 5614 2563 5678">
    <p class='ocr_par' dir='ltr' id='par_1_116' title="bbox 2165 5614 2563 5678">
     <span class='ocr_line' id='line_1_118' title="bbox 2165 5614 2563 5678; baseline 0.005 -12"><span class='ocrx_word' id='word_1_764' title='bbox 2165 5621 2304 5667; x_wconf 59' lang='grc' dir='ltr'><strong>δίδοι.</strong></span> <span class='ocrx_word' id='word_1_765' title='bbox 2336 5614 2391 5678; x_wconf 70' lang='grc'><strong>4,</strong></span> <span class='ocrx_word' id='word_1_766' title='bbox 2420 5631 2475 5668; x_wconf 88' lang='lat' dir='ltr'><strong>n.</strong></span> <span class='ocrx_word' id='word_1_767' title='bbox 2509 5614 2563 5668; x_wconf 70' lang='grc'><strong>2.</strong></span> 
     </span>
    </p>
   </div>
   <div class='ocr_carea' id='block_1_117' title="bbox 2237 5684 3327 5753">
    <p class='ocr_par' dir='ltr' id='par_1_117' title="bbox 2237 5684 3327 5753">
     <span class='ocr_line' id='line_1_119' title="bbox 2237 5684 3327 5753; baseline 0.005 -16"><span class='ocrx_word' id='word_1_768' title='bbox 2237 5684 2310 5753; x_wconf 86' lang='grc' dir='ltr'><strong>(ο)</strong></span> <span class='ocrx_word' id='word_1_769' title='bbox 2351 5686 2642 5752; x_wconf 79' lang='grc' dir='ltr'><strong>Ἐμόολος.</strong></span> <span class='ocrx_word' id='word_1_770' title='bbox 2678 5686 2742 5741; x_wconf 80' lang='grc' dir='ltr'><strong>γ.</strong></span> <span class='ocrx_word' id='word_1_771' title='bbox 2780 5687 2912 5743; x_wconf 82' lang='lat' dir='ltr'><strong>ibitl.</strong></span> <span class='ocrx_word' id='word_1_772' title='bbox 2946 5698 3083 5743; x_wconf 89' lang='lat' dir='ltr'><strong>sect.</strong></span> <span class='ocrx_word' id='word_1_773' title='bbox 3113 5691 3167 5753; x_wconf 79' lang='lat'><strong>5,</strong></span> <span class='ocrx_word' id='word_1_774' title='bbox 3195 5705 3247 5742; x_wconf 91' lang='lat' dir='ltr'><strong>n.</strong></span> <span class='ocrx_word' id='word_1_775' title='bbox 3272 5688 3327 5743; x_wconf 77' lang='grc'><strong>2.</strong></span> 
     </span>
    </p>
   </div>
   <div class='ocr_carea' id='block_1_118' title="bbox 2260 5754 3467 5826">
    <p class='ocr_par' dir='ltr' id='par_1_118' title="bbox 2260 5754 3467 5826">
     <span class='ocr_line' id='line_1_120' title="bbox 2260 5754 3467 5826; baseline 0 -17"><span class='ocrx_word' id='word_1_776' title='bbox 2260 5754 2316 5826; x_wconf 84' lang='grc' dir='ltr'><strong>ρ)</strong></span> <span class='ocrx_word' id='word_1_777' title='bbox 2360 5755 2705 5826; x_wconf 81' lang='grc' dir='ltr'><strong>Ἑξαῖππίου.</strong></span> <span class='ocrx_word' id='word_1_778' title='bbox 2745 5758 2809 5813; x_wconf 88' lang='lat' dir='ltr'><strong>V.</strong></span> <span class='ocrx_word' id='word_1_779' title='bbox 2835 5760 2972 5813; x_wconf 87' lang='lat' dir='ltr'><strong>ibid.</strong></span> <span class='ocrx_word' id='word_1_780' title='bbox 3004 5769 3144 5815; x_wconf 90' lang='lat' dir='ltr'><strong>sect.</strong></span> <span class='ocrx_word' id='word_1_781' title='bbox 3170 5760 3262 5826; x_wconf 85' lang='grc'><strong>16,</strong></span> <span class='ocrx_word' id='word_1_782' title='bbox 3292 5776 3349 5814; x_wconf 86' lang='lat' dir='ltr'><strong>n.</strong></span> <span class='ocrx_word' id='word_1_783' title='bbox 3380 5756 3467 5811; x_wconf 70' lang='grc'><strong>46.</strong></span> 
     </span>
    </p>
   </div>
   <div class='ocr_carea' id='block_1_119' title="bbox 2255 5823 3513 5901">
    <p class='ocr_par' dir='ltr' id='par_1_119' title="bbox 2255 5823 3513 5901">
     <span class='ocr_line' id='line_1_121' title="bbox 2255 5823 3513 5901; baseline -0.003 -16"><span class='ocrx_word' id='word_1_784' title='bbox 2255 5823 2308 5896; x_wconf 83' lang='lat' dir='ltr'><strong>q)</strong></span> <span class='ocrx_word' id='word_1_785' title='bbox 2348 5825 2520 5897; x_wconf 83' lang='grc' dir='ltr'><strong>Φόρου</strong></span> <span class='ocrx_word' id='word_1_786' title='bbox 2553 5828 2622 5883; x_wconf 86' lang='grc' dir='ltr'><strong>Κ.</strong></span> <span class='ocrx_word' id='word_1_787' title='bbox 2669 5828 2730 5886; x_wconf 86' lang='lat' dir='ltr'><strong>V.</strong></span> <span class='ocrx_word' id='word_1_788' title='bbox 2764 5830 2900 5886; x_wconf 90' lang='lat' dir='ltr'><strong>ibid.</strong></span> <span class='ocrx_word' id='word_1_789' title='bbox 2934 5838 3073 5888; x_wconf 89' lang='lat' dir='ltr'><strong>sect.</strong></span> <span class='ocrx_word' id='word_1_790' title='bbox 3105 5831 3201 5901; x_wconf 71' lang='grc'><strong>24,</strong></span> <span class='ocrx_word' id='word_1_791' title='bbox 3231 5823 3295 5888; x_wconf 68' lang='lat' dir='ltr'><strong>n.</strong></span> <span class='ocrx_word' id='word_1_792' title='bbox 3323 5829 3375 5897; x_wconf 84' lang='grc'><strong>1,</strong></span> <span class='ocrx_word' id='word_1_793' title='bbox 3409 5837 3513 5882; x_wconf 82' lang='lat' dir='ltr'><strong>etc.</strong></span> 
     </span>
    </p>
   </div>
  </div>
