3894 6428
437 349 544 412 587

1743 345 2067 411 JOANNIS
2108 349 2434 412 MALALE

3594 343 3696 407 588

441 462 742 528 chensem;
791 457 880 530 qui
932 467 986 514 et
1015 457 1378 530 Byzantinum
1430 455 1763 528 quemdam,
1793 457 2022 513 nomine

2131 473 2252 526 γετο
2297 456 2514 529 κόμητα
2575 454 2865 524 ’Δνατολῆς
2892 453 2984 508 τὸν
3018 453 3067 494 ’³
3097 453 3204 508 ἀπὸ
3249 463 3698 530 κομμιρκιαρίων

443 553 660 610 Menam
682 596 697 620 ,
737 552 931 606 divino
963 550 1320 620 imperatoris
1350 563 1416 605 ex
1457 549 1681 615 edicto,
1718 548 2024 620 Nyctepar-

443 649 611 703 chum
646 646 749 702 sibi
801 645 1013 700 habuit.
1077 643 1342 698 Tumultu
1395 652 1576 699 autem
1629 658 1659 698 a
1690 641 1939 697 Prasinis
1967 642 2023 696 in

442 741 650 813 populo
684 737 965 801 excitato,
1019 735 1286 804 quosdam
1333 751 1399 790 ex
1449 734 1732 791 seditiosis
1770 749 2024 804 compre-

442 830 683 886 hendere
732 829 926 884 statuit
959 826 1185 882 Menas:
1213 826 1358 896 quod
1391 827 1480 880 ubi
1525 825 1777 881 seditiosi
1815 823 1905 880 isti
1936 823 2024 877 in-

446 922 822 983 tellexissent,
853 919 919 973 ad
949 920 1128 973 sancti
1163 916 1395 972 Joannis
1425 916 1619 982 adem,
1643 923 1797 970 extra
1834 914 2022 968 urbem

442 1016 630 1076 sitam,
679 1010 1068 1081 confugerunt.
1125 1007 1537 1079 Nycteparchus
1587 1014 1768 1060 autem
1812 1005 1880 1060 de
1919 1003 2024 1058 hoc

441 1107 648 1162 certior
702 1103 900 1165 factus,
953 1107 1176 1170 sumpto
1203 1099 1308 1154 sibi
1361 1097 1593 1153 Gothico
1620 1095 1916 1167 praesidio,
1956 1108 2024 1149 eo

445 1195 739 1252 contendit
766 1202 1016 1263 tempore
1043 1190 1350 1244 meridiano
1379 1206 1392 1242 :
1427 1189 1800 1260 templumque
1835 1185 2024 1242 subito

440 1289 749 1360 ingressus,
802 1300 871 1340 ex
919 1283 1202 1339 seditiosis
1241 1281 1569 1353 quemdam,
1603 1279 1830 1336 nomine
1859 1280 2022 1334 Eleu-

441 1382 712 1442 therium,
741 1379 844 1434 sub
876 1391 1032 1432 sacra
1081 1375 1271 1430 altaris
1312 1389 1503 1429 mensa
1535 1373 1837 1428 latitantem
1865 1414 1879 1439 ,
1918 1370 2026 1426 ibi-

440 1476 564 1530 dem
595 1473 908 1537 transﬁxit;
941 1483 1246 1539 truncoque
1277 1468 1402 1522 inde
1442 1473 1728 1529 extracto,
1774 1469 1940 1535 caput
1973 1461 2024 1516 ei

441 1566 752 1638 amputavit
785 1583 798 1620 :
860 1564 995 1618 adeo
1026 1571 1084 1616 ut
1115 1569 1366 1616 sanctum
1406 1558 1568 1630 397
1595 1571 1818 1628 quoque
1850 1556 2026 1608 altare

439 1660 642 1716 exinde
685 1667 861 1712 totum
919 1655 1190 1722 sanguine
1251 1658 1732 1721 conspurcaretur.
1789 1648 2027 1714 Arrepto

439 1752 641 1809 deinde
667 1749 866 1820 capite,
902 1747 955 1802 in
988 1748 1179 1800 urbem
1215 1742 1564 1798 Antiochiam
1611 1753 1873 1794 reversus
1903 1745 1986 1792 est
2007 1775 2022 1800 ,

2124 549 2431 623 Προκόπιον
2461 549 2572 620 (27)
2603 549 2694 603 τὸν
2733 547 3032 618 Ἀντιοχέα·
3067 548 3228 610 ὅστις,
3248 558 3555 620 κατηνεγκε
3585 553 3700 623 μεθ’

2123 641 2319 696 ἐαυτοῦ
2352 643 2460 696 ἀπὸ
2518 641 2665 696 θείου
2714 639 2888 694 τύπου
2934 640 3319 712 νυκτέπαρχον
3367 642 3482 711 (28)
3514 645 3701 714 Μηνᾶν

2122 733 2370 804 ὀνόματι,
2412 734 2730 800 Βυζάντιον.
2781 733 2894 786 Kal
2929 733 3180 804 ταραχῆς
3216 735 3516 804 γενομένης
3558 737 3700 808 παρά

2123 825 2231 879 τῶν
2259 827 2354 880 τοῦ
2388 828 2661 897 Πρασίνου
2697 825 2918 896 μέρους,
2951 824 3218 894 ἐϐουλήθη
3252 826 3280 879 ὁ
3317 825 3477 891 αὐτὸς
3515 828 3703 897 Μηνᾶς

2124 922 2418 989 κατασχεῖν
2462 937 2618 983 τινας
2664 918 2772 972 τῶν
2815 917 3089 971 ἀτάκτων·
3141 917 3235 970 καὶ
3272 917 3492 986 γνόντες
3514 920 3701 974 ἐκεῖνοι

2125 1012 2474 1082 προσέφυγον
2528 1013 2607 1075 είς
2661 1011 2754 1064 τὸν
2800 1009 2954 1079 ἅγιον
3021 1009 3278 1078 Ἰωάννην
3333 1009 3438 1074 ἔξω
3479 1012 3574 1080 τῆς
3610 1011 3705 1065 πό-

2127 1101 2265 1166 λεως
2298 1101 2475 1175 (Ηῆ.
2514 1103 2623 1156 Kal
2671 1103 2838 1170 γνοὺς
2871 1100 3079 1154 τοῦτοό
3111 1101 3491 1170 νυκτέπαρχος
3532 1103 3588 1155 ἐν
3630 1102 3706 1173 τῷ

2131 1195 2461 1267 μεσημϐρίῳ
2490 1195 2700 1266 ἀπῆλθε
2744 1193 2881 1266 μετά
2917 1193 3182 1264 Γοτθικῆς
3215 1192 3468 1263 βοηθείας
3492 1194 3571 1256 είς
3620 1194 3705 1248 τὸν

2125 1288 2280 1357 ἅγιον
2320 1289 2594 1358 Ἰωάννην³
2629 1289 2726 1342 καὶ
2753 1288 3012 1358 ἐξαίφνης
3041 1286 3292 1355 εἰσῆλθεν
3320 1286 3402 1349 είς
3440 1285 3529 1338 τὸν
3559 1287 3706 1354 ἅγιον

2124 1377 2295 1444 οἷκον,
2339 1381 2434 1436 καὶ
2457 1376 2616 1452 εὗρεν
2643 1383 2762 1434 ἐκεῖ
2802 1381 3062 1434 ὑποκάτω
3100 1379 3200 1449 τῆς
3245 1378 3406 1446 ἀγίας
3433 1378 3708 1448 τραπέζης

2125 1474 2222 1528 τοῦ
2253 1472 2648 1543 θυσιαστηρίου
2680 1473 2802 1527 τινὰ
2832 1472 2942 1526 τῶν
2981 1471 3236 1526 ἀτάκτων
3265 1470 3493 1540 ὀνόματι
3533 1471 3706 1525 Ἐλευ-

2129 1565 2333 1637 θέριον·
2386 1567 2482 1620 καὶ
2511 1567 2780 1631 κεντήσας
2811 1553 2974 1618 αὐτὸν
2997 1562 3140 1629 ξίφει
3169 1565 3305 1626 ἐκεῖ,
3333 1561 3506 1631 σύρας
3529 1563 3591 1615 ἐκ
3617 1562 3706 1615 τοῦ

2128 1657 2522 1735 θυσιαστηρίου
2547 1656 2607 1710 τὸ
2631 1655 2882 1726 λείψανον
2910 1654 3102 1716 αὑτοῦ,
3131 1654 3556 1723 ἀπεκεφάλισεν⁸
3575 1652 3706 1707 ὦστι

2129 1751 2189 1806 τὸ
2220 1752 2377 1820 ἅγιον
2407 1751 2796 1820 θυσιαστήριον
2828 1747 3186 1818 πληρωθῆναι
3215 1747 3471 1816 αἵματος.
3499 1746 3604 1798 Kal
3621 1745 3708 1798 λα-

440 1859 677 1915 cumque
709 1842 776 1897 ad
812 1840 1037 1896 Orontis
1069 1845 1287 1908 pontem
1358 1833 1718 1906 pervenisset,
1776 1837 1940 1899 caput
1971 1829 2026 1883 in
2060 1839 2101 1894 Β
2129 1841 2240 1896 θὼν
2255 1843 2355 1910 τὴν
2373 1841 2615 1912 κεφαλὴν
2633 1841 2924 1911 εἰσήρχετο
2951 1840 3042 1892 ἐπὶ
3068 1838 3165 1908 τὴν
3194 1838 3351 1890 πόλιν
3367 1836 3705 1905 ἈντιόχειαΨ

440 1939 645 1994 ﬂumen
678 1935 929 2007 projeeit.
961 1932 1100 1986 Tum
1134 1945 1266 1986 vero
1301 1928 1366 1984 ad
1404 1926 1732 1996 l‘roCOpium
1768 1923 2023 1980 comitem

443 2034 760 2102 ingressus,
795 2043 909 2084 rem
949 2026 998 2082 ei
1040 2033 1239 2090 totam,
1293 2022 1442 2078 sicut
1493 2017 1803 2084 acciderat,
1855 2029 2028 2071 enar-

441 2125 609 2181 rarit.
667 2123 942 2192 Tempore
995 2125 1180 2173 autem
1235 2113 1656 2186 pomeridiano,
1711 2109 1804 2164 ubi
1860 2107 2028 2176 hujus

443 2221 524 2274 rei
558 2219 699 2270 fama
726 2213 974 2269 Prasinis
1017 2211 1359 2271 innotuerat,
1395 2205 1570 2262 sancti
1597 2202 1832 2258 Joannis
1855 2201 2026 2254 aedem

441 2309 733 2369 adeuntes,
795 2302 1096 2359 Eleutherii
1160 2309 1422 2355 truncum
1489 2297 1564 2352 ibi
1651 2296 2026 2350 invenerunt:

443 2417 609 2470 quem
673 2396 884 2451 lectica:
939 2392 1258 2463 impositum
1333 2389 1388 2443 in
1445 2388 1638 2442 urbem
1687 2385 2026 2441 detulerunt.

444 2491 652 2546 Balnea
686 2497 870 2542 autem
903 2485 1064 2541 Olbio
1091 2484 1251 2538 ‘dicto
1285 2479 1827 2551 appropinquantes,
1861 2492 1892 2532 e
1945 2490 2032 2531 re-

443 2582 608 2653 gione
641 2579 825 2633 Ruﬁni
870 2576 1114 2631 basilica:
1139 2613 1154 2638 ,
1213 2571 1618 2647 nycteparchus
1659 2584 1755 2624 eos
1796 2568 2029 2622 adortus

437 2684 531 2730 est
559 2715 573 2738 ,
617 2673 790 2742 copiis
815 2671 932 2725 suis
971 2667 1301 2734 civibusque
1334 2679 1401 2716 ex
1429 2661 1636 2717 Veneta
1663 2660 1906 2715 factione
1933 2660 2031 2715 sti-

445 2777 656 2838 patus:
701 2775 995 2835 pugnaque
1043 2764 1097 2814 in
1146 2757 1502 2812 Nauticorutn
1547 2755 1668 2808 vico
1701 2753 2026 2820 commissa,

448 2858 668 2913 Prasini
737 2854 1062 2926 superiores
1113 2859 1431 2906 evaserunt.
1489 2845 1670 2900 Ruﬁni
1732 2847 1917 2914 itaque
1975 2851 2030 2898 et

445 2949 710 3006 Zenodoti
764 2945 1014 3002 basilicis
1071 2943 1382 3012 occupatis,
1439 2940 1596 3010 ignes
1665 2937 2026 3006 injccerunt:

446 3041 592 3095 unde
627 3037 811 3094 Ruﬁni
865 3035 1099 3091 basilica
1152 3042 1267 3088 tota
1306 3030 1704 3101 conﬂagravit,
1758 3043 1864 3082 una
1901 3043 2028 3081 cum

444 3130 683 3192 duobus,
748 3143 872 3198 qua:
920 3128 1180 3194 utrinque
1227 3127 1524 3187 steterunt,
1611 3119 1921 3190 tetrapylis,
1972 3123 2027 3170 et

446 3220 706 3290 praetorio
755 3217 975 3272 comitis
1015 3215 1298 3280 Orientis;
1350 3227 1473 3283 qua:
1505 3218 1719 3266 vastata
1755 3208 2027 3263 incendiis

443 3312 632 3366 omnia
697 3319 1054 3365 corruerunt.
1121 3307 1320 3362 Comes
1393 3305 1616 3371 interim
1671 3300 1917 3356 Orientis
1977 3302 2030 3354 in

444 3400 843 3456 Alexandriam
901 3396 1193 3467 Cambysis
1222 3395 1349 3464 fuga
1391 3393 1606 3448 evasit:
1663 3391 1873 3445 Menam
1905 3404 2033 3443 vero

437 3491 882 3564 Inycteparchum
916 3488 1135 3542 Prasini
1187 3486 1610 3556 prchendentes,
1656 3490 1935 3550 caputque
1983 3480 2033 3536 ei

443 3583 851 3645 detondentes,
908 3580 1197 3635 testiculos
1241 3577 1364 3648 ejus
1417 3583 1790 3637 exsccarunt,
1826 3578 2034 3644 ipsum-

443 3691 557 3747 que
597 3676 803 3745 passim
849 3688 944 3743 per
997 3672 1188 3726 urbem
1271 3679 1546 3736 tractum,
1579 3669 1646 3723 de
1701 3681 1848 3721 aenea
1908 3674 2032 3719 tan-

444 3770 572 3823 dem
604 3776 812 3830 Statua,
852 3763 1136 3819 Colonisia
1194 3769 1387 3815 vocata
1415 3801 1430 3826 ,
1479 3776 1544 3815 ex
1582 3761 1832 3829 OppOsilO
1865 3758 2032 3813 medii

447 3856 551 3911 fori
600 3857 728 3921 sita,
783 3854 1233 3923 suspenderunt:
1298 3851 1645 3918 eadaverque
1697 3848 1820 3917 ejus
1873 3859 2030 3903 extra

438 3945 614 4018 398
641 3944 996 3998 Antiochiam
1029 3941 1220 3996 urbem
1251 3941 1586 4010 projectum,
1623 3940 1845 3994 cretniis
1882 3953 2033 3994 com-

444 4042 768 4095 busserunt.
812 4037 1115 4107 Imperator
1147 4043 1334 4088 autem
1379 4032 1747 4098 Anastasius,
1797 4031 1888 4087 ubi
1915 4033 2033 4087 haec

444 4131 726 4199 audierat,
759 4127 1023 4203 _Oricn.tis
1085 4127 1345 4183 comitem
1421 4125 1715 4182 constituit
1766 4124 2032 4181 Irenaeum

2132 1934 2228 1988 καὶ
2277 1932 2450 1987 ἐλθὼν
2490 1933 2596 1995 ἕως
2624 1932 2722 2001 τῆς
2771 1930 3019 2001 γεφύρης
3045 1929 3140 1983 τοῦ
3188 1929 3444 2000 Ὀρόντου
3470 1927 3706 1998 ποταμοῦ

2131 2023 2323 2095 ἔρριψε
2351 2024 2454 2103 τὴν
2498 2023 2743 2093 κειραλην
2786 2024 2866 2084 είς
2897 2021 2990 2074 τὸν
3025 2021 3294 2091 ποταμόν.
3329 2020 3442 2072 Kal
3471 2017 3709 2089 εἰσῆλθεν

2129 2116 2360 2185 ἐγγιστα
2400 2115 2713 2186 Προκοπίου
2749 2113 2841 2168 τοῦ
2889 2113 3134 2184 κόμητος
3183 2113 3291 2183 τῆς
3324 2112 3607 2178 ἀνατολῆς,
3637 2111 3708 2165 δι-

2129 2207 2434 2280 ηγούμενος
2462 2206 2612 2276 αύτῷ
2658 2205 2726 2258 τά
2769 2205 3078 2275 συμϐάντα.
3113 2205 3219 2256 Kal
3252 2203 3392 2272 μετά
3413 2202 3473 2255 τὸ
3511 2217 3708 2272 μεσημ·

2131 2299 2312 2370 ϐρινδν
2341 2299 2596 2369 ἐγνώσθη
2625 2297 2782 2350 τοῦτο
2813 2298 2922 2360 τοῖς
2948 2297 2988 2349 Π
2999 2295 3265 2366 ρασίνοιςο
3291 2296 3387 2348 καὶ
3413 2293 3707 2360 ἐξελθόντες

2131 2394 2210 2456 είς
2241 2392 2332 2445 τὸν
2367 2390 2793 2460 ἆγιονῚωάννην
2820 2381 2982 2460 εὗρον
3010 2388 3101 2441 τὸν
3133 2384 3706 2458 κορμὸνἙλευθερίου.

2131 2483 2241 2537 Kal
2260 2482 2518 2544 λαϐόντες
2552 2483 2634 2544 είς
2673 2479 3063 2552 κραϐαταρέαν
3095 2479 3206 2546 (29)
3236 2470 3302 2532 τδ
3341 2479 3590 2550 λείψανον
3615 2480 3706 2533 αὒ-

2131 2573 2248 2639 τοῦ,
2281 2575 2577 2645 εἰσήγαγον
2611 2573 2694 2636 είς
2719 2571 2818 2642 τὴν
2840 2571 2996 2625 πόλιν
3037 2571 3402 2643 βαστάζοντες
3426 2571 3574 2626 αύτό.
3608 2571 3708 2624 Καὶ

2131 2668 2524 2739 ύπηντήθησαν
2576 2665 2866 2719 κατέναντι
2929 2665 3030 2734 τῆς
3089 2665 3394 2736 λεγομένης
3438 2665 3705 2731 Ῥουφίνου

2132 2757 2424 2828 βασιλικῆς
2456 2757 2550 2810 ἐπὶ
2582 2757 2642 2810 τὸ
2664 2757 2888 2826 λουτρὸν
2915 2757 2974 2808 τὸ
3005 2755 3306 2825 λεγόμενον
3336 2757 3448 2808 τῶν
3484 2755 3705 2825 Ὀλϐῐης·

2131 2852 2225 2904 καὶ
2252 2850 2622 2920 συμϐαλόντες
2649 2850 2730 2912 είς
2759 2849 2860 2919 τὴν
2895 2847 3077 2919 ῥύμην
3109 2847 3218 2901 τῶν
3244 2847 3553 2901 θαλασσίων
3582 2845 3705 2916 μετά

2130 2942 2230 3012 τῆς
2264 2941 2520 3012 βοηθείας
2546 2943 2641 2995 καὶ
2679 2941 2776 2993 τοῦ
2811 2941 3196 3010 νυκτεπάρχου
3235 2941 3338 2994 καὶ
3363 2939 3472 2992 τῶν
3503 2937 3593 2991 τοῦ
3623 2939 3705 2991 Bs.

2129 3035 2286 3090 νέτου
2326 3033 2526 3103 μέρους
2562 3030 2816 3100 δημοτῶν
2859 3031 3060 3100 μάχην,
3107 3031 3458 3100 περιεγένετο
3484 3031 3510 3081 ό
3549 3028 3706 3098 δῆμος

2131 3125 2224 3178 τοῦ
2259 3124 2531 3195 Πρασίνου
2579 3124 2806 3194 μέρους·
2839 3124 2936 3176 καὶ
2973 3122 3392 3193 παραλαϐόντες
3433 3125 3529 3191 τὴν
3561 3122 3704 3174 Ῥου-

2140 3217 2296 3287 φίνου
2327 3217 2617 3286 βασιλικὴν
2637 3215 2733 3268 καὶ
2751 3215 2850 3286 τὴν
2880 3215 3181 3287 λεγομένην
3213 3216 3506 3284 Ζηνοδότου
3532 3214 3706 3266 ἔϐαλον

2139 3307 2272 3378 πῦρ,
2303 3308 2398 3362 καὶ
2447 3307 2655 3376 ἐκαύθη
2686 3309 2836 3360 πᾶσα
2868 3308 2899 3378 ἡ
2945 3307 3227 3375 Ῥουφίνου
3283 3311 3376 3360 καὶ
3404 3308 3470 3360 τὰ
3512 3307 3602 3361 δύο
3625 3323 3706 3360 τε-

2137 3398 2391 3470 τράπυλα
2451 3400 2517 3452 τὰ
2549 3398 2802 3452 ἐντεῦθεν
2857 3394 3114 3451 κάκεῖθεν
3160 3398 3257 3451 καὶ
3297 3399 3356 3453 τὸ
3395 3398 3707 3469 πραιτώριον

2137 3491 2232 3543 τοῦ
2263 3493 2501 3562 κόμητος
2553 3491 2652 3559 τῆς
2685 3490 3004 3560 Ἀνατολῆς.
3038 3493 3132 3544 καὶ
3180 3493 3365 3545 πάντα
3412 3491 3704 3562 κατηνέχθη

2140 3582 2245 3634 ὑπὸ
2271 3582 2366 3635 τοῦ
2396 3584 2566 3651 πυρὸς
2595 3583 2987 3654 διαφθαρέντα.
3019 3585 3126 3638 Kal
3153 3584 3358 3654 ἔφυγεν
3391 3583 3440 3656 [1
3463 3583 3541 3655 15]
3579 3586 3604 3636 ό
3629 3581 3710 3636 κό-

2139 3690 2248 3745 μης
2274 3674 2373 3743 τῆς
2402 3675 2696 3760 ξΑνατολῆς
2720 3677 2801 3738 είς
2834 3676 3242 3746 Ἀλεξάνδρειαν
3282 3678 3384 3749 τὴν
3427 3678 3472 3709 ⁷⁸
3498 3675 3707 3747 Καμϐύ-

2138 3781 2233 3818 σου
2269 3763 2400 3836 (50).
2423 3767 2531 3818 Kal
2553 3767 2850 3830 πιάσαντες
2877 3769 2926 3819 οί
2955 3769 3063 3820 ἀπὸ
3092 3767 3188 3820 τοῦ
3222 3771 3266 3820 Π
3278 3769 3496 3839 ρασίνου
3525 3770 3708 3838 μέρους

2135 3856 2230 3910 τὸν
2286 3857 2669 3927 νυκτέπαρχον
2701 3859 2896 3928 Μηνᾶν
2949 3859 3045 3912 καὶ
3095 3860 3489 3929 ἀνακείραντες
3538 3859 3704 3920 αὑτὸν,

2138 3946 2396 4012 ἐξέϐαλον
2424 3949 2492 4002 τά
2527 3950 2754 4002 συκότια
2781 3948 2947 4002 αὐτοῦ
2985 3950 3120 4017 (51).
3157 3951 3271 4004 Kal
3299 3952 3437 4021 μετὰ
3473 3951 3529 4004 τὸ
3561 3948 3707 4019 σῦραι

2140 4036 2203 4090 τὸ
2235 4036 2491 4109 λείψανον
2550 4038 2718 4093 αὑτοῦ
2775 4039 3097 4110 ἐκρέμασαν
3143 4041 3282 4094 αὐτὸ
3323 4042 3382 4094 ἐν
3427 4039 3503 4111 τῷ
3530 4039 3710 4093 ἑστῶτι

2141 4129 2331 4201 χαλκῷ
2381 4130 2661 4202 ἀνδριάντι
2705 4131 2782 4202 τῷ
2811 4129 3097 4203 λεγομένῳ
3142 4130 3446 4204 Κολονισίῳ
3466 4131 3526 4184 τὸ
3561 4131 3711 4202 μέσον

1754 4262 1987 4320 ἺΑΒΙᾹΞ
2032 4263 2438 4326 LECTIONES.

497 4367 565 4452 ς’·
590 4366 686 4452 τὸν
696 4358 1833 4452 ’(311...γἰςὸνῗυιετίῴηἐξ(ιιμξξῦτξφγέᾼξῐξξξιῖιρΔ
1842 4376 1947 4452 pro
1961 4354 2326 4452 ⁸ιξιιιϐιιῦσειενἈ
2325 4365 2400 4452 ρο
2427 4365 2587 4452 cujus
2619 4365 2870 4452 nominis.
2887 4365 3165 4452 scriptura
3195 4380 3248 4418 ν.
3283 4363 3606 4435 Wesseling.
3643 4361 3706 4417 ad

516 4381 565 4400 τ·
590 4381 681 4419 τον
714 4381 842 4429 ιλιι,
865 4381 976 4417 των
998 4381 1102 4443 υχ.
1183 4381 1224 4395 ιν
1263 4381 1587 4431 λαμυυσου.
1623 4381 1807 4428 inepte
1845 4381 1946 4432 pro
1986 4381 2298 4420 naOtwO'uv.
2327 4381 2400 4420 ue
2427 4381 2587 4436 cujus
2619 4381 2859 4420 nominis
2891 4381 3000 4420 scrt
3044 4381 3047 4412 ι

443 4438 635 4494 Itiner.
668 4436 944 4491 llierosol.
975 4451 1029 4504 p.
1066 4432 1194 4496 580,
1232 4432 1358 4494 58!,
1387 4440 1446 4487 et
1476 4431 1891 4486 adnotationem
1916 4441 2164 4488 nostram
2189 4435 2256 4489 ad
2288 4435 2493 4492 Chron.
2524 4437 2724 4492 Pasch.
2759 4451 2813 4506 p.
2850 4434 2954 4490 170

1679 4568 1790 4622 ED.
1825 4568 2206 4628 ClllLMEADl
2258 4574 2490 4631 NOTAE.

514 4663 788 4737 (ἓητῶν
825 4664 936 4716 ἀπὸ
987 4662 1438 4737 κομμερ-δειαρίῳν
1501 4662 1825 4730 Προκόπιονι
1861 4661 2027 4737 Ιιρεο.
2065 4665 2106 4720 D
2135 4667 2354 4737 tandem
2393 4676 2668 4722 terrarum
2699 4670 2804 4724 slta
2856 4674 2972 4722 erat
3007 4663 3126 4737 haec
3156 4664 3332 4720 urbs?
3361 4660 3706 4737 Alegandfias

445 4731 537 4787 τὸν
555 4731 664 4789 ἀπὸ
690 4731 1581 4803 κομμερκιαρίὼνζκομμέρκιον,
1628 4733 2026 4803 commercium,

446 4806 714 4858 tributum
750 4801 774 4851 τί
794 4801 920 4855 inde
951 4801 1413 4872 κομμερκιάριος,
1449 4801 1906 4868 cammerct’arius,
1936 4803 2032 4873 qui

441 4876 644 4930 tributa
678 4873 908 4941 colligit.

516 4945 630 5015 (28)
668 4943 799 4996 Ἀπὸ
814 4939 978 5015 ’θείου
988 4939 1160 5015 τύπου
1188 4940 1584 5015 νυκτέπαρχον.
1609 4939 2028 5012 Νυκτέποιρχος,

439 5011 736 5140 praefectus
785 5022 903 5066 erat
959 5011 1240 5079 vigilum:
1301 5011 1464 5078 hujus
1499 5017 1742 5076 potestas
1772 5011 1958 5080 postea
2001 5028 2029 5065 a

478 5088 758 5139 ttstiniano
791 5086 1050 5140 abrogata
1080 5093 1185 5140 est,
1224 5089 1277 5134 et
1310 5095 1410 5140 pro
1439 5096 1504 5134 eo
1538 5090 1738 5140 praetor
1760 5084 2029 5135 substitu-

478 5088 758 5139 ustiniano
791 5086 1050 5151 abrogata
1080 5093 1185 5143 est,
1224 5089 1277 5134 et
1310 5095 1410 5148 pro
1439 5096 1504 5134 eo
1538 5090 1738 5148 praetor
1760 5084 2032 5135 substitu-

443 5165 570 5216 tus;
599 5157 674 5207 uti
715 5161 909 5204 auctor
947 5153 1110 5212 inl'ra,
1153 5151 1247 5202 lib.
1282 5166 1452 5203 xvttt:
1501 5151 1809 5221 ΙΙεριηρέθη
1869 5151 1927 5204 δὲ
1957 5151 2035 5221 τῷ

442 5224 596 5294 αὐτῷ
634 5224 812 5292 χρόνῳ
839 5226 870 5290 ἡ
904 5221 1000 5273 τοῦ
1041 5222 1440 5294 νυκτεπάρχουλ
1470 5223 1636 5294 ἀρχὴ,
1682 5225 1784 5294 καὶ.
1816 5223 2034 5294 ἐγένετο

441 5290 758 5348 ἀντ’ἀύτοῦ
784 5290 1064 5362 πραιτωρ.
1119 5290 1482 5362 Nyttteparciti
1521 5290 1718 5362 nomen
1757 5290 2032 5345 Jttstinia-

441 5382 545 5421 nus
571 5361 895 5433 reprobatis.
921 5361 1044 5416 eum
1072 5361 1361 5433 πραίτῳρα
1390 5361 1485 5433 τοῦ
1519 5361 1715 5433 δήμου,
1751 5371 2031 5433 praetorem

439 5438 606 5507 plebis
634 5430 829 5507 vocari
874 5434 1064 5486 voluit.
1100 5431 1236 5507 Vide
1262 5430 1471 5507 Novell.
1506 5430 1902 5507 Constitution.
1932 5432 2029 5507 _l_5.

513 5507 625 5577 (29)
658 5502 926 5577 (λαϐόντες
952 5507 1037 5577 είς
1066 5503 1472 5577 κραϐαταρέαν.
1518 5501 1662 5577 Infra
1693 5503 1880 5577 etiam,
1929 5502 2025 5556 lib.

440 5571 570 5632 xvitt
607 5571 621 5628 ξ
658 5576 763 5628 Τὸν
794 5574 852 5626 δὲ
887 5571 1246 5643 Ἀλέξανδρον
1275 5571 1711 5643 καυλοτομήσας,
1743 5572 2028 5643 ἐπόμπευ-

443 5663 536 5716 σεν
568 5650 647 5708 εις
667 5643 1075 5716 κραϐαταρίανς
1105 5641 1482 5712 κραϐαταρέα,
1515 5641 1630 5697 sive
1655 5641 2026 5712 κραϐαταρία,

440 5712 828 5776 ιεσιὴςαίαεει.
859 5728 887 5782 a
919 5712 1212 5782 κράϐατος.

512 5786 630 5858 (30)
661 5786 755 5848 Είς
798 5779 1208 5855 Ἀλεξάνδρειαν
1257 5781 1356 5853 τὴν
1410 5780 1733 5852 Καμϐύσου.
1793 5779 2028 5837 Ubinam

2135 4733 2232 4789 Xll
2272 4746 2561 4792 enumerat
2593 4738 2727 4792 Chr.
2768 4736 3130 4790 Alexandrini
3157 4749 3374 4797 auCtor,
3404 4731 3563 4787 XVIII
3593 4729 3706 4784 Ste-

2135 4805 2352 4875 phanus
2392 4804 2468 4862 De
2503 4809 2774 4876 urbibus;
2838 4807 3002 4875 hujus
3047 4813 3224 4860 tamen
3269 4814 3470 4860 nostra
3519 4801 3702 4856 ibidem

2135 4879 2342 4930 mentio
2375 4879 2546 4931 nulla.

2207 4945 2319 5017 (5|)
2357 4946 2644 5011 Ἐξέϐαλον
2675 4949 2744 4999 τὰ
2765 4945 2992 5000 σοκότια
3017 4945 3204 4999 αὑτοῦ.
3242 4943 3584 5017 Vat-abnltttu
3611 4941 3705 4994 hoc

2135 5012 2331 5071 nullibt
2378 5021 2509 5070 ntthi
2550 5020 2830 5082 occurrit;
2887 5020 2958 5070 ob
3011 5033 3130 5069 eant
3180 5025 3382 5077 tamen,
3419 5030 3535 5082 qua:
3574 5012 3702 5063 inter

2138 5085 2251 5140 Inec
2285 5098 2389 5147 est,
2423 5089 2858 5147 similitudinem,
2917 5087 2985 5138 τὰ
3020 5086 3244 5138 σνκότια
3290 5088 3550 5136 testiculos
3591 5095 3703 5132 ver--

2134 5163 2250 5210 tere
2276 5173 2444 5211 ausus
2491 5174 2634 5212 sunt.
2668 5160 2828 5212 Certe
2863 5156 3136 5210 Bacchum
3193 5155 3420 5208 Ficulua
3451 5149 3696 5218 pudenda,

2135 5226 2252 5280 Sive
2285 5228 2584 5289 testiculos,
2618 5237 2672 5280 et
2708 5229 3007 5282 tinentulatn
3041 5243 3106 5280 ex
3156 5229 3292 5295 pelle
3333 5240 3544 5295 CCLVIII”
3575 5235 3699 5295 con-

2133 5296 2334 5366 fectam
2368 5287 2588 5351 sibimet
2618 5298 2925 5366 applicasse
2961 5287 3194 5349 test-utn'r
3226 5291 3612 5366 lsac._Tzetze_s
3648 5287 3697 5338 in

2131 5364 2487 5436 Lycophron.
2515 5367 2583 5421 de
2614 5359 2849 5430 Baccho,
2895 5365 3236 5436 Polyhyumo
3267 5364 3478 5417 cuidam
3510 5359 3588 5413 sui
3614 5370 3697 5436 co-

2133 5435 2519 5506 piatn’facere,
2557 5446 2679 5507 post
2704 5439 2980 5490 inventam
2999 5435 3250 5507 itiiatrem
3284 5448 3460 5507 suam,
3485 5435 3698 5507 protlli!—

2132 5499 2305 5572 iente,
2343 5499 2676 5562 mentionem
2716 5507 2924 5560 fariens
2965 5506 3050 5560 his
3084 5505 3305 5559 verbis:
3347 5499 3686 5572 Τελευτήσανο

2129 5562 2306 5653 τος-δέ
2349 5577 2688 5653 Πολυύμμνου,
2741 5577 2994 5653 ἀιόμνυσος
3049 5574 3236 5653 θέλων·
3273 5562 3695 5653 πληρᾶ›σαιήτην

2132 5637 2448 5718 ύπόσχεσιν,
2480 5637 2880 5718 σύκινααίδοῖα
2912 5637 3193 5718 προσῆψεν
3219 5637 3415 5712 ἐαυτῷ,
3441 5637 3530 5692 καὶ
3565 5637 3695 5701 Wl-

2130 5715 2256 5780 λοὺς
2278 5715 2343 5771 δε
2355 5718 2647 5790 ρματίνους
2675 5717 2914 5787 ἐλάφων.
