3894 6494
255 443 360 511 597

1296 405 1980 504 CHRONOGRAPHfA.
2011 468 2080 482 —
2119 442 2268 504 LIB.
2300 443 2459 506 XVI.

3411 450 3512 516 598

251 561 346 616 καί
373 555 760 629 ἀπέρχεται,ἢ
799 553 960 626 μόνον
1001 555 1241 626 πέμψεις
1266 559 1389 610 κατ’
1436 559 1605 614 αὑτοῦ
1659 579 1835 624 τινας.

1951 559 2168 620 facienti
2205 567 2445 634 astabat,
2471 565 2547 622 uti
2583 567 2699 637 ipse
2721 565 3080 631 Vitalianum,
3115 568 3206 637 qui
3235 583 3265 623 e
3295 569 3524 637 regione

249 654 362 708 Καὶ
387 653 590 715 εὐθέως
609 652 639 704 6
668 650 924 721 βασιλεὺς
963 650 1316 714 Ἀναστάσιος
1346 645 1468 704 εἷπε
1497 654 1730 724 Μαρίνῳ
1757 653 1836 724 τῷ

248 743 409 813 Σύρῳ
434 741 511 812 τῷ
549 740 658 794 ἀπὸ
687 740 971 811 ἐπάρχων,
1019 741 1214 794 ἑστῶτι
1265 740 1496 808 πλησίον
1542 744 1629 797 ὅτε
1665 744 1838 797 διελε-

246 853 381 904 γετο
410 839 439 890 6
493 835 746 905 βασιλεὺς
779 834 856 904 τῷ
898 835 1180 906 φιλοσόφῳ
1209 836 1460 908 Πρόκλῳ,
1509 838 1838 894 ὁπλίσασθαι

248 932 395 986 κατὰ
425 929 522 983 τοῦ
551 928 716 983 αὐτοῦ
759 928 1104 992 Βιταλιανοῦ,
1129 929 1245 983 δντι
1289 931 1369 993 εἰς
1394 930 1455 984 τὸ
1484 931 1656 1002 πέραν
1689 935 1840 986 Κων-

247 1017 772 1086 σθταντινουπόλεως.
835 1022 948 1075 Καὶ
1013 1021 1162 1090 λέγει
1223 1022 1466 1092 Πρόκλος
1525 1025 1554 1076 6
1625 1025 1841 1092 φιλόσο-

246 1133 350 1186 φος
377 1113 527 1186 [121]
553 1113 866 1186 ἔμπροσθεν
893 1113 986 1168 τοῦ
1014 1113 1278 1184 βασιλέως
1307 1115 1539 1185 Μαρίνῳ
1559 1115 1637 1185 τῷ
1658 1116 1838 1186 Σύρῳο

251 1212 324 1262 ὐ
348 1209 540 1277 δίδωμί
568 1226 650 1261 σοι
673 1207 829 1271 λάϐε,
854 1210 950 1273 καὶ
979 1207 1167 1275 ἔξελθε
1191 1207 1335 1261 κατά
1358 1207 1452 1261 τοῦ
1485 1208 1650 1262 αὑτοῦ
1678 1210 1840 1264 Βιτα-

245 1299 458 1355 λιανοῦ.
489 1301 602 1354 Καὶ
629 1299 922 1354 ἐκέλευσεν
948 1302 976 1354 6
1018 1300 1179 1362 αὐτὸς
1211 1299 1506 1378 φιλόσοφος
1551 1301 1840 1371 ἐνεχθῆναι

244 1393 313 1449 τὸ
357 1392 655 1462 λεγόμενον
716 1393 856 1446 θεῖον
898 1392 1110 1463 ἄπυρον
1159 1391 1320 1455 πολὺ,
1369 1391 1541 1446 είπὼν
1585 1391 1841 1467 τριϐἦναι

246 1486 388 1540 αὐτὸ
432 1486 510 1549 ὡς
561 1487 643 1550 εἰς
685 1488 866 1555 μῖγμα
903 1485 1124 1548 λεπτὸν,
1176 1484 1274 1539 καὶ
1319 1485 1522 1538 δέδωκε
1571 1486 1649 1556 τῷ
1692 1487 1841 1556 αὐτῷ

246 1572 502 1642 Μαρίνῳ,
540 1571 778 1644 εἰρηκὼς
809 1572 981 1643 αὐτῷ,
1015 1574 1100 1628 ὃτι
1145 1574 1351 1644 Ὅπου⁵
1371 1573 1550 1644 ρίψέἰς
1589 1574 1650 1639 ἐξ
1677 1575 1842 1630 αὐτοῦ

247 1662 363 1716 εἴτε
397 1663 479 1727 είς
515 1661 663 1718 οἶκον
687 1663 798 1718 εἴτε
829 1665 889 1720 ὲν
915 1665 1110 1736 πλοίῳ,
1152 1665 1294 1736 μετὰ
1337 1665 1397 1720 τὸ
1440 1666 1719 1720 ἀνατεῖλαι
1750 1666 1843 1720 τδν

246 1754 430 1826 ἥλιον,
468 1755 673 1819 εὐθέως
707 1757 942 1811 ἅπτεται
976 1759 1004 1810 6
1033 1753 1184 1820 οἴκος
1211 1758 1246 1828 ἢ
1295 1757 1356 1810 τὺ
1387 1756 1572 1812 πλοῖον
1618 1759 1714 1813 καὶ
1737 1758 1843 1812 ὑπὸ

252 1847 429 1917 πυρὸς
462 1849 836 1905 ἀναλίσκεται.
879 1849 936 1904 '0
969 1850 1029 1904 δὲ
1069 1851 1316 1921 Μαρῖνος
1360 1851 1705 1920 παρεκάλεσε
1751 1851 1843 1905 τὺν

253 1939 486 2010 βασιλέα
544 1942 632 1997 ἵνα
680 1944 778 1996 ’ἐνα
833 1943 940 1998 τῶν
989 1945 1382 2015 στρατηλατῶν
1433 1945 1598 2000 αὑτοῦ
1651 1945 1843 2016 πέμψῃ

251 2034 612 2102 λαμϐάνοντα
643 2037 705 2088 τὸ
737 2035 995 2107 βοήθημα
1021 2053 1034 2068 ·
1079 2037 1175 2090 καὶ
1207 2036 1414 2101 εὐθέως
1463 2038 1847 2109 μετεστείλατο

253 2129 283 2178 6
313 2125 574 2196 βασιλεὺς
602 2128 898 2199 Πατρίκιον
924 2129 1015 2182 τὸν
1053 2129 1265 2200 Φρύγα,
1296 2130 1391 2183 τὸν
1439 2131 1844 2201 στρατηλάτην,

256 2217 357 2271 καὶ
402 2218 659 2289 Ἰωάννην
687 2219 780 2273 τὸν
803 2219 1162 2290 Βαλεριανῆς,
1191 2220 1285 2272 καὶ
1311 2215 1464 2272 εἶπεν
1483 2221 1669 2284 αὐτοῖς
1695 2221 1848 2275 ὁπλί-

253 2307 457 2362 σασθαι
505 2309 650 2362 κατά
697 2309 792 2362 τοῦ
839 2308 1007 2364 αὐτοῦ
1069 2309 1392 2366 Βιταλιανοῦ
1418 2313 1498 2375 είς
1549 2313 1613 2364 τὸ
1646 2313 1841 2383 πέραν,

251 2399 642 2469 λαμϐάνοντας
703 2401 865 2454 πλοῖα
919 2401 1280 2473 δρομώνων⁹¹
1337 2403 1432 2456 καὶ
1485 2403 1844 2474 στρατιώτας.

255 2491 369 2545 Καὶ
405 2491 610 2545 ἔπεσαν
636 2493 730 2546 ἐπὶ
763 2495 890 2556 τοὺς
922 2493 1090 2556 πόδας
1125 2493 1222 2546 τοῦ
1266 2493 1552 2564 βασιλέως,
1595 2494 1849 2564 λέγοντες

254 2584 338 2638 ὃτι
372 2586 486 2638 Καὶ
525 2584 690 2638 αὑτοῦ
735 2586 829 2638 καὶ
877 2585 973 2637 τοῦ
1007 2585 1216 2656 πατρδς
1265 2585 1433 2639 αὐτοῦ
1464 2587 1515 2639 οἱ
1562 2585 1658 2640 δύο
1683 2589 1850 2658 ἡμεῖς

257 2673 409 2744 φίλοι
440 2676 622 2747 ἥμεθα
653 2692 667 2706 ⁸
721 2676 814 2731 καὶ
859 2679 935 2749 μὴ
971 2677 1156 2748 συμϐῇ
1194 2695 1318 2731 τινα
1365 2679 1668 2750 ἀποτυχίαν
1692 2679 1848 2748 γενέ-

260 2767 410 2830 σθαι,
456 2767 552 2820 καὶ
583 2768 972 2838 ὑπονοηθῶμεν
1002 2768 1076 2832 ὡς
1113 2767 1394 2838 προδόται.
1446 2769 1558 2823 Kal
1604 2770 1851 2838 ἀγανακ-

261 2861 437 2930 τήσας
464 2861 588 2912 κατ’
617 2859 795 2914 αὐτῶν
815 2861 844 2912 6
872 2859 1126 2930 βασιλεὺς
1166 2861 1360 2914 ἔϐαλεν
1393 2861 1590 2923 αὐτοὺς
1620 2859 1727 2926 ἔξω
1758 2860 1850 2914 τοῦ

264 2952 560 3017 παλατίου,
611 2955 706 3006 καὶ
757 2952 1022 3015 κελεύσας
1075 2952 1306 3023 Μαρίνῳ
1349 2951 1429 3022 τῷ
1469 2950 1628 3021 Σύρῳ
1667 2951 1852 3006 λαϐεῖν

263 3044 396 3112 τοὺς
429 3045 716 3116 δρόμωνας
746 3045 845 3098 καὶ
873 3043 938 3098 τὸ
966 3043 1108 3097 θεῖον
1145 3043 1359 3112 ἄπυρον
1395 3042 1493 3096 καὶ
1528 3040 1629 3113 τὴν
1684 3059 1851 3114 στρα-

263 3140 529 3212 τιωτικὴν
567 3139 823 3210 βοήθειαν
865 3138 1263 3209 ὁπλισαμένην,
1317 3138 1412 3192 καὶ
1437 3136 1672 3202 ἐξελθεῖν
1710 3137 1853 3192 κατά

249 3232 360 3286 ,τοῦ
405 3231 579 3286 αὑτοῦ
611 3231 954 3286 Βιταλιανοῦ.
1017 3229 1286 3293 Ἀκούσας
1323 3229 1381 3283 δὲ
1427 3228 1745 3294 Βιταλιανὸς
1768 3231 1851 3284 ὅτι
1879 3261 1922 3316 C

270 3327 411 3396 μετά
469 3323 670 3392 πολλῆς
729 3322 982 3394 βοηθείας
1028 3321 1315 3391 ἐξέρχεται
1359 3325 1388 3376 6
1438 3322 1682 3392 Μαρῖνος
1731 3323 1853 3376 κατ’

269 3416 460 3480 αὑτοῦ,
491 3417 590 3470 ὅσα
621 3410 747 3486 εὗρε
778 3416 940 3470 πλοῖα
969 3415 1244 3488 ἐκράτησε
1273 3415 1368 3468 καὶ
1398 3412 1683 3485 ἐγόμωσεν
1717 3416 1858 3470 αὑτά

268 3509 541 3579 οὗν-θικὴν
593 3509 690 3562 καὶ
745 3507 1010 3576 Γοτθικὴν
1058 3509 1218 3577 χεῖρα
1268 3505 1422 3579 [122]
1455 3507 1854 3576 ὡπλισμένους.

271 3603 378 3656 Καὶ
407 3601 666 3672 ὥρμησεν
694 3599 958 3654 εἰσελθεῖν
983 3603 1062 3663 είς
1093 3598 1695 3664 Κωνσταντινούπολιν,
1726 3600 1860 3672 θαρ-

271 3695 380 3764 ρῶν
415 3693 498 3746 ὅτι
552 3694 772 3756 πάντως
822 3691 992 3763 αὐτὴν
1034 3691 1326 3762 λαμϐάνει,
1377 3693 1470 3744 καὶ
1516 3693 1762 3759 Μαρῖνον
1801 3693 1858 3746 δὲ

272 3785 602 3840 ἀπαντῶντα
629 3783 914 3838 ἀναλίσκει
949 3783 1066 3854 μεθ’
1113 3780 1180 3855 ἦς
1215 3784 1330 3854 ἔχει
1378 3782 1654 3854 βοηθείας.
1713 3783 1772 3836 '0
1799 3783 1858 3839 δὲ

272 3876 519 3946 Μαρῖνος
565 3875 864 3948 ὲρρόγευσε
891 3875 937 3908 ⁹¹
983 3874 1044 3927 τὸ
1091 3872 1236 3927 θεῖον
1285 3873 1518 3944 ἄπυρον,
1568 3873 1598 3926 6
1657 3873 1858 3928 ἔδωκεν

275 3965 425 4037 αὐτῷ
451 3968 493 4020 ‘6
524 3967 838 4036 φιλόσοφος,
875 3968 954 4029 εἰς
983 3965 1082 4019 ὅλα
1112 3965 1181 4018 τὰ
1213 3963 1374 4017 πλοῖα
1406 3964 1513 4017 τῶν
1541 3963 1856 4036 δρομώνων,

277 4057 514 4128 εἰρηκὼς
563 4060 676 4121 τοῖς
718 4058 946 4120 ναύταις
975 4057 1070 4111 καὶ
1112 4058 1225 4118 τοῖς
1266 4054 1631 4125 στρατιώταις
1664 4057 1746 4110 ὅτι
1783 4057 1856 4110 οὐ

277 4151 436 4219 χρεία
463 4151 664 4215 ὃπλων,
695 4150 808 4203 ἀλλ’
834 4149 921 4202 ῖνα
947 4151 1169 4218 ρίπτετε
1198 4147 1310 4218 (55)
1341 4149 1405 4200 ὲκ
1435 4146 1625 4200 τούτου
1669 4149 1750 4211 είς
1792 4149 1858 4202 τὰ

280 4242 552 4312 ἐρχόμενα
597 4241 888 4294 κατέναντι
929 4239 1085 4310 ὑμῶν
1133 4239 1294 4292 πλοῖα
1343 4239 1438 4292 καὶ
1471 4239 1740 4293 καίονται.
1799 4238 1860 4294 Εἰ

279 4334 334 4387 δὲ
383 4334 560 4404 πέραν
589 4333 918 4403 ἀπέλθωμεν
969 4333 1050 4392 είς
1085 4332 1218 4396 τοὺς
1246 4331 1450 4396 οῐκους,
1485 4330 1614 4384 ἔνθα
1644 4331 1782 4385 εἰσὶν
1811 4333 1862 4386 οί

267 4409 464 4496 ¹ἐχθροὶ
507 4423 601 4477 τοῦ
649 4423 936 4494 βασιλέως,
991 4424 1108 4475 ἐκεῖ
1155 4422 1370 4493 ῥίψατε.
1411 4423 1468 4475 '0
1499 4421 1557 4475 δὲ
1594 4423 1859 4492 Μαρῐνος,

284 4514 466 4578 καθὼς
514 4511 666 4567 εἶπεν
698 4511 847 4583 αὐτῷ
874 4515 903 4566 6
945 4513 1236 4580 φιλόσοφος
1277 4514 1359 4566 ὅτι
1391 4511 1726 4566 ἀνάπτονται
1757 4513 1864 4566 ὑπὸ

1940 655 2454 730 Constantinopolis
2471 675 2596 715 cum
2617 660 2794 730 copiis
2815 660 2932 715 suis
2953 660 3302 726 consederat,
3325 659 3514 714 adori-
3573 728 3592 741 1

1942 757 2120 805 retur.
2185 749 2420 808 Prdclus
2485 761 2667 808 autem
2709 752 3074 823 phiIOSOpltus
3117 751 3388 807 Marinum
3415 751 3525 823 Sy-

1940 855 2086 908 rum,
2140 856 2328 897 coram
2387 844 2740 914 imperatore,
2774 843 2829 897 in
2863 845 3012 898 hunc
3052 843 3276 899 modum
3311 844 3524 898 allocu-

1943 941 2031 988 tus
2063 952 2075 988 :
2121 933 2225 1000 Tu,
2259 935 2461 1006 inquit,
2506 934 2841 988 Vitalianum
2879 935 3193 1002 adorturus,
3219 935 3368 1004 quod
3421 935 3522 991 tibi

1940 1025 2106 1088 dabo,
2137 1028 2301 1082 modo
2325 1042 2514 1082 sumas
2543 1028 2729 1082 velim.
2755 1025 2929 1083 Jussit
2949 1028 3134 1097 itaque
3164 1028 3523 1098 philosophus

1943 1117 2136 1188 ingens
2161 1117 2271 1170 vivi
2308 1117 2593 1187 sulphuris
2615 1116 2833 1187 pondus
2864 1116 3100 1184 adduci;
3130 1117 3275 1186 quod
3313 1118 3366 1171 in
3391 1132 3524 1186 par-

1943 1215 2027 1264 tes
2086 1207 2486 1264 minutissimas
2541 1209 2868 1274 contritum,
2914 1207 3127 1261 Marino
3147 1206 3346 1262 dedit:
3383 1205 3524 1270 Hoc.

1944 1301 2219 1371 inquiens,
2276 1302 2715 1372 quibuscunque
2750 1312 2805 1356 tu
2836 1302 2995 1356 tectis
3035 1310 3130 1356 aut
3169 1301 3402 1371 navigiis
3431 1316 3526 1355 su-

1943 1393 2338 1463 perinjeceris,
2393 1409 2455 1450 ea
2511 1396 2699 1450 statim
2759 1395 2828 1448 ab
2872 1401 3068 1449 exortu
3108 1392 3243 1447 solis
3289 1406 3536 1446 accensa-

1942 1488 2288 1556 contlagrare
2348 1487 2585 1551 videbis,
2637 1487 2888 1556 adeoque
2915 1485 2985 1540 ab
3025 1484 3245 1557 ignibus
3281 1483 3520 1539 absumi.

1945 1577 2054 1632 Sed
2086 1577 2333 1634 Marinus
2382 1593 2605 1650 quoque
2627 1580 3015 1648 imperatorem
3066 1571 3387 1631 adhortatus
3417 1583 3524 1638 cst,

1944 1671 2024 1726 uti
2075 1671 2314 1740 aliquem
2365 1686 2430 1727 ex
2478 1670 2766 1742 magistris
2827 1670 3089 1731 militum.
3120 1676 3332 1725 armata
3363 1667 3529 1740 404

1945 1775 2114 1817 manu
2144 1763 2505 1827 instructum,
2549 1762 2678 1817 belli
2731 1762 2946 1818 socium
2977 1762 3082 1818 sibi
3108 1761 3286 1816 daret.
3325 1761 3527 1815 Accer-

1946 1854 2068 1909 sitis
2099 1855 2285 1924 itaque
2315 1853 2560 1910 Patricio
2602 1852 2839 1925 Phryge,
2889 1852 3125 1907 militum
3159 1851 3441 1922 magistro,
3474 1861 3529 1903 et

1947 1943 2178 2012 Joanne,
2213 1944 2521 2000 Valeriane
2560 1945 2694 2010 lilio,
2729 1944 2899 2000 edixit
2937 1942 3052 2000 illis
3090 1944 3411 2012 imperator,
3447 1942 3528 1996 uti

1947 2051 2076 2090 cum
2118 2036 2352 2091 militum
2385 2044 2441 2092 et
2469 2037 2816 2105 navigiorum
2862 2041 3128 2106 apparatu
3162 2031 3527 2099 trajicientes,

1949 2128 2290 2184 Vitalianum
2349 2129 2733 2185 adorirentur.
2781 2129 2862 2183 Ad
2904 2129 3068 2198 pedes
3101 2127 3288 2196 itaque
3315 2125 3437 2194 ejus
3472 2127 3529 2179 hi

1947 2219 2302 2290 procidentes
2331 2237 2344 2273 :
2377 2219 2511 2284 Nos,
2565 2219 2847 2288 inquiunt,
2885 2218 2967 2271 tui
3019 2218 3196 2287 ipsius
3240 2215 3530 2286 patrisque

1948 2312 2031 2367 tui
2081 2311 2405 2367 amicissimi
2443 2325 2666 2381 semper
2693 2309 2905 2364 fuimus
2933 2327 2945 2362 :
2974 2308 3269 2382 [veremur
3304 2304 3530 2377 autem)

1950 2419 2041 2472 ne,
2065 2404 2112 2460 si
2146 2405 2277 2475 quid
2303 2403 2489 2460 secius
2514 2402 2806 2467 acciderit,
2842 2416 2945 2457 nos
2978 2399 3314 2472 proditionis
3335 2407 3530 2469 postu-

1949 2498 2147 2553 lemur.
2205 2495 2315 2552 Sed
2379 2495 2674 2550 movebant
2737 2495 2854 2548 haec
2927 2491 3245 2562 imperatori
3321 2498 3531 2546 stoma-

1949 2593 2117 2647 chum
2147 2607 2162 2644 :
2197 2590 2383 2660 itaque
2421 2588 2634 2644 duobus
2667 2588 2780 2644 illis
2813 2603 2879 2642 ex
2924 2585 3129 2658 palatio
3160 2584 3378 2653 ejectis,
3413 2581 3530 2635 Ma-

1951 2684 2076 2738 rino
2106 2682 2245 2754 Syro
2298 2680 2579 2752 negotium
2655 2679 2852 2744 dedit,
2909 2679 2988 2732 uti
3060 2673 3429 2732 dromonibus
3478 2682 3534 2728 et

1952 2785 2165 2829 armata
2214 2788 2380 2828 manu
2425 2773 2714 2843 acceptis,
2768 2779 2823 2826 et
2875 2776 3162 2838 assumpto
3196 2781 3383 2822 secum
3407 2765 3534 2819 vivo

1953 2865 2240 2935 sulphure,
2275 2863 2610 2918 Vitalianum
2641 2862 2760 2930 ipse
2783 2860 3198 2930 aggrederetur.
3218 2855 3534 2910 Vitalianus

1952 2964 2136 3012 autem
2177 2955 2271 3011 ubi
2327 2955 2584 3010 audierat
2630 2952 2901 3008 Marinum
2929 2989 2944 3014 ,
2985 2949 3164 3020 copiis
3193 2949 3412 3017 magnis
3451 2947 3538 3002 in-

1956 3057 2256 3112 structum,
2286 3049 2388 3104 sibi
2423 3047 2716 3102 imminere
2738 3043 3156 3106 adversarium;
3187 3039 3534 3110 navigiorum
3650 3091 3653 3094 _

1955 3140 2326 3210 quodcunque
2356 3140 2536 3208 potuit
2559 3135 2796 3191 corrasit
2829 3153 2842 3189 :
2875 3133 3082 3203 quibus
3101 3130 3350 3187 Gothicis
3380 3129 3537 3184 Hun-

1957 3231 2210 3300 nicisque
2247 3230 2424 3300 copiis
2467 3228 2714 3292 onustis,
2755 3222 3298 3292 Constantinopolim
3357 3220 3543 3291 ipsam-

1955 3322 2182 3394 aggredi
2218 3323 2272 3377 in
2328 3322 2512 3375 animo
2546 3319 2777 3387 habuit;
2807 3318 2956 3372 inani
3000 3315 3214 3372 scilicet
3233 3329 3330 3386 spe
3359 3313 3542 3368 fretus

1959 3415 2132 3484 ipsam
2186 3413 2515 3482 occupandi,
2549 3411 2934 3479 Marinumque
2971 3407 3193 3463 obviam
3222 3404 3329 3460 sibi
3364 3402 3538 3474 prod-

1956 3517 2175 3562 euntem
2205 3547 2220 3572 ,
2263 3519 2388 3560 cum
2430 3503 2608 3574 copiis
2654 3503 2776 3573 ejus
2821 3500 3106 3562 omnibus,
3161 3494 3535 3578 opprimendi.

1958 3595 2209 3651 Marinus
2267 3605 2450 3650 autem
2499 3595 2570 3650 de
2621 3593 2747 3648 vivo
2805 3591 2904 3647 illo
2961 3590 3256 3660 sulphure,
3319 3585 3468 3656 quod
3506 3601 3538 3638 a

1960 3688 2291 3758 philosopho
2319 3692 2636 3756 acceperat,
2676 3683 2913 3754 navigiis
2937 3681 3185 3750 undique
3212 3677 3539 3737 distribuit;

1959 3782 2150 3836 nautis
2175 3781 2401 3849 insuper
2427 3778 2681 3832 iudicans
2699 3788 2751 3833 et
2776 3775 3072 3840 militibus,
3102 3772 3178 3826 nil
3198 3769 3369 3824 armis
3397 3782 3540 3836 opus

1959 3888 2116 3937 esse;
2169 3872 2333 3927 modo
2395 3881 2455 3926 ut
2490 3870 2559 3926 de
2617 3871 2742 3924 vivo
2779 3868 2872 3922 illo
2912 3866 3190 3936 sulphure
3221 3859 3542 3930 acciperent

1954 3962 2597 4035 jussit,uavibusquein
2642 3960 2932 4015 adversum
2963 3952 3387 4012 occurrentibus
3433 3950 3543 4003 im-

1960 4062 2276 4126 mitterent;
2298 4075 2419 4130 quae
2444 4060 2646 4116 exinde
2671 4059 2858 4114 statim
2883 4055 3310 4126 conﬂagratum:
3329 4059 3541 4107 essent.

1962 4152 2122 4218 Quod
2141 4153 2186 4206 si
2207 4151 2523 4206 ulteriorem
2547 4151 2716 4205 etiam
2743 4150 2918 4220 ripam
2941 4152 3217 4216 occupare’
3239 4142 3542 4210 potuerint,

1965 4243 2075 4298 hoc
2128 4244 2309 4312 ipsum
2346 4242 2510 4297 tectis
2563 4240 2806 4296 hostium
2837 4238 3189 4310 imperatoris
3218 4233 3299 4290 uti
3341 4233 3544 4303 injice~

1963 4339 2108 4400 rent,
2148 4333 2203 4388 in
2231 4331 2510 4388 mandatis
2547 4331 2720 4388 dedit.
2751 4331 3000 4386 Marinus
3034 4329 3241 4398 itaque,
3276 4325 3372 4380 ubi
3405 4339 3547 4394 pm-

1963 4431 2205 4495 ceptum,
2251 4423 2413 4496 505
2457 4423 2607 4494 quod
2657 4438 2687 4476 ιι
2732 4421 3064 4494 ρΙιὶΙοεορΙιο
3106 4425 3422 4488 acceperat,
3475 4415 3548 4470 de

1968 4517 2206 4587 navigiis
2265 4516 2368 4570 hoc
2424 4513 2590 4570 modo
2642 4512 3070 4576 combureudis,
3120 4507 3550 4576 vectoribusquo

285 4607 372 4658 τοῦ
409 4606 585 4676 πυρὸς
609 4605 680 4658 τά
717 4604 880 4657 πλοῖα
924 4604 1022 4657 καὶ
1053 4601 1399 4666 ποντίζονται
1426 4601 1699 4674 αὖτανδρα
1726 4603 1849 4676 (56),

1970 4603 2417 4681 submergendis,
2459 4609 2732 4664 militibus
2775 4606 2892 4662 suis
2931 4602 3279 4666 tradidisset,
3316 4598 3551 4652 ulterio-

289 4698 652 4770 παρήγγειλεν
696 4697 880 4761 αὐτοῖς
934 4696 1150 4767 ῥίπτειν
1178 4713 1192 4726 ο
1235 4695 1330 4749 καὶ
1387 4694 1648 4766 ὥρμησεν
1695 4697 1776 4761 είς
1807 4696 1849 4750 τί

1968 4718 2083 4758 rem
2112 4702 2382 4770 trajectus
2414 4702 2589 4772 ripam
2622 4699 2776 4769 petit,
2800 4697 3139 4751 Vitalianum
3162 4703 3546 4764 aggressurus.

288 4788 455 4858 πέραν
503 4788 646 4842 κατά
690 4786 1012 4841 Βιταλιανοῦ
1047 4787 1143 4841 καὶ
1181 4786 1292 4840 τῶν
1335 4785 1639 4856 ἀνθρώπων
1672 4787 1866 4842 αὑτοῦ.

291 4881 393 4934 Καὶ
437 4882 784 4955 κατήντησαν
815 4883 908 4934 κειῖ¹
936 4879 1004 4936 τὰ
1049 4879 1210 4934 πλοῖα
1251 4878 1597 4945 Βιταλιανοῦ,
1637 4880 1731 4934 καὶ
1773 4881 1866 4933 εὑ-

1939 4792 2080 4848 'Sed
2107 4801 2163 4848 et
2197 4791 2517 4847 Vitalianus
2561 4805 2782 4862 quoque
2816 4787 3028 4844 Marino
3061 4801 3187 4842 sese
3215 4784 3432 4838 obviam
3460 4780 3550 4835 de-

1969 4885 2088 4955 dit;
2133 4886 2472 4956 propiusque
2506 4884 2622 4955 jam
2664 4899 2692 4937 a
2727 4897 2786 4938 se
2820 4879 3056 4936 invicem
3105 4877 3314 4934 classes
3355 4870 3551 4930 ablue-

1553 5015 1789 5072 VARIIE
1828 5019 2130 5079 LECTlON
2139 5021 2244 5078 ES.

358 5111 398 5144 ⁹¹
431 5110 745 5183 δρομὼνων.
773 5111 1050 5184 δρομόνων
1082 5110 1185 5166 0x.
1221 5110 1312 5165 Sic
1341 5119 1392 5165 et
1419 5125 1471 5163 v.
1504 5109 1592 5165 ΓΙ.
1670 5111 1718 5142 ’³
1747 5113 2048 5184 ὲρῤόγευσε
2073 5117 2199 5180 CIL,
2231 5115 2497 5186 ἐρόγευσε
2535 5113 2638 5167 Ox.

1455 5221 1564 5277 ΕΙ).
1595 5221 1970 5279 CHILMEADI
2012 5225 2245 5282 ΝΟΤίΕ.

363 5316 470 5386 (55)
513 5315 785 5369 Ῥίπτετε.
813 5313 933 5369 Scr.
965 5315 1218 5386 ρίπτητε.

364 5380 472 5457 (56)
499 5387 616 5457 Kal
654 5380 992 5449 ποντίςονταξι
1031 5380 1324 5457 αύτανδρα.
1371 5380 1678 5457 Hesychius
1707 5402 1728 5457 γε
1756 5383 1866 5438 Ab-

303 5452 535 5527 τανδρον,
574 5456 670 5507 σὺν
694 5457 874 5518 αὐτοῖς
929 5458 1038 5527 τοῖς
1082 5452 1360 5527 ἀνδράσιν.
1410 5452 1530 5527 Scr.
1574 5453 1864 5527 Βυθάριον.

308 5523 555 5596 Evagrius
583 5527 650 5579 de
683 5527 782 5579 hac
807 5526 982 5578 navali
1016 5541 1193 5596 pugna
1226 5524 1392 5596 verba
1411 5523 1644 5596 habens,
1665 5523 1756 5580 lib.
1783 5540 1868 5590 lit,

308 5589 533 5665 cap-45,
582 5597 691 5649 Kal
739 5596 931 5664 πρῶτα
987 5589 1117 5665 μ”ὲν’
1137 5595 1502 5665 ἀνεκώχευεν,
1557 5589 1678 5665 εἷτα
1727 5589 1868 5664 μετὰ

310 5663 420 5735 fecit;
447 5666 680 5729 ἔκπλους
708 5663 800 5719 καῖ
840 5668 964 5730 τοὺς
989 5663 1447 5735 ἀκροϐολισμοὺς
1512 5663 1737 5735 μεταξύ
1757 5667 1870 5718 τοῖν

311 5732 436 5808 δυοῖν
482 5732 1237 5808 στρατοπέδοινζναυμαχίας
1278 5732 1554 5808 καρτερᾶς
1595 5735 1870 5808 συστάσης

314 5806 426 5876 περὶ
452 5808 518 5860 τά
547 5804 858 5876 καλούμενα
891 5804 1166 5876 Βυθάριαλ
1191 5804 1383 5876 φεύγεί
1427 5805 1525 5876 μὲν
1556 5804 1870 5876 προτροπά-

317 5867 397 5942 δην
427 5877 678 5949 πρύμναν
703 5867 1076 5948 κρουσάμενός
1100 5867 1489 5942 ὁΒιταλιανός,
1509 5867 1619 5932 θιςί
1640 5867 1866 5944 Βριίιὶηε

1967 5323 2132 5374 etiam
2165 5320 2348 5373 dictus
2376 5325 2460 5372 est
2489 5316 2643 5369 locus
2681 5315 2807 5384 iste.
2867 5322 2927 5384 ut
2957 5327 3024 5366 ex
3067 5311 3314 5384 Dionysii
3336 5310 3562 5384 Anaplo

1970 5405 2072 5443 nos
2111 5387 2443 5443 d‘ocetPetr.
2507 5386 2719 5455 Gyllius
2775 5383 2848 5438 De
2900 5383 3298 5455 BQSP.T|II'8Q_.
3353 5383 3448 5436 lib.
3480 5396 3553 5455 ιι,

1970 5476 2094 5530 cap.
2129 5459 2162 5514 9
2201 5479 2212 5512 :
2245 5457 2444 5530 Deinde
2464 5451 2841 5530 est'Cttlntttus,
2865 5463 2913 5506 et
2929 5451 3167 5530 sgnum
3192 5469 3208 5506 :
3232 5453 3321 5530 ille
3347 5468 3380 5504 a
3401 5451 3554 5503 cala-

1974 5523 2185 5584 morum
2222 5527 2586 5585 multitudine.
2625 5523 2708 5577 hic
2768 5528 2833 5577 ab
2884 5524 2997 5586 alta
3056 5523 3378 5591 protection:
3410 5536 3556 5591 Apro-

1969 5601 2357 5654 "tentoriorum
2409 5595 2943 5664 circutttsurgentt'um
3016 5589 3345 5664 nominatur.
3408 5589 3555 5664 Idem

1993 5681 2173 5724 tamen
2235 5670 2318 5724 sui
2383 5668 2610 5722 oblitus.
2670 5660 2744 5718 De
2811 5665 3134 5732 topograph.
3208 5660 3554 5732 Constanti...

1978 5739 2074 5794 lib.
2119 5756 2193 5806 Iv,
2218 5753 2340 5808 cap.
2375 5736 2460 5800 10,
2501 5735 2739 5808 Vit/inriti
2775 5729 3130 5808 locunt'ltnnc
3172 5743 3349 5808 vorat,
3407 5729 3547 5784 Vita.

1975 5810 2104 5867 liani
2143 5801 2416 5882 proﬂigati
2456 5806 2738 5861 historiam
2775 5820 2838 5859 ex
2869 5801 3101 5872 Evagrio
3137 5803 3395 5857 tet-italis.
