3894 6448
253 411 377 476 813

1310 407 1998 472 CHRONOGRAPHIA.
2033 431 2100 442 ·-
2131 405 2281 466 LIB.
2316 405 2507 466 XVII.

3449 401 3558 467 614

255 525 369 581 καὶ
403 529 699 600 γινομένης
745 528 815 583 τὰ
855 527 1068 601 ἐχθρῶν
1117 527 1400 598 πράττεις.
1446 527 1578 582 Ἰδοὺ
1619 527 1726 597 γὰρ
1778 525 1870 578 τὸν

1977 536 2111 592 pace
2142 521 2287 575 inter
2328 534 2430 576 nos
2498 518 2665 585 facta,
2715 517 2943 573 hostilia
3003 524 3186 573 tamen
3221 517 3360 590 agis.
3420 519 3562 576 Ecce

256 624 638 694 ὑποκείμενόν
665 641 754 694 μοι
785 622 1013 694 βασιλέα
1048 621 1242 686 Λαζῶν
1274 622 1439 686 αὐτὸς
1477 620 1870 692 προεχειρίσω,

258 717 351 788 μὴ
385 715 519 769 ὄντα
567 714 672 769 ὑπὸ
714 713 812 785 τὴν
846 715 1136 784 Ῥωμαίων
1164 712 1451 782 διοίκησιν,
1487 711 1602 764 ἀλλ’
1633 711 1737 764 ὑπὸ
1776 709 1875 780 τὴν

256 805 510 878 Περσῶν
543 804 821 858 πολιτείαν
851 803 908 870 ἐξ
933 803 1148 866 αἰῶνος.
1171 804 1281 856 Kal
1303 803 1440 872 πρὸς
1458 801 1633 855 ταῦτα
1657 799 1874 870 ἀντεδή-

257 896 455 952 λωσεν
484 899 511 950 6
541 896 798 967 βασιλεὺς
848 895 1138 966 Ῥωμαίων
1167 895 1458 957 ’1ουστίνος
1481 893 1572 946 διὰ
1599 891 1876 961 πρεσϐευ-

258 987 394 1050 τοῦ,
427 986 622 1056 Ἡμεῖς
652 1004 773 1039 τινα
811 986 918 1039 τῶν
947 985 1324 1056 ὑποκειμένων
1359 987 1426 1056 τῇ
1456 984 1700 1054 ὑμετέρᾳ
1725 981 1872 1052 βασι-

259 1077 401 1150 λείᾳ
427 1079 550 1132 οὔτε
581 1078 1060 1149 προσελαϐὁμεθα,
1087 1076 1211 1131 οὔτε
1238 1074 1718 1148 προετρεψάμεθα,
1755 1062 1872 1127 ἀλλ’

258 1169 456 1224 ἐλθὼν
485 1171 621 1241 πρὸς
642 1172 794 1240 ἡμᾶς
817 1187 899 1234 τις
923 1169 1149 1239 ὀνόματι
1179 1169 1404 1229 Ζτάθιος
1433 1168 1512 1232 είς
1533 1167 1601 1219 τὰ.
1626 1167 1873 1238 ἡμέτερα

263 1262 529 1332 βασίλεια
561 1262 672 1332 (90)
696 1262 893 1333 ἐδεήθη
925 1261 1290 1332 προσπίπτων
1317 1262 1454 1331 ἡμῖν
1487 1258 1752 1330 ρυσθῆναι
1777 1258 1870 1311 τοῦ

280 1353 614 1425 Έλληνικοῦ
647 1353 918 1423 δόγματος
952 1353 1046 1405 καὶ
1079 1351 1278 1404 θυσιῶν
1306 1351 1520 1404 ἀσεϐῶν
1557 1351 1651 1403 καὶ
1681 1349 1872 1418 δαιμό-

261 1463 386 1499 νων
428 1445 638 1517 πλάνης
683 1446 778 1498 καὶ
825 1444 1083 1512 γενέσθαι
1108 1444 1458 1514 Χριστιανὸς,
1483 1440 1802 1513 ἀξιούμενος
1829 1441 1872 1474 ³³

259 1537 379 1607 τῆς
396 1537 682 1606 δυνάμεως
711 1536 806 1590 τοῦ
830 1536 1050 1589 αἰωνίου
1071 1534 1209 1589 Θεοῦ
1233 1535 1326 1588 καὶ
1352 1533 1504 1606 [157]
1534 1531 1870 1604 δημιουργοῦ

263 1628 388 1683 τῶν
425 1629 702 1683 ἁπάντων.
745 1629 855 1680 Kal
884 1625 1123 1684 κωλῦσαι
1151 1627 1244 1680 τὸν
1277 1626 1601 1697 βουλόμενον
1632 1627 1713 1689 είς
1747 1625 1870 1696 βελ-

263 1719 431 1771 τίονα
449 1717 598 1782 τάξιν
623 1717 795 1770 ἐλθεῖν
819 1719 911 1770 καὶ
927 1715 1129 1785 γνῶναι
1153 1715 1285 1769 Θεὸν
1307 1715 1419 1787 (91)
1437 1714 1691 1786 ἀληθινὸν
1710 1716 1871 1785 ἡμεῖς

268 1808 711 1881 πρπρεπόμεθα
735 1808 802 1873 ⁸³,
835 1807 978 1860 ὥστε
1017 1807 1347 1878 Χριστιανὸν
1378 1805 1540 1859 αὐτὸν
1578 1805 1869 1875 γενόμενον

1975 613 2123 667 enim
2151 611 2425 666 Lazorum
2475 627 2680 682 regem,
2734 611 2869 665 mihi
2917 610 3222 676 subditum,
3263 614 3562 681 inaugura-

1976 705 2080 769 sti;
2115 720 2238 758 cum
2270 704 2375 759 sub
2405 701 2785 757 Romanorum
2844 719 3154 773 nunquam,
3199 703 3302 758 sub
3358 701 3560 759 Persa-

1975 808 2100 848 rum
2138 809 2270 847 vero
2302 793 2538 862 imperio
2560 807 2779 862 semper
2815 793 3001 848 fuerit.
3033 793 3116 846 Ad
3143 793 3260 847 hazc
3298 791 3558 848 Justinus

1980 881 2365 935 Romanorum
2393 881 2695 948 imperator
2731 895 2827 948 per
2855 881 3096 950 legatum
3137 880 3187 934 ei
3240 884 3558 950 rescripsit,

1977 973 2129 1028 hisce
2195 973 2426 1028 verbis:
2469 971 2582 1028 Nos
2622 972 2972 1028 subditorum
3041 981 3260 1026 tuorum
3321 974 3558 1044 imperio

1975 1073 2169 1121 nostro
2228 1065 2597 1136 ascripsimus
2659 1065 2958 1128 neminem,
3019 1065 3100 1118 vel
3146 1064 3199 1117 in
3232 1076 3420 1134 partes
3453 1081 3556 1121 no-

1975 1167 2122 1212 stras
2169 1158 2541 1227 pelleximus:
2578 1173 2767 1211 verum
2820 1157 2873 1210 in
2923 1157 3163 1213 ditiones
3205 1167 3435 1215 nostras
3465 1175 3557 1215 ve-

1975 1251 2056 1302 nit
2094 1248 2349 1318 Ztatliius
2379 1247 2631 1317 quidam,
2670 1248 2992 1316 suppliciter
3022 1264 3124 1302 nos
3151 1258 3433 1318 precatus,
3474 1253 3553 1305 uti

1977 1342 2043 1395 ab
2071 1341 2297 1396 etlmica
2349 1339 2636 1409 religione,
2681 1337 2977 1394 sacriﬁciis
3013 1339 3252 1408 impuris
3283 1350 3338 1396 et
3363 1356 3556 1396 errore

1974 1435 2252 1490 diabolico
2281 1434 2569 1498 liberatus,
2606 1433 2660 1485 in
2703 1432 3084 1486 Christianum
3126 1431 3305 1498 ﬁeret,
3337 1435 3557 1488 aeterni-

1975 1543 2081 1597 que
2111 1526 2232 1590 Dei,
2282 1541 2469 1581 rerum
2534 1525 2782 1579 omnium
2834 1525 3074 1594 opiﬁcis,
3125 1527 3304 1596 gratia
3353 1526 3555 1597 dignus

1975 1629 2319 1674 censeretur.
2358 1617 2440 1671 Ad
2475 1617 2760 1672 meliorem
2796 1616 2983 1685 itaque
3011 1617 3138 1670 vitae
3183 1617 3552 1673 conditionem

1973 1711 2164 1763 venire
2220 1709 2489 1762 volentem
2559 1707 2855 1776 prohibere
2911 1715 3168 1761 nostrum
3224 1723 3334 1763 non
3391 1720 3539 1766 erat:

1974 1800 2105 1870 quin
2147 1806 2202 1853 et
2230 1799 2323 1853 Dei
2373 1797 2749 1868 cognitionem
2809 1803 2872 1850 ut
2921 1797 3372 1866 amplecteretur,
3428 1814 3550 1854 οιιηι

266 1900 374 1953 καὶ
413 1898 712 1964 ἀξιωθέντα
762 1898 872 1952 τῶν
916 1898 1255 1969 ἐπουρανίων
1299 1896 1614 1968 μυστηρίων
1652 1898 1731 1959 είς
1772 1897 1871 1968 τὴν

1977 1891 2183 1947 hortati
2213 1906 2430 1948 sumus.
2483 1889 2868 1945 Christianum
2907 1890 3152 1960 denique
3175 1891 3407 1957 factum,
3438 1907 3550 1946 cm-

270 1991 420 2044 ῑδίαν
464 1991 814 2060 ἀπελύσαμεν
871 1989 1076 2061 χώραν.
1131 1991 1242 2044 Kal
1303 1989 1520 2058 ἐγένετο
1567 1989 1633 2043 ἐκ
1673 1988 1865 2042 τούτου

268 2081 450 2154 ἔχθρα
480 2080 687 2152 μεταξὺ
720 2082 1014 2153 Ῥωμαίων
1047 2081 1144 2136 xal
1175 2081 1422 2153 Περσῶν.
1478 2119 1490 2130 .

345 2259 460 2314 Kal
488 2257 867 2330 προετρέψατο
898 2259 925 2311 6
957 2256 1212 2328 βασιλεὺς
1261 2253 1487 2324 Περσῶν
1516 2256 1570 2309 ἐν
1601 2254 1678 2327 τῷ
1717 2254 1868 2326 αὐτῷ

267 2351 458 2424 χρόνῳ
496 2352 640 2422 ρἦα
661 2350 771 2402 τῶν
797 2347 1017 2406 Οὔννων
1039 2348 1265 2418 ὀνόματι
1289 2345 1500 2416 Ζιλγιϐὶ
1526 2346 1614 2416 (e),
1645 2346 1774 2417 περὶ
1807 2340 1868 2401 οὗ

266 2441 520 2504 ἀκούσας
549 2441 838 2503 ’1ουστῖνος
866 2442 894 2493 6
931 2439 1204 2510 βασιλεὺς,
1238 2438 1320 2491 ὃτι
1354 2436 1554 2508 ,πρώην
1580 2437 1678 2507 μὲν
1707 2438 1869 2501 αὐτὸς

267 2529 346 2606 ἦν
375 2533 830 2606 προτρεψάμενος
880 2531 1042 2584 αὐτὸν
1073 2531 1210 2600 πρὸς
1257 2528 1511 2600 βοήθειαν
1547 2529 1864 2598 Ῥωμαίων·

269 2626 505 2695 πέμψας
537 2625 646 2696 γὰρ
674 2620 743 2696 ἦν
770 2623 921 2694 αὐτῷ
953 2625 1045 2676 καὶ
1071 2622 1220 2692 δῶρα
1273 2621 1444 2674 πολλὰ
1489 2621 1581 2673 xal
1617 2619 1870 2687 σύνταξιν

271 2719 412 2789 παρ’
433 2717 594 2770 αὑτοῦ
621 2716 804 2771 λαϐὼν
835 2715 953 2787 μεθ’
970 2708 1165 2784 ὅρκου,
1183 2713 1421 2777 ἀκούσας
1440 2714 1520 2766 ὅτι
1555 2713 1866 2787 προσερρύη

270 2806 357 2878 τῷ
392 2808 605 2877 βασιλεί
651 2807 902 2879 Περσῶν,
940 2805 1188 2876 ἐλυπήθη
1237 2806 1465 2876 σφόδρα.
1502 2805 1559 2859 Ὀ
1604 2805 1662 2859 δὲ
1707 2806 1870 2868 αὐτὸς

275 2892 502 2964 Οὖννος,
547 2899 889 2971 προτραπεὶς
929 2899 1032 2952 ὑπὸ
1078 2897 1304 2951 Κωὰδου
1338 2896 1601 2967 βασιλέως
1644 2898 1870 2969 Περσῶν

273 2985 411 3063 ἦλθε
435 2991 574 3044 κατὰ
605 2990 896 3061 Ῥωμαίων
916 2989 1054 3060 μετὰ
1078 2989 1250 3042 εἴκοσι
1268 2989 1522 3058 χιλιάδων
1541 2989 1608 3053 ’⁸,
1638 2988 1869 3057 ὀφείλων

276 3083 592 3152 πολεμῆσαι
643 3083 958 3153 Ῥωμαίοις.
1019 3082 1076 3135 '0
1137 3080 1194 3134 δὲ
1258 3071 1534 3144 θειότατος
1586 3082 1869 3145 ’ῐουστίνος

276 3173 518 3243 ἐδήλωσε
572 3173 659 3226 δ.ιὰ
704 3173 1042 3244 πρεσϐευτοῦ
1089 3172 1166 3243 τῷ
1227 3172 1442 3243 βασιλεῖ
1484 3173 1687 3246 Κωάδῃ
1730 3175 1868 3243 μετὰ

277 3268 502 3336 φιλικῆς
541 3265 707 3319 αὑτοῦ
750 3267 1099 3337 ἀποκρίσεως
1149 3266 1337 3320 ἕνεκεν
1369 3266 1626 3336 είρήνης,
1662 3265 1737 3327 ὡς
1778 3265 1904 3336 ἐπ’)

276 3359 425 3430 ἄλλῳ
459 3359 568 3411 τινὶ
625 3359 873 3429 γράψας,
911 3359 1044 3429 φησὶ
1072 3400 1085 3420 ,
1143 3358 1242 3429 τὴν
1289 3358 1385 3411 τοῦ
1435 3357 1600 3412 αὐτοῦ
1653 3359 1869 3426 Ζιλγιϐὶ

281 3454 452 3526 ρηγὸς
473 3453 828 3524 παραϐασίαν
859 3454 952 3507 καὶ
985 3454 1292 3525 ἐπιορκίαν,
1333 3455 1426 3506 καὶ
1459 3454 1539 3507 ὄτι
1560 3454 1708 3524 παρὰ
1735 3453 1869 3506 Ῥωο·

283 3543 462 3616 μαίων
513 3544 807 3613 ἐκομίσατο
854 3545 1117 3616 χρήματα
1154 3545 1295 3597 κατὰ
1345 3544 1592 3614 Περσῶν,
1638 3543 1870 3612 ὀφείλων

279 3637 479 3698 αὐτοὺς
510 3635 801 3707 προδοῦναι
838 3637 932 3688 καὶ
967 3635 1044 3706 τῷ
1081 3635 1260 3707 καιρῷ
1284 3636 1381 3706 τῆς
1417 3633 1567 3707 [158]
1600 3635 1874 3705 συμϐολῆς

282 3725 423 3795 ὑπὲρ
461 3722 752 3794 Ῥωμαίων
797 3727 1132 3794 συμμαχεῖν,
1176 3725 1270 3779 καὶ
1311 3725 1392 3777 ὅτι
1427 3725 1509 3778 δεῖ
1547 3726 1693 3795 ἡμᾶς
1724 3723 1874 3778 ἁδελ-

282 3817 417 3886 φοὺς
464 3816 628 3880 ὄντας
675 3818 753 3880 εἰς
788 3817 968 3885 φιλίαν
1011 3817 1195 3871 λαλεῖν
1234 3817 1327 3870 καὶ
1369 3817 1444 3888 μὴ
1479 3818 1584 3871 ὑπὸ
1623 3818 1728 3871 τῶν
1775 3836 1872 3871 κυ-

281 3909 390 3961 νῶν
443 3908 521 3978 (f)
575 3908 780 3962 τούτων
818 3905 1131 3973 παίζεσθαι.
1185 3910 1294 3962 Kal
1346 3909 1606 3978 ἐπιγνοὺς
1640 3909 1812 3962 ταῦτα
1842 3911 1870 3962 ὁ

285 3999 542 4070 βασιλεὺς
575 3999 823 4070 Περσῶν,
868 4001 1197 4071 ἐπηρώτησε
1230 4001 1321 4053 τὸν
1347 4001 1587 4068 Ζιλγιϐὶν
1610 4003 1676 4063 ἰ,
1712 4005 1868 4072 εῑρη-

283 4089 399 4162 κὼς
427 4091 526 4165 (g),
557 4092 638 4146 ὅτι
667 4091 826 4165 Δῶρα
850 4091 958 4163 (92)
997 4091 1191 4156 ἔλαϐες
1228 4092 1381 4166 παρὰ
1409 4092 1700 4164 Ῥωμαίων
1731 4109 1869 4164 προ-

1970 1981 2314 2050 lestibusque
2358 1979 2957 2050 mysteriisinitiatum,
2980 1980 3036 2033 in
3073 1980 3354 2049 regionem
3387 1996 3547 2035 suam

1967 2071 2305 2126 remisimus.
2330 2068 2604 2124 Caeterum
2636 2068 2836 2123 exinde
2884 2067 3070 2124 Persis
3101 2084 3230 2123 cum
3280 2069 3552 2126 Romanis

1972 2162 2284 2218 inimicitia:
2323 2162 2787 2217 intercesserunt.

2039 2253 2244 2309 Eodem
2295 2263 2542 2324 tempore
2592 2268 2691 2307 rex
2721 2250 3020 2306 Persarum
3068 2251 3350 2322 Zilgibim,
3391 2255 3552 2307 Hun-

1968 2363 2166 2403 norum
2223 2362 2429 2418 regem,
2482 2347 2538 2402 in
2597 2355 2784 2415 partes
2841 2361 2974 2402 suas
3009 2348 3355 2401 sollicitavit.
3390 2347 3550 2413 Quod

1968 2451 2094 2492 cum
2141 2436 2414 2505 Justinus]
2441 2439 2748 2508 imperator
2789 2437 3036 2492 audisset
3084 2437 3231 2508 (eum
3312 2440 3551 2503 scilicet,

1969 2545 2131 2599 quem
2159 2531 2277 2599 ipse
2307 2530 2467 2598 prius
2501 2528 2570 2583 ad
2604 2529 2988 2583 Romanorum
3017 2530 3338 2584 societatem
3363 2532 3554 2586 missis

1969 2620 2133 2676 donis
2167 2622 2598 2692 quamplurimis
2649 2622 3002 2684 invitaverat,
3063 2622 3354 2691 lmdusque
3399 2623 3556 2691 jura-

1971 2723 2158 2770 mento
2198 2716 2546 2780 lirutavcrat,
2580 2713 2651 2767 ad
2710 2699 3026 2768 Persarum.
3044 2729 3227 2783 regem
3265 2731 3414 2768 nunc
3460 2718 3554 2769 tle-

1971 2807 2224 2876 scivisse)
2249 2847 2263 2871 ,
2299 2805 2510 2875 ingenti
2541 2806 2623 2860 ira
2657 2815 2948 2874 correptus
2977 2805 3375 2861 est.Caaterum
3402 2807 3556 2863 Hun-

1971 2918 2075 2955 nus
2103 2905 2229 2964 iste,
2256 2914 2286 2952 a
2321 2899 2504 2954 Coade
2549 2897 2712 2970 415
2747 2915 2876 2968 rege
2908 2900 3264 2964 sollicitatus,
3307 2902 3554 2956 exercitu

1973 2993 2168 3062 viginti
2217 2992 2451 3044 millium
2508 3001 2852 3045 armatorum
2889 2991 3228 3054 instructus,
3281 2993 3554 3048 adversus

1974 3077 2257 3132 llomanos
2293 3092 2447 3130 arma
2481 3077 2674 3131 movit.
2714 3078 3145 3135 Sacratissimus
3179 3089 3360 3134 autem
3389 3080 3557 3137 Justi—

1973 3182 2099 3232 nus,
2132 3167 2288 3236 pacis
2338 3168 2689 3222 conditiones
2724 3168 2904 3222 amica
2939 3169 3385 3239 interpellatione
3417 3187 3552 3226 con-

1971 3261 2288 3326 ciliaturus,
2326 3261 2488 3332 quasi
2529 3262 2597 3317 de
2637 3263 2741 3315 alia
2773 3263 3036 3331 quapiam
3064 3279 3123 3318 re
3156 3265 3429 3331 scribens,
3459 3280 3554 3336 per

1969 3353 2208 3422 legatum
2243 3371 2404 3408 suum
2442 3355 2626 3410 missis
2652 3355 2718 3409 ad
2743 3354 2984 3410 Coadem
3013 3370 3195 3426 regem
3231 3357 3455 3421 litteris,
3487 3357 3554 3413 de

1967 3447 2202 3515 perlidia
2229 3455 2283 3499 et
2319 3446 2564 3515 perjurio
2601 3446 2747 3516 regis
2781 3446 3112 3499 Hunnorum
3145 3451 3445 3502 certiorem
3475 3448 3555 3504 ὣς

1970 3538 2080 3602 cit;
2119 3554 2313 3608 nempe
2361 3555 2486 3594 eum
2543 3554 2572 3592 a
2626 3540 2889 3594 Romanis
2928 3541 3200 3609 pecunias
3248 3543 3551 3610 accepisse,

1973 3635 2051 3687 uti
2087 3632 2286 3689 Persas
2317 3635 2397 3688 eis
2433 3633 2724 3704 proderet;
2759 3635 2991 3702 ipsoque
3023 3635 3076 3686 in
3110 3649 3416 3703 congressu
3443 3632 3553 3686 ﬂo-

1973 3735 2263 3777 nlanorum
2294 3733 2479 3794 partes
2507 3735 2923 3794 suscepturum.
2951 3723 3094 3789 Quin
3122 3732 3175 3777 ct
3201 3739 3323 3788 nos,
3348 3723 3553 3792 inquit,

1971 3815 2173 3871 fratres
2198 3832 2321 3870 cum
2357 3818 2550 3880 simus,
2586 3815 2891 3869 amicitiam
2918 3816 3154 3869 ἰιινίι-εηι
3186 3817 3372 3870 colere
3396 3831 3557 3885 opor-

1972 3915 2072 3972 tet,
2100 3923 2275 3976 nequc
2292 3908 2662 3971 committere,
2685 3907 3001 3961 tttcanibus
3027 3907 3149 3960 istis
3177 3908 3230 3960 in
3260 3905 3576 3961 ludibrium'

1978 4001 2260 4054 cedamus.
2317 3996 2416 4053 His
2475 3998 2720 4062 auditis,
2777 3997 3070 4052 Persarum
3139 4014 3233 4053 rex
3293 3998 3551 4069 Zilgibim

1977 4093 2154 4148 amice
2191 4091 2574 4164 interi-cgavit,
2618 4106 2687 4146 an
2726 4106 2757 4144 a
2795 4090 3062 4146 Romanis
3113 4091 3230 4162 ipse
3285 4092 3550 4162 pecunias

1455 4215 1462 4221 ’
1565 4249 1799 4306 vitam
1828 4247 2240 4305 LECTIONES.
2970 4275 2976 4280 α

356 4344 404 4379 ³⁸
420 4343 740 4412 ἀξιούμενος
760 4343 883 4403 (111..
903 4341 1110 4397 Chron.
1142 4359 1194 4412 p.
1217 4342 1323 4397 535
1343 4327 1409 4409 Ἀ,
1431 4341 1753 4413 ἀξιούμενον
1771 4341 1873 4413 Ox,

1977 4342 2183 4413 ’ἡμεῖς
2205 4339 2651 4413 προτρεπόμεθα.
2670 4340 2784 4413 οὐκ
2809 4339 3113 4413 εἰσεδέχετο
3145 4337 3293 4413 ponit
3317 4336 3549 4413 Chro_n.,

281 4422 340 4472 et
355 4406 543 4486 aperte
562 4406 753 4469 vitium
777 4421 861 4469 est
886 4417 938 4467 in
956 4406 1176 4468 Malala.
1255 4414 1299 4444 ²⁰
1324 4406 1498 4466 εἴκοσι
1522 4406 1776 4484 χιλιάδων
1793 4412 1893 4468 Ch.

1977 4406 2368 4484 ίκοσιχιλιᾶδων
2393 4406 2504 4465 Ox;
2570 4412 2611 4443 ²¹
2633 4409 2871 4482 εἰρηκὼς
2895 4406 3122 4473 enim...
3143 4406 3431 4478 εἰρηνικῶς
3449 4408 3550 4461 0x.

1491 4552 1604 4609 ΕΒ.
1627 4551 2015 4609 CHILMEADI
2039 4550 2276 4607 NOTAE.

357 4671 475 4743 (90)
506 4669 601 4743 Εἰς
639 4666 710 4720 τὰ
749 4665 996 4743 ἡμέτερα
1045 4665 1315 4735 βασίλεια.
1349 4664 1630 4743 Βασίλειον
1650 4664 1876 4743 proprie

843 4735 1134 4805 nostrum,
1182 4752 1398 4805 regnum
1447 4735 1656 4804 ubique
1701 4737 1877 4804 signi-

283 4737 378 4799 est'
413 4737 558 4805 regia
595 4754 612 4792 :
650 4737 793 4807 apud

285 4815 439 4868 licat.
471 4803 560 4864 Uti
595 4803 754 4862 111).ἰι
784 4805 849 4859 de
873 4803 1160 4875 OEdipode
1209 4803 1374 4860 [Καὶ
1407 4805 1652 4869 ἀκούσας
1696 4806 1725 4858 ὁ
1764 4803 1872 4875 Ὁίτ

284 4884 500 4943 δίπους.
528 4878 719 4933 ἐλαϐεν
772 4877 952 4947 ἥλους,
1003 4874 1098 4929 παὶ
1148 4876 1324 4940 πήξας
1358 4877 1474 4947 τοῖς
1517 4877 1669 4938 ίδίοις
1708 4874 1874 4947 αὑτοῦ

287 4952 590 5020 ὀφθαλμοῖς
651 4945 910 5020 τελευτᾷέ
951 4947 1119 5020 ἐᾲσας
1152 4948 1210 4999 τὸ
1243 4945 1518 5020 βασίλειον
1539 4949 1680 5020 ,τοῖς
1719 4946 1875 4996 δυσὶν

288 5016 668 5079 αὖτούυίοῖς,
705 5027 810 5070 etc.
872 5016 932 5069 Et
989 5017 1082 5070 lib.
1141 5033 1270 5069 xvm
1322 5017 1390 5069 de
1442 5017 1872 5069 Auxumitarum

2042 4666 2163 4788 (9i;
2187 4668 2299 4720 Kal
2320 4666 2578 4721 -κωλύσαι
2609 4666 2699 4719 τὸν
2727 4665 3054 4735 βουλόμενον
3078 4666 3158 4729 είς
3189 4665 3432 4736 βελτίονα
3459 4670 3558 4724 τά-

2042 4756 2053 4788 )
2105 4740 2129 4788 ἐ
2169 4737 2302 4788 Θεῖν.
2354 4739 2449 4788 καὶ
2497 4737 2703 4788 γνῶναι
2755 4737 2905 4788 Θεόν.
2960 4735 3164 4788 Locum
3203 4738 3451 4788 mutilum
3489 4755 3555 4788 ex

1973 4735 2059 4803 ξιν
2105 4735 2302 4801 ἐλθεῖν,
2354 4739 2449 4791 καὶ
2497 4737 2703 4804 γνῶναι
2755 4737 2905 4788 Θεόν.
2960 4735 3451 4791 Locmnmutilum
3489 4755 3556 4795 ex

1970 4811 2102 4862 Chr.
2134 4808 2290 4861 Alex.
2333 4809 2404 4878 ita
2431 4808 2794 4878 restituimus
2829 4823 2841 4858 :
2892 4807 3000 4878 Kal
3033 4806 3276 4860 κωλῦσαι
3305 4809 3397 4878 τὸν
3430 4808 3556 4878 βου-

1971 4878 2199 4949 λόμενον
2239 4880 2318 4940 είς
2353 4877 2613 4949 βελτίονα
2662 4878 2814 4944 τάξιν
2874 4876 3052 4930 ἐλθεῖν
3113 4878 3212 4930 οὐκ
3241 4876 3557 4949 ἐνεδέχετο·

1973 4951 2068 5002 καὶ
2097 4948 2304 5015 γνῶναι
2339 4948 2495 5011 θεὸν,
2524 4959 2634 5001 etc.

2048 5019 2158 5100 ($22)
2202 5018 2566 5100 :Errrggtbcqas
2604 5018 2980 5100 τὸλΖιλπίιϐὶμ
3007 5014 3116 5100 [sic
3137 5017 3224 5100 ed.
3263 5017 3365 5100 φῖ.
3406 5020 3560 5100 είρη-

290 5109 441 5162 rege,
492 5089 930 5162 Hoineritcnscm
985 5087 1050 5162 de
1083 5087 1320 5162 injuriis
1354 5101 1522 5162 regno
1563 5102 1665 5162 s_uo
1691 5085 1785 5162 ah
1813 5099 1880 5138 eo
1975 5085 2163 5162 νικῶζ,
2201 5091 2289 5162 ὅτι.
2312 5085 2460 5162 δῶρα
2490 5085 2633 5162 '9.th
2660 5085 2985 5162 (_3hr._Aleir.
3009 5085 3192 5162 _h_a_het
3218 5127 3233 5151 ,
3276 5085 3561 5162 ἐπηρωτή-

290 5154 464 5217 illatis
490 5159 832 5229 postulante,
861 5157 974 5229 haec
1008 5154 1274 5229 habrnnts
1301 5174 1316 5229 _:
1361 5156 1433 5229 'O_
1455 5155 1510 5229 δὲ
1537 5156 1645 5207 τῶν
1663 5154 1881 5229 μΑὑξο-υ-

1980 5176 2072 5212 σεν
2101 5159 2191 5212 τὸν
2215 5159 2472 5226 Ζιλγιϐὶμ
2500 5157 2742 5226 εἰρηκὼς
2758 5158 2908 5227 αὐτῷ
2937 5159 3017 5210 ὅτι
3047 5157 3215 5227 δῶρα,
3236 5157 3560 5213 etc.Vcrutn

491 5213 761 5302 ’βασιλεὺς
788 5213 1037 5302 ἐδήλωσε-
1059 5226 1134 5295 τῷ
1161 5226 1383 5302 ’βασιλεῖ
1420 5213 1879 5302 Ἀμ-εριτῶνξότι

1978 5213 2404 5302 cumaltcruiro
2432 5213 2620 5281 'Inod'o'
2643 5213 2820 5302 locum
2859 5213 3005 5302 hunc
3043 5213 3222 5296 legere
3246 5231 3559 5302 possimus,

291 5296 484 5364 πακῶς
510 5296 812 5367 ἐποίησας,
854 5296 1122 5367 φονεύσας
1161 5296 1468 5367 Ῥωμαίους
1516 5297 1880 5367 Χριστιανοὺς

1981 5300 2116 5352 nihil
2147 5301 2374 5352 0111111110
2407 5309 2618 5352 mutare
2646 5298 2839 5354 statui.
2885 5298 3042 5352 Hunc
3075 5314 3205 5354 vero
3228 5299 3562 5355 Anastasius

293 5365 746 5440 πραγματευτόις,
779 5370 873 5420 καὶ
903 5366 1142 5436 ἔϐλαψας
1175 5367 1243 5420 τὰ
1266 5367 1373 5437 ἐμὰ
1409 5365 1680 5436 βασίλεια.

1981 5367 2306 5426 Bibliothec.
2336 5367 2590 5424 Zelicbcn
2627 5380 2810 5423 vocat.

1679 5479 1867 5535 ilODll
1909 5483 2149 5542 NOTAE.

367 5579 438 5651 (ε)
478 5566 812 5651 ζιλχὶϐί.-Ο.
842 5575 1050 5651 mysi.
1082 5573 1230 5651 Edit.
1277 5573 1424 5651 Spai.
1462 5570 1872 5651 Etl‘pmzmin-fl‘a

296 5641 438 5732 apud
470 5641 874 5732 C';-Zta't‘{.6tpo;.
895 5641 1249 5732 ΔΙῘΙιῇεξξιιμῗηι
1272 5645 1444 5699 editio
1474 5641 1622 5698 Scal.
1665 5644 1873 5713 Τξιάγο

299 5714 472 5789 ϐἱρος.
507 5714 832 5785 TheOphan.
861 5724 914 5768 et
947 5716 1036 5768 alii
1067 5714 1339 5784 Ζιλίγδης.

370 5788 437 5856 (1)
479 5786 695 5856 Κυνῶν.
731 5784 821 5856 Sic
851 5783 1098 5856 Theoph.
1120 5793 1174 5838 at
1205 5784 1268 5856 ο.
1305 5783 1504 5856 κοινῶν
1524 5799 1536 5811 ·
1573 5784 1720 5853 quod
1741 5799 1874 5856 por-

298 5851 442 5915 rexit
469 5872 538 5915 ex
569 5855 904 5928 Theophane
959 5851 1310 5911 Dul‘resnius.
1361 5851 1682 5911 Holstenius
1729 5853 1873 5909 Οὕν-

1975 5597 2083 5632 νων
2113 5579 2380 5637 substitui
2413 5577 2608 5633 voluit.
2651 5577 2755 5632 Sed
2787 5578 2924 5632 nihil
2959 5575 3285 5630 mutandum
3318 5594 3330 5628 :
3370 5583 3559 5628 notum

1965 5651 2411 5737 country-Uitam
2470 5648 2806 5712 convicium,
2841 5648 3023 5703 Canis.
3060 5647 3162 5699 Acli
3201 5644 3558 5700 Dulresnium

1973 5721 2492 5863 paféfgipqvixég.
2529 5786 2590 5842 C.
2623 5786 2886 5858 εἰρηκώς,
2925 5784 3128 5840 direns.
