3894 6424
421 320 535 384 615

1667 331 1994 393 JOANNIS
2050 334 2376 399 MALAL/E

3571 351 3669 417 616

422 437 753 508 accepisset,
790 444 985 494 contra
1024 438 1225 495 Persas
1258 440 1609 499 sollicitatus.
1644 442 1781 510 lmo,
1821 446 1998 516 inquit

2106 453 2334 519 τραπεὶς
2365 454 2506 507 κατὰ
2534 453 2795 526 Περσῶνς
2823 455 2931 508 Καὶ
2961 448 3113 510 εἶπεν
3140 456 3169 511 δ
3198 456 3438 525 Ζιλγιὸὶς
3464 461 3523 514 τὸ
3542 464 3668 533 ἀλη-

423 529 678 603 Zilgibis,
701 547 788 586 me
809 532 1095 600 accepisse
1125 532 1320 588 fateor.
1349 534 1429 589 Ad
1461 535 1576 590 haec
1608 537 1783 594 iratus
1814 536 2002 594 Persa-

422 639 545 678 rum
587 622 707 687 rex,
747 624 1092 693 credensque
1132 624 1389 681 llunnum
1425 644 1522 698 per
1549 629 1735 684 dolum
1760 632 1999 696 venisse,

422 716 630 771 occidit
658 716 843 785 illum;
869 718 1074 772 multos
1093 719 1259 772 etiam
1284 734 1348 773 ex
1366 720 1615 775 exercitu
1641 722 1763 791 ejus
1790 738 1886 793 per
1903 739 2004 779 no-

419 823 564 865 ctem
599 812 922 880 interfecit,
960 813 1126 883 plane
1151 814 1539 870 nescientibus
1575 815 1794 872 Hunnis
1835 818 1940 872 hoc
1970 832 2000 872 a

419 904 711 960 Persarum
776 922 902 977 rege
963 909 1279 977 provenire,
1313 908 1409 963 sed
1449 916 1712 980 tanquam
1769 910 1840 965 ab
1895 910 2002 965 alia

420 999 679 1068 quapiam
714 998 936 1068 regione
985 1000 1038 1053 in
1078 1015 1138 1055 se
1183 1015 1477 1071 regemque
1523 1017 1688 1057 suum
1735 1001 2001 1072 impetum

422 1093 623 1147 factum
659 1093 838 1149 fuisSe
863 1094 1338 1149 existimantibus.
1372 1093 1474 1161 Qui
1514 1110 1646 1150 vero
1676 1111 1706 1149 a
1741 1094 1890 1151 caede
1916 1110 2003 1151 re-

422 1185 557 1255 liqtti
603 1185 830 1241 fuerunt
880 1185 1103 1250 Hunni,
1161 1185 1552 1256 profugerunt.
1598 1186 1737 1242 Tum
1779 1188 2000 1243 demum

419 1278 587 1333 Coadi
627 1278 740 1348 regi
799 1278 980 1331 visum
1014 1287 1102 1333 est
1143 1277 1212 1334 de
1255 1278 1410 1346 pacis
1445 1279 1857 1337 conditionibus
1887 1287 2003 1333 tra-

419 1378 594 1434 ctare,
628 1370 814 1425 missis
849 1372 952 1424 hac
1002 1369 1070 1425 de
1122 1385 1180 1425 re
1211 1367 1410 1427 litteris
1438 1388 1531 1439 per
1561 1373 1824 1443 legatum,
1892 1371 2001 1425 La-

420 1459 637 1523 broiutn
686 1460 930 1526 nomine,
974 1462 1040 1516 ad
1086 1460 1371 1517 Justinum
1413 1463 1722 1517 Romanum
1757 1463 2000 1533 impera-

420 1560 619 1606 torem.

489 1643 653 1698 Circa
686 1644 792 1700 hoc
833 1654 1047 1715 tempus
1069 1644 1303 1707 Paulus,
1341 1642 1663 1713 patriarcha
1698 1642 1999 1698 Antioche-

420 1749 547 1801 nus,
585 1750 616 1789 e
645 1734 785 1790 rivis
832 1739 1069 1792 excessit
1101 1756 1114 1790 :
1146 1735 1314 1807 416
1345 1734 1508 1802 cujus
1544 1735 1599 1789 in
1641 1733 1828 1789 locum
1886 1734 1997 1789 Eu-

420 1794 684 1894 phrasius
738 1794 1592 1897 Hierosolymitat'tus'suﬂ-‘ectus
1629 1833 1716 1881 est
1766 1842 1780 1879 :
1813 1824 1911 1896 qui
1942 1830 1997 1880 et

418 1915 761 1983 orthodoxos,
785 1933 926 1989 quos
968 1926 1194 1983 vocant,
1234 1917 1478 1987 graviter
1532 1928 1861 1987 persecutus
1888 1924 1996 1982 est,

418 2010 672 2080 plurimis
700 2024 891 2065 eorum
927 2011 1094 2065 etiam
1124 2010 1247 2064 neci
1277 2008 1524 2064 traditis.

492 2102 689 2157 Iisdem
733 2101 1081 2172 temporibus
1124 2100 1332 2157 Veneta
1381 2101 1552 2157 factio
1602 2102 2001 2158 commotiones

426 2193 628 2263 ubique
654 2207 753 2262 per
775 2192 940 2248 urbes
968 2192 1271 2254 excitabat,
1308 2192 1767 2262 lapidationibus,
1797 2191 2001 2247 tumul-

420 2283 594 2347 tibus,
611 2284 988 2354 caedibusque,
1010 2284 1199 2339 omnia
1213 2283 1478 2340 miscens.
1498 2282 1642 2349 Quin
1665 2292 1720 2339 et
1736 2282 2001 2339 adversus

418 2374 640 2430 urbium
679 2374 843 2428 etiam
891 2372 1185 2443 praefectos
1228 2373 1437 2443 ubique
1468 2373 1834 2443 insurgebant
1865 2370 2002 2445 [Ve-

417 2465 580 2538 neti,]
615 2466 839 2520 initium
900 2466 1225 2523 rebellionis
1279 2482 1311 2521 a
1360 2466 1842 2537 Constantinopoli
1899 2482 2000 2523 su-

419 2567 659 2614 mentes.
709 2558 822 2614 Nec
867 2558 1155 2614 desierunt
1195 2560 1616 2628 tumultuantes,
1659 2574 1835 2630 usque
1867 2559 1999 2615 dum

418 2651 760 2715 Theodotus,
793 2666 1053 2707 excomes
1082 2650 1350 2715 Orientis,
1383 2652 1508 2707 urbi
1542 2652 1842 2722 praefectus
1866 2666 2003 2707 con-

418 2743 646 2798 stitutus
679 2741 867 2809 fuerit,
894 2741 1042 2811 quod
1090 2740 1294 2797 factum
1329 2753 1415 2798 est
1467 2743 1770 2797 indictione
1799 2742 1998 2813 prima.

417 2831 521 2889 Hic
541 2834 729 2904 itaque
751 2832 1216 2888 insurrectionem
1242 2833 1429 2902 populi
1463 2832 1750 2905 Byzantini
1775 2846 2000 2902 compe-

416 2928 588 2990 scuit,
635 2926 1030 2983 seditiosorum
1061 2926 1380 2997 permultis,
1421 2924 1778 2996 imperatoris
1822 2924 2001 2995 ipsius

415 3034 482 3074 ex
509 3020 693 3089 jussu,
748 3019 805 3074 in
866 3020 1202 3089 supplicium
1235 3017 1471 3073 adactis.
1506 3019 1656 3072 Inter
1697 3031 1841 3087 quos
1870 3031 1999 3071 cum

2104 544 2195 609 θὲς
2225 545 2321 600 καὶ
2336 545 2679 618 ὡμολόγησε.
2703 548 2815 601 Καὶ
2837 547 3087 619 ὠργίσθη
3113 550 3141 603 ὁ
3171 549 3424 619 βασιλεὺς
3454 553 3668 625 Περσῶν

2101 632 2355 718 Κωάδης,
2393 635 2488 688 καὶ
2521 637 2811 705 ἐφόνευσεν
2851 637 3036 705 αὐτὸν,
3069 639 3381 710 ὑπονοήσας
3415 642 3495 696 ὅτι
3541 645 3671 718 δόλῳ

2100 717 2232 792 ἦλθε
2264 721 2400 794 πρὸς
2415 724 2600 790 αὐτὸν,
2620 726 2714 778 καὶ
2744 726 2973 791 πολλοὺς
3003 725 3096 779 τοῦ
3118 726 3274 798 ὄχλου
3305 729 3466 782 αὑτοῦ
3488 717 3671 802 νυκτὸς

2102 815 2302 879 ἀνεῖλε,
2336 815 2559 886 πέμψας
2578 818 2701 870 κατ’
2720 816 2898 870 αὐτῶν
2929 817 3131 888 πλῆθος
3160 818 3318 885 πολὺι
3344 819 3670 888 ἀγνοούντων

2101 907 2187 960 ὅτι
2214 907 2322 961 ἀπὸ
2359 907 2455 962 τοῦ
2493 907 2759 978 βασιλέως
2797 908 3022 981 Περσῶν
3047 909 3304 981 ἐπέμφθη
3346 915 3465 966 κατ’
3499 915 3671 971 αὐτῶν

2102 1000 2164 1053 τὸ
2195 1000 2420 1071 πλῆθος,
2457 1000 2592 1054 ἀλλὰ
2619 999 2695 1064 ὼς
2727 1001 2838 1059 ἀπὸ
2865 1001 3031 1073 ἄλλης
3068 1001 3274 1072 χώρας,
3306 1004 3491 1073 φησὶν,
3521 1007 3673 1061 ἐπελ-

2104 1092 2304 1145 θόντων
2338 1093 2451 1154 τοῖς
2476 1091 2701 1156 Οὖννοις
2730 1092 2823 1146 καὶ
2850 1091 2928 1162 τῷ
2950 1093 3081 1162 ῥηγὶ
3110 1093 3318 1146 αὐτῶν·
3344 1095 3391 1146 οί
3420 1095 3476 1148 δὲ
3502 1096 3674 1153 λοιποὶ

2100 1184 2210 1238 ὠν
2246 1183 2462 1238 Οὖννων
2483 1188 2531 1238 οἱ
2571 1184 2962 1256 περισωθέντες
2998 1183 3219 1254 ἔφυγον.
3256 1185 3367 1239 Καὶ
3393 1185 3538 1252 ἔδοξε
3564 1187 3673 1243 λοι-

2104 1276 2204 1329 πὸν
2226 1278 2254 1329 ό
2279 1274 2534 1347 βασιλεὺς
2558 1275 2791 1346 Κωάδης
2819 1274 3002 1328 λαλεῖν
3028 1276 3156 1345 περ)⁸
3181 1274 3405 1329 πάκτων
3434 1278 3677 1349 είρήνης,

2101 1366 2348 1438 δηλώσας
2384 1367 2472 1421 διὰ
2511 1367 2781 1437 Λαὸροῖου
2827 1367 2904 1437 (Ιι)
2945 1367 3285 1438 πρεσϐευτοῦ
3320 1367 3432 1439 (95)
3475 1369 3549 1441 τῷ
3582 1371 3675 1440 βα-

2105 1459 2243 1514 σιλεῖ
2276 1457 2564 1529 Ῥωμαίων
2598 1456 2890 1529 ἰουστίνῳ.

2182 1635 2271 1690 Ἐν
2302 1627 2347 1704 ᾧ
2376 1636 2552 1707 χρόνῳ
2596 1635 2825 1707 τελευτᾷ
2866 1631 3076 1699 Παῦλος
3115 1639 3143 1691 ὁ
3186 1638 3531 1710 πατριάρχης
3561 1641 3674 1694 Ἀνο

2100 1727 2357 1798 τιοχείας,
2386 1730 2482 1782 καὶ
2511 1728 2733 1796 ἐγένετο
2764 1728 2880 1782 ἀντ’
2911 1729 3076 1782 αὐτοῦ
3108 1730 3423 1802 Εὐφράσιος
3456 1734 3484 1785 ό
3515 1731 3672 1804 Ἰερο-

2100 1821 2415 1892 σολυμίτης,
2450 1821 2600 1885 ὅστις
2634 1820 2810 1890 μέγαν
2839 1821 3066 1894 ἐποίησε
3113 1820 3355 1892 διωγμὸν
3394 1824 3534 1878 κατὰ
3571 1825 3674 1880 τῶν

2101 1912 2406 1983 λεγομένων
2432 1912 2748 1984 όρθοδόξων,
2777 1914 3007 1978 πολλοὺς
3037 1915 3325 1984 φονεύσας.

2186 2005 2274 2057 Ἐν
2319 2004 2378 2058 δὲ
2418 2007 2534 2069 τοῖς
2579 2006 2762 2072 αὐτοῖς
2808 2007 3022 2079 χρόνοις
3066 2007 3127 2062 τδ
3171 2007 3397 2063 Βένετον
3434 2012 3595 2082 μέρος
3620 2012 3675 2065 ἐν

2102 2097 2306 2162 πάσαις
2336 2097 2460 2160 ταῖς
2488 2082 2709 2152 πόλεσιν
2742 2096 2893 2171 [159]
2928 2100 3154 2170 ὴτάκτει
3176 2140 3191 2166 ,
3233 2101 3333 2156 καὶ
3381 2102 3675 2174 ἐτάρασσον

2100 2187 2200 2250 τὰς
2228 2186 2413 2251 πόλεις
2461 2185 2753 2259 λιθασμοίς
2786 2190 2883 2244 καὶ
2930 2191 3293 2259 καταὸασίαις
3336 2194 3433 2249 καὶ
3465 2197 3673 2266 φόνοιςο

2100 2277 2401 2348 ἐπήρχοντο
2429 2279 2539 2348 γὰρ
2581 2279 2678 2330 καὶ
2706 2281 2818 2342 τοῖς
2851 2280 2994 2334 κατὰ
3029 2282 3180 2335 πόλιν
3202 2283 3485 2355 ἄρχουσιν,
3514 2287 3676 2357 ἀρξά-

2105 2382 2257 2436 μενοι
2287 2366 2395 2421 ἁπὸ
2423 2366 2519 2420 τοῦ
2551 2368 2871 2433 Βυζαντίου.
2901 2371 3088 2426 Ταῦτα
3120 2372 3179 2427 δὲ
3215 2375 3553 2448 ἐπράττοντο
3578 2378 3679 2443 ἕως

2099 2456 2199 2529 τῆς
2226 2457 2526 2528 γενομένης
2555 2456 2887 2532 προαγωγῆς
2906 2462 3006 2532 τῆς
3033 2465 3092 2518 ἐν
3113 2464 3678 2521 Κωνσταντινουπόλει

2101 2549 2397 2621 γενομένου
2426 2550 2471 2582 ¹¹
2503 2550 2765 2605 Θεοδότου
2821 2539 3070 2625 ύπάρχου
3105 2555 3153 2587 ’³
3178 2556 3394 2622 πόλεως
3425 2557 3556 2630 (94),
3588 2559 3676 2613 τοῦ

2101 2642 2210 2695 ἀπὸ
2235 2640 2493 2711 κομήτων
2519 2640 2567 2673 ’⁸
2590 2640 2690 2712 τῆς
2718 2641 3043 2713 Ἀνατολῆςο
3065 2642 3216 2709 ὅστις
3239 2646 3559 2719 προεϐλήθη
3591 2647 3679 2702 ἐπὶ

2099 2734 2200 2805 τῆς
2250 2732 2478 2805 πρώτης
2530 2731 2888 2800 ίνδικτιῶνος,
2933 2734 3030 2788 καὶ
3078 2735 3545 2791 κατεδυνάστευσε
3585 2739 3680 2811 τῆς

2099 2824 2474 2898 δημοκρατίας
2490 2823 2599 2878 τῶν
2622 2824 2953 2892 Βυζαντίων,
2971 2828 3440 2899 τιμωρησάμενος
3462 2829 3680 2895 πολλοὺς

2097 2919 2207 2973 τῶν
2236 2919 2490 2972 ἀτάκτων
2513 2917 2653 2972 κατὰ
2678 2917 2927 2972 κέλευσιν
2940 2918 3036 2971 τοῦ
3068 2919 3344 2990 βασιλέως
3376 2923 3676 2979 ἰουστίνου.

2100 3011 2191 3064 Ἐν
2209 3005 2291 3073 οἷς
2313 3008 2639 3063 συνελάὸετο
2661 3008 2942 3062 Θεοδόσιόν
2961 3026 3105 3075 τινα,
3134 3010 3226 3065 τὸν
3260 3012 3503 3083 ἐπίκλην
3526 3015 3680 3068 Ζτικ-

417 3086 789 3166 Theodosium
819 3086 1139 3180 quem—dam,
1164 3110 1494 3181 cognomine
1516 3086 1788 3174 Zticcam,
1815 3110 1995 3163 virum

2106 3101 2227 3169 κὰν,
2255 3086 2404 3166 ὅστις
2430 3101 2490 3155 ἐν
2519 3099 2690 3171 πολλῇ
2718 3101 2952 3173 εὐπορίᾳ
2972 3100 3209 3172 ὑπῆρχε,
3239 3104 3346 3156 καὶ
3368 3106 3432 3175 τῇ
3460 3105 3583 3176 ἀξίᾳ
3609 3104 3681 3160 ὢν

416 3200 917 3271 locupletissimum
960 3210 1017 3257 et
1043 3202 1309 3279 dignitate
1354 3202 1647 3266 illustrem,
1687 3216 1718 3256 a
1754 3216 1814 3257 se
1842 3216 1997 3256 com-

416 3293 781 3364 prehensum,
811 3307 919 3346 non
951 3299 1276 3363 exspectato
1320 3291 1678 3362 imperatoris
1714 3290 1998 3357 mandato,

416 3385 540 3454 ipse
567 3383 905 3440 auctoritate
932 3383 1159 3454 pr0pria
1189 3382 1366 3439 fretus
1391 3423 1405 3449 ,
1441 3383 1561 3437 neci
1594 3381 1861 3449 dedisset,
1893 3381 2001 3436 hoc

418 3475 477 3529 in
507 3488 573 3529 eo
599 3488 708 3528 non
743 3473 928 3528 ferens
958 3473 1285 3543 imperator,
1321 3472 1655 3541 magistratu
1682 3484 1808 3526 eum
1839 3468 1996 3524 abdi-

415 3566 585 3632 cavit,
620 3572 675 3621 et
723 3565 1034 3621 honoribus
1069 3572 1323 3630 exutum,
1354 3563 1413 3619 in
1455 3561 1740 3618 Orientem
1772 3560 1997 3630 ablega-

417 3658 517 3713 vit.
550 3657 672 3725 Quo
705 3673 830 3713 cum
885 3657 1228 3721 advenisset,
1264 3657 1332 3712 de
1361 3655 1543 3713 salute
1601 3668 1705 3710 sua
1761 3654 1997 3711 necdum

415 3753 554 3807 satis
583 3764 838 3816 securus,
876 3750 1063 3821 fugam
1113 3747 1242 3804 inde
1271 3748 1538 3818 capessit,
1573 3745 1883 3802 indictione
1914 3761 1996 3810 ιιι,

388 3851 472 3898 'ct
508 3841 944 3912 Hierosolymam
979 3840 1233 3907 veniens,
1273 3839 1350 3894 ibi
1407 3836 1652 3893 delituit.
1686 3835 1751 3891 In
1808 3836 1997 3892 locum

416 3948 550 3988 vero
583 3932 766 4000 istius,
802 3930 1131 3988 Theodorus
1161 3928 1456 3994 exconsul,
1489 3935 1856 4000 cognomento
1888 3925 1998 3983 Te-

415 4025 683 4096 ganistes,
724 4024 851 4080 urbi
899 4024 1197 4095 praefectus
1247 4021 1589 4077 constitutus
1636 4028 1744 4077 est.
1796 4019 1996 4075 Antio-

415 4113 558 4168 chite
608 4127 741 4169 vero
770 4111 1067 4184 praefectus
1100 4117 1185 4168 est
1231 4109 1598 4180 Ephraemius,
1630 4108 1935 4179 Amidenus
1974 4126 1992 4167 :

412 4202 510 4273 qui
540 4200 875 4257 Venetarum
898 4200 1138 4272 partium
1173 4199 1506 4254 tumultibus
1535 4197 1755 4253 obviam
1785 4199 1991 4266 eundo,

2103 3194 2460 3265 ίλλούστριος,
2493 3192 2587 3247 καὶ
2616 3193 2804 3246 τοῦτον
2832 3192 3175 3265 αὑθεντήσας
3239 3195 3443 3261 ἀνεῖλε,
3483 3197 3558 3269 μὴ
3589 3198 3676 3251 ἀνι

2097 3285 2326 3355 αγαγὼν
2354 3283 2434 3354 τῷ
2457 3282 2686 3354 βασιλεῖ.
2714 3281 2826 3336 Καὶ
2848 3283 3251 3354 ἀγανακτηθεὶς
3277 3284 3384 3339 ὑπὸ
3396 3285 3492 3340 τοῦ
3527 3285 3672 3358 βασι-

2096 3380 2236 3440 λέως
2277 3378 2493 3449 ἐπαύθη
2523 3377 2625 3447 τῆς
2659 3376 2839 3447 ἀρχῆς
2876 3377 2971 3430 καὶ
3019 3376 3317 3451 ἀπεζώσθη
3356 3382 3457 3451 τῆς
3492 3379 3669 3447 ἀξίας,

2097 3471 2409 3535 κελευσθεὶς
2438 3468 2676 3535 ἐξελθεῖν
2700 3468 2793 3523 ἐπὶ
2814 3468 2915 3541 τὴν
2942 3469 3389 3541 Ἀνατολήν(9ὄ).
3408 3472 3515 3526 Καὶ
3544 3470 3675 3542 μετὰ

2098 3564 2162 3617 τὸ
2192 3561 2521 3617 καταλαόεἶν
2563 3560 2726 3614 αὐτὸν
2766 3558 2866 3630 τὴν
2892 3559 3183 3629 Ἀνατολὴν
3216 3560 3390 3631 ἔφυγε
3425 3560 3673 3632 φοϐηθεὶς

2100 3659 2161 3711 ἐν
2188 3659 2254 3727 τῇ
2279 3655 2442 3729 τρίτῃ
2465 3653 2778 3718 ίνδικτιῶνι,
2811 3651 3147 3725 προσφυγὼν
3167 3654 3225 3706 ἐν
3263 3652 3673 3725 Ἱεροσολύμοις,

2099 3750 2197 3803 καὶ
2226 3746 2514 3819 ἀπεκρύϐη
2540 3748 2688 3801 ἐκεῖ·
2716 3747 2812 3801 καὶ
2831 3746 2945 3801 ἀντ’
2971 3746 3138 3801 αὐτοῦ
3159 3747 3414 3820 προήχθη
3439 3747 3674 3818 ἔπαρχος

2099 3840 2310 3905 πόλεως
2337 3839 2615 3911 Θεόδωρος
2656 3839 2686 3892 ὁ
2720 3839 2832 3894 ἀπὸ
2873 3838 3118 3906 ὑπάτων,
3162 3841 3192 3892 ό
3241 3839 3472 3912 ἐπίκλην
3496 3840 3674 3909 Τηγα-

2098 3934 2309 4005 νιστής.
2336 3931 2595 4004 Προήχθη
2620 3932 2677 3986 δέ
2711 3932 2769 3985 ἐν
2785 3930 3090 4002 ’Δντιοχεία
3121 3931 3450 4003 Ἐφραΐμιος
3477 3933 3506 3984 ό
3524 3930 3669 4000 ’Δμι-

2101 4021 2293 4098 δηνός·
2326 4025 2478 4088 ὅστις
2526 4022 2835 4092 ἠγωνίσατο
2860 4023 3005 4077 κατὰ
3035 4021 3143 4076 τῶν
3185 4021 3671 4094 δημοκρατούντων

2101 4120 2343 4174 Βενέτων
2368 4133 2383 4149 ο
2432 4115 2528 4170 καὶ
2570 4114 2756 4168 λοιπὸν
2804 4113 3079 4185 ἡσύχασεν
3122 4114 3155 4184 ἡ
3194 4102 3540 4185 δημοκρατία
3580 4111 3669 4165 τοῦ
3744 4101 3751 4110 ’

2100 4213 2330 4269 Βενέτου
2362 4210 2561 4282 μέρους
2592 4206 2743 4280 [MO]
2770 4206 2862 4259 τοῦ
2896 4208 3070 4259 ποιεῖν
3090 4207 3147 4258 ἐν
3175 4208 3300 4271 ταῖς
3330 4206 3555 4261 πόλεσι·
3582 4201 3673 4259 καὶ

416 4303 593 4358 usque
630 4288 767 4344 adeo
790 4289 1038 4345 coercuit
1076 4303 1195 4357 eos,
1227 4296 1287 4343 ut
1313 4287 1730 4358 acquiescentes
1766 4288 1989 4344 demum

2106 4305 2424 4377 ἐπήρθησαν
2455 4301 2526 4355 τὰ
2567 4298 2791 4370 θεὼρια,
2835 4298 2930 4353 καὶ
2964 4299 3016 4351 οἱ
3060 4297 3336 4369 ὀρχησταὶ
3376 4298 3423 4330 ³⁸
3465 4301 3530 4351 ἐκ
3578 4297 3675 4365 τῆς

414 4380 578 4454 417
613 4379 801 4437 Veneti
834 4380 1307 4437 commotionibus
1336 4379 1565 4437 omnino
1623 4380 1993 4437 abstinerent.

418 4472 526 4530 Sed
566 4481 621 4530 et
646 4485 759 4529 tum
789 4489 1013 4546 quoque
1054 4474 1371 4546 spectacula
1402 4472 1682 4544 prohibita
1737 4471 1998 4540 fuerunt;

418 4572 476 4618 et
506 4565 806 4620 saltatores
830 4580 895 4629 ex
931 4562 1157 4621 Oriente
1200 4572 1339 4629 toto,
1379 4568 1611 4633 excepta
1660 4560 2002 4619 Alexandria

421 4670 618 4728 magna
652 4657 706 4712 in
738 4657 999 4730 Egypto,
1028 4648 1188 4728 ejecti
1222 4667 1373 4715 sunt.

493 4749 640 4804 Idem
675 4750 980 4820 imperator
1012 4751 1174 4806 etiam
1209 4751 1512 4806 certamina
1553 4750 1838 4822 Olympica
1868 4765 1997 4821 pro-

356 4844 363 4849 ’
417 4842 598 4898 hihuit
646 4858 715 4899 ne
754 4842 1017 4914 deinceps
1070 4844 1401 4912 Antiochiae,
1438 4844 1506 4899 ab
1539 4843 1844 4900 indictione
1873 4860 1988 4909 τιν,

2096 4395 2416 4466 Ἀνατολῆς,
2442 4395 2537 4447 καὶ
2567 4393 2768 4454 πάντες
2791 4388 3186 4461 ἐξωρίσθησαν,
3214 4388 3341 4460 δίχα
3374 4389 3556 4459 μέντοι
3578 4386 3674 4456 τῆς

2100 4489 2350 4561 μεγάλης
2377 4485 2786 4556 Ἀλεξανδρείας
2808 4482 2910 4554 τῆς
2945 4481 3083 4554 πρὸς
3112 4482 3412 4552 Αἴγυπτον.

2187 4753 2247 4807 '0
2292 4753 2348 4808 δὲ
2393 4752 2556 4817 αὐτὸς
2604 4750 2861 4823 βασιλεὺς
2908 4749 3150 4804 ἐκώλυσε
3199 4749 3291 4803 τὸν
3336 4746 3526 4832 άγῶνα
3571 4741 3673 4796 τῶν

2102 4845 2416 4917 Ὀλυμπίων
2469 4844 2605 4916 πρὸς
2656 4842 2719 4896 τὸ
2761 4842 2836 4917 μὴ
2875 4840 3240 4897 ἐπιτελεῖσθαι
3278 4841 3340 4894 ἐν
3377 4833 3674 4906 Ἀντιοχείᾳ

1703 4976 1939 5035 ἾΑΒΙᾹΞ
1978 4979 2390 5045 LECTIONES.

491 5073 534 5104 "
557 5073 853 5144 γενομένου
886 5071 1175 5127 delendum
1213 5069 1452 5126 videtur.
1528 5072 1576 5104 ’³
1602 5071 1871 5143 ὑπάρχου.
1904 5074 2145 5148 ἐπάρχου
2173 5075 2278 5133 Ch.
2352 5075 2399 5109 “
2429 5077 2710 5148 κομήτων.
2740 5076 2998 5150 κομητῶν
3024 5076 3128 5133 Ox.
3204 5076 3252 5109 ’⁸
3285 5071 3536 5146 ὀρχισταὶ
3574 5072 3668 5128 Ox.

1112 5182 1142 5205 ⁸
1614 5190 1727 5245 ED.
1767 5192 2145 5250 ClllLMEADI
2203 5191 2439 5250 NOTAE.

491 5281 602 5350 (93)
635 5282 902 5359 ᾼηλώσας
962 5286 1386 5359 διὸιᾋῳιϐροῗςωΔ
1437 5289 1802 5359 πρεσϐευτοῦ.
1861 5291 1996 5347 Chr.

419 5352 571 5429 Iﬁllcrg.
635 5352 1004 5429 Ratlerianutn
1069 5352 1254 5429 habet,
1313 5352 1654 5429 διᾶΑΒρῖουο
1712 5362 1859 5416 Scal.
1911 5362 1999 5415 διὰ

420 5421 612 5490 Βροίου
642 5424 793 5503 nubi
856 5427 1018 5479 etiam
1054 5426 1433 5500 πρεσϐυτέρου
1478 5421 1741 5501 corrupte
1777 5432 1997 5503 legitur,

420 5506 522 5560 pro
553 5492 883 5559 πρεσϐύτου.

494 5560 610 5632 (94)
664 5562 919 5616 Θεοδότου
965 5563 1212 5637 ὑπάρχου
1262 5568 1491 5627 πόλεως.
1548 5569 1761 5625 Mallem
1826 5571 2004 5641 ἐπάρ-

2131 5310 2193 5345 ου
2221 5307 2234 5321 ο
2271 5292 2351 5366 De
2381 5292 2665 5366 Theodoro
2695 5310 2827 5366 vero
2867 5295 2992 5360 hoc,
3034 5296 3190 5350 urhis
3229 5295 3519 5366 praefecto,
3549 5292 3668 5347 vide

2144 5363 2454 5435 rocopium,
2485 5365 2687 5435 Arcan.
2724 5364 2931 5435 Histor.
2964 5380 3089 5435 pag.
3128 5366 3219 5420 45.

2171 5432 2285 5504 (95)
2316 5433 2645 5504 KsZeuoOatc
2687 5434 2926 5500 ἐξελθεῖν
2955 5432 3172 5504 ἐπῖτὴν
3195 5435 3507 5503 Ἀνατολήν.
3538 5432 3666 5504 P-ro-

2100 5501 2296 5583 copiu's
2318 5518 2445 5558 eum
2478 5501 2919 5575 Hierosolymam
2960 5501 3262 5578 relegatum
3295 5501 3509 5570 scribit,
3557 5501 3668 5558 loco

2100 5580 2288 5625 cttato.

1766 5662 1955 5718 H01)“
1995 5661 2229 5720 NOTAE.

492 5746 569 5819 (It)
595 5745 881 5818 Λαδροίου.
908 5748 969 5805 C.
994 5750 1205 5825 Βροίου.
