3894 6434
204 356 295 423 617

1241 356 1922 416 CIIRONOGRAPHIA.
1947 361 2176 420 -I.IB.
2206 361 2392 422 XVII.

3349 368 3455 434 618

203 468 300 522 ἀπὸ
350 461 687 525 ίνδικτιῶνος
746 461 827 514 ιδ’.
877 461 1287 533 Ἀλυτάρχησαν
1329 464 1387 517 δὲ
1438 464 1549 535 (96)
1594 464 1702 518 ἀπὸ
1736 468 1767 496 ιε

1885 467 2325 523 celebrarentur.
2351 468 2432 522 Ab
2463 469 2692 524 Afranio
2725 480 2909 526 autem
2939 474 3002 528 ad
3034 489 3210 546 usque
3248 493 3453 534 nuvm

212 557 496 628 ¹Λφρανίου
523 554 632 624 (97)
651 555 754 616 ἕως
776 553 961 622 ὀγδόου
986 553 1278 623 ἑξηκοστοῦ
1297 556 1770 622 πεντακοσιοστοῦ,

203 650 286 719 ἀφ’
315 644 376 701 οῦ
419 648 533 716 (98)
564 645 812 715 ἐκωλύθη
835 647 902 698 τὰ
927 645 1223 714 Ὀλύμπια,
1249 645 1543 717 ἁλύταρχοι
1567 647 1666 710 οζν.

263 739 350 809 Τῷ
387 739 446 790 δὲ
478 737 627 806 αὐτῷ
662 736 861 806 χρόνῳ,
883 736 1190 788 Ἀνατολίου
1229 735 1323 789 τοῦ
1355 737 1595 808 Καρίνου
1624 736 1774 799 ὄντος

201 831 430 900 κόμητος
456 827 770 895 Ἀνατολῆς,
795 825 994 895 συνέϐη
1027 826 1085 876 ἐν
1113 826 1418 896 Ἀντιοχείᾳ.
1445 826 1773 896 ἐμπρησμὸν

205 921 366 991 μέγαν
398 916 656 984 γενέσθαι
695 916 800 969 ὑπὸ
825 915 1010 984 θεῖκῆς
1037 917 1205 985 ὀργῆς
1223 931 1239 948 ⁸
1270 917 1420 980 ὅστις
1445 914 1773 987 ἐμπρησμὸς

201 1013 541 1082 προεμήνυσε
585 1013 683 1076 τὴν
721 1010 812 1062 τοῦ
846 1009 980 1062 Θεοῦ
1020 1011 1321 1080 μέλλουσαν
1364 1011 1584 1064 ἔσεσθαι
1637 1013 1772 1078 ἀγα-

202 1106 476 1173 νάκτησιν.
512 1102 748 1172 Ἐκαῦθη
777 1103 886 1172 γὰρ
913 1104 1018 1154 ἀπὸ
1043 1103 1135 1154 τοῦ
1166 1103 1468 1174 μαρτυρίου
1492 1103 1586 1155 τοῦ
1615 1104 1770 1172 ἁγίου

201 1198 464 1262 Στεφάνου
518 1195 621 1255 ’ἑως
671 1193 767 1246 τοῦ
825 1195 1162 1264 πραιτωρίου
1217 1193 1311 1246 τοῦ
1374 1195 1769 1266 στρατηλάτου.

203 1285 470 1351 Ἐγένοντο
505 1285 563 1336 δὲ
593 1285 688 1336 καὶ
730 1285 867 1352 μετὰ
898 1283 1072 1335 ταῦτα
1114 1285 1436 1353 ἐμπρησμοὶ
1475 1284 1660 1338 πολλοὶ
1691 1286 1772 1348 είς

201 1377 476 1446 eia-ﬁgor);
506 1375 778 1442 γειτονίας
816 1376 915 1443 τῆς
955 1374 1131 1442 αὐτῆς
1170 1375 1400 1439 πόλεως,
1423 1377 1518 1428 καὶ
1545 1377 1775 1447 ἐκαύθη-

205 1485 290 1520 σαν
323 1467 512 1518 πολλοὶ
538 1463 675 1518 οἶκοι
699 1507 712 1528 ,
745 1465 840 1518 καὶ
891 1463 1172 1518 ἀπώλοντο
1201 1465 1396 1519 πολλαὶ
1435 1466 1632 1536 ψυχαὶ,
1677 1471 1774 1522 καὶ

201 1557 361 1617 οὐδεὶς
395 1557 662 1623 ἐγίνωσκε
711 1554 874 1606 πόθεν
917 1555 978 1607 τὸ
1034 1555 1146 1626 πῦρ
1197 1557 1483 1626 ἁνήπτετο.
1541 1558 1694 1611 Κατὰ
1727 1561 1772 1591 ’⁷

1883 556 2114 628 [annum
2149 575 2271 614 ιλιι-ω
2296 560 2700 634 Antiochcnze],
2738 579 2848 632 quo
2886 575 3130 631 tempore
3164 568 3308 624 ludis
3342 571 3453 627 illis

1880 648 2234 703 interdictum
2261 659 2366 713 est,
2395 651 2684 721 alytarehze
2716 669 2896 708 Lxxvu
2928 667 3312 714 numerantur.

1951 733 2158 788 Eodem
2201 744 2469 805 tempore,
2498 739 2773 803 Anatolio,
2802 740 2987 796 Cariui
3023 744 3167 807 ﬁlio,
3209 744 3450 802 Orientis

1881 832 1996 877 tum
2041 826 2264 889 cernite,
2299 829 2592 883 Antioehia
2648 834 2859 887 cmlesti
2911 850 2976 888 ex
3034 835 3113 889 ira
3166 840 3452 893 tremendo

1888 931 2044 970 more
2079 918 2475 988 conﬂagravit;
2517 937 2638 992 qua:
2686 923 2904 992 quidem
2947 924 3303 997 conﬂagratio
3334 946 3456 984 cer-

1881 1013 1996 1058 tum
2057 1005 2252 1060 futura:
2307 1008 2540 1063 ultionis
2604 1009 2802 1065 divina:
2845 1023 2963 1068 erat
3020 1015 3309 1071 indicium.
3368 1017 3454 1072 Iu-

1879 1096 2075 1149 eendia
2121 1097 2268 1150 enim
2297 1113 2326 1150 a
2350 1100 2523 1153 sancti
2553 1097 2815 1171 Stephani
2851 1106 3113 1175 martyrio
3165 1124 3338 1177 usque
3376 1109 3444 1163 ad

1881 1184 2132 1253 magistri
2183 1185 2418 1239 militum
2465 1191 2780 1256 praztorium
2824 1193 3241 1261 grassabantur.
3289 1199 3454 1252 Acci-

1882 1273 2085 1328 derunt
2133 1275 2300 1329 etiam
2350 1287 2474 1346 post
2537 1279 2676 1344 haec,
2733 1282 2980 1338 diversos
3018 1285 3324 1344 Antiochia:
3355 1307 3454 1360 per

1880 1367 2053 1430 vicos,
2114 1367 2369 1422 incendia
2418 1374 2604 1437 varia;
2657 1387 2687 1426 a
2744 1375 2945 1443 quibus
2991 1392 3152 1447 quant
3193 1381 3444 1450 plurimae

1881 1457 2181 1525 alisuzuptre
2231 1466 2361 1511 sunt
2404 1461 2551 1515 aades
2579 1500 2592 1525 ,
2629 1462 2937 1534 animaeque
2961 1471 3240 1535 permultae
3266 1473 3446 1539 perie-

1885 1556 2013 1601 runt
2068 1567 2081 1602 :
2128 1550 2223 1603 sed
2264 1566 2364 1603 nec
2418 1552 2550 1605 sciri
2607 1569 2846 1623 unquam
2913 1559 3111 1625 potuit,
3173 1561 3446 1617 undenam

206 1647 342 1720 [Ill]
378 1647 678 1716 πρεσϐείαν
703 1646 1026 1714 Ἐφραῖμίου
1060 1647 1106 1678 ’⁸
1147 1648 1240 1699 τοῦ
1295 1649 1631 1718 πατριάρχου
1661 1650 1767 1720 (99)

1882 1637 2033 1707 ignes
2055 1638 2144 1694 isti
2179 1641 2641 1698 accendebantur.
2676 1643 2983 1718 Imperator
3001 1659 3205 1715 autem,
3233 1652 3455 1722 Ephraz-

202 1738 519 1808 ’Δντιοχείας
548 1739 972 1808 ἐφιλοτιμήσατο
1000 1740 1027 1789 6
1067 1738 1226 1801 αὐτος
1249 1739 1496 1808 βασιλεὺς
1530 1741 1616 1795 διὰ
1646 1744 1767 1808 τοὺς

1882 1730 1975 1784 mii
2005 1731 2338 1800 patriarcha:
2365 1734 2760 1792 Antiochensis
2785 1740 3044 1807 precibus
3073 1743 3141 1796 ad
3172 1743 3277 1797 hoc
3314 1743 3454 1800 inci-

204 1830 488 1891 καυθέντας
513 1827 715 1889 τόπους
741 1826 946 1896 χρυσοῦ
978 1827 1310 1896 κεντηνάρεα
1340 1827 1454 1880 δύο.

1882 1826 2048 1883 tatus,
2073 1817 2140 1873 ad
2165 1821 2318 1876 locos
2343 1830 2570 1878 exustos
2610 1824 2959 1894 reﬁciendos,
2992 1831 3112 1884 auri
3136 1832 3452 1888 centenaria

1877 1909 1986 1963 duo
2018 1910 2253 1980 largitus
2277 1921 2387 1968 est.

264 2009 348 2060 Ἦν
375 2006 430 2059 δὲ
457 2006 538 2076 τῷ
565 2006 716 2076 αὐτῷ
747 2007 925 2076 χρόνῳ
972 2007 1168 2077 συνέϐη
1206 2007 1398 2059 παθεῖν
1438 2009 1542 2060 ὑπο
1574 2009 1773 2080 θεομη-

205 2101 308 2161 νίας
345 2100 405 2151 τὸ
451 2099 750 2167 λεγόμενον
787 2097 1083 2167 Δορρἀχιον
1137 2096 1243 2167 (1),
1292 2097 1450 2149 πόλιν
1493 2099 1594 2166 τῆς
1647 2099 1771 2161 νέας

206 2189 445 2259 Ἠπείρου
503 2187 804 2258 ἐπαρχίας,
855 2187 916 2251 ἐξ
965 2183 1032 2258 ἧς
1081 2188 1324 2258 ὑπῆρχεν
1359 2189 1714 2252 Ἀναστάσιος
1743 2193 1772 2243 6

208 2284 442 2354 βασιλεύς
464 2300 476 2312 ·
509 2283 660 2344 ὅστις
691 2283 784 2333 καὶ
814 2281 986 2334 πολλὰ
1015 2281 1228 2334 ἔκτισεν
1245 2284 1379 2348 ἐκεῖ,
1403 2282 1771 2354 παρεσχηκὼς

205 2378 368 2438 αὐτοῖς
399 2375 497 2426 καὶ
522 2374 582 2426 τὸ
617 2373 997 2444 ἱπποδρόμιον.
1038 2371 1094 2425 '0
1117 2373 1172 2426 δὲ
1205 2371 1462 2443 βασιλεὺς
1482 2375 1770 2438 Ίουστίνος

206 2467 358 2519 πολλὰ
387 2465 670 2534 παρέσχεν
697 2465 776 2528 εἰς
805 2464 1102 2517 ἀνανέωσιν
1132 2467 1198 2534 τῇ
1239 2465 1376 2535 αὑτῇ
1407 2465 1770 2537 Δορῤαχηνῶν

207 2557 370 2621 πόλει,
424 2557 551 2626 ἥτις
609 2553 798 2626 πρώην
851 2553 949 2623 μὲν
994 2554 1210 2622 ἐλέγετο
1232 2556 1276 2586 ³⁸
1311 2555 1640 2625 Ἐπίδαμνος
1667 2555 1767 2622 (2),

206 2650 388 2718 ὁμοίως
421 2649 480 2701 δὲ
528 2649 622 2700 καὶ
668 2650 782 2710 τοῖς
833 2646 1265 2716 περιλειφθεῖσιν
1320 2646 1767 2717 ἐφιλοτιμήσατο.

208 2742 284 2793 Ἐν
312 2742 364 2793 δὲ
399 2741 482 2811 τῷ
515 2739 663 2808 αὐτῷ
697 2740 874 2810 χρόνῳ
898 2739 992 2792 καὶ
1023 2740 1056 2808 ὴ
1087 2739 1351 2810 Κόρινθος
1384 2738 1483 2808 τῆς
1523 2738 1770 2803 Ἐλλάδος

208 2833 356 2887 ἐπαθε
375 2849 390 2864 ο
426 2835 528 2885 καὶ
554 2831 724 2884 πολλὰ
751 2833 912 2884 κάκεῖ
936 2831 1228 2902 ἐχαρίσατο
1251 2834 1278 2884 ὁ
1306 2831 1468 2894 αὐτὸς
1495 2830 1766 2894 βασιλεὺς.

209 2923 285 2977 Ἐν
315 2925 368 2977 δέ
391 2924 470 2994 τῷ
508 2922 712 2992 μεταξὺ
745 2923 920 2993 χρόνῳ
943 2922 1143 2975 ἔπαθεν
1170 2921 1275 2976 ὑπὸ
1297 2921 1587 2992 θεομηνίας
1612 2922 1768 2975 Ἀνά-

211 3017 410 3088 ζαρὸος,
437 3018 598 3078 πόλις
618 3016 717 3085 τῆς
734 3015 988 3078 Κιλικίας
1010 3015 1071 3068 τὸ
1091 3015 1349 3086 τέταρτον
1377 3015 1545 3083 αὐτῆς
1567 3015 1732 3078 πάθος
1752 3031 1768 3049 ⁸

210 3111 442 3180 ἀνήγειρε
478 3108 538 3160 δὲ
570 3107 737 3177 αὐτὴν
775 3109 803 3160 6
827 3107 988 3169 αὐτὸς
1009 3105 1280 3175 βασιλεύς.
1310 3107 1401 3158 Ἐν
1431 3105 1579 3175 αὐτῴ
1603 3106 1661 3160 δὲ
1692 3107 1771 3177 τῷ

1947 1999 2189 2071 Contigit
2219 2011 2402 2058 autem
2435 2003 2631 2058 eodem
2665 2014 2912 2076 tempore
2961 2009 3204 2066 divinam
3260 2015 3450 2069 subire

1879 2091 2186 2147 vindictam
2217 2092 2614 2164 Dyrrachium,
2664 2097 2815 2168 Epiri
2852 2115 3008 2156 novae
3043 2103 3267 2170 urbem;
3305 2107 3451 2160 unde

1878 2194 2058 2237 ortqu
2121 2201 2284 2240 suum
2319 2187 2513 2242 habuit
2559 2187 2896 2247 Anastasius
2937 2192 3239 2263 imperator
3277 2199 3445 2267 :.qui,

1875 2273 2042 2346 418
2059 2285 2260 2345 praeter
2293 2279 2400 2332 alia
2429 2295 2552 2348 quae
2573 2281 2646 2336 ibi
2669 2285 3447 2354 exstruxitplurima,eircum

1877 2382 2101 2438 quoque
2148 2370 2434 2428 excitavit.
2482 2370 2740 2429 Justinus
2773 2390 2905 2431 vero
2948 2377 3270 2450 imperator,
3326 2381 3447 2439 urbi

1878 2458 2182 2530 Dyrrachio
2223 2462 2380 2532 (qua:
2414 2463 2754 2534 Epidamnus
2791 2468 2920 2522 olim
2985 2473 3330 2542 vocabatur),
3367 2477 3449 2530 in-

1878 2553 2215 2617 stauranda},
2252 2554 2560 2626 incolisque
2583 2559 2997 2627 superstitibus,
3017 2563 3250 2630 plurima
3286 2567 3450 2637 largi-

1879 2649 1972 2697 tus
2028 2653 2132 2698 est.
2197 2645 2401 2699 Eodem
2445 2657 2690 2716 tempore
2733 2650 2977 2705 divinam
3032 2668 3253 2725 quoque
3311 2658 3450 2712 iram

1878 2749 2142 2806 perpessa
2184 2745 2271 2791 cst
2303 2736 2630 2804 Corinthus,
2680 2739 2902 2796 Graecia:
2946 2745 3077 2798 urbs
3117 2764 3130 2800 :
3186 2747 3274 2801 cui
3322 2749 3449 2802 item

1879 2825 2254 2880 instauranda:
2300 2827 2597 2895 imperator
2643 2831 2880 2899 plurima
2933 2833 3100 2889 dedit.
3141 2835 3287 2890 Inter
3337 2839 3454 2893 haec

1880 2915 2046 2972 etiam
2079 2927 2331 2986 quartam
2362 2917 2459 2972 irae
2507 2920 2708 2974 divinae
2753 2922 3196 3004 vicissitudinem
3227 2939 3452 2996 experta

1878 3013 1963 3058 est
1987 3003 2332 3070 Anazarbus,
2366 3003 2573 3060 Ciliciae
2603 3005 2736 3062 urbs
2777 3023 2792 3060 :
2833 3024 2996 3077 quam
3028 3020 3082 3066 et
3115 3003 3284 3080 ipsam
3314 3030 3453 3084 quo-

1879 3111 1992 3164 que
2023 3096 2322 3162 imperator
2343 3097 2408 3150 de
2441 3097 2656 3167 integro
2681 3099 2959 3154 excitavit.
2983 3099 3184 3156 Eodem
3207 3115 3452 3172 tempore

210 3164 394 3270 χρόνῳ.
431 3164 719 3267 κατεπόθη
787 3197 895 3250 ὑπὸ
961 3164 1256 3267 θεομηνίας
1331 3164 1563 3252 ὑδάτων⁵
1600 3164 1767 3250 ποτα.-

1882 3185 2168 3242 Dsdroenae
2199 3187 2496 3258 provinciae
2529 3189 2662 3245 urbs
2719 3207 2938 3262 magna,
2992 3191 3222 3259 Edessa,
3273 3210 3449 3250 exuu-

213 3292 388 3358 puiwv
431 3291 512 3360 (5')
540 3287 758 3354 Ἐδεσα,
805 3287 958 3350 πόλις
992 3288 1200 3357 μεγάλη
1251 3287 1352 3357 τῆς
1377 3287 1703 3357 Ὀσδροηνῆς
1727 3289 1770 3320 ³⁸

211 3380 476 3450 ἐπαρχίας.
510 3381 566 3431 ἐν
598 3380 838 3450 ἑσπέρᾳ,
877 3377 972 3431 τοῦ
1012 3378 1178 3432 αὐτοῦ
1212 3377 1460 3448 ποταμοῦ
1489 3379 1633 3432 κατὰ
1674 3379 1772 3448 μὲ-

213 3488 290 3522 σον
320 3473 412 3540 τῆς
444 3470 662 3532 πόλεως
694 3470 1110 3540 παρερχομένου
1134 3469 1228 3522 τοῦ
1269 3470 1561 3540 λεγομένου
1588 3471 1770 3546 ,Σκίρ-

209 3577 309 3624 του,
340 3561 629 3630 αὔτανδροι
675 3559 826 3633 [HQ]
859 3562 955 3614 σὺν
981 3563 1092 3624 τοῖς
1134 3560 1306 3625 οἴκοις
1349 3561 1631 3615 ἀπώλοντο
1668 3563 1766 3634 (4).

214 3651 419 3720 Ἔλεγον
443 3653 507 3706 δὲ
528 3653 576 3704 oi
609 3652 1007 3723 περισωθέντες
1039 3651 1135 3704 καὶ
1170 3650 1448 3714 οἰκοῦντες
1477 3652 1576 3722 τὴν
1609 3653 1777 3721 αὐτὴν

209 3742 346 3796 πόλιν
371 3745 452 3797 ὅτι
496 3743 590 3796 καὶ
632 3743 689 3795 ἐν
721 3742 866 3812 ἄλλῳ
898 3741 1078 3812 καιρῷ
1119 3742 1421 3796 κατέκλυσε
1462 3743 1563 3814 τὴν
1605 3743 1776 3813 αὐτὴν

212 3831 348 3883 πόλιν
373 3835 401 3886 ὁ
443 3833 614 3895 αὐτὸς
657 3833 921 3904 ποταμὸς,
955 3832 1071 3885 ἀλλ’
1102 3834 1198 3902 οὐχ
1239 3833 1411 3895 οὕτως
1449 3834 1732 3888 ἀπώλεσεν
1759 3851 1771 3864 ’

211 3922 316 3976 ἐπεὶ
344 3926 749 3997 μεμαθήκαμεν
776 3927 856 3978 ὅτι
899 3927 992 3978 καὶ
1025 3927 1082 3978 ὲν
1108 3925 1287 3988 ἄλλοις
1312 3929 1524 3996 χρόνοις
1557 3929 1777 3996 ἐγένετο

1871 3279 2191 3335 dationibus
2265 3281 2429 3334 Scirti
2497 3279 2776 3346 ﬂuminis,
2833 3282 2981 3352 quod
3047 3284 3238 3338 urbem
3324 3301 3454 3341 me-

1871 3375 2014 3431 diam
2042 3376 2258 3446 perﬂuit
2289 3389 2414 3428 cum
2474 3375 2732 3430 domibus
2776 3377 3089 3447 incolisque
3111 3377 3247 3443 suis,
3305 3387 3444 3432 tem-

1869 3483 2000 3538 pore
2033 3467 2387 3537 vespertino,
2439 3475 2550 3520 tota
2599 3467 2854 3536 absorpta
2909 3477 3015 3524 est.
3072 3469 3337 3525 Dixerunt
3361 3487 3454 3525 au-

1870 3567 2013 3623 tem,
2062 3558 2156 3628 qui
2213 3555 2542 3626 superstites
2577 3557 2755 3611 adhuc
2815 3557 3004 3612 urbem
3059 3559 3446 3623 incoluerunt,

1877 3650 2199 3720 hujusmodi
2227 3649 2442 3719 aliquid
2469 3649 2597 3704 olim
2625 3651 2971 3721 temporibus
3001 3653 3121 3706 urbi
3157 3653 3446 3717 accidisse,

1876 3758 2046 3813 seque
2076 3760 2105 3796 a
2156 3742 2462 3812 majoribus
2513 3742 2819 3811 accepisse,
2873 3745 3010 3798 alias
3049 3743 3215 3796 etiarn
3254 3744 3446 3798 urbem

1875 3851 2054 3901 suam,
2097 3837 2166 3889 ab
2219 3835 2531 3890 exundante
2579 3834 2770 3901 ﬂuvio,
2847 3836 2972 3890 licet
3034 3852 3144 3888 non
3194 3845 3250 3888 ut
3306 3853 3449 3889 nunc

1874 3936 2080 3991 totam,
2141 3927 2298 3997 aquis
2372 3927 2686 3980 immersam
2751 3925 2925 3983 fuisse
2987 3947 2999 3981 :
3051 3938 3304 3984 cessante
3353 3943 3452 3982 au-

1498 4101 1733 4156 VARUE
1767 4099 2174 4158 LECTIONES.

269 4238 316 4311 “_
339 4240 660 4311 ’ᾼφρανίοω
697 4239 978 4309 Ἀφρόνιος
1018 4239 1128 4311 v_ol.
1162 4238 1425 4311 l,7p.‘4122
1450 4239 1512 4293 C.
1550 4239 1637 4311 __"
1665 4239 1807 4311 κατὰ
1829 4239 2010 4311 δέϐίι.
2089 4239 2520 4311 ’δ-Ἐφραῖμίοω
2550 4240 2863 4311 Εὐφρασίου
2900 4239 3027 4304 CIL,
3088 4240 3446 4310 Theophanes

211 4321 261 4378 ρ.
299 4309 394 4365 147
417 4305 501 4366 Β.
576 4312 621 4343 ³⁸
658 4305 982 4381 Ἐπίδαυρος
1025 4309 1129 4363 Ox.
1176 4305 1501 4379 Ἐπίδαμνος
1539 4305 1642 4362 Ch.
1718 4308 1761 4340 δί’
1787 4309 2100 4380 Ὀσδροῐνης
2127 4308 2228 4398 Οξ.

1431 4462 1543 4517 ED.
1578 4460 1952 4517 CHILMEADI
1983 4461 2211 4518 NOTAE.

289 4602 372 4676 96)
393 4605 784 4676 ,‘Mﬁsdexnav
804 4604 1034 4676 “2501'-
1063 4604 1472 4676 ἠλυτάρχησαγο

291 4672 372 4742 97)
392 4674 526 4727 Ἀπὸ
539 4672 852 4743 Ἀῲρανίου.
880 4674 1000 4730 Lib.
1020 4672 1103 4744 xu:
1119 4672 1399 4744 Ἀφρόνιίος
1420 4673 1524 4729 iste
1543 4673 1768 4733 dicitur.

289 4745 374 4813 98)
406 4745 552 4806 Ἕως
604 4745 789 4814 ὀγδόου
821 4743 1114 4814 ἑξηκοστοῦ
1159 4743 1638 4814 πεντακοσιοστοῦ,
1671 4746 1766 4813 ἀφ’

208 4807 286 4884 οὗ,
306 4807 404 4870 etc.
429 4817 622 4884 Annus
641 4807 729 4866 hic
759 4807 1132 4884 desideratur;
1165 4814 1418 4884 suspicor
1450 4807 1758 4884 legendum,

209 4881 298 4947 lto;
326 4884 409 4950 όγ.
452 4883 571 4951 ἐεη.
605 4899 758 4935 πεντ.
793 4883 948 4946 ἔτους
986 4883 1127 4936 κατὰ
1153 4881 1282 4943 τοὺς
1330 4881 1526 4951 αὐτοὺς
1555 4883 1762 4951 ζΑντιο-

208 4955 308 5071 χεῖς
339 4946 436 5025 [uti
462 4946 622 5032 vulgo
657 4953 902 5033 loquitur
924 4949 1379 5032 auctor-noster],
1404 4952 1497 5019 ἀφ’
1526 4946 1589 5006 οὗ
1619 4956 1762 5006 ἐκω-

236 5022 346 5071 ύθτι.
370 5033 476 5071 etc.
505 5023 700 5071 Incidit
725 5024 829 5071 hoc
858 5038 912 5071 ιιι
934 5022 1134 5071 .Iustim
1161 5037 1290 5071 ium.
1318 5036 1522 5071 annum
1556 5038 1639 5071 ιιι.
1663 5024 1758 5071 aui

236 5022 476 5093 ύθηξθιο.
505 5022 700 5076 Incidit
725 5024 829 5093 hoc
858 5023 912 5074 in
934 5022 1134 5076 Justiui
1161 5022 1290 5090 imp.
1318 5036 1522 5093 annum
1556 5038 1639 5086 ιιι,
1663 5024 1758 5092 qui

209 5091 564 5160 erat'indictio
595 5107 725 5155 xm;
759 5091 832 5144 ita
867 5100 926 5144 ut
957 5107 986 5144 a
1026 5101 1288 5160 sequente
1328 5091 1622 5146 indictione
1647 5091 1755 5156 xiv,

212 5159 600 5232 (llympicorum
631 5161 884 5215 inhibitio
915 5163 1020 5215 ista
1043 5159 1304 5230 deinceps
1335 5161 1513 5214 locum
1544 5163 1752 5215 habue-

211 5228 310 5282 rit':
337 5228 410 5285 uti
432 5239 626 5285 auctor
658 5246 846 5298 supra.

270 5300 374 5371 (99)
405 5301 560 5371 Κατὰ
589 5297 887 5371 πρεσϐείαν
919 5297 1361 5371 Ἐφραῖμίουμτ-οῦ
1394 5299 1755 5371 πατριάρχου.

211 5365 567 5438 ᾼέριιτιίοιιὶιι,
597 5365 693 5423 aut
721 5369 852 5438 quid
878 5365 1194 5438 tale-deesse
1218 5369 1456 5422 videtur.
1489 5365 1756 5424 Caeterum

213 5434 548 5507 Eplirtemius,
605 5434 754 5492 licet'
779 5447 990 5506 postea,
1022 5437 1330 5507 Euphrasio
1359 5439 1538 5494 ruinis
1563 5439 1758 5493 Antio-

213 5506 483 5563 chensibus
509 5508 728 5570 obruto,
762 5509 1079 5577 patriarcha
1103 5506 1324 5562 creatus
1365 5507 1550 5572 fuerit,
1578 5509 1756 5562 adhuc

213 5578 712 5658 tainen‘Antiochiae
748 5577 1054 5658 praefectus
1107 5586 1321 5657 tantum
1375 5586 1516 5658 erat.
1568 5578 1756 5658 Itaque

215 5640 330 5718 lege,
355 5646 658 5718 Εὑφρασίου
685 5640 779 5718 τοῦ
810 5647 1146 5717 πατριάρχου
1167 5663 1182 5711 ;
1207 5647 1312 5701 nisi
1334 5649 1456 5718 quis
1482 5640 1752 5713 maluerit,

212 5706 534 5790 Ἐᾦραἰμίόψ
567 5717 777 5770 καὶτοῦ
803 5706 1144 5788 πατριάρχου
1167 5706 1514 5788 Ἄντιοχείας.

546 5810 818 5872 ΡΔτιιοι..
858 5810 977 5868 Gn.
1019 5809 1243 5871 XCVII.

1939 4603 2016 4675 (ι)
2147 4603 2439 4675 λεγόμενον
2463 4603 2777 4675 Δορῤἀχιον.
2815 4602 2940 4675 Scr.
2964 4602 3302 4675 _Auppéxtov.

1943 4673 2020 4743 (2)
2055 4673 2213 4736 ’Ἢτις
2243 4673 2434 4743 πρώην
2463 4673 2809 4743 μὲνέλέγετο
2847 4673 3193 4741 Ἐπίδαυρος.
3227 4673 3443 4738 Scribo,

1943 4691 2020 4743 (τ)
2082 4691 2213 4736 ητις
2243 4691 2283 4725 π
2322 4691 2434 4742 ωην
2463 4691 2560 4742 μεν
2593 4691 2809 4740 εΑεγετο
2852 4691 3193 4741 ϊ.πιοαυρος.
3227 4691 3443 4738 acrum,

1886 4743 2266 4822 Ἐπίδαμνοςς-
2281 4691 2589 4822 gtepbaiitis
2618 4743 2711 4822 .de
2749 4741 2895 4822 _Urb.
2921 4743 3258 4822 -ᾼυρράχιον,
3292 4745 3448 4806 πόλις

1869 4812 2157 4884 Ἰλλυρικὴ,
2187 4813 2534 4884 ῨἙπίδαμνος
2582 4813 2862 4884 κληθεῖσα.
2921 4812 3130 4884 Patria
3158 4813 3274 4866 hinc
3328 4824 3447 4867 erat

1867 4882 2150 4951 Anastasii
2185 4883 2317 4950 imp.
2349 4885 2427 4935 uti
2473 4882 2707 4936 testatur
2751 4882 3044 4951 Evagrius,
3078 4882 3172 4935 lib.
3206 4897 3285 4943 ιιι,
3319 4898 3442 4950 cap.

1865 4951 1954 5022 29,
2015 4947 2170 5014 οὗτος
2212 4953 2241 5003 6
2267 4947 2635 5022 ’Ἃναστάσιος
2687 4947 2924 5022 πατρίδα
2965 4953 3066 5018 τὴν
3116 4947 3446 5022 Ἐπίδαμνον

1865 5021 2024 5093 ἔχων,
2052 5023 2354 5093 Δυρράχιον
2381 5020 2476 5074 νῦν
2499 5020 2984 5093 προσαγορεύεται,
3002 5030 3109 5075 etc.
3138 5020 3446 5093 Epidaurus

1865 5091 2085 5158 quidem
2134 5091 2265 5146 urbs
2297 5101 2402 5150 est.
2436 5091 2529 5146 sed
2558 5091 2687 5146 alia.
2720 5091 2792 5145 De
2819 5091 2970 5144 hisce.
3003 5106 3132 5144 vero
3173 5091 3444 5156 cladibus,

1863 5162 1988 5215 vide
2029 5161 2340 5229 Evagrium,
2386 5162 2478 5215 lib.
2519 5177 2592 5225 iv,
2625 5177 2746 5230 cap.
2776 5162 2810 5216 5
2839 5171 2894 5214 et
2944 5160 3013 5224 8;
3049 5160 3443 5230 Nicephorum,
3524 5160 3556 5218 λ

1865 5231 1960 5283 lib.
2002 5247 2133 5291 xvu,
2191 5245 2312 5298 cap.
2345 5232 2415 5295 5;
2447 5229 2757 5284 Cedreuu’m
2807 5231 2995 5295 etiam,
3041 5239 3095 5285 et
3128 5229 3441 5296 zonaram;

1860 5300 2003 5398 :lpull
2033 5309 2434 5398 qu‘emgtaulen,
2484 5315 2584 5369 pro
2615 5301 2982 5398 ςξὶνξιέαρξος,
3016 5301 3280 5356 mendose
3304 5302 3444 5356 scri-

1882 5371 2010 5398 .;ι.....
2073 5370 2086 5386 ⁹
2134 5369 2194 5398 ..ιι
2239 5387 2307 5398 ..Α
2346 5387 2402 5398 λ.
2456 5375 2570 5398 ..ε-,ιι
2678 5389 2706 5398 ..
2787 5387 2855 5398 ...ι
2896 5388 2923 5398 ..

1859 5369 2031 5433 bitur,
2051 5369 2424 5438 ‘Avc’t6apﬁ'og,
2455 5375 2571 5424 sive
2615 5369 2948 5441 Ἀνάϐαρζα.

1929 5441 2008 5509 (5)
2062 5439 2305 5492 Ὑδάτων
2334 5439 2701 5509 ποταμιαίων.
2735 5438 2903 5495 Forte
2937 5439 3315 5505 scribendum,
3347 5455 3443 5492 πο-

1866 5509 2340 5649 ιαῗιξίαῖῦτανδροι
2381 5580 2479 5634 σὺν
2535 5581 2645 5642 τοῖς
2705 5579 2877 5643 οἴκοις
2933 5577 3233 5633 ἀπώλοντο.
3290 5574 3438 5631 Nova

1863 5649 2021 5717 plane
2056 5649 2171 5705 haec
2213 5649 2508 5705 locutionis
2539 5649 2737 5705 forma.

3049 5801 3125 5862 20
