3894 6436
154 431 242 496 6‘21

1193 435 1872 498 CHRONOGRAPHIA.
1905 464 1975 472 --
2001 438 2151 500 LIB.
2186 440 2373 502 XVII.

3321 448 3427 511 622

161 564 247 603 σαν
270 562 284 576 ’
317 546 417 600 ἐπὶ
441 546 497 601 δὲ
522 546 619 617 τῆς
647 546 819 617 αὐτῆς
849 546 1140 618 θεομηνίας
1171 549 1384 621 ἐδείχθη
1433 552 1525 605 καὶ
1546 552 1607 605 τὸ
1628 553 1736 605 τῶν

1849 552 2070 619 tionem,
2122 552 2438 624 frequentia
2492 553 2699 611 ibidem
2753 566 2875 611 erat
2929 557 3270 615 advenarum
3310 577 3428 616 ma-

160 640 387 695 πολιτῶν
418 639 622 710 πλῆθος
650 639 852 694 ὁπόσον
877 642 1114 713 ὑπῆρχε.
1162 640 1360 696 Πολλοὶ
1408 643 1467 695 δὲ
1493 645 1600 696 τῶν
1628 662 1736 715 χω-

161 732 387 786 σθέντων
424 730 690 803 ζήσαντες
737 731 874 801 μετὰ
900 732 961 786 τὸ
986 732 1343 803 ἀνενεχθῆναι
1375 735 1571 798 αὐτοὺς
1602 736 1738 800 ζῶν-

159 840 247 888 τας
269 823 567 877 ἀπέθανον.
602 823 758 886 Τινὲς
789 823 846 876 δὲ
869 826 935 877 ἐκ
966 824 1076 877 τῶν
1105 825 1338 879 πολιτῶν
1372 827 1482 880 τῶν
1534 827 1738 881 σωθέν-

159 931 275 975 των.
308 912 364 965 ετ
393 930 452 964 τι
482 911 851 983 ἠδυνήθησαν,
893 912 1188 983 ἀφείλαντο
1217 917 1313 968 καὶ
1348 915 1579 984 ἔφευγον
1598 933 1612 946 ·
1643 918 1739 970 καὶ

161 1007 426 1074 ὑπήντουν
465 1004 508 1035 ³⁷
536 1004 721 1067 αὐτοῖς
764 1005 1005 1075 γεωργοὶ
1036 1006 1136 1076 (8),
1169 1005 1268 1059 καὶ
1302 1006 1568 1060 ἀπέσπων
1606 1008 1739 1075 παρ’

160 1096 327 1150 αὐτῶν
356 1095 682 1165 φονεύοντες
702 1096 920 1159 αὐτούς.
958 1095 1209 1167 Ἐδείχθη
1234 1096 1291 1150 δὲ
1310 1097 1405 1150 καὶ
1429 1098 1487 1150 ἐν
1506 1096 1680 1166 τούτῳ
1705 1098 1739 1166 ἡ

160 1186 244 1238 τοῦ
288 1183 428 1237 Θεοῦ
480 1183 898 1255 φιλανθρωπίαο
932 1184 1049 1238 ὅσοι
1095 1184 1205 1256 γὰρ
1242 1185 1510 1239 ἀπέσπων
1539 1187 1604 1251 ³⁸,
1630 1187 1744 1240 ἀπ-

161 1277 410 1346 έθνησκον
448 1276 662 1345 βιαίως,
691 1278 742 1329 οί
776 1277 875 1346 μὲν
902 1276 1222 1348 σηπόμενοι,
1258 1277 1309 1330 οί
1344 1278 1404 1331 δέ
1431 1277 1741 1349 τυφλούμε-

163 1386 251 1429 νοι,
269 1371 317 1421 οί
333 1367 393 1421 δὲ
404 1368 782 1439 χειρουργίαις
794 1368 1146 1439 κοπτόμενοι,
1163 1368 1258 1441 καὶ
1269 1368 1658 1439 ὁμολογοῦντες
1672 1368 1743 1423 τὰ

164 1460 606 1531 πλημμελήματα
631 1459 842 1514 ἑαυτῶν
872 1458 1195 1532 παρεδίδουν
1217 1459 1317 1522 τάς
1335 1459 1538 1531 ψυχάς.
1555 1460 1644 1515 Ἐν
1660 1456 1742 1523 οἷς

163 1547 224 1624 ἦν
251 1553 306 1604 ἐν
336 1551 586 1624 αὐτῷτῷ
603 1551 783 1624 καιρῷ
809 1553 1035 1623 ἁρπαγῇ
1056 1553 1405 1623 χρησάμενος
1433 1552 1638 1624 Θωμᾶς
1657 1570 1743 1616 τις

164 1644 532 1715 σιλεντιάριος,
558 1645 711 1708 ὅστις
735 1643 930 1713 ἐξῆλθε
959 1641 1177 1714 φεύγων
1207 1645 1272 1697 ἐκ
1292 1644 1392 1714 τῆς
1425 1643 1740 1713 θεομηνίας,

166 1736 250 1790 καὶ
269 1734 374 1800 ἔξω
410 1736 513 1805 τῆς
548 1735 757 1800 πόλεως
786 1736 864 1799 ὡς
907 1735 1015 1790 ἀπὸ
1066 1735 1262 1805 μιλίων
1314 1735 1486 1807 τριῶν
1518 1735 1614 1790 ἐπὶ
1644 1738 1743 1808 τὴν

167 1828 356 1899 πόρταν
392 1827 497 1899 τὴν
523 1828 824 1899 λεγομένην
851 1827 948 1881 τοῦ
988 1826 1146 1896 ἁγίου
1185 1827 1475 1882 Ἰουλιανοῢ
1489 1827 1641 1901 [MS]
1665 1829 1742 1882 οἴ-

1838 643 2009 698 xima.
2046 642 2124 698 Ex
2157 644 2261 700 hac
2308 655 2496 702 autem
2542 646 2799 704 Numinis
2830 647 2913 703 ira
2945 650 3229 720 conjicere
3269 653 3424 713 licet.

1838 749 2004 805 quam
2032 751 2370 794 numerosus
2401 744 2526 794 erat
2579 739 2824 810 populus
2863 741 3280 800 Antiochensis.
3317 741 3426 800 Sed

1840 836 1895 881 et
1912 831 2225 898 complures
2243 828 2431 895 etiam,
2462 830 2558 901 qui
2587 830 2884 888 ruderibus
2911 833 3121 901 obruti,
3149 834 3260 889 vivi
3288 834 3427 890 eii‘o-
3454 882 3462 893 ,

1840 918 2157 985 diebantur,
2188 920 2497 992 derepente
2525 922 2783 993 spiritum
2839 923 3117 980 efﬂabant.
3169 926 3311 992 Quin
3370 935 3426 983 et

1843 1008 2049 1062 civium
2082 1024 2305 1080 quoque
2324 1010 2419 1082 qui
2465 1011 2794 1082 eripuerant
2831 1029 2975 1078 sese,
3015 1017 3290 1082 nonnulli,
3328 1017 3426 1072 bo-

1842 1117 2042 1156 norum
2073 1118 2327 1169 suorum,
2352 1106 2397 1161 si
2422 1104 2556 1173 quid
2582 1114 2860 1176 poterant,
2883 1107 3267 1174 corradentes,
3295 1108 3425 1179 fuga

1842 1192 2009 1248 rebus
2041 1194 2162 1250 suis
2189 1195 2600 1251 consuluerunt
2633 1211 2646 1247 :
2687 1196 2783 1253 sed
2816 1211 2844 1250 a
2880 1199 3129 1261 rusticis,
3184 1199 3241 1252 in
3281 1214 3423 1269 quos

1843 1297 1942 1351 per
1976 1283 2119 1337 viam
2182 1284 2533 1349 inciderant,
2582 1287 2812 1356 expilati
2864 1287 3045 1353 bonis,
3087 1290 3252 1344 etiam
3308 1289 3423 1344 vita

1842 1373 2249 1441 spoliabantur.
2285 1376 2556 1431 Caeterum
2586 1377 2713 1433 inde
2743 1378 2836 1434 Dei
2873 1394 3001 1450 erga
3036 1379 3286 1435 homines
3320 1380 3427 1434 mi-

1843 1460 2152 1516 sericordia
2207 1464 2485 1533 apparuit.
2550 1463 2753 1520 Eorum
2807 1468 2980 1533 enim,
3048 1468 3141 1538 qui
3204 1470 3427 1538 rapinas

1845 1547 2012 1603 hasce
2043 1559 2428 1614 exercuerant,
2463 1554 2719 1608 nonnulli
2752 1553 2806 1607 in
2854 1554 3205 1625 putredinem
3234 1555 3425 1617 soluti,

1844 1642 2102 1695 occaecati
2135 1644 2256 1705 alii,
2313 1645 2416 1699 sub
2462 1646 2855 1716 chirurgorum
2890 1647 3261 1703 incisionibus
3311 1646 3430 1710 alii,

1844 1733 2143 1789 infeliciter
2168 1751 2385 1801 omnes,
2420 1737 2791 1806 interierunt;
2831 1749 2887 1794 et
2927 1739 3169 1795 facinora
3203 1755 3306 1795 sua
3333 1740 3433 1794 de-

1848 1837 2167 1892 precantes,
2189 1828 2553 1885 reddiderunt
2569 1831 2808 1888 animas.
2828 1831 2907 1887 Ex
2933 1848 3168 1902 quorum
3199 1847 3434 1887 numero

168 1936 241 1973 κει
266 1918 331 1984 ³⁹,
364 1920 465 1973 καὶ
496 1920 721 1973 ἀπέσπα
746 1920 926 1973 πάντα
951 1921 1015 1973 ἐκ
1050 1919 1161 1972 τῶν
1183 1922 1495 1989 φευγόντων
1522 1921 1611 1975 διά
1636 1906 1749 1974 τῶν

1849 1915 2036 1969 eodem
2070 1925 2316 1986 tempore
2347 1927 2471 1974 erat
2503 1918 2748 1977 Thomas
2774 1922 3024 1991 quidam,
3052 1921 3430 1977 silentiarius.

167 2007 374 2061 οἰκετῶν
400 2007 597 2062 αὐτοῦ.
621 2008 793 2062 Τοῦτο
832 2009 890 2063 δὲ
913 2006 1245 2080 διεπράξατο
1278 2010 1373 2063 ἐπὶ
1402 2010 1617 2081 ἡμέρας
1632 2011 1746 2065 τέσ-

169 2114 324 2169 σαρας
342 2118 355 2130 σ
390 2099 491 2151 καὶ
511 2098 588 2163 ώς
613 2098 936 2169 λυμαίνεται
962 2100 1137 2153 πάντα
1158 2141 1172 2165 ,
1204 2099 1466 2170 ἐξαίφνης
1493 2099 1653 2167 ὑγιὴς
1672 2099 1747 2152 ὢν

168 2189 472 2260 ἐτελεύτησε
496 2206 512 2220 ·
576 2191 671 2248 καὶ
726 2189 930 2253 πάντες
977 2190 1229 2258 ἐδόξαζον
1272 2191 1363 2246 τὸν
1393 2191 1548 2246 Θεόν.
1594 2191 1658 2245 Ἦ
1691 2191 1747 2245 δὲ

168 2279 314 2333 αὑτοῦ
345 2281 643 2352 περιουσία
664 2282 979 2352 ἁρπαγεῖσα
1005 2282 1256 2337 ἀπώλετο
1282 2297 1294 2309 ⁸
1328 2283 1501 2337 καὶέν
1530 2276 1575 2350 ᾦ
1597 2282 1749 2351 τόπῳ

168 2370 510 2441 ἐτελεύτησεν
532 2409 549 2434 ,
576 2373 694 2425 ἐκεῖ
728 2374 824 2426 καὶ
857 2373 1054 2443 ἐτάφη.
1084 2372 1329 2444 Ἐδείχθη
1362 2374 1474 2444 γὰρ
1505 2375 1598 2426 καὶ
1614 2372 1750 2426 ἄλλα

166 2464 276 2517 τινὰ
297 2464 581 2535 μυστήρια
621 2462 715 2517 τοῦ
767 2464 1154 2535 φιλανθρώπου
1204 2464 1378 2518 Θεοῦ’
1418 2464 1606 2534 ἕγκνοι
1641 2465 1751 2536 γάρ

170 2555 408 2619 γυναῖκες
437 2552 512 2606 δι’
540 2553 746 2607 εἴκοσιν
768 2554 812 2586 ⁸ο
836 2552 1060 2626 ἡμερῶν
1088 2555 1121 2626 ἢ
1146 2555 1242 2608 καὶ
1266 2554 1562 2625 τριάκοντα
1594 2555 1753 2625 ἀνῆλ-

171 2645 249 2699 θον
269 2647 333 2699 ἐκ
352 2645 466 2699 τῶν
497 2646 819 2715 χωσθέντων
853 2647 1030 2715 ὑγιεῖς
1050 2665 1063 2676 ·
1097 2646 1296 2700 πολλαὶ
1327 2647 1385 2700 δέ
1412 2647 1751 2717 γεννήσασαι

171 2738 345 2808 είςτὴν
364 2738 479 2808 γῆν
499 2738 650 2792 κάτω
678 2738 786 2792 ὑπὸ
809 2738 880 2791 τά
906 2737 1137 2809 χώματα
1158 2738 1390 2808 ἀνῆλθον
1419 2739 1517 2793 σὺν
1537 2738 1752 2809 νηπίοις

172 2829 405 2895 ἀϐλαεεῖς
438 2831 539 2885 καὶ
572 2830 775 2917 ἐξησαν
833 2830 977 2902 μετὰ
999 2831 1108 2885 τῶν
1135 2830 1438 2901 τεχθέντων
1470 2829 1531 2895 ἐξ
1549 2831 1751 2885 αὐτῶν.

174 2920 268 2976 Καὶ
288 2920 419 2975 ἄλλα
444 2921 508 2975 δὲ
533 2921 722 2974 παιδία
752 2919 1018 2984 ὡσαύτως
1063 2919 1406 2989 διεσώθησαν
1459 2920 1580 2990 μεθ’
1613 2921 1753 2991 ἡμέ-

178 3028 261 3082 ρας
287 3013 330 3065 λ’
349 3028 365 3043 ⁸
399 3014 504 3067 καὶ
553 3013 727 3067 πολλά
777 3012 1130 3084 φοϐερώτερα
1161 3013 1370 3066 τούτων
1398 3013 1639 3080 ἐγένετο.
1670 2998 1764 3084 Τῇ

174 3103 224 3157 δέ
248 3106 398 3177 τρίτῃ
430 3105 624 3177 ἡμέρᾳ
654 3106 792 3176 μετά
820 3106 921 3173 τὴν
975 3104 1184 3158 πτῶσιν
1237 3105 1410 3174 ἐφάνη
1462 3106 1520 3157 ἐν
1553 3105 1631 3174 τῷ
1664 3105 1754 3157 οὺ-

1850 2004 1951 2059 Hic
1983 2020 2013 2059 a
2041 2005 2301 2063 Numinis
2353 2008 2433 2063 ira
2474 2025 2680 2067 cavens
2705 2011 2837 2077 sibi,
2893 2011 3221 2082 aufugerat;
3269 2019 3325 2065 et
3364 2009 3434 2063 ad

1847 2098 2098 2161 tertium,
2139 2102 2221 2155 vel
2272 2117 2340 2157 eo
2370 2103 2617 2170 circiter,
2652 2105 2724 2158 ab
2778 2107 2918 2162 urbe
2966 2106 3225 2173 lapidem,
3270 2103 3434 2173 juxta

1851 2191 2029 2245 sancti
2061 2190 2267 2247 Juliani
2291 2209 2457 2263 quam
2485 2203 2685 2251 vocant
2713 2204 2927 2266 portam
2953 2195 3180 2251 sedibus
3210 2195 3434 2265 positis.

1829 2291 1950 2353 ~per
1975 2285 2262 2342 ministros
2296 2287 2370 2341 ibi
2411 2302 2568 2350 suos,
2606 2288 2749 2343 bona
2783 2303 2975 2343 eorum
3008 2287 3100 2356 qui
3138 2294 3437 2341 evaserant

1850 2376 2010 2448 42],
2046 2379 2230 2432 omnia
2284 2378 2542 2448 diripuit.
2601 2378 2711 2433 Ubi
2773 2393 2908 2434 vero
2970 2393 3067 2448 per
3113 2377 3234 2431 dies
3290 2390 3436 2445 qua-

1856 2476 1982 2523 tuor
2016 2470 2240 2540 rapinas
2264 2472 2426 2527 hasce
2450 2472 2819 2535 exercuisset,
2868 2470 3054 2524 omnia
3085 2468 3437 2539 depraedans,

1853 2568 2033 2616 morte
2062 2561 2223 2627 obiit,
2257 2561 2412 2616 nullo
2449 2562 2619 2617 etiam
2653 2561 3059 2617 interveniente
3095 2560 3314 2621 morbo,
3350 2573 3442 2612 re-

1855 2653 2099 2722 pentina.
2156 2655 2302 2709 Laus
2337 2654 2464 2708 inde
2514 2653 2626 2708 Deo
2659 2654 2730 2708 ab
2772 2653 3036 2709 omnibus
3073 2652 3285 2706 tributa
3335 2660 3438 2705 est.

1854 2741 2089 2813 Quoque
2123 2743 2176 2798 in
2223 2744 2348 2799 loco
2403 2753 2682 2806 mortuus,
2724 2743 2922 2799 eodem
2947 2752 3003 2797 et
3034 2744 3437 2823 sepultuscst;

1855 2832 2089 2900 direptis
2122 2834 2314 2897 etiam,
2343 2849 2468 2903 qua:
2511 2842 2848 2897 corraserat,
2903 2832 3068 2888 bonis
3101 2832 3222 2901 ejus
3255 2831 3439 2884 omni-—

1856 2921 1983 2975 bus.
2009 2918 2118 2975 Sed
2143 2930 2199 2974 et
2220 2920 2459 2977 verenda
2484 2923 2662 2991 magis
2710 2922 2894 2976 adhuc
2928 2921 3130 2975 divina:
3159 2934 3293 2990 erga
3335 2919 3441 2972 ho-

1857 3010 2034 3065 mines
2074 3009 2474 3065 misericordia:
2517 3013 2853 3066 exstiterunt
2880 3010 3124 3075 indicia;
3174 3010 3439 3063 mulieres

1855 3100 2061 3154 etenim
2095 3111 2473 3170 praegnantes,
2525 3119 2593 3156 xx
2629 3112 2773 3173 post,
2821 3103 2908 3158 vel
2940 3104 3107 3157 etiam
3142 3118 3252 3157 xxx
3297 3102 3438 3166 dies,

179 3195 304 3266 ρανῷ
335 3198 363 3250 ό
389 3197 581 3268 τίμιος
612 3196 846 3267 σταυρὸς
873 3196 966 3251 διὰ
985 3197 1215 3266 νεφέλης
1241 3196 1381 3250 κατά
1411 3197 1472 3249 τὸ
1501 3195 1749 3268 ἀρκτῷον

1858 3193 2042 3249 illaesae
2067 3208 2134 3246 ex
2164 3194 2460 3248 ruderibus
2503 3195 2908 3251 eﬂ‘odiebautur
2942 3212 2956 3249 :
2996 3212 3228 3264 quarum
3262 3196 3441 3266 pluri-

180 3264 322 3356 μέρος
361 3264 467 3357 τῆς
514 3286 687 3356 αὐτῆς
733 3264 942 3350 πόλεως
965 3303 979 3317 ·
1016 3264 1111 3340 καὶ
1159 3264 1362 3351 πάντες
1416 3264 1746 3357 θεασάμενοι

1854 3301 2218 3358 mzuquoqtle,
2262 3288 2460 3344 solutis
2507 3290 2886 3344 corruentium
2923 3289 3283 3344 aedificiorum
3332 3287 3438 3342 sub

178 3377 319 3431 αὑτὸν
371 3379 606 3450 ἔμειναν
662 3378 942 3442 κλαίοντες
1005 3379 1100 3433 καὶ
1132 3379 1419 3449 εὐχόμενοι
1475 3381 1571 3433 ἐπὶ
1619 3382 1747 3450 μίαν

178 3466 327 3539 ὥραν.
369 3471 656 3539 Ἐγένοντο
679 3470 737 3523 δέ
767 3471 906 3541 μετὰ
923 3471 1021 3541 τὴν
1052 3469 1259 3525 πτῶσιν
1285 3473 1386 3543 τῆς
1423 3474 1633 3538 πόλεως
1654 3476 1749 3528 καὶ

180 3558 311 3614 ἄλλοι
338 3563 560 3632 σεισμοὶ
584 3562 770 3616 πολλοὶ
805 3562 880 3627 ώς
905 3564 1001 3616 ἐπὶ
1026 3564 1219 3636 χρόνον
1242 3564 1488 3618 ἐνιαυτοῦ
1511 3566 1606 3618 καὶ
1641 3584 1750 3638 μη-

180 3650 269 3705 νῶν
290 3651 367 3718 ἐξ.
400 3653 732 3717 Σελευκείας
763 3653 821 3707 δέ
853 3653 948 3707 καὶ
981 3655 1199 3725 Δάφνης
1230 3654 1309 3715 ώς
1335 3657 1431 3708 ἐπὶ
1490 3657 1645 3726 μίλια
1672 3656 1753 3708 ιτ-

181 3758 284 3796 κοσι
309 3743 520 3807 πτῶσις
541 3744 757 3812 ἐγένετο
773 3761 786 3774 ο
823 3743 994 3797 πολλά
1013 3745 1072 3798 δὲ
1093 3746 1353 3816 χρήματα
1375 3747 1620 3818 παρέσχε
1636 3750 1757 3810 ταῖς

180 3830 463 3897 παθούσαις
496 3834 717 3887 πόλεσιν
738 3836 767 3888 ό
794 3834 958 3898 αὐτὸς
1003 3833 1279 3905 βασιλεύς.
1353 3836 1620 3902 ’Δκούσας
1642 3837 1754 3908 γὰρ

180 3920 268 3991 τὴν
311 3923 615 3994 γενομένην
653 3925 758 3977 ὑπὸ
789 3924 942 3998 [146]
976 3927 1073 3980 τοῦ
1129 3927 1266 3981 Θεοῦ
1320 3927 1754 3997 φιλανθρωπίαν,

181 4009 308 4083 λύπῃ
340 4013 630 4085 συσχεθεὶς
661 4015 722 4067 οὐ
752 4016 927 4086 μικρᾷ
945 4055 962 4081 ,
1003 4015 1249 4087 θεωριῶν
1278 4017 1354 4088 μὴ
1383 4017 1670 4086 ἀγομένων
1700 4019 1757 4071 ἐν

183 4098 468 4174 Βυζαντίῳ,
521 4106 616 4159 καὶ
671 4105 837 4173 ἁγίας
896 4106 1281 4176 Πεντηκοστῆς
1322 4106 1756 4179 καταλαϐούσης,

184 4190 291 4264 δίχα
315 4194 648 4267 διαδήματος
675 4195 922 4265 εἰσῆλθεν
962 4198 1020 4248 ἐν
1048 4198 1116 4268 τῇ
1150 4196 1418 4268 ἐκκλησίᾳ
1450 4198 1589 4266 μετά
1615 4215 1757 4268 πορ-

185 4284 340 4357 φυροῦ
388 4287 617 4358 μαντίου
643 4287 871 4350 κλαίων,
909 4287 1008 4341 σὺν
1045 4288 1194 4358 αὐτῷ
1221 4287 1281 4341 δέ
1324 4290 1420 4343 καὶ
1453 4290 1653 4353 πάντες
1702 4291 1755 4342 οί

187 4375 527 4448 συγκλητικοὶ
554 4378 649 4432 καὶ
671 4381 934 4450 πορφυρᾶ
958 4379 1189 4449 ἐφόρουν
1215 4379 1315 4450 (9).

1848 3379 2028 3435 ruinis
2045 3380 2330 3450 puerperii
2357 3381 2664 3443 doloribus,
2692 3396 2809 3436 una
2841 3396 2966 3436 cum
2993 3381 3303 3436 infantibus
3328 3381 3445 3437 suis

1850 3472 2036 3526 illaesae
2087 3480 2455 3540 emergentes.
2507 3471 2764 3530 Numinis
2817 3478 2914 3529 ira:
2981 3474 3438 3544 supervixerunt.

1848 3560 1990 3629 Quin
2017 3573 2071 3617 et
2101 3564 2310 3633 pueruli
2342 3579 2565 3634 quoque
2592 3566 2706 3627 alii,
2744 3566 3095 3622 tricesimum
3122 3575 3246 3637 post
3267 3566 3439 3630 dicm,

1853 3653 2161 3709 incolumes
2180 3655 2604 3723 reperiebantur
2623 3698 2637 3710 .
2658 3657 2940 3726 multaque
2960 3656 3049 3712 his
3077 3658 3441 3727 stupendiora

1855 3745 2229 3815 contigerunt.
2261 3745 2452 3803 Tertio
2481 3758 2665 3803 autem
2711 3757 2835 3818 post
2884 3748 3099 3804 cladem
3140 3750 3283 3804 hanc
3325 3750 3438 3814 die,

1854 3836 2184 3892 veneranda:
2214 3839 2400 3894 crucis
2435 3839 2616 3909 imago
2647 3839 2715 3893 de
2746 3841 2886 3895 t-telo
2909 3842 3221 3912 comparuit
3250 3842 3304 3895 in
3335 3858 3444 3896 nu-

1855 3925 2037 3992 bibus,
2079 3930 2200 3984 urbi
2225 3929 2296 3984 ad
2328 3933 2737 4001 septentriones
2764 3933 3066 3988 imminens
3108 3951 3120 3986 :
3153 3950 3261 4004 qua
3300 3936 3439 3998 visa,

1860 4019 1916 4075 in
1952 4021 2231 4091 lacrymas
2264 4023 2433 4077 soluti
2477 4038 2692 4087 omnes,
2737 4040 2932 4094 preces
2979 4031 3140 4079 unius
3176 4028 3322 4080 liora:
3349 4042 3444 4095 per

1858 4110 2098 4180 spatium
2117 4109 2494 4168 effundebant.
2525 4114 2861 4169 Acciderunt
2885 4122 3094 4181 autem,
3127 4122 3252 4185 post
3284 4117 3441 4170 urbis

1859 4217 2074 4267 casum,
2127 4203 2318 4273 plures
2355 4206 2522 4258 etiam
2570 4205 2664 4258 alii
2712 4214 2875 4260 terra:
2907 4216 3114 4271 motus,
3163 4223 3261 4277 per
3310 4222 3442 4276 spa-

1860 4294 1995 4345 tium
2047 4294 2177 4348 anni
2222 4294 2389 4350 unius
2431 4304 2489 4350 ct
2541 4311 2592 4349 νι
2639 4298 2913 4353 mensium
2966 4316 2979 4350 :
3022 4299 3226 4368 quibus
3273 4299 3446 4353 etiam

1859 4383 2131 4440 Seleuciae
2188 4385 2578 4459 Daphnesque.
2619 4404 2852 4460 qumque
2877 4391 2944 4444 ad
2972 4392 3293 4446 vicesimum
3329 4392 3445 4446 fere

202 4464 417 4537 lapidem
503 4472 1103 4552 distabant,raedilieia
1187 4488 1460 4529 concussa
1520 4473 1878 4530 corruebant.
1945 4476 2188 4534 Urbibus
2249 4486 2454 4543 autem,
2500 4481 2843 4537 calamitates
2914 4482 3079 4539 hasce
3128 4483 3437 4553 perpessis,

210 4555 499 4628 imperator
541 4564 760 4619 abunde
823 4564 1180 4633 pecuniarum
1224 4564 1625 4634 suppeditavit.
1672 4565 1765 4619 Dei
1820 4567 1966 4620 enim
2016 4578 2225 4638 quanta
2298 4585 2429 4641 erga
2488 4571 2743 4628 homines
2795 4573 3173 4630 misericordia
3220 4575 3438 4637 fuisset.

209 4647 463 4719 edoctus,
515 4660 569 4707 et
615 4653 733 4722 ipse
794 4653 980 4707 clades
1033 4654 1131 4709 bas
1199 4655 1558 4710 areibissime
1636 4655 1795 4719 tulit;

1863 4672 1966 4712 nec
2032 4658 2281 4731 Byzantii
2348 4677 2446 4733 pro
2490 4677 2643 4718 more
2695 4663 2843 4719 edita
2900 4674 3032 4720 sunt
3102 4669 3438 4736 spectacula.

213 4736 557 4802 Pentecostes
602 4747 767 4801 etiam
814 4761 974 4802 sacro
1010 4745 1153 4802 festo
1184 4757 1298 4802 tum
1320 4748 1646 4813 exsistentc,
1681 4748 1991 4806 diademate
2024 4755 2225 4824 posito,
2298 4756 2436 4828 ipse,
2495 4767 2897 4830 senatoresque
2933 4774 3149 4829 omnes,
3197 4764 3446 4820 VeSIibus

210 4835 357 4902 pullis
403 4838 608 4904 induti,
644 4839 902 4908 templum
943 4839 1311 4908 lacrymautcs
1342 4841 1617 4908 petebant.

1461 5011 1695 5070 VARIIE
1739 5015 2149 5075 LECTIONES.

284 5125 323 5160 ’τ
345 5129 643 5201 ὑπήντουν.
682 5130 959 5200 ἠπήντουν
986 5130 1087 5185 0x.
1167 5131 1212 5162 ³³
1243 5131 1506 5185 ἀπέσπων
1537 5134 1666 5200 CIL,
1689 5136 1938 5190 ἀπέσπων
1970 5134 2071 5193 0x.
2151 5139 2194 5171 ³⁹
2224 5140 2386 5195 οἴκει.
2423 5139 2558 5212 ᾣκει
2591 5142 2693 5198 Ch.
2773 5144 2816 5176 '*°
2843 5144 3016 5199 εἴκοσι
3057 5145 3160 5201 Ox.

1418 5284 1528 5342 ΕΙ).
1570 5286 1869 5345 CHILMEA
1882 5289 1943 5344 Dl
1976 5291 2210 5346 ΝΟΤᾸΞ.

265 5395 333 5467 (8)
364 5398 472 5452 Καὶ
500 5398 779 5469 ὴπήντουν
824 5398 1008 5460 αὐτοῖς
1041 5396 1302 5467 γεωργοί.
1329 5395 1545 5460 Scribo.
1577 5399 1758 5470 ἀπήν-

204 5478 312 5517 των.

266 5535 334 5608 (9)
362 5538 469 5617 ἰξαὶ
496 5539 700 5617 πάντες
730 5539 777 5591 oi
806 5537 1164 5617 curiamque).
1194 5537 1288 5617 καὶ
1334 5539 1595 5617 πορφυρᾷ
1624 5539 1755 5607 ἐφό-

1857 5413 1913 5455 et
1927 5401 2356 5485 magistratuum
2389 5404 2604 5475 insigne
2633 5410 2934 5485 est,_etia_m
2960 5422 3012 5468 et
3047 5415 3214 5468 luctui
3243 5430 3436 5485 appro-

1856 5473 2069 5553 priat_us
2128 5474 2331 5553 color;
2377 5473 2573 5553 nempe
2624 5479 2769 5553 quod
2799 5481 2888 5553 ad
2945 5485 3159 5553 nigrum
3200 5473 3440 5540 cul'o'rem

1856 5543 2588 5624 propius_ac_eedat‘:.sedet
2621 5543 2950 5624 quibusdam
2990 5543 3321 5624 πορφύρεον,
3356 5558 3443 5610 ni-

359 5608 513 5697 Quosd
563 5618 754 5697 nos}?
785 5609 1068 5697 ιπξΡφΡρᾶ
1099 5608 1413 5697 “Pd-{3785'
1450 5609 1755 5697 ,ρῗᾱῗῗῖἷῖε
1853 5608 2131 5697 ξτνπήίβδίθ
2163 5608 3208 5697 ΗθξπΙιίέιεεΠορξρύρεονπορὶθυρόῦεῖ,
3243 5608 3435 5697 μέλαν·

209 5673 338 5748 dicit,
362 5678 526 5748 φαιὰν
559 5678 758 5748 στολὴν
782 5673 1414 5748 ἐνδυσάμενοι,’ριιίιαιὶ,
1444 5679 1560 5733 sive
1590 5681 1756 5734 vesti-

212 5739 297 5801 bus
324 5739 721 5818 ni'gricantibus'
749 5746 949 5803 induti.
987 5739 1242 5819 Purpura
1279 5745 1501 5818 quidem
1539 5762 1753 5819 regum,

1857 5681 2158 5752 Πορφύρει,
2192 5681 2494 5753 μελανὶζει.

3484 5162 3519 5286 '\
