3894 6438
212 413 277 480 Gul
291 414 324 477 5

1252 415 1913 477 CHBONOGRAPHIA
1948 440 2019 452 ·-
2054 418 2202 478 LIB.
2236 420 2454 481 XVIII.

3373 422 3479 487 (ilo

215 528 309 596 τὴν
338 525 580 596 έκχόῖσιν
603 524 651 558 ⁸⁸
683 526 777 582 τοῦ
812 525 1183 597 περισωθῆναι
1211 527 1338 589 τοὺς
1367 524 1525 589 ὄντας
1569 524 1675 577 ὑπὸ
1698 523 1792 595 τὴν

1905 523 2136 594 urbique
2163 527 2562 597 instaurandze,
2601 530 2833 602 eju<qnc
2865 529 3064 587 incolis
3094 530 3333 597 plurima
3364 536 3481 591 lar-

215 616 333 687 γῆν,
365 616 628 683 ὡσαύτως
655 618 713 673 δὲ
745 618 839 674 καὶ
868 618 981 682 τοῖς
1025 615 1225 688 ζήσασι
1276 617 1370 669 καὶ
1402 617 1470 687 τῇ
1522 614 1675 669 πόλει
1715 616 1795 678 εἰς

214 706 530 764 ἀνανέωσιν.

290 798 347 852 '0
369 798 427 853 δὲ
477 800 639 865 αὐτὸς
666 801 924 872 βασιλεὺς
952 801 1221 856 ἁνενέωσε
1266 799 1396 864 τοὺς
1439 799 1639 868 νόμους
1667 797 1796 861 τοὺς

213 890 276 942 ὲκ
307 886 416 941 τῶν
465 889 850 960 προλαϐόντων
909 889 1175 960 βασιλέων
1228 887 1621 952 θεσπισθέντας
1646 927 1663 952 ,
1696 887 1796 941 καὶ

214 983 438 1053 ποιήσας
464 982 714 1053 Νεαροὺς
738 982 960 1053 Νόμους
992 979 1208 1051 ἔπεμψε
1234 978 1378 1032 κατὰ
1430 976 1587 1031 πόλιν
1610 1018 1625 1042 ,
1651 976 1794 1031 ὥστε

210 1076 299 1129 τὸν
324 1074 566 1147 ἄρχοντα
592 1079 651 1130 ὲν
670 1068 720 1145 ᾧ
749 1076 850 1147 τὴν
878 1078 1054 1147 ἀρχὴν
1085 1075 1200 1146 ἔχει
1234 1071 1310 1143 μὴ
1341 1069 1548 1137 κτίζειν
1582 1069 1732 1126 οἷκον
1759 1071 1814 1151 ἢ.

184 1166 502 1247 λὰγοράζειν
534 1167 745 1238 κτῆμα,
778 1168 828 1247 εί
867 1169 944 1238 μή
982 1184 1068 1230 τις
1104 1165 1375 1234 συγγενὴς
1406 1164 1575 1218 αὐτοῦ
1610 1163 1794 1235 ὑπάρ-

174 1237 290 1335 ξχει
318 1237 493 1332 [169],
525 1237 706 1313 διὰτὸ
735 1237 1122 1330 μὴ’βιάζεσθαι
1153 1258 1279 1321 τοὺς
1313 1254 1796 1327 συγκεκτημένους

212 1351 243 1421 ἦ
266 1347 678 1418 ἀναγκάζεσθαι
697 1366 821 1402 τινα
849 1349 939 1403 διὰ
962 1348 1061 1419 τὴν
1084 1348 1323 1421 ἀρχικὴν
1344 1346 1684 1417 προστασίαν
1713 1349 1795 1411 εἰς

211 1441 370 1496 αὐτὸν
394 1440 762 1497 διατίθεσθαι.

283 1614 521 1685 Ὁμοίως
569 1617 628 1671 δὲ
658 1618 908 1689 καὶπερὶ
960 1614 1071 1670 τῶν
1102 1617 1350 1688 φυσικῶν
1387 1618 1617 1684 παίδων,
1651 1618 1793 1673 ὥστε

206 1706 566 1780 κληρονομεῖν
592 1709 735 1764 κατὰ
766 1710 857 1763 τὸν
884 1709 1243 1771 Ἀναστασίου
1276 1710 1373 1764 τοῦ
1415 1711 1667 1783 βασιλέος
1702 1714 1791 1767 νό-

210 1814 323 1870 μον.

1898 616 2045 687 gitus
2071 626 2179 674 est.

1968 796 2115 853 Idem
2166 797 2541 868 Justinianus,
2589 803 2869 859 renovatis
2901 803 3348 861 antecedentium
3378 807 3485 861 im-

1896 896 2220 959 peratorum
2258 890 2509 960 legibus,
2551 891 2808 948 Novellas
2839 893 3004 947 etiam
3038 877 3482 950 Constitutiones

1897 978 2021 1048 ipse
2068 978 2244 1034 edidit
2288 999 2301 1035 :
2335 996 2477 1051 quas
2513 982 2570 1038 in
2599 986 2764 1039 urbes
2798 984 2985 1039 emisit
3015 1002 3030 1038 :
3072 985 3280 1053 quibus
3313 987 3480 1041 etiam

1896 1070 2043 1123 cavit
2076 1088 2089 1123 :
2125 1069 2203 1125 Ne
2231 1070 2616 1141 praefectorum
2659 1074 2884 1144 aliquis,
2912 1075 3057 1129 intra
3091 1074 3481 1145 praefecturam

1897 1175 2079 1227 suam,
2136 1162 2225 1218 vel
2273 1163 2496 1219 domum
2541 1174 2885 1233 exstrueret,
2916 1165 3004 1223 vel
3055 1183 3248 1239 agrum
3306 1169 3417 1224 nisi
3449 1185 3480 1222 a

1896 1253 2153 1326 cognatis
2193 1255 2350 1323 suis,
2401 1257 2516 1312 sibi
2569 1257 2889 1328 acquireret
2931 1278 2946 1314 :
2989 1260 3204 1316 scilicet
3249 1275 3323 1316 ne
3372 1274 3484 1331 quo

1895 1343 2065 1399 modo
2092 1345 2434 1401 violarentur
2483 1362 2743 1418 agrorum
2777 1362 3168 1417 possessores;
3197 1350 3283 1404 vel
3323 1364 3484 1420 coge-

1894 1444 2051 1489 retur
2090 1436 2292 1506 aliquis
2314 1437 2544 1503 invitus,
2581 1439 2925 1508 praefectum,
2980 1440 3051 1497 ob
3081 1440 3482 1511 praefectoriam

1895 1526 2020 1597 ejus
2052 1529 2445 1585 auctoritatem
2478 1530 2751 1587 baeredem
2783 1532 3052 1588 scribere.
3111 1533 3119 1543 '

1968 1615 2235 1674 Similiter
2261 1620 2433 1676 etiam
2464 1620 2557 1690 jus
2577 1621 2995 1677 hmreditarium
3031 1623 3223 1681 liberis
3248 1633 3484 1681 natura-

1894 1707 2042 1764 libus
2072 1696 2383 1778 con'cessit;
2412 1710 2573 1782 juxta
2604 1712 2776 1784 legem
2809 1713 2880 1768 ab
2916 1713 3217 1771 Anastasio
3244 1715 3486 1788 impera-

1896 1802 2015 1850 tore
2072 1796 2258 1852 latam.

273 1894 386 1949 Kal
415 1895 549 1965 περὶ
604 1891 700 1947 τοῦ
730 1893 1230 1966 κληρονομοῦντος,
1281 1893 1424 1949 ὥστε
1462 1894 1664 1962 ἐξεῖναι
1696 1897 1792 1951 αὑ-

1970 1884 2175 1942 Statuit
2207 1888 2401 1955 etiam,
2435 1888 2639 1945 haeredi
2666 1890 2841 1947 licere
2878 1899 3086 1948 sortem
3121 1908 3278 1950 suam
3308 1910 3485 1965 quan-

204 1986 277 2057 τῷ
326 1984 720 2057 παραιτεῖσθαι
754 1985 856 2055 τὴν
903 1986 1275 2057 κληρονομίαν
1301 1987 1390 2041 ὅτε
1426 1986 1473 2040 δ’
1501 1986 1568 2041 ἂν
1598 1987 1795 2060 βούλη-

202 2095 310 2142 ται,
340 2078 441 2132 καὶ
467 2078 546 2148 μὴ
569 2076 961 2133 ἀποκλείεσθαι
994 2079 1041 2111 ⁸³
1075 2079 1273 2150 χρόνῳ.

268 2167 409 2238 Περὶ
438 2167 495 2220 δὲ
523 2167 634 2221 τῶν
666 2167 965 2239 μαρτύρων
983 2167 1051 2240 (s)
1069 2168 1213 2223 ὥστε
1229 2168 1636 2240 ἀναγκάζεσθαι
1663 2171 1792 2236 τοὺς

206 2257 423 2324 ίδιὼτας
453 2259 547 2313 καὶ
577 2260 810 2324 ἄκοντας
840 2263 1159 2333 μαρτυρεῖν.

279 2354 337 2407 '0
360 2353 419 2407 δὲ
450 2354 615 2419 αὐτὸς
647 2353 907 2424 βασιλεὺς
932 2354 1248 2427 ἐδωρήσατο
1276 2356 1339 2410 τὸ
1367 2355 1629 2412 Γοτθικὸν
1669 2357 1792 2424 ξυλ-

202 2442 382 2496 ἑλαιον
412 2440 525 2514 (66)
553 2443 819 2514 κουφίσας
872 2442 1002 2507 τοὺς
1035 2444 1315 2509 ὑποτελεῖς
1352 2444 1418 2500 ὲκ
1442 2445 1536 2501 τοῦ
1567 2446 1789 2520 βάρους.

278 2534 411 2588 Ἐπὶ
444 2534 502 2588 δὲ
538 2534 640 2606 τῆς
675 2532 845 2588 αὐτοῦ
873 2532 1155 2605 βασιλείας
1199 2535 1294 2589 δύο
1324 2538 1627 2609 στρατηγοὶ
1654 2539 1793 2593 06v-

199 2643 299 2680 νων
326 2626 733 2698 ἒπιῤῥίψαντες
763 2626 902 2697 μετὰ
927 2626 1168 2698 πλήθους
1190 2626 1302 2699 (67)
1320 2630 1400 2692 είς
1431 2629 1531 2700 τὴν
1555 2630 1791 2686 Σκυθίαν

199 2720 291 2773 καὶ
317 2718 429 2790 τὴν
460 2718 699 2784 Μυσίαν,
740 2718 896 2784 ὄντος
933 2721 1052 2773 ἐκεῖ
1083 2720 1458 2793 στρατηλάτου
1498 2721 1792 2793 Ῥωμαίων

201 2808 537 2883 Βαδουαριου
586 2811 684 2865 καὶ
728 2809 1041 2879 ’1ουστίνου,
1097 2812 1192 2865 καὶ
1237 2811 1567 2880 ἐξελθόντων
1609 2814 1791 2870 αὐτῶν

204 2906 340 2958 κατὰ
399 2903 515 2957 τῶν
582 2902 804 2957 Οὖννων
836 2942 852 2967 ,
906 2892 1025 2958 ’καὶ
1102 2903 1384 2974 συμϐολῆς
1442 2904 1745 2977 γενομένης
1771 2944 1788 2972 ,

202 2996 416 3067 ἐσφάγη
448 2994 602 3068 [170]
629 2994 916 3061 Ἰουστῖνος
938 2995 997 3048 ὲν
1027 2995 1108 3067 τῷ
1136 2996 1363 3068 πολέμῳ
1385 3011 1400 3026 ·
1450 2998 1546 3050 καὶ
1570 2997 1792 3066 ἐγένετο

200 3090 308 3144 ἀντ’
330 3088 504 3143 αὑτοῦ
530 3086 971 3152 Κωνσταντίολος
991 3089 1021 3142 ὁ
1048 3088 1386 3160 Φλωρεντίου
1411 3088 1791 3162 στρατηλάτης

1894 1975 2185 2049 docunque
2198 1980 2367 2037 vellet
2382 1979 2686 2052 deposcere
2704 1998 2837 2050 ;nec
2856 1991 3105 2056 tempore
3124 1987 3238 2041 ullo
3259 1987 3481 2043 excludi
3594 2022 3616 2040 ι

1893 2064 2116 2122 debere.

1964 2157 2048 2212 Ad
2132 2161 2521 2217 testimonium
2593 2170 2781 2221 autem
2860 2164 3152 2224 ferendum
3206 2169 3480 2241 privatos,

1894 2251 2060 2304 etiam
2087 2250 2315 2320 invitos,
2345 2254 2469 2326 cogi
2493 2255 2690 2311 voluit.

1960 2340 2114 2425 .ldem
2170 2345 2342 2399 etiam
2402 2347 2715 2418 imperator
2754 2349 2985 2406 donavit
3029 2350 3336 2425 Xylelaaum
3371 2353 3483 2411 Go-

1891 2432 2102 2489 thicum
2121 2477 2137 2502 ,
2163 2437 2470 2495 tributariis
2503 2441 2623 2497 suis
2653 2440 2760 2497 hoc
2785 2457 2958 2500 onere
2989 2444 3210 2503 levatis.

1965 2518 2170 2583 Eodem
2212 2529 2555 2599 imperante,
2609 2532 2720 2587 duo
2752 2531 3085 2590 Hunnorum
3121 2536 3313 2605 duces,
3353 2551 3481 2594 cum

1896 2634 2096 2691 magno
2118 2621 2392 2689 exercitu,
2430 2622 2715 2696 Scythiam
2742 2625 3085 2698 Mysiamque
3113 2628 3438 2687 invaserunt
3464 2651 3479 2687 :

1893 2712 2098 2782 quibus
2131 2727 2428 2770 occursum
2457 2714 2683 2771 iverunt
2726 2714 3061 2785 Baduarius,
3085 2720 3330 2777 militum
3363 2739 3483 2776 ma-

1895 2800 2068 2872 gister
2084 2809 2142 2857 et
2176 2800 2432 2860 Justinus
2475 2823 2489 2860 :
2528 2807 2833 2879 praelioque
2856 2813 3181 2879 commisso,
3219 2794 3480 2871 Justinus

1895 2892 2120 2947 occisus
2149 2900 2255 2949 est.
2304 2893 2494 2964 Itaque
2521 2894 2689 2967 438
2727 2898 2785 2953 in
2824 2898 2949 2969 ejus
2987 2901 3168 2957 locum
3212 2904 3481 2978 magister

1895 2984 2133 3039 militum
2160 2985 2214 3039 in
2247 2983 2418 3057 Mysia
2453 2987 2720 3046 suffectus
2751 2998 2839 3047 est
2868 2992 3314 3063 Constantiolus,
3352 2996 3480 3054 Flo-

1892 3078 2056 3132 rentii
2088 3078 2255 3135 illius.
2298 3078 2570 3135 Caeterum
2601 3091 2927 3152 grassantes
2981 3086 3208 3143 interim
3262 3089 3477 3157 Hunni,

199 3182 293 3253 τῆς
321 3183 572 3249 Μυσίας.
620 3183 732 3238 Καὶ
763 3178 931 3255 ἦλθον
959 3183 1008 3237 οἱ
1048 3175 1240 3238 Οὖννοι
1268 3183 1656 3253 πραιδεύοντες
1683 3184 1790 3249 ἕως

1903 3173 2145 3242 regiones
2187 3170 2432 3242 undique
2479 3173 2548 3228 ad
2585 3190 2764 3244 usque
2827 3176 3120 3234 Thraciam
3172 3180 3478 3252 deprmdati

199 3275 292 3345 τῆς
312 3274 544 3348 Θρᾴκης
565 3292 578 3307 ·
615 3277 711 3329 καὶ
740 3275 973 3342 ἐξελθὼν
1001 3276 1123 3331 κατ’
1152 3275 1334 3329 αὐτῶν
1358 3278 1387 3331 ὁ
1415 3276 1797 3348 στρατηλάτης

197 3368 645 3432 Κωνσταντίολος
663 3368 760 3423 καὶ
776 3359 1002 3434 Γοδιλᾶς
1019 3369 1114 3422 ml
1125 3368 1259 3422 ότοῦ
1286 3368 1583 3440 Ἰλλυρικοῦ
1595 3385 1797 3441 στρατ-

198 3460 402 3533 ηλάτης
449 3462 698 3532 Ἀσκοὺμ
718 3464 748 3516 ό
771 3456 942 3517 Οὗννο
954 3481 1001 3529 ς,
1025 3461 1084 3516 ὃν
1107 3461 1367 3528 ἐδέξατοὸ
1384 3460 1639 3533 βασιλεὺς
1664 3457 1794 3515 ἰου-

198 3552 469 3619 στινιανὺς
499 3555 558 3607 ἐν
597 3554 740 3625 ἁγίῳ
770 3553 1137 3626 βαπτίσματι,
1173 3554 1272 3608 καὶ
1307 3553 1791 3625 μεσολαϐηθέντων

196 3642 301 3698 τῶν
350 3644 575 3699 Οὖννων
605 3647 665 3698 ἐν
713 3645 793 3717 τῷ
823 3645 1066 3717 πολέμῳ,
1125 3646 1221 3699 κα1⁸
1250 3645 1463 3700 πολλῶν
1515 3645 1574 3712 ἐξ
1605 3644 1787 3699 αὐτῶν

197 3736 532 3800 πιπτόντων,
563 3737 847 3807 ἀπέφυγεν
880 3738 914 3807 ἠ
950 3737 1156 3808 πραῖδα
1190 3738 1361 3800 πᾶσα,
1399 3737 1494 3791 καὶ
1534 3737 1787 3805 ἐγένοντο

207 3824 473 3895 Ῥωμαῖοι
513 3825 989 3896 ἐπικρατέστεροι,
1024 3825 1387 3895 φονεύσαντες
1417 3824 1513 3880 καὶ
1537 3826 1667 3889 τοὺς
1695 3824 1788 3879 δύο

198 3914 393 3983 ρῆγας.
452 3915 568 3968 Kal
619 3914 696 3980 ὡς
743 3916 1203 3988 ὑποστρέφουσιν,
1254 3916 1649 3988 ὑπηντήθησαν
1682 3917 1788 3970 ὑπὸ

195 4004 368 4059 ἄλλων
426 4005 650 4061 Οὖννων
680 4021 698 4039 ⁶
735 4007 834 4060 καὶ
876 4007 1250 4078 συμϐαλόντες
1305 4007 1416 4061 ἀπὸ
1462 4008 1656 4073 κόπου,
1691 4007 1787 4060 καὶ

195 4094 579 4169 ἀσθενέστεροι
625 4097 780 4162 ὄντες
817 4099 869 4151 οἱ
911 4099 1206 4169 Ῥωμαίων
1259 4098 1583 4171 στρατηγοὶ,
1626 4098 1790 4151 δέδω-

196 4203 295 4240 καν
313 4188 369 4222 ⁸⁸
407 4189 560 4243 νῶτα
589 4206 603 4221 ·
645 4189 741 4244 καὶ
793 4189 1229 4258 καταδιώξαντες
1266 4192 1316 4245 οἱ
1343 4182 1536 4245 Οὗννοι
1569 4191 1792 4244 ὲσόκευ-

193 4293 291 4331 σαν
310 4275 436 4312 ⁸⁷’⁸⁸
475 4279 778 4350 φεύγοντας
810 4281 935 4347 τοὺς
970 4282 1236 4353 ἐξάρχους
1277 4282 1585 4353 Ῥωμαίων.
1623 4282 1733 4335 Kal
1761 4283 1789 4335 ὁ

196 4368 291 4437 μὲν
340 4371 384 4424 Γ
386 4371 574 4436 οδιλᾶς
618 4373 952 4438 ἀποσπάσας
1002 4373 1063 4427 τὸ
1101 4375 1236 4428 ἴδιον
1282 4372 1437 4443 ξίφος
1494 4372 1657 4439 ἔκοψε
1697 4374 1789 4428 τὸν

1893 3271 2070 3318 sunt:
2108 3263 2373 3321 adversus
2398 3281 2541 3336 quos
2606 3268 2817 3338 egressi
2875 3280 3007 3326 sunt
3054 3271 3480 3331 Constantiolus

1891 3355 2130 3409 militum
2159 3356 2422 3425 magister
2454 3366 2509 3411 et
2556 3356 2803 3424 Godilas,
2854 3359 3176 3432 lllyricique
3212 3366 3482 3435 magister

1890 3443 2128 3498 militum
2146 3443 2376 3509 Ascum,
2409 3447 2860 3518 Hunuus,quem
2912 3448 3263 3508 Justinianus
3305 3455 3480 3525 impe-

1889 3543 2044 3591 rator
2067 3551 2099 3592 e
2134 3550 2296 3593 sacro
2324 3538 2680 3608 baptismatis
2708 3541 2931 3597 lavacro
2950 3552 3292 3614 susceperat.
3326 3544 3481 3601 Hun-

1888 3642 2089 3682 norum
2126 3629 2311 3701 itaque
2348 3631 2418 3685 ab
2467 3631 2555 3687 his
2594 3632 2842 3703 undique
2863 3634 3198 3702 cinctorum,
3251 3639 3479 3708 plurimi

1892 3721 1946 3775 in
1980 3721 2173 3791 praelia
2198 3722 2559 3794 ceciderunt;
2585 3726 2881 3798 praedaque
2908 3729 3093 3785 omnis
3119 3729 3331 3801 dilapsa
3353 3741 3436 3787 est
3460 3751 3476 3787 :

1888 3813 2200 3885 ducemque
2251 3829 2446 3870 eorum
2501 3824 2801 3888 utrumque
2844 3817 3103 3887 Romani,
3155 3823 3480 3893 superiores

1892 3906 2048 3971 facti,
2082 3905 2505 3963 interfecerunt.
2547 3908 2882 3968 Heversuris
2933 3922 3115 3970 autem
3170 3930 3295 3970 cum
3336 3934 3479 3972 nova

1888 4000 1972 4052 vis
2003 3997 2334 4055 Hunnorum
2362 4003 2814 4071 supervenisset,
2850 4002 3080 4062 Romani
3111 4005 3303 4071 duces,
3335 4010 3480 4078 jam-

1884 4090 1999 4161 jnm
2030 4090 2246 4145 viribus
2298 4091 2512 4158 lassati,
2572 4110 2678 4151 nec
2733 4096 2965 4153 alterius
2997 4099 3171 4169 prazlii
3211 4101 3475 4171 impetum

1888 4183 1980 4253 qui
2016 4191 2207 4239 essent
2253 4185 2606 4253 sustinendo,
2646 4196 2799 4260 terga
2830 4189 3121 4246 dederunt.
3157 4191 3345 4248 Hunni
3376 4196 3476 4249 ita-

1888 4290 1997 4345 que
2035 4274 2305 4346 fugientes
2342 4276 2610 4345 insecuti,
2650 4278 3026 4337 Romanorum
3055 4283 3226 4341 duces
3265 4286 3477 4355 laqueis

1890 4367 2244 4437 implicantes
2302 4377 2591 4439 ceperunt.
2630 4369 2709 4425 Ex
2740 4374 2945 4442 quibus
2977 4373 3243 4443 Godilas,
3280 4379 3477 4433 stricto

1508 4532 1745 4589 VARUE
1781 4524 2190 4587 LECTIONES.

252 4620 364 4676 ειὲ

192 4688 468 4761 Stephani
502 4708 554 4746 c.
599 4688 778 4748 10538
803 4688 892 4748 ⁷1).

188 4775 243 4831 p.
282 4763 353 4819 70
380 4763 451 4816 A.
511 4761 635 4795 '7'"
686 4763 1024 4818 ὲσσόκευσαν
1048 4764 1152 4821 Ox.

370 4623 613 4695 κχόῖσιν.
644 4622 907 4695 έκχόησιν
964 4622 1066 4680 Ox.
1131 4625 1219 4681 hic
1275 4635 1327 4681 et
1382 4626 1446 4682 61
1504 4628 1548 4679 Β
1608 4627 1673 4681 ν.
1721 4628 1832 4680 vol.
1903 4625 1945 4689 Ι,

993 4696 1040 4728 ⁸⁵
1063 4696 1430 4766 ,ἀποκλεῖσθαι
1477 4697 1582 4753 0x.
1656 4697 1703 4729 ⁸⁸
1731 4696 1953 4751 δέδωκε.
2005 4688 2223 4747 ’ἔδωκαν
2273 4689 2377 4746 Ch.
2410 4688 2653 4746 Debebat
2681 4691 2942 4760 δέδωκαν,
2967 4710 3093 4766 qua:
3130 4695 3308 4753 forma
3333 4701 3477 4755 rcilit

2001 4639 2058 4693 p.
2089 4620 2160 4678 95
2209 4619 2578 4693 B._Monitum
2617 4621 2842 4693 ilegvitio
2866 4624 3031 4678 etiam
3065 4624 3133 4679 ab
3166 4624 3476 4686 editoribus

1455 4834 1572 4892 Εἰ).
1612 4832 1995 4891 CHILMEADI
2021 4828 2257 4887 NOTJE.

418 4921 769 5002 Ἐδωρήσατο
798 4924 860 5002 τὸ
886 4924 1145 5002 ξοτθικόν
1182 4926 1481 5002 ξυλέλαιον.
1507 4926 1649 5002 Quid
1674 4929 1779 5002 hoc
1813 4931 1854 4985 D
1882 4925 1936 4978 τί
1957 4925 2008 4978 οἱ
2040 4922 2228 5002 Γότθιοι
2255 4921 2498 5002 “Socratica
2530 4923 2636 5002 χρῇ
2648 4941 2792 4995 ματα
2829 4929 2960 5000 παρ’
2987 4928 3143 5000 ὑμῶν
3164 4930 3481 5002 λαμϐάνοι.-

186 4989 474 5058 ξυλέλαιον
522 4989 634 5069 ξῖιί
666 4993 1012 5069 doctioribus
1069 4989 1461 5069 inquirendum
1509 4989 1778 5069 relinqui-

185 5077 304 5117 mus
342 5082 357 5117 :
400 5078 510 5117 nos
542 5061 597 5115 in
620 5062 727 5116 hoc
752 5063 1028 5119 scrutinio
1065 5061 1270 5121 frustra
1301 5066 1486 5122 adhuc
1529 5061 1724 5125 sumus
1763 5086 1777 5122 :

184 5134 523 5206 stipendium
579 5132 874 5206 quoddam
902 5133 1088 5206 fuisse,
1119 5138 1337 5191 videtur
1383 5136 1596 5206 Gothis
1616 5141 1778 5206 pendi

184 5202 427 5276 Solitun).
468 5199 632 5276 Certe
670 5199 1043 5276 Justinianum
1079 5205 1210 5275 imp.
1251 5208 1541 5276 imperium
1568 5199 1778 5263 Rbum~

185 5272 1003 5346 num_Barharis_tribntarium
1038 5272 1260 5339 fecisse,
1291 5272 1486 5333 testem
1531 5278 1779 5346 locuple-

187 5350 285 5415 tent
323 5342 599 5415 habemus
629 5340 998 5410 Procopium,
1038 5348 1245 5402 Arcan.
1287 5347 1417 5402 hist.
1458 5347 1630 5415 idque
1656 5340 1765 5402 Go-

187 5412 292 5488 this
323 5412 965 5488 praetzipuc,_ntap[iarct
997 5432 1062 5470 ex
1091 5415 1254 5470 Petro
1283 5412 1764 5488 patricaE‘xcerpt.

188 5481 247 5535 tle
275 5481 551 5557 legationi.
588 5481 684 5557 ubi
716 5481 1021 5557 Carporum
1057 5481 1447 5555 legatus-apud
1483 5481 1770 5557 Menophi-

186 5564 310 5615 tum,
338 5551 541 5624 Μγείιε
570 5550 789 5624 duceni,
829 5550 1140 5624 introducit
1187 5557 1254 5610 de
1295 5550 1396 5611 huc
1445 5574 1503 5611 re
1532 5550 1770 5624 queren-

192 5625 286 5687 les,
314 5621 583 5691 diemque
615 5621 721 5676 sibi
745 5622 859 5676 fieri
885 5628 1256 5693 posmlantcs,
1281 5627 1369 5682 his
1395 5621 1578 5682 verbis
1613 5645 1624 5680 :
1668 5630 1771 5682 Διὰ

1883 4995 2123 5073 munitm
2155 4994 2317 5073 ἡμεῖς
2350 4994 2413 5044 οὐ
2439 4991 2836 5073 λαμϐάνομενς
2878 4991 2985 5073 cie.
3016 4991 3067 5053 et
3102 4991 3267 5073 paulo
3298 5019 3422 5073 pust
3459 5022 3475 5063 ;

1880 5067 1975 5118 καὶ
2003 5064 2312 5140 δότω-ἡμῖν
2341 5062 2580 5140 τοσαῦτα
2604 5080 2618 5093 ο
2657 5062 2821 5140 ἡμεῖς
2847 5069 2956 5140 γὰρ
2984 5062 3475 5140 κρείττονεςίὲκείέ

1878 5154 1987 5214 νων
2027 5132 2218 5203 ἐσμέν.
2274 5132 2417 5198 Quid
2458 5132 2772 5198 auternfsi
2827 5132 3077 5193 συνέλεὸν
3122 5132 3474 5214 legeremus?

1960 5220 2040 5258 »το
2066 5223 2114 5268 ς.

1879 5205 2545 5347 ξῖἓείῗκιῖπιρῤίψαντες
2591 5276 2733 5343 μετὰ
2779 5277 3041 5347 πλήθους.
3098 5280 3309 5339 Sensus
3364 5287 3470 5341 hoc

1878 5346 2002 5426 loco
2030 5344 2398 5426 imperfectus
2432 5352 2515 5395 est
2552 5363 2565 5397 :
2602 5347 2743 5426 forte
2792 5344 3082 5426 legendum
3109 5354 3415 5426 ἐπέρριψαν
3453 5373 3467 5388 ο

1879 5413 2276 5501 έπιρρξιικαχτες
2305 5413 2597 5501 enim'non
2630 5413 3064 5501 Ιιιιὺςιλῖοειηιηι⁵
3086 5413 3352 5501 cum'qnn
3377 5442 3470 5477 eo-

1881 5483 2105 5539 hmreat.
2135 5483 2409 5564 (Laterum
2461 5483 2776 5564 hujusnunli
2802 5483 3103 5555 ἀσῶταξία
3139 5483 3282 5564 apud
3322 5496 3469 5551 hunc

1880 5559 2176 5609 Auctorem
2204 5552 2523 5622 frequenter
2558 5560 2824 5613 occurrit.

1614 5737 1796 5793 llODll
1831 5735 2064 5794 ΝΟΤίΕ.

254 5827 318 5901 (δ)
348 5827 502 5900 Περὶ
520 5829 575 5884 δὲ
608 5831 717 5885 τῶν
754 5849 920 5903 μαρτ.
975 5829 1168 5885 Exstat
1195 5828 1299 5884 hoc
1339 5828 1621 5885 decretum
1653 5830 1791 5887 Cod.
1834 5832 1917 5885 tit.
1940 5830 2034 5897 ρο,
2074 5832 2202 5888 etin
2235 5833 2493 5889 Basilicis
2525 5832 2621 5886 lib.
2657 5844 2772 5893 xxx,
2817 5829 2904 5884 tit.
2937 5829 2987 5893 1,
3026 5828 3061 5883 l.
3097 5827 3187 5886 59.
