3894 6434
357 381 461 447 647

1615 366 1940 429 JOANNIS
1980 363 2304 425 MALALZE

3486 362 3579 428 64$

352 492 535 563 gladio
594 490 845 560 laqueum
909 484 1258 550 discindens,
1308 498 1377 540 ex
1429 481 1687 537 manibus
1732 494 1924 535 eorum

2048 478 2191 532 πόκον
2250 478 2346 532 καὶ⁸
2398 476 2702 548 ἑξείλησεν,
2749 470 2776 523 ὃ
2824 475 2881 529 δὲ
2920 471 3359 535 Κωνσταντίολος
3396 473 3584 546 ἠνέχθη

352 584 565 647 evasit;
608 579 1049 634 Constantiolmn
1079 590 1214 629 vero
1237 615 1252 640 ,
1296 589 1438 644 equo
1468 587 1785 636 excussum,
1822 571 1926 624 As-

2048 570 2135 622 ιπὸ
2185 569 2281 622 τοῦ
2345 570 2515 622 ἵππου
2575 568 2667 622 ἐπὶ
2692 568 2753 620 τδ
2792 567 2984 636 ἔδαφος
3007 579 3021 595 ⁸
3086 565 3181 618 καὶ
3205 564 3234 617 ὁ
3261 563 3494 634 ’Δσκοὺμ
3534 566 3587 621 δὲ

353 689 588 739 cumque
613 671 860 739 captivos
914 669 1225 722 habuerunt
1266 684 1279 721 :
1314 680 1549 736 quorum
1612 664 1764 717 illtttn
1824 660 1929 714 Ro-

352 776 548 814 manus
583 760 882 826 imperator
916 773 947 809 x
986 757 1229 810 millibus
1288 769 1638 808 nummorum
1673 751 1924 805 redemit.

353 852 555 905 Ascum
585 865 710 906 vero
738 848 1025 911 llunnum,
1060 864 1186 901 cum
1227 844 1478 916 pluribus
1541 844 1666 896 aliis
1715 843 1927 895 manci-

355 945 479 1012 piis.
518 946 571 995 in
595 944 867 1012 regionem
905 954 1062 991 suam
1092 938 1374 1007 captivum
1405 934 1778 990 abduxerunt.
1816 930 1927 986 Pax

354 1031 553 1087 deinde
573 1041 689 1086 erat
718 1029 992 1085 Thracum
1025 1029 1352 1083 ditionibus.

428 1289 625 1347 Eodem
681 1292 802 1356 ipso
858 1301 1105 1359 tempore
1140 1291 1350 1346 delatio
1383 1292 1437 1345 in
1471 1289 1715 1344 Probum
1763 1289 1936 1358 patri-

360 1384 530 1447 cium,
566 1384 920 1452 imperatoris
956 1383 1237 1438 Anastasii
1280 1390 1580 1452 cognatum
1604 1423 1618 1444 ,
1679 1382 1935 1437 instituta

355 1484 476 1536 est;
509 1492 575 1529 eo
612 1475 757 1542 quod
797 1472 1174 1528 Iustinianum
1227 1475 1616 1544 imperatorem
1664 1473 1935 1527 conviciis

354 1565 521 1637 [‘39
550 1567 887 1621 incessisset.
927 1564 1097 1620 Facto
1123 1566 1292 1635 igitur
1334 1580 1503 1634 super
1546 1566 1647 1619 hac
1678 1579 1736 1618 re
1771 1564 1938 1618 silen-

355 1661 429 1712 ιίυ
459 1659 841 1722 conventuali,
889 1673 1124 1727 qumque
1159 1659 1288 1711 ltinc
1319 1657 1448 1711 inde
1480 1658 1534 1711 in
1567 1671 1733 1712 causa
1761 1657 1937 1726 agita—

356 1747 558 1801 bantur
587 1749 639 1801 in
674 1750 874 1818 scripta
905 1750 1119 1813 relatis,
1155 1756 1209 1803 et
1243 1763 1432 1803 coram
1459 1749 1787 1818 imperatore
1815 1763 1939 1817 per-

358 1838 549 1902 lectis;
614 1838 829 1894 Probus
866 1841 1146 1893 communi
1197 1839 1416 1894 concilii
1470 1838 1754 1908 suffragio,
1810 1854 1938 1893 reus

364 1917 747 2002 peragebatur.
793 1931 1065 1986 Caeterum
1097 1931 1426 2000 imperator,
1468 1931 1689 1985 decreta
1723 1929 1779 1983 in
1820 1944 1938 1983 ma-

359 2037 464 2076 nus
505 2037 732 2076 sumens
764 2021 1010 2076 rescidit.
1039 2020 1177 2093 Ego,
1222 2021 1504 2090 inquiens,
1548 2019 1743 2086 Probe,
1792 2019 1939 2089 quod

356 2112 411 2165 in
447 2127 530 2165 tne
561 2113 918 2166 commissum
964 2122 1071 2176 cst,
1110 2112 1340 2182 ignosco
1371 2111 1466 2164 tibi
1500 2130 1513 2165 :
1551 2110 1720 2166 Deum
1754 2111 1941 2181 itaque

358 2220 606 2274 precare,
650 2212 709 2257 ut
743 2205 861 2274 ipse
906 2205 1072 2259 etiam
1106 2204 1206 2257 tibi
1240 2203 1534 2259 condonet.
1561 2201 1718 2267 Quod
1772 2202 1942 2271 impe-

358 2296 560 2351 ratoris
614 2305 798 2355 actum
834 2303 982 2351 totus
1020 2308 1319 2351 consessus
1355 2307 1690 2364 magnopere
1727 2294 1928 2364 prazdi-

357 2387 525 2441 cavit.

432 2477 638 2532 Eodem
680 2486 925 2548 tempore
955 2477 1207 2532 Eulalius
1228 2476 1477 2548 quidam,
1505 2492 1691 2533 comes
1751 2477 1943 2534 dome-

360 2569 657 2635 sticorum,
689 2568 757 2623 de
791 2569 962 2647 divite
993 2583 1201 2638 pauper
1236 2568 1438 2635 factus,
1479 2568 1548 2623 ab
1584 2567 1840 2623 incendio
1890 2569 1944 2623 itt

362 2658 705 2712 habitatione
729 2658 850 2728 ejus
889 2657 1063 2720 facto,
1095 2658 1242 2713 unde
1271 2658 1390 2730 ipse
1425 2672 1553 2713 cum
1588 2658 1767 2714 tribus
1805 2657 1946 2713 libe-

364 2751 444 2805 ris
476 2750 594 2806 suis
620 2750 803 2806 nudus
843 2758 1140 2817 evaserat;
1193 2765 1433 2835 cumque
1467 2736 1676 2806 multus
1711 2760 1859 2806 esset
1890 2749 1946 2804 in

365 2858 475 2897 tere
506 2842 719 2905 alieno,
752 2843 1060 2896 moriturus
1123 2840 1514 2912 impbratorem
1550 2842 1730 2912 ipsum
1774 2843 1948 2898 haere-

365 2932 487 2987 detn
538 2933 664 2997 sibi,
697 2933 750 2985 in
812 2932 926 2985 btec
952 2932 1121 2987 verba
1167 2933 1497 3000 conscripsit
1537 2949 1553 2987 :
1594 2931 1949 2988 Testamento

364 3024 470 3078 hoc
503 3038 624 3077 meo
647 3025 794 3087 volo,
844 3023 1326 3092 religiosissimum
1366 3021 1738 3078 Justinianum
1770 3024 1952 3095 singu-

301 3160 305 3165 .
367 3113 435 3167 ls
471 3112 686 3168 ﬁliabus
719 3115 877 3175 meis,
909 3114 1161 3183 singulos
1185 3128 1283 3183 per
1306 3112 1444 3175 dies.
1493 3128 1562 3166 xv
1592 3113 1746 3168 folles
1775 3129 1948 3170 annu-

366 3218 578 3257 merare
609 3223 621 3255 :
656 3204 747 3256 ubi
800 3220 931 3258 vero
968 3204 1179 3273 justam
1215 3205 1268 3257 itt
1315 3212 1533 3257 aetatem
1585 3202 1942 3271 adoleverint,

365 3294 612 3363 virisque
665 3305 892 3348 maturae
947 3293 1172 3359 fuerint,
1210 3292 1333 3347 auri
1387 3293 1559 3349 libras
1604 3311 1638 3348 x
1679 3311 1776 3365 pro
1824 3296 1949 3351 dote

367 3388 597 3455 singula:
625 3395 683 3440 ut
709 3386 1002 3456 accipiant.
1056 3385 1286 3454 Insuper
1313 3387 1435 3439 volo
1465 3386 1734 3441 hatredem
1767 3403 1947 3443 memn

366 3479 549 3533 debita
587 3493 704 3532 mea
743 3480 925 3531 omnia
962 3476 1332 3532 creditoribus
1369 3477 1703 3547 persolvere.
1742 3476 1947 3535 Deinde

367 3586 497 3625 vero
530 3571 672 3646 diem
710 3585 871 3625 suum
915 3570 1052 3623 obiit
1107 3567 1377 3624 Eulalius.
1425 3567 1600 3639 Hujus
1641 3570 1823 3640 itaque
1873 3583 1949 3627 te-

369 3669 702 3717 stamentum
754 3661 1072 3730 imperatori
1120 3661 1316 3716 detulit
1350 3670 1606 3728 curator;
1649 3664 1737 3717 cui
1783 3666 1947 3717 etiam

369 3753 664 3822 imperator
689 3751 988 3818 mandavit,
1021 3750 1398 3806 lia-retlitatem
1447 3759 1506 3806 ut
1537 3753 1733 3808 adiret.
1779 3754 1953 3807 (Iura—

371 3855 458 3898 tor
489 3847 672 3914 itaque
699 3845 896 3899 Eulalii
937 3844 1082 3898 aedes
1114 3852 1334 3914 petens,
1371 3853 1425 3898 et
1459 3844 1594 3899 inito
1630 3845 1950 3902 facultatum

369 3937 493 4004 ejus
515 3937 784 4004 catalogo,
812 3934 1017 3987 invenit
1045 3950 1170 3987 eum
1199 3933 1253 3987 in
1275 3934 1434 3989 bonis
1459 3951 1583 3990 esse
1606 3935 1673 3989 ad
1708 3936 1951 3993 valoretn

369 4040 531 4078 ntxw
579 4022 744 4095 M0
778 4038 1148 4077 nummorum.
1200 4021 1478 4080 Reversus
1525 4026 1729 4095 itaque,
1776 4025 1951 4081 Justi-

371 4117 595 4171 nianum
621 4117 688 4170 de
711 4116 1036 4169 facultatum
1070 4114 1192 4184 ejus
1220 4114 1605 4178 aestimatione,
1626 4119 1950 4174 sicutetiatn

370 4210 439 4264 de
469 4209 539 4263 iis
585 4223 707 4277 quae
758 4214 1090 4262 testamento
1138 4207 1412 4278 legaverat
1452 4207 1716 4272 Eulalius,
1752 4212 1955 4266 certio-

371 4316 486 4354 rem
518 4300 667 4355 lecit.
714 4298 935 4353 .lubenti
970 4308 1153 4352 autem
1180 4306 1364 4352 autem
1390 4312 1586 4354 rursus
1617 4300 1955 4370 imperatori,

372 4392 742 4446 luereditatem
777 4401 835 4446 ut
870 4393 1070 4456 adiret,
1106 4391 1393 4462 respondit
1446 4389 1800 4449 Macedonius
1849 4412 1946 4449 cu-

2029 661 2361 731 συνελήφθη.
2396 661 2508 712 Καὶ
2536 659 2794 721 λαϐόντες
2822 659 2946 721 τοὺς
2974 656 3068 710 δύο
3096 655 3488 725 αἰχμαλώτους,
3509 660 3591 712 τίον

2034 751 2135 820 μὲν
2180 751 2620 804 Κωνσταντίολον
2677 750 2973 811 ἀνέδωκαν,
3025 748 3281 810 λαϐόντες
3322 750 3467 818 παρὰ
3505 749 3590 801 τοῦ

2032 842 2301 911 βασιλέως
2342 844 2632 911 Ῥωμαίων
2659 845 2971 913 νομίσματα
3004 841 3169 911 μύρια
3196 882 3208 899 .
3241 842 3332 892 καὶ
3380 843 3412 893 ἀ
3446 842 3597 903 ἦλθεν

2031 934 2087 984 ἐν
2119 932 2696 986 Κωνσταντινουπόλει
2722 948 2735 961 ⁶
2785 932 2875 984 τὸν
2918 931 2973 983 δὲ
3008 931 3250 999 Ἀσκοὺμ
3291 930 3380 981 τὸν
3411 924 3599 983 Οὖννον

2033 1025 2412 1093 κρατήσαντες
2464 1024 2826 1092 ἀνεχώρησαν
2886 1022 2980 1073 ἐπὶ
3038 1022 3135 1090 τὴν
3199 1019 3381 1091 χώραν
3432 1022 3603 1074 αὐτῶν

2036 1117 2175 1186 μετὰ
2206 1116 2301 1169 καὶ
2332 1115 2509 1170 ἄλλων
2543 1114 2756 1168 πολλῶν
2786 1111 3149 1182 αἰχμαλώτων
3168 1126 3182 1141 ⁶
3208 1111 3301 1164 καὶ
3327 1112 3604 1180 είρήνευσε
3706 1172 3711 1175 _
3756 1146 3757 1149 η

2032 1208 2216 1261 λοιπὶν
2244 1209 2314 1261 τὰ
2344 1207 2595 1279 Θρᾳκικὰ
2630 1207 2791 1277 μέρη.
2948 1215 2973 1265 κ’
3246 1276 3250 1281 θ

2117 1301 2206 1354 Ἐν
2233 1298 2557 1371 1-171]αὑτῷ
2586 1299 2643 1352 δὲ
2674 1298 2751 1367 τῷ
2782 1298 2958 1367 χρόνῳ
2979 1295 3336 1365 ἡγανακτήθη
3364 1298 3392 1349 ὁ
3421 1297 3611 1368 πατρῖ-
3659 1288 3683 1325 ⁸

2035 1411 2154 1457 κιος
2212 1392 2443 1463 Πρόὸος,
2506 1392 2654 1453 ὅστις
2689 1390 2959 1458 συγγενής
3004 1386 3072 1459 ἦν
3122 1389 3477 1441 Ἀναστασίου
3518 1386 3610 1441 τοῦ

2040 1485 2325 1557 βασιλέως,
2360 1483 2435 1545 ὡς
2463 1481 2786 1552 λοιδορήσας
2812 1480 2904 1532 τὸν
2940 1480 3102 1533 αὑτὸν
3134 1479 3357 1550 βασιλέα
3397 1480 3616 1534 ’1ουστι-

2037 1576 2242 1632 νιανόν.
2269 1573 2381 1628 Kal
2413 1572 2712 1643 γενομένου
2744 1570 3010 1624 σιλεντίου
3046 1569 3352 1639 κομϐἐντου
3387 1569 3496 1641 (ϐκ)
3527 1571 3619 1624 ἐπὶ

2040 1668 2293 1741 πράξεως
2323 1664 2733 1736 ὑπομνημάτων
2767 1664 3077 1734 ἐγγράφως,
3097 1663 3191 1716 καὶ
3228 1662 3341 1715 τῶν
3373 1679 3623 1733 πεπραγ-

2044 1763 2220 1832 μένων
2270 1760 2487 1813 πάντων
2523 1754 3063 1823 ὑπαναγνωσθέντων
3099 1753 3177 1824 τῷ
3221 1752 3439 1822 βασιλεί
3486 1753 3625 1824 μετὰ

2039 1854 2102 1907 τὸ
2144 1850 2471 1921 ἐλεγχθῆναι
2525 1846 2621 1901 τὸν
2672 1846 2838 1900 αὑτὸν
2894 1845 3106 1917 Πρόϐον
3155 1844 3249 1897 ἐπὶ
3300 1843 3487 1898 κοινοῦ
3529 1846 3627 1915 τῆς

2042 1944 2373 2015 συγκλήτου,
2406 1939 2588 1995 λαϐὼν
2617 1939 2646 1992 ὁ
2674 1938 2836 2001 αὐτὸς
2870 1937 3121 2008 βασιλεὺς
3154 1938 3223 1991 τὰ
3256 1938 3632 2007 πεπραγμένα

2042 2039 2284 2109 ἔσχισεν,
2309 2031 2496 2088 ἐἰπὼν
2531 2030 2611 2103 τῷ
2635 2031 2783 2103 αὑτῷ
2818 2030 3015 2101 Πρόϐῳ
3055 2031 3138 2083 ὅτι
3181 2029 3333 2099 Ἐγὼ
3359 2030 3422 2084 τὸ
3455 2030 3635 2103 ἁμάρ-

2041 2145 2193 2200 τημα
2219 2123 2490 2196 συγχωρῶ
2519 2139 2625 2188 σοι,
2668 2121 2696 2174 ὂ
2727 2123 2846 2175 κατ’
2876 2119 3012 2191 ἐμοῦ
3040 2119 3293 2189 ἔπραξας
3319 2136 3331 2147 ·
3361 2116 3515 2185 εὖξαι
3544 2116 3636 2176 οὖν

2043 2220 2132 2274 ἵνα
2156 2220 2250 2272 καὶ
2279 2220 2307 2270 ὁ
2328 2217 2461 2280 Θεὸς
2486 2214 2820 2285 συγχωρήσῃ
2841 2229 2944 2267 σοι.
2972 2212 3081 2266 Καὶ
3104 2212 3402 2285 άνυμνήθη
3425 2216 3454 2267 ὁ
3477 2213 3641 2278 αὐτὸς

2046 2309 2298 2380 βασιλεὺς
2333 2308 2437 2361 ὑπὸ
2464 2308 2561 2376 τῆς
2593 2304 2916 2375 συγκλήτου.
3335 2316 3338 2324 λ

2128 2490 2217 2543 Ἐν
2261 2484 2411 2557 αὑτῷ
2454 2484 2511 2538 δὲ
2554 2482 2631 2551 τῷ
2660 2481 2839 2553 χρόνῳ
2880 2478 3140 2542 Εὑλάλιός
3165 2495 3276 2542 τις,
3309 2476 3497 2549 κόμης
3552 2476 3640 2532 δο-

2051 2580 2324 2655 μεστίκων
2345 2620 2360 2645 ,
2391 2577 2499 2630 ἀπὸ
2530 2576 2778 2646 εὐπόρων
2812 2573 2979 2642 πένης
3008 2570 3305 2641 γενόμενος
3339 2568 3421 2641 τῷ
3453 2570 3642 2642 τρόπῳ

2046 2675 2261 2745 τούτῳο
2314 2666 2654 2741 ἐμπρησμοῦ
2701 2668 2996 2735 γενομένου
3027 2662 3154 2716 ἔνθα
3207 2662 3400 2732 ἔμενε,
3434 2660 3642 2730 γυμνὸς

2049 2768 2219 2837 ἔφυγε
2258 2762 2395 2834 μετὰ
2431 2762 2526 2813 καὶ
2570 2756 2679 2810 τῶν
2707 2755 2876 2828 τριῶν
2906 2753 3072 2807 αὑτοῦ
3097 2753 3310 2807 τέκνων
3350 2769 3365 2783 ’
3389 2753 3496 2806 οὑκ
3535 2752 3645 2806 ὀλί-

2050 2875 2165 2928 γοις
2198 2855 2257 2909 δὲ
2298 2852 2530 2914 δανείοις
2554 2846 2937 2919 ὑποκείμενος,
2979 2845 3074 2898 καὶ
3107 2843 3328 2912 μέλλων
3358 2843 3643 2914 τελευτᾷν,

2050 2949 2317 3021 διαθήκας
2352 2943 2720 3013 συνεστήσατο
2760 2942 2839 3002 είς
2864 2938 2954 2991 τὸν
2986 2937 3149 2991 αὑτὸν
3189 2935 3449 3007 βασιλέα,
3477 2933 3650 2989 εἰπὼν

2054 3045 2112 3096 ἐν
2142 3043 2208 3111 τῇ
2232 3039 2489 3108 διαθήκῃ,
2526 3032 2667 3086 ὥστε
2706 3031 2797 3085 τὸν
2827 3027 3221 3083 εὐσεϐέστατον
3256 3026 3652 3081 Ἰουστινιανδν

1973 3154 2020 3213 c
2056 3132 2366 3204 παρασχεῖν
2394 3130 2514 3190 ταῖς
2547 3126 2708 3195 ὲμαῖς
2732 3120 3069 3213 θυγατράσιν
3109 3120 3441 3213 ἡμερησίας
3467 3119 3518 3213 ⁸ξ
3550 3117 3656 3213 divit

2046 3224 2230 3297 φόλεις
2275 3218 2335 3273 ιε’
2375 3219 2486 3290 (69)
2521 3213 2672 3288 [172]
2703 3214 2797 3267 καὶ
2843 3210 3143 3281 γινομένης
3194 3209 3390 3264 αὑτῶν
3438 3208 3657 3270 τελείας

2043 3315 2266 3390 ἡλικίας
2298 3311 2397 3364 καλ⁸
2424 3307 2729 3379 ὲρχομένας
2774 3304 2868 3357 ἐπὶ
2896 3303 3076 3374 γάμον
3097 3301 3418 3371 λαμϐάνειν
3446 3304 3659 3372 προῖκα

2047 3409 2289 3476 ἑκάστην
2341 3402 2475 3456 δέκα
2519 3400 2744 3471 χρυσίου
2784 3397 3004 3469 λιτρῶν.
3049 3394 3571 3465 Ἀποπληρωθῆναι
3602 3393 3660 3447 δὲ

2045 3497 2291 3557 καὶτοὺς
2315 3494 2483 3565 ἐμοὺς
2506 3490 2791 3551 δανειστὰς
2814 3488 2966 3558 παρὰ
2986 3485 3080 3540 τοῦ
3102 3485 3243 3555 ἐμοῦ
3277 3485 3659 3557 κληρονόμου.

2051 3592 2161 3647 Καὶ
2188 3589 2281 3642 ἐπὶ
2309 3586 2518 3647 τούτοις
2550 3582 2805 3637 ἐτελεύτα
2841 3582 2869 3633 ὁ
2894 3580 3058 3642 αὐτὸς
3100 3578 3379 3642 Εὑλάλιος
3400 3597 3416 3612 ·
3445 3579 3544 3633 καὶ
3572 3580 3666 3633 ἀνο

2049 3676 2251 3751 ηνέχθη
2274 3678 2308 3748 ή
2326 3674 2556 3745 διαθήκη
2576 3672 2665 3747 τῷ⁵
2680 3671 2891 3741 βασιλεῖ
2906 3670 2993 3724 διὰ
3013 3669 3107 3723 τοῦ
3129 3687 3233 3724 κου
3242 3671 3505 3743 ράτωρος
3526 3669 3663 3741 (70).

2051 3771 2165 3824 Kal
2211 3768 2501 3823 ἐκέλευσεν
2548 3764 2712 3818 αὐτὸν
2751 3762 3092 3816 ὑπεισελθεῖν
3146 3764 3219 3834 τῇ
3266 3763 3664 3836 κληρονομία·

2052 3865 2201 3926 ὅστις
2229 3858 2481 3915 ἀπελθὼν
2511 3860 2590 3921 είς
2614 3858 2705 3911 τὸν
2740 3853 2887 3910 οἷκον
2914 3854 3044 3909 ἔνθα
3074 3855 3420 3926 κατέμεινεν
3446 3859 3476 3910 ὁ
3503 3857 3671 3920 αὐτὸς

2054 3953 2334 4015 Εὐλάλιος,
2371 3952 2468 4005 καὶ
2505 3950 2740 4017 ποιήσας
2777 3946 3106 4018 ἀναγραφὴν
3143 3945 3254 4017 τῆς
3299 3946 3673 4009 ὑποστάσεως

2051 4042 2242 4108 αὐτοῦ,
2297 4042 2498 4114 εὑρέθη
2556 4043 2595 4112 fi)
2630 4037 2920 4111 περιουσία
2973 4035 3138 4090 αὐτοῦ
3181 4037 3324 4108 ἄχρι
3384 4036 3675 4108 νομισμά-

2051 4152 2160 4189 των
2193 4132 2330 4204 φξδ’.
2366 4134 2478 4187 Καὶ
2507 4130 2759 4186 ἀπελθὼν
2784 4130 3027 4202 ἀνήγαγε
3059 4127 3139 4197 τῷ
3168 4127 3400 4198 βασιλεῖ
3422 4128 3529 4200 τὴν
3554 4129 3680 4181 δια-

2053 4227 2279 4297 τίμησιν
2304 4226 2403 4292 τῆς
2444 4223 2800 4285 ὑποστάσεως
2829 4221 2924 4275 καὶ
2957 4220 3026 4274 τὰ
3068 4218 3161 4274 ὑπ’
3193 4220 3376 4273 αὐτοῦ
3416 4220 3681 4274 καταλει-

2057 4316 2262 4387 φθέντα
2313 4315 2552 4387 ληγᾶτα.
2606 4313 2719 4367 Καὶ
2752 4311 2928 4367 ταῦτα
2959 4310 3201 4374 ἀκούσας
3242 4314 3273 4365 ὀ
3300 4312 3478 4376 αὐτὸς
3518 4311 3684 4381 βασι-

2058 4409 2185 4473 λεὺς
2210 4408 2496 4479 ἐπιτρέπει
2513 4405 2598 4476 τῷ
2621 4407 2929 4478 κουράτωρι
2959 4403 3290 4474 Μακεδουίῳ
3321 4402 3685 4457 ὑπεισελθεῒν

371 4494 523 4540 rator
583 4485 864 4541 tenuiores
919 4500 1040 4539 esse
1095 4482 1370 4539 demortui
1420 4497 1577 4552 epes,
1622 4500 1786 4553 quam
1839 4505 1942 4557 qua

2067 4502 2135 4570 τῇ
2178 4497 2536 4569 κληρονομίᾳ.
2570 4496 2676 4550 Καὶ
2705 4497 2772 4567 δὴ
2795 4494 2892 4549 τοῦ
2919 4495 3280 4567 κουράτωρος
3310 4495 3688 4559 ἀντειπόντος

1662 4622 1891 4681 VARUE
1931 4630 2338 4691 LECTIONES.

446 4714 492 4747 "
528 4714 838 4786 ἡμερησίας
879 4714 1006 4779 ΟΙι.,
1048 4713 1347 4786 ήμερισίας
1376 4709 1479 4767 Ox.

1627 4822 1735 4880 ΕΙ).
1767 4823 2144 4888 CllILMEADl
2185 4832 2414 4889 ΝΟΤΕ.

448 4920 559 4993 (68)
612 4920 723 4993 Καὶ
768 4919 1065 4991 γενομένου
1098 4917 1370 4993 ’σιλεντίου
1417 4914 1959 4993 κομϐἐντουοευιηιῖ
1998 4924 2041 4978 ι)
2071 4940 2306 4992 genera;
2362 4924 2524 4989 alter,
2566 4922 2667 4993 cui
2716 4923 3000 4992 iuniorum
3046 4924 3501 4983 educandorum
3555 4942 3697 4981 cura

375 4989 485 5062 que
523 4989 626 5046 vox
654 4991 847 5044 Latina
876 4989 960 5046 est
993 5008 1006 5043 :
1046 4989 1343 5062 κόμϐεντος
1366 4995 1448 5041 est
1479 4989 1781 5062 Consentia
1812 5001 1831 5041 :
1861 4990 1950 5062 c_ui

375 5054 439 5116 τὸ
467 5064 738 5115 Σιλέντιον
769 5063 1013 5114 additum
1040 5098 1057 5124 ,
1098 5054 1281 5113 innuit
1325 5065 1659 5111 conventum
1694 5054 1841 5111 hunc
1876 5056 1957 5112 fa-

376 5142 524 5186 ctum
557 5148 679 5186 esse
716 5134 769 5185 in
812 5131 1036 5199 palatio,
1073 5129 1127 5182 in
1160 5127 1510 5198 imperatoris
1546 5126 1824 5199 anteriore
1860 5143 1957 5183 cu-

383 5202 594 5267 biculo,
637 5203 709 5256 ob
753 5196 914 5268 cujus
960 5196 1325 5254 reverentiam
1371 5212 1628 5264 magnum
1663 5196 1743 5268 ibi
1768 5211 1957 5252 serva-

387 5274 550 5327 batur
614 5266 919 5327 silentium.
988 5268 1323 5323 Cubicularii
1399 5268 1603 5336 quibus
1662 5266 1779 5321 haec
1825 5282 1958 5321 cura

389 5342 685 5397 commissa
730 5350 868 5404 erat,
913 5339 1292 5408 Σιλεντιάριοι,
1337 5345 1391 5394 ct
1435 5336 1773 5408 ήσυχοποιοὶ,
1826 5338 1959 5391 dicti

384 5421 533 5467 sinit.
591 5412 726 5466 Vide
767 5410 852 5464 Jo.
906 5409 1110 5481 Meurs.
1165 5407 1413 5464 Glossar.
1461 5416 1516 5461 et
1564 5407 1851 5462 Alemann.
1904 5411 1958 5462 in

378 5483 616 5551 l’rocop.
641 5487 842 5535 Arcan.
863 5495 927 5551 7p.
952 5480 1087 5551 105.

451 5548 578 5618 (69f
613 5548 941 5620 Ἠμερισίας
983 5549 1087 5603 ἀνὰ
1134 5548 1318 5620 φόλεις
1361 5554 1445 5620 ιε’,
1478 5549 1600 5603 Scr.
1633 5548 1957 5618 ήμερεσίας.

378 5617 651 5676 Cancrum
690 5617 973 5676 Cedrcnus
1015 5617 1223 5674 factum
1269 5619 1373 5673 hoc
1414 5617 1809 5690 Justino’jmp.
1864 5621 1964 5671 tri-

384 5694 524 5746 ltuit.

452 5760 566 5830 (70)
593 5760 691 5814 Διὰ
738 5760 833 5813 τοῦ
880 5760 1247 5833 κυυράτωρος.
1280 5760 1611 5815 Curatorum
1654 5759 1763 5815 duo
1800 5766 1959 5813 erant

2058 4995 2362 5067 commissa
2389 5004 2529 5067 erat;
2564 4992 2803 5065 Hesych.
2841 4994 3173 5067 Κουρόιτωρ,
3224 4997 3487 5067 τροφεὺς
3509 5036 3525 5059 ,
3560 5013 3697 5050 παι-

2051 5065 2342 5136 δοκράτωρ
2378 5079 2392 5091 ⁸
2419 5065 2577 5136 alter
2608 5064 2869 5136 erat,_qui
2924 5064 3209 5135 regiarum
3255 5064 3576 5122 domorum
3623 5081 3702 5120 at-

2057 5151 2164 5204 que
2184 5134 2604 5204 possessionum
2638 5134 3023 5201 praifccturam
3061 5136 3292 5191 liabuit°
3328 5136 3503 5192 Unde
3539 5136 3695 5190 infra

2061 5203 2289 5278 legimus
2308 5218 2365 5278 p.
2388 5203 2518 5258 256.
2578 5206 2728 5278 Μηνὶ
2763 5203 2927 5278 Μαίῳ
2978 5204 3294 5278 ἀπεςῲσθη
3324 5210 3639 5278 Ζήμαρχος
3671 5209 3701 5260 ό

2059 5276 2168 5328 ἀπὸ
2219 5275 2498 5344 ἐπάρχων,
2544 5275 2640 5344 καὶ
2675 5274 2968 5344 κουράτωρ
3013 5274 3109 5328 τοῦ
3141 5274 3698 5331 δεσποτικοῦὸῖκου

2058 5345 2168 5397 τῶν
2199 5342 2515 5417 Πλακιδίας.
2543 5342 2725 5399 Hense
2748 5342 2895 5398 Maio
2932 5342 3271 5417 lentare-ltus
3296 5347 3699 5417 cmpra’fectus,

2060 5415 2583 5485 etcuratorrdamus
2642 5417 2898 5485 Angusta:
2957 5415 3230 5470 Placidia:
3283 5415 3701 5472 exauctoratus

2059 5495 2160 5539 est.
2193 5484 2499 5553 Κουράτωρ
2525 5484 2619 5537 τοῦ
2655 5484 2947 5553 βασιλέως,
2992 5486 3081 5539 hic
3117 5486 3319 5543 dictus
3344 5496 3477 5552 est;
3523 5500 3702 5552 quem

2063 5566 2251 5624 postea
2273 5556 2438 5607 etiam
2480 5555 2572 5607 τὸν
2604 5553 2900 5624 λογοθέτην
2938 5565 3262 5624 vocarunt;
3312 5564 3379 5610 ut
3428 5570 3500 5610 ex
3548 5554 3703 5607 Har-

2063 5625 2581 5695 mennpulo‘notaut
2607 5626 2711 5678 viri
2749 5625 2916 5680 docti.
2966 5625 3149 5694 Atque
3192 5626 3289 5682 hic
3322 5639 3442 5692 est,
3482 5625 3558 5680 de
3584 5640 3704 5695 quo

2064 5700 2165 5750 hoc
2194 5692 2315 5748 loco
2345 5692 2554 5748 Auctor
2581 5702 2792 5751 noster.
