  <div class='ocr_page' id='page_1' title='image "/cluster/home/n/w/nwhite01/storage/ocr_20150623/97/coo.31924054870013/349.png"; bbox 0 0 3894 6428; ppageno 0'>
   <div class='ocr_carea' id='block_1_1' title="bbox 429 334 527 399">
    <p class='ocr_par' dir='ltr' id='par_1_1' title="bbox 429 334 527 399">
     <span class='ocr_line' id='line_1_1' title="bbox 429 334 527 399; baseline -0.02 0"><span class='ocrx_word' id='word_1_1' title='bbox 429 334 527 399; x_wconf 70' lang='lat'><strong>6.2-1</strong></span> 
     </span>
    </p>
   </div>
   <div class='ocr_carea' id='block_1_2' title="bbox 1729 336 2411 403">
    <p class='ocr_par' dir='ltr' id='par_1_2' title="bbox 1729 336 2411 403">
     <span class='ocr_line' id='line_1_2' title="bbox 1729 336 2411 403; baseline 0.009 -6"><span class='ocrx_word' id='word_1_2' title='bbox 1729 336 2051 399; x_wconf 82' lang='lat' dir='ltr'><strong>JOANNIS</strong></span> <span class='ocrx_word' id='word_1_3' title='bbox 2087 338 2411 403; x_wconf 64' lang='lat' dir='ltr'><strong>MALALIE</strong></span> 
     </span>
    </p>
   </div>
   <div class='ocr_carea' id='block_1_3' title="bbox 3587 352 3686 418">
    <p class='ocr_par' dir='ltr' id='par_1_3' title="bbox 3587 352 3686 418">
     <span class='ocr_line' id='line_1_3' title="bbox 3587 352 3686 418; baseline 0 -2"><span class='ocrx_word' id='word_1_4' title='bbox 3587 352 3686 418; x_wconf 81' lang='lat'>652</span> 
     </span>
    </p>
   </div>
   <div class='ocr_carea' id='block_1_4' title="bbox 431 431 2012 526">
    <p class='ocr_par' dir='ltr' id='par_1_4' title="bbox 431 431 2012 515">
     <span class='ocr_line' id='line_1_4' title="bbox 431 431 2012 515; baseline 0.001 -14"><span class='ocrx_word' id='word_1_5' title='bbox 431 451 482 502; x_wconf 87' lang='lat' dir='ltr'><strong>in</strong></span> <span class='ocrx_word' id='word_1_6' title='bbox 514 444 790 501; x_wconf 79' lang='lat' dir='ltr'><strong>Romanas</strong></span> <span class='ocrx_word' id='word_1_7' title='bbox 842 445 1051 515; x_wconf 81' lang='lat' dir='ltr'><strong>prodiit</strong></span> <span class='ocrx_word' id='word_1_8' title='bbox 1099 431 1364 503; x_wconf 80' lang='lat' dir='ltr'><strong>ditiones.</strong></span> <span class='ocrx_word' id='word_1_9' title='bbox 1401 443 1572 502; x_wconf 80' lang='lat' dir='ltr'><strong>Xerxi</strong></span> <span class='ocrx_word' id='word_1_10' title='bbox 1593 456 1776 505; x_wconf 87' lang='lat' dir='ltr'><strong>autem</strong></span> <span class='ocrx_word' id='word_1_11' title='bbox 1811 456 1866 503; x_wconf 79' lang='lat' dir='ltr'><strong>et</strong></span> <span class='ocrx_word' id='word_1_12' title='bbox 1896 450 2012 503; x_wconf 86' lang='lat' dir='ltr'><strong>Me-</strong></span> 
     </span>
    </p>
   </div>
   <div class='ocr_carea' id='block_1_5' title="bbox 2120 431 3689 526">
    <p class='ocr_par' dir='ltr' id='par_1_5' title="bbox 2120 449 3689 526">
     <span class='ocr_line' id='line_1_5' title="bbox 2120 449 3689 526; baseline 0.006 -23"><span class='ocrx_word' id='word_1_13' title='bbox 2120 450 2209 504; x_wconf 72' lang='grc' dir='ltr'><strong>ὲπὶ</strong></span> <span class='ocrx_word' id='word_1_14' title='bbox 2235 452 2304 506; x_wconf 78' lang='grc' dir='ltr'>τὰ</span> <span class='ocrx_word' id='word_1_15' title='bbox 2346 449 2638 523; x_wconf 81' lang='grc' dir='ltr'>Ῥωμαϊκά</span> <span class='ocrx_word' id='word_1_16' title='bbox 2669 467 2684 481; x_wconf 75' lang='grc' dir='ltr'><strong>ο</strong></span> <span class='ocrx_word' id='word_1_17' title='bbox 2716 449 2942 522; x_wconf 75' lang='grc' dir='ltr'><strong>ἐξῆλθον</strong></span> <span class='ocrx_word' id='word_1_18' title='bbox 2983 449 3042 504; x_wconf 84' lang='lat' dir='ltr'>6t</span> <span class='ocrx_word' id='word_1_19' title='bbox 3071 450 3212 506; x_wconf 79' lang='grc' dir='ltr'>κατὰ</span> <span class='ocrx_word' id='word_1_20' title='bbox 3241 450 3339 505; x_wconf 78' lang='grc' dir='ltr'>τοῦ</span> <span class='ocrx_word' id='word_1_21' title='bbox 3388 454 3571 526; x_wconf 84' lang='grc' dir='ltr'>Μέραν</span> <span class='ocrx_word' id='word_1_22' title='bbox 3599 460 3689 512; x_wconf 81' lang='grc' dir='ltr'>καὶ</span> 
     </span>
    </p>
   </div>
   <div class='ocr_carea' id='block_1_6' title="bbox 432 537 2006 606">
    <p class='ocr_par' dir='ltr' id='par_1_6' title="bbox 432 537 2006 606">
     <span class='ocr_line' id='line_1_6' title="bbox 432 537 2006 606; baseline 0.003 -15"><span class='ocrx_word' id='word_1_23' title='bbox 432 556 525 594; x_wconf 81' lang='lat' dir='ltr'><strong>ran</strong></span> <span class='ocrx_word' id='word_1_24' title='bbox 564 540 618 594; x_wconf 89' lang='lat' dir='ltr'><strong>in</strong></span> <span class='ocrx_word' id='word_1_25' title='bbox 669 552 963 593; x_wconf 83' lang='lat' dir='ltr'><strong>occursum</strong></span> <span class='ocrx_word' id='word_1_26' title='bbox 1019 537 1240 593; x_wconf 80' lang='lat' dir='ltr'><strong>ivcrunt</strong></span> <span class='ocrx_word' id='word_1_27' title='bbox 1278 537 1528 595; x_wconf 86' lang='lat' dir='ltr'><strong>Damasci</strong></span> <span class='ocrx_word' id='word_1_28' title='bbox 1555 537 1736 594; x_wconf 78' lang='lat' dir='ltr'><strong>exdux</strong></span> <span class='ocrx_word' id='word_1_29' title='bbox 1776 539 2006 606; x_wconf 84' lang='lat' dir='ltr'><strong>Cuztis,</strong></span> 
     </span>
    </p>
   </div>
   <div class='ocr_carea' id='block_1_7' title="bbox 433 629 2008 698">
    <p class='ocr_par' dir='ltr' id='par_1_7' title="bbox 433 629 2008 698">
     <span class='ocr_line' id='line_1_7' title="bbox 433 629 2008 698; baseline 0.004 -17"><span class='ocrx_word' id='word_1_30' title='bbox 433 630 690 685; x_wconf 60' lang='lat' dir='ltr'><strong>i’italiani</strong></span> <span class='ocrx_word' id='word_1_31' title='bbox 736 630 883 685; x_wconf 82' lang='lat' dir='ltr'><strong>ﬁlius</strong></span> <span class='ocrx_word' id='word_1_32' title='bbox 910 630 993 682; x_wconf 86' lang='lat' dir='ltr'><strong>vir</strong></span> <span class='ocrx_word' id='word_1_33' title='bbox 1029 629 1514 696; x_wconf 87' lang='lat' dir='ltr'><strong>bellicosissimus,</strong></span> <span class='ocrx_word' id='word_1_34' title='bbox 1542 640 1597 686; x_wconf 87' lang='lat' dir='ltr'><strong>et</strong></span> <span class='ocrx_word' id='word_1_35' title='bbox 1626 631 2008 698; x_wconf 88' lang='lat' dir='ltr'><strong>Sebastianus,</strong></span> 
     </span>
    </p>
   </div>
   <div class='ocr_carea' id='block_1_8' title="bbox 430 721 2011 794">
    <p class='ocr_par' dir='ltr' id='par_1_8' title="bbox 430 721 2011 794">
     <span class='ocr_line' id='line_1_8' title="bbox 430 721 2011 794; baseline 0.004 -23"><span class='ocrx_word' id='word_1_36' title='bbox 430 724 604 794; x_wconf 77' lang='grc' dir='ltr'>ι-ορίἰε</span> <span class='ocrx_word' id='word_1_37' title='bbox 662 721 920 777; x_wconf 85' lang='lat' dir='ltr'><strong>lsauricis</strong></span> <span class='ocrx_word' id='word_1_38' title='bbox 952 721 1213 778; x_wconf 91' lang='lat' dir='ltr'><strong>instructi</strong></span> <span class='ocrx_word' id='word_1_39' title='bbox 1244 739 1258 788; x_wconf 91' lang='lat'><strong>;</strong></span> <span class='ocrx_word' id='word_1_40' title='bbox 1311 722 1612 779; x_wconf 61' lang='lat' dir='ltr'><strong>Phoenicia</strong></span> <span class='ocrx_word' id='word_1_41' title='bbox 1654 723 1817 778; x_wconf 89' lang='lat' dir='ltr'><strong>etiam</strong></span> <span class='ocrx_word' id='word_1_42' title='bbox 1852 724 1972 779; x_wconf 69' lang='lat' dir='ltr'><strong>.dux</strong></span> <span class='ocrx_word' id='word_1_43' title='bbox 1996 766 2011 789; x_wconf 91' lang='lat'><strong>,</strong></span> 
     </span>
    </p>
   </div>
   <div class='ocr_carea' id='block_1_9' title="bbox 430 814 2012 885">
    <p class='ocr_par' dir='ltr' id='par_1_9' title="bbox 430 814 2012 885">
     <span class='ocr_line' id='line_1_9' title="bbox 430 814 2012 885; baseline 0.002 -18"><span class='ocrx_word' id='word_1_44' title='bbox 430 814 775 874; x_wconf 86' lang='lat' dir='ltr'><strong>Procliauus.</strong></span> <span class='ocrx_word' id='word_1_45' title='bbox 808 830 933 869; x_wconf 89' lang='lat' dir='ltr'><strong>cum</strong></span> <span class='ocrx_word' id='word_1_46' title='bbox 968 814 1175 869; x_wconf 78' lang='lat' dir='ltr'><strong>Basilio</strong></span> <span class='ocrx_word' id='word_1_47' title='bbox 1205 815 1407 869; x_wconf 92' lang='lat' dir='ltr'><strong>comite</strong></span> <span class='ocrx_word' id='word_1_48' title='bbox 1435 834 1448 867; x_wconf 86' lang='lat'>:</span> <span class='ocrx_word' id='word_1_49' title='bbox 1491 823 1689 885; x_wconf 66' lang='lat' dir='ltr'><strong>praeter</strong></span> <span class='ocrx_word' id='word_1_50' title='bbox 1719 816 1821 869; x_wconf 87' lang='lat' dir='ltr'><strong>hos</strong></span> <span class='ocrx_word' id='word_1_51' title='bbox 1845 817 2012 870; x_wconf 88' lang='lat' dir='ltr'><strong>etiam</strong></span> 
     </span>
    </p>
   </div>
   <div class='ocr_carea' id='block_1_10' title="bbox 430 905 2009 979">
    <p class='ocr_par' dir='ltr' id='par_1_10' title="bbox 430 905 2009 979">
     <span class='ocr_line' id='line_1_10' title="bbox 430 905 2009 979; baseline 0.001 -20"><span class='ocrx_word' id='word_1_52' title='bbox 430 908 621 962; x_wconf 84' lang='lat' dir='ltr'><strong>aderat</strong></span> <span class='ocrx_word' id='word_1_53' title='bbox 663 906 965 963; x_wconf 88' lang='lat' dir='ltr'><strong>Belisarius</strong></span> <span class='ocrx_word' id='word_1_54' title='bbox 1010 915 1065 961; x_wconf 83' lang='lat' dir='ltr'><strong>et</strong></span> <span class='ocrx_word' id='word_1_55' title='bbox 1117 906 1279 979; x_wconf 62' lang='lat' dir='ltr'><strong>M2</strong></span> <span class='ocrx_word' id='word_1_56' title='bbox 1336 905 1628 978; x_wconf 87' lang='lat' dir='ltr'><strong>Tapharas</strong></span> <span class='ocrx_word' id='word_1_57' title='bbox 1688 908 2009 978; x_wconf 80' lang='lat' dir='ltr'><strong>pltylarcha.</strong></span> 
     </span>
    </p>
   </div>
   <div class='ocr_carea' id='block_1_11' title="bbox 427 1000 2015 1072">
    <p class='ocr_par' dir='ltr' id='par_1_11' title="bbox 427 1000 2015 1072">
     <span class='ocr_line' id='line_1_11' title="bbox 427 1000 2015 1072; baseline -0.002 -17"><span class='ocrx_word' id='word_1_58' title='bbox 427 1000 712 1072; x_wconf 75' lang='lat' dir='ltr'><strong>&#39;l’apliaras</strong></span> <span class='ocrx_word' id='word_1_59' title='bbox 755 1015 887 1055; x_wconf 85' lang='lat' dir='ltr'><strong>vero</strong></span> <span class='ocrx_word' id='word_1_60' title='bbox 931 1014 1074 1070; x_wconf 88' lang='lat' dir='ltr'><strong>equo</strong></span> <span class='ocrx_word' id='word_1_61' title='bbox 1133 1000 1478 1070; x_wconf 87' lang='lat' dir='ltr'><strong>impingente</strong></span> <span class='ocrx_word' id='word_1_62' title='bbox 1520 1014 1798 1055; x_wconf 83' lang='lat' dir='ltr'><strong>excussus</strong></span> <span class='ocrx_word' id='word_1_63' title='bbox 1844 1001 2015 1053; x_wconf 92' lang='lat' dir='ltr'><strong>inter-</strong></span> 
     </span>
    </p>
   </div>
   <div class='ocr_carea' id='block_1_12' title="bbox 429 1090 2013 1161">
    <p class='ocr_par' dir='ltr' id='par_1_12' title="bbox 429 1090 2013 1161">
     <span class='ocr_line' id='line_1_12' title="bbox 429 1090 2013 1161; baseline -0.002 -14"><span class='ocrx_word' id='word_1_64' title='bbox 429 1094 605 1149; x_wconf 79' lang='lat' dir='ltr'><strong>fectus</strong></span> <span class='ocrx_word' id='word_1_65' title='bbox 665 1100 786 1148; x_wconf 86' lang='lat' dir='ltr'><strong>est:</strong></span> <span class='ocrx_word' id='word_1_66' title='bbox 845 1092 1013 1149; x_wconf 86' lang='lat' dir='ltr'><strong>simili</strong></span> <span class='ocrx_word' id='word_1_67' title='bbox 1047 1092 1215 1146; x_wconf 84' lang='lat' dir='ltr'><strong>etiam</strong></span> <span class='ocrx_word' id='word_1_68' title='bbox 1252 1090 1416 1146; x_wconf 92' lang='lat' dir='ltr'><strong>modo</strong></span> <span class='ocrx_word' id='word_1_69' title='bbox 1450 1092 1616 1161; x_wconf 90' lang='lat' dir='ltr'><strong>periit</strong></span> <span class='ocrx_word' id='word_1_70' title='bbox 1651 1100 1706 1146; x_wconf 88' lang='lat' dir='ltr'><strong>et</strong></span> <span class='ocrx_word' id='word_1_71' title='bbox 1764 1090 2013 1145; x_wconf 85' lang='lat' dir='ltr'><strong>Proelia-</strong></span> 
     </span>
    </p>
   </div>
   <div class='ocr_carea' id='block_1_13' title="bbox 428 1181 2013 1253">
    <p class='ocr_par' dir='ltr' id='par_1_13' title="bbox 428 1181 2013 1253">
     <span class='ocr_line' id='line_1_13' title="bbox 428 1181 2013 1253; baseline -0.001 -16"><span class='ocrx_word' id='word_1_72' title='bbox 428 1200 554 1239; x_wconf 86' lang='lat' dir='ltr'><strong>nus.</strong></span> <span class='ocrx_word' id='word_1_73' title='bbox 620 1182 991 1239; x_wconf 71' lang='lat' dir='ltr'><strong>Sebastianus</strong></span> <span class='ocrx_word' id='word_1_74' title='bbox 1043 1193 1096 1236; x_wconf 89' lang='lat' dir='ltr'><strong>et</strong></span> <span class='ocrx_word' id='word_1_75' title='bbox 1147 1181 1386 1253; x_wconf 76' lang='lat' dir='ltr'><strong>Basilius</strong></span> <span class='ocrx_word' id='word_1_76' title='bbox 1440 1183 1509 1237; x_wconf 88' lang='lat' dir='ltr'><strong>ab</strong></span> <span class='ocrx_word' id='word_1_77' title='bbox 1563 1183 1814 1238; x_wconf 76' lang='lat' dir='ltr'><strong>hostibus</strong></span> <span class='ocrx_word' id='word_1_78' title='bbox 1850 1183 2013 1253; x_wconf 83' lang='lat' dir='ltr'><strong>-capti</strong></span> 
     </span>
    </p>
   </div>
   <div class='ocr_carea' id='block_1_14' title="bbox 431 1274 2015 1343">
    <p class='ocr_par' dir='ltr' id='par_1_14' title="bbox 431 1274 2015 1343">
     <span class='ocr_line' id='line_1_14' title="bbox 431 1274 2015 1343; baseline -0.001 -11"><span class='ocrx_word' id='word_1_79' title='bbox 431 1287 601 1332; x_wconf 87' lang='lat' dir='ltr'><strong>sunt:</strong></span> <span class='ocrx_word' id='word_1_80' title='bbox 654 1276 849 1332; x_wconf 72' lang='lat' dir='ltr'><strong>Custis</strong></span> <span class='ocrx_word' id='word_1_81' title='bbox 898 1275 1106 1338; x_wconf 89' lang='lat' dir='ltr'><strong>etiam,</strong></span> <span class='ocrx_word' id='word_1_82' title='bbox 1140 1274 1368 1329; x_wconf 77' lang='lat' dir='ltr'><strong>vulnere</strong></span> <span class='ocrx_word' id='word_1_83' title='bbox 1408 1282 1675 1343; x_wconf 77' lang='lat' dir='ltr'><strong>accepto,</strong></span> <span class='ocrx_word' id='word_1_84' title='bbox 1705 1274 1760 1328; x_wconf 89' lang='lat' dir='ltr'><strong>in</strong></span> <span class='ocrx_word' id='word_1_85' title='bbox 1820 1290 2015 1330; x_wconf 86' lang='lat' dir='ltr'><strong>manus</strong></span> 
     </span>
    </p>
   </div>
   <div class='ocr_carea' id='block_1_15' title="bbox 433 1366 2013 1437">
    <p class='ocr_par' dir='ltr' id='par_1_15' title="bbox 433 1366 2013 1437">
     <span class='ocr_line' id='line_1_15' title="bbox 433 1366 2013 1437; baseline -0.003 -12"><span class='ocrx_word' id='word_1_86' title='bbox 433 1370 678 1427; x_wconf 90' lang='lat' dir='ltr'><strong>hostium</strong></span> <span class='ocrx_word' id='word_1_87' title='bbox 705 1369 932 1425; x_wconf 84' lang='lat' dir='ltr'><strong>devenit</strong></span> <span class='ocrx_word' id='word_1_88' title='bbox 958 1384 973 1422; x_wconf 91' lang='lat'><strong>:</strong></span> <span class='ocrx_word' id='word_1_89' title='bbox 1003 1374 1269 1423; x_wconf 73' lang='lat' dir='ltr'><strong>caeterum</strong></span> <span class='ocrx_word' id='word_1_90' title='bbox 1310 1366 1616 1423; x_wconf 84' lang='lat' dir='ltr'><strong>Belisarius</strong></span> <span class='ocrx_word' id='word_1_91' title='bbox 1656 1366 1782 1437; x_wconf 80' lang='lat' dir='ltr'><strong>fuga</strong></span> <span class='ocrx_word' id='word_1_92' title='bbox 1814 1368 2013 1423; x_wconf 84' lang='lat' dir='ltr'><strong>evasit.</strong></span> 
     </span>
    </p>
   </div>
   <div class='ocr_carea' id='block_1_16' title="bbox 431 1456 2014 1534">
    <p class='ocr_par' dir='ltr' id='par_1_16' title="bbox 431 1456 2014 1534">
     <span class='ocr_line' id='line_1_16' title="bbox 431 1456 2014 1534; baseline -0.002 -18"><span class='ocrx_word' id='word_1_93' title='bbox 431 1463 732 1534; x_wconf 82' lang='lat' dir='ltr'><strong>Imperator</strong></span> <span class='ocrx_word' id='word_1_94' title='bbox 778 1464 962 1515; x_wconf 90' lang='lat' dir='ltr'><strong>autem</strong></span> <span class='ocrx_word' id='word_1_95' title='bbox 1005 1456 1393 1524; x_wconf 79' lang='lat' dir='ltr'><strong>Justinianus,</strong></span> <span class='ocrx_word' id='word_1_96' title='bbox 1442 1459 1534 1514; x_wconf 88' lang='lat' dir='ltr'><strong>ubi</strong></span> <span class='ocrx_word' id='word_1_97' title='bbox 1581 1458 1699 1514; x_wconf 66' lang='lat' dir='ltr'><strong>htec</strong></span> <span class='ocrx_word' id='word_1_98' title='bbox 1732 1457 2014 1524; x_wconf 87' lang='lat' dir='ltr'><strong>audisset,</strong></span> 
     </span>
    </p>
   </div>
   <div class='ocr_carea' id='block_1_17' title="bbox 428 1549 2016 1627">
    <p class='ocr_par' dir='ltr' id='par_1_17' title="bbox 428 1549 2016 1627">
     <span class='ocr_line' id='line_1_17' title="bbox 428 1549 2016 1627; baseline -0.003 -18"><span class='ocrx_word' id='word_1_99' title='bbox 428 1554 639 1627; x_wconf 91' lang='lat' dir='ltr'><strong>ingenti</strong></span> <span class='ocrx_word' id='word_1_100' title='bbox 674 1555 757 1608; x_wconf 88' lang='lat' dir='ltr'><strong>ira</strong></span> <span class='ocrx_word' id='word_1_101' title='bbox 798 1560 1120 1609; x_wconf 89' lang='lat' dir='ltr'><strong>commotus</strong></span> <span class='ocrx_word' id='word_1_102' title='bbox 1144 1560 1255 1607; x_wconf 88' lang='lat' dir='ltr'><strong>est.</strong></span> <span class='ocrx_word' id='word_1_103' title='bbox 1292 1549 1400 1607; x_wconf 90' lang='lat' dir='ltr'><strong>Sed</strong></span> <span class='ocrx_word' id='word_1_104' title='bbox 1432 1552 1601 1607; x_wconf 88' lang='lat' dir='ltr'><strong>etiam</strong></span> <span class='ocrx_word' id='word_1_105' title='bbox 1629 1567 1697 1606; x_wconf 83' lang='lat' dir='ltr'><strong>ex</strong></span> <span class='ocrx_word' id='word_1_106' title='bbox 1723 1552 2016 1607; x_wconf 83' lang='lat' dir='ltr'><strong>Persarum</strong></span> 
     </span>
    </p>
   </div>
   <div class='ocr_carea' id='block_1_18' title="bbox 423 1643 2019 1718">
    <p class='ocr_par' dir='ltr' id='par_1_18' title="bbox 423 1643 2019 1718">
     <span class='ocr_line' id='line_1_18' title="bbox 423 1643 2019 1718; baseline -0.003 -15"><span class='ocrx_word' id='word_1_107' title='bbox 423 1662 649 1718; x_wconf 85' lang='lat' dir='ltr'><strong>quoque</strong></span> <span class='ocrx_word' id='word_1_108' title='bbox 677 1645 915 1701; x_wconf 84' lang='lat' dir='ltr'><strong>ducibus</strong></span> <span class='ocrx_word' id='word_1_109' title='bbox 945 1651 1002 1700; x_wconf 90' lang='lat' dir='ltr'><strong>et</strong></span> <span class='ocrx_word' id='word_1_110' title='bbox 1023 1644 1274 1700; x_wconf 81' lang='lat' dir='ltr'><strong>exercitu</strong></span> <span class='ocrx_word' id='word_1_111' title='bbox 1297 1684 1312 1710; x_wconf 93' lang='lat'><strong>,</strong></span> <span class='ocrx_word' id='word_1_112' title='bbox 1360 1644 1686 1699; x_wconf 84' lang='lat' dir='ltr'><strong>ceciderunt</strong></span> <span class='ocrx_word' id='word_1_113' title='bbox 1721 1643 2019 1715; x_wconf 88' lang='lat' dir='ltr'><strong>quamplu-</strong></span> 
     </span>
    </p>
   </div>
   <div class='ocr_carea' id='block_1_19' title="bbox 425 1735 1777 1808">
    <p class='ocr_par' dir='ltr' id='par_1_19' title="bbox 425 1735 1777 1808">
     <span class='ocr_line' id='line_1_19' title="bbox 425 1735 1777 1808; baseline -0.004 -15"><span class='ocrx_word' id='word_1_114' title='bbox 425 1741 552 1796; x_wconf 90' lang='lat' dir='ltr'><strong>rimi</strong></span> <span class='ocrx_word' id='word_1_115' title='bbox 580 1756 596 1806; x_wconf 92' lang='lat'><strong>;</strong></span> <span class='ocrx_word' id='word_1_116' title='bbox 622 1737 841 1793; x_wconf 64' lang='lat' dir='ltr'><strong>caeteris</strong></span> <span class='ocrx_word' id='word_1_117' title='bbox 870 1737 1153 1808; x_wconf 74' lang='lat' dir='ltr'><strong>regionem</strong></span> <span class='ocrx_word' id='word_1_118' title='bbox 1181 1749 1340 1791; x_wconf 88' lang='lat' dir='ltr'><strong>suam</strong></span> <span class='ocrx_word' id='word_1_119' title='bbox 1376 1735 1777 1805; x_wconf 78' lang='lat' dir='ltr'><strong>repetentibus.</strong></span> 
     </span>
    </p>
   </div>
   <div class='ocr_carea' id='block_1_20' title="bbox 493 1806 2090 1900">
    <p class='ocr_par' dir='ltr' id='par_1_20' title="bbox 493 1806 2090 1900">
     <span class='ocr_line' id='line_1_20' title="bbox 493 1806 2090 1900; baseline 0 -15"><span class='ocrx_word' id='word_1_120' title='bbox 493 1832 671 1887; x_wconf 88' lang='lat' dir='ltr'><strong>Porro</strong></span> <span class='ocrx_word' id='word_1_121' title='bbox 704 1806 1007 1900; x_wconf 82' lang='lat' dir='ltr'><strong>imperator</strong></span> <span class='ocrx_word' id='word_1_122' title='bbox 1035 1843 1103 1884; x_wconf 80' lang='lat' dir='ltr'><strong>ex</strong></span> <span class='ocrx_word' id='word_1_123' title='bbox 1134 1828 1464 1900; x_wconf 87' lang='lat' dir='ltr'><strong>proceribus</strong></span> <span class='ocrx_word' id='word_1_124' title='bbox 1510 1828 1628 1883; x_wconf 86' lang='lat' dir='ltr'><strong>suis</strong></span> <span class='ocrx_word' id='word_1_125' title='bbox 1664 1842 1695 1881; x_wconf 87' lang='lat' dir='ltr'><strong>a</strong></span> <span class='ocrx_word' id='word_1_126' title='bbox 1738 1825 2015 1885; x_wconf 73' lang='lat' dir='ltr'><strong>Constan—</strong></span> <span class='ocrx_word' id='word_1_127' title='bbox 2047 1806 2090 1862; x_wconf 75' lang='grc' dir='ltr'>Β</span> 
     </span>
    </p>
   </div>
   <div class='ocr_carea' id='block_1_21' title="bbox 424 1916 2014 1996">
    <p class='ocr_par' dir='ltr' id='par_1_21' title="bbox 424 1916 2014 1996">
     <span class='ocr_line' id='line_1_21' title="bbox 424 1916 2014 1996; baseline -0.005 -18"><span class='ocrx_word' id='word_1_128' title='bbox 424 1925 655 1996; x_wconf 91' lang='lat' dir='ltr'><strong>tinopoli</strong></span> <span class='ocrx_word' id='word_1_129' title='bbox 688 1924 743 1978; x_wconf 91' lang='lat' dir='ltr'><strong>in</strong></span> <span class='ocrx_word' id='word_1_130' title='bbox 775 1921 1060 1978; x_wconf 82' lang='lat' dir='ltr'><strong>Orientem</strong></span> <span class='ocrx_word' id='word_1_131' title='bbox 1094 1920 1279 1975; x_wconf 84' lang='lat' dir='ltr'><strong>emisit</strong></span> <span class='ocrx_word' id='word_1_132' title='bbox 1306 1917 1579 1990; x_wconf 89' lang='lat' dir='ltr'><strong>quosdam</strong></span> <span class='ocrx_word' id='word_1_133' title='bbox 1603 1958 1618 1983; x_wconf 89' lang='lat'><strong>,</strong></span> <span class='ocrx_word' id='word_1_134' title='bbox 1653 1918 1747 1988; x_wconf 91' lang='lat' dir='ltr'><strong>qui</strong></span> <span class='ocrx_word' id='word_1_135' title='bbox 1780 1916 2014 1971; x_wconf 86' lang='lat' dir='ltr'><strong>urbibus</strong></span> 
     </span>
    </p>
   </div>
   <div class='ocr_carea' id='block_1_22' title="bbox 424 2009 2012 2088">
    <p class='ocr_par' dir='ltr' id='par_1_22' title="bbox 424 2009 2012 2088">
     <span class='ocr_line' id='line_1_22' title="bbox 424 2009 2012 2088; baseline -0.004 -18"><span class='ocrx_word' id='word_1_136' title='bbox 424 2017 496 2073; x_wconf 87' lang='lat' dir='ltr'><strong>ibi</strong></span> <span class='ocrx_word' id='word_1_137' title='bbox 532 2015 915 2088; x_wconf 87' lang='lat' dir='ltr'><strong>prospicerent</strong></span> <span class='ocrx_word' id='word_1_138' title='bbox 942 2032 956 2070; x_wconf 89' lang='lat'><strong>:</strong></span> <span class='ocrx_word' id='word_1_139' title='bbox 981 2029 1048 2069; x_wconf 85' lang='lat' dir='ltr'><strong>ex</strong></span> <span class='ocrx_word' id='word_1_140' title='bbox 1072 2012 1280 2083; x_wconf 87' lang='lat' dir='ltr'><strong>quibus</strong></span> <span class='ocrx_word' id='word_1_141' title='bbox 1306 2010 1505 2066; x_wconf 83' lang='lat' dir='ltr'><strong>Amida</strong></span> <span class='ocrx_word' id='word_1_142' title='bbox 1536 2011 1775 2076; x_wconf 87' lang='lat' dir='ltr'><strong>Platoni,</strong></span> <span class='ocrx_word' id='word_1_143' title='bbox 1803 2009 2012 2065; x_wconf 86' lang='lat' dir='ltr'><strong>Edessa</strong></span> 
     </span>
    </p>
   </div>
   <div class='ocr_carea' id='block_1_23' title="bbox 422 2104 2010 2178">
    <p class='ocr_par' dir='ltr' id='par_1_23' title="bbox 422 2104 2010 2178">
     <span class='ocr_line' id='line_1_23' title="bbox 422 2104 2010 2178; baseline -0.005 -14"><span class='ocrx_word' id='word_1_144' title='bbox 422 2108 717 2166; x_wconf 82' lang='lat' dir='ltr'><strong>Theodoro</strong></span> <span class='ocrx_word' id='word_1_145' title='bbox 743 2106 1036 2178; x_wconf 86' lang='lat' dir='ltr'><strong>patriciis;</strong></span> <span class='ocrx_word' id='word_1_146' title='bbox 1067 2105 1382 2161; x_wconf 82' lang='lat' dir='ltr'><strong>Alexandro</strong></span> <span class='ocrx_word' id='word_1_147' title='bbox 1418 2116 1627 2168; x_wconf 86' lang='lat' dir='ltr'><strong>autem,</strong></span> <span class='ocrx_word' id='word_1_148' title='bbox 1665 2104 1838 2159; x_wconf 85' lang='lat' dir='ltr'><strong>llierii</strong></span> <span class='ocrx_word' id='word_1_149' title='bbox 1875 2104 2010 2168; x_wconf 86' lang='lat' dir='ltr'><strong>ﬁlio,</strong></span> 
     </span>
    </p>
   </div>
   <div class='ocr_carea' id='block_1_24' title="bbox 427 2196 2014 2271">
    <p class='ocr_par' dir='ltr' id='par_1_24' title="bbox 427 2196 2014 2271">
     <span class='ocr_line' id='line_1_24' title="bbox 427 2196 2014 2271; baseline -0.006 -13"><span class='ocrx_word' id='word_1_150' title='bbox 427 2204 657 2269; x_wconf 66' lang='lat' dir='ltr'><strong>Bercta,</strong></span> <span class='ocrx_word' id='word_1_151' title='bbox 705 2201 1034 2271; x_wconf 68' lang='lat' dir='ltr'><strong>ueterisque</strong></span> <span class='ocrx_word' id='word_1_152' title='bbox 1073 2200 1231 2264; x_wconf 90' lang='lat' dir='ltr'><strong>aliis,</strong></span> <span class='ocrx_word' id='word_1_153' title='bbox 1278 2197 1547 2253; x_wconf 90' lang='lat' dir='ltr'><strong>Surorum</strong></span> <span class='ocrx_word' id='word_1_154' title='bbox 1600 2198 1734 2254; x_wconf 92' lang='lat' dir='ltr'><strong>urbs</strong></span> <span class='ocrx_word' id='word_1_155' title='bbox 1780 2206 1836 2251; x_wconf 92' lang='lat' dir='ltr'><strong>et</strong></span> <span class='ocrx_word' id='word_1_156' title='bbox 1866 2196 2014 2251; x_wconf 88' lang='lat' dir='ltr'><strong>Con-</strong></span> 
     </span>
    </p>
   </div>
   <div class='ocr_carea' id='block_1_25' title="bbox 426 2291 2013 2365">
    <p class='ocr_par' dir='ltr' id='par_1_25' title="bbox 426 2291 2013 2365">
     <span class='ocr_line' id='line_1_25' title="bbox 426 2291 2013 2365; baseline -0.004 -14"><span class='ocrx_word' id='word_1_157' title='bbox 426 2296 675 2352; x_wconf 82' lang='lat' dir='ltr'><strong>stantina</strong></span> <span class='ocrx_word' id='word_1_158' title='bbox 706 2297 927 2353; x_wconf 63' lang='lat' dir='ltr'><strong>tuendae</strong></span> <span class='ocrx_word' id='word_1_159' title='bbox 973 2303 1292 2352; x_wconf 88' lang='lat' dir='ltr'><strong>cesserunt.</strong></span> <span class='ocrx_word' id='word_1_160' title='bbox 1326 2293 1533 2349; x_wconf 81' lang='lat' dir='ltr'><strong>Eodem</strong></span> <span class='ocrx_word' id='word_1_161' title='bbox 1569 2300 1824 2365; x_wconf 89' lang='lat' dir='ltr'><strong>tempore</strong></span> <span class='ocrx_word' id='word_1_162' title='bbox 1848 2291 2013 2347; x_wconf 81' lang='lat' dir='ltr'><strong>Pom-</strong></span> 
     </span>
    </p>
   </div>
   <div class='ocr_carea' id='block_1_26' title="bbox 425 2384 2008 2459">
    <p class='ocr_par' dir='ltr' id='par_1_26' title="bbox 425 2384 2008 2459">
     <span class='ocr_line' id='line_1_26' title="bbox 425 2384 2008 2459; baseline -0.003 -17"><span class='ocrx_word' id='word_1_163' title='bbox 425 2387 549 2457; x_wconf 88' lang='lat' dir='ltr'><strong>pius</strong></span> <span class='ocrx_word' id='word_1_164' title='bbox 597 2387 761 2444; x_wconf 82' lang='lat' dir='ltr'><strong>etiam</strong></span> <span class='ocrx_word' id='word_1_165' title='bbox 818 2386 1126 2459; x_wconf 88' lang='lat' dir='ltr'><strong>patricius,</strong></span> <span class='ocrx_word' id='word_1_166' title='bbox 1186 2402 1317 2442; x_wconf 94' lang='lat' dir='ltr'><strong>cum</strong></span> <span class='ocrx_word' id='word_1_167' title='bbox 1386 2385 1596 2456; x_wconf 76' lang='lat' dir='ltr'><strong>ingenti</strong></span> <span class='ocrx_word' id='word_1_168' title='bbox 1654 2384 2008 2457; x_wconf 82' lang='lat' dir='ltr'><strong>Illyriorum,</strong></span> 
     </span>
    </p>
   </div>
   <div class='ocr_carea' id='block_1_27' title="bbox 423 2476 2006 2553">
    <p class='ocr_par' dir='ltr' id='par_1_27' title="bbox 423 2476 2006 2553">
     <span class='ocr_line' id='line_1_27' title="bbox 423 2476 2006 2553; baseline -0.006 -17"><span class='ocrx_word' id='word_1_169' title='bbox 423 2480 763 2553; x_wconf 87' lang='lat' dir='ltr'><strong>Scytharum</strong></span> <span class='ocrx_word' id='word_1_170' title='bbox 806 2521 823 2546; x_wconf 96' lang='lat'><strong>,</strong></span> <span class='ocrx_word' id='word_1_171' title='bbox 893 2478 1213 2535; x_wconf 89' lang='lat' dir='ltr'><strong>Isaurorum</strong></span> <span class='ocrx_word' id='word_1_172' title='bbox 1290 2477 1684 2548; x_wconf 81' lang='lat' dir='ltr'><strong>Thracumque</strong></span> <span class='ocrx_word' id='word_1_173' title='bbox 1756 2476 2006 2531; x_wconf 75' lang='lat' dir='ltr'><strong>exercitu</strong></span> 
     </span>
    </p>
   </div>
   <div class='ocr_carea' id='block_1_28' title="bbox 421 2568 2011 2643">
    <p class='ocr_par' dir='ltr' id='par_1_28' title="bbox 421 2568 2011 2643">
     <span class='ocr_line' id='line_1_28' title="bbox 421 2568 2011 2643; baseline -0.003 -16"><span class='ocrx_word' id='word_1_174' title='bbox 421 2573 662 2630; x_wconf 86' lang='lat' dir='ltr'><strong>emissus</strong></span> <span class='ocrx_word' id='word_1_175' title='bbox 711 2581 822 2638; x_wconf 88' lang='lat' dir='ltr'><strong>est,</strong></span> <span class='ocrx_word' id='word_1_176' title='bbox 871 2571 973 2628; x_wconf 87' lang='lat' dir='ltr'><strong>sed</strong></span> <span class='ocrx_word' id='word_1_177' title='bbox 1014 2571 1090 2627; x_wconf 91' lang='lat' dir='ltr'><strong>ob</strong></span> <span class='ocrx_word' id='word_1_178' title='bbox 1128 2570 1490 2643; x_wconf 86' lang='lat' dir='ltr'><strong>gravissimas</strong></span> <span class='ocrx_word' id='word_1_179' title='bbox 1529 2585 1652 2641; x_wconf 65' lang='lat' dir='ltr'><strong>quae</strong></span> <span class='ocrx_word' id='word_1_180' title='bbox 1677 2568 2011 2637; x_wconf 77' lang='lat' dir='ltr'><strong>ingruebant</strong></span> 
     </span>
    </p>
   </div>
   <div class='ocr_carea' id='block_1_29' title="bbox 423 2662 2004 2737">
    <p class='ocr_par' dir='ltr' id='par_1_29' title="bbox 423 2662 2004 2737">
     <span class='ocr_line' id='line_1_29' title="bbox 423 2662 2004 2737; baseline -0.001 -20"><span class='ocrx_word' id='word_1_181' title='bbox 423 2665 661 2729; x_wconf 84' lang='lat' dir='ltr'><strong>hiemes,</strong></span> <span class='ocrx_word' id='word_1_182' title='bbox 702 2680 768 2720; x_wconf 78' lang='lat' dir='ltr'><strong>ex</strong></span> <span class='ocrx_word' id='word_1_183' title='bbox 800 2674 966 2737; x_wconf 80' lang='lat' dir='ltr'><strong>pacto</strong></span> <span class='ocrx_word' id='word_1_184' title='bbox 997 2665 1281 2720; x_wconf 85' lang='lat' dir='ltr'><strong>Romanos</strong></span> <span class='ocrx_word' id='word_1_185' title='bbox 1314 2663 1458 2719; x_wconf 88' lang='lat' dir='ltr'><strong>inter</strong></span> <span class='ocrx_word' id='word_1_186' title='bbox 1482 2662 1794 2734; x_wconf 82' lang='lat' dir='ltr'><strong>Persasque</strong></span> <span class='ocrx_word' id='word_1_187' title='bbox 1825 2663 1966 2717; x_wconf 86' lang='lat' dir='ltr'><strong>inito</strong></span> <span class='ocrx_word' id='word_1_188' title='bbox 1988 2702 2004 2728; x_wconf 92' lang='lat'><strong>,</strong></span> 
     </span>
    </p>
   </div>
   <div class='ocr_carea' id='block_1_30' title="bbox 424 2756 1032 2814">
    <p class='ocr_par' dir='ltr' id='par_1_30' title="bbox 424 2756 1032 2814">
     <span class='ocr_line' id='line_1_30' title="bbox 424 2756 1032 2814; baseline 0.003 -4"><span class='ocrx_word' id='word_1_189' title='bbox 424 2756 660 2814; x_wconf 70' lang='lat' dir='ltr'><strong>induciae</strong></span> <span class='ocrx_word' id='word_1_190' title='bbox 688 2756 846 2813; x_wconf 65' lang='lat' dir='ltr'><strong>facta:</strong></span> <span class='ocrx_word' id='word_1_191' title='bbox 881 2766 1032 2814; x_wconf 89' lang='lat' dir='ltr'><strong>sunt.</strong></span> 
     </span>
    </p>
   </div>
   <div class='ocr_carea' id='block_1_31' title="bbox 488 3021 2002 3100">
    <p class='ocr_par' dir='ltr' id='par_1_31' title="bbox 488 3021 2002 3100">
     <span class='ocr_line' id='line_1_31' title="bbox 488 3021 2002 3100; baseline -0.008 -14"><span class='ocrx_word' id='word_1_192' title='bbox 488 3029 729 3100; x_wconf 80' lang='lat' dir='ltr'><strong>Contigit</strong></span> <span class='ocrx_word' id='word_1_193' title='bbox 764 3037 951 3084; x_wconf 86' lang='lat' dir='ltr'><strong>autem</strong></span> <span class='ocrx_word' id='word_1_194' title='bbox 998 3040 1096 3098; x_wconf 90' lang='lat' dir='ltr'><strong>per</strong></span> <span class='ocrx_word' id='word_1_195' title='bbox 1127 3025 1178 3082; x_wconf 91' lang='lat' dir='ltr'><strong>id</strong></span> <span class='ocrx_word' id='word_1_196' title='bbox 1228 3034 1452 3094; x_wconf 87' lang='lat' dir='ltr'><strong>tempus</strong></span> <span class='ocrx_word' id='word_1_197' title='bbox 1488 3021 1846 3077; x_wconf 84' lang='lat' dir='ltr'><strong>Antiochiam</strong></span> <span class='ocrx_word' id='word_1_198' title='bbox 1880 3021 2002 3074; x_wconf 85' lang='lat' dir='ltr'><strong>irati</strong></span> 
     </span>
    </p>
   </div>
   <div class='ocr_carea' id='block_1_32' title="bbox 419 3106 2005 3181">
    <p class='ocr_par' dir='ltr' id='par_1_32' title="bbox 419 3106 2005 3181">
     <span class='ocr_line' id='line_1_32' title="bbox 419 3106 2005 3181; baseline -0.005 -8"><span class='ocrx_word' id='word_1_199' title='bbox 419 3106 675 3175; x_wconf 72' lang='lat' dir='ltr'><strong>Numinis</strong></span> <span class='ocrx_word' id='word_1_200' title='bbox 718 3115 1168 3173; x_wconf 76' lang='lat' dir='ltr'><strong>vicissitudinem</strong></span> <span class='ocrx_word' id='word_1_201' title='bbox 1199 3125 1411 3170; x_wconf 80' lang='lat' dir='ltr'><strong>sextam</strong></span> <span class='ocrx_word' id='word_1_202' title='bbox 1453 3112 1672 3178; x_wconf 87' lang='lat' dir='ltr'><strong>subire,</strong></span> <span class='ocrx_word' id='word_1_203' title='bbox 1715 3128 1812 3181; x_wconf 86' lang='lat' dir='ltr'><strong>per</strong></span> <span class='ocrx_word' id='word_1_204' title='bbox 1841 3112 2005 3165; x_wconf 90' lang='lat' dir='ltr'><strong>unius</strong></span> 
     </span>
    </p>
   </div>
   <div class='ocr_carea' id='block_1_33' title="bbox 419 3206 2079 3282">
    <p class='ocr_par' dir='ltr' id='par_1_33' title="bbox 419 3206 2079 3282">
     <span class='ocr_line' id='line_1_33' title="bbox 419 3206 2079 3282; baseline -0.004 -17"><span class='ocrx_word' id='word_1_205' title='bbox 419 3216 570 3268; x_wconf 67' lang='lat' dir='ltr'><strong>horae</strong></span> <span class='ocrx_word' id='word_1_206' title='bbox 601 3211 846 3282; x_wconf 84' lang='lat' dir='ltr'><strong>spatium</strong></span> <span class='ocrx_word' id='word_1_207' title='bbox 877 3219 1040 3265; x_wconf 68' lang='lat' dir='ltr'><strong>terrae</strong></span> <span class='ocrx_word' id='word_1_208' title='bbox 1069 3207 1411 3264; x_wconf 87' lang='lat' dir='ltr'><strong>tremoribus</strong></span> <span class='ocrx_word' id='word_1_209' title='bbox 1445 3218 1781 3261; x_wconf 85' lang='lat' dir='ltr'><strong>concussam</strong></span> <span class='ocrx_word' id='word_1_210' title='bbox 1817 3222 1831 3258; x_wconf 95' lang='lat'><strong>:</strong></span> <span class='ocrx_word' id='word_1_211' title='bbox 1865 3219 2009 3272; x_wconf 77' lang='lat' dir='ltr'><strong>quos</strong></span> <span class='ocrx_word' id='word_1_212' title='bbox 2038 3206 2079 3223; x_wconf 82' lang='lat'>&quot;</span> 
     </span>
    </p>
   </div>
   <div class='ocr_carea' id='block_1_34' title="bbox 416 3297 2010 3374">
    <p class='ocr_par' dir='ltr' id='par_1_34' title="bbox 416 3297 2010 3374">
     <span class='ocr_line' id='line_1_34' title="bbox 416 3297 2010 3374; baseline -0.006 -13"><span class='ocrx_word' id='word_1_213' title='bbox 416 3304 584 3361; x_wconf 81' lang='lat' dir='ltr'><strong>etiam</strong></span> <span class='ocrx_word' id='word_1_214' title='bbox 618 3304 837 3374; x_wconf 82' lang='lat' dir='ltr'><strong>rugitus</strong></span> <span class='ocrx_word' id='word_1_215' title='bbox 867 3302 1065 3374; x_wconf 89' lang='lat' dir='ltr'><strong>ingens</strong></span> <span class='ocrx_word' id='word_1_216' title='bbox 1113 3301 1405 3355; x_wconf 87' lang='lat' dir='ltr'><strong>insecutus</strong></span> <span class='ocrx_word' id='word_1_217' title='bbox 1458 3306 1582 3362; x_wconf 87' lang='lat' dir='ltr'><strong>est;</strong></span> <span class='ocrx_word' id='word_1_218' title='bbox 1614 3297 2010 3353; x_wconf 85' lang='lat' dir='ltr'><strong>corruentibus</strong></span> 
     </span>
    </p>
   </div>
   <div class='ocr_carea' id='block_1_35' title="bbox 419 3390 2010 3466">
    <p class='ocr_par' dir='ltr' id='par_1_35' title="bbox 419 3390 2010 3466">
     <span class='ocr_line' id='line_1_35' title="bbox 419 3390 2010 3466; baseline -0.005 -14"><span class='ocrx_word' id='word_1_219' title='bbox 419 3397 676 3460; x_wconf 85' lang='lat' dir='ltr'><strong>interim,</strong></span> <span class='ocrx_word' id='word_1_220' title='bbox 718 3411 837 3465; x_wconf 69' lang='lat' dir='ltr'><strong>qua:</strong></span> <span class='ocrx_word' id='word_1_221' title='bbox 866 3410 896 3449; x_wconf 90' lang='lat' dir='ltr'><strong>a</strong></span> <span class='ocrx_word' id='word_1_222' title='bbox 953 3394 1232 3466; x_wconf 86' lang='lat' dir='ltr'><strong>prioribus</strong></span> <span class='ocrx_word' id='word_1_223' title='bbox 1280 3400 1447 3446; x_wconf 64' lang='lat' dir='ltr'><strong>terra:</strong></span> <span class='ocrx_word' id='word_1_224' title='bbox 1487 3390 1734 3445; x_wconf 90' lang='lat' dir='ltr'><strong>motibus</strong></span> <span class='ocrx_word' id='word_1_225' title='bbox 1772 3390 1839 3443; x_wconf 86' lang='lat' dir='ltr'><strong>de</strong></span> <span class='ocrx_word' id='word_1_226' title='bbox 1865 3405 2010 3444; x_wconf 85' lang='lat' dir='ltr'><strong>novo</strong></span> 
     </span>
    </p>
   </div>
   <div class='ocr_carea' id='block_1_36' title="bbox 416 3482 2011 3556">
    <p class='ocr_par' dir='ltr' id='par_1_36' title="bbox 416 3482 2011 3556">
     <span class='ocr_line' id='line_1_36' title="bbox 416 3482 2011 3556; baseline -0.005 -11"><span class='ocrx_word' id='word_1_227' title='bbox 416 3492 660 3546; x_wconf 77' lang='lat' dir='ltr'><strong>excitata</strong></span> <span class='ocrx_word' id='word_1_228' title='bbox 714 3489 977 3554; x_wconf 77' lang='lat' dir='ltr'><strong>fuerant,</strong></span> <span class='ocrx_word' id='word_1_229' title='bbox 1024 3486 1305 3550; x_wconf 79' lang='lat' dir='ltr'><strong>aediliciis,</strong></span> <span class='ocrx_word' id='word_1_230' title='bbox 1352 3485 1607 3549; x_wconf 73' lang='lat' dir='ltr'><strong>mmniis,</strong></span> <span class='ocrx_word' id='word_1_231' title='bbox 1635 3482 1798 3556; x_wconf 60' lang='lat'><strong>5&amp;3</strong></span> <span class='ocrx_word' id='word_1_232' title='bbox 1831 3483 2011 3538; x_wconf 89' lang='lat' dir='ltr'><strong>eccle-</strong></span> 
     </span>
    </p>
   </div>
   <div class='ocr_carea' id='block_1_37' title="bbox 414 3574 2011 3652">
    <p class='ocr_par' dir='ltr' id='par_1_37' title="bbox 414 3574 2011 3652">
     <span class='ocr_line' id='line_1_37' title="bbox 414 3574 2011 3652; baseline -0.006 -16"><span class='ocrx_word' id='word_1_233' title='bbox 414 3582 628 3652; x_wconf 88' lang='lat' dir='ltr'><strong>siisque</strong></span> <span class='ocrx_word' id='word_1_234' title='bbox 680 3578 989 3636; x_wconf 89' lang='lat' dir='ltr'><strong>nonnullis.</strong></span> <span class='ocrx_word' id='word_1_235' title='bbox 1043 3575 1222 3649; x_wconf 84' lang='lat' dir='ltr'><strong>Hujus</strong></span> <span class='ocrx_word' id='word_1_236' title='bbox 1299 3591 1430 3632; x_wconf 86' lang='lat' dir='ltr'><strong>vero</strong></span> <span class='ocrx_word' id='word_1_237' title='bbox 1483 3574 1661 3631; x_wconf 87' lang='lat' dir='ltr'><strong>cladis</strong></span> <span class='ocrx_word' id='word_1_238' title='bbox 1714 3574 1859 3629; x_wconf 80' lang='lat' dir='ltr'><strong>fama</strong></span> <span class='ocrx_word' id='word_1_239' title='bbox 1916 3588 2011 3643; x_wconf 87' lang='lat' dir='ltr'><strong>per</strong></span> 
     </span>
    </p>
   </div>
   <div class='ocr_carea' id='block_1_38' title="bbox 418 3665 2010 3741">
    <p class='ocr_par' dir='ltr' id='par_1_38' title="bbox 418 3665 2010 3741">
     <span class='ocr_line' id='line_1_38' title="bbox 418 3665 2010 3741; baseline -0.006 -12"><span class='ocrx_word' id='word_1_240' title='bbox 418 3673 583 3729; x_wconf 90' lang='lat' dir='ltr'><strong>urbes</strong></span> <span class='ocrx_word' id='word_1_241' title='bbox 653 3688 777 3727; x_wconf 89' lang='lat' dir='ltr'><strong>sese</strong></span> <span class='ocrx_word' id='word_1_242' title='bbox 833 3682 1168 3741; x_wconf 78' lang='lat' dir='ltr'><strong>spargente,</strong></span> <span class='ocrx_word' id='word_1_243' title='bbox 1239 3670 1492 3739; x_wconf 77' lang='lat' dir='ltr'><strong>lugentes</strong></span> <span class='ocrx_word' id='word_1_244' title='bbox 1558 3681 1752 3723; x_wconf 90' lang='lat' dir='ltr'><strong>omnes</strong></span> <span class='ocrx_word' id='word_1_245' title='bbox 1805 3665 2010 3719; x_wconf 89' lang='lat' dir='ltr'><strong>litaniis</strong></span> 
     </span>
    </p>
   </div>
   <div class='ocr_carea' id='block_1_39' title="bbox 419 3756 2012 3833">
    <p class='ocr_par' dir='ltr' id='par_1_39' title="bbox 419 3756 2012 3833">
     <span class='ocr_line' id='line_1_39' title="bbox 419 3756 2012 3833; baseline -0.006 -17"><span class='ocrx_word' id='word_1_246' title='bbox 419 3763 593 3819; x_wconf 85' lang='lat' dir='ltr'><strong>Deum</strong></span> <span class='ocrx_word' id='word_1_247' title='bbox 641 3761 1045 3833; x_wconf 85' lang='lat' dir='ltr'><strong>propitiabant.</strong></span> <span class='ocrx_word' id='word_1_248' title='bbox 1082 3759 1329 3813; x_wconf 85' lang='lat' dir='ltr'><strong>Divinam</strong></span> <span class='ocrx_word' id='word_1_249' title='bbox 1383 3758 1549 3812; x_wconf 86' lang='lat' dir='ltr'><strong>etiam</strong></span> <span class='ocrx_word' id='word_1_250' title='bbox 1599 3756 1740 3811; x_wconf 91' lang='lat' dir='ltr'><strong>iram</strong></span> <span class='ocrx_word' id='word_1_251' title='bbox 1769 3764 2012 3825; x_wconf 71' lang='lat' dir='ltr'><strong>expertm</strong></span> 
     </span>
    </p>
   </div>
   <div class='ocr_carea' id='block_1_40' title="bbox 416 3848 2010 3925">
    <p class='ocr_par' dir='ltr' id='par_1_40' title="bbox 416 3848 2010 3925">
     <span class='ocr_line' id='line_1_40' title="bbox 416 3848 2010 3925; baseline -0.009 -12"><span class='ocrx_word' id='word_1_252' title='bbox 416 3864 548 3913; x_wconf 85' lang='lat' dir='ltr'><strong>sunt</strong></span> <span class='ocrx_word' id='word_1_253' title='bbox 582 3863 767 3925; x_wconf 88' lang='lat' dir='ltr'><strong>partes</strong></span> <span class='ocrx_word' id='word_1_254' title='bbox 800 3854 992 3908; x_wconf 83' lang='lat' dir='ltr'><strong>urbem</strong></span> <span class='ocrx_word' id='word_1_255' title='bbox 1024 3851 1527 3920; x_wconf 79' lang='lat' dir='ltr'><strong>circumjacentes:</strong></span> <span class='ocrx_word' id='word_1_256' title='bbox 1555 3848 1839 3917; x_wconf 86' lang='lat' dir='ltr'><strong>perierunt</strong></span> <span class='ocrx_word' id='word_1_257' title='bbox 1879 3860 2010 3901; x_wconf 88' lang='lat' dir='ltr'><strong>vero</strong></span> 
     </span>
    </p>
   </div>
   <div class='ocr_carea' id='block_1_41' title="bbox 418 3938 2011 4009">
    <p class='ocr_par' dir='ltr' id='par_1_41' title="bbox 418 3938 2011 4009">
     <span class='ocr_line' id='line_1_41' title="bbox 418 3938 2011 4009; baseline -0.004 -8"><span class='ocrx_word' id='word_1_258' title='bbox 418 3949 489 4001; x_wconf 79' lang='lat' dir='ltr'><strong>ab</strong></span> <span class='ocrx_word' id='word_1_259' title='bbox 543 3945 763 4002; x_wconf 84' lang='lat' dir='ltr'><strong>excidio</strong></span> <span class='ocrx_word' id='word_1_260' title='bbox 820 3947 926 3998; x_wconf 89' lang='lat' dir='ltr'><strong>hoc</strong></span> <span class='ocrx_word' id='word_1_261' title='bbox 982 3943 1291 3996; x_wconf 88' lang='lat' dir='ltr'><strong>animarmn</strong></span> <span class='ocrx_word' id='word_1_262' title='bbox 1325 3938 1554 3994; x_wconf 82' lang='lat' dir='ltr'><strong>vmillia</strong></span> <span class='ocrx_word' id='word_1_263' title='bbox 1605 3939 2011 4009; x_wconf 88' lang='lat' dir='ltr'><strong>recipientibus</strong></span> 
     </span>
    </p>
   </div>
   <div class='ocr_carea' id='block_1_42' title="bbox 418 4031 2009 4108">
    <p class='ocr_par' dir='ltr' id='par_1_42' title="bbox 418 4031 2009 4108">
     <span class='ocr_line' id='line_1_42' title="bbox 418 4031 2009 4108; baseline -0.007 -13"><span class='ocrx_word' id='word_1_264' title='bbox 418 4055 542 4095; x_wconf 78' lang='lat' dir='ltr'><strong>sese</strong></span> <span class='ocrx_word' id='word_1_265' title='bbox 565 4081 577 4104; x_wconf 92' lang='lat'><strong>,</strong></span> <span class='ocrx_word' id='word_1_266' title='bbox 614 4038 708 4108; x_wconf 92' lang='lat' dir='ltr'><strong>qui</strong></span> <span class='ocrx_word' id='word_1_267' title='bbox 756 4042 1117 4107; x_wconf 88' lang='lat' dir='ltr'><strong>supererant,</strong></span> <span class='ocrx_word' id='word_1_268' title='bbox 1158 4035 1213 4089; x_wconf 90' lang='lat' dir='ltr'><strong>in</strong></span> <span class='ocrx_word' id='word_1_269' title='bbox 1268 4034 1408 4088; x_wconf 88' lang='lat' dir='ltr'><strong>alias</strong></span> <span class='ocrx_word' id='word_1_270' title='bbox 1440 4033 1606 4087; x_wconf 88' lang='lat' dir='ltr'><strong>urbes</strong></span> <span class='ocrx_word' id='word_1_271' title='bbox 1634 4049 1648 4085; x_wconf 92' lang='lat'><strong>:</strong></span> <span class='ocrx_word' id='word_1_272' title='bbox 1678 4031 1774 4087; x_wconf 87' lang='lat' dir='ltr'><strong>sed</strong></span> <span class='ocrx_word' id='word_1_273' title='bbox 1808 4040 1862 4086; x_wconf 91' lang='lat' dir='ltr'><strong>et</strong></span> <span class='ocrx_word' id='word_1_274' title='bbox 1894 4032 2009 4101; x_wconf 90' lang='lat' dir='ltr'><strong>plu-</strong></span> 
     </span>
    </p>
   </div>
   <div class='ocr_carea' id='block_1_43' title="bbox 416 4124 2014 4195">
    <p class='ocr_par' dir='ltr' id='par_1_43' title="bbox 416 4124 2014 4195">
     <span class='ocr_line' id='line_1_43' title="bbox 416 4124 2014 4195; baseline -0.005 -8"><span class='ocrx_word' id='word_1_275' title='bbox 416 4132 540 4187; x_wconf 89' lang='lat' dir='ltr'><strong>rimi</strong></span> <span class='ocrx_word' id='word_1_276' title='bbox 574 4131 743 4185; x_wconf 90' lang='lat' dir='ltr'><strong>etiam</strong></span> <span class='ocrx_word' id='word_1_277' title='bbox 788 4137 1005 4183; x_wconf 88' lang='lat' dir='ltr'><strong>montes</strong></span> <span class='ocrx_word' id='word_1_278' title='bbox 1049 4126 1423 4181; x_wconf 79' lang='lat' dir='ltr'><strong>incoluerunt.</strong></span> <span class='ocrx_word' id='word_1_279' title='bbox 1478 4126 1610 4193; x_wconf 74' lang='lat' dir='ltr'><strong>Qua:</strong></span> <span class='ocrx_word' id='word_1_280' title='bbox 1638 4124 1858 4195; x_wconf 83' lang='lat' dir='ltr'><strong>quidem</strong></span> <span class='ocrx_word' id='word_1_281' title='bbox 1893 4140 2014 4179; x_wconf 89' lang='lat' dir='ltr'><strong>om-</strong></span> 
     </span>
    </p>
   </div>
   <div class='ocr_carea' id='block_1_44' title="bbox 416 4205 2009 4294">
    <p class='ocr_par' dir='ltr' id='par_1_44' title="bbox 416 4205 2009 4294">
     <span class='ocr_line' id='line_1_44' title="bbox 416 4205 2009 4294; baseline -0.003 -16"><span class='ocrx_word' id='word_1_282' title='bbox 416 4205 506 4279; x_wconf 77' lang='lat' dir='ltr'><strong>nia</strong></span> <span class='ocrx_word' id='word_1_283' title='bbox 529 4266 543 4289; x_wconf 92' lang='lat'><strong>,</strong></span> <span class='ocrx_word' id='word_1_284' title='bbox 579 4224 648 4278; x_wconf 89' lang='lat' dir='ltr'><strong>ab</strong></span> <span class='ocrx_word' id='word_1_285' title='bbox 686 4221 996 4294; x_wconf 67' lang='lat' dir='ltr'><strong>Ephraamio</strong></span> <span class='ocrx_word' id='word_1_286' title='bbox 1028 4220 1348 4291; x_wconf 84' lang='lat' dir='ltr'><strong>patriarcha</strong></span> <span class='ocrx_word' id='word_1_287' title='bbox 1379 4212 1699 4289; x_wconf 86' lang='lat' dir='ltr'><strong>imperatori</strong></span> <span class='ocrx_word' id='word_1_288' title='bbox 1732 4221 2009 4286; x_wconf 89' lang='lat' dir='ltr'><strong>nuntiata,</strong></span> 
     </span>
    </p>
   </div>
   <div class='ocr_carea' id='block_1_45' title="bbox 415 4311 2011 4389">
    <p class='ocr_par' dir='ltr' id='par_1_45' title="bbox 415 4311 2011 4389">
     <span class='ocr_line' id='line_1_45' title="bbox 415 4311 2011 4389; baseline -0.004 -17"><span class='ocrx_word' id='word_1_289' title='bbox 415 4316 706 4389; x_wconf 84' lang='lat' dir='ltr'><strong>Byzantini</strong></span> <span class='ocrx_word' id='word_1_290' title='bbox 760 4314 1175 4386; x_wconf 89' lang='lat' dir='ltr'><strong>quamprimum</strong></span> <span class='ocrx_word' id='word_1_291' title='bbox 1214 4313 1608 4382; x_wconf 89' lang='lat' dir='ltr'><strong>accepissent,</strong></span> <span class='ocrx_word' id='word_1_292' title='bbox 1650 4311 2011 4381; x_wconf 78' lang='lat' dir='ltr'><strong>supplicatio-</strong></span> 
     </span>
    </p>
   </div>
   <div class='ocr_carea' id='block_1_46' title="bbox 416 4405 1544 4479">
    <p class='ocr_par' dir='ltr' id='par_1_46' title="bbox 416 4405 1544 4479">
     <span class='ocr_line' id='line_1_46' title="bbox 416 4405 1544 4479; baseline -0.005 -14"><span class='ocrx_word' id='word_1_293' title='bbox 416 4425 515 4466; x_wconf 89' lang='lat' dir='ltr'><strong>nes</strong></span> <span class='ocrx_word' id='word_1_294' title='bbox 546 4409 662 4466; x_wconf 90' lang='lat' dir='ltr'><strong>Deo</strong></span> <span class='ocrx_word' id='word_1_295' title='bbox 690 4409 893 4464; x_wconf 89' lang='lat' dir='ltr'><strong>multos</strong></span> <span class='ocrx_word' id='word_1_296' title='bbox 922 4423 1022 4479; x_wconf 90' lang='lat' dir='ltr'><strong>per</strong></span> <span class='ocrx_word' id='word_1_297' title='bbox 1056 4406 1177 4464; x_wconf 86' lang='lat' dir='ltr'><strong>dies</strong></span> <span class='ocrx_word' id='word_1_298' title='bbox 1211 4405 1544 4461; x_wconf 81' lang='lat' dir='ltr'><strong>fundebant.</strong></span> 
     </span>
    </p>
   </div>
   <div class='ocr_carea' id='block_1_47' title="bbox 456 4490 2085 4570">
    <p class='ocr_par' dir='ltr' id='par_1_47' title="bbox 456 4490 2085 4570">
     <span class='ocr_line' id='line_1_47' title="bbox 456 4490 2085 4570; baseline -0.001 -19"><span class='ocrx_word' id='word_1_299' title='bbox 456 4500 735 4570; x_wconf 73' lang='lat' dir='ltr'><strong>&#39;tlontigit</strong></span> <span class='ocrx_word' id='word_1_300' title='bbox 813 4490 1001 4554; x_wconf 71' lang='lat' dir='ltr'><strong>autern</strong></span> <span class='ocrx_word' id='word_1_301' title='bbox 1074 4497 1269 4553; x_wconf 88' lang='lat' dir='ltr'><strong>eodem</strong></span> <span class='ocrx_word' id='word_1_302' title='bbox 1346 4503 1593 4565; x_wconf 86' lang='lat' dir='ltr'><strong>tempore</strong></span> <span class='ocrx_word' id='word_1_303' title='bbox 1662 4496 2006 4552; x_wconf 64' lang='lat' dir='ltr'><strong>Laodicatam</strong></span> <span class='ocrx_word' id='word_1_304' title='bbox 2041 4507 2085 4563; x_wconf 80' lang='grc' dir='ltr'>ι)</span> 
     </span>
    </p>
   </div>
   <div class='ocr_carea' id='block_1_48' title="bbox 416 4587 2017 4658">
    <p class='ocr_par' dir='ltr' id='par_1_48' title="bbox 416 4587 2017 4658">
     <span class='ocr_line' id='line_1_48' title="bbox 416 4587 2017 4658; baseline -0.003 -10"><span class='ocrx_word' id='word_1_305' title='bbox 416 4598 582 4648; x_wconf 83' lang='lat' dir='ltr'><strong>etiam</strong></span> <span class='ocrx_word' id='word_1_306' title='bbox 615 4600 776 4646; x_wconf 67' lang='lat' dir='ltr'><strong>terrae</strong></span> <span class='ocrx_word' id='word_1_307' title='bbox 826 4590 1074 4644; x_wconf 90' lang='lat' dir='ltr'><strong>motibus</strong></span> <span class='ocrx_word' id='word_1_308' title='bbox 1116 4598 1231 4642; x_wconf 89' lang='lat' dir='ltr'><strong>tum</strong></span> <span class='ocrx_word' id='word_1_309' title='bbox 1267 4587 1509 4657; x_wconf 86' lang='lat' dir='ltr'><strong>primum</strong></span> <span class='ocrx_word' id='word_1_310' title='bbox 1557 4588 1837 4658; x_wconf 89' lang='lat' dir='ltr'><strong>trepidare</strong></span> <span class='ocrx_word' id='word_1_311' title='bbox 1862 4628 1879 4653; x_wconf 95' lang='lat'><strong>,</strong></span> <span class='ocrx_word' id='word_1_312' title='bbox 1930 4587 2017 4643; x_wconf 85' lang='lat' dir='ltr'><strong>di-</strong></span> 
     </span>
    </p>
   </div>
   <div class='ocr_carea' id='block_1_49' title="bbox 418 4676 2012 4750">
    <p class='ocr_par' dir='ltr' id='par_1_49' title="bbox 418 4676 2012 4750">
     <span class='ocr_line' id='line_1_49' title="bbox 418 4676 2012 4750; baseline -0.001 -15"><span class='ocrx_word' id='word_1_313' title='bbox 418 4681 583 4736; x_wconf 89' lang='lat' dir='ltr'><strong>midia</strong></span> <span class='ocrx_word' id='word_1_314' title='bbox 614 4681 772 4736; x_wconf 88' lang='lat' dir='ltr'><strong>urbis</strong></span> <span class='ocrx_word' id='word_1_315' title='bbox 803 4690 959 4750; x_wconf 87' lang='lat' dir='ltr'><strong>parte</strong></span> <span class='ocrx_word' id='word_1_316' title='bbox 985 4678 1297 4733; x_wconf 85' lang='lat' dir='ltr'><strong>collabente</strong></span> <span class='ocrx_word' id='word_1_317' title='bbox 1317 4718 1332 4741; x_wconf 92' lang='lat'><strong>,</strong></span> <span class='ocrx_word' id='word_1_318' title='bbox 1375 4691 1485 4730; x_wconf 87' lang='lat' dir='ltr'><strong>una</strong></span> <span class='ocrx_word' id='word_1_319' title='bbox 1540 4693 1666 4732; x_wconf 91' lang='lat' dir='ltr'><strong>cum</strong></span> <span class='ocrx_word' id='word_1_320' title='bbox 1697 4676 2012 4733; x_wconf 56' lang='lat' dir='ltr'><strong>Iudaeorum</strong></span> 
     </span>
    </p>
   </div>
   <div class='ocr_carea' id='block_1_50' title="bbox 416 4769 2043 4845">
    <p class='ocr_par' dir='ltr' id='par_1_50' title="bbox 416 4769 2043 4845">
     <span class='ocr_line' id='line_1_50' title="bbox 416 4769 2043 4845; baseline -0.002 -15"><span class='ocrx_word' id='word_1_321' title='bbox 416 4776 737 4845; x_wconf 66' lang='lat' dir='ltr'><strong>synagogis.</strong></span> <span class='ocrx_word' id='word_1_322' title='bbox 791 4773 850 4827; x_wconf 87' lang='lat' dir='ltr'><strong>In</strong></span> <span class='ocrx_word' id='word_1_323' title='bbox 903 4772 1008 4826; x_wconf 90' lang='lat' dir='ltr'><strong>hac</strong></span> <span class='ocrx_word' id='word_1_324' title='bbox 1041 4769 1201 4826; x_wconf 88' lang='lat' dir='ltr'><strong>clade</strong></span> <span class='ocrx_word' id='word_1_325' title='bbox 1250 4769 1539 4841; x_wconf 83' lang='lat' dir='ltr'><strong>perierunt</strong></span> <span class='ocrx_word' id='word_1_326' title='bbox 1587 4787 1660 4826; x_wconf 78' lang='lat' dir='ltr'><strong>vn</strong></span> <span class='ocrx_word' id='word_1_327' title='bbox 1693 4771 2043 4826; x_wconf 87' lang='lat' dir='ltr'><strong>mortalium-</strong></span> 
     </span>
    </p>
   </div>
   <div class='ocr_carea' id='block_1_51' title="bbox 417 4861 2007 4934">
    <p class='ocr_par' dir='ltr' id='par_1_51' title="bbox 417 4861 2007 4934">
     <span class='ocr_line' id='line_1_51' title="bbox 417 4861 2007 4934; baseline -0.002 -15"><span class='ocrx_word' id='word_1_328' title='bbox 417 4866 592 4921; x_wconf 90' lang='lat' dir='ltr'><strong>millia</strong></span> <span class='ocrx_word' id='word_1_329' title='bbox 628 4881 756 4921; x_wconf 89' lang='lat' dir='ltr'><strong>cum</strong></span> <span class='ocrx_word' id='word_1_330' title='bbox 811 4863 1092 4920; x_wconf 86' lang='lat' dir='ltr'><strong>semisse:</strong></span> <span class='ocrx_word' id='word_1_331' title='bbox 1144 4863 1295 4918; x_wconf 88' lang='lat' dir='ltr'><strong>inter</strong></span> <span class='ocrx_word' id='word_1_332' title='bbox 1320 4877 1464 4932; x_wconf 89' lang='lat' dir='ltr'><strong>quos</strong></span> <span class='ocrx_word' id='word_1_333' title='bbox 1495 4861 1849 4918; x_wconf 64' lang='lat' dir='ltr'><strong>Hebraeorum</strong></span> <span class='ocrx_word' id='word_1_334' title='bbox 1884 4865 2007 4934; x_wconf 82' lang='lat' dir='ltr'><strong>plu-</strong></span> 
     </span>
    </p>
   </div>
   <div class='ocr_carea' id='block_1_52' title="bbox 415 4957 2004 5026">
    <p class='ocr_par' dir='ltr' id='par_1_52' title="bbox 415 4957 2004 5026">
     <span class='ocr_line' id='line_1_52' title="bbox 415 4957 2004 5026; baseline -0.001 -13"><span class='ocrx_word' id='word_1_335' title='bbox 415 4959 582 5023; x_wconf 89' lang='lat' dir='ltr'><strong>rimi,</strong></span> <span class='ocrx_word' id='word_1_336' title='bbox 621 4958 1074 5013; x_wconf 80' lang='lat' dir='ltr'><strong>Christianorum</strong></span> <span class='ocrx_word' id='word_1_337' title='bbox 1106 4972 1327 5026; x_wconf 87' lang='lat' dir='ltr'><strong>quoque</strong></span> <span class='ocrx_word' id='word_1_338' title='bbox 1366 4957 1614 5010; x_wconf 86' lang='lat' dir='ltr'><strong>nonnulli</strong></span> <span class='ocrx_word' id='word_1_339' title='bbox 1650 4957 2004 5013; x_wconf 88' lang='lat' dir='ltr'><strong>interierunt.</strong></span> 
     </span>
    </p>
   </div>
   <div class='ocr_carea' id='block_1_53' title="bbox 414 5047 2005 5113">
    <p class='ocr_par' dir='ltr' id='par_1_53' title="bbox 414 5047 2005 5113">
     <span class='ocr_line' id='line_1_53' title="bbox 414 5047 2005 5113; baseline 0.001 -12"><span class='ocrx_word' id='word_1_340' title='bbox 414 5050 857 5104; x_wconf 78' lang='lat' dir='ltr'><strong>Christianorum</strong></span> <span class='ocrx_word' id='word_1_341' title='bbox 908 5064 1038 5104; x_wconf 78' lang='lat' dir='ltr'><strong>vero</strong></span> <span class='ocrx_word' id='word_1_342' title='bbox 1086 5047 1375 5109; x_wconf 56' lang='lat' dir='ltr'><strong>ecclesiae,</strong></span> <span class='ocrx_word' id='word_1_343' title='bbox 1435 5058 1570 5102; x_wconf 89' lang='lat' dir='ltr'><strong>nutu</strong></span> <span class='ocrx_word' id='word_1_344' title='bbox 1628 5049 1860 5113; x_wconf 85' lang='lat' dir='ltr'><strong>divino,</strong></span> <span class='ocrx_word' id='word_1_345' title='bbox 1921 5049 2005 5103; x_wconf 87' lang='lat' dir='ltr'><strong>in-</strong></span> 
     </span>
    </p>
   </div>
   <div class='ocr_carea' id='block_1_54' title="bbox 2114 540 3689 617">
    <p class='ocr_par' dir='ltr' id='par_1_54' title="bbox 2114 540 3689 617">
     <span class='ocr_line' id='line_1_54' title="bbox 2114 540 3689 617; baseline 0.003 -21"><span class='ocrx_word' id='word_1_346' title='bbox 2114 541 2317 614; x_wconf 80' lang='grc' dir='ltr'>Ξέρξου</span> <span class='ocrx_word' id='word_1_347' title='bbox 2352 544 2379 597; x_wconf 99' lang='lat'><strong>6</strong></span> <span class='ocrx_word' id='word_1_348' title='bbox 2408 542 2517 597; x_wconf 78' lang='grc' dir='ltr'><strong>ἀπὸ</strong></span> <span class='ocrx_word' id='word_1_349' title='bbox 2540 541 2750 597; x_wconf 85' lang='grc' dir='ltr'>δουκῶν</span> <span class='ocrx_word' id='word_1_350' title='bbox 2781 540 3076 613; x_wconf 81' lang='grc' dir='ltr'><strong>Δαμασκοῦ</strong></span> <span class='ocrx_word' id='word_1_351' title='bbox 3103 541 3339 607; x_wconf 74' lang='grc' dir='ltr'><strong>Κουζτὶς</strong></span> <span class='ocrx_word' id='word_1_352' title='bbox 3368 542 3515 617; x_wconf 79' lang='grc'><strong>[175]</strong></span> <span class='ocrx_word' id='word_1_353' title='bbox 3544 546 3574 599; x_wconf 85' lang='lat'><strong>6</strong></span> <span class='ocrx_word' id='word_1_354' title='bbox 3599 547 3689 601; x_wconf 86' lang='grc' dir='ltr'><strong>Βι-</strong></span> 
     </span>
    </p>
   </div>
   <div class='ocr_carea' id='block_1_55' title="bbox 2112 634 3692 709">
    <p class='ocr_par' dir='ltr' id='par_1_55' title="bbox 2112 634 3692 709">
     <span class='ocr_line' id='line_1_55' title="bbox 2112 634 3692 709; baseline 0.004 -21"><span class='ocrx_word' id='word_1_355' title='bbox 2112 635 2389 698; x_wconf 78' lang='grc' dir='ltr'>ταλιανοῦ,</span> <span class='ocrx_word' id='word_1_356' title='bbox 2424 636 2563 706; x_wconf 85' lang='grc' dir='ltr'>ἀνὴρ</span> <span class='ocrx_word' id='word_1_357' title='bbox 2599 634 3010 706; x_wconf 75' lang='grc' dir='ltr'><strong>μαχιμώτατος,</strong></span> <span class='ocrx_word' id='word_1_358' title='bbox 3046 635 3142 690; x_wconf 81' lang='grc' dir='ltr'><strong>καὶ</strong></span> <span class='ocrx_word' id='word_1_359' title='bbox 3174 634 3534 700; x_wconf 74' lang='grc' dir='ltr'>Σεϐαστιανδς</span> <span class='ocrx_word' id='word_1_360' title='bbox 3558 640 3692 709; x_wconf 77' lang='grc' dir='ltr'>μετὰ</span> 
     </span>
    </p>
   </div>
   <div class='ocr_carea' id='block_1_56' title="bbox 2089 727 3692 799">
    <p class='ocr_par' dir='ltr' id='par_1_56' title="bbox 2089 727 3692 799">
     <span class='ocr_line' id='line_1_56' title="bbox 2089 727 3692 799; baseline 0.003 -20"><span class='ocrx_word' id='word_1_361' title='bbox 2089 731 2214 797; x_wconf 73' lang='grc' dir='ltr'>στῆς</span> <span class='ocrx_word' id='word_1_362' title='bbox 2264 729 2574 799; x_wconf 80' lang='grc' dir='ltr'>Ἰσαυρικῆς</span> <span class='ocrx_word' id='word_1_363' title='bbox 2626 728 2813 798; x_wconf 63' lang='grc' dir='ltr'>χειρίις</span> <span class='ocrx_word' id='word_1_364' title='bbox 2856 727 2951 782; x_wconf 72' lang='grc' dir='ltr'><strong>καὶ</strong></span> <span class='ocrx_word' id='word_1_365' title='bbox 3004 727 3378 798; x_wconf 80' lang='grc' dir='ltr'>Προκληῖανὺς</span> <span class='ocrx_word' id='word_1_366' title='bbox 3399 729 3445 762; x_wconf 79' lang='grc'><strong>⁸⁸</strong></span> <span class='ocrx_word' id='word_1_367' title='bbox 3495 732 3523 782; x_wconf 92' lang='lat'><strong>6</strong></span> <span class='ocrx_word' id='word_1_368' title='bbox 3572 731 3692 798; x_wconf 79' lang='grc' dir='ltr'>δοὺξ</span> 
     </span>
    </p>
   </div>
   <div class='ocr_carea' id='block_1_57' title="bbox 2117 816 3694 890">
    <p class='ocr_par' dir='ltr' id='par_1_57' title="bbox 2117 816 3694 890">
     <span class='ocr_line' id='line_1_57' title="bbox 2117 816 3694 890; baseline 0.002 -18"><span class='ocrx_word' id='word_1_369' title='bbox 2117 820 2375 890; x_wconf 79' lang='grc' dir='ltr'><strong>Φοινίκης</strong></span> <span class='ocrx_word' id='word_1_370' title='bbox 2398 819 2494 872; x_wconf 73' lang='grc' dir='ltr'><strong>καὶ</strong></span> <span class='ocrx_word' id='word_1_371' title='bbox 2523 818 2800 883; x_wconf 83' lang='grc' dir='ltr'>Βασίλειος</span> <span class='ocrx_word' id='word_1_372' title='bbox 2831 822 2861 872; x_wconf 84' lang='grc' dir='ltr'><strong>ό</strong></span> <span class='ocrx_word' id='word_1_373' title='bbox 2886 819 3083 889; x_wconf 84' lang='grc' dir='ltr'>κόμης.</span> <span class='ocrx_word' id='word_1_374' title='bbox 3113 816 3221 871; x_wconf 83' lang='grc' dir='ltr'>Ἦν</span> <span class='ocrx_word' id='word_1_375' title='bbox 3267 819 3324 872; x_wconf 83' lang='grc' dir='ltr'>δὲ</span> <span class='ocrx_word' id='word_1_376' title='bbox 3353 819 3446 873; x_wconf 72' lang='grc' dir='ltr'>καὶ</span> <span class='ocrx_word' id='word_1_377' title='bbox 3474 819 3694 875; x_wconf 85' lang='grc' dir='ltr'>Βελισά-</span> 
     </span>
    </p>
   </div>
   <div class='ocr_carea' id='block_1_58' title="bbox 2116 910 3695 986">
    <p class='ocr_par' dir='ltr' id='par_1_58' title="bbox 2116 910 3695 986">
     <span class='ocr_line' id='line_1_58' title="bbox 2116 910 3695 986; baseline 0.001 -21"><span class='ocrx_word' id='word_1_378' title='bbox 2116 930 2230 986; x_wconf 91' lang='grc' dir='ltr'>ριος</span> <span class='ocrx_word' id='word_1_379' title='bbox 2277 914 2395 985; x_wconf 81' lang='grc' dir='ltr'>μετ’</span> <span class='ocrx_word' id='word_1_380' title='bbox 2441 912 2624 967; x_wconf 83' lang='grc' dir='ltr'>αὐτῶν</span> <span class='ocrx_word' id='word_1_381' title='bbox 2660 913 2757 965; x_wconf 79' lang='grc' dir='ltr'><strong>καὶ</strong></span> <span class='ocrx_word' id='word_1_382' title='bbox 2800 911 3068 983; x_wconf 65' lang='grc' dir='ltr'>Ταφαρὰς</span> <span class='ocrx_word' id='word_1_383' title='bbox 3101 913 3130 964; x_wconf 88' lang='grc' dir='ltr'>ὁ</span> <span class='ocrx_word' id='word_1_384' title='bbox 3163 910 3459 981; x_wconf 72' lang='grc' dir='ltr'>φύλαρχος.</span> <span class='ocrx_word' id='word_1_385' title='bbox 3506 913 3609 965; x_wconf 75' lang='grc' dir='ltr'><strong>Τοῦ</strong></span> <span class='ocrx_word' id='word_1_386' title='bbox 3639 913 3695 966; x_wconf 79' lang='lat' dir='ltr'>6t</span> 
     </span>
    </p>
   </div>
   <div class='ocr_carea' id='block_1_59' title="bbox 2116 1003 3696 1077">
    <p class='ocr_par' dir='ltr' id='par_1_59' title="bbox 2116 1003 3696 1077">
     <span class='ocr_line' id='line_1_59' title="bbox 2116 1003 3696 1077; baseline 0.002 -18"><span class='ocrx_word' id='word_1_387' title='bbox 2116 1007 2286 1059; x_wconf 82' lang='grc' dir='ltr'>ἵππου</span> <span class='ocrx_word' id='word_1_388' title='bbox 2332 1006 2569 1077; x_wconf 78' lang='grc' dir='ltr'>Ταφαρά</span> <span class='ocrx_word' id='word_1_389' title='bbox 2597 1003 3010 1077; x_wconf 71' lang='grc' dir='ltr'>προσκόψαντος</span> <span class='ocrx_word' id='word_1_390' title='bbox 3043 1004 3391 1074; x_wconf 71' lang='grc' dir='ltr'><strong>κατενεχθεὶς</strong></span> <span class='ocrx_word' id='word_1_391' title='bbox 3409 1006 3454 1037; x_wconf 77' lang='grc'><strong>⁸⁷</strong></span> <span class='ocrx_word' id='word_1_392' title='bbox 3484 1007 3576 1059; x_wconf 72' lang='grc' dir='ltr'>ἐπὶ</span> <span class='ocrx_word' id='word_1_393' title='bbox 3601 1007 3696 1077; x_wconf 80' lang='grc' dir='ltr'>τὴν</span> 
     </span>
    </p>
   </div>
   <div class='ocr_carea' id='block_1_60' title="bbox 2116 1092 3695 1165">
    <p class='ocr_par' dir='ltr' id='par_1_60' title="bbox 2116 1092 3695 1165">
     <span class='ocr_line' id='line_1_60' title="bbox 2116 1092 3695 1165; baseline -0.015 -4"><span class='ocrx_word' id='word_1_394' title='bbox 2116 1092 2221 1163; x_wconf 78' lang='grc' dir='ltr'><strong>γῆν</strong></span> <span class='ocrx_word' id='word_1_395' title='bbox 2262 1094 2497 1164; x_wconf 69' lang='grc' dir='ltr'><strong>ἐσφάγη,</strong></span> <span class='ocrx_word' id='word_1_396' title='bbox 2526 1093 2732 1165; x_wconf 77' lang='grc' dir='ltr'>ὁμοίως</span> <span class='ocrx_word' id='word_1_397' title='bbox 2764 1093 2822 1146; x_wconf 77' lang='grc' dir='ltr'>δὲ</span> <span class='ocrx_word' id='word_1_398' title='bbox 2852 1094 2947 1147; x_wconf 78' lang='grc' dir='ltr'>καὶ</span> <span class='ocrx_word' id='word_1_399' title='bbox 2994 1093 3475 1164; x_wconf 68' lang='grc' dir='ltr'><strong>Προκληῖανόςηο</strong></span> <span class='ocrx_word' id='word_1_400' title='bbox 3528 1096 3695 1152; x_wconf 75' lang='grc' dir='ltr'>Σεδα-</span> 
     </span>
    </p>
   </div>
   <div class='ocr_carea' id='block_1_61' title="bbox 2116 1170 3694 1265">
    <p class='ocr_par' dir='ltr' id='par_1_61' title="bbox 2116 1170 3694 1265">
     <span class='ocr_line' id='line_1_61' title="bbox 2116 1170 3694 1265; baseline 0.005 -29"><span class='ocrx_word' id='word_1_401' title='bbox 2116 1170 2331 1249; x_wconf 74' lang='grc' dir='ltr'>στιανδς</span> <span class='ocrx_word' id='word_1_402' title='bbox 2387 1186 2444 1240; x_wconf 78' lang='grc' dir='ltr'>δὲ</span> <span class='ocrx_word' id='word_1_403' title='bbox 2482 1186 2579 1240; x_wconf 73' lang='grc' dir='ltr'>καὶ</span> <span class='ocrx_word' id='word_1_404' title='bbox 2628 1187 2908 1249; x_wconf 84' lang='grc' dir='ltr'>Βασίλειος</span> <span class='ocrx_word' id='word_1_405' title='bbox 2962 1188 3278 1265; x_wconf 69' lang='grc' dir='ltr'>ἐλήφθησαν</span> <span class='ocrx_word' id='word_1_406' title='bbox 3343 1189 3694 1259; x_wconf 76' lang='grc' dir='ltr'><strong>αἰχμάλωτοι,</strong></span> 
     </span>
    </p>
   </div>
   <div class='ocr_carea' id='block_1_62' title="bbox 2115 1277 3698 1353">
    <p class='ocr_par' dir='ltr' id='par_1_62' title="bbox 2115 1277 3698 1353">
     <span class='ocr_line' id='line_1_62' title="bbox 2115 1277 3698 1353; baseline 0.002 -20"><span class='ocrx_word' id='word_1_407' title='bbox 2115 1277 2351 1343; x_wconf 79' lang='grc' dir='ltr'><strong>Κουξτὶς</strong></span> <span class='ocrx_word' id='word_1_408' title='bbox 2371 1279 2428 1333; x_wconf 83' lang='grc' dir='ltr'>δὲ</span> <span class='ocrx_word' id='word_1_409' title='bbox 2455 1279 2729 1350; x_wconf 77' lang='grc' dir='ltr'>πληγάτος</span> <span class='ocrx_word' id='word_1_410' title='bbox 2758 1281 3053 1351; x_wconf 86' lang='grc' dir='ltr'>γενόμενος</span> <span class='ocrx_word' id='word_1_411' title='bbox 3096 1280 3448 1353; x_wconf 75' lang='grc' dir='ltr'><strong>παρελήφθη,</strong></span> <span class='ocrx_word' id='word_1_412' title='bbox 3479 1282 3698 1337; x_wconf 74' lang='grc' dir='ltr'>Βελισάο</span> 
     </span>
    </p>
   </div>
   <div class='ocr_carea' id='block_1_63' title="bbox 2120 1372 3699 1453">
    <p class='ocr_par' dir='ltr' id='par_1_63' title="bbox 2120 1372 3699 1453">
     <span class='ocr_line' id='line_1_63' title="bbox 2120 1372 3699 1453; baseline 0.004 -30"><span class='ocrx_word' id='word_1_413' title='bbox 2120 1388 2233 1453; x_wconf 88' lang='grc' dir='ltr'>ριος</span> <span class='ocrx_word' id='word_1_414' title='bbox 2276 1372 2334 1425; x_wconf 82' lang='grc' dir='ltr'><strong>δὲ</strong></span> <span class='ocrx_word' id='word_1_415' title='bbox 2370 1376 2516 1444; x_wconf 79' lang='grc' dir='ltr'>φυγῇ</span> <span class='ocrx_word' id='word_1_416' title='bbox 2553 1375 2901 1445; x_wconf 87' lang='grc' dir='ltr'>χρησάμενος</span> <span class='ocrx_word' id='word_1_417' title='bbox 2943 1373 3200 1447; x_wconf 83' lang='grc' dir='ltr'>διεσώθη.</span> <span class='ocrx_word' id='word_1_418' title='bbox 3232 1376 3343 1428; x_wconf 74' lang='grc' dir='ltr'><strong>Καὶ</strong></span> <span class='ocrx_word' id='word_1_419' title='bbox 3382 1375 3699 1447; x_wconf 80' lang='grc' dir='ltr'><strong>ἀπηγγέλθη</strong></span> 
     </span>
    </p>
   </div>
   <div class='ocr_carea' id='block_1_64' title="bbox 2115 1462 3698 1537">
    <p class='ocr_par' dir='ltr' id='par_1_64' title="bbox 2115 1462 3698 1537">
     <span class='ocr_line' id='line_1_64' title="bbox 2115 1462 3698 1537; baseline 0.002 -21"><span class='ocrx_word' id='word_1_420' title='bbox 2115 1462 2184 1516; x_wconf 85' lang='grc' dir='ltr'>τὰ</span> <span class='ocrx_word' id='word_1_421' title='bbox 2225 1463 2493 1533; x_wconf 84' lang='grc' dir='ltr'>γενόμενα</span> <span class='ocrx_word' id='word_1_422' title='bbox 2523 1463 2602 1535; x_wconf 84' lang='grc' dir='ltr'><strong>τῷ</strong></span> <span class='ocrx_word' id='word_1_423' title='bbox 2646 1463 2858 1535; x_wconf 87' lang='grc' dir='ltr'>βασιλεί</span> <span class='ocrx_word' id='word_1_424' title='bbox 2902 1463 3290 1535; x_wconf 83' lang='grc' dir='ltr'>Ἰουστινιανῷ,</span> <span class='ocrx_word' id='word_1_425' title='bbox 3317 1465 3413 1518; x_wconf 68' lang='grc' dir='ltr'>καὶ</span> <span class='ocrx_word' id='word_1_426' title='bbox 3459 1464 3698 1537; x_wconf 75' lang='grc' dir='ltr'><strong>ἐλυπήθη</strong></span> 
     </span>
    </p>
   </div>
   <div class='ocr_carea' id='block_1_65' title="bbox 2117 1554 3695 1628">
    <p class='ocr_par' dir='ltr' id='par_1_65' title="bbox 2117 1554 3695 1628">
     <span class='ocr_line' id='line_1_65' title="bbox 2117 1554 3695 1628; baseline 0.001 -20"><span class='ocrx_word' id='word_1_427' title='bbox 2117 1555 2347 1625; x_wconf 87' lang='grc' dir='ltr'>σφόδρα.</span> <span class='ocrx_word' id='word_1_428' title='bbox 2389 1556 2630 1611; x_wconf 83' lang='grc' dir='ltr'>Ἐπεσον</span> <span class='ocrx_word' id='word_1_429' title='bbox 2669 1556 2729 1611; x_wconf 78' lang='grc' dir='ltr'>δὲ</span> <span class='ocrx_word' id='word_1_430' title='bbox 2768 1558 2866 1611; x_wconf 75' lang='grc' dir='ltr'>καὶ</span> <span class='ocrx_word' id='word_1_431' title='bbox 2898 1557 2965 1610; x_wconf 78' lang='grc' dir='ltr'>ὲκ</span> <span class='ocrx_word' id='word_1_432' title='bbox 3008 1555 3119 1610; x_wconf 85' lang='grc' dir='ltr'><strong>τῶν</strong></span> <span class='ocrx_word' id='word_1_433' title='bbox 3149 1554 3377 1628; x_wconf 81' lang='grc' dir='ltr'>Περσῶν</span> <span class='ocrx_word' id='word_1_434' title='bbox 3408 1556 3695 1627; x_wconf 54' lang='grc' dir='ltr'>στρατηγόν</span> 
     </span>
    </p>
   </div>
   <div class='ocr_carea' id='block_1_66' title="bbox 2119 1647 3669 1727">
    <p class='ocr_par' dir='ltr' id='par_1_66' title="bbox 2119 1647 3669 1727">
     <span class='ocr_line' id='line_1_66' title="bbox 2119 1647 3669 1727; baseline 0.001 -26"><span class='ocrx_word' id='word_1_435' title='bbox 2119 1649 2261 1719; x_wconf 82' lang='grc' dir='ltr'>μετὰ</span> <span class='ocrx_word' id='word_1_436' title='bbox 2293 1648 2549 1727; x_wconf 79' lang='grc' dir='ltr'><strong>βοηθείας</strong></span> <span class='ocrx_word' id='word_1_437' title='bbox 2594 1649 2775 1703; x_wconf 84' lang='grc' dir='ltr'>αὐτῶν</span> <span class='ocrx_word' id='word_1_438' title='bbox 2816 1648 3020 1719; x_wconf 85' lang='grc' dir='ltr'>πολλῆς</span> <span class='ocrx_word' id='word_1_439' title='bbox 3042 1665 3060 1684; x_wconf 80' lang='grc' dir='ltr'><strong>ο</strong></span> <span class='ocrx_word' id='word_1_440' title='bbox 3113 1649 3210 1703; x_wconf 70' lang='grc' dir='ltr'>καὶ</span> <span class='ocrx_word' id='word_1_441' title='bbox 3246 1647 3597 1719; x_wconf 76' lang='grc' dir='ltr'>ὑπέστρεψαν</span> <span class='ocrx_word' id='word_1_442' title='bbox 3623 1649 3669 1702; x_wconf 66' lang='grc' dir='ltr'>ετ</span> 
     </span>
    </p>
   </div>
   <div class='ocr_carea' id='block_1_67' title="bbox 2116 1740 2822 1813">
    <p class='ocr_par' dir='ltr' id='par_1_67' title="bbox 2116 1740 2822 1813">
     <span class='ocr_line' id='line_1_67' title="bbox 2116 1740 2822 1813; baseline 0.003 -18"><span class='ocrx_word' id='word_1_443' title='bbox 2116 1740 2216 1812; x_wconf 78' lang='grc' dir='ltr'><strong>τὴν</strong></span> <span class='ocrx_word' id='word_1_444' title='bbox 2252 1742 2389 1795; x_wconf 86' lang='grc' dir='ltr'>ίδίαν</span> <span class='ocrx_word' id='word_1_445' title='bbox 2409 1741 2588 1797; x_wconf 79' lang='grc' dir='ltr'>αὐτῶν</span> <span class='ocrx_word' id='word_1_446' title='bbox 2614 1741 2822 1813; x_wconf 86' lang='grc' dir='ltr'>χώραν.</span> 
     </span>
    </p>
   </div>
   <div class='ocr_carea' id='block_1_68' title="bbox 2196 1816 3702 1906">
    <p class='ocr_par' dir='ltr' id='par_1_68' title="bbox 2196 1816 3702 1906">
     <span class='ocr_line' id='line_1_68' title="bbox 2196 1816 3702 1906; baseline -0.001 -18"><span class='ocrx_word' id='word_1_447' title='bbox 2196 1833 2451 1905; x_wconf 79' lang='grc' dir='ltr'>Ἐπεμψε</span> <span class='ocrx_word' id='word_1_448' title='bbox 2507 1835 2566 1890; x_wconf 77' lang='grc' dir='ltr'>δὲ</span> <span class='ocrx_word' id='word_1_449' title='bbox 2608 1837 2637 1888; x_wconf 88' lang='lat'><strong>6</strong></span> <span class='ocrx_word' id='word_1_450' title='bbox 2668 1835 2832 1900; x_wconf 77' lang='grc' dir='ltr'>αὐτὸς</span> <span class='ocrx_word' id='word_1_451' title='bbox 2867 1834 3122 1906; x_wconf 80' lang='grc' dir='ltr'>βασιλεὺς</span> <span class='ocrx_word' id='word_1_452' title='bbox 3170 1816 3570 1906; x_wconf 51' lang='grc' dir='ltr'>συγκλητικοὶς</span> <span class='ocrx_word' id='word_1_453' title='bbox 3598 1833 3702 1886; x_wconf 77' lang='grc' dir='ltr'><strong>άπί.</strong></span> 
     </span>
    </p>
   </div>
   <div class='ocr_carea' id='block_1_69' title="bbox 2121 1925 3678 1998">
    <p class='ocr_par' dir='ltr' id='par_1_69' title="bbox 2121 1925 3678 1998">
     <span class='ocr_line' id='line_1_69' title="bbox 2121 1925 3678 1998; baseline 0 -17"><span class='ocrx_word' id='word_1_454' title='bbox 2121 1928 2751 1992; x_wconf 84' lang='grc' dir='ltr'>Κωνσταντινουπόλεως</span> <span class='ocrx_word' id='word_1_455' title='bbox 2771 1927 3063 1998; x_wconf 80' lang='grc' dir='ltr'><strong>φυλάττειν</strong></span> <span class='ocrx_word' id='word_1_456' title='bbox 3087 1925 3189 1991; x_wconf 82' lang='grc' dir='ltr'><strong>τὰς</strong></span> <span class='ocrx_word' id='word_1_457' title='bbox 3215 1927 3403 1989; x_wconf 88' lang='grc' dir='ltr'>πόλεις</span> <span class='ocrx_word' id='word_1_458' title='bbox 3432 1928 3533 1998; x_wconf 78' lang='grc' dir='ltr'><strong>τῆς</strong></span> <span class='ocrx_word' id='word_1_459' title='bbox 3551 1926 3678 1982; x_wconf 74' lang='grc' dir='ltr'>’Λνα</span> 
     </span>
    </p>
   </div>
   <div class='ocr_carea' id='block_1_70' title="bbox 2119 2018 3701 2093">
    <p class='ocr_par' dir='ltr' id='par_1_70' title="bbox 2119 2018 3701 2093">
     <span class='ocr_line' id='line_1_70' title="bbox 2119 2018 3701 2093; baseline 0 -20"><span class='ocrx_word' id='word_1_460' title='bbox 2119 2020 2284 2090; x_wconf 85' lang='grc' dir='ltr'>τολῆς</span> <span class='ocrx_word' id='word_1_461' title='bbox 2314 2020 2455 2092; x_wconf 85' lang='grc' dir='ltr'>μετὰ</span> <span class='ocrx_word' id='word_1_462' title='bbox 2482 2020 2582 2092; x_wconf 84' lang='grc' dir='ltr'>τῆς</span> <span class='ocrx_word' id='word_1_463' title='bbox 2612 2020 2794 2076; x_wconf 80' lang='grc' dir='ltr'>αὐτῶν</span> <span class='ocrx_word' id='word_1_464' title='bbox 2827 2018 3103 2092; x_wconf 76' lang='grc' dir='ltr'>βοηθείας,</span> <span class='ocrx_word' id='word_1_465' title='bbox 3151 2020 3245 2074; x_wconf 82' lang='grc' dir='ltr'><strong>τὸν</strong></span> <span class='ocrx_word' id='word_1_466' title='bbox 3293 2019 3395 2089; x_wconf 79' lang='grc' dir='ltr'>μὲν</span> <span class='ocrx_word' id='word_1_467' title='bbox 3420 2018 3701 2093; x_wconf 71' lang='grc' dir='ltr'>πατρίκιον</span> 
     </span>
    </p>
   </div>
   <div class='ocr_carea' id='block_1_71' title="bbox 2121 2108 3707 2184">
    <p class='ocr_par' dir='ltr' id='par_1_71' title="bbox 2121 2108 3707 2184">
     <span class='ocr_line' id='line_1_71' title="bbox 2121 2108 3707 2184; baseline -0.001 -19"><span class='ocrx_word' id='word_1_468' title='bbox 2121 2111 2386 2168; x_wconf 86' lang='grc' dir='ltr'>Πλάτωνα</span> <span class='ocrx_word' id='word_1_469' title='bbox 2412 2113 2471 2166; x_wconf 75' lang='grc' dir='ltr'><strong>έν</strong></span> <span class='ocrx_word' id='word_1_470' title='bbox 2508 2112 2743 2184; x_wconf 76' lang='grc' dir='ltr'>’Δμηδίᾳ</span> <span class='ocrx_word' id='word_1_471' title='bbox 2765 2114 2832 2178; x_wconf 68' lang='grc' dir='ltr'><strong>θ’,</strong></span> <span class='ocrx_word' id='word_1_472' title='bbox 2877 2111 2970 2165; x_wconf 79' lang='grc' dir='ltr'>τὸν</span> <span class='ocrx_word' id='word_1_473' title='bbox 3010 2111 3068 2164; x_wconf 81' lang='grc' dir='ltr'>δὲ</span> <span class='ocrx_word' id='word_1_474' title='bbox 3092 2111 3372 2181; x_wconf 84' lang='grc' dir='ltr'>Θεόδωρον</span> <span class='ocrx_word' id='word_1_475' title='bbox 3400 2110 3492 2164; x_wconf 76' lang='grc' dir='ltr'><strong>τὸν</strong></span> <span class='ocrx_word' id='word_1_476' title='bbox 3516 2108 3707 2180; x_wconf 85' lang='grc' dir='ltr'>πατρί-</span> 
     </span>
    </p>
   </div>
   <div class='ocr_carea' id='block_1_72' title="bbox 2120 2203 3701 2277">
    <p class='ocr_par' dir='ltr' id='par_1_72' title="bbox 2120 2203 3701 2277">
     <span class='ocr_line' id='line_1_72' title="bbox 2120 2203 3701 2277; baseline -0.001 -19"><span class='ocrx_word' id='word_1_477' title='bbox 2120 2222 2239 2259; x_wconf 89' lang='grc' dir='ltr'>κιον</span> <span class='ocrx_word' id='word_1_478' title='bbox 2267 2206 2327 2258; x_wconf 86' lang='lat' dir='ltr'><strong>tv</strong></span> <span class='ocrx_word' id='word_1_479' title='bbox 2341 2204 2556 2277; x_wconf 74' lang='grc' dir='ltr'>Ἐδέση,</span> <span class='ocrx_word' id='word_1_480' title='bbox 2595 2205 2949 2276; x_wconf 76' lang='grc' dir='ltr'>Ἀλέξανδρον</span> <span class='ocrx_word' id='word_1_481' title='bbox 2967 2204 3027 2259; x_wconf 69' lang='grc' dir='ltr'>δὲ</span> <span class='ocrx_word' id='word_1_482' title='bbox 3058 2205 3151 2259; x_wconf 82' lang='grc' dir='ltr'><strong>τὸν</strong></span> <span class='ocrx_word' id='word_1_483' title='bbox 3183 2203 3380 2274; x_wconf 80' lang='grc' dir='ltr'>Ἵερίου</span> <span class='ocrx_word' id='word_1_484' title='bbox 3409 2205 3469 2258; x_wconf 76' lang='lat' dir='ltr'><strong>tv</strong></span> <span class='ocrx_word' id='word_1_485' title='bbox 3493 2203 3701 2275; x_wconf 77' lang='grc' dir='ltr'>Βεροίᾳ,</span> 
     </span>
    </p>
   </div>
   <div class='ocr_carea' id='block_1_73' title="bbox 2119 2290 3705 2366">
    <p class='ocr_par' dir='ltr' id='par_1_73' title="bbox 2119 2290 3705 2366">
     <span class='ocr_line' id='line_1_73' title="bbox 2119 2290 3705 2366; baseline -0.005 -17"><span class='ocrx_word' id='word_1_486' title='bbox 2119 2296 2217 2350; x_wconf 60' lang='grc' dir='ltr'><strong>καὶ⁸</strong></span> <span class='ocrx_word' id='word_1_487' title='bbox 2249 2295 2441 2359; x_wconf 83' lang='grc' dir='ltr'>ἄλλους</span> <span class='ocrx_word' id='word_1_488' title='bbox 2465 2295 2524 2349; x_wconf 74' lang='grc' dir='ltr'>δὲ</span> <span class='ocrx_word' id='word_1_489' title='bbox 2557 2294 2957 2366; x_wconf 80' lang='grc' dir='ltr'>συγκλητικοὺς</span> <span class='ocrx_word' id='word_1_490' title='bbox 2987 2292 3084 2347; x_wconf 74' lang='grc' dir='ltr'><strong>ἐπὶ</strong></span> <span class='ocrx_word' id='word_1_491' title='bbox 3113 2291 3175 2345; x_wconf 87' lang='grc' dir='ltr'><strong>τδ</strong></span> <span class='ocrx_word' id='word_1_492' title='bbox 3197 2291 3405 2361; x_wconf 83' lang='grc' dir='ltr'>Σοῦρον</span> <span class='ocrx_word' id='word_1_493' title='bbox 3427 2291 3446 2325; x_wconf 76' lang='grc'>⁸</span> <span class='ocrx_word' id='word_1_494' title='bbox 3473 2290 3586 2361; x_wconf 75' lang='grc' dir='ltr'>(τι)</span> <span class='ocrx_word' id='word_1_495' title='bbox 3615 2290 3705 2343; x_wconf 76' lang='grc' dir='ltr'>καὶ</span> 
     </span>
    </p>
   </div>
   <div class='ocr_carea' id='block_1_74' title="bbox 2119 2380 3704 2456">
    <p class='ocr_par' dir='ltr' id='par_1_74' title="bbox 2119 2380 3704 2456">
     <span class='ocr_line' id='line_1_74' title="bbox 2119 2380 3704 2456; baseline -0.004 -15"><span class='ocrx_word' id='word_1_496' title='bbox 2119 2388 2539 2442; x_wconf 82' lang='grc' dir='ltr'>Κωνσταντῖναν</span> <span class='ocrx_word' id='word_1_497' title='bbox 2579 2388 2660 2451; x_wconf 84' lang='grc' dir='ltr'><strong>είς</strong></span> <span class='ocrx_word' id='word_1_498' title='bbox 2685 2387 2749 2441; x_wconf 75' lang='grc' dir='ltr'>τὸ</span> <span class='ocrx_word' id='word_1_499' title='bbox 2789 2384 3083 2456; x_wconf 77' lang='grc' dir='ltr'><strong>φυλάττειν</strong></span> <span class='ocrx_word' id='word_1_500' title='bbox 3108 2385 3209 2448; x_wconf 85' lang='grc' dir='ltr'>τὰς</span> <span class='ocrx_word' id='word_1_501' title='bbox 3254 2382 3467 2446; x_wconf 83' lang='grc' dir='ltr'>πόλεις.</span> <span class='ocrx_word' id='word_1_502' title='bbox 3507 2380 3704 2451; x_wconf 69' lang='grc' dir='ltr'><strong>Ἐπέμα</strong></span> 
     </span>
    </p>
   </div>
   <div class='ocr_carea' id='block_1_75' title="bbox 2118 2473 3703 2552">
    <p class='ocr_par' dir='ltr' id='par_1_75' title="bbox 2118 2473 3703 2552">
     <span class='ocr_line' id='line_1_75' title="bbox 2118 2473 3703 2552; baseline -0.005 -19"><span class='ocrx_word' id='word_1_503' title='bbox 2118 2478 2230 2549; x_wconf 78' lang='grc' dir='ltr'>φθη</span> <span class='ocrx_word' id='word_1_504' title='bbox 2261 2478 2319 2533; x_wconf 71' lang='grc' dir='ltr'>δὲ</span> <span class='ocrx_word' id='word_1_505' title='bbox 2340 2480 2398 2531; x_wconf 84' lang='lat' dir='ltr'><strong>tv</strong></span> <span class='ocrx_word' id='word_1_506' title='bbox 2423 2479 2574 2552; x_wconf 77' lang='grc' dir='ltr'><strong>αὑτῷ</strong></span> <span class='ocrx_word' id='word_1_507' title='bbox 2606 2477 2685 2549; x_wconf 83' lang='grc' dir='ltr'>τῷ</span> <span class='ocrx_word' id='word_1_508' title='bbox 2712 2477 2893 2549; x_wconf 82' lang='grc' dir='ltr'>καιρῷ</span> <span class='ocrx_word' id='word_1_509' title='bbox 2918 2479 3012 2531; x_wconf 79' lang='grc' dir='ltr'>καὶ</span> <span class='ocrx_word' id='word_1_510' title='bbox 3043 2478 3074 2531; x_wconf 89' lang='lat'><strong>6</strong></span> <span class='ocrx_word' id='word_1_511' title='bbox 3101 2474 3395 2542; x_wconf 79' lang='grc' dir='ltr'><strong>πατρίκιος</strong></span> <span class='ocrx_word' id='word_1_512' title='bbox 3424 2473 3703 2543; x_wconf 86' lang='grc' dir='ltr'>Πόμπιος³</span> 
     </span>
    </p>
   </div>
   <div class='ocr_carea' id='block_1_76' title="bbox 2120 2564 3699 2641">
    <p class='ocr_par' dir='ltr' id='par_1_76' title="bbox 2120 2564 3699 2641">
     <span class='ocr_line' id='line_1_76' title="bbox 2120 2564 3699 2641; baseline -0.004 -18"><span class='ocrx_word' id='word_1_513' title='bbox 2120 2569 2259 2641; x_wconf 79' lang='grc' dir='ltr'>μετὰ</span> <span class='ocrx_word' id='word_1_514' title='bbox 2307 2568 2510 2641; x_wconf 86' lang='grc' dir='ltr'>πολλῆς</span> <span class='ocrx_word' id='word_1_515' title='bbox 2564 2569 2845 2641; x_wconf 80' lang='grc' dir='ltr'>βοηθείας,</span> <span class='ocrx_word' id='word_1_516' title='bbox 2875 2568 3015 2640; x_wconf 70' lang='grc' dir='ltr'>ἔχων</span> <span class='ocrx_word' id='word_1_517' title='bbox 3066 2566 3188 2639; x_wconf 83' lang='grc' dir='ltr'>μεθ’</span> <span class='ocrx_word' id='word_1_518' title='bbox 3228 2564 3434 2620; x_wconf 76' lang='grc' dir='ltr'>ἑαυτοῦ</span> <span class='ocrx_word' id='word_1_519' title='bbox 3478 2564 3699 2636; x_wconf 79' lang='grc' dir='ltr'>Ἰλλυρι-</span> 
     </span>
    </p>
   </div>
   <div class='ocr_carea' id='block_1_77' title="bbox 2118 2658 3698 2733">
    <p class='ocr_par' dir='ltr' id='par_1_77' title="bbox 2118 2658 3698 2733">
     <span class='ocr_line' id='line_1_77' title="bbox 2118 2658 3698 2733; baseline -0.004 -15"><span class='ocrx_word' id='word_1_520' title='bbox 2118 2663 2335 2726; x_wconf 81' lang='grc' dir='ltr'>κιανοὺς</span> <span class='ocrx_word' id='word_1_521' title='bbox 2366 2664 2461 2717; x_wconf 73' lang='grc' dir='ltr'>καὶ</span> <span class='ocrx_word' id='word_1_522' title='bbox 2483 2663 2698 2727; x_wconf 83' lang='grc' dir='ltr'>Σκύθας</span> <span class='ocrx_word' id='word_1_523' title='bbox 2725 2663 2822 2717; x_wconf 75' lang='grc' dir='ltr'>καὶ</span> <span class='ocrx_word' id='word_1_524' title='bbox 2854 2660 3135 2733; x_wconf 76' lang='grc' dir='ltr'>Ἰσαύρους</span> <span class='ocrx_word' id='word_1_525' title='bbox 3160 2659 3257 2714; x_wconf 73' lang='grc' dir='ltr'><strong>καὶ</strong></span> <span class='ocrx_word' id='word_1_526' title='bbox 3285 2658 3437 2733; x_wconf 75' lang='grc'><strong>[176]</strong></span> <span class='ocrx_word' id='word_1_527' title='bbox 3464 2658 3698 2731; x_wconf 74' lang='grc' dir='ltr'>Θρᾷκαςο</span> 
     </span>
    </p>
   </div>
   <div class='ocr_carea' id='block_1_78' title="bbox 2116 2747 3701 2822">
    <p class='ocr_par' dir='ltr' id='par_1_78' title="bbox 2116 2747 3701 2822">
     <span class='ocr_line' id='line_1_78' title="bbox 2116 2747 3701 2822; baseline -0.003 -15"><span class='ocrx_word' id='word_1_528' title='bbox 2116 2753 2210 2807; x_wconf 73' lang='grc' dir='ltr'>καὶ</span> <span class='ocrx_word' id='word_1_529' title='bbox 2242 2752 2447 2816; x_wconf 68' lang='grc' dir='ltr'>ἔνδοσις</span> <span class='ocrx_word' id='word_1_530' title='bbox 2471 2753 2689 2822; x_wconf 70' lang='grc' dir='ltr'>ἐγένετο</span> <span class='ocrx_word' id='word_1_531' title='bbox 2709 2750 2807 2806; x_wconf 79' lang='grc' dir='ltr'>τοῦ</span> <span class='ocrx_word' id='word_1_532' title='bbox 2838 2750 3075 2822; x_wconf 78' lang='grc' dir='ltr'>πολέμου</span> <span class='ocrx_word' id='word_1_533' title='bbox 3107 2750 3250 2804; x_wconf 79' lang='grc' dir='ltr'>κατὰ</span> <span class='ocrx_word' id='word_1_534' title='bbox 3278 2747 3535 2815; x_wconf 78' lang='grc' dir='ltr'>σύνταξιν</span> <span class='ocrx_word' id='word_1_535' title='bbox 3573 2747 3701 2802; x_wconf 83' lang='grc' dir='ltr'>Ῥω-</span> 
     </span>
    </p>
   </div>
   <div class='ocr_carea' id='block_1_79' title="bbox 2118 2832 3699 2917">
    <p class='ocr_par' dir='ltr' id='par_1_79' title="bbox 2118 2832 3699 2917">
     <span class='ocr_line' id='line_1_79' title="bbox 2118 2832 3699 2917; baseline -0.002 -19"><span class='ocrx_word' id='word_1_536' title='bbox 2118 2846 2296 2915; x_wconf 86' lang='grc' dir='ltr'>μαίων</span> <span class='ocrx_word' id='word_1_537' title='bbox 2342 2860 2403 2898; x_wconf 83' lang='grc' dir='ltr'><strong>τε</strong></span> <span class='ocrx_word' id='word_1_538' title='bbox 2448 2845 2546 2899; x_wconf 77' lang='grc' dir='ltr'>καὶ</span> <span class='ocrx_word' id='word_1_539' title='bbox 2592 2844 2821 2917; x_wconf 86' lang='grc' dir='ltr'>Περσῶν</span> <span class='ocrx_word' id='word_1_540' title='bbox 2869 2841 2958 2898; x_wconf 79' lang='grc' dir='ltr'>διὰ</span> <span class='ocrx_word' id='word_1_541' title='bbox 3004 2841 3067 2897; x_wconf 78' lang='grc' dir='ltr'><strong>τὸ</strong></span> <span class='ocrx_word' id='word_1_542' title='bbox 3117 2840 3384 2911; x_wconf 83' lang='grc' dir='ltr'>γενέσθαι</span> <span class='ocrx_word' id='word_1_543' title='bbox 3432 2832 3699 2912; x_wconf 77' lang='grc' dir='ltr'>χειμῶνας</span> 
     </span>
    </p>
   </div>
   <div class='ocr_carea' id='block_1_80' title="bbox 2116 2935 3642 3007">
    <p class='ocr_par' dir='ltr' id='par_1_80' title="bbox 2116 2935 3642 3007">
     <span class='ocr_line' id='line_1_80' title="bbox 2116 2935 3642 3007; baseline -0.001 -18"><span class='ocrx_word' id='word_1_544' title='bbox 2116 2935 2324 3007; x_wconf 86' lang='grc' dir='ltr'>βαρεῖς.</span> <span class='ocrx_word' id='word_1_545' title='bbox 3538 2946 3549 2951; x_wconf 87' lang='grc'><em>’</em></span> <span class='ocrx_word' id='word_1_546' title='bbox 3630 2978 3642 2987; x_wconf 93' lang='grc'><em>.</em></span> 
     </span>
    </p>
   </div>
   <div class='ocr_carea' id='block_1_81' title="bbox 2183 3021 3700 3098">
    <p class='ocr_par' dir='ltr' id='par_1_81' title="bbox 2183 3021 3700 3098">
     <span class='ocr_line' id='line_1_81' title="bbox 2183 3021 3700 3098; baseline -0.003 -18"><span class='ocrx_word' id='word_1_547' title='bbox 2183 3025 2392 3098; x_wconf 81' lang='grc' dir='ltr'>Συνέϐη</span> <span class='ocrx_word' id='word_1_548' title='bbox 2431 3025 2488 3079; x_wconf 68' lang='grc' dir='ltr'>δὲ</span> <span class='ocrx_word' id='word_1_549' title='bbox 2513 3027 2571 3079; x_wconf 86' lang='lat' dir='ltr'><strong>tv</strong></span> <span class='ocrx_word' id='word_1_550' title='bbox 2599 3024 2750 3094; x_wconf 81' lang='grc' dir='ltr'>αὐτῷ</span> <span class='ocrx_word' id='word_1_551' title='bbox 2782 3023 2861 3095; x_wconf 83' lang='grc' dir='ltr'><strong>τῷ</strong></span> <span class='ocrx_word' id='word_1_552' title='bbox 2909 3023 3089 3096; x_wconf 86' lang='grc' dir='ltr'>καιρῷ</span> <span class='ocrx_word' id='word_1_553' title='bbox 3116 3023 3222 3077; x_wconf 78' lang='grc' dir='ltr'>ὑπὸ</span> <span class='ocrx_word' id='word_1_554' title='bbox 3268 3021 3571 3094; x_wconf 87' lang='grc' dir='ltr'>θεομηνίας</span> <span class='ocrx_word' id='word_1_555' title='bbox 3597 3038 3700 3075; x_wconf 87' lang='grc' dir='ltr'>πα-</span> 
     </span>
    </p>
   </div>
   <div class='ocr_carea' id='block_1_82' title="bbox 2113 3115 3703 3189">
    <p class='ocr_par' dir='ltr' id='par_1_82' title="bbox 2113 3115 3703 3189">
     <span class='ocr_line' id='line_1_82' title="bbox 2113 3115 3703 3189; baseline -0.003 -16"><span class='ocrx_word' id='word_1_556' title='bbox 2113 3120 2224 3173; x_wconf 79' lang='grc' dir='ltr'>θεῖν</span> <span class='ocrx_word' id='word_1_557' title='bbox 2264 3119 2599 3189; x_wconf 76' lang='grc' dir='ltr'>Ἀντιόχειαν</span> <span class='ocrx_word' id='word_1_558' title='bbox 2629 3119 2690 3171; x_wconf 83' lang='grc' dir='ltr'><strong>τὸ</strong></span> <span class='ocrx_word' id='word_1_559' title='bbox 2722 3117 2884 3172; x_wconf 80' lang='grc' dir='ltr'>έκτον</span> <span class='ocrx_word' id='word_1_560' title='bbox 2911 3117 3088 3187; x_wconf 80' lang='grc' dir='ltr'>αὐτῆς</span> <span class='ocrx_word' id='word_1_561' title='bbox 3132 3117 3332 3180; x_wconf 85' lang='grc' dir='ltr'>πάθος.</span> <span class='ocrx_word' id='word_1_562' title='bbox 3380 3116 3440 3170; x_wconf 87' lang='lat'><strong>&#39;0</strong></span> <span class='ocrx_word' id='word_1_563' title='bbox 3466 3115 3526 3170; x_wconf 78' lang='grc' dir='ltr'>δὲ</span> <span class='ocrx_word' id='word_1_564' title='bbox 3552 3129 3703 3184; x_wconf 85' lang='grc' dir='ltr'>γεγο-</span> 
     </span>
    </p>
   </div>
   <div class='ocr_carea' id='block_1_83' title="bbox 2113 3206 3702 3282">
    <p class='ocr_par' dir='ltr' id='par_1_83' title="bbox 2113 3206 3702 3282">
     <span class='ocr_line' id='line_1_83' title="bbox 2113 3206 3702 3282; baseline -0.003 -19"><span class='ocrx_word' id='word_1_565' title='bbox 2113 3210 2217 3275; x_wconf 84' lang='grc' dir='ltr'>νὼς</span> <span class='ocrx_word' id='word_1_566' title='bbox 2243 3211 2465 3280; x_wconf 82' lang='grc' dir='ltr'>σεισμὸς</span> <span class='ocrx_word' id='word_1_567' title='bbox 2500 3211 2766 3282; x_wconf 86' lang='grc' dir='ltr'><strong>κατέσχεν</strong></span> <span class='ocrx_word' id='word_1_568' title='bbox 2796 3210 2890 3264; x_wconf 74' lang='grc' dir='ltr'><strong>ἐπὶ</strong></span> <span class='ocrx_word' id='word_1_569' title='bbox 2924 3208 3052 3279; x_wconf 90' lang='grc' dir='ltr'>μίαν</span> <span class='ocrx_word' id='word_1_570' title='bbox 3082 3208 3257 3281; x_wconf 80' lang='grc' dir='ltr'>ὥραν,</span> <span class='ocrx_word' id='word_1_571' title='bbox 3294 3208 3392 3263; x_wconf 76' lang='grc' dir='ltr'>καὶ</span> <span class='ocrx_word' id='word_1_572' title='bbox 3429 3207 3567 3280; x_wconf 78' lang='grc' dir='ltr'>μετὰ</span> <span class='ocrx_word' id='word_1_573' title='bbox 3585 3206 3702 3260; x_wconf 81' lang='grc' dir='ltr'><strong>τού-</strong></span> 
     </span>
    </p>
   </div>
   <div class='ocr_carea' id='block_1_84' title="bbox 2111 3298 3701 3375">
    <p class='ocr_par' dir='ltr' id='par_1_84' title="bbox 2111 3298 3701 3375">
     <span class='ocr_line' id='line_1_84' title="bbox 2111 3298 3701 3375; baseline -0.003 -20"><span class='ocrx_word' id='word_1_574' title='bbox 2111 3320 2204 3355; x_wconf 89' lang='grc' dir='ltr'>του</span> <span class='ocrx_word' id='word_1_575' title='bbox 2231 3302 2476 3373; x_wconf 81' lang='grc' dir='ltr'>βρυγμὸς</span> <span class='ocrx_word' id='word_1_576' title='bbox 2501 3300 2734 3375; x_wconf 77' lang='grc' dir='ltr'>φοϐερὸς</span> <span class='ocrx_word' id='word_1_577' title='bbox 2762 3299 2903 3354; x_wconf 79' lang='grc' dir='ltr'>ὥστε</span> <span class='ocrx_word' id='word_1_578' title='bbox 2926 3300 2996 3354; x_wconf 83' lang='grc' dir='ltr'>τὰ</span> <span class='ocrx_word' id='word_1_579' title='bbox 3016 3299 3401 3353; x_wconf 85' lang='grc' dir='ltr'>άνανεωθέντα</span> <span class='ocrx_word' id='word_1_580' title='bbox 3432 3298 3701 3368; x_wconf 86' lang='grc' dir='ltr'>κτίσματα</span> 
     </span>
    </p>
   </div>
   <div class='ocr_carea' id='block_1_85' title="bbox 2112 3389 3700 3463">
    <p class='ocr_par' dir='ltr' id='par_1_85' title="bbox 2112 3389 3700 3463">
     <span class='ocr_line' id='line_1_85' title="bbox 2112 3389 3700 3463; baseline -0.004 -16"><span class='ocrx_word' id='word_1_581' title='bbox 2112 3394 2219 3447; x_wconf 79' lang='grc' dir='ltr'>ὑπὸ</span> <span class='ocrx_word' id='word_1_582' title='bbox 2242 3393 2352 3447; x_wconf 81' lang='grc' dir='ltr'>τῶν</span> <span class='ocrx_word' id='word_1_583' title='bbox 2393 3393 2587 3463; x_wconf 85' lang='grc' dir='ltr'>πρώην</span> <span class='ocrx_word' id='word_1_584' title='bbox 2636 3393 2951 3463; x_wconf 83' lang='grc' dir='ltr'>γενομένων</span> <span class='ocrx_word' id='word_1_585' title='bbox 3000 3390 3182 3460; x_wconf 76' lang='grc' dir='ltr'>φόϐων</span> <span class='ocrx_word' id='word_1_586' title='bbox 3219 3393 3564 3445; x_wconf 81' lang='grc' dir='ltr'>καταπεσεῖν</span> <span class='ocrx_word' id='word_1_587' title='bbox 3588 3389 3700 3442; x_wconf 64' lang='grc' dir='ltr'>ικαὶ</span> 
     </span>
    </p>
   </div>
   <div class='ocr_carea' id='block_1_86' title="bbox 2111 3478 3701 3553">
    <p class='ocr_par' dir='ltr' id='par_1_86' title="bbox 2111 3478 3701 3553">
     <span class='ocr_line' id='line_1_86' title="bbox 2111 3478 3701 3553; baseline -0.003 -18"><span class='ocrx_word' id='word_1_588' title='bbox 2111 3481 2180 3535; x_wconf 82' lang='grc' dir='ltr'>τὰ</span> <span class='ocrx_word' id='word_1_589' title='bbox 2215 3482 2371 3553; x_wconf 87' lang='grc' dir='ltr'>τείχη</span> <span class='ocrx_word' id='word_1_590' title='bbox 2419 3480 2512 3535; x_wconf 88' lang='grc' dir='ltr'><strong>καί</strong></span> <span class='ocrx_word' id='word_1_591' title='bbox 2558 3498 2713 3545; x_wconf 87' lang='grc' dir='ltr'>τινας</span> <span class='ocrx_word' id='word_1_592' title='bbox 2761 3479 3061 3551; x_wconf 77' lang='grc' dir='ltr'>ἐκκλησίας</span> <span class='ocrx_word' id='word_1_593' title='bbox 3084 3479 3127 3533; x_wconf 84' lang='grc'><strong>³.</strong></span> <span class='ocrx_word' id='word_1_594' title='bbox 3184 3479 3273 3533; x_wconf 83' lang='grc' dir='ltr'><strong>Τὰ</strong></span> <span class='ocrx_word' id='word_1_595' title='bbox 3314 3479 3374 3533; x_wconf 75' lang='grc' dir='ltr'>δὲ</span> <span class='ocrx_word' id='word_1_596' title='bbox 3427 3478 3701 3551; x_wconf 78' lang='grc' dir='ltr'>συμϐάντα</span> 
     </span>
    </p>
   </div>
   <div class='ocr_carea' id='block_1_87' title="bbox 2112 3570 3699 3643">
    <p class='ocr_par' dir='ltr' id='par_1_87' title="bbox 2112 3570 3699 3643">
     <span class='ocr_line' id='line_1_87' title="bbox 2112 3570 3699 3643; baseline -0.001 -19"><span class='ocrx_word' id='word_1_597' title='bbox 2112 3572 2358 3643; x_wconf 73' lang='grc' dir='ltr'>ἠκούσθη</span> <span class='ocrx_word' id='word_1_598' title='bbox 2383 3573 2479 3627; x_wconf 71' lang='grc' dir='ltr'><strong>καὶ</strong></span> <span class='ocrx_word' id='word_1_599' title='bbox 2507 3574 2565 3626; x_wconf 90' lang='lat' dir='ltr'><strong>tv</strong></span> <span class='ocrx_word' id='word_1_600' title='bbox 2601 3575 2720 3635; x_wconf 80' lang='grc' dir='ltr'>ταῖς</span> <span class='ocrx_word' id='word_1_601' title='bbox 2758 3571 2950 3634; x_wconf 84' lang='grc' dir='ltr'>ἄλλαις</span> <span class='ocrx_word' id='word_1_602' title='bbox 2974 3570 3185 3637; x_wconf 85' lang='grc' dir='ltr'>πόλεσι,</span> <span class='ocrx_word' id='word_1_603' title='bbox 3229 3573 3333 3627; x_wconf 73' lang='grc' dir='ltr'>καὶ</span> <span class='ocrx_word' id='word_1_604' title='bbox 3376 3573 3550 3626; x_wconf 79' lang='grc' dir='ltr'>πᾶσαι</span> <span class='ocrx_word' id='word_1_605' title='bbox 3578 3586 3699 3623; x_wconf 82' lang='grc' dir='ltr'>πεν-</span> 
     </span>
    </p>
   </div>
   <div class='ocr_carea' id='block_1_88' title="bbox 2113 3660 3701 3736">
    <p class='ocr_par' dir='ltr' id='par_1_88' title="bbox 2113 3660 3701 3736">
     <span class='ocr_line' id='line_1_88' title="bbox 2113 3660 3701 3736; baseline -0.003 -16"><span class='ocrx_word' id='word_1_606' title='bbox 2113 3666 2304 3720; x_wconf 85' lang='grc' dir='ltr'>θοῦσαι</span> <span class='ocrx_word' id='word_1_607' title='bbox 2332 3666 2664 3721; x_wconf 81' lang='grc' dir='ltr'>ἐλιτάνευον.</span> <span class='ocrx_word' id='word_1_608' title='bbox 2705 3664 2917 3718; x_wconf 85' lang='grc' dir='ltr'>Ἐπαθε</span> <span class='ocrx_word' id='word_1_609' title='bbox 2967 3664 3026 3717; x_wconf 83' lang='grc' dir='ltr'>δὲ</span> <span class='ocrx_word' id='word_1_610' title='bbox 3060 3665 3154 3718; x_wconf 79' lang='grc' dir='ltr'><strong>καὶ</strong></span> <span class='ocrx_word' id='word_1_611' title='bbox 3197 3664 3349 3736; x_wconf 81' lang='grc' dir='ltr'>μέρη</span> <span class='ocrx_word' id='word_1_612' title='bbox 3403 3664 3514 3717; x_wconf 81' lang='grc' dir='ltr'><strong>τῶν</strong></span> <span class='ocrx_word' id='word_1_613' title='bbox 3548 3660 3701 3735; x_wconf 81' lang='grc' dir='ltr'>πέριξ</span> 
     </span>
    </p>
   </div>
   <div class='ocr_carea' id='block_1_89' title="bbox 2111 3755 3698 3829">
    <p class='ocr_par' dir='ltr' id='par_1_89' title="bbox 2111 3755 3698 3829">
     <span class='ocr_line' id='line_1_89' title="bbox 2111 3755 3698 3829; baseline -0.003 -17"><span class='ocrx_word' id='word_1_614' title='bbox 2111 3761 2211 3829; x_wconf 74' lang='grc' dir='ltr'><strong>τῆς</strong></span> <span class='ocrx_word' id='word_1_615' title='bbox 2237 3758 2447 3822; x_wconf 86' lang='grc' dir='ltr'>πόλεως</span> <span class='ocrx_word' id='word_1_616' title='bbox 2477 3775 2491 3791; x_wconf 87' lang='grc'><strong>·</strong></span> <span class='ocrx_word' id='word_1_617' title='bbox 2527 3757 2823 3812; x_wconf 80' lang='grc' dir='ltr'>τελευτῶσι</span> <span class='ocrx_word' id='word_1_618' title='bbox 2854 3756 2913 3810; x_wconf 79' lang='lat' dir='ltr'>6t</span> <span class='ocrx_word' id='word_1_619' title='bbox 2939 3758 2998 3810; x_wconf 91' lang='lat' dir='ltr'><strong>tv</strong></span> <span class='ocrx_word' id='word_1_620' title='bbox 3031 3755 3182 3827; x_wconf 82' lang='grc' dir='ltr'>αὐτῷ</span> <span class='ocrx_word' id='word_1_621' title='bbox 3219 3756 3305 3828; x_wconf 85' lang='grc' dir='ltr'>τῷ</span> <span class='ocrx_word' id='word_1_622' title='bbox 3338 3755 3550 3829; x_wconf 83' lang='grc' dir='ltr'>σεισμῷ</span> <span class='ocrx_word' id='word_1_623' title='bbox 3577 3755 3698 3825; x_wconf 78' lang='grc' dir='ltr'>ἄχρι</span> 
     </span>
    </p>
   </div>
   <div class='ocr_carea' id='block_1_90' title="bbox 2111 3849 3699 3924">
    <p class='ocr_par' dir='ltr' id='par_1_90' title="bbox 2111 3849 3699 3924">
     <span class='ocr_line' id='line_1_90' title="bbox 2111 3849 3699 3924; baseline -0.004 -17"><span class='ocrx_word' id='word_1_624' title='bbox 2111 3853 2300 3924; x_wconf 76' lang='grc' dir='ltr'>ψυχῶν</span> <span class='ocrx_word' id='word_1_625' title='bbox 2343 3851 2822 3923; x_wconf 86' lang='grc' dir='ltr'>πεντακισχιλίων.</span> <span class='ocrx_word' id='word_1_626' title='bbox 2873 3851 2936 3906; x_wconf 77' lang='lat' dir='ltr'><strong>Ol.</strong></span> <span class='ocrx_word' id='word_1_627' title='bbox 2962 3849 3023 3904; x_wconf 83' lang='grc' dir='ltr'>δὲ</span> <span class='ocrx_word' id='word_1_628' title='bbox 3056 3851 3462 3921; x_wconf 87' lang='grc' dir='ltr'>περισωθέντες</span> <span class='ocrx_word' id='word_1_629' title='bbox 3497 3850 3699 3905; x_wconf 88' lang='grc' dir='ltr'>πολῖται</span> 
     </span>
    </p>
   </div>
   <div class='ocr_carea' id='block_1_91' title="bbox 2114 3943 3700 4015">
    <p class='ocr_par' dir='ltr' id='par_1_91' title="bbox 2114 3943 3700 4015">
     <span class='ocr_line' id='line_1_91' title="bbox 2114 3943 3700 4015; baseline -0.003 -15"><span class='ocrx_word' id='word_1_630' title='bbox 2114 3950 2192 4011; x_wconf 77' lang='grc' dir='ltr'>εἰς</span> <span class='ocrx_word' id='word_1_631' title='bbox 2250 3947 2348 4011; x_wconf 77' lang='grc' dir='ltr'><strong>τὰς</strong></span> <span class='ocrx_word' id='word_1_632' title='bbox 2400 3945 2566 4010; x_wconf 79' lang='grc' dir='ltr'>ἄλλας</span> <span class='ocrx_word' id='word_1_633' title='bbox 2622 3945 2832 4010; x_wconf 86' lang='grc' dir='ltr'>πόλεις,</span> <span class='ocrx_word' id='word_1_634' title='bbox 2879 3943 3108 4014; x_wconf 68' lang='grc' dir='ltr'>φανεροὶ</span> <span class='ocrx_word' id='word_1_635' title='bbox 3163 3943 3221 3997; x_wconf 81' lang='lat' dir='ltr'>6t</span> <span class='ocrx_word' id='word_1_636' title='bbox 3276 3946 3336 3999; x_wconf 89' lang='lat' dir='ltr'><strong>tv</strong></span> <span class='ocrx_word' id='word_1_637' title='bbox 3385 3946 3499 4008; x_wconf 78' lang='grc' dir='ltr'>τοῖς</span> <span class='ocrx_word' id='word_1_638' title='bbox 3525 3944 3700 4015; x_wconf 76' lang='grc' dir='ltr'>ὄρεσιν</span> 
     </span>
    </p>
   </div>
   <div class='ocr_carea' id='block_1_92' title="bbox 2112 4035 3700 4111">
    <p class='ocr_par' dir='ltr' id='par_1_92' title="bbox 2112 4035 3700 4111">
     <span class='ocr_line' id='line_1_92' title="bbox 2112 4035 3700 4111; baseline -0.003 -18"><span class='ocrx_word' id='word_1_639' title='bbox 2112 4040 2309 4111; x_wconf 73' lang='grc' dir='ltr'>ᾤκουν.</span> <span class='ocrx_word' id='word_1_640' title='bbox 2371 4039 2431 4095; x_wconf 77' lang='lat'><strong>&#39;0</strong></span> <span class='ocrx_word' id='word_1_641' title='bbox 2487 4040 2546 4093; x_wconf 75' lang='grc' dir='ltr'>δὲ</span> <span class='ocrx_word' id='word_1_642' title='bbox 2600 4038 2955 4108; x_wconf 80' lang='grc' dir='ltr'>πατριάρχης</span> <span class='ocrx_word' id='word_1_643' title='bbox 3028 4036 3362 4108; x_wconf 82' lang='grc' dir='ltr'>Ἐφραῖμιος</span> <span class='ocrx_word' id='word_1_644' title='bbox 3415 4038 3591 4091; x_wconf 88' lang='grc' dir='ltr'>πάντα</span> <span class='ocrx_word' id='word_1_645' title='bbox 3634 4035 3700 4089; x_wconf 81' lang='grc' dir='ltr'>τὰ</span> 
     </span>
    </p>
   </div>
   <div class='ocr_carea' id='block_1_93' title="bbox 2112 4128 3700 4205">
    <p class='ocr_par' dir='ltr' id='par_1_93' title="bbox 2112 4128 3700 4205">
     <span class='ocr_line' id='line_1_93' title="bbox 2112 4128 3700 4205; baseline -0.004 -19"><span class='ocrx_word' id='word_1_646' title='bbox 2112 4134 2379 4203; x_wconf 83' lang='grc' dir='ltr'>γενόμενα</span> <span class='ocrx_word' id='word_1_647' title='bbox 2408 4134 2654 4205; x_wconf 82' lang='grc' dir='ltr'>ἀνήγαγε</span> <span class='ocrx_word' id='word_1_648' title='bbox 2678 4131 2757 4203; x_wconf 81' lang='grc' dir='ltr'>τῷ</span> <span class='ocrx_word' id='word_1_649' title='bbox 2798 4130 3039 4202; x_wconf 79' lang='grc' dir='ltr'>βασιλεῖ’</span> <span class='ocrx_word' id='word_1_650' title='bbox 3078 4129 3171 4183; x_wconf 76' lang='grc' dir='ltr'>καὶ</span> <span class='ocrx_word' id='word_1_651' title='bbox 3204 4129 3545 4192; x_wconf 79' lang='grc' dir='ltr'>ἀκούσαντες</span> <span class='ocrx_word' id='word_1_652' title='bbox 3570 4129 3618 4181; x_wconf 84' lang='lat' dir='ltr'><strong>oi</strong></span> <span class='ocrx_word' id='word_1_653' title='bbox 3645 4128 3700 4180; x_wconf 89' lang='lat' dir='ltr'><strong>tv</strong></span> 
     </span>
    </p>
   </div>
   <div class='ocr_carea' id='block_1_94' title="bbox 2111 4222 3700 4299">
    <p class='ocr_par' dir='ltr' id='par_1_94' title="bbox 2111 4222 3700 4299">
     <span class='ocr_line' id='line_1_94' title="bbox 2111 4222 3700 4299; baseline -0.003 -19"><span class='ocrx_word' id='word_1_654' title='bbox 2111 4227 2191 4299; x_wconf 82' lang='grc' dir='ltr'>τῷ</span> <span class='ocrx_word' id='word_1_655' title='bbox 2238 4228 2520 4297; x_wconf 79' lang='grc' dir='ltr'><strong>Βυζαντίῳ</strong></span> <span class='ocrx_word' id='word_1_656' title='bbox 2560 4229 2628 4282; x_wconf 85' lang='grc' dir='ltr'>τὰ</span> <span class='ocrx_word' id='word_1_657' title='bbox 2677 4225 2964 4296; x_wconf 72' lang='grc' dir='ltr'>συμϐάντα</span> <span class='ocrx_word' id='word_1_658' title='bbox 2995 4224 3306 4279; x_wconf 83' lang='grc' dir='ltr'>ἑλιτάνευον</span> <span class='ocrx_word' id='word_1_659' title='bbox 3354 4224 3449 4277; x_wconf 69' lang='grc' dir='ltr'><strong>ἐπὶ</strong></span> <span class='ocrx_word' id='word_1_660' title='bbox 3493 4222 3700 4295; x_wconf 78' lang='grc' dir='ltr'>ἡμέρας</span> 
     </span>
    </p>
   </div>
   <div class='ocr_carea' id='block_1_95' title="bbox 2116 4323 2327 4384">
    <p class='ocr_par' dir='ltr' id='par_1_95' title="bbox 2116 4323 2327 4384">
     <span class='ocr_line' id='line_1_95' title="bbox 2116 4323 2327 4384; baseline 0.009 -11"><span class='ocrx_word' id='word_1_661' title='bbox 2116 4323 2327 4384; x_wconf 84' lang='grc' dir='ltr'>ίκανάς.</span> 
     </span>
    </p>
   </div>
   <div class='ocr_carea' id='block_1_96' title="bbox 2207 4487 3697 4569">
    <p class='ocr_par' dir='ltr' id='par_1_96' title="bbox 2207 4487 3697 4569">
     <span class='ocr_line' id='line_1_96' title="bbox 2207 4487 3697 4569; baseline -0.007 -15"><span class='ocrx_word' id='word_1_662' title='bbox 2207 4501 2289 4554; x_wconf 89' lang='grc' dir='ltr'><strong>Ἐν</strong></span> <span class='ocrx_word' id='word_1_663' title='bbox 2311 4500 2368 4553; x_wconf 86' lang='grc' dir='ltr'>δὲ</span> <span class='ocrx_word' id='word_1_664' title='bbox 2387 4498 2467 4568; x_wconf 83' lang='grc' dir='ltr'>τῷ</span> <span class='ocrx_word' id='word_1_665' title='bbox 2502 4496 2652 4569; x_wconf 85' lang='grc' dir='ltr'><strong>αὑτῷ</strong></span> <span class='ocrx_word' id='word_1_666' title='bbox 2680 4497 2859 4569; x_wconf 85' lang='grc' dir='ltr'>χρόνῳ</span> <span class='ocrx_word' id='word_1_667' title='bbox 2886 4496 3084 4566; x_wconf 74' lang='grc' dir='ltr'>συνέϐη</span> <span class='ocrx_word' id='word_1_668' title='bbox 3114 4495 3312 4549; x_wconf 79' lang='grc' dir='ltr'>παθεῖν</span> <span class='ocrx_word' id='word_1_669' title='bbox 3341 4494 3447 4548; x_wconf 77' lang='grc' dir='ltr'>ὑπὸ</span> <span class='ocrx_word' id='word_1_670' title='bbox 3476 4487 3697 4559; x_wconf 87' lang='grc' dir='ltr'>σεισμοῦ</span> 
     </span>
    </p>
   </div>
   <div class='ocr_carea' id='block_1_97' title="bbox 2115 4580 3699 4660">
    <p class='ocr_par' dir='ltr' id='par_1_97' title="bbox 2115 4580 3699 4660">
     <span class='ocr_line' id='line_1_97' title="bbox 2115 4580 3699 4660; baseline -0.008 -11"><span class='ocrx_word' id='word_1_671' title='bbox 2115 4592 2441 4649; x_wconf 87' lang='grc' dir='ltr'>Λαοδίκειαν</span> <span class='ocrx_word' id='word_1_672' title='bbox 2488 4590 2551 4644; x_wconf 78' lang='grc' dir='ltr'>τὸ</span> <span class='ocrx_word' id='word_1_673' title='bbox 2593 4590 2813 4660; x_wconf 83' lang='grc' dir='ltr'>πρῶτον</span> <span class='ocrx_word' id='word_1_674' title='bbox 2866 4589 3039 4658; x_wconf 75' lang='grc' dir='ltr'>αὐτῆς</span> <span class='ocrx_word' id='word_1_675' title='bbox 3072 4588 3246 4651; x_wconf 80' lang='grc' dir='ltr'>πάθος</span> <span class='ocrx_word' id='word_1_676' title='bbox 3271 4604 3286 4619; x_wconf 74' lang='grc' dir='ltr'>σ</span> <span class='ocrx_word' id='word_1_677' title='bbox 3345 4583 3651 4655; x_wconf 88' lang='grc' dir='ltr'>κατηνέχθη</span> <span class='ocrx_word' id='word_1_678' title='bbox 3678 4580 3699 4613; x_wconf 70' lang='grc'><strong><em>⁵</em></strong></span> 
     </span>
    </p>
   </div>
   <div class='ocr_carea' id='block_1_98' title="bbox 2114 4673 3699 4755">
    <p class='ocr_par' dir='ltr' id='par_1_98' title="bbox 2114 4673 3699 4755">
     <span class='ocr_line' id='line_1_98' title="bbox 2114 4673 3699 4755; baseline -0.006 -19"><span class='ocrx_word' id='word_1_679' title='bbox 2114 4684 2171 4738; x_wconf 83' lang='grc' dir='ltr'>δὲ</span> <span class='ocrx_word' id='word_1_680' title='bbox 2195 4682 2302 4737; x_wconf 78' lang='grc' dir='ltr'><strong>ὑπὸ</strong></span> <span class='ocrx_word' id='word_1_681' title='bbox 2332 4681 2426 4736; x_wconf 81' lang='grc' dir='ltr'>τοῦ</span> <span class='ocrx_word' id='word_1_682' title='bbox 2452 4680 2622 4752; x_wconf 76' lang='grc' dir='ltr'>φόϐου</span> <span class='ocrx_word' id='word_1_683' title='bbox 2656 4681 2718 4735; x_wconf 79' lang='grc' dir='ltr'>τὸ</span> <span class='ocrx_word' id='word_1_684' title='bbox 2746 4682 2918 4753; x_wconf 76' lang='grc' dir='ltr'>ἥμισυ</span> <span class='ocrx_word' id='word_1_685' title='bbox 2947 4680 3047 4750; x_wconf 84' lang='grc' dir='ltr'>τῆς</span> <span class='ocrx_word' id='word_1_686' title='bbox 3075 4680 3248 4749; x_wconf 79' lang='grc' dir='ltr'>αὐτῆς</span> <span class='ocrx_word' id='word_1_687' title='bbox 3276 4678 3488 4755; x_wconf 88' lang='grc' dir='ltr'>πόλεως</span> <span class='ocrx_word' id='word_1_688' title='bbox 3521 4676 3614 4729; x_wconf 80' lang='grc' dir='ltr'>καὶ</span> <span class='ocrx_word' id='word_1_689' title='bbox 3642 4673 3699 4727; x_wconf 74' lang='grc' dir='ltr'><strong>αἱ</strong></span> 
     </span>
    </p>
   </div>
   <div class='ocr_carea' id='block_1_99' title="bbox 2114 4764 3696 4845">
    <p class='ocr_par' dir='ltr' id='par_1_99' title="bbox 2114 4764 3696 4845">
     <span class='ocr_line' id='line_1_99' title="bbox 2114 4764 3696 4845; baseline -0.008 -15"><span class='ocrx_word' id='word_1_690' title='bbox 2114 4776 2435 4845; x_wconf 59' lang='grc' dir='ltr'><strong>συναγωγαὶ⁴</strong></span> <span class='ocrx_word' id='word_1_691' title='bbox 2457 4774 2568 4829; x_wconf 86' lang='grc' dir='ltr'><strong>τῶν</strong></span> <span class='ocrx_word' id='word_1_692' title='bbox 2602 4774 2899 4830; x_wconf 89' lang='grc' dir='ltr'>Ἰουδαίων.</span> <span class='ocrx_word' id='word_1_693' title='bbox 2940 4771 3248 4826; x_wconf 80' lang='grc' dir='ltr'>Ἀπὼλοντο</span> <span class='ocrx_word' id='word_1_694' title='bbox 3270 4771 3329 4826; x_wconf 82' lang='grc' dir='ltr'>δὲ</span> <span class='ocrx_word' id='word_1_695' title='bbox 3348 4766 3585 4839; x_wconf 70' lang='grc' dir='ltr'><strong>ἑνιαύτῷ</strong></span> <span class='ocrx_word' id='word_1_696' title='bbox 3624 4764 3696 4835; x_wconf 79' lang='grc' dir='ltr'>τῷ</span> 
     </span>
    </p>
   </div>
   <div class='ocr_carea' id='block_1_100' title="bbox 2113 4856 3694 4940">
    <p class='ocr_par' dir='ltr' id='par_1_100' title="bbox 2113 4856 3694 4940">
     <span class='ocr_line' id='line_1_100' title="bbox 2113 4856 3694 4940; baseline -0.007 -19"><span class='ocrx_word' id='word_1_697' title='bbox 2113 4868 2263 4940; x_wconf 78' lang='grc' dir='ltr'>φόϐῳ</span> <span class='ocrx_word' id='word_1_698' title='bbox 2292 4867 2530 4939; x_wconf 86' lang='grc' dir='ltr'>χιλιάδες</span> <span class='ocrx_word' id='word_1_699' title='bbox 2571 4865 2716 4921; x_wconf 79' lang='grc' dir='ltr'>ἑπτά</span> <span class='ocrx_word' id='word_1_700' title='bbox 2755 4867 2929 4936; x_wconf 75' lang='grc' dir='ltr'>ἥμισυ</span> <span class='ocrx_word' id='word_1_701' title='bbox 2962 4863 3116 4937; x_wconf 81' lang='grc'><strong>[177]</strong></span> <span class='ocrx_word' id='word_1_702' title='bbox 3164 4862 3435 4935; x_wconf 78' lang='grc' dir='ltr'>Ἑϐραίων</span> <span class='ocrx_word' id='word_1_703' title='bbox 3462 4877 3522 4913; x_wconf 88' lang='grc' dir='ltr'><strong>τε</strong></span> <span class='ocrx_word' id='word_1_704' title='bbox 3562 4856 3694 4925; x_wconf 77' lang='grc' dir='ltr'><strong>πλῆ-</strong></span> 
     </span>
    </p>
   </div>
   <div class='ocr_carea' id='block_1_101' title="bbox 2120 4947 3693 5031">
    <p class='ocr_par' dir='ltr' id='par_1_101' title="bbox 2120 4947 3693 5031">
     <span class='ocr_line' id='line_1_101' title="bbox 2120 4947 3693 5031; baseline -0.009 -18"><span class='ocrx_word' id='word_1_705' title='bbox 2120 4959 2212 5024; x_wconf 89' lang='grc' dir='ltr'><strong>θος</strong></span> <span class='ocrx_word' id='word_1_706' title='bbox 2248 4962 2342 5015; x_wconf 70' lang='grc' dir='ltr'>καὶ</span> <span class='ocrx_word' id='word_1_707' title='bbox 2371 4959 2719 5031; x_wconf 81' lang='grc' dir='ltr'>Χριστιανῶν</span> <span class='ocrx_word' id='word_1_708' title='bbox 2753 4956 2959 5026; x_wconf 84' lang='grc' dir='ltr'>ὀλίγοι·</span> <span class='ocrx_word' id='word_1_709' title='bbox 2993 4957 3048 5009; x_wconf 89' lang='grc' dir='ltr'>αί</span> <span class='ocrx_word' id='word_1_710' title='bbox 3073 4956 3130 5008; x_wconf 84' lang='grc' dir='ltr'>δὲ</span> <span class='ocrx_word' id='word_1_711' title='bbox 3157 4953 3452 5023; x_wconf 71' lang='grc' dir='ltr'>ἐκκλησίαι</span> <span class='ocrx_word' id='word_1_712' title='bbox 3477 4949 3577 5019; x_wconf 86' lang='grc' dir='ltr'>τῆς</span> <span class='ocrx_word' id='word_1_713' title='bbox 3601 4947 3693 5000; x_wconf 78' lang='grc' dir='ltr'><strong>αὐ-</strong></span> 
     </span>
    </p>
   </div>
   <div class='ocr_carea' id='block_1_102' title="bbox 2116 5036 3694 5120">
    <p class='ocr_par' dir='ltr' id='par_1_102' title="bbox 2116 5036 3694 5120">
     <span class='ocr_line' id='line_1_102' title="bbox 2116 5036 3694 5120; baseline -0.016 -7"><span class='ocrx_word' id='word_1_714' title='bbox 2116 5049 2213 5120; x_wconf 78' lang='grc' dir='ltr'><strong>τῆς</strong></span> <span class='ocrx_word' id='word_1_715' title='bbox 2259 5051 2468 5113; x_wconf 83' lang='grc' dir='ltr'>πόλεως</span> <span class='ocrx_word' id='word_1_716' title='bbox 2520 5049 2745 5120; x_wconf 82' lang='grc' dir='ltr'>ἔμειναν</span> <span class='ocrx_word' id='word_1_717' title='bbox 2802 5049 3091 5119; x_wconf 70' lang='grc' dir='ltr'>άρῤαγεϊς,</span> <span class='ocrx_word' id='word_1_718' title='bbox 3153 5043 3546 5117; x_wconf 82' lang='grc' dir='ltr'>περισωθεῖσαι</span> <span class='ocrx_word' id='word_1_719' title='bbox 3594 5036 3694 5092; x_wconf 74' lang='lat'>61:6</span> 
     </span>
    </p>
   </div>
   <div class='ocr_carea' id='block_1_103' title="bbox 1671 5207 2371 5267">
    <p class='ocr_par' dir='ltr' id='par_1_103' title="bbox 1671 5207 2371 5267">
     <span class='ocr_line' id='line_1_103' title="bbox 1671 5207 2371 5267; baseline 0.003 -4"><span class='ocrx_word' id='word_1_720' title='bbox 1671 5207 1911 5264; x_wconf 68' lang='grc' dir='ltr'>νΑιιιΑῑ</span> <span class='ocrx_word' id='word_1_721' title='bbox 1958 5208 2371 5267; x_wconf 81' lang='lat' dir='ltr'><strong>LECTIONES.</strong></span> 
     </span>
    </p>
   </div>
   <div class='ocr_carea' id='block_1_104' title="bbox 475 5313 3691 5402">
    <p class='ocr_par' dir='ltr' id='par_1_104' title="bbox 475 5313 3691 5402">
     <span class='ocr_line' id='line_1_104' title="bbox 475 5313 3691 5402; baseline -0.011 0"><span class='ocrx_word' id='word_1_722' title='bbox 475 5319 911 5402; x_wconf 48' lang='lat' dir='ltr'><strong>3..np°&quot;);.“?”b‘</strong></span> <span class='ocrx_word' id='word_1_723' title='bbox 938 5317 1040 5402; x_wconf 66' lang='lat'><strong>91}-</strong></span> <span class='ocrx_word' id='word_1_724' title='bbox 1104 5320 1152 5402; x_wconf 57' lang='grc' dir='ltr'><strong>’ἶ</strong></span> <span class='ocrx_word' id='word_1_725' title='bbox 1179 5322 1535 5402; x_wconf 58' lang='grc' dir='ltr'>δεσετενεχθεὲς</span> <span class='ocrx_word' id='word_1_726' title='bbox 1555 5322 1682 5402; x_wconf 61' lang='lat' dir='ltr'><strong>Ch-_.</strong></span> <span class='ocrx_word' id='word_1_727' title='bbox 1707 5324 2062 5402; x_wconf 58' lang='grc' dir='ltr'>κατεγεγχεὶς</span> <span class='ocrx_word' id='word_1_728' title='bbox 2082 5322 2188 5380; x_wconf 74' lang='lat' dir='ltr'><strong>Oxo</strong></span> <span class='ocrx_word' id='word_1_729' title='bbox 2249 5328 2295 5402; x_wconf 55' lang='grc' dir='ltr'><strong>ξ’</strong></span> <span class='ocrx_word' id='word_1_730' title='bbox 2316 5328 2683 5402; x_wconf 19' lang='grc' dir='ltr'>Πμροκλειανδς</span> <span class='ocrx_word' id='word_1_731' title='bbox 2709 5325 2813 5382; x_wconf 81' lang='lat' dir='ltr'><strong>Ox.</strong></span> <span class='ocrx_word' id='word_1_732' title='bbox 2888 5326 2933 5402; x_wconf 60' lang='grc' dir='ltr'><strong>’ξ</strong></span> <span class='ocrx_word' id='word_1_733' title='bbox 2974 5318 3504 5402; x_wconf 37' lang='grc' dir='ltr'><strong>’ᾼμηδίᾳηςζοηΐιιλ</strong></span> <span class='ocrx_word' id='word_1_734' title='bbox 3534 5315 3602 5372; x_wconf 70' lang='grc'>52</span> 
     </span>
    </p>
   </div>
   <div class='ocr_carea' id='block_1_105' title="bbox 418 5385 3691 5469">
    <p class='ocr_par' dir='ltr' id='par_1_105' title="bbox 418 5385 3691 5469">
     <span class='ocr_line' id='line_1_105' title="bbox 418 5385 3691 5469; baseline -0.003 -24"><span class='ocrx_word' id='word_1_735' title='bbox 418 5394 432 5423; x_wconf 87' lang='grc'>¹</span> <span class='ocrx_word' id='word_1_736' title='bbox 452 5385 676 5469; x_wconf 47' lang='lat' dir='ltr'><strong>pcipi».</strong></span> <span class='ocrx_word' id='word_1_737' title='bbox 705 5390 1081 5469; x_wconf 46' lang='lat' dir='ltr'><strong>Xodpwvgh.”</strong></span> <span class='ocrx_word' id='word_1_738' title='bbox 1129 5394 1149 5424; x_wconf 83' lang='grc'>³</span> <span class='ocrx_word' id='word_1_739' title='bbox 1189 5385 1456 5463; x_wconf 71' lang='grc' dir='ltr'>Πόμπιὸς.</span> <span class='ocrx_word' id='word_1_740' title='bbox 1491 5385 1605 5447; x_wconf 70' lang='lat' dir='ltr'><strong>lino</strong></span> <span class='ocrx_word' id='word_1_741' title='bbox 1633 5385 1978 5465; x_wconf 61' lang='grc' dir='ltr'><strong>Πομπήϊος”.”</strong></span> <span class='ocrx_word' id='word_1_742' title='bbox 2021 5385 2222 5461; x_wconf 63' lang='grc' dir='ltr'>ίτινας</span> <span class='ocrx_word' id='word_1_743' title='bbox 2255 5385 2557 5469; x_wconf 77' lang='grc' dir='ltr'>ἐκκλησίας</span> <span class='ocrx_word' id='word_1_744' title='bbox 2585 5385 2714 5462; x_wconf 36' lang='lat' dir='ltr'><strong>Chi,</strong></span> <span class='ocrx_word' id='word_1_745' title='bbox 2737 5412 2883 5461; x_wconf 90' lang='grc' dir='ltr'>τινες</span> <span class='ocrx_word' id='word_1_746' title='bbox 2916 5385 3206 5465; x_wconf 74' lang='grc' dir='ltr'>ἐκκλησίαι</span> <span class='ocrx_word' id='word_1_747' title='bbox 3235 5393 3341 5447; x_wconf 78' lang='lat' dir='ltr'><strong>Ox.</strong></span> <span class='ocrx_word' id='word_1_748' title='bbox 3416 5385 3691 5463; x_wconf 64' lang='grc' dir='ltr'>δ’κατηνέα</span> 
     </span>
    </p>
   </div>
   <div class='ocr_carea' id='block_1_106' title="bbox 415 5461 1266 5535">
    <p class='ocr_par' dir='ltr' id='par_1_106' title="bbox 415 5461 1266 5535">
     <span class='ocr_line' id='line_1_106' title="bbox 415 5461 1266 5535; baseline -0.005 -17"><span class='ocrx_word' id='word_1_749' title='bbox 415 5463 516 5535; x_wconf 84' lang='grc' dir='ltr'>χθη</span> <span class='ocrx_word' id='word_1_750' title='bbox 552 5463 680 5527; x_wconf 87' lang='lat' dir='ltr'><strong>Ch.,</strong></span> <span class='ocrx_word' id='word_1_751' title='bbox 711 5461 1015 5531; x_wconf 87' lang='grc' dir='ltr'>κατηνέχθε</span> <span class='ocrx_word' id='word_1_752' title='bbox 1044 5463 1147 5515; x_wconf 69' lang='lat' dir='ltr'><strong>Ox.</strong></span> <span class='ocrx_word' id='word_1_753' title='bbox 1261 5494 1266 5499; x_wconf 91' lang='lat'><strong><em>-</em></strong></span> 
     </span>
    </p>
   </div>
   <div class='ocr_carea' id='block_1_107' title="bbox 1634 5550 2423 5613">
    <p class='ocr_par' dir='ltr' id='par_1_107' title="bbox 1634 5550 2423 5613">
     <span class='ocr_line' id='line_1_107' title="bbox 1634 5550 2423 5613; baseline 0.01 -8"><span class='ocrx_word' id='word_1_754' title='bbox 1634 5550 1743 5607; x_wconf 88' lang='grc' dir='ltr'><strong>ΕΙ).</strong></span> <span class='ocrx_word' id='word_1_755' title='bbox 1785 5550 2087 5608; x_wconf 71' lang='lat' dir='ltr'><strong>CHILMEA</strong></span> <span class='ocrx_word' id='word_1_756' title='bbox 2099 5555 2159 5611; x_wconf 88' lang='lat' dir='ltr'><strong>Dl</strong></span> <span class='ocrx_word' id='word_1_757' title='bbox 2191 5555 2423 5613; x_wconf 68' lang='grc' dir='ltr'><strong>ΝΟΤᾸΞ.</strong></span> 
     </span>
    </p>
   </div>
   <div class='ocr_carea' id='block_1_108' title="bbox 406 5623 2009 5719">
    <p class='ocr_par' dir='ltr' id='par_1_108' title="bbox 406 5623 2009 5719">
     <span class='ocr_line' id='line_1_108' title="bbox 406 5623 2009 5719; baseline 0.002 -20"><span class='ocrx_word' id='word_1_758' title='bbox 406 5623 410 5627; x_wconf 37' lang='grc'><em>’</em></span> <span class='ocrx_word' id='word_1_759' title='bbox 485 5650 599 5719; x_wconf 67' lang='grc'><strong>(74)</strong></span> <span class='ocrx_word' id='word_1_760' title='bbox 639 5648 762 5702; x_wconf 80' lang='grc' dir='ltr'>Ἐπὶ</span> <span class='ocrx_word' id='word_1_761' title='bbox 794 5647 856 5701; x_wconf 76' lang='grc' dir='ltr'>τὸ</span> <span class='ocrx_word' id='word_1_762' title='bbox 883 5647 1107 5717; x_wconf 79' lang='grc' dir='ltr'>Σοῦρον.</span> <span class='ocrx_word' id='word_1_763' title='bbox 1146 5645 1371 5719; x_wconf 71' lang='lat' dir='ltr'><strong>Scr._16</strong></span> <span class='ocrx_word' id='word_1_764' title='bbox 1415 5644 1636 5719; x_wconf 69' lang='lat' dir='ltr'><strong>Zoa&#39;pwv</strong></span> <span class='ocrx_word' id='word_1_765' title='bbox 1666 5662 1865 5719; x_wconf 85' lang='lat' dir='ltr'><strong>nempe</strong></span> <span class='ocrx_word' id='word_1_766' title='bbox 1910 5647 2009 5702; x_wconf 91' lang='grc' dir='ltr'><strong>πό-</strong></span> 
     </span>
    </p>
   </div>
   <div class='ocr_carea' id='block_1_109' title="bbox 415 5714 2008 5789">
    <p class='ocr_par' dir='ltr' id='par_1_109' title="bbox 415 5714 2008 5789">
     <span class='ocr_line' id='line_1_109' title="bbox 415 5714 2008 5789; baseline -0.001 -18"><span class='ocrx_word' id='word_1_767' title='bbox 415 5714 584 5789; x_wconf 81' lang='grc' dir='ltr'>λισμα</span> <span class='ocrx_word' id='word_1_768' title='bbox 637 5714 1005 5781; x_wconf 61' lang='lat' dir='ltr'><strong>subauditur,</strong></span> <span class='ocrx_word' id='word_1_769' title='bbox 1052 5726 1108 5771; x_wconf 88' lang='lat' dir='ltr'><strong>ut</strong></span> <span class='ocrx_word' id='word_1_770' title='bbox 1157 5734 1219 5770; x_wconf 77' lang='lat' dir='ltr'><strong>ex</strong></span> <span class='ocrx_word' id='word_1_771' title='bbox 1277 5714 1551 5789; x_wconf 74' lang='lat' dir='ltr'><strong>P_r0_co_pio</strong></span> <span class='ocrx_word' id='word_1_772' title='bbox 1586 5717 1876 5789; x_wconf 80' lang='lat' dir='ltr'><strong>discimus,</strong></span> <span class='ocrx_word' id='word_1_773' title='bbox 1912 5719 2008 5789; x_wconf 91' lang='lat' dir='ltr'><strong>qui</strong></span> 
     </span>
    </p>
   </div>
   <div class='ocr_carea' id='block_1_110' title="bbox 415 5786 2011 5861">
    <p class='ocr_par' dir='ltr' id='par_1_110' title="bbox 415 5786 2011 5861">
     <span class='ocr_line' id='line_1_110' title="bbox 415 5786 2011 5861; baseline 0.001 -20"><span class='ocrx_word' id='word_1_774' title='bbox 415 5786 607 5843; x_wconf 86' lang='lat' dir='ltr'><strong>urbem</strong></span> <span class='ocrx_word' id='word_1_775' title='bbox 644 5792 787 5844; x_wconf 85' lang='lat' dir='ltr'><strong>hanc</strong></span> <span class='ocrx_word' id='word_1_776' title='bbox 835 5805 1051 5859; x_wconf 81' lang='lat' dir='ltr'><strong>semper</strong></span> <span class='ocrx_word' id='word_1_777' title='bbox 1089 5798 1245 5840; x_wconf 79' lang='lat' dir='ltr'><strong>vocat</strong></span> <span class='ocrx_word' id='word_1_778' title='bbox 1272 5787 1332 5840; x_wconf 77' lang='grc' dir='ltr'><strong>τὸ</strong></span> <span class='ocrx_word' id='word_1_779' title='bbox 1370 5786 1590 5855; x_wconf 67' lang='grc' dir='ltr'>Σούρων</span> <span class='ocrx_word' id='word_1_780' title='bbox 1624 5788 1890 5861; x_wconf 85' lang='grc' dir='ltr'>πόλισμα,</span> <span class='ocrx_word' id='word_1_781' title='bbox 1922 5786 2011 5843; x_wconf 73' lang='lat' dir='ltr'><strong>vel</strong></span> 
     </span>
    </p>
   </div>
   <div class='ocr_carea' id='block_1_111' title="bbox 2118 5636 3688 5724">
    <p class='ocr_par' dir='ltr' id='par_1_111' title="bbox 2118 5636 3688 5724">
     <span class='ocr_line' id='line_1_111' title="bbox 2118 5636 3688 5724; baseline -0.006 -19"><span class='ocrx_word' id='word_1_782' title='bbox 2118 5652 2274 5706; x_wconf 87' lang='grc' dir='ltr'>πόλιν</span> <span class='ocrx_word' id='word_1_783' title='bbox 2305 5654 2547 5723; x_wconf 83' lang='grc' dir='ltr'>Σούρων,</span> <span class='ocrx_word' id='word_1_784' title='bbox 2579 5653 2768 5724; x_wconf 75' lang='grc' dir='ltr'>Σύρων</span> <span class='ocrx_word' id='word_1_785' title='bbox 2806 5651 2924 5708; x_wconf 88' lang='lat' dir='ltr'><strong>sive</strong></span> <span class='ocrx_word' id='word_1_786' title='bbox 2957 5649 3245 5724; x_wconf 84' lang='grc' dir='ltr'>Σουρηνῶν</span> <span class='ocrx_word' id='word_1_787' title='bbox 3284 5646 3436 5703; x_wconf 88' lang='lat' dir='ltr'><strong>nullo</strong></span> <span class='ocrx_word' id='word_1_788' title='bbox 3474 5636 3688 5714; x_wconf 62' lang='lat' dir='ltr'><strong>propric</strong></span> 
     </span>
    </p>
   </div>
   <div class='ocr_carea' id='block_1_112' title="bbox 2121 5724 2860 5779">
    <p class='ocr_par' dir='ltr' id='par_1_112' title="bbox 2121 5724 2860 5779">
     <span class='ocr_line' id='line_1_112' title="bbox 2121 5724 2860 5779; baseline 0.003 -4"><span class='ocrx_word' id='word_1_789' title='bbox 2121 5725 2343 5779; x_wconf 85' lang='lat' dir='ltr'><strong>nomine</strong></span> <span class='ocrx_word' id='word_1_790' title='bbox 2368 5724 2547 5779; x_wconf 86' lang='lat' dir='ltr'><strong>eidem</strong></span> <span class='ocrx_word' id='word_1_791' title='bbox 2582 5724 2860 5779; x_wconf 82' lang='lat' dir='ltr'><strong>adhibito.</strong></span> 
     </span>
    </p>
   </div>
  </div>
