3894 6444
428 274 534 339 655

1748 282 2075 345 JOANNIS
2108 283 2434 348 MALAL/E

3568 308 3665 372 656

424 403 530 455 οιι,
569 391 638 446 ad
672 405 847 461 usque
875 390 1178 449 Antiochiae
1210 393 1349 449 lines
1370 394 1558 449 omnia
1591 407 1844 454 vastans.
1878 398 1990 454 Haet

2107 401 2251 473 ὅρων
2280 385 2640 475 Ἀντιοχείας,
2677 404 2888 471 καύσας
2918 405 3011 460 καὶ
3042 406 3239 473 τόπους
3271 411 3363 483 τῆς
3395 415 3554 486 αὐτῆς
3573 423 3671 490 χώ-

427 483 517 537 nbi
574 483 920 540 audivissent
963 485 1335 541 Romanorum
1385 488 1592 554 duces,
1645 501 1834 545 contra
1883 507 2009 547 eum

424 578 631 643 egressi
693 583 862 630 sunt:
919 592 1030 647 quo
1094 579 1360 649 cognito,
1421 582 1728 648 Saraceni,
1788 596 2011 656 arrepta

427 666 606 735 praeda
634 706 648 731 ,
682 682 779 737 per
804 667 1039 724 limitem
1070 671 1405 726 exteriorem
1438 681 1757 728 evaserunt.

492 845 694 901 Eorum
762 855 1014 918 tempore
1062 847 1414 907 Justinianus
1470 850 1772 922 imperator
1823 868 1996 923 aquae-

418 940 644 996 ductum
676 941 1020 997 Alexandriae
1055 958 1267 1013 magna:
1292 942 1649 999 instauravit.

487 1115 795 1187 imperator
844 1132 977 1172 vero
1022 1118 1227 1172 certior
1282 1116 1459 1173 factus
1495 1118 1561 1173 de
1594 1119 2002 1175 Saracenorum

418 1210 844 1265 incursionibus
867 1248 881 1274 ,
927 1210 1288 1279 pedestribus
1334 1212 1509 1281 copiis
1543 1212 1863 1281 ingentibus
1891 1212 2006 1267 col-

416 1303 574 1357 lectis
596 1319 662 1358 ex
700 1301 974 1373 Phrygum
1010 1302 1502 1375 Lycocranitarum
1563 1305 1789 1373 regione
1815 1306 1960 1359 dicta
1986 1342 2002 1368 ,

413 1401 468 1451 in
505 1394 799 1451 Persarum
848 1405 903 1450 et
946 1397 1351 1452 Saracenorum
1414 1408 1599 1467 partes
1646 1414 1740 1463 eas
1772 1398 1999 1453 emittit.

414 1486 621 1540 Eodem
644 1494 904 1556 tempore
926 1529 940 1555 ,
968 1485 1205 1558 Hypatio
1235 1488 1471 1557 patricio
1493 1530 1508 1553 ,
1552 1488 1789 1542 militum
1828 1490 2002 1559 magi-

411 1587 571 1645 stro,
628 1579 898 1650 dignitate
951 1587 1156 1644 exuto,
1206 1578 1507 1634 Belisarius
1557 1580 1627 1634 ab
1660 1580 1999 1650 imperatore

412 1673 465 1727 in
493 1669 682 1726 locum
712 1672 834 1739 ejus
867 1670 1135 1726 suﬂ'ectus
1166 1680 1246 1725 est
1270 1710 1284 1734 ,
1330 1671 1421 1740 qui
1477 1671 1758 1727 exercitus
1793 1673 1997 1727 Roma-

408 1779 540 1834 nos,
612 1765 886 1833 ducesque
948 1770 1003 1817 et
1061 1774 1230 1816 totum
1282 1762 1413 1817 belli
1468 1760 1677 1817 Persici
1710 1766 1994 1833 negotium
2031 1757 2073 1815 B

408 1856 514 1912 sibi
548 1857 910 1910 commissum
946 1854 1159 1909 habuit.
1198 1853 1400 1909 Eodem
1438 1856 1606 1909 etiam
1656 1863 1906 1925 tempore
1938 1855 1991 1909 in

405 1944 689 2001 Persidem
746 1945 954 2000 missus
1002 1953 1086 1998 est
1124 1946 1501 2014 Hermogenes
1541 1946 1777 2017 Scytha,
1803 1962 1995 2001 exma-

402 2038 600 2109 gistcr,
637 2039 721 2091 vir
772 2037 1268 2107 prudentissimus.
1327 2037 1516 2093 Mense
1576 2049 1759 2092 autem
1789 2036 1990 2103 Junio,

405 2131 729 2186 indictionis
762 2111 862 2194 vxt,
914 2131 1188 2184 tumultus
1218 2131 1441 2201 gentilis
1475 2138 1705 2185 exortus
1739 2138 1861 2184 est:
1894 2130 1994 2183 Sa-

406 2225 691 2279 maritanis
731 2224 876 2278 enim
909 2221 1247 2292 Judaeisque,
1289 2239 1413 2277 cum
1445 2223 1778 2278 Christianis
1801 2222 1993 2277 conﬂi-

402 2317 708 2382 ctantibus,
761 2316 1161 2386 quamplurima
1200 2315 1253 2370 in
1310 2314 1628 2385 Scythopoli
1681 2314 1911 2369 aedilicia
1963 2330 1993 2369 a

403 2408 770 2464 Samaritanis
793 2409 1082 2465 combusta
1102 2419 1252 2464 sunt.
1286 2408 1592 2478 Imperator
1613 2419 1793 2463 autem
1816 2408 1992 2464 dehis

402 2504 608 2558 certior
631 2501 833 2565 factus,
859 2500 1028 2556 Basso
1054 2502 1313 2570 praefecto
1332 2501 1527 2565 iratus,
1547 2500 1726 2555 oﬂicio
1744 2516 1868 2555 eum
1892 2500 1991 2555 ab-

403 2596 610 2651 dicavit
639 2603 949 2667 :caputque
978 2598 1143 2649 etiam
1176 2595 1247 2657 ei,
1282 2594 1476 2649 eadem
1512 2595 1629 2664 ipsa
1662 2596 1716 2649 in
1747 2594 1989 2661 regione,

401 2688 731 2758 amputavit.
770 2687 1058 2740 Samaritae.
1079 2684 1247 2758 M6
1274 2687 1517 2749 interim,
1558 2686 1653 2739 ubi
1685 2685 1990 2741 intellexis-

403 2789 525 2835 sent
581 2780 968 2849 imperatorem
1027 2779 1134 2833 sibi
1186 2778 1466 2833 infensum
1504 2794 1666 2843 esse,
1701 2794 1787 2833 res
1818 2793 1987 2832 novas

404 2869 579 2921 moliti
634 2879 801 2933 sunt;
848 2879 902 2923 et
936 2865 1220 2922 lulianum
1264 2869 1584 2938 quemdam,
1616 2870 1943 2923 Samaritam
1972 2909 1987 2933 ,

403 2963 680 3017 latronum
716 2961 1062 3032 principem,
1110 2976 1318 3015 corona
1369 2961 1726 3025 adornantes,
1763 2961 1987 3030 praediis

402 3054 611 3123 passim
660 3061 715 3109 et
767 3053 1020 3107 ecclesiis
1050 3053 1206 3122 ignes
1250 3052 1562 3120 injecerunt
1589 3094 1603 3118 ,
1642 3054 1989 3123 quampluri-

2120 514 2238 568 ρας.
2278 499 2391 553 Kal.
2436 490 2775 564 ἀκούσαντες
2820 501 2888 555 τὰ
2938 505 3201 571 γεγινότα
3231 506 3278 559 οί
3309 506 3516 579 ἐξαρχοι
3547 514 3669 569 Ῥω-

2117 590 2293 660 μαίων
2333 591 2559 661 ἐξῆλθον
2597 593 2719 646 κατ’
2752 594 2965 648 αὐτῶν*
2999 596 3094 648 καὶ
3123 595 3338 664 γνόντες
3365 603 3411 651 οἱ
3441 596 3671 675 Σαρακη-

2118 679 2214 744 δοὶ,
2251 681 2510 746 λαϐόντες
2555 686 2736 737 πᾶσαν
2781 686 2881 756 τὴν
2928 686 3276 757 πραῖδαν,διά
3305 689 3394 742 τοῦ
3423 691 3668 765 ἐξωτέρου

2111 770 2331 843 λιμίτου
2364 774 2589 843 ἔφυγον.

2180 866 2272 918 Ἐν
2302 866 2453 937 αύτῷ
2480 868 2537 921 δὲ
2565 868 2643 939 τῷ
2669 868 2849 939 καιρῷ
2876 871 2971 923 καὶ
2997 872 3022 924 ό
3048 869 3261 937 ἀγωγὸς
3285 871 3671 947 Ἀλεξανδρείας

2107 959 2205 1025 τῆς
2236 960 2481 1028 μεγάλης
2514 960 2787 1031 ἀνενεώθη
2815 961 2920 1014 ὑπὸ
2954 960 3048 1015 τοῦ
3083 962 3345 1030 βασιλέως
3378 964 3672 1022 Ἰουστινιςι.⁶

2174 1038 2210 1063 ﬁ

2107 1064 2220 1101 νου.

2180 1138 2450 1204 Ἀκούσας
2476 1141 2533 1195 δὲ
2555 1143 2581 1194 ό
2605 1142 2768 1205 αὐτὸς
2799 1140 3053 1212 βασιλεὺς
3079 1141 3148 1195 τὰ
3170 1142 3435 1212 γενόμενα
3455 1146 3556 1199 ὑπὸ
3577 1148 3674 1202 τῶν

2108 1231 2478 1302 Σαρακηνῶν,
2513 1234 2741 1304 πέμψας
2774 1234 2875 1287 οὐκ
2921 1235 3112 1303 ὀλίγην
3163 1234 3414 1305 βοήθειαν
3459 1238 3676 1308 πεζικήν

2103 1324 2168 1377 ἐκ
2201 1323 2301 1392 τῆς
2340 1325 2570 1396 Φρυγῶν
2601 1326 2806 1397 χώρας,
2831 1327 2965 1395 τοὺς
2993 1326 3322 1396 λεγομένους
3350 1329 3675 1400 Λυκοκρανί-

2101 1434 2198 1479 τας
2217 1415 2353 1487 (79),
2376 1416 2622 1485 ἀπῆλθεν
2651 1419 2743 1469 ἐπὶ
2766 1419 2833 1470 τὰ
2850 1420 2919 1470 Σα
2931 1420 3200 1489 ρακηνικά
3227 1420 3324 1472 καὶ¹
3344 1420 3413 1472 τά
3442 1422 3677 1491 Περσικά

2104 1507 2267 1578 μέρη.
2287 1508 2376 1560 Ἕν
2407 1507 2556 1579 αύτῷ
2585 1510 2639 1562 δὲ
2662 1509 2742 1581 τῷ
2770 1510 2949 1583 καιρῷ
2971 1510 3286 1582 προεϐλήθη
3310 1511 3533 1583 ἔξαρχος
3547 1515 3675 1569 Ῥω-

2105 1602 2279 1671 μαίων
2303 1602 2659 1673 Βελισσάριος
2688 1604 2794 1656 ὑπὸ
2822 1604 2914 1656 τοῦ
2951 1604 3119 1656 αὐτοῦ
3152 1604 3420 1674 βασιλέως
3441 1623 3455 1637 °
3486 1601 3551 1675 ἣν
3576 1607 3679 1677 γὰρ

2100 1692 2404 1763 διαδεχθεὶς
2432 1692 2693 1757 ’Υπὰτιος
2732 1696 2760 1747 6
2789 1696 3082 1765 πατρίκιος
3106 1735 3121 1758 ,
3168 1696 3196 1747 6
3256 1697 3363 1767 πρὸ
3412 1696 3573 1749 αὑτοῦ
3610 1696 3680 1751 ὢν

2104 1785 2504 1857 στρατηλάτης,
2534 1788 2995 1851 καταπιστευθεὶς
3021 1787 3078 1840 δὲ
3105 1788 3459 1857 Βελισσὰριος
3495 1790 3560 1842 τά
3600 1789 3683 1856 ἐξ·

2101 1878 2302 1948 έρκετα
2328 1881 2425 1932 καὶ
2452 1879 2579 1943 τοὺς
2603 1879 2801 1943 δοῦκας
2831 1882 2911 1943 εἰς
2931 1883 3032 1950 τὴν
3055 1882 3197 1935 κατὰ
3224 1883 3454 1951 Περσῶν
3487 1883 3679 1954 μάχην.

2113 1968 2201 2021 Ἐν
2224 1968 2373 2038 αὑτῷ
2402 1968 2459 2023 δὲ
2482 1969 2559 2039 τῷ
2581 1970 2757 2041 χρόνῳ
2780 1971 3035 2042 ἐπέμφθη
3065 1974 3145 2034 είς
3167 1974 3243 2025 τὰ
3267 1971 3421 2043 μὸθ]
3452 1973 3684 2041 Περσικᾶ

2111 2060 2453 2132 Ἑρμογένης
2474 2063 2503 2114 ό
2522 2061 2629 2115 ἀπὸ
2659 2062 2997 2133 μαγίστρων,
3031 2066 3057 2117 6
3082 2063 3325 2133 Σκύθης,
3347 2063 3484 2134 ἀνὴρ
3509 2064 3682 2132 σοφός.

2100 2150 2189 2219 Τῷ
2219 2150 2275 2201 δέ
2295 2150 2500 2222 Ἰουνίῳ
2538 2153 2670 2222 μηνὶ
2696 2154 2797 2221 τῆς
2828 2154 3064 2225 ἑϐδόμης
3091 2154 3426 2217 ίνδικτιῶνος
3450 2159 3688 2226 ταραχῆς

2100 2241 2401 2310 γενομένης
2436 2241 2688 2312 ἐθνικῆς·
2729 2244 3114 2313 συμϐαλόντων
3150 2244 3299 2315 γὰρ⁸
3350 2245 3460 2299 τῶν
3506 2247 3690 2315 Σαμα-

2104 2333 2298 2403 ρειτῶν
2340 2334 2547 2403 μεταξὺ
2583 2336 2935 2407 Χριστιανῶν
2953 2339 3046 2390 καὶ
3069 2337 3369 2403 Ἰουδαίων,
3399 2338 3588 2390 πολλοὶ
3609 2338 3692 2389 τό-

2099 2441 2192 2478 ποι
2224 2420 2643 2497 ἐνεπρήσθησαν
2671 2429 2728 2480 ἐν
2758 2428 3091 2481 Σκυθοπόλει
3126 2432 3188 2481 ἐκ
3218 2430 3334 2481 τῶν
3376 2430 3559 2482 αὐτῶν
3590 2428 3689 2481 Σα-

2102 2519 2401 2589 μαρειτῶν.
2428 2520 2538 2572 Καὶ
2559 2519 2717 2572 τοῦτο
2741 2519 2983 2582 ἀκούσας
3002 2523 3030 2573 ό
3052 2521 3216 2583 αὐτὸς
3244 2520 3504 2590 βασιλεὺς
3526 2522 3690 2590 ἠγαν-

2099 2611 2306 2680 άκτησε
2335 2612 2477 2665 κατὰ
2509 2612 2603 2665 τοῦ
2635 2612 2895 2682 ἄρχοντος
2928 2613 3141 2665 Βάσσου
3165 2629 3176 2642 ·
3219 2614 3410 2666 ὅντινα
3446 2614 3692 2678 διαδεξά-

2101 2722 2263 2776 μενος
2292 2705 2705 2775 ἀπεκεφάλισεν
2734 2708 2792 2759 ἐν
2824 2707 2962 2774 αὐτῇ
3001 2710 3068 2777 τῇ
3116 2704 3297 2777 χώρᾳ.
3328 2707 3393 2759 Ol
3423 2706 3482 2759 δέ
3512 2707 3693 2775 Σαμα-

2100 2800 2274 2868 ρεῖται
2311 2799 2533 2873 γνόντες
2584 2798 2682 2867 τὴν
2735 2798 2857 2851 καθ’
2882 2799 3094 2851 ἑαυτῶν
3139 2794 3549 2870 ἀγανάκτησιν,
3577 2802 3695 2851 ἐτυ·

2099 2890 2374 2962 ράννησαν
2398 2893 2494 2945 καὶ
2520 2891 2753 2960 ἔστεψαν
2786 2890 3092 2961 λῄσταρχον
3119 2892 3353 2960 ὀνόματι
3376 2890 3692 2954 Ἰουλιανδν,

2096 2984 2467 3054 Σαμαρείτην,
2497 2985 2592 3036 καὶ
2615 2984 2855 3036 ἔκαυσαν
2878 2985 3133 3053 κτήματα
3156 2985 3253 3036 καὶ
3277 2985 3583 3053 ἐκκλησίας
3604 2984 3695 3038 καὶ

2099 3078 2396 3143 ἐφόνευσαν
2446 3076 2676 3138 πολλοὺς
2723 3072 3110 3143 Χριστιανούς.
3152 3074 3269 3127 Καὶ
3321 3073 3587 3127 εἰσελθὼν
3639 3077 3694 3127 ἐν

402 3122 505 3200 tuis
562 3145 728 3199 etiam
781 3146 1118 3200 Christianis
1166 3162 1195 3200 e
1252 3145 1433 3208 medio
1464 3145 1721 3199 sublatis.
1760 3122 1902 3209 Quin
1935 3155 1989 3198 et

2101 3122 2389 3143 Ἵππη--
2453 3122 2673 3138 ----..._-,
2723 3122 3110 3143 -__.---,--.-_,-
3156 3122 3268 3127 ---η
3324 3122 3579 3127 --ε----ηε
3642 3122 3687 3127 -,

2101 3168 2366 3221 Νεαπόλει
2397 3167 2705 3237 ἐθεώρησεν
2745 3167 3103 3236 ἱπποδρόμιον
3136 3167 3279 3236 μετὰ
3318 3167 3564 3237 πλήθους
3597 3167 3696 3219 Σα-

402 3237 690 3307 Neapolim
726 3239 1013 3307 ingressus
1059 3235 1316 3291 Julianus
1356 3250 1650 3290 numerosa
1685 3235 1981 3288 Samarita-

400 3345 523 3383 rum
561 3330 721 3384 turba
782 3329 1054 3399 stipatus,
1116 3329 1391 3383 circensia
1446 3329 1611 3382 etiam
1653 3329 1982 3397 spectabat:

402 3424 494 3477 ubi
534 3407 1042 3492 Niceas'quidam,
1094 3422 1450 3476 Christianus
1503 3419 1723 3489 auriga,
1752 3420 1985 3489 palmam

401 3518 635 3587 primam
680 3517 847 3581 tulit,
882 3517 975 3585 qui
1013 3516 1233 3570 caeteris
1267 3516 1435 3570 etiam
1488 3514 1582 3584 qui
1628 3515 1701 3568 ibi
1759 3514 1988 3567 aderant

399 3609 694 3672 onmibus,
749 3616 862 3661 tam
916 3608 1211 3661 Samaritis
1234 3646 1248 3670 ,
1302 3622 1465 3676 quam
1493 3605 1697 3661 Judaeis
1730 3606 1941 3675 aurigis
1970 3647 1983 3671 ,

400 3700 657 3768 superior
720 3698 904 3752 factus
932 3706 1038 3752 est.
1073 3697 1393 3768 Tyrannum
1428 3698 1617 3766 itaque
1650 3695 1984 3761 adeuntem,

399 3791 646 3843 victoriae
684 3789 971 3859 prmmium
1024 3788 1093 3842 ab
1126 3803 1193 3842 eo
1228 3796 1288 3842 ut
1332 3788 1650 3856 acciperet,
1685 3797 1982 3857 tyrannus,

400 3881 563 3949 cujus
620 3870 784 3935 sectm
831 3888 1017 3944 esset,
1093 3895 1216 3933 eum
1299 3879 1685 3947 interrogavit.
1737 3878 1988 3948 Cumque

400 3972 780 4026 Christianum
843 3986 971 4024 esse
1033 3967 1401 4023 intellexisset
1459 3970 1580 4037 (pro
1634 3969 1779 4022 malo
1842 3970 1893 4021 in
1928 3984 1987 4023 se

397 4064 588 4119 omine
634 4064 846 4120 habens
906 4063 1262 4131 Christianos
1317 4060 1554 4130 primam
1617 4061 1803 4115 statim
1870 4064 1988 4131 pal-

401 4174 544 4210 mam
589 4159 709 4213 suis
744 4157 1079 4227 prwripere;
1115 4153 1263 4225 quod
1294 4162 1349 4208 et
1390 4153 1595 4207 factum
1628 4157 1732 4225 est)
1762 4174 1775 4209 :
1813 4157 1987 4209 misso

397 4251 660 4306 carniﬁce
689 4292 703 4316 ,
755 4250 961 4320 aurigae
996 4248 1051 4302 in
1086 4249 1206 4318 ipso
1257 4248 1407 4301 circo
1437 4258 1604 4317 caput
1640 4249 1982 4317 amputavit,

396 4343 492 4399 sed
534 4352 590 4399 et
645 4344 970 4414 episc0pum
1014 4355 1239 4412 quoque
1265 4339 1513 4408 ejusdem
1560 4340 1718 4395 urbis
1748 4342 2007 4408 pessime,

2100 3264 2406 3333 μαρειτὼν·
2442 3261 2535 3314 καὶ
2568 3261 2628 3312 τὸ
2661 3260 2874 3329 πρῶτον
2906 3258 3057 3327 βάῖον
3083 3259 3309 3328 ἐνίκησε
3348 3260 3561 3321 Νικέας
3592 3275 3694 3321 τις,

2090 3354 2304 3422 ἡνίοχος
2351 3346 2886 3423 Χριστιανός.Ἶὶσαν
2936 3349 2992 3401 δὲ
3045 3350 3141 3402 καὶ
3185 3348 3342 3402 ἄλλοι
3369 3352 3429 3402 ἐν
3460 3354 3527 3420 τῇ
3563 3351 3694 3420 αὐτῇ

2091 3445 2361 3497 Νεαπόλει
2390 3444 2620 3513 ἡνίοχοι,
2649 3443 2988 3512 Σαμαρεῖται
3019 3442 3114 3493 καὶ
3136 3440 3416 3504 Ἰουδαῖοι,
3442 3441 3696 3504 οὕστινας

2090 3536 2341 3605 ἐνίκησεν
2368 3537 2395 3588 6
2416 3535 2579 3596 αὐτὸς
2606 3534 2810 3595 Νικέας
2837 3533 3073 3602 ἡνίοχος.
3096 3533 3205 3585 Καὶ
3233 3532 3413 3585 ἐλθὼν
3444 3533 3586 3602 πρὸς
3608 3530 3697 3584 τὸν

2088 3626 2371 3697 τύραννον,
2407 3624 2639 3693 ὀφείλων
2673 3622 2995 3693 τιμηθῆναι,
3033 3621 3408 3692 ἐπηρώτησε9
3440 3624 3499 3676 δὲ
3530 3622 3692 3676 αὐτὸν

2090 3718 2250 3780 ποίας
2278 3714 2865 3799 ὑπάρχειοθρησκείας.
2917 3714 3026 3766 Kal
3077 3713 3269 3782 μαθὼν
3303 3716 3392 3768 ὅτι
3427 3717 3697 3786 Χριστια-

2088 3810 2177 3872 νός
2225 3809 2361 3870 ἐστι,
2393 3808 2487 3859 καὶ
2518 3808 2598 3870 είς
2627 3805 2899 3874 σύμϐολον
2927 3804 3226 3873 δεξάμενος
3261 3807 3366 3877 τὴν
3415 3806 3531 3859 τῶν
3563 3806 3698 3874 Χρι-

2090 3897 2323 3951 στιανῶν
2352 3894 2555 3958 εὐθέως
2603 3893 2826 3964 πρώτην
2865 3894 3024 3965 νίκην
3055 3895 3175 3947 κατ’
3197 3896 3407 3960 αὑτοῦ,
3437 3897 3579 3966 ὅπερ
3608 3895 3701 3948 καὶ

2088 3986 2332 4055 γέγονεν,
2366 3982 2571 4047 εὐθέως
2607 3982 2835 4053 πέμψας
2862 3983 3237 4051 ἀπεκεφάλισε
3270 3986 3366 4037 τὸν
3398 3985 3621 4055 ἡνίοχον
3644 3986 3700 4037 ὲν

2087 4080 2168 4147 τῷ
2200 4077 2562 4148 ίπποδρομίῳ.
2581 4077 2883 4147 Ἐχρήσατο
2932 4076 3117 4139 κακῶς
3154 4078 3253 4129 καὶ
3299 4078 3381 4146 τῷ
3410 4062 3701 4147 ἐπισκόπῴ

2087 4170 2186 4239 τῆς
2216 4167 2387 4236 αὐτῆς
2409 4164 2816 4226 πόλεως.Τοῦτο
2842 4164 2900 4217 δὲ
2927 4165 3146 4232 γνόντες
3168 4165 3220 4217 οἱ
3244 4163 3405 4238 [181]
3431 4167 3699 4237 ἄρχοντες

2088 4258 2452 4328 Παλαιστίνης
2489 4257 2583 4310 καὶ
2626 4256 2655 4308 6
2686 4256 2812 4321 δοὺξ
2845 4254 3122 4326 Θεόδωρος
3168 4256 3197 4307 6
3255 4257 3427 4327 σιμὸς
3481 4258 3544 4311 τὺ
3598 4258 3701 4326 τῆς

2088 4350 2403 4421 τυραννίδος
2438 4348 2700 4417 τόλμημα
2744 4348 3019 4417 ἐμήνυσεν
3040 4348 3083 4378 ¹⁰
3117 4346 3324 4410 εὐθέως
3356 4348 3438 4418 τῷ
3485 4348 3703 4417 βασιλεῖ

395 4436 610 4491 habuit.
645 4435 955 4491 Palmstinze
984 4443 1168 4489 autem
1216 4430 1490 4502 praefecti,
1524 4447 1648 4485 cum
1688 4430 1982 4486 Theodoro

2101 4437 2466 4508 Ἰουστινιανῷ
2489 4454 2501 4468 ·
2536 4438 2631 4490 καὶ
2675 4436 2924 4491 ἀπελθὼν
2957 4438 2985 4490 6
3014 4436 3137 4502 δοὺξ
3180 4437 3309 4489 κατ’
3347 4437 3523 4491 αὐτοῦ
3559 4438 3699 4508 μετά

400 4528 557 4582 Simo
591 4528 767 4591 duce,
797 4526 865 4581 de
896 4526 987 4580 his
1038 4524 1310 4580 certiores
1353 4521 1523 4587 facti,
1562 4523 1779 4594 tyranni
1814 4523 1982 4592 hujus

397 4620 772 4689 impudentem
808 4612 1095 4672 audaciam
1135 4614 1457 4670 Iustiniano
1492 4616 1817 4685 imperatori
1854 4630 1984 4687 pro-

396 4712 550 4765 tinus
581 4724 679 4781 per
708 4710 929 4763 litteras
957 4714 1378 4778 repraesentant.
1411 4706 1616 4760 Contra
1663 4722 1787 4761 eum
1828 4721 1980 4772 vero,

398 4802 608 4874 ingenti
659 4817 786 4856 cum
835 4802 1084 4857 exercitu
1109 4842 1124 4868 ,
1149 4798 1434 4867 egreditur
1467 4798 1795 4854 Theodorus
1831 4799 1980 4867 dux;

397 4894 491 4963 qui
526 4891 886 4962 phylarcham
935 4890 1099 4945 etiam
1144 4888 1451 4944 Palazstinae
1488 4890 1594 4944 sibi
1633 4890 1846 4945 socium
1888 4891 1983 4944 ad-

393 4984 600 5053 jnnxit.
633 4983 753 5048 Quo
778 4980 991 5045 audito,
1020 4978 1282 5035 Julianus
1328 4979 1598 5034 Samarita
1629 5020 1644 5045 ,
1682 4989 1981 5051 tyrannus,

399 5074 624 5145 Neapoli
661 5075 855 5129 relicta
879 5116 894 5140 ,
943 5075 1128 5146 fugam
1158 5074 1441 5144 capessit:
1473 5088 1637 5143 quem
1673 5072 1984 5129 Palaestinae

2088 4530 2291 4599 πολλῆς
2317 4528 2594 4600 βοηθείας,
2627 4527 2811 4582 λαϐὼν
2839 4527 2956 4599 μεθ’
2982 4527 3174 4580 ἐαυτοῦ
3210 4529 3313 4580 καὶ
3348 4528 3446 4581 τὸν
3485 4528 3700 4599 φύλαρ-

2081 4640 2176 4693 χον
2212 4619 2612 4686 Παλαιστίνης’
2647 4618 2745 4672 καὶ
2791 4620 2955 4687 γνοὺς
2989 4617 3150 4670 τοῦτο
3177 4620 3204 4670 ὀ
3234 4618 3516 4690 τύραννος
3560 4620 3699 4673 ἰου-

2080 4712 2262 4775 λιανδς
2279 4714 2307 4766 6
2327 4710 2702 4781 Σαμαρείτης,
2732 4709 2917 4780 φυγὼν
2942 4709 3163 4778 ἐξῆλθεν
3187 4711 3302 4763 ἀπὸ
3329 4712 3695 4774 Νεαπόλεως.

2081 4804 2194 4858 Kal.
2222 4801 2551 4867 κατεδίωξεν
2581 4799 2742 4853 αὐτὸν
2775 4802 2803 4852 6
2830 4799 2955 4865 δουξ
2989 4799 3127 4870 μετὰ
3159 4798 3263 4867 τῆς
3310 4800 3519 4852 ἑαυτοῦ
3566 4798 3701 4869 βοη-

2083 4893 2258 4955 θείας,
2294 4890 2390 4943 καὶ
2419 4890 2791 4959 συνέκρουσαν
2836 4890 3106 4958 πόλεμον*
3140 4889 3236 4940 καὶ
3268 4888 3475 4957 ἔκοψεν
3513 4892 3541 4941 ό
3570 4885 3699 4950 δουξ

2086 4986 2151 5038 ἐκ
2195 4984 2306 5037 τῶν
2356 4981 2712 5053 Σαμαρειτῶν
2761 4982 2985 5049 πλῆθος,
3022 4981 3117 5034 καὶ⁵
3161 4981 3488 5050 παρέλαϐεν
3532 4978 3701 5033 αὑτὸν

2087 5077 2440 5150 Σαμαρείτην
2462 5075 2775 5141 Ἰουλιανδν,
2806 5074 2900 5128 τοῦ
2943 5073 3080 5127 Θεοῦ
3112 5074 3461 5143 παραδόντος
3508 5072 3697 5127 αὐτόν.

1672 5205 1908 5260 VARI/13
1958 5207 2370 5265 LEGTIONES.

469 5306 489 5339 ⁸
509 5303 617 5374 γὰρ
639 5318 701 5357 ex
714 5310 979 5372 punctum
1001 5301 1210 5356 malim.
1258 5301 1278 5332 ⁹
1297 5298 1624 5372 ἐπηρώτησε
1646 5302 1772 5367 Clt.,
1793 5303 2113 5374 ἐπερώτησε
2138 5302 2241 5358 Οτ.
2284 5302 2329 5336 ³ο
2353 5301 2644 5374 ἐμήνυσεν.
2676 5319 2693 5352 α
2717 5299 2881 5357 Forte
2906 5300 3188 5357 scribend.
3214 5302 3531 5373 ἐμήνυσαν.
3549 5322 3567 5354 ι
3591 5301 3697 5357 Ch.

1629 5414 1740 5469 El).
1781 5414 2161 5471 CHILMEADI
2202 5414 2433 5470 NOTIE.

471 5510 585 5583 (-79)
617 5509 757 5583 1:06;
798 5505 1130 5583 λεγομένους
1175 5505 1605 5583 Λμκοκρανίτας.
1664 5505 1782 5559 Νοη
1810 5506 1978 5577 Phry-

400 5577 521 5649 giae,
567 5577 665 5635 Sed
699 5577 1186 5649 Pisidiaaipnpulus
1223 5577 1326 5631 iste
1358 5586 1497 5637 erat,
1541 5594 1568 5629 a
1614 5586 1800 5649 monte
1839 5592 1979 5649 quo:

402 5646 546 5714 nam,
587 5651 674 5704 cui
714 5647 895 5702 Λύκου
923 5648 1139 5715 Κράνος
1170 5661 1390 5705 nomen.
1430 5648 1502 5699 ita
1537 5646 1867 5716 appellatus,
1899 5646 1979 5700 uti

405 5730 637 5777 testatur
688 5717 1018 5788 Procopius,
1072 5716 1145 5772 D'e
1187 5717 1303 5772 reb.
1346 5716 1509 5769 Gnth.
1550 5720 1596 5771 -Ι,
1646 5734 1703 5771 m
1752 5736 1763 5770 :
1820 5716 1977 5770 Ἀλλὰ

2086 5508 2509 5579 Λυκοκρανίτας
2553 5505 2785 5579 καλοῦσι
2814 5505 3198 5579 τῶνᾷζῐλισιδῶν
3220 5521 3447 5579 ’τινας
3481 5508 3583 5579 ούχ
3614 5508 3698 5579 ὅτι

2084 5574 2291 5631 λύκων’
2320 5579 2564 5648 κεφαλὰς
2611 5578 2851 5648 ἔχουσιν,
2897 5576 3014 5631 ἀλλ’
3043 5578 3127 5629 ὅτι
3158 5574 3347 5629 Λύκου
3396 5574 3601 5646 Κράνα
3633 5575 3699 5630 τὸ

2083 5648 2208 5718 ὅρος
2238 5648 2465 5719 ἐκλήθη,
2501 5647 2530 5701 ὃ
2561 5647 2733 5719 ταύτῃ
2763 5647 2965 5717 ἀνέχει.
