3894 6446
179 503 278 569 657

1206 507 1886 569 CHRONOGRAPHIA.
1928 531 1992 540 -·
2029 509 2175 566 LIB.
2216 508 2432 569 XVIII.

3346 510 3449 574 658

181 619 285 674 Kal.
317 618 730 688 ἀποκεφαλίσας
760 618 921 673 αὑτὸν
955 618 1169 691 ἔπεμψε
1195 621 1293 691 τὴν
1321 619 1562 689 κεφαλὴν
1600 617 1762 671 αὑτοῦ

1884 618 1978 672 lux
2012 633 2139 672 cum
2180 620 2353 685 copiis
2382 619 2499 674 suis
2528 620 2818 675 insccutus
2849 660 2862 685 ,
2897 635 3135 691 cumque
3167 635 3232 675 co
3265 621 3451 690 prmlio

180 710 315 778 μετὰ
364 710 460 763 τοῦ
509 710 838 781 διαδήματος
865 711 944 782 τῷ
975 710 1596 781 βασιλεῖ’ἰουστινιανῷ.
1652 710 1764 762 Καὶ

175 803 260 854 ὅτε
296 801 548 873 ἐγνώσθη
594 803 673 872 τῷ
718 803 869 875 αὑτῷ
900 804 1111 874 βασιλεῖ
1139 804 1208 857 τὰ
1235 805 1536 874 γενόμενα,
1570 802 1631 855 τὸ
1662 802 1763 869 τῆς

177 892 493 962 τυραννίδος
525 892 632 946 τῶν
667 894 1028 966 Σαμαρειτῶν
1069 895 1164 948 καὶ
1191 894 1285 947 τοῦ
1313 892 1613 961 δυστυχοῦς
1637 891 1765 943 Ἰου-

177 981 380 1048 λιανοῦ,
418 985 451 1054 ἡ
484 985 636 1055 παρὰ
668 985 777 1037 τῶν
806 987 1081 1056 ἀρχόντων
1118 988 1352 1056 μήνυσις
1392 984 1596 1046 εὐθέως
1635 1000 1768 1036 κατ-

174 1075 365 1129 έλαϐεν
386 1078 444 1128 ὲν
468 1077 1043 1131 Κωνσταντινουπόλει
1071 1078 1169 1131 καὶ
1198 1078 1231 1147 ἡ
1260 1075 1354 1129 τοῦ
1381 1076 1648 1145 τυράννου
1672 1091 1765 1127 κε-

176 1167 589 1238 φαλή.Ἐπεσον
618 1168 675 1222 δὲ
706 1172 770 1222 ἐκ
809 1169 918 1223 τῶν
948 1168 1308 1241 Σαμαρειτῶν
1347 1169 1404 1219 ἐν
1438 1166 1517 1236 τῷ
1544 1165 1765 1235 πολέμῳ

176 1264 411 1335 χιλιάδες
448 1264 657 1318 εἴκοσι’
695 1264 843 1338 [182]
878 1266 976 1319 καὶ
1005 1267 1055 1319 οἱ
1089 1266 1187 1335 μὲν
1218 1265 1417 1333 ἔφυγον
1439 1265 1518 1327 είς
1550 1264 1614 1316 τὸ
1639 1262 1765 1333 ὅρος

175 1356 232 1409 τὸ
255 1356 553 1425 λεγόμενον
574 1357 846 1427 Ἀρπαρίζ
854 1376 899 1412 ιν
916 1359 956 1391 ¹¹
981 1358 1113 1425 (80),
1142 1357 1289 1411 ἄλλοι
1318 1355 1375 1408 δὲ
1398 1356 1478 1417 είς
1508 1355 1598 1408 τὸν
1621 1355 1768 1425 Τρα-

173 1445 320 1517 χῶνα
360 1449 442 1511 είς
472 1448 535 1501 τὸ
574 1449 870 1519 λεγόμενον
914 1448 1168 1519 σιδηροῦν
1202 1445 1556 1518 ὅρο;.¹Έλα6ε
1588 1445 1645 1497 δὲ
1671 1446 1768 1497 καὶ

172 1540 200 1592 ὁ
230 1538 512 1609 φύλαρχος
550 1541 867 1611 Σαρακηνδς
900 1541 928 1592 ὁ
968 1541 1078 1593 τῶν
1115 1539 1403 1608 Ῥωμαίων
1433 1538 1665 1609 πραῖδαν
1709 1535 1768 1600 ἐξ

173 1628 352 1682 αὐτῶν
391 1630 636 1697 χιλιάδας
671 1632 846 1684 εἴκοσι
890 1630 1097 1683 παίδων
1124 1632 1220 1683 καὶ
1252 1630 1523 1698 κορασίων
1545 1645 1558 1658 ·
1590 1626 1770 1681 οῦστι-

174 1736 265 1781 νας
298 1718 484 1771 λαϐὼν
515 1720 897 1791 αἰχμαλώτους
933 1720 1216 1791 ἐπώλησεν
1248 1722 1307 1774 ὲν
1328 1724 1449 1784 τοῖς
1480 1722 1770 1790 Περσικοῖς

175 1808 269 1862 καὶ
295 1807 540 1873 Ἰνδικοῖς
574 1810 641 1880 μέ
649 1827 821 1880 ρεσιν.

177 1907 394 1959 niorum
447 1903 740 1972 utriusque
790 1918 956 1959 sexus
1003 1920 1069 1959 ex
1106 1903 1189 1958 eis
1216 1920 1317 1975 pro
1347 1905 1528 1977 pra‘da
1565 1905 1754 1975 cepit;

178 1996 497 2065 Indieisque
527 1996 798 2050 vendidit.

1866 716 2235 782 congressus,
2273 709 2576 767 Samaritas
2634 713 2743 767 late
2790 713 3127 782 prosternit;
3194 726 3448 781 compre-

1867 804 2099 858 hensum
2154 818 2376 872 quoque
2426 802 2711 858 Iulianum
2768 805 2973 874 ipsum,
3041 806 3149 857 Dco
3199 803 3453 857 tradente

1867 908 2030 955 eum,
2083 892 2248 965 447
2299 894 2483 963 capite
2526 902 2785 962 truncat;
2840 902 3118 964 caputque
3149 894 3304 963 ejus,
3342 909 3449 947 una

1867 998 1992 1039 cum
2024 975 2364 1049 diademate,
2391 984 2706 1040 Iustiniano
2734 986 3057 1055 imperatori
3106 986 3299 1039 mittit.
3332 984 3454 1050 Quo

1868 1084 2117 1145 tempore
2147 1092 2279 1130 vero
2308 1077 2495 1131 miseri
2551 1077 2757 1131 Juliani
2813 1077 3326 1147 Samaritarumque
3381 1087 3455 1147 ty.

1869 1167 2121 1221 raunidis
2173 1166 2312 1220 fama
2360 1169 2538 1236 prima
2588 1168 2941 1233 innotuerat;
2976 1169 3246 1223 continuo
3284 1168 3451 1223 etiam

1869 1273 2055 1312 rerum
2089 1273 2117 1313 a
2154 1260 2392 1315 ducibus
2417 1260 2623 1315 inillos
2651 1270 2930 1330 gestarum
2957 1262 3232 1324 nuntium,
3266 1269 3455 1331 tyran-

1870 1350 2036 1420 nique
2112 1359 2275 1420 caput
2319 1392 2335 1416 ,
2402 1350 2946 1423 Constantinopolim
3012 1352 3223 1421 perlata
3302 1358 3451 1405 sunt.

1868 1444 2198 1500 Ceciderunt
2242 1455 2425 1501 autem
2478 1462 2545 1501 ex
2596 1446 2892 1502 Samaritis
2935 1448 2990 1501 in
3048 1447 3153 1499 hoc
3192 1444 3335 1498 bello
3383 1460 3452 1496 xx

1869 1538 2043 1592 millia
2090 1538 2378 1592 hominum
2413 1557 2427 1594 :
2479 1540 2663 1594 cmteri
2697 1539 2948 1593 nonnulli
2981 1539 3033 1593 in
3079 1545 3319 1590 montem
3354 1535 3458 1587 Ar-

1870 1630 2099 1699 parizim
2136 1638 2392 1687 vocatum
2417 1672 2432 1697 ,
2473 1631 2565 1685 alii
2602 1632 2659 1686 in
2708 1628 3171 1686 Tracltonitidem
3200 1669 3213 1693 ,
3259 1628 3325 1681 ad
3357 1625 3458 1681 Fe-

1870 1737 2026 1776 reum
2062 1733 2303 1778 montem
2333 1726 2668 1795 recipientes
2713 1741 2835 1781 sese
2859 1766 2874 1791 ,
2918 1731 3233 1781 evaserunt.
3291 1720 3456 1776 Sara-

1874 1828 2046 1868 cenus
2078 1814 2242 1867 etiam
2298 1814 2671 1870 Romanorum
2703 1816 3007 1888 pllylareha
3056 1831 3125 1869 xx
3161 1813 3328 1867 millia
3367 1816 3458 1882 ju-

1837 1920 1977 1975 quos
2010 1906 2280 1976 ‘captivds
2330 1908 2619 1964 abducens
2677 1908 2729 1962 in
2812 1908 3134 1978 regionibus
3218 1905 3457 1962 Persicis

258 2090 317 2143 Ὀ
341 2089 399 2143 δὲ
424 2090 584 2152 αὐτὸς
618 2089 872 2160 βασιλεὺς
894 2090 1056 2159 γνοὺς
1085 2091 1169 2143 ὅτι
1202 2089 1372 2144 πολλὰ
1392 2092 1652 2162 κτήματα
1672 2094 1770 2161 τῆς

1948 2089 2223 2143 Cancrum
2259 2089 2584 2157 imperatox,
2616 2089 2805 2144 audito
2838 2087 3141 2143 Samaritas
3181 2086 3286 2141 sub
3320 2085 3458 2154 ipsis

180 2181 548 2252 Παλαιστίνης
580 2181 820 2236 ἔκαυσαν
861 2184 909 2235 οἱ
954 2182 1295 2252 Σαμαρεῖται
1325 2182 1423 2252 τὴν
1462 2183 1635 2255 ἀρχὴν
1679 2184 1769 2236 ὅτε

180 2275 583 2344 ἑτυράννησαν,
621 2272 977 2341 ἠγανάκτησε
1009 2272 1153 2325 κατὰ
1202 2271 1298 2324 τοῦ
1343 2272 1533 2335 δουκδς
1570 2272 1771 2324 Παλαι-

181 2366 391 2436 στίνης,
421 2366 557 2419 διότι
588 2364 695 2437 πρὸ
720 2364 815 2418 τοῦ
847 2365 1272 2435 ὲπιρῤίψωσιν¹’
1298 2364 1408 2433 (8|)
1439 2366 1517 2427 εἰς
1539 2366 1606 2416 τὰ
1637 2365 1772 2433 κτή-

183 2476 328 2528 ματα
358 2458 391 2528 ἢ
426 2459 508 2521 είς
539 2456 637 2528 τὴν
664 2457 848 2520 πόλιν,
874 2456 907 2525 ἢ
945 2456 1106 2526 μόνον
1138 2457 1372 2526 ἤκουσεν
1396 2456 1479 2509 ὅτι
1517 2457 1775 2523 συνάγον-

179 2569 287 2614 ται,
323 2550 426 2621 οὐχ
457 2549 688 2620 ὥρμησε
721 2548 841 2603 κατ’
864 2549 1045 2602 αὐτῶν
1077 2548 1174 2603 καὶ
1218 2549 1628 2619 ὲσκορπίζοντο.
1664 2547 1777 2599 Καὶ

177 2643 571 2711 διαδεξάμενος
604 2642 697 2694 τὸν
732 2640 893 2693 αὐτὸν
923 2639 1095 2693 δοῦκα
1122 2640 1385 2710 ἀσχήμως
1411 2639 1521 2709 (82)
1553 2638 1773 2692 ἐκέλευ-

183 2753 268 2790 σεν
303 2734 474 2788 αὑτὸν
513 2731 919 2801 ἀσφαλισθέντα
951 2730 1344 2807 ρυλάττεσθαι.
1378 2731 1488 2783 Καὶ
1518 2730 1772 2800 ἐπέμφθη

184 2826 292 2879 ἀντ’
319 2824 488 2878 αὑτοῦ
510 2823 637 2889 δοὺξ
659 2824 969 2893 Εἰρηναῖος,
986 2819 1323 2892 Ἀντιοχεύςο
1351 2821 1500 2883 ὅστις
1526 2821 1776 2891 ὁρμήσας

184 2918 318 2972 κατὰ
363 2917 472 2971 τῶν
514 2916 932 2986 ἀπομεινάντων
969 2914 1329 2984 Σαμαρειτῶν
1360 2915 1417 2966 ὲν
1448 2916 1563 2977 τοῖς
1599 2914 1772 2984 δρεσι,

186 3011 412 3075 πολλοὺς
440 3008 692 3065 ἀπώλεσε
722 3006 942 3080 πικρῶς
971 3007 1452 3079 τιμωρησάμενος.

253 3191 318 3244 '0
366 3190 425 3243 δὲ
467 3188 577 3242 τῶν
625 3187 851 3258 Περσῶν
896 3186 1152 3257 βασιλεὺς
1203 3185 1431 3257 Κωάδης
1481 3184 1777 3254 δεξάμενος

198 3283 539 3353 Ἑρμογένην
570 3280 681 3351 (85)
719 3282 1043 3351 μάγιστρον,
1066 3281 1122 3332 ἐν
1147 3280 1302 3351 φιλίᾳ
1321 3278 1622 3349 πρεσϐείας
1645 3295 1778 3348 πεμ-

189 3375 389 3444 φθέντα
421 3377 562 3444 μετὰ
595 3375 689 3427 καὶ
722 3373 911 3445 δώρων
955 3373 1056 3443 τῆς
1103 3371 1518 3444 ἀναγορεύσεως
1548 3368 1643 3423 τοῦ
1682 3368 1778 3439 βα-

193 3466 784 3531 σιλέωςἸουστινιανοῦ
816 3468 876 3520 ὲν
908 3466 1038 3537 μην).
1054 3464 1281 3535 Ἰουλίῳ.

254 3559 416 3633 [185]
457 3560 667 3630 Συνέϐη
722 3560 781 3613 δὲ
833 3558 954 3613 κατ’
990 3560 1169 3612 ἐκεῖνο
1215 3555 1410 3629 καιροῦ
1442 3554 1636 3609 παθεῖν
1672 3554 1778 3608 ὑπὸ

193 3649 489 3722 θεομηνίας
512 3650 816 3720 Ἀμάσειαν
850 3650 907 3702 ὲν
941 3651 1008 3719 τῇ
1041 3650 1278 3718 Ποντικῇ
1323 3648 1419 3701 καὶ
1467 3648 1637 3718 αὐτῆς
1680 3646 1780 3716 τῆς

192 3743 506 3814 περιχώρου
531 3743 694 3814 μέρη.
716 3743 774 3796 '0
804 3743 861 3797 δὲ
883 3742 1048 3806 αὐτὸς
1079 3740 1334 3812 βασιλεὺς
1362 3743 1429 3812 τῇ
1463 3742 1601 3811 αὐτῇ
1626 3738 1778 3792 πόλει

194 3836 365 3889 πολλὰ
396 3836 715 3907 ἐχαρίσατο.

261 3927 351 3981 Ἐν
390 3927 540 3997 αὐτῷ
567 3928 623 3981 δὲ
652 3926 727 3997 τῷ
764 3927 942 3997 χρόνῳ
972 3925 1407 3989 ἅνάκωδίκευσις
1436 3925 1653 3993 ἐγένετο
1674 3924 1781 3977 τῶν

195 4020 443 4074 παλαιῶν
467 4020 651 4089 νόμων
669 4034 681 4049 ·
710 4019 805 4073 καὶ
830 4019 1065 4088 ποιήσας
1095 4018 1258 4080 ἰδίους
1285 4018 1483 4087 νόμους
1505 4017 1707 4069 κατέπε
1719 4034 1784 4087 μ-

194 4107 289 4177 ψεν
308 4111 369 4163 ἐν
395 4110 601 4173 πάσαις
626 4111 746 4172 ταῖς
775 4109 961 4163 πόλεσι
991 4108 1127 4179 πρὸς
1152 4108 1211 4161 τὸ
1238 4109 1363 4171 τοὺς
1392 4107 1789 4175 δικαζομένους

122 4248 128 4254 .
198 4202 269 4270 μὴ
301 4200 661 4272 περιπίπτειν
694 4200 908 4269 θλίψεσι
944 4200 1040 4252 καὶ
1071 4199 1299 4269 ζημίαις
1324 4240 1339 4265 ,
1372 4199 1505 4252 ἀλλὰ
1558 4200 1782 4268 ταχεῖαν

193 4290 337 4363 ἔχειν
368 4294 474 4363 τὴν
503 4292 859 4362 ἀπαλλαγήν·
904 4292 1046 4363 ὅπερ
1081 4291 1397 4362 μονόϐιϐλον
1440 4288 1785 4344 κατασκευά-

197 4400 289 4446 σας
316 4386 570 4460 επεμψεν
603 4386 661 4440 ὲν
683 4385 944 4454 Ἀθήναις
966 4384 1064 4438 καὶ
1094 4385 1151 4437 ἐν
1178 4381 1430 4454 Βηρυτῷ.

269 4568 331 4623 '0
377 4569 439 4622 δὲ
482 4569 645 4632 αὐτὸς
677 4568 932 4638 βασιλεὺς
958 4566 1295 4647 ἀπεμέρισεν
1322 4565 1430 4620 ἀπὸ
1453 4566 1787 4637 ’Δντιοχείας

195 4662 290 4727 τῆς
341 4662 571 4733 πρώτης
604 4664 807 4731 Συρίας
837 4662 1180 4727 Λαοδίκειαν,
1214 4661 1309 4715 καὶ
1346 4660 1569 4714 Γάϐαλα
1592 4660 1657 4723 ¹³,
1692 4660 1788 4714 καὶ

1876 2181 2092 2251 agitata:
2130 2182 2435 2252 tyrannidis
2482 2181 2653 2235 initiis
2693 2181 2926 2249 plurima
2964 2196 3060 2248 per
3098 2178 3454 2233 Palaestinam

1863 2274 2134 2345 praediola
2172 2274 2394 2343 ignibus
2421 2275 2817 2343 absumpsisse,
2876 2273 3010 2328 illud
3061 2274 3113 2327 in
3150 2270 3458 2326 Palmstina‘.

1874 2367 2011 2420 duce
2062 2366 2286 2436 indigne
2341 2367 2496 2432 tulit;
2530 2382 2596 2421 eo
2642 2367 2785 2437 quod
2836 2381 2944 2421 non
2998 2381 3116 2429 eos,
3167 2373 3457 2435 antequam

1885 2458 2087 2528 praedia
2115 2459 2230 2512 haec
2260 2459 2569 2529 urbemque
2612 2466 3002 2527 occupassent,
3036 2472 3314 2528 quamque
3343 2457 3459 2527 pri-

1878 2565 2024 2603 mum
2057 2551 2109 2603 in
2155 2565 2327 2605 unum
2364 2559 2589 2605 coactos
2634 2549 3111 2612 subintellexerat.
3151 2550 3271 2603 sine
3305 2561 3458 2602 mora

1880 2657 2183 2713 aggressus
2214 2643 2560 2713 dissipasset.
2593 2640 2793 2697 Ducem
2826 2641 3014 2711 itaque
3061 2641 3207 2695 hunc
3234 2654 3461 2693 munere

1880 2748 1981 2788 suo
2032 2734 2269 2803 turpiter
2321 2734 2673 2799 abdicatum,
2739 2741 2891 2789 arcte
2936 2732 3203 2789 custodiri
3256 2732 3457 2798 jussit;

1879 2823 2112 2880 suﬂ'eeto
2157 2826 2211 2879 in
2254 2826 2437 2880 locum
2491 2826 2608 2895 ejus
2646 2825 2873 2886 Irenaeo,
2909 2825 3317 2879 Antiochensi:
3363 2824 3456 2893 qui

1883 2914 2288 2972 Samaritarum
2365 2917 2669 2988 reliquias,
2744 2918 3029 2972 montibus
3091 2917 3458 2977 incubantes.

1881 3010 2068 3064 acrius
2105 3012 2410 3076 insecutus,
2445 3010 2554 3066 late
2588 3010 2761 3066 exitio
2785 3010 2961 3077 dedit,
3000 3011 3241 3081 graviter
3272 3008 3327 3063 in
3364 3022 3461 3063 eos

1880 3102 1966 3154 ani
1979 3101 2346 3173 tradvertens.

1956 3193 2148 3248 Iliense
2188 3201 2368 3249 autem
2399 3193 2546 3249 Julio
2578 3195 2810 3257 Coades,
2842 3194 3133 3250 Persarum
3171 3206 3290 3255 rex,
3326 3188 3462 3244 Her-

1832 3298 1835 3299 '
1884 3300 2173 3354 mogcnem
2205 3286 2554 3350 magistrum,
2583 3287 2751 3359 448
2783 3287 2851 3341 ab
2898 3288 3233 3355 imperatore
3283 3280 3459 3338 Justi-

1885 3376 2051 3429 niano
2082 3390 2205 3429 cum
2232 3376 2507 3447 legatione
2528 3378 2802 3448 donisque
2826 3377 3174 3432 salutatoriis
3202 3374 3459 3436 missum,

1806 3472 1848 3531 c
1884 3468 2164 3539 peramice
2197 3469 2437 3540 excepit.

1949 3560 2197 3628 Contigit
2231 3573 2411 3616 autem
2439 3575 2538 3631 per
2586 3562 2640 3617 id
2692 3570 2931 3632 tempus,
2974 3560 3276 3626 Amasiam,
3316 3558 3464 3616 Pon-

1882 3649 2006 3705 ticae
2036 3651 2269 3706 ditionis
2306 3654 2521 3719 urbem,
2571 3668 2681 3708 una
2714 3667 2841 3707 cum
2869 3652 3191 3723 regionibus
3225 3652 3464 3707 circum-

1881 3743 2105 3807 vicinis,
2163 3743 2411 3799 divinam
2468 3747 2609 3800 iram
2673 3746 2909 3802 subire:
2972 3745 3061 3800 cui
3120 3745 3286 3801 etiam
3338 3744 3462 3800 urbi

1883 3835 2184 3906 imperator
2214 3836 2456 3907 plurima
2487 3838 2726 3908 largitus
2759 3845 2863 3893 est.

1953 3928 2159 3984 Eodem
2205 3936 2454 4000 tempore
2476 3931 2627 4001 leges
2656 3946 2848 3985 omnes
2880 3938 3097 3986 veteres
3128 3930 3182 3984 in
3216 3929 3461 3983 codicem

1884 4036 2055 4075 unum
2098 4030 2308 4075 coactas
2344 4029 2516 4076 sunt:
2564 4023 2697 4092 quin
2731 4032 2784 4077 et
2813 4024 2960 4093 leges
2996 4038 3025 4075 a
3063 4038 3123 4079 se
3167 4023 3330 4084 latas,
3366 4036 3468 4091 per

1885 4109 2132 4179 singulas
2167 4110 2384 4179 imperii
2419 4112 2583 4166 urbes
2621 4111 2973 4169 Justinianus
3010 4114 3215 4177 emisit,
3246 4126 3465 4181 nempe,

1884 4202 2024 4255 utin
2053 4201 2143 4270 jus
2173 4204 2377 4265 vocati,
2412 4205 2651 4260 celerius
2681 4217 2735 4258 et
2757 4205 2959 4259 minori
2987 4219 3114 4258 cum
3147 4203 3462 4273 dispendio,

1886 4292 2188 4348 causidicis
2226 4308 2345 4349 sese
2382 4294 2730 4365 expedirent.
2760 4295 2933 4365 Leges
2963 4310 3093 4350 vero
3125 4295 3247 4360 has,
3280 4295 3336 4348 in
3369 4309 3468 4347 vo-

1886 4384 2073 4439 lumen
2142 4382 2325 4438 unun’f
2390 4385 2671 4456 digestas,
2762 4387 3009 4442 Athenas
3076 4395 3132 4440 et
3201 4384 3463 4457 Berytum

1889 4473 2224 4529 transmisit.

1959 4562 2103 4617 Idem
2148 4566 2452 4633 imperator
2481 4564 2848 4632 Laodicaeam,
2892 4563 3184 4632 Gabalam,
3217 4564 3466 4619 Paltum-

1888 4670 1996 4724 que
2032 4657 2195 4711 urbes
2226 4657 2295 4712 ab
2339 4657 2631 4713 Antiochia
2670 4658 2844 4729 Syria:
2868 4661 3082 4729 primae,
3122 4659 3189 4712 ah
3225 4660 3464 4727 Apamea

196 4754 406 4810 Πάλτον
444 4755 546 4819 τὰς
574 4756 782 4821 πόλεις,
809 4756 905 4823 καὶ
937 4755 1046 4810 ἀπὸ
1064 4752 1373 4824 ’Λπαμείας
1407 4751 1505 4823 τῆς
1528 4750 1773 4821 δευτέρας

1892 4758 2076 4803 autem
2115 4749 2287 4820 Syriae
2330 4751 2588 4808 secunda:
2629 4751 2897 4809 Balancas
2942 4753 3138 4808 urbem
3176 4752 3467 4815 dirimens,

1485 4886 1724 4943 VARUE
1766 4884 2170 4942 LECTIONES.

268 4986 308 5015 “
343 4982 1052 5056 ’ᾼρπαρίξιντλᾼργαρίζιν
1074 4983 1174 5037 Cb.
1203 4982 1421 5056 quigin
1452 4988 1632 5035 autem
1661 4978 1818 5034 dicit.
1853 4976 1917 5032 γ.
1955 4980 2021 5035 ad
2049 4996 2102 5050 p.
2134 4980 2202 5037 54
2230 4985 2295 5036 Α.
2377 4982 2419 5014 ¹³
2449 4983 2818 5056 ὲπιῤῥίψωσιν
2850 4982 2977 5048 οη..
3007 4983 3339 5054 ὲπιρίψωσιν
3361 4982 3465 5039 Ox.

201 5054 244 5086 “
269 5053 501 5107 Δαόαλὰ
524 5054 651 5121 0x.,
684 5052 1104 5123 Γάϐαλαέιψτο
1131 5071 1185 5124 p.
1219 5054 1288 5108 '52
1323 5052 1386 5107 Β.

1449 5147 1560 5203 ED.
1590 5141 1968 5200 CIIILMEADI
1994 5141 2229 5198 NOTAE.

208 5286 219 5301 ι
264 5241 496 5314 (80)_Tb
513 5242 808 5314 λεγόμενον
836 5243 1180 5314 Ἀρπαρίζιν.
1215 5242 1483 5310 Suspicor
1511 5251 1788 5314 auctorem
1822 5241 1873 5295 ι)
1898 5241 2012 5295 tam‘
2073 5237 2372 5314 Aera/2mm
2401 5238 2734 5306 sacriﬁcium
2782 5239 3054 5314 obtulisse,
3088 5246 3194 5291 etc.
3220 5235 3471 5309 Utraque

200 5306 500 5383 scripsisse
530 5306 851 5382 Ἀ’ρχαρίζιν
894 5306 911 5377 ξ
962 5306 1157 5381 nempe
1184 5329 1284 5383 pro
1330 5306 1565 5381 Ταρίζιν
1593 5330 1607 5344 ο
1642 5310 1789 5383 hunc
1886 5306 2485 5383 corruptiomanjfesta
2513 5319 2595 5383 est
2625 5323 2654 5361 a
2691 5323 2825 5383 voce
2845 5308 3108 5383 Garizim.

200 5376 342 5435 enim
424 5376 668 5436 montem
710 5376 813 5437 'hic
850 5376 1156 5451 intelligere
1186 5376 1327 5437 'cum
1373 5376 1479 5436 non
1526 5392 1610 5435 est
1642 5380 1787 5451 quod
1961 5376 2071 5448 (81)
2098 5379 2210 5449 Πρὸ
2249 5377 2343 5429 τοῦ
2408 5379 2754 5450 ἐπιρίψωσιν.
2782 5380 2901 5433 Scr.
2940 5376 3323 5451 ὲπιρρίψωσιν.
3356 5379 3473 5451 Cae-

201 5452 545 5507 dubitemus.
593 5453 850 5506 Occurrit
880 5449 1068 5507 eadem
1120 5456 1271 5509 vocis
1308 5454 1474 5519 hujus
1509 5450 1791 5518 corruptio
1889 5465 2065 5507 terum
2090 5465 2227 5519 nova
2254 5463 2485 5515 prorsus
2508 5449 2592 5502 est
2616 5451 2728 5503 lucc
2761 5450 3015 5517 loquendi
3049 5449 3222 5501 forma
3253 5466 3264 5500 :
3293 5449 3469 5518 magis

203 5523 343 5591 apud
385 5522 647 5576 Photium
684 5523 810 5586 564,
865 5524 932 5577 l9
972 5525 1142 5593 ιςὈτι
1170 5525 1197 5575 ὁ
1229 5518 1472 5593 διάδοχος
1522 5522 1788 5591 Πρόκλου,
1888 5525 2076 5580 Grmce
2108 5518 2338 5593 dixisset
2374 5520 2480 5588 πρὸ
2532 5520 2627 5593 τοῦ
2664 5518 3065 5593 ὲᾼπιρῤίῲασθαι
3101 5519 3323 5593 αυτούς,
3350 5528 3465 5593 etc.

204 5587 389 5664 ςρξησὶν,
429 5595 472 5664 δν
514 5595 757 5664 Μαρῖνος
796 5594 953 5661 γένος
990 5589 1057 5663 ἦν
1084 5595 1190 5646 ἀπὸ
1217 5595 1327 5662 τῆς
1458 5587 1790 5664 Παλαιστίνῃ
1959 5594 2069 5664 (82)
2106 5587 2497 5659 Διαδεξάμενος
2522 5590 2613 5644 τὸν
2640 5587 2998 5644 αὐτδνδοῦκα
3024 5591 3311 5657 ἀσχήμως.
3346 5587 3466 5643 Scr.

204 5661 348 5734 Νέας
383 5661 763 5734 πολεωςπρξς
790 5664 905 5733 ὄρει
928 5661 1345 5733 κατῳκισμένης
1366 5662 1445 5733 τῷ
1475 5662 1785 5734 ’Λργαρίζῳ
1888 5661 2234 5734 ἀσχημόνως,

206 5724 755 5804 καλουμένῳίέωῷ
782 5724 901 5796 Διὸς
927 5724 1153 5800 ὑψίστου
1179 5724 1494 5803 ’ἁγιώτατον
1542 5724 1783 5804 ἱερὸνζῷ
1960 5724 2073 5804 (83)
2127 5729 2432 5804 Δεξάμενος
2470 5730 2827 5804 Ἑρμογένην.
2862 5730 3083 5804 _S_ensus_
3109 5724 3465 5804 imperfectus

207 5795 514 5875 καθιερωτὸ
555 5795 835 5875 Ἀδραμὸς
861 5807 893 5875 δ
919 5795 1028 5857 τῶν
1059 5805 1225 5857 πάλαι
1244 5795 1255 5803 ’
1274 5804 1542 5875 Ἐϐραίων
1577 5795 1782 5875 πρὸγοῖ-
1884 5795 2009 5861 θείς
2038 5795 2359 5873 ιῖρτὶηιιιίῆν
2382 5795 2827 5859 ὰεεδέόνίἂθῑύτ.
2864 5799 2953 5856 Vel
2973 5798 3157 5871 potius
3182 5795 3469 5869 legendum

343 5873 400 5924 lu
434 5873 1144 5944 itinerarioBurdegalensi
1178 5873 1461 5937 scribitur,
1494 5873 1777 5944 Agaresen.
1883 5877 2119 5944 ἐδέξατο.

210 5938 503 5997 Eurous.
547 5942 630 5999 Ibi
655 5953 730 6001 est
766 5960 914 5998 mons
938 5938 1216 6015 Bgarisen.
1239 5945 1514 5999 Ibidicum
1539 5938 1783 6000 Samari-
