3894 6438
400 490 502 551 639
1642 476 1659 489 ‘
1700 490 1938 551 1mm

2110 487 2372 548 ALALIE
3552 486 3647 549 θῦθ

400 624 453 660 ιιι
506 605 802 677 provincia:
856 604 1089 660 fortnam
1128 604 1372 675 redegit;
1427 621 1589 674 quam
1638 605 1803 659 etiam
1853 606 1938 676 jur

2112 604 2283 674 ἒυρίας
2318 602 2594 664 Βαλανὲας
2631 599 2804 666 πόλιν,
2842 599 2938 652 καὶ
2965 598 3219 670 ἐποίησεν
3251 599 3531 671 ἐπαρχίαν,
3562 603 3650 672 ἦν·

402 696 813 766 metropolitico
859 695 1119 750 donatam
1143 732 1158 758 ,
1184 694 1622 750 Theodoriadem
1656 695 1933 773 nominavi

2117 714 2209 749 ινα
2246 695 2574 764 ἐπωνόμασε
2608 692 2973 760 Θεοδωριάδα,
3009 691 3135 756 δοὺς
3162 692 3302 762 αὐτῇ
3338 692 3430 746 καὶ
3466 710 3655 764 μητρο·

402 787 732 858 Episcopum
755 796 942 842 tamen
959 785 1358 841 Laodicensem
1378 788 1724 842 Autiocheno
1748 789 1940 857 patriai

2118 786 2366 840 πολιτικὸν
2400 786 2628 839 δίκαιον.
2663 785 2768 837 Τὸν
2801 784 2857 837 δὲ
2885 784 3187 838 ἐπίσκοπον
3216 784 3527 848 Λαοδικείας
3564 786 3656 839 οὐκ

400 880 515 935 aliae
556 864 729 933 nihilo
771 879 976 943 secius,
1016 878 1094 932 uti
1130 888 1312 941 antea,
1351 879 1579 933 subesse
1608 878 1801 934 voluit.

2119 874 2485 946 iauﬂépwsa“
2511 873 2603 926 τοῦ
2637 873 2963 927 ὑποκεῖσθαι
2989 873 3065 943 τῷ
3091 872 3408 944 πατριάρχῃ
3429 874 3526 943 τῆς
3543 874 3657 927 Ἀν-

1221 980 1243 1009 ‘
2086 968 2313 1036 τιοχέων
2342 965 2573 1028 πόλεως.

471 1055 676 1110 Eodem
746 1064 1000 1125 tempore
1054 1054 1299 1109 divinam
1363 1054 1500 1108 iram
1560 1069 1825 1125 perpessa
1900 1064 1987 1109 est

2158 1058 2250 1112 Ἐν
2285 1058 2343 1110 δὲ
2382 1056 2460 1127 τῷ
2494 1056 2644 1125 αὐτῷ
2672 1056 2849 1128 χρόνῳ
2884 1055 3086 1109 ἔπαθεν
3118 1054 3222 1108 ὑπ’»
3252 1054 3544 1124 θεομηνίας
3574 1073 3662 1127 μη-

398 1147 571 1219 Myra,
606 1148 786 1220 Lyciae
804 1148 1134 1219 metropolis
1155 1165 1170 1213 ;
1190 1147 1279 1203 cui
1311 1148 1705 1211 instaurandae,
1736 1155 1794 1201 ut
1817 1148 1936 1203 etiai

2125 1147 2342 1221 ρόπολις
2361 1148 2459 1215 τῆς
2487 1147 2695 1211 Δυκίας
2726 1146 2792 1199 τὰ
2821 1145 2985 1217 Μύρα
3005 1162 3018 1175 °
3053 1146 3147 1199 καὶ
3181 1143 3353 1197 πολλὰ
3384 1145 3663 1214 ἐχαρίσατο

399 1239 618 1295 civibus
652 1241 1070 1310 superstitibus,
1112 1240 1418 1309 imperator
1458 1239 1696 1310 plurima
1723 1239 1930 1311 supped

2127 1243 2199 1303 οἷς
2228 1238 2601 1307 ὑπολειφθεῖσι
2634 1239 2729 1293 καὶ
2754 1240 2819 1309 τῇ
2849 1238 3019 1315 πόλει,
3039 1238 3118 1299 ei;
3150 1236 3429 1306 κτίσματα
3459 1238 3486 1288 ὁ
3513 1234 3665 1298 αὐτὸς

399 1331 561 1386 tavit.
758 1378 765 1381 .

2091 1330 2368 1403 βασιλεύς.
3046 1394 3048 1403 Ι

474 1420 592 1477 Sub
622 1421 676 1477 id
706 1422 889 1493 ipsum
933 1431 1153 1494 tempus
1183 1422 1495 1479 Antiochiae
1529 1438 1740 1494 magna:
1778 1421 1989 1476 tumul-

2159 1417 2252 1471 Ἐν
2281 1416 2339 1469 δὲ
2378 1414 2458 1486 τῷ
2491 1415 2640 1487 αὐτῷ
2671 1417 2852 1487 χρόνῳ
2896 1416 3114 1485 ἐγένετο
3148 1413 3364 1485 ταραχὴ
3399 1415 3454 1466 έν
3474 1414 3667 1467 Ἀντιο-

403 1522 495 1569 tus
529 1514 727 1586 ingens
756 1517 812 1570 in
859 1517 1079 1573 theatro
1118 1516 1348 1573 obortus
1380 1527 1504 1582 est;
1536 1516 1605 1572 de
1641 1531 1753 1585 quo
1782 1514 1941 1571 certir

2127 1509 2212 1581 είᾳ
2235 1511 2301 1580 τῇ
2329 1508 2543 1581 μεγάλῃ
2570 1511 2629 1562 ἐν
2657 1508 2734 1580 τῷ
2774 1509 3006 1580 θεάτρῳ.
3044 1508 3154 1561 Καὶ
3191 1508 3259 1560 τὰ
3293 1507 3394 1576 τῆς
3429 1505 3665 1577 ταραχῆς

402 1604 585 1663 factus
665 1608 999 1678 imperator,
1061 1609 1259 1664 exinde
1321 1611 1373 1663 in
1442 1610 1581 1663 iram
1640 1616 1940 1664 commotus

2135 1599 2363 1671 νηνέχθη
2411 1600 2489 1671 τῷ
2536 1601 2687 1669 αὐτῷ
2739 1600 2972 1668 βασιλεῖ.
3029 1598 3133 1652 Καὶ
3178 1599 3564 1666 ἀγανακτήσας
3617 1593 3673 1658 ἐξ

400 1691 571 1768 449
598 1695 711 1749 ludi
736 1698 997 1752 theatrici
1028 1698 1290 1767 deinceps
1317 1699 1625 1754 Antiochiae
1648 1715 1718 1753 ne
1751 1700 1938 1768 amplit

2133 1692 2300 1746 κείνου
2331 1691 2571 1744 ἐκώλυσε
2608 1692 2709 1760 τὴν
2745 1692 2876 1745 θέαν
2924 1690 3018 1744 τοῦ
3064 1690 3297 1759 θεάτρου
3347 1689 3484 1758 πρδς
3511 1689 3570 1739 τὸ
3602 1687 3671 1756 μὴ

400 1785 701 1841 ederentur
735 1789 1040 1857 prohibuit.

2134 1781 2456 1836 πιτελεῖσθαι
2490 1782 2583 1835 τοῦ
2630 1782 2820 1836 λοιποῦ
2868 1785 2924 1837 ἐν
2962 1786 3030 1853 τῇ
3072 1782 3180 1836 τῶν
3210 1780 3533 1857 Ἀντιοχέων
3578 1778 3672 1831 πό-

2090 1875 2193 1929 λει.

474 1959 678 2015 Eodem
717 1969 967 2032 tempore
997 1962 1203 2017 Graeca:
1236 1964 1520 2034 religionis
1568 1963 1819 2019 homines
1864 1980 1987 2035 per-

2175 1967 2266 2021 Ἐν
2306 1966 2455 2036 αὺτῷ
2480 1967 2536 2019 δὲ
2564 1965 2714 2039 [184]
2736 1966 2813 2037 τῷ
2836 1966 3013 2039 χρόνῳ
3037 1965 3278 2035 διωγμὸς
3303 1965 3530 2034 γέγονεν
3565 1962 3676 2017 Ἐλ-

402 2051 745 2107 secutioucm
774 2068 995 2123 gravem
1024 2054 1275 2124 perpessi
1305 2061 1457 2117 sunt,
1490 2053 1791 2124 publicatis
1819 2055 1940 2109 etiai

2139 2060 2266 2130 ιινων
2309 2059 2505 2129 μέγας,
2543 2060 2636 2111 καὶ
2682 2059 2868 2112 πολλοὶ
2913 2058 3321 2130 ἐδημεύθησαν.
3356 2060 3415 2111 ὲν
3456 2053 3537 2120 οἷς
3563 2057 3677 2110 ἐτε-

403 2144 948 2215 quamplurimorum
997 2145 1398 2213 facultatibus;
1448 2148 1593 2202 inter
1630 2162 1771 2217 quos
1808 2145 1941 2202 Macr

2145 2151 2358 2220 ,ύτησαν
2383 2151 2739 2214 Μακεδόνιος,
2776 2149 3247 2220 Ἀσκληπιὸδοτος,
3266 2150 3462 2212 Φωκᾶς
3492 2150 3520 2201 ό
3537 2150 3683 2218 Κρα-

401 2235 624 2301 donius,
680 2235 1149 2307 Asclepiodotus,
1214 2237 1429 2294 Phocas
1491 2239 1700 2303 etiam,
1771 2237 1936 2295 Crate

2146 2241 2275 2313 ιροῦ,
2313 2242 2406 2295 καὶ
2433 2241 2636 2312 Θωμᾶς
2664 2243 2692 2295 ό
2710 2242 3020 2312 Κοιαῐστωρ
3043 2257 3056 2271 '
3088 2230 3178 2295 καὶ
3201 2242 3269 2294 ὲκ
3302 2239 3495 2292 τούτου
3522 2238 3684 2300 πολὺς

400 2328 572 2393 filius,
610 2343 735 2383 cum
784 2327 998 2384 Thema
1039 2329 1357 2397 Quaestore,
1398 2329 1543 2385 diem
1573 2345 1733 2383 suum
1780 2328 1938 2383 interi

2145 2334 2261 2398 56o;
2281 2334 2527 2403 γέγονεν.
2570 2334 2855 2388 Ἐθέσπισε
2887 2334 2944 2389 δὲ
2992 2335 3022 2387 ό
3054 2335 3215 2398 αὐτὸς
3265 2333 3523 2404 βασιλεὺς
3547 2330 3683 2386 ὥστε

404 2420 665 2476 obierunt
701 2440 714 2476 :
748 2421 949 2476 exinde
973 2436 1103 2477 vero
1150 2430 1331 2477 motus
1376 2422 1573 2492 ingens
1603 2420 1865 2475 omnibus
1902 2418 1942 2474 it

2148 2424 2571 2497 Ἷπολιτεύεσθαι
2617 2425 2748 2490 τοὺς
2796 2422 3285 2493 Ἔλληνίζοντας,
3322 2424 3454 2488 τοὺς
3490 2423 3549 2477 δὲ
3579 2423 3686 2476 τῶν

404 2513 597 2568 cessit.
654 2512 800 2578 Quin
849 2520 906 2568 et
958 2512 1142 2568 edicto
1192 2512 1551 2583 imperatorio
1604 2518 1830 2566 cautum
1865 2518 1942 2567 est

2150 2519 2265 2571 λων
2321 2519 2590 2590 αἱρέσεων
2645 2520 2805 2583 ὖντας
2836 2521 3063 2589 ἀφανεῖς
3095 2519 3356 2588 γενέσθαι
3411 2518 3513 2589 τῆς
3553 2517 3688 2571 Ῥω-

405 2604 780 2674 grwcissanles
806 2604 860 2658 in
882 2611 1166 2676 posterum
1189 2620 1256 2660 ne
1280 2604 1561 2675 publicum
1581 2604 1802 2675 aliquod
1824 2604 1876 2658 in
1898 2618 1943 2658 re

2151 2613 2227 2664 ιῖκ
2241 2611 2307 2682 ἧς
2332 2612 2628 2679 πολιτείας,
2687 2612 3030 2683 προθεσμίαν
3055 2612 3224 2684 τριῶν
3272 2611 3467 2682 μηνῶν
3500 2610 3689 2663 λαὸόν-

404 2696 630 2766 publica
655 2712 858 2753 munus
882 2698 1119 2753 obirent.
1142 2696 1504 2767 Reliquarum
1540 2713 1672 2753 vero
1696 2698 1942 2754 haeresim

2152 2718 2186 2764 .;
2213 2702 2257 2734 ¹⁵
2290 2703 2371 2766 εἰς
2396 2703 2457 2755 τὸ
2483 2703 2739 2771 γενέσθαι
2762 2704 2963 2767 αὐτοὺς
3003 2703 3300 2767 κοινωνοὺς
3323 2704 3428 2771 τῆς
3475 2699 3690 2771 όρθοδό·

346 2800 349 2805 ·
404 2792 714 2843 sectatores
769 2803 1142 2857 quoscunque
1199 2786 1437 2843 Romani
1498 2788 1718 2858 imperii
1787 2788 1881 2843 lini

2158 2808 2178 2843 δ
2205 2791 2460 2857 πίστεως.
2480 2795 2670 2856 Ὅστις
2696 2793 2838 2856 θεῖος
2854 2792 3022 2858 τύπος
3048 2793 3113 2866 (ι)
3136 2791 3483 2863 ὲνεφανίσθη
3510 2793 3570 2845 ἐν
3591 2789 3696 2844 πά-

404 2878 677 2935 cxcedere
703 2881 866 2949 jussit
902 2882 1245 2950 imperator;
1280 2879 1493 2934 indulta
1537 2889 1722 2933 tamen
1769 2878 1851 2933 eis
1894 2894 1942 2947 pi

1404 2880 1493 2934 Ilta
1537 2889 1722 2933 tamen
1769 2878 1851 2933 eis
1894 2893 1992 2947 per
2090 2896 2211 2945 σαις
2231 2885 2354 2946 ταῖς
2380 2883 2669 2950 ὲξωτικαϊς
2700 2885 2942 2941 πόλεσιν.

405 2984 520 3031 tres
575 2992 794 3035 menses
828 2977 1075 3044 licentia,
1109 2976 1156 3032 si
1201 2976 1297 3046 qui
1343 2992 1441 3046 per
1487 2974 1542 3030 id
1584 2985 1803 3045 tempus
1836 2974 1997 3030 ﬁdem
2035 2977 2400 3033 orthodoxam
2464 2980 2954 3047 amplecterentur.
3010 2978 3169 3045 Quod
3266 2977 3502 3048 quidem
3584 2974 3697 3031 edi-

407 3081 560 3124 ctum
592 3070 646 3125 in
681 3072 943 3127 omnibus
981 3070 1265 3126 extraneis
1299 3071 1709 3140 promulgatum
1741 3077 1848 3124 est.

479 3163 683 3220 Eodem
738 3171 989 3233 tempore
1020 3162 1244 3218 Priscus
1278 3161 1501 3233 quidam
1529 3202 1545 3226 ,
1601 3160 1892 3224 exconsul,
1942 3167 1996 3213 et

2181 3153 2269 3209 Ἐν
2300 3155 2448 3225 αὑτῷ
2471 3155 2529 3208 δὲ
2549 3154 2625 3225 τῷ
2656 3156 2833 3227 καιρῷ
2860 3155 3217 3227 ὴγανακτήθη
3285 3156 3316 3209 ό
3349 3154 3461 3210 ἀπὸ
3477 3152 3701 3208 ὑπάτων

408 3255 768 3327 imperatoris
805 3255 976 3324 hujus
1009 3255 1143 3309 olim
1194 3254 1486 3319 notarius;
1538 3253 1632 3322 qui
1668 3255 1723 3307 in
1758 3253 1946 3323 imper:

2161 3250 2337 3321 ρίσκος
2370 3248 2509 3320 (84),
2559 3249 2587 3300 ὁ
2625 3249 2733 3303 ἀπὸ
2761 3249 3022 3322 νοταρίων
3049 3248 3144 3302 τοῦ
3181 3246 3356 3303 αὐτοῦ
3410 3246 3699 3318 βασιλέως,

411 3350 553 3405 toris
592 3348 732 3403 iram
782 3347 1075 3410 inciderat,
1144 3348 1309 3403 bonis
1346 3345 1669 3417 publicatis,
1722 3345 1949 3400 diaconi

2164 3344 2198 3395 ιὶ
2229 3343 2293 3412 δη
2304 3342 2524 3413 μευθεὶς
2553 3342 2772 3410 ἐγένετο
2799 3343 3045 3404 διάκονος
3072 3342 3166 3395 καὶ
3188 3341 3459 3412 ἐπέμφθη
3489 3342 3549 3395 ὲν
3588 3339 3702 3393 Ku-

411 3437 596 3496 factus
621 3448 729 3507 est,
760 3439 1135 3512 Cyzicumque
1163 3440 1463 3510 relegatus.
2103 3435 2260 3505 ζῑκῳ.

484 3531 686 3588 Iisdem
741 3531 1092 3601 temporibus
1160 3530 1538 3600 Hermogenes
1593 3530 1889 3599 magister,
1933 3546 1998 3583 ex

2188 3528 2275 3580 Ἐν
2320 3526 2467 3596 αὑτῷ
2499 3526 2555 3579 δὲ
2583 3526 2660 3597 τῷ
2696 3527 2875 3596 καιρῷ
2924 3524 3259 3599 Ἑρμογένης
3302 3527 3333 3579 ὁ
3370 3523 3704 3596 μάγιστροςι

412 3620 647 3681 Perside
695 3624 893 3686 redux,
940 3638 1168 3678 munera
1208 3637 1422 3687 secum,
1455 3628 1512 3677 et.
1556 3620 1761 3676 Coudis
1806 3618 1950 3674 Pers:

2169 3618 2462 3689 ιοστρέψας
2486 3618 2550 3669 ὲκ
2578 3617 2685 3669 τῶν
2714 3616 3020 3686 Περσικῶν,
3049 3615 3172 3678 δοὺς
3192 3614 3268 3669 τὰ
3290 3614 3473 3686 δῶρα,
3496 3614 3707 3683 ἀνήγα-

414 3730 539 3771 rum
569 3712 1071 3786 regisJusliuiano
1117 3715 1436 3785 imperatori
1488 3728 1821 3784 responsum
1855 3719 1952 3765 reti

2173 3726 2202 3761 ν
2248 3709 2569 3778 ἀποκρίσεις
2608 3709 2770 3785 ’παρὰ
2818 3707 3064 3771 Κωάδου,
3120 3704 3398 3778 βασιλέως
3456 3702 3709 3776 Περσῶν,

415 3805 504 3873 lit,
532 3805 624 3862 his
649 3806 835 3862 verbis
863 3806 1248 3877 conscriptum
1282 3824 1295 3860 :

2174 3799 2242 3863 ab;
2283 3799 2679 3861 Ἰουστινιανὸν,
2701 3800 2925 3869 βασιλέα
2956 3799 3272 3870 Ῥωμαίων,
3302 3797 3712 3871 ἐπιφερόμενος

2108 3894 2317 3962 σὰκρας
2358 3892 2717 3963 περιεχούσας
2746 3888 2918 3952 οὕτως
2937 3906 2950 3919 ⁸

499 3998 520 4035 ι
548 3980 788 4047 Coades,
816 3996 911 4037 rex
947 3996 1160 4051 regum,
1186 3982 1324 4036 solis
1356 3981 1618 4043 Orientis,
1650 3979 1840 4035 Flavio
1871 3976 2004 4034 Jus-

2184 4005 2201 4036 ι
2224 3984 2615 4057 [185]Κωάδης
2648 3983 2896 4054 βασιλεὺς
2925 3980 3346 4052 βασιλευόντων,
3373 3978 3532 4050 ἡλίου
3558 3978 3713 4031 Ἀνα-

418 4074 657 4141 tiniano,
704 4073 930 4137 Caesari,
972 4075 1117 4128 lunae
1169 4073 1513 4143 Occidentis.
1575 4072 1786 4128 Priscis
1820 4072 1953 4126 arch

2176 4078 2286 4148 λῆς,
2313 4077 2528 4147 erasa?
2545 4075 2906 4145 ’1ουστινιανῷ
2925 4073 3187 4144 Καίσαρι,
3212 4071 3454 4142 σελήνης
3475 4067 3714 4129 Δύσεως.

418 4179 616 4220 verum
675 4164 835 4233 regni
886 4165 1062 4220 nostri
1117 4179 1183 4220 ex
1235 4163 1613 4219 monumentis
1660 4173 1956 4233 compertu:

2181 4166 2428 4238 Ηῦραμεν
2462 4169 2520 4220 ὲν
2571 4168 2684 4228 τοῖς
2743 4165 3034 4235 ἡμετέροις
3065 4163 3322 4234 ἀρχαίοις
3352 4162 3719 4228 ἀναγεγραμ-

419 4253 723 4311 habuimus
767 4270 869 4309 nos
921 4253 1125 4309 fratres
1181 4270 1304 4309 esse
1350 4264 1456 4309 :et
1492 4253 1667 4324 quod,
1725 4254 1771 4330 si
1828 4252 1954 4309 cuiv

2185 4276 2249 4313 να
2280 4259 2546 4328 ἀδελφοὺς
2577 4258 2725 4329 ἡμᾶς
2764 4255 3012 4326 ἀλλήλων
3045 4249 3207 4318 εἶναι,
3240 4251 3344 4305 καὶ
3368 4251 3469 4305 ἐὰν
3493 4267 3577 4312 τις
3600 4249 3720 4302 επι-

422 4357 675 4403 i:ostrum
720 4347 822 4403 ‘vel
865 4346 1187 4401 hominibus
1230 4348 1316 4402 vel
1369 4345 1536 4418 450
1574 4329 1825 4416 pecuniis
1867 4362 1960 4417 opt

2183 4354 2275 4426 qOﬁ
2317 4354 2586 4425 σωμάτων
2621 4353 3000 4425 ἢχρημάτων,
3054 4349 3326 4421 παρέχειν
3362 4347 3459 4400 τὸν
3507 4347 3721 4416 ἕτερον.

422 4441 613 4505 fuerit,
644 4439 713 4494 ab
752 4439 927 4494 altero
961 4440 1471 4493 subministrandos
1504 4455 1650 4495 esse.
1681 4440 1856 4506 Quam
1887 4455 1958 4510 qu

2188 4448 2225 4500 t‘t
2256 4448 2648 4517 μεμενήκαμεν
2673 4444 2733 4510 ἐξ
2766 4445 2977 4498 ἐκείνου
3009 4443 3103 4496 καὶ
3129 4441 3299 4512 μέχρι
3324 4439 3424 4493 τοῦ
3450 4439 3726 4509 παρόντος

422 4533 547 4587 dem
596 4546 698 4586 nos
727 4532 912 4594 iidem.
950 4534 1005 4586 in
1056 4540 1379 4603 praesentem
1432 4531 1581 4587 hunc
1627 4548 1807 4603 usque
1840 4533 1960 4588 dien

2191 4553 2287 4599 rte;
2327 4535 2735 4597 διατελοῦντεςο
2771 4534 2864 4587 καί
2898 4548 3032 4585 ποτε
3085 4529 3185 4601 μὲν
3236 4530 3419 4583 ἐθνῶν
3448 4531 3593 4599 ἡμῖν
3633 4530 3729 4580 ἐπ-

423 4622 584 4675 vobis
609 4623 881 4692 integram
929 4624 1318 4693 praestitimus.
1356 4623 1626 4678 Caeterum
1657 4625 1727 4679 ab
1762 4625 1961 4680 hostibu

2189 4626 2515 4695 ισταμένων,
2537 4627 2648 4686 τοῖς
2679 4627 2774 4696 μὲν
2805 4622 3226 4694 παρατάξασθαι
3249 4620 3727 4692 ἠναγκάσθημεν,

427 4716 761 4785 quandoque
809 4716 1071 4785 impetiti,
1136 4717 1193 4771 in
1242 4717 1492 4788 praelium
1541 4734 1668 4774 cum
1728 4719 1961 4774 nonnull

2194 4734 2238 4778 ις
2265 4716 2322 4769 δὲ
2350 4718 2439 4770 καὶ
2460 4716 2547 4769 διὰ
2576 4716 2775 4779 δόσεως
2800 4732 2905 4786 χρη
2917 4714 3100 4785 μάτων
3123 4714 3491 4781 ὑποταγῆναι
3510 4713 3732 4765 ἐπείσα-

427 4820 621 4859 eorum
674 4807 1015 4862 descendere
1080 4808 1254 4861 coacti
1311 4806 1571 4865 fuimus:
1626 4809 1824 4878 reliqui
1860 4824 1965 4864 veri

2196 4826 2242 4870 ν,
2269 4808 2345 4871 ὡς
2371 4808 2530 4877 δῆλον
2555 4803 2694 4861 εἶναι
2748 4808 2925 4861 πάντα
2956 4805 3024 4859 τὰ
3061 4807 3120 4858 ὲν
3144 4807 3259 4866 τοῖς
3290 4806 3608 4877 ἡμετέροις
3636 4802 3734 4871 θηο

387 4906 403 4913 ’
430 4896 577 4950 datis
612 4896 884 4965 pecuniis,
928 4896 1221 4968 imperium
1266 4906 1521 4953 nostrum
1566 4909 1629 4954 ut
1660 4898 1920 4954 admitter

2198 4901 2340 4969 υροῖς
2400 4897 2764 4968 ἀναλωθῆναι.
2792 4896 2979 4951 Ταῦτα
3009 4896 3065 4948 δὲ
3096 4895 3189 4949 καὶ
3230 4896 3594 4966 Ἀναστασίῳ
3643 4892 3736 4947 καὶ

430 4985 740 5043 eiecimus.
791 4987 953 5044 Unde
999 4990 1194 5044 iiscum
1236 4996 1491 5045 nostrum
1535 4991 1758 5060 penitus
1797 4992 1968 5046 exhau

2196 4991 2405 5063 ιυστίνῳ
2423 4994 2535 5054 τοῖς
2571 4988 2850 5062 βασιλεῦσι
2878 4990 3344 5059 γεγραφήκαμεν.
3387 4988 3492 5042 καὶ
3530 4987 3734 5053 evoca.

434 5084 582 5132 stunt
629 5092 754 5133 esse
781 5117 797 5142 ,
858 5088 944 5134 sat
994 5078 1209 5150 liquido
1250 5086 1489 5134 constat.
1544 5079 1724 5150 Super
1764 5081 1850 5137 his
1883 5096 1972 5135 ver

2200 5102 2228 5137 ν
2254 5083 2416 5137 πλέον
2463 5084 2647 5137 οὐδέν·
2681 5084 2803 5138 ὅθεν
2828 5081 3263 5151 ἠναγκάσθημεν
3294 5080 3736 5151 παρατάξασθαι

1731 5236 1967 5292 V’ABIIE
2001 5237 2407 5297 LECTIONES.

511 5350 560 5385 ιι
584 5350 920 5423 ὲλευθέρωσε
960 5353 1064 5406 Ox.
1143 5354 1185 5384 ιε
1219 5351 1482 5416 λαϐόντας
1514 5351 1639 5417 cu,
1670 5351 1929 5414 λαϐόντες
1965 5352 2066 5408 Ox.
2519 5317 2524 5321 ’

1704 5488 1812 5545 El).
1839 5489 2213 5546 CHILMEADI
2237 5490 2468 5547 NOTAE.

514 5602 627 5729 (ξῖ)
678 5602 1065 5673 Ἠγανακτήθη
1094 5604 1121 5654 ό
1152 5601 1259 5654 ἀπὸ
1289 5602 1510 5657 ὑπάτων
1534 5602 1877 5671 Πρίσκος.1)ε
1915 5600 2127 5660 Prisco'
2159 5605 2264 5660 hoc
2306 5605 2434 5663 vide
2483 5605 2612 5677 quid
2683 5562 2982 5679 ProcOpius
3014 5600 3203 5663 habet,
3288 5601 3501 5657 Arcam
3597 5593 3745 5661 litat.

442 5686 497 5744 p.
540 5686 625 5729 τι.

1862 5784 2045 5839 HODH
2083 5783 2319 5849 ΝΟΤᾹΞ,

517 5878 587 5949 (t)
618 5878 772 5937 Θεῖος
797 5879 990 5940 τύπος.
1024 5879 1332 5944 Decretum,
1372 5882 1428 5936 ni
1461 5881 1653 5945 fallor,
1691 5878 2055 5952 deperditum.
