3894 6442
225 417 323 482 665

1225 415 1908 480 CHRONOGRAPHIA.
1935 444 2002 453 —
2030 420 2179 480 LIB.
2217 418 2442 482 XVIII.

3373 419 3490 483 666

227 530 306 584 θὸν
344 525 481 597 (92),
514 522 664 590 ὅστις
699 522 1056 597 κελευόμενος
1088 525 1193 579 ὑπὸ
1215 525 1307 579 τοῦ
1337 525 1791 598 ἀναθρεψαμένου

1923 532 1987 599 [ιιὶ
2039 529 2251 584 domini
2294 531 2360 586 ad
2418 539 2612 586 nutum
2654 531 2907 586 miranda
2955 530 3206 602 quaedam
3257 531 3484 602 perﬂec‘

224 617 386 676 ἐποίει
417 617 539 672 τινὰ
568 617 847 689 θαύματος
873 619 1018 683 ἀξια.
1057 617 1207 691 [190]
1253 617 1310 671 '0
1343 621 1452 690 γὰρ
1484 621 1647 674 αὑτὸν
1672 621 1800 674 ἀνα-

226 711 556 784 θρεψάμενος
585 711 758 776 ἑστὼς
777 715 833 766 ἐν
863 717 928 784 τῇ
950 713 1147 784 ἀγορᾷ,
1178 715 1271 766 καὶ
1303 711 1465 782 ὄχλου
1501 713 1803 783 περιεστῶ-

223 821 304 867 τος
331 805 411 866 εἰς
449 803 510 856 τὸ
568 801 908 866 θεάσασθαι,
941 803 1118 874 λάθρα
1156 801 1254 856 τοῦ
1305 783 1466 866 κυνὸς
1512 803 1803 874 ἐκομίζετο

223 896 366 965 παρὰ
417 895 527 948 τῶν
573 895 828 948 ἑστώτων
870 895 1203 959 δακτυλίδια,
1255 895 1351 947 καὶ
1406 894 1572 948 ἐτίθει
1619 898 1698 958 είς
1743 895 1804 948 τὸ

225 988 414 1056 ἔδαφος
448 986 803 1054 περισκέπων
830 985 971 1038 αὐτὰ
1001 988 1058 1039 ὲν
1093 984 1332 1054 χώματι.
1383 985 1490 1036 Kal
1531 985 1802 1054 ἐπέτρεπε

223 1078 294 1148 τῷ
338 1077 464 1129 κυνὶ
517 1077 726 1146 ἐπᾶραι
773 1079 868 1130 καὶ
903 1077 1086 1130 δοῦναι
1141 1075 1356 1144 ἑκάστῳ
1401 1075 1460 1126 τὸ
1511 1075 1678 1127 ἴδιον·
1708 1077 1806 1129 καὶ

224 1167 456 1240 ἐρευνῶν
500 1171 529 1220 ὁ
575 1167 724 1220 κύων
771 1167 850 1237 τῷ
903 1168 1132 1236 στόματι
1187 1167 1435 1220 ἐπεδίδου
1487 1167 1704 1236 ἑκάστῳ
1746 1168 1806 1219 τὸ

223 1260 642 1331 γνωριζόμενοι).
690 1259 748 1310 '0
780 1259 836 1312 δὲ
865 1259 1027 1319 αὐτὸς
1062 1257 1208 1310 κύων
1231 1261 1322 1310 καὶ
1352 1257 1624 1326 διαφόρων
1657 1256 1808 1326 βασι-

225 1351 354 1404 λέων
383 1350 698 1420 νομίσματα
740 1351 912 1419 μυρία
945 1350 988 1382 ³⁷
1020 1349 1266 1402 ἐπεδίδου
1290 1350 1409 1402 κατ’
1433 1348 1627 1418 ὄνομα.
1655 1350 1808 1419 Παρ-

225 1444 455 1506 εστῶτος
487 1442 544 1494 δὲ
585 1441 746 1512 ὄχλου
795 1443 1006 1513 ἀνδρῶν
1042 1460 1100 1496 τε
1137 1443 1232 1496 καὶ
1261 1441 1565 1508 γυναικῶν,
1595 1443 1810 1512 ἐπερω-

225 1535 464 1602 τώμενος
493 1533 736 1586 ἐδείκνυε
767 1533 861 1595 τὰς
916 1536 974 1586 ὲν
1018 1533 1217 1602 γαστρὶ
1271 1531 1504 1600 ἐχούσας
1545 1531 1640 1584 καὶ
1682 1532 1811 1594 τοὺς

228 1624 382 1686 ὄντας
439 1623 844 1694 πορνοϐοσκοὺς
887 1626 978 1677 καὶ
1010 1625 1256 1694 -μοιχοῦς
1307 1625 1403 1676 καὶ
1438 1623 1666 1686 κνιποὺς
1715 1624 1814 1678 καὶ

232 1715 637 1785 μεγαλοψύχους
670 1733 684 1746 ο
734 1717 828 1768 καὶ
878 1715 1198 1768 ἀπεδείκνυε
1251 1715 1426 1768 πάντα
1487 1717 1624 1785 μετὰ
1677 1713 1815 1784 ἀλη-

227 1806 393 1870 θείας.
439 1807 602 1860 ’Ὀθεν
672 1807 855 1877 ἔλεγον
919 1807 1106 1860 πολλοὶ
1174 1808 1256 1859 ὅτι
1307 1807 1523 1877 πνεῦμα
1561 1807 1815 1870 Πύθωνος

228 1898 356 1970 ἔχει.

303 1993 430 2046 Ἐπὶ
460 1992 518 2045 δὲ
553 1993 651 2063 τῆς
689 1993 863 2060 αὐτῆς
897 1993 1174 2063 βασιλείας
1210 1995 1384 2065 ἐφάνη
1417 1994 1593 2066 ἀστὴρ
1639 1993 1812 2064 μέγας

229 2087 317 2139 καὶ
355 2085 591 2154 φοϐερὸς
616 2083 759 2138 κατά
783 2084 844 2136 τὸ
881 2085 1096 2137 δυτικὺν
1127 2087 1171 2117 ³⁵
1209 2087 1376 2156 μέρος
1408 2087 1543 2156 (95),
1578 2087 1814 2154 πέμπων

227 2175 316 2228 ἐπὶ
337 2172 440 2245 τὴν
467 2175 513 2207 ⁹⁹
539 2173 649 2227 ἄνω
670 2173 866 2225 ἀκτῖνα
903 2173 1129 2243 λευκὴν,
1163 2175 1191 2226 ό
1225 2174 1282 2226 δὲ
1317 2175 1608 2244 χαρακτὴρ
1648 2173 1812 2226 αὑτοῦ

228 2264 516 2334 ἀστραπὰς
542 2265 875 2334 ἀπέπεμπεν
895 2281 908 2294 ·
933 2265 991 2318 ὃν
1022 2265 1210 2335 ἔλεγόν
1240 2257 1392 2328 τινεξ
1422 2262 1562 2318 εἶναι
1595 2264 1815 2335 λαμπα-

227 2357 360 2412 δίαν.
390 2359 616 2428 Ἔμεινε
663 2358 720 2410 δὲ
761 2358 855 2411 ἐπὶ
901 2357 1116 2428 ἡμέρας
1180 2356 1384 2410 εἴκοσιν
1413 2357 1458 2387 ³⁰
1495 2355 1814 2425 ὲκλάμπων,

229 2450 318 2503 καὶ
357 2451 613 2518 ἐγένοντο
667 2449 918 2520 ἀνυδρίαι
969 2451 1066 2504 καὶ
1121 2451 1266 2503 κατὰ
1315 2449 1472 2502 πόλιν
1532 2449 1818 2520 δημοτικοὶ

230 2541 374 2610 φόνοι
399 2542 495 2594 καὶ
519 2539 657 2593 ἄλλα
690 2541 863 2594 πολλά
891 2542 1126 2612 ἀπειλῆς
1148 2541 1578 2610 πεπληρωμένα.

294 2633 372 2703 Τῇ
420 2632 478 2685 δὲ
529 2633 923 2704 συμπληρώσει
967 2633 1061 2687 τοῦ
1113 2633 1494 2702 Σεπτεμϐρίου
1545 2631 1715 2702 μηνὸς
1766 2632 1818 2684 οἱ

229 2724 490 2794 πρέσϐεις
543 2725 832 2795 Ῥωμαίων
897 2723 1046 2796 [illi]
1094 2727 1142 2778 οί
1196 2725 1540 2794 πεμφθέντες
1590 2726 1648 2776 ἐν
1707 2725 1820 2786 τοῖς

230 2817 522 2888 Περσικοῖς
551 2817 905 2888 ὑπέστρεψαν
930 2819 1257 2888 ποιήσαντες
1279 2818 1486 2870 πάκτα.
1520 2817 1631 2870 Καὶ
1655 2817 1819 2884 γνοὺς

229 2906 389 2961 τοῦτο
415 2907 446 2960 ὁ
469 2906 722 2978 βασιλεὺς
745 2907 1148 2974 Ἰουστινιανδς,
1170 2909 1253 2960 ὅτι
1279 2907 1507 2978 εἰρήνην
1534 2907 1648 2976 ἔχει
1679 2905 1819 2976 πρὸς

243 2997 546 3068 Ῥωμαίους
573 2999 641 3063 δι,
685 2999 862 3068 χαρᾶς
906 2997 1176 3069 ἐπλήσθη.
1237 2997 1542 3066 Δεξάμενος
1587 2996 1694 3066 γὰρ
1748 2996 1820 3048 τὰ

229 3088 536 3158 γράμματα
588 3087 699 3139 τῶν
743 3088 969 3142 πάκτων
1016 3087 1112 3140 καὶ
1156 3086 1426 3154 ἀναγνοὺς
1477 3078 1603 3154 εὗρε
1663 3098 1820 3152 περιρ

229 3179 420 3250 έχοντα
451 3178 624 3242 οὕτως
642 3192 657 3204 ·

1903 631 2006 676 ret.
2054 621 2320 678 Dominus
2355 624 2500 676 enim
2539 624 2592 676 in
2629 623 2748 678 foro
2781 631 2956 688 stans,
2991 632 3045 678 et
3087 623 3489 677 circumstante

1904 713 2149 784 undique
2174 716 2543 784 spectaculum
2577 717 2782 785 populo
2811 718 2950 769 clam
2985 729 3143 780 cane,
3179 715 3486 768 astantium

1905 805 2138 858 antmlos
2168 806 2498 874 accipiebat,
2539 822 2692 875 quos
2737 807 2790 859 in
2829 806 2950 859 solo
2985 805 3290 873 depositus,
3341 813 3485 858 terra

1905 901 2125 962 aggesta
2186 895 2453 964 tegebat:
2515 910 2708 948 canem
2769 893 2968 948 deinde
3015 909 3110 947 eos
3164 895 3377 951 tollere.
3435 902 3486 946 et

1907 1001 2064 1040 suum
2101 987 2299 1055 cuique
2339 987 2566 1040 reddere
2593 988 2842 1056 jubeliat.
2883 985 3054 1038 Canis
3102 986 3288 1053 itaque
3329 984 3490 1037 inda-

1906 1087 2060 1145 gatos
2099 1080 2334 1132 annulos
2366 1093 2462 1131 ore
2499 1079 2872 1147 prehendens,
2910 1077 3110 1145 cuique
3153 1093 3314 1130 suum
3352 1075 3480 1127 red-

1907 1170 2106 1224 hibuit.
2152 1170 2296 1223 idem
2331 1169 2494 1222 etiam
2547 1169 2700 1223 cauis
2734 1169 3079 1222 diversorum
3125 1184 3343 1236 qunque
3379 1168 3488 1218 im-

1908 1269 2222 1331 peratorum
2261 1261 2597 1314 numismata
2648 1258 2814 1330 454
2859 1268 3132 1327 quotquot
3183 1259 3488 1327 prolucta,

1909 1352 1976 1404 ad
2011 1351 2276 1420 cujusque
2316 1366 2515 1405 nomen
2557 1351 2842 1404 reddidit:
2880 1349 3130 1418 quinimo
3160 1349 3317 1400 turba
3347 1347 3492 1400 viro-

1913 1458 2032 1497 rum
2093 1443 2495 1512 mulierumque
2568 1452 2820 1507 astante,
2877 1441 3252 1507 iuterrogatus
3312 1437 3380 1490 de
3429 1451 3492 1490 ea

1911 1533 2185 1603 gravidas,
2213 1533 2466 1597 lenones,
2499 1541 2862 1596 scortatores,
2893 1530 3168 1591 sordidos,
3207 1527 3495 1596 magnani-

1913 1641 2145 1694 mosque
2173 1625 2610 1680 deu'ionstrahat.
2661 1623 2766 1677 Sed
2803 1631 2856 1676 et
2909 1623 3024 1675 haec
3064 1619 3246 1672 omnia
3285 1632 3382 1686 pro
3416 1618 3492 1669 rci

1911 1720 2143 1773 veritate
2175 1721 2330 1774 canis
2359 1721 2465 1772 iste
2497 1717 2762 1787 prodebat
2797 1734 2808 1768 :
2840 1715 3028 1767 multis
3057 1713 3202 1776 ideo,
3231 1710 3495 1782 Pythonis

1915 1825 2035 1865 eum
2072 1809 2266 1879 spiritu
2305 1808 2595 1880 praaditum
2633 1804 3055 1859 allirmantibus.

1985 1981 2186 2036 Eodem
2225 1981 2529 2048 imperante
2573 1978 2732 2034 stella
2771 1976 2964 2046 ingens
3005 1982 3061 2030 ct
3105 1975 3391 2029 tremenda
3441 1975 3494 2028 in

1913 2076 2199 2131 occidente
2229 2074 2582 2144 comparuit,
2615 2072 2834 2127 radium
2862 2071 3050 2123 album
3085 2084 3306 2123 sursum
3334 2069 3492 2121 emit-

1915 2174 2077 2230 tens;
2129 2179 2318 2234 quam,
2366 2163 2514 2234 quod
2573 2161 2812 2230 fulguris
2862 2160 3215 2213 emissionem
3273 2172 3386 2226 pra:
3435 2171 3498 2210 se

1916 2257 2150 2320 ferebat,
2185 2256 2357 2310 facem
2390 2257 2700 2318 ardentem,
2739 2252 2994 2306 nonnulli
3018 2251 3358 2304 vocitabant.
3391 2251 3498 2302 Per

1915 2349 2034 2404 dies
2072 2357 2254 2402 autem
2287 2363 2359 2400 xx
2402 2345 2651 2410 refulsit;
2704 2342 2849 2397 unde
2878 2343 3182 2405 siccitates,
3223 2352 3277 2396 ct
3311 2342 3500 2408 utique

1916 2455 2016 2510 per
2071 2437 2365 2508 imperium
2409 2437 2464 2490 in
2502 2435 2708 2506 p0pulo
2754 2431 2952 2497 caedes,
2998 2433 3216 2502 aliaque
3265 2431 3533 2500 plurima,

1917 2529 2242 2584 mortalibus
2280 2526 2530 2582 infausta
2563 2529 2813 2580 insecuta
2855 2531 3006 2580 sunt.

1988 2620 2194 2676 Mensis
2246 2627 2427 2674 autem
2487 2617 2829 2688 Septembris
2887 2615 2992 2672 sub
3036 2615 3245 2670 exitum
3275 2653 3289 2677 ,
3337 2613 3503 2682 legati

1920 2712 2315 2774 Romanorum,
2345 2711 2439 2780 qui
2484 2711 2538 2764 in
2568 2709 2852 2764 Persidem
2901 2707 3060 2762 missi
3091 2706 3334 2766 fuerant,
3367 2719 3505 2775 pace

1920 2804 2064 2858 facta
2092 2805 2300 2860 reversi
2335 2811 2486 2858 sunt.
2518 2803 2640 2868 Quo
2669 2801 2860 2854 audito
2897 2799 3203 2869 imperator
3231 2797 3504 2852 Justiuia—

1920 2912 2027 2951 nus
2059 2911 2274 2950 summo
2319 2895 2521 2966 gaudio
2565 2892 2793 2946 affectus
2823 2899 2929 2946 est.
2963 2891 3221 2960 Acceptis
3261 2891 3404 2943 enim
3436 2887 3506 2941 de

1919 3003 2058 3058 pace
2108 2987 2309 3042 litteris
2351 2985 2748 3054 perlectisque,
2793 2997 2889 3038 eas
2933 2982 2990 3036 in
3023 2982 3141 3036 haec
3171 2981 3339 3036 verba
3373 2994 3506 3034 con-

1921 3084 2162 3154 scriptas
2202 3080 2431 3136 invenit.

298 3288 320 3324 ι
351 3225 706 3333 Ἀνελθόνῖτες
740 3269 880 3340 πρὸς
904 3270 1056 3340 ἡμᾶς
1085 3269 1136 3322 οί
1181 3266 1442 3338 ἡμέτεροι
1481 3264 1817 3338 πρεσϐευταὶ

1999 3285 2018 3319 ι
2061 3265 2402 3334 Propensum
2439 3261 2654 3332 paterni
2696 3257 2869 3314 vestri
2922 3257 2979 3312 in
3023 3270 3128 3336 nos
3180 3253 3348 3309 animi
3390 3259 3509 3308 stu-

227 3365 275 3418 οἰ
303 3365 451 3437 πρὸς
484 3365 584 3435 τὴν
634 3365 733 3435 σὴν
766 3363 1055 3427 σταλέντες
1109 3362 1430 3433 ἡμερότητα
1479 3359 1822 3430 ἀπήγγειλαν

227 3457 358 3527 ἡμῖν
409 3455 515 3526 τὴν
568 3456 781 3526 ἀγαθὴν
822 3455 1144 3526 προαίρεσιν
1189 3454 1290 3522 τῆς
1335 3453 1612 3524 πατρικῆς
1670 3450 1824 3520 ὑμῶν

228 3548 550 3612 διαθέσεως.
581 3550 693 3602 Καὶ
713 3549 806 3602 ἐπὶ
827 3548 994 3600 πᾶσιν
1014 3545 1489 3615 εὐχαριστήσαμεν
1514 3542 1590 3612 τῷ
1615 3543 1823 3594 Δεσπό-⁴

227 3656 294 3715 τῃ
321 3641 448 3712 Θεῷ
465 3643 548 3695 δτι
583 3642 792 3712 πρέπον
821 3643 888 3712 τῇ
925 3640 1090 3693 αὐτοῦ
1130 3637 1432 3706 ἀγαθότητι
1467 3636 1702 3706 πρᾶγμα
1731 3632 1825 3700 γέ-

228 3748 349 3802 γονε
375 3735 475 3788 καὶ
508 3734 718 3806 προέϐη
761 3735 859 3788 σὺν
899 3731 1020 3802 Θεῷ
1057 3731 1247 3802 εἰρήνη
1289 3730 1370 3792 είς
1410 3727 1679 3796 ὠφέλειαν
1713 3726 1824 3780 τῶν

228 3825 316 3880 δύο
365 3827 682 3882 πολιτειῶν.
708 3827 832 3881 Ὀτι
877 3826 932 3878 δὲ
971 3823 1182 3894 μεγάλη
1229 3821 1356 3886 δόξα
1401 3820 1495 3873 καὶ
1521 3821 1564 3851 ³⁸
1603 3819 1824 3882 ἔπαινός

228 3925 374 3979 ἐστιν
407 3925 470 3976 ὲν
505 3921 658 3992 πάσῃ
703 3919 770 3988 τῇ
814 3918 884 3986 γῇ
919 3915 1072 3984 παρὰ
1117 3911 1236 3983 Θεῷ
1281 3913 1377 3965 καὶ
1415 3910 1726 3982 ἀνθρώποις
1763 3909 1826 3963 τὸ

231 4017 460 4090 εἰρήνην
493 4011 749 4083 γενέσθαι
801 4008 1006 4080 μεταξὺ
1061 4005 1170 4060 τῶν
1207 4003 1302 4058 δύο
1336 4003 1560 4072 κόσμων
1600 4002 1694 4055 ἐπὶ
1725 4001 1826 4070 τῆς

228 4111 572 4184 ἡμερότητος
603 4106 698 4160 καὶ
729 4103 889 4174 ήμῶν
911 4101 1020 4154 τῶν
1043 4097 1283 4169 γνησίως
1311 4097 1455 4167 ὑμᾶς
1485 4093 1828 4162 ἀγαπώντων

229 4183 506 4274 πρόδηλόν
531 4202 648 4252 ἐστι
667 4212 683 4228 ο
713 4195 810 4248 καὶ
849 4193 900 4246 οἱ
941 4191 1130 4264 ἐχθροὶ
1157 4189 1212 4242 δὲ
1243 4186 1519 4257 ἑκατέρας
1549 4183 1829 4246 πολιτείας

229 4291 683 4349 καταπεσοῦνται
730 4286 937 4354 ταύτης
987 4283 1085 4336 σὺν
1127 4279 1248 4350 Θεῷ
1297 4277 1601 4348 γενομένης
1627 4277 1692 4328 ³³.
1727 4275 1829 4328 Διά

229 4385 437 4457 τάχους
463 4382 644 4436 τοίνυν
667 4375 1170 4444 ὲπικαταλήῲονται
1191 4374 1240 4425 οἱ
1271 4370 1534 4440 ἡμέτεροι
1561 4365 1831 4438 πρεσϐευ-

229 4478 339 4538 ταὶ,
365 4475 682 4546 ὀφείλοντες
716 4467 1114 4539 ἀναπληρῶσαι
1137 4465 1206 4518 τὰ
1223 4464 1360 4533 πρὸς
1391 4459 1696 4530 ἀσφάλειαν
1727 4458 1830 4526 τῆς

1924 3357 2075 3412 dium
2109 3355 2330 3409 reduces
2366 3353 2561 3415 nostri,
2599 3365 2741 3420 quos
2773 3351 2840 3403 ad
2885 3347 3238 3404 clementiam
3271 3352 3512 3399 vestram

1925 3447 2196 3508 misimus,
2227 3443 2385 3512 legati
2408 3443 2566 3496 nobis
2599 3440 3017 3494 renuntiarunt.
3047 3437 3283 3490 Domino
3319 3444 3508 3486 autem

1926 3541 2040 3595 Deo
2079 3539 2286 3610 gratias
2341 3536 2545 3604 ubique
2604 3535 2844 3602 agimus,
2893 3530 3043 3600 quod
3099 3530 3345 3582 bonitate
3389 3525 3512 3594 ejus

1925 3641 2367 3688 consenlaneum
2389 3643 2526 3697 opus
2545 3626 2929 3689 effectum‘est;
2953 3637 3166 3691 anque
3186 3627 3375 3672 mutua
3395 3632 3515 3685 qua:

1915 3727 1984 3800 _in
2020 3725 2326 3793 utriusque
2361 3720 2681 3790 reipublit-a‘.
2713 3717 3148 3772 emolumentum
3179 3722 3231 3766 et
3267 3720 3514 3765 nostram

1927 3819 2220 3886 utriusque
2274 3816 2494 3870 laudem
2559 3819 2789 3866 cessura
2837 3817 2946 3871 est,
3011 3806 3313 3862 stabilitur.
3379 3801 3515 3855 Rem

1929 3910 2208 3963 enimvero
2249 3921 2478 3962 summe-
2519 3905 2816 3974 gloriosam
2867 3917 2992 3954 esse
3047 3907 3102 3952 et
3153 3897 3296 3963 apud
3346 3893 3515 3948 Deum

1930 4001 2292 4069 hominesque
2338 3999 2634 4067 universos
2675 3993 2836 4049 laude
2880 3992 3130 4062 dignam,
3169 3987 3332 4060 [.55
3370 3985 3521 4056 quod

1930 4091 2237 4148 clementiae
2263 4099 2463 4144 vestrae
2502 4087 2802 4156 nostrique
2849 4083 2966 4154 (qui
3001 4098 3098 4136 vos
3139 4081 3302 4132 unice
3337 4077 3520 4145 diligi-

1932 4183 2100 4247 mus),
2133 4183 2501 4251 temporibus,
2536 4183 2682 4234 inter
2714 4178 2903 4230 orbem
2940 4183 3242 4239 utrumque
3290 4184 3396 4236 pax
3437 4167 3520 4220 fa-

1893 4283 1898 4291 '
1933 4285 2022 4330 cta
2055 4275 2238 4335 fuerit.
2287 4273 2548 4327 omnibus
2599 4269 2954 4324 manifestum
2987 4273 3093 4318 est.
3143 4262 3301 4326 Quod
3343 4268 3398 4314 et
3443 4259 3523 4311 fa-

1932 4373 2095 4421 vente
2155 4363 2270 4418 Deo
2333 4365 2626 4430 utriusque
2677 4367 2930 4413 nostrum
2987 4353 3230 4408 iniiuicis
3289 4351 3520 4404 exitium

1936 4459 2180 4513 futurum
2214 4465 2316 4510 est.
2366 4454 2553 4524 Legati
2605 4454 2790 4520 itaque
2839 4445 3016 4502 nostri
3068 4445 3245 4513 primo
3302 4453 3524 4512 quoque

233 4531 486 4638 εἰρηνης.
516 4531 806 4632 Εὑχόμεθα
830 4531 962 4628 γούν
988 4559 1046 4610 ὲν
1078 4531 1296 4615 πολλοῖς
1338 4551 1554 4623 χρόνοις
1597 4547 1698 4618 τὴν
1727 4563 1817 4600 πα-

1938 4559 2184 4617 tempore
2215 4544 2475 4607 aderunt,
2525 4557 2636 4612 quo
2687 4538 2754 4592 ad
2798 4537 2951 4608 pacis
2999 4531 3475 4589 confirmationem
3504 4569 3520 4593 ,

231 4661 435 4734 τρικῂν
468 4657 625 4729 ὑμῶν
645 4653 887 4710 διάθεσιν
915 4646 1344 4722 περισώξεσθαι.
1376 4662 1398 4696 ›

303 4937 424 4991 Kal
458 4907 805 5005 ἐκπεμφθεὶς
848 4929 954 4984 om
991 4924 1284 4996 Ῥωμαίων
1323 4920 1486 4976 πάλιν
1525 4919 1828 4987 Ῥουφῖνος,

229 5029 506 5102 δευτέρας
533 5027 882 5099 ἀποκρίσεως
915 5019 1065 5095 [192]
1097 5013 1592 5085 καταπεμφθείσης
1625 5013 1685 5064 ὲν
1715 5011 1830 5072 τοῖς

1927 4640 2298 4710 quodcunque
2329 4633 2711 4690 necessarium
2757 4631 2893 4694 erit,
2937 4626 3196 4681 effectum
3234 4625 3385 4678 dent.
3416 4619 3527 4674 Νο-

1927 4732 2017 4787 bis
2055 4744 2186 4784 vero
2220 4729 2298 4781 uti
2329 4733 2556 4796 paterna
2588 4731 2773 4778 vestra
2811 4718 3104 4774 affectione
3134 4731 3300 4786 quam
3327 4713 3526 4768 diutis-

1928 4820 2068 4876 sime
2101 4817 2208 4871 frui
2238 4817 2402 4870 liceat
2435 4827 2748 4884 precamur.
2786 4828 2806 4860 ι

2000 4907 2202 4962 Missus
2228 4913 2413 4960 autem
2449 4899 2714 4957 secundis
2740 4913 2862 4954 cum
2897 4895 3103 4951 litteris
3140 4889 3523 4962 imperatoriis

1932 5003 1988 5056 in
2045 4999 2330 5055 Persidem
2389 4995 2625 5050 Ruﬁnus
2681 5005 2868 5062 regem
2901 4988 3114 5044 invenit
3163 4986 3314 5058 circa
3369 4983 3522 5052 pacis

1509 5143 1750 5200 VARUE
1805 5137 2219 5196 LECTIONES.

335 5254 389 5323 τ’
429 5250 623 5323 μυρία.
673 5247 990 5323 μιγνύμενα
1017 5243 1208 5323 Theon

1210 5243 1383 5297 hanes
1436 5254 1492 5309 p.
1551 5237 1751 5309 19QﬂA,
1785 5229 2285 5309 Gedrenusn575.A._
2363 5224 2656 5309 ’θδυτικδν
2688 5222 2815 5309 Cll?
2849 5217 3206 5309 Bustxbvngx.

3315 5216 3360 5248 ιο
3396 5214 3518 5282 τήν.

233 5323 306 5378 τὰ
332 5283 1492 5391 ἼῈΞἘ.”’ῖδ”ἕέὶὧὲἶ”οὲξ
1557 5283 2300 5376 3"‘rESpEZJQQJTOmnino
2329 5296 2686 5352 scribendum
2719 5283 2958 5362 Πέρσας.
2996 5308 3014 5341 ι
3060 5289 3162 5344 Ch.
3239 5286 3285 5319 ³⁸
3317 5283 3520 5339 Addidi

235 5395 355 5448 καί.
437 5394 484 5425 ³³
499 5388 809 5461 γινομένης
831 5388 934 5443 0x.

1472 5467 1580 5523 ΕΙ).
1627 5463 2005 5520 CHILMEADI
2045 5460 2279 5518 NOTAE.

309 5573 428 5644 (9:!)
471 5573 653 5641 ’Έχων
702 5569 820 5642 μεθ’
861 5567 1058 5623 ἑαυτοῦ
1117 5565 1256 5619 κύνα
1317 5563 1526 5628 ξανθόν.
1593 5557 1701 5610 Kal
1753 5575 1846 5610 τυο-
1943 5556 2248 5610 secundum
2281 5550 2592 5644 Cedrepqm
2624 5547 2754 5644 :lvel
2784 5554 2840 5627 ut
2878 5543 3122 5644 Zonarqs
3155 5538 3397 5644 vultqu;I
3424 5531 3521 5644 md

636 5641 657 5644 ,κ
724 5643 727 5644 ,
956 5640 981 5644 Α-
1065 5640 1075 5644 -
1139 5638 1149 5644 .
1217 5637 1226 5644 .
1395 5635 1403 5644 ο
1532 5629 1564 5644 1·
1738 5627 1769 5644 .'
1947 5626 1983 5644 τι
2064 5628 2244 5644 ,-_t,-_
2325 5622 2404 5644 ..--!
2491 5639 2517 5644 ,ν
2548 5636 2600 5644 Α..
2670 5634 2753 5644 ιηη
2801 5633 2853 5644 ιη
2895 5631 2953 5644 nn
3005 5629 3071 5644 nl\
3103 5626 3184 5644 Ille
3241 5623 3299 5644 nc
3406 5623 3416 5644 Ι
3508 5629 3521 5642 σ

239 5627 425 5712 φλὶνί
447 5627 600 5698 addit
624 5627 1110 5712 Cedrenus.Canis
1139 5637 1302 5706 hujus
1331 5627 1568 5688 iniraudi
1603 5627 1843 5682 mentio-

244 5711 372 5770 nem
403 5718 568 5767 etiam
604 5713 739 5766 facit
764 5711 1030 5764 Zonaras.

321 5784 442 5852 (93)
487 5785 647 5836 Κατά
683 5783 744 5834 τὸ
788 5779 1006 5852 δυσικον
1046 5776 1400 5852 μέρος-δοῖ..
1446 5770 1688 5826 δυτικόν.
1729 5767 1836 5820 Co-

249 5844 564 5910 meta-veto
615 5853 702 5907 hic
754 5851 1006 5921 apparuit
1047 5844 1338 5904 Iustiniani
1390 5844 1520 5912 itnp.
1570 5857 1716 5900 anno
1761 5854 1835 5902 ιγ,

1944 5605 2421 5694 ᾗιᾶιῖιοῇἶιιελοιιί
2470 5621 2604 5674 ﬁdes
2653 5619 2755 5672 hac
2801 5617 2855 5670 in
2895 5631 2954 5669 re
3005 5605 3526 5694 potiushes't‘adliio

2557 5673 2768 5745 anitum
2795 5702 2894 5740 xm
2926 5673 3050 5740 enin
3080 5679 3253 5750 ponit.
3289 5675 3360 5730 De
3393 5673 3524 5736 lit-ll.

1937 5764 2090 5824 Pcrs.
2129 5766 2226 5822 lib.
2257 5780 2320 5820 ιι.
