3894 6448
417 377 520 441 667

1730 392 2051 457 JOANNIS
2082 396 2406 457 MALALAE

3556 406 3650 473 668

414 489 538 543 illas
588 487 955 559 conditiones.
994 489 1231 547 invicem
1296 493 1571 556 ineundas
1622 498 1785 572 longe
1831 504 1974 558 alitei

2092 507 2384 575 Περσικοῖς
2424 507 2682 578 μέρεσιν,
2724 502 2850 580 εὗρε
2878 486 2987 564 ’τὸν
3026 512 3249 581 βασιλέα
3286 517 3501 586 Περσῶν
3526 523 3649 576 ἀνα-

415 593 475 634 se
536 578 850 634 habentem.
908 578 1055 635 Inter
1089 583 1206 641 haec
1242 585 1388 640 enim
1442 585 1752 655 Samaritae,
1785 593 1990 663 quibus

411 671 735 737 imperator,
770 672 850 725 uti
878 673 1134 742 superius
1159 675 1370 732 dictum
1401 687 1515 746 est,
1562 681 1818 742 infensus
1842 696 1987 752 erat,

411 760 476 813 ad
511 760 712 817 Persas
741 763 1040 835 transfuga:
1075 769 1098 837 (
1116 783 1308 823 eorum
1336 782 1516 827 autem
1549 777 1992 834 numerabantur

409 866 441 905 ι.
474 852 715 924 millia),
766 857 975 912 auxilia
1038 874 1139 913 sua
1191 861 1460 919 adversus
1494 864 1775 924 Romanos
1816 868 1990 926 Coadi

408 946 521 1014 regi
576 946 939 1017 obtulerunt;
986 950 1041 1004 in
1074 967 1137 1007 se
1190 953 1420 1025 insuper
1452 959 1783 1028 recipientes
1815 959 1989 1019 Palae-

407 1031 567 1086 stina:
597 1033 766 1090 totius
799 1036 1173 1106 proditionem
1211 1041 1596 1117 Locorumque
1652 1050 1725 1104 ibi
1764 1062 1989 1108 sancto-

405 1123 910 1199 rutnfaciendam;
965 1129 1020 1183 in
1083 1148 1191 1200 qua
1241 1136 1380 1191 urbe
1419 1138 1766 1195 diversormn
1796 1158 1984 1213 regum

405 1213 691 1269 recondita
744 1227 905 1271 erant
961 1220 1355 1293 anathemata;
1409 1226 1504 1280 ubi
1542 1229 1709 1283 etiam
1754 1232 1876 1285 auri
1931 1241 1987 1288 et

407 1306 618 1371 argenti
668 1306 753 1361 vis
802 1310 1035 1365 maxima
1064 1352 1079 1375 ,
1132 1313 1561 1387 lapillorutnque
1614 1320 1984 1389 pretiosorum

405 1392 623 1449 inﬁnita
657 1406 779 1450 erat
830 1400 1140 1469 congeries.
1195 1401 1322 1457 Haec
1373 1405 1463 1460 ubi
1511 1408 1760 1464 audisset
1789 1408 1984 1466 Persae

404 1500 531 1539 rum
564 1501 661 1541 rex
685 1527 700 1549 ,
736 1489 952 1545 illorum
982 1493 1150 1549 dictis
1180 1495 1340 1551 ﬁdem
1388 1498 1598 1555 habens
1624 1516 1810 1571 pacem
1847 1518 1985 1557 con-

405 1578 627 1635 ﬁrmare
665 1579 1022 1649 detrectavit,
1061 1596 1281 1657 arrepta
1329 1590 1496 1644 etiam
1538 1591 1615 1647 de
1653 1593 1985 1650 aurifodinis

404 1672 831 1740 occasiuncula,
863 1691 984 1745 quae
1022 1678 1301 1740 Anastasii
1333 1680 1465 1735 olim
1511 1686 1852 1752 temporibus
1899 1688 1987 1740 in-

2088 594 2281 648 δυέντα
2328 599 2466 668 πρδς
2512 598 2581 651 τὰ
2630 597 2859 664 δόξαντα
2900 600 3106 672 μεταξὺ
3154 603 3333 657 αὐτῶν
3361 605 3532 665 ἕνεκεν
3557 615 3647 684 τῆς

2089 689 2336 759 εἰρήνης.
2359 690 2731 760 Φημισθέντος
2766 691 2877 764 γὰρ
2905 693 3133 760 τούτου,
3153 695 3229 759 ὡς
3258 696 3366 751 τῶν
3398 700 3651 773 Σαμαρει-

2087 776 2197 830 τῶν
2229 778 2516 848 Ῥωμαίων
2567 782 3064 853 ἁγανακτηθέντων
3110 785 3215 840 ὑπὸ
3261 786 3353 859 τοῦ
3406 788 3651 858 βασιλέως

2087 871 2467 935 Ἰουστινιανοῦ
2497 914 2513 938 ,
2581 873 2658 937 ὡς
2725 877 3182 949 προγέγραπται,
3216 865 3515 947 ’φυγόντων
3565 891 3654 938 καὶ

2088 958 2432 1013 ἀπελθόντων
2465 962 2601 1031 πρὸς
2624 965 2876 1037 Κωάδην,
2908 967 3136 1036 βασιλέα
3165 969 3410 1040 Περσῶν,
3441 972 3543 1025 ἀπὸ
3562 974 3656 1043 τῆς

2087 1051 2297 1105 ἑαυτῶν
2337 1053 2519 1123 χώρας
2569 1056 2966 1129 Παλαιστίνης,
3020 1064 3115 1113 καὶ
3175 1062 3655 1132 ἐπαγγειλαμένων

2087 1142 2235 1212 αὑτῷ
2284 1149 2633 1217 συμμαχεῖν·
2672 1150 2733 1202 τὸ
2764 1150 2821 1203 δὲ
2860 1152 3069 1220 πλῆθος
3099 1153 3280 1206 αὐτῶν
3324 1150 3392 1223 ἦν
3434 1155 3660 1225 χιλιάδες

2087 1238 2426 1306 πεντήκοντα
2462 1255 2476 1267 ·
2518 1241 2917 1310 ἐπηγγείλαντο
2953 1243 3012 1297 δὲ
3062 1244 3141 1316 τῷ
3190 1245 3416 1317 Περσῶν
3461 1246 3664 1317 βασιλεῖ

2087 1327 2396 1399 προδιδόναι
2454 1330 2555 1402 τὴν
2611 1334 2820 1387 ἑαυτῶν
2879 1336 3096 1407 χώραν,
3155 1338 3253 1409 τὴν
3300 1339 3663 1413 Παλαιστίνην

2086 1419 2268 1472 πᾶσαν
2298 1422 2393 1473 καὶ
2426 1423 2552 1486 τοὺς
2580 1425 2770 1492 ἁγίους
2799 1426 3021 1492 τόπους,
3053 1428 3208 1482 πόλιν
3237 1430 3467 1500 ἔχουσαν
3494 1432 3666 1500 διαφό·

2090 1528 2197 1579 ρων
2247 1511 2514 1579 βασιλέων
2557 1515 2916 1586 χαρίσματα·
2962 1517 3166 1588 χρυσοῦ
3214 1534 3276 1569 τε
3328 1517 3438 1589 γὰρ
3468 1519 3664 1588 πλῆθος

2085 1602 2222 1655 πολὺ
2269 1604 2365 1658 καὶ
2406 1605 2569 1660 λίθων
2613 1610 2810 1678 τιμίων
2843 1610 3217 1681 ἀναρίθμητος
3264 1612 3503 1679 ποσότης
3528 1628 3541 1641 ·
3574 1613 3664 1665 καὶ

2085 1694 2325 1759 ἀκούσας
2351 1696 2528 1752 ταῦτα
2547 1698 2576 1750 ὁ
2606 1699 2860 1769 βασιλεὺς
2888 1701 3135 1772 Περσῶν,
3162 1703 3258 1755 καὶ
3287 1703 3534 1766 πεισθεὶς
3555 1705 3662 1767 τοῖς

401 1771 613 1828 ventae,
644 1765 844 1821 exinde
888 1766 1145 1825 Romano
1190 1781 1478 1827 cesserant
1528 1775 1801 1845 imperio;
1855 1792 1974 1833 cum

2088 1786 2219 1855 παρ’
2252 1785 2433 1840 αὑτῶν
2454 1765 2795 1859 λεγομένοις,
2832 1765 3029 1862 ἁνεδὺη
3058 1791 3187 1864 περὶ
3230 1792 3294 1845 τὸ
3335 1795 3560 1864 ποιῆσαι
3598 1765 3665 1845 τά
3695 1784 3703 1792 ’

399 1855 556 1924 prius
594 1865 809 1912 montes
863 1859 952 1914 isti
997 1860 1146 1929 juris
1206 1862 1416 1920 Persici
1474 1865 1736 1923 fuissent.
1771 1869 1974 1926 Montes

2087 1854 2291 1933 πάκτα.
2332 1854 2612 1953 Ἀφορμὴν
2648 1882 2705 1935 δὲ
2747 1854 2927 1936 λαϐὼν
2959 1854 3091 1954 περὶ
3131 1854 3247 1937 ’τῶν
3279 1854 3664 1957 χρυσορρύτων

399 1957 583 2012 autem
617 1948 671 2003 hi
722 1951 974 2014 auriferi.
1022 1952 1301 2011 Armenia:
1344 1957 1611 2014 Romanae
1658 1960 1983 2017 Persarmea

396 2041 613 2110 niaequc
644 2042 697 2096 in
733 2042 899 2116 553
949 2045 1154 2103 ﬁnibus
1202 2048 1295 2107 siti
1331 2056 1463 2104 sunt
1508 2069 1522 2105 :
1564 2052 1643 2106 uti
1682 2052 1910 2109 tradunt
1942 2054 1980 2108 ii

394 2132 600 2202 quibus
634 2133 738 2189 hoc
785 2145 1125 2207 compertum
1177 2149 1282 2196 est.
1331 2142 1434 2207 Qui
1484 2143 1708 2213 quidem
1761 2154 1982 2203 montes

393 2239 650 2296 magnam
709 2225 894 2283 ferunt
949 2230 1071 2286 auri
1125 2234 1392 2301 copiam:
1453 2249 1521 2289 ex
1576 2236 1779 2305 pluviis
1826 2238 1977 2292 enim

393 2317 779 2389 imbribusque
827 2321 1160 2378 cadentibus
1193 2332 1339 2381 terra
1378 2326 1447 2382 de
1497 2329 1781 2385 montibus
1812 2330 1977 2386 deor-

392 2425 516 2466 sum
563 2421 724 2478 acta,
778 2415 898 2470 auri
958 2417 1116 2486 quasi
1163 2418 1386 2475 laminae
1430 2425 1772 2478 scaturinnt.
1809 2424 1980 2480 Caete-

390 2515 515 2557 rum
553 2515 768 2562 montes
800 2506 967 2564 hosce
1005 2515 1167 2565 an‘tea
1207 2513 1504 2582 temporis,
1548 2529 1701 2585 mque
1728 2532 1756 2569 a
1794 2515 1977 2573 Persis

390 2607 457 2647 ac
485 2594 773 2662 Romanis,
816 2597 1039 2668 quidam
1078 2617 1140 2656 ec
1175 2604 1298 2658 auri
1345 2605 1507 2662 libris
1567 2609 1971 2665 conduxerunt.

387 2682 470 2739 Ex
508 2702 618 2755 quo
646 2705 782 2744 vero
811 2690 868 2745 in
900 2699 1231 2762 potestatem
1286 2699 1647 2756 sacratissimi
1690 2701 1972 2758 Anastasii

387 2775 736 2835 devenerunt
782 2783 1095 2838 mercedem
1142 2787 1463 2844 condictam
1493 2791 1699 2847 exinde
1733 2794 1970 2847 Romani

387 2867 492 2922 soli
526 2881 920 2942 perceperunt.
951 2874 1223 2933 Caeterum
1270 2879 1402 2936 hinc
1432 2883 1614 2952 pactis
1650 2885 1971 2956 rumpendis

383 2959 573 3016 oblata
602 2965 846 3020 occasio.

455 3237 517 3292 In
547 3238 885 3308 proditionis
918 3257 1050 3298 vero
1073 3283 1092 3310 ,
1128 3260 1294 3315 quam
1333 3244 1626 3306 Samaritae
1661 3253 1964 3310 moliebano

381 3336 508 3394 tur,
566 3331 821 3388 notitiam
871 3331 1105 3390 Romani
1161 3337 1267 3394 hoc
1335 3341 1501 3397 modo
1572 3356 1963 3414 pervenerunt.

382 3420 639 3492 Quinque
694 3424 841 3478 enim
896 3441 965 3481 ex
1013 3427 1249 3509 illorum
1283 3432 1568 3501 primariis
1625 3437 1761 3493 viris
1792 3439 1964 3509 (qui,

385 3510 553 3578 paulo
602 3512 729 3580 post
779 3514 891 3569 iter
943 3506 1269 3588 susceptum
1312 3524 1649 3593 supradictae
1692 3506 1968 3598 proditio;-

382 3602 472 3658 nis
498 3617 623 3657 cum
648 3605 832 3662 Coade
860 3606 1028 3667 Persa
1064 3610 1322 3669 ineunda:
1345 3630 1533 3685 causa,
1560 3618 1966 3693 innotuerant),

383 3693 440 3747 in
492 3696 668 3751 reditu
720 3713 824 3754 suo
870 3715 940 3757 ex
999 3700 1230 3761 Perside
1283 3710 1724 3778 comprehensi,
1778 3728 1964 3768 coram

384 3785 621 3841 militum
659 3788 714 3845 in
745 3789 974 3849 Oriente
1029 3797 1302 3867 magistro
1358 3800 1583 3857 adducti
1616 3810 1781 3873 sunt;
1823 3822 1968 3876 quos

385 3876 720 3945 proditionis
768 3884 988 3952 agitatae
1037 3887 1131 3941 ubi
1208 3893 1572 3958 postulasset,
1636 3894 1967 3955 conﬁtentes

384 3966 578 4021 habuit
626 3972 812 4026 statim
865 3990 1014 4031 reos.
1069 3977 1202 4044 Quae
1251 3996 1384 4037 vero
1436 3979 1505 4039 de
1557 3985 1645 4041 his
1677 3995 1802 4044 acta
1834 3996 1966 4045 sunt

380 4056 706 4119 Iustiniano
735 4064 1054 4136 imperatori
1092 4072 1322 4145 legenda
1357 4076 1745 4136 mittebantur.

452 4336 653 4395 Eodem
683 4351 929 4414 tempore
971 4356 1131 4406 terra:
1172 4360 1357 4410 motus
1385 4355 1588 4426 ubique
1624 4362 1966 4431 grassaban-

377 4437 506 4496 tur;
561 4430 885 4490 hominibus
930 4437 1152 4496 interim
1202 4442 1415 4502 litaniis
1467 4430 1675 4520 ubique
1740 4454 1960 4508 urbium

380 4523 733 4581 vacantibus.

451 4612 658 4669 Eodem
710 4619 857 4672 enim
908 4627 1158 4692 tempore
1208 4625 1502 4684 Persarum
1559 4647 1657 4687 rex
1719 4634 1958 4701 legatum

380 4703 535 4758 misit
568 4706 637 4761 ad
684 4708 1072 4780 imperatorem
1120 4715 1466 4789 Romanum;
1494 4725 1588 4793 qui
1621 4728 1842 4783 traditis
1874 4729 1964 4783 lit-

380 4798 516 4851 teris
544 4806 599 4853 et
638 4801 964 4860 muneribus
995 4806 1237 4864 donatus
1264 4810 1533 4869 dimissus
1565 4825 1674 4871 est.

455 4887 563 4945 Sed
596 4891 818 4948 interim
853 4897 1158 4967 imperator
1187 4900 1257 4956 de
1285 4902 1487 4960 Coadis
1528 4907 1822 4963 Persarum
1866 4928 1957 4965 re-

381 4978 465 5049 gis
503 4983 958 5051 prmvaricatione
991 4988 1155 5060 457
1196 4992 1403 5047 certior
1443 5010 1472 5047 a
1502 4994 1702 5051 Ruﬁno
1726 5000 1962 5069 patricio

380 5070 601 5141 factus;
635 5076 1067 5135 Auxumitarum
1108 5099 1291 5155 regem
1324 5101 1491 5157 super
1522 5089 1608 5145 his
1643 5106 1741 5162 per
1768 5108 1959 5149 sacras

2082 1969 2193 2023 τῶν
2240 1971 2575 2040 εὑρεθέντων
2621 1971 2813 2045 πρώην
2850 1975 2942 2028 ἐπὶ
2976 1975 3338 2031 Ἀναστασίου
3379 1975 3472 2030 τοῦ
3515 1977 3665 2046 βασι-

2082 2060 2243 2125 λέως.
2277 2062 2448 2115 ὄντων
2473 2062 2576 2116 ὑπὸ
2610 2064 2917 2135 Ῥωμαίους
2940 2083 2954 2098 ·
2980 2062 3050 2138 ἦν
3075 2067 3183 2137 γὰρ
3213 2068 3407 2138 πρώην
3440 2067 3506 2122 τὰ
3532 2069 3666 2122 αὑτὰ

2081 2153 2184 2224 ὅρη
2214 2154 2321 2206 ὑπὸ
2349 2153 2448 2225 τὴν
2489 2154 2716 2226 Περσῶν
2751 2156 3061 2213 πολιτείαν·
3098 2158 3169 2211 τὰ
3213 2158 3271 2211 δὲ
3322 2159 3666 2231 χρυσόῤῥυτα

2080 2244 2181 2315 ὄρη
2214 2244 2452 2317 ὑπάρχει
2489 2245 2695 2315 μεταξὺ
2724 2246 2835 2303 τῶν
2859 2248 3004 2319 ὅρων
3032 2250 3341 2320 Ἀρμενίων
3382 2251 3666 2320 Ῥωμαίων

2080 2336 2175 2389 καὶ
2220 2336 2681 2406 Περσαρμενίων,
2737 2337 2814 2405 ὡς
2849 2338 2896 2372 ³⁸
2939 2339 3141 2403 εἰδότες
3192 2340 3486 2408 λέγουσιν·
3513 2342 3668 2396 ἆτινα

2076 2425 2176 2497 ὄρη
2231 2428 2458 2498 φέρουσι
2506 2428 2707 2499 χρυσὸν
2752 2429 2959 2485 πολύν·
3013 2432 3103 2487 ὅτε
3160 2433 3273 2505 γὰρ
3334 2434 3527 2505 βροχαὶ
3574 2434 3669 2489 καὶ

2076 2517 2273 2588 ὄμϐροι
2295 2519 2558 2586 γίνονται,
2584 2520 2968 2592 κατασύρεταιο
2985 2524 3019 2591 ἡ
3041 2524 3112 2594 γῆ
3129 2525 3238 2579 τῶν
3259 2525 3447 2581 αὑτῶν
3474 2527 3667 2597 ὁρέων,

2076 2606 2331 2670 λεπτίδας
2362 2608 2407 2640 ³⁸
2444 2608 2827 2672 ἀναϐλύζουσα
2882 2612 3090 2683 χρυσοῦ
3125 2630 3140 2645 ·
3179 2614 3247 2669 τὰ
3295 2616 3353 2669 δὲ
3378 2616 3519 2669 αὑτά
3568 2616 3666 2686 ὅρη

2076 2697 2399 2768 ἐμισθοῦντο
2449 2699 2512 2751 τὸ
2562 2701 2829 2771 πρότερόν
2876 2720 3022 2766 τινες
3068 2704 3177 2759 ἀπὸ
3227 2705 3523 2776 Ῥωμαίων
3579 2706 3671 2760 καὶ

2075 2790 2300 2860 Περσῶν
2325 2790 2527 2862 χρυσοῦ
2549 2791 2748 2865 λιτρῶν
2770 2794 3087 2850 διακοσίων·
3115 2795 3351 2869 [1951ὲξ
3375 2793 3438 2855 οὗ
3450 2800 3509 2854 δὲ
3529 2816 3669 2871 παρ·
3726 2824 3739 2837 ·

2073 2883 2390 2954 ελήφθησαν
2419 2885 2487 2947 τὰ
2509 2886 2650 2940 αὑτὰ
2678 2885 2778 2958 ὅρη
2816 2886 2922 2940 ὑπὸ
2949 2887 3042 2942 τοῦ
3079 2889 3369 2947 θειοτάτου
3407 2892 3671 2946 Ἀναστα-

2074 2976 2213 3041 σίου,
2251 2976 2517 3047 Ῥωμαῖοι
2545 2976 2700 3047 μόνοι
2719 2976 3041 3046 κομίζονται
3071 2978 3185 3049 (94)
3219 2980 3326 3051 τὴν
3359 2979 3673 3035 θεσπισθεῖ-

2074 3080 2174 3118 σαν
2211 3065 2550 3119 συντέλειαν.
2600 3064 2710 3119 Καὶ
2765 3066 2831 3123 ὲκ
2867 3065 3063 3123 τούτου
3102 3068 3329 3136 ἐγένετο
3370 3068 3675 3142 διαστροφὴ

1995 3198 2037 3261 C
2077 3158 2201 3229 περὶ
2227 3157 2296 3210 τὰ
2331 3157 2538 3213 πάκτα.

2156 3250 2218 3303 Ἦ
2259 3249 2319 3303 δὲ
2358 3250 2470 3303 τῶν
2514 3250 2873 3322 Σαμαρειτῶν
2911 3250 3176 3321 προδοσία
3224 3251 3489 3323 ἐγνώσθη
3537 3254 3673 3306 Ῥω-

2074 3340 2280 3411 μαίοις,
2308 3338 2385 3403 ῶς
2410 3356 2572 3393 τινων
2607 3336 2668 3403 se
2698 3339 2879 3393 αὐτῶν
2911 3339 3166 3409 εὐπόρων
3206 3340 3594 3411 συσχεθέντων
3618 3343 3673 3394 ὲν

2068 3432 2147 3503 τῷ
2193 3431 2558 3503 ὑποστρέφειν
2612 3431 2811 3495 αὐτοὺς
2879 3431 2990 3486 ἀπὸ
3034 3433 3144 3486 τῶν
3214 3432 3516 3501 Περσικῶν
3579 3448 3674 3502 μευ

2070 3522 2200 3596 ρῶν,
2238 3522 2335 3578 καὶ
2379 3521 2803 3594 γνωρισθέντων
2869 3522 3012 3593 μετὰ
3059 3522 3122 3577 τὸ
3159 3522 3432 3578 ἀπελθεῖν
3479 3526 3677 3587 αὑτοὺς

2069 3616 2206 3688 πρὸς
2261 3615 2512 3686 Κωάδην,
2569 3614 2795 3685 βασιλέα
2839 3614 3087 3686 Περσῶν,
3143 3614 3241 3668 καὶ
3299 3612 3672 3678 συντάξασθαι

2067 3686 2220 3782 αὑτῷ
2271 3713 2446 3766 ποιεῖν
2506 3709 2606 3782 τὴν
2659 3710 2949 3782 προδοσίαν
2993 3710 3096 3780 τῆς
3140 3709 3282 3775 ἰδίας
3323 3708 3515 3780 χώρας
3538 3748 3552 3772 ,
3598 3707 3674 3772 ὡς

2068 3807 2432 3877 προείρηται·
2478 3799 2621 3875 ἦσαν
2662 3801 2721 3856 δὲ
2762 3804 2814 3857 oi
2869 3801 3273 3873 γνωρισθέντες
3324 3803 3673 3875 Σαμαρεῖται
3715 3836 3721 3843 -

2067 3897 2314 3968 ὀνόματα
2339 3895 2503 3949 πέντε
2527 3912 2540 3926 ·
2568 3894 2667 3950 καὶ
2711 3894 3069 3965 συσχεθέντες
3097 3894 3503 3966 ἀπηνέχθησαν
3535 3894 3673 3967 πρὸς

2066 3988 2160 4042 τὸν
2203 3987 2582 4060 στρατηλάτην
2623 3986 2723 4057 τῆς
2763 3986 3055 4057 Ἀνατολῆς
3077 4026 3094 4053 ,
3136 3989 3236 4041 καὶ
3282 3986 3673 4060 ἐξητάσθησαν

2067 4080 2199 4152 παρ’
2218 4079 2388 4150 αὑτῷ,
2417 4080 2512 4132 καὶ⁸
2547 4078 2911 4149 ὡμολόγησαν
2941 4079 3041 4149 τὴν
3072 4079 3373 4150 προδοσίαν
3427 4080 3496 4151 ἥν
3544 4080 3674 4147 ἐμε-

2065 4172 2259 4226 λέτων.
2295 4174 2379 4226 Τὰ
2415 4173 2472 4226 δὲ
2528 4172 2903 4243 πεπραγμένα
2950 4171 3132 4231 αὑτῶν
3181 4172 3516 4243 ἀνεγνώσθη
3552 4169 3666 4242 (95)

2064 4264 2144 4335 τῷ
2171 4264 2382 4334 βασιλεῖ
2417 4263 2805 4333 Ἰουσιινιανῷ.

2150 4358 2238 4410 Ἐν
2266 4356 2415 4426 αὑτῷ
2463 4357 2519 4410 δὲ
2545 4355 2623 4425 τῷ
2651 4356 2832 4427 χρόνῳ
2860 4355 3110 4425 ἐγένοντο
3150 4356 3377 4427 σεισμοὶ
3410 4355 3558 4410 κατὰ
3580 4357 3671 4411 τό·

2068 4465 2189 4514 πον,
2216 4448 2313 4502 καὶ
2339 4448 2515 4510 λιταῖς
2546 4446 2838 4517 ἐσχόλαζον
2857 4448 2915 4503 ἐν
2948 4448 3160 4519 ἑκάστῃ
3186 4448 3370 4502 πόλει.

1994 4534 2044 4595 ι)
2141 4540 2232 4609 Τῷ
2260 4539 2317 4592 δὲ
2345 4537 2496 4608 αὑτῷ
2524 4537 2703 4609 καιρῷ
2743 4539 2837 4594 καὶ
2884 4538 3231 4609 πρεσὸευτὴς
3263 4538 3539 4610 ἐπέμφθη
3569 4537 3673 4591 ὑπὸ

2068 4610 2162 4684 τοὺ
2200 4631 2462 4701 βασιλέως
2492 4629 2717 4700 Περσῶν
2756 4630 2892 4700 πρὸς
2924 4631 3015 4683 τὸν
3065 4630 3298 4700 βασιλέα
3339 4631 3668 4700 Ῥωμαίων·

2069 4726 2164 4778 καὶ
2189 4724 2406 4786 ἐπιδοὺς
2425 4722 2488 4787 ἃς
2518 4721 2818 4793 ἐπεφέρετο
2843 4723 3050 4793 σάκρας
3077 4722 3330 4793 ἀπελύθη
3354 4723 3673 4792 κομισάμε-

2069 4835 2157 4882 νος
2184 4816 2356 4888 δῶρα.

2153 4910 2210 4961 '0
2239 4909 2296 4962 δὲ
2327 4907 2583 4978 βασιλεὺς
2612 4906 2900 4977 Ῥωμαίων
2939 4906 3178 4968 ἀκούσας
3223 4902 3384 4976 παρὰ
3422 4904 3521 4957 τοῦ
3566 4921 3667 4956 πα-

2067 5001 2278 5070 τρικίου
2311 4998 2595 5066 Ῥουφίνου
2640 4996 2740 5068 τὴν
2775 4996 2925 5066 παρὰ
2952 4995 2998 5027 ⁸⁸
3031 4996 3288 5060 Κωαδου,
3321 4993 3482 5068 [194]
3516 4995 3666 5065 βασι-

2065 5091 2208 5153 λέως
2250 5090 2495 5161 Περσῶν,
2526 5076 2865 5159 παράϐασιν,
2908 5089 3144 5159 ποιήσας
3181 5087 3343 5152 θείας
3377 5087 3665 5149 κελεύσεις

1644 5222 1880 5279 νΑιιιΑ]
1930 5224 2342 5280 LECTIONES.

450 5298 495 5330 ³⁵
537 5303 632 5365 ὡς.
652 5302 805 5359 Adde
835 5304 907 5363 oi.
980 5307 1026 5339 ³⁸
1077 5307 1352 5377 λεπτίδας.
1385 5311 1535 5367 Fort.
1558 5314 1802 5379 λεπίδας.
1881 5317 1926 5347 ³⁸
1966 5316 2120 5389 παρὰ
2155 5315 2389 5369 fortasse
2415 5312 2862 5384 expungendum.

1617 5473 1722 5524 ΕΠ.
1750 5471 2126 5528 ClllLMEADl
2145 5472 2378 5528 NOT/E.

454 5552 872 5631 (94)_'Pwp.aim
906 5556 1058 5631 μένοι
1112 5557 1452 5631 κομίζονται,
1492 5570 1596 5615 etc.
1649 5562 1953 5631 Procopius

382 5641 495 5680 rem
521 5624 680 5695 aliter
706 5633 916 5695 narrat,
945 5624 1017 5679 Dc
1050 5627 1154 5679 hel.
1201 5628 1350 5684 I’crs.
1382 5632 1416 5684 l.
1450 5647 1488 5695 ι,
1525 5631 1614 5685 ubi
1646 5624 1857 5687 reditus
1887 5648 1952 5687 ex

382 5693 710 5748 aurifodinis
745 5694 896 5750 hisce
924 5712 1033 5750 non
1080 5693 1484 5765 Romanorum,
1517 5703 1610 5756 Sed
1660 5705 1951 5758 Persarum

383 5764 556 5818 inisse
580 5765 740 5831 plane
767 5774 1021 5820 testatur.

451 5835 563 5905 (95)
599 5836 680 5889 Τὰ
734 5835 790 5889 δὲ
842 5838 1207 5910 πεπραγμένα
1242 5839 1419 5894 αὐτῶν
1464 5842 1802 5912 ἀνεγνώσθη,
1845 5854 1949 5895 ett'.

2058 5565 2141 5618 Τὰ
2163 5566 2535 5633 πεπραγμένα
2565 5575 2698 5619 sunt
2731 5574 2874 5632 acta,
2910 5567 2996 5622 vel
3027 5567 3254 5621 decreta
3290 5579 3464 5633 super
3486 5576 3661 5616 causa

2059 5634 2306 5704 qualibet
2339 5636 2392 5688 in
2445 5646 2719 5691 conventu
2764 5638 2991 5706 agitata.
3050 5637 3244 5722 Itaque
3286 5635 3459 5759 gaulo
3492 5646 3660 5718 ευιιςκ

2059 5705 2222 5758 etiam
2259 5704 2576 5759 habuimus.
2623 5722 2675 5759 [ι.
2713 5707 2849 5759 Hi:
2892 5706 3087 5759 Λαὸὼν
3114 5708 3143 5758 ὁ
3174 5722 3281 5759 αυτ
3322 5721 3347 5759 ς
3399 5701 3660 5759 βασιλευς

2058 5701 2222 5776 etiam
2259 5704 2576 5776 habuimus,
2623 5722 2675 5776 p.
2713 5701 2849 5761 17f:
2892 5706 3087 5761 Λαὸὼν
3114 5701 3347 5768 ὀάὑτὸς
3398 5701 3661 5774 βασιλεὺς

2058 5775 2126 5827 τὰ
2157 5775 2527 5845 πεπραγμένα
2551 5775 2789 5846 ἔσχισεν,
2819 5786 2927 5831 etc.

1604 6427 1865 6431 imi.
1924 6425 2443 6435 -ῌῲκ-ῌγν-
2474 6434 2607 6437 -γγ
