3894 6430
284 405 389 469 669

1305 411 1985 479 CHRONOGRAPIIIA.
2007 418 2241 485 -:LIB.
2273 423 2493 484 XVIII.

3336 382 3339 385 ’
3450 414 3556 482 mo

273 521 594 595 κατέπεμψε
624 523 766 595 πρὸς
785 524 877 578 τὸν
905 522 1133 596 βασιλέα
1163 524 1271 579 τῶν
1296 526 1654 596 Αὐξουμιτῶν
1673 544 1687 558 ⁸
1718 528 1867 592 ὅστις

1975 533 2368 601 interpellavit.
2428 534 2628 607 Regem
2679 534 2770 592 hic
2806 534 3221 594 llomeritarum
3259 535 3556 601 ludorum,

275 616 529 685 βασιλεὺς
566 616 746 670 Ἰνδῶν
796 616 1073 687 συμϐολὴν
1122 617 1360 688 ποιήσας
1404 619 1543 682 μετὰ
1582 618 1676 672 τοῦ
1709 620 1864 685 βασι-

273 712 414 775 λέως
438 710 549 764 τῶν
575 712 884 781 ’Δμεριτῶν
921 712 1119 776 Ἰνδῶν,
1176 713 1318 766 κατὰ
1376 713 1578 781 κράτος
1633 715 1865 783 νικήσας

273 806 556 878 παρέλαϐε
594 806 667 860 τὰ
699 806 949 877 βασίλεια
978 807 1146 860 αὐτοῦ
1191 808 1288 861 κα)⁵
1326 807 1425 878 τὴν
1468 807 1655 879 χώραν
1699 810 1865 862 αὑτοῦ

272 897 482 960 πᾶσαν,
518 895 615 948 καὶ
646 896 905 966 ἐποίησεν
948 897 1065 949 ἀντ’
1096 896 1262 950 αὐτοῦ
1307 896 1533 968 βασιλέα
1570 897 1681 950 τῶν
1705 898 1868 969 Ἀμε-

271 988 445 1059 ριτῶν
484 988 663 1043 Ἰνδῶν
714 990 779 1042 ἐκ
812 989 908 1042 τοῦ
944 990 1076 1043 ίδίου
1131 991 1325 1059 γένους
1364 990 1637 1061 ’Δγγάῑην
1685 992 1774 1047 διὰ
1804 992 1867 1045 τὸ

267 1076 417 1135 εἶναι
462 1083 558 1134 καὶ
609 1082 673 1135 τὸ
724 1081 836 1134 τῶν
869 1082 1174 1153 Ἀμεριτῶν
1220 1081 1397 1136 Ἰνδῶν
1456 1082 1726 1152 βασίλειον
1775 1082 1865 1134 ὑπ’

266 1174 461 1229 αὐτόν.
502 1175 614 1228 Kal.
636 1174 990 1239 ἀποπλεύσας
1019 1176 1047 1228 6
1079 1175 1425 1245 πρεσόευτὴς
1461 1175 1750 1245 Ῥωμαίων
1775 1175 1868 1229 ἐπὶ

278 1264 705 1336 ’Δλεξάνδρειαν
740 1265 831 1320 διὰ
859 1265 955 1318 τοῦ
988 1266 1184 1320 Νείλου
1227 1265 1479 1335 ποταμοῦ
1509 1266 1604 1317 καὶ
1633 1266 1730 1335 τῆς
1768 1266 1870 1319 Ἰν-

135 1395 151 1415 .
264 1356 429 1427 δικῆς
469 1356 753 1426 Θαλάσσης
802 1357 1115 1427 κατέφθασε
1169 1356 1241 1412 τὰ
1289 1355 1491 1410 Ἰνδικὰ
1541 1356 1703 1427 μέρη.
1758 1355 1869 1409 Kal.

265 1446 535 1501 εἰσελθὼν
566 1447 717 1519 παρὰ
762 1446 843 1517 τῷ
892 1446 1108 1517 βασιλεῖ
1148 1446 1259 1500 τῶν
1288 1446 1487 1511 Ἰνδῶν,
1526 1446 1664 1517 μετὰ
1695 1447 1869 1516 χαρᾶς

266 1538 481 1609 πολλῆς
526 1538 778 1608 ἐξενίσθη
819 1541 847 1592 6
895 1539 1149 1609 βασιλεὺς
1182 1537 1382 1604 Ἰνδῶν,
1417 1538 1500 1591 ὅτι
1539 1536 1628 1592 διὰ
1659 1536 1870 1591 πολλῶν

266 1630 484 1699 χρόνων
527 1628 737 1701 ἠξιώθη
757 1629 802 1661 ³⁷
829 1629 942 1699 (96)
987 1629 1125 1698 μετὰ
1158 1628 1253 1681 τοῦ
1283 1628 1549 1699 βασιλέως
1585 1628 1871 1698 Ῥωμαίων

268 1718 580 1790 κτήσασθαι
604 1720 809 1788 φιλίαν.
849 1721 937 1783 Ὡς
959 1720 1013 1773 δέ
1038 1721 1350 1791 ἐξηγήσατο
1372 1723 1399 1774 6
1423 1721 1586 1783 αὐτὸς
1607 1720 1874 1789 πρεσϐευο

266 1811 395 1882 τὴς,
426 1813 515 1866 ὅτε
545 1812 765 1877 ἐδέξατο
799 1813 963 1867 αὐτὸν
1017 1815 1048 1866 6
1088 1812 1197 1865 τῶν
1230 1812 1406 1865 Ἰνδῶν
1451 1811 1738 1882 βασιλεὺς,
1770 1811 1872 1880 ὑφ-

265 1905 526 1976 ηγήσατο
557 1905 621 1958 τὸ
651 1906 839 1975 σχῆμα
881 1905 981 1973 τῆς
1021 1903 1310 1974 βασιλικῆς
1346 1904 1455 1957 τῶν
1496 1903 1677 1957 Ἰνδῶν
1709 1920 1873 1956 κατα-

270 1997 525 2061 στάσεως
550 1998 632 2052 ὄτι
662 1996 872 2068 γυμνὸς
904 1997 1119 2067 ὑπῆρχε
1156 1996 1252 2050 καὶ
1290 1996 1433 2049 κατὰ
1462 1994 1554 2048 τοῦ
1583 1995 1871 2066 ζὼσματος

267 2093 356 2155 είς
391 2091 664 2162 τὰς’ψύας
692 2091 860 2147 αὑτοῦ
894 2092 1191 2163 λινόχρυσα
1213 2092 1259 2125 ³⁸
1285 2091 1499 2161 ἱμάτια,
1523 2090 1668 2144 κατὰ
1692 2092 1748 2144 δὲ
1772 2094 1870 2162 τῆς

265 2182 513 2251 γαστρὸς
556 2182 651 2235 καὶ
680 2181 789 2236 τῶν
816 2180 983 2253 ῶμων
1022 2181 1204 2249 φορῶν
1237 2181 1501 2252 σχιαστὰς
1528 2182 1572 2213 ⁸⁹
1608 2181 1703 2236 διὰ
1731 2199 1871 2251 μαρο

266 2272 516 2343 γαριτῶν
539 2270 650 2342 (97)
678 2272 771 2325 καὶ
797 2271 997 2326 κλαϐία
1022 2271 1069 2303 ⁸⁸
1092 2270 1199 2324 ἀνὰ
1223 2271 1408 2338 πέντε,
1442 2271 1537 2324 κα).
1557 2272 1737 2341 χρυσᾶ
1754 2270 1866 2343 (98)

264 2365 436 2435 ψέλια
463 2362 618 2437 [195]
648 2365 732 2427 είς
777 2364 878 2427 τὰς
921 2365 1114 2436 χεῖρας
1143 2362 1331 2427 αὑτοῦ,
1369 2366 1426 2416 ἐν
1454 2363 1511 2416 δέ
1552 2366 1619 2433 τῇ
1656 2363 1868 2435 κεφαλῇ

266 2457 441 2512 αὐτοῦ
503 2457 825 2528 λινόχρυσον
878 2457 1132 2525 φακιόλιν
1200 2455 1312 2527 (99)
1363 2455 1866 2525 ἐσφενδονισμένον,

269 2549 404 2621 ἕχον
422 2549 480 2616 ἐξ
518 2533 854 2621 ἀμφοτέρων
881 2548 994 2602 τῶν
1021 2547 1206 2619 μερῶν
1239 2548 1428 2619 σειρὰς
1448 2548 1742 2619 τέσσαρας,
1775 2549 1869 2601 καὶ

270 2638 540 2709 μανιάκιν
570 2637 809 2708 χρυσοῦν
842 2640 901 2692 ἐν
930 2638 1010 2708 τῷ
1042 2636 1300 2709 τραχήλῳ
1332 2635 1525 2699 αὐτοῦ,
1547 2637 1644 2689 καὶ
1683 2637 1869 2690 ἵστατο

267 2731 538 2803 ὑπεράνω
592 2729 876 2801 τεσσάρων
926 2729 1240 2796 ἐλεφάντων
1287 2728 1525 2798 ἐχόντων
1561 2727 1728 2796 ζυγὸν
1772 2729 1869 2783 καὶ

264 2824 503 2893 τροχοὺς
533 2823 597 2887 δ’,
631 2823 727 2875 καὶ
756 2822 963 2885 ἐπάνω,
999 2820 1076 2884 ὡς
1106 2819 1291 2890 ὄχημα
1320 2819 1523 2890 ὑψηλὸν
1552 2820 1866 2890 ἠμφιεσμέ-

263 2908 364 2965 νον
398 2911 655 2982 χρυσέοις
680 2911 960 2975 πετάλοις,
982 2910 1172 2982 ὥσπερ
1201 2910 1320 2963 ἐστὶ
1346 2909 1417 2963 τὰ
1446 2909 1555 2962 τῶν
1587 2910 1865 2980 ἀρχόντων

264 3002 383 3056 τῶν
438 3003 721 3075 ἐπαρχιῶν
763 3004 1022 3075 ὀχήματα
1068 2982 1297 3074 (ip-{6qu
1339 3002 1717 3072 ἠμφιεσμένα.
1755 3003 1866 3056 Kal.

267 3096 463 3151 ἵστατο
485 3098 675 3150 ἐπάνω
699 3097 727 3150 6
758 3096 1014 3167 βασιλεὺς
1046 3096 1156 3149 τῶν
1178 3094 1359 3149 Ἰνδῶν
1392 3094 1679 3165 βαστάζων
1702 3112 1865 3148 σκου-

1968 626 2159 695 praelio
2205 643 2331 682 cum
2379 643 2447 683 eo
2495 629 2835 694 commisso,
2891 631 3115 700 penitus
3143 628 3554 689 debellaverat;

1966 727 2023 772 et
2056 734 2228 789 regno
2288 719 2410 787 ejus
2464 721 2807 792 regioneque
2850 724 3175 793 occupatis,
3234 737 3415 792 regem
3478 719 3557 774 ibi

1967 827 2034 865 ex
2063 826 2265 881 genere
2288 827 2389 868 suo
2417 813 2699 883 Anganem
2731 814 3136 881 constituerat;
3173 828 3240 868 eo
3269 811 3416 883 quod
3445 812 3558 864 llo-

1967 902 2291 957 meritarurh
2341 904 2605 958 ludorum
2654 907 2822 960 etiam
2870 922 3101 976 regnum
3134 910 3246 975 jam
3293 906 3399 960 sibi
3432 905 3559 958 sub-

1962 990 2172 1063 jectum
2224 993 2472 1049 haberet.
2524 994 2796 1049 Caeterum
2866 997 3081 1066 legatus
3134 996 3546 1056 Romanorum,

1969 1098 2115 1138 nave
2166 1099 2472 1141 conscensa
2494 1126 2509 1150 ,
2561 1087 2954 1141 Alexandriam
2985 1103 3186 1142 versus
3217 1101 3442 1141 cursum
3470 1086 3555 1138 di-

1969 1175 2137 1245 rigit:
2198 1175 2434 1246 Niloque
2494 1176 2723 1233 ﬂumine
2771 1190 2827 1233 et
2862 1179 3000 1233 mari
3036 1179 3225 1233 Indico
3275 1177 3555 1241 traiectis,

1968 1266 2229 1323 Indorum
2284 1269 2350 1323 ad
2415 1272 2671 1341 regiones
2723 1271 2996 1340 pervenit.
3026 1270 3202 1339 Cujus
3234 1271 3301 1324 ad
3343 1270 3559 1339 ingres-

1970 1375 2133 1422 sum,
2188 1376 2285 1415 rex
2337 1359 2632 1429 Indorum,
2685 1378 2908 1418 summo
2946 1379 3013 1417 ex
3067 1362 3307 1434 gaudio,
3359 1362 3556 1416 obstu-

1970 1453 2131 1522 puit:
2190 1452 2292 1508 Diu
2334 1454 2642 1524 (inquiens)
2699 1465 2825 1518 est,
2880 1455 3025 1524 quod
3081 1456 3400 1508 societatem
3431 1468 3556 1506 cum

1971 1545 2242 1603 Romanis
2300 1548 2528 1602 ineundi
2571 1562 2659 1601 me
2690 1547 2868 1602 tenuit
2921 1546 3286 1601 desiderium.
3327 1545 3559 1599 Habitus

1973 1646 2156 1693 autem
2216 1639 2360 1709 regis
2408 1638 2578 1694 Indici
2604 1679 2620 1706 ,
2651 1652 2965 1709 pompaque
3011 1637 3283 1692 solemnis
3310 1675 3325 1699 ,
3356 1636 3560 1704 quibus

1974 1731 2215 1802 legatum
2268 1733 2603 1794 Romanum,
2638 1731 2717 1783 uti
2756 1746 2821 1784 ex
2873 1729 3052 1799 ipsius
3083 1744 3180 1783 ore
3217 1728 3516 1782 didicimus
3544 1767 3559 1789 .

1974 1824 2188 1893 excepit
2221 1832 2379 1877 erant
2409 1821 2755 1893 hujusmodi.
2795 1821 2987 1876 Nudus
3016 1828 3170 1886 erat;
3192 1835 3230 1871 a
3260 1834 3399 1873 zona
3430 1833 3561 1873 vero

1975 1919 2120 1970 circa
2155 1916 2371 1971 lumbos
2405 1916 2576 1971 vestis
2608 1916 2751 1970 linea
2777 1928 2921 1968 auro
2961 1914 3259 1967 intertexta
3298 1911 3561 1967 demitte-

1972 2008 2170 2074 hatur;
2225 2009 2293 2063 ab
2329 2009 2575 2064 humeris
2631 2015 2815 2062 autem
2867 2006 2935 2060 ad
2980 2013 3230 2061 ventrem
3280 2004 3559 2075 pendebat

1974 2098 2158 2151 tunica
2189 2098 2369 2151 soluta
2398 2136 2411 2160 ,
2454 2097 2777 2166 margaritis
2819 2103 2874 2150 et
2926 2095 3139 2149 claneis
3162 2133 3176 2156 .
3209 2108 3307 2164 per
3331 2094 3559 2163 quinio-

1973 2201 2073 2241 nes
2123 2186 2439 2242 distributis
2490 2187 2802 2257 insignita:
2870 2186 3244 2255 manibusque
3308 2184 3560 2238 armillas

1972 2294 2172 2333 aureas
2206 2278 2479 2348 gestabat.
2520 2278 2702 2345 Caput
2748 2277 2871 2347 ejus
2919 2276 3066 2347 pileo
3096 2276 3275 2341 lineo,
3310 2290 3448 2329 auro
3477 2275 3560 2328 in-

1973 2383 2209 2430 tertexto
2257 2383 2313 2429 et
2343 2373 2847 2444 contortuplicato,
2880 2390 2931 2429 Iv
2981 2372 3271 2428 catenulas
3303 2372 3564 2440 utrinque
3648 2375 3655 2382 ’

1971 2467 2324 2532 demittente,
2356 2468 2559 2521 collum
2597 2481 2728 2522 vero
2759 2465 2951 2520 monili
2994 2479 3167 2519 aureo
3194 2465 3559 2518 ornabantur.

1969 2558 2171 2615 Currui
2207 2573 2339 2613 vero
2365 2558 2656 2613 insedebat
2683 2558 2833 2623 alto,
2864 2566 3108 2627 quatuor
3141 2557 3281 2610 rotis
3308 2555 3557 2618 sullulto,

1969 2661 2320 2721 quatuorque
2350 2650 2661 2720 elephantis
2710 2658 2887 2705 tracto
2912 2692 2926 2712 ,
2960 2650 3053 2719 qui
3090 2649 3290 2720 petalis
3325 2658 3566 2718 quatuor

1970 2744 2155 2799 aureis
2190 2742 2482 2813 (qualibus
2536 2742 2817 2812 argenteis
2850 2741 3269 2811 provinciarum
3316 2737 3565 2809 praefecti

1968 2832 2712 2903 utuutur),cireumdabatur
2741 2852 2755 2889 :
2784 2831 2952 2905 458
2974 2832 3113 2887 Huic
3137 2830 3383 2886 insidens
3406 2828 3569 2885 Indo-

1968 2945 2090 2984 rum
2148 2943 2266 2991 rex,
2315 2934 2535 2983 scutum
2561 2940 2788 2996 parvum
2812 2925 3160 2986 deauratum,
3185 2922 3571 2990 Ianceolasque

1966 3018 2108 3074 duas
2139 3026 2195 3074 et
2229 3018 2381 3089 ipsas
2419 3019 2738 3081 deauratas,
2797 3017 3060 3072 manibus
3112 3015 3386 3086 gestabat.
3449 3012 3564 3067 Sti-

1966 3123 2134 3180 patus
2165 3121 2349 3164 autem
2389 3117 2568 3164 erata
2610 3109 2956 3180 primoribus
2993 3090 3111 3163 suis
3149 3116 3205 3161 et
3235 3106 3377 3176 ipsis
3405 3105 3567 3159 simi-

265 3188 464 3259 τάριον
501 3188 700 3259 μικρδν
750 3188 1172 3260 κεχρυσωμένον
1214 3187 1309 3241 καὶ
1350 3185 1446 3242 δύο
1487 3187 1739 3256 λαγκίδια
1775 3190 1868 3242 καὶ

1975 3199 2100 3252 liter
2135 3200 2389 3262 armatis,
2445 3200 2729 3270 choroque
2762 3198 2830 3254 ad
2867 3197 3036 3254 tibias
3068 3196 3319 3252 carmina
3354 3194 3566 3249 musica

269 3282 421 3335 αὐτὰ
455 3282 858 3352 κεχρυσωμένα
903 3281 1151 3351 κατέχων
1189 3282 1248 3334 ἐν
1284 3283 1402 3344 ταῖς
1443 3281 1631 3352 χερσὶν
1679 3281 1869 3337 αὑτοῦ.

267 3376 389 3428 Kal
443 3373 617 3437 οὕτως
667 3374 854 3427 ἵστατο
912 3374 1063 3427 πᾶσα
1096 3374 1131 3444 ἡ
1190 3371 1496 3443 σύγκλητος
1533 3372 1701 3426 αὐτοῦ
1752 3373 1872 3443 μεθ’

270 3465 465 3521 ὃπλων
491 3467 586 3520 καὶ
611 3466 765 3519 αὐλοὶ
786 3466 1006 3539 ᾅδοντες
1038 3464 1174 3536 μέλη
1207 3467 1462 3536 μουσικά.

352 3558 467 3612 Kal.
516 3558 850 3629 είσενεχθεὶς
890 3558 919 3611 6
962 3556 1305 3630 πρεσϐευτὴς
1344 3557 1652 3629 Ῥωμαίων,
1687 3557 1874 3621 κλίνας

267 3649 340 3705 τὸ
392 3651 526 3718 γόνυ
582 3650 1004 3723 προσεκύνησεο
1042 3651 1137 3703 καὶ
1192 3650 1479 3703 ἐκέλευσεν
1533 3651 1562 3703 6
1621 3649 1875 3719 βασιλεὺς

286 3739 476 3795 Ἰνδῶν
507 3740 812 3811 ἀναστῆναι
844 3758 911 3811 με
940 3741 984 3773 ⁸¹
1022 3742 1098 3808 (1)
1133 3740 1229 3794 καὶ
1260 3740 1565 3810 ἀναχθῆναι
1606 3740 1744 3812 πρὸς
1774 3741 1872 3793 αὐ-

269 3833 391 3887 τόν.
449 3834 560 3886 Kal.
608 3830 905 3904 δεξάμενος
950 3835 1052 3904 τὴν
1103 3831 1199 3886 τοῦ
1268 3831 1532 3902 βασιλέως
1586 3832 1877 3902 Ῥωμαίων

274 3926 500 3997 σάκραν
534 3924 871 3996 κατεφίλησε
904 3924 1002 3995 τὴν
1034 3924 1327 3995 σφραγῖδα.
1366 3923 1673 3995 Δεξάμενος
1697 3924 1754 3977 δὲ
1780 3925 1875 3978 καὶ

273 4016 351 4071 τὰ
379 4016 529 4086 δῶρα
548 4016 620 4070 τὰ
644 4016 969 4087 πεμφθέντα
996 4016 1104 4069 ὑπὸ
1132 4015 1228 4069 τοῦ
1265 4014 1532 4087 βασιλέως
1571 4014 1875 4085 ἐξεπλάγη.

274 4108 469 4172 Δύο-ας
496 4107 552 4161 δέ
580 4109 676 4161 καὶ
710 4109 980 4176 ἀναγνοὺς
1019 4109 1090 4161 δι’
1131 4109 1416 4177 ἑρμηνέως
1448 4108 1519 4162 τὰ
1544 4110 1876 4179 γράμματα,

275 4195 414 4271 εὗρε
454 4200 783 4271 περιέχοντα
815 4200 957 4254 ὥστε
987 4200 1315 4254 ὁπλίσασθαι
1350 4201 1511 4254 αὑτὸν
1544 4203 1685 4254 κατὰ
1719 4200 1880 4254 Κωά-

274 4284 380 4347 δου
404 4293 472 4360 δ’,
496 4292 764 4363 βασιλέως
789 4292 1037 4360 Περσῶν,
1063 4293 1159 4346 καὶ
1174 4293 1273 4362 τὴν
1297 4291 1451 4364 [196]
1473 4291 1880 4361 πλησιάζουσαν

279 4383 436 4453 αὐτῷ
467 4381 653 4453 χώραν
683 4383 950 4436 ἀπολέσαι
974 4382 1070 4457 καὶ
1100 4381 1195 4434 τοῦ
1221 4380 1413 4434 λοιποῦ
1446 4381 1645 4451 μηκέτι
1678 4380 1879 4433 awak-

1976 3290 2319 3346 modulante.

2047 3566 2409 3622 Introductus
2453 3572 2637 3620 autem
2682 3563 2897 3634 legatus
2934 3548 3221 3617 Romanus
3250 3603 3265 3627 ,
3301 3562 3355 3615 in
3384 3550 3565 3631 genua

1978 3658 2298 3729 procidens,
2351 3670 2537 3728 regem
2593 3663 2894 3712 veneratus
2952 3664 3072 3721 est;
3127 3653 3223 3709 sed
3279 3652 3572 3724 me[dixit

1976 3749 2235 3823 legatus]
2268 3765 2369 3805 rex
2424 3763 2658 3817 surgere
2695 3747 2870 3817 jussit
2915 3754 2971 3800 et
3020 3744 3248 3815 proloius
3278 3744 3567 3799 accedere.

1979 3843 2238 3913 Acceptis
2285 3828 2472 3897 autem
2520 3839 2758 3894 Romani
2825 3838 3181 3907 imperatoris
3216 3835 3439 3900 litteris,
3494 3837 3571 3889 si-

1978 3934 2173 4005 gillum
2226 3932 2583 3988 deosculatus
2615 3940 2702 3985 est
2735 3946 2748 3982 :
2781 3928 2943 3983 denis
2992 3929 3158 3982 etiam
3195 3926 3268 3981 ab
3334 3925 3574 3996 impera-

1983 4034 2101 4081 tore
2151 4026 2338 4080 missis
2392 4023 2672 4095 acceptis;
2716 4021 2929 4078 scilicet
2976 4021 3293 4090 obstupuit.
3346 4018 3581 4086 Apertis

1981 4114 2181 4169 deinde
2235 4113 2437 4169 litteris
2484 4110 2870 4182 imperatoriis
2898 4149 2912 4172 ,
2960 4124 3167 4179 perque
3213 4107 3571 4174 interpretem

1980 4204 2173 4269 lectis,
2228 4207 2281 4259 id
2344 4206 2737 4274 imperatorem
2791 4203 3106 4257 Romanum
3167 4216 3197 4257 a
3252 4216 3313 4257 se
3344 4215 3573 4271 poscere

1983 4297 2289 4361 intellexit,
2327 4295 2406 4349 uti
2435 4294 2676 4349 Coadem
2707 4293 2850 4349 bello
2881 4292 3314 4363 aggrederetur;
3353 4290 3571 4361 disper-

1985 4388 2233 4456 ditisque
2261 4384 2561 4442 Persarum
2615 4385 2819 4440 vicinis
2855 4383 3208 4455 regionibus,
3241 4382 3571 4436 commercia

277 4472 473 4544 λαγμα
496 4471 723 4543 ποιῆσαι
747 4472 865 4542 μετ’
880 4471 1065 4536 αὐτοῦ,
1087 4470 1224 4526 άλλὰ
1244 4471 1313 4524 δι’
1332 4464 1400 4541 ἧς
1428 4470 1668 4534 ὑπέταξε
1697 4469 1871 4541 χώρας

1986 4492 2111 4531 cum
2146 4476 2256 4532 illis
2280 4491 2388 4530 non
2425 4475 2664 4545 amplius
2703 4474 2969 4538 haberet,
3002 4475 3096 4527 sed
3132 4486 3229 4540 per
3259 4469 3571 4525 Homerita—

278 4562 397 4616 τῶν
420 4560 725 4632 Ἀμεριτῶν
747 4561 928 4616 Ἰνδῶν
942 4561 1033 4615 διὰ
1052 4560 1359 4633 τοῦηΝείλου
1378 4561 1471 4613 ἐπὶ
1486 4560 1585 4631 τὴν
1606 4560 1871 4628 Αἴγυπτοι

1986 4583 2106 4622 rum
2163 4581 2329 4637 quam
2394 4566 2501 4619 sibi
2554 4565 2950 4636 subjugaverat
3002 4563 3310 4633 regionem,
3369 4576 3576 4630 perque

280 4656 345 4707 ἐν
389 4654 774 4726 ῗΑλεξανδρείᾳ
814 4656 913 4727 τὴν
960 4654 1349 4726 πραγματείαν
1404 4653 1704 4709 ποιεῖσθαι.
1767 4653 1871 4707 Kal

1991 4654 2171 4709 Nilum
2215 4655 2512 4727 [Egyptum
2556 4662 2785 4725 petens,
2822 4652 3170 4708 Alexandria:
3213 4651 3397 4721 potius
3431 4664 3577 4704 mer—

1553 4764 1794 4822 VARIAE
1821 4764 2212 4841 LECTIONES
2882 4771 2921 4807 ο

360 4863 404 4895 ιτ
436 4859 679 4929 ἠξιώθην
708 4858 810 4915 Ox.
842 4929 847 4930 ί
915 4859 960 4930 ‘f
992 4859 1289 4929 λινόχρυσα
1316 4859 1442 4921 Ch.,
1476 4857 1843 4929 Theophanes

1975 4859 2067 4914 207
2094 4858 2321 4930 mam
2352 4860 2533 4930 χρυσᾶ
2558 4857 2663 4930 0}.
2689 4926 2748 4930 _A
2775 4858 2821 4891 ”
2854 4856 3135 4930 σχιαστάς.
3172 4856 3367 4930 σχιστὰ
3398 4855 3577 4930 Theo:

284 4926 521 5003 phanes.
625 4926 672 4963 ‘°
695 4929 890 4985 κλανία
914 4928 1016 4984 0x.
1044 4926 1255 5001 Scripsi
1276 4930 1497 4996 κλαόία,
1530 4926 1679 5000 quod
1720 4937 1871 5000 potes

283 5004 336 5033 "
371 5001 620 5056 Κινάδου.
647 5001 911 5063 Κωάδους
936 4999 1041 5055 Ox.

1975 4930 2098 4983 tiam
2136 4926 2560 4985 xlauta's‘cribi.
2591 4927 2655 4984 V.
2689 4926 3055 4997 TheOplianes
3086 4928 3122 4981 Ι.
3156 4942 3205 4980 c.
3284 4926 3328 4958 “
3356 4942 3446 4995 με.
3473 4927 3580 4983 re?

1525 5111 1634 5166 ED.
1678 5113 2055 5169 CHILMEADI
2096 5114 2333 5170 ΝΟΤᾸΕ.

384 5211 477 5279 96)
504 5210 849 5283 Διὰγπολλῶν
878 5211 1087 5283 χρόνων
1124 5208 1388 5283 ἠξιώθην,
1414 5215 1525 5262 etc.
1555 5208 1682 5283 Ηφο
1720 5207 1882 5283 [legis
1979 5210 2165 5279 ὤμους
2213 5208 2440 5281 διῆρτοο
2486 5210 2526 5280 ή
2574 5209 2633 5262 δὲ
2683 5207 2873 5279 πόρπη
2932 5205 3075 5259 κατὰ
3127 5204 3196 5258 τὰ
3240 5202 3439 5274 στέρνα
3489 5203 3577 5256 ἐν-

287 5278 469 5339 ludici
514 5282 685 5337 verba
732 5278 1119 5347 suntfverum
1150 5278 1355 5346 εἰπὼν,
1396 5287 1492 5332 aut
1523 5280 1653 5348 quid
1701 5279 1871 5335 simile

1980 5278 2209 5351 ήπῖετοο
2290 5278 2321 5351 Ϋ
2764 5278 2845 5351 μ·

290 5356 489 5409 deesse
510 5352 753 5407 videtur.
879 5345 887 5347 ’
1057 5418 1063 5421 _
1341 5345 1421 5421 ν,
1515 5345 1554 5421 ξ
1688 5417 1701 5421 _

2001 5345 2014 5351 ’
2056 5349 2168 5421 (98)
2200 5350 2515 5421 Καὶγχρυσᾶ.
2538 5345 2884 5421 ψέλιαηδοτ.
2916 5346 3131 5416 ψέλλια.

363 5368 489 5409 esse
510 5354 753 5407 videtur.

363 5424 479 5498 (97)
502 5421 689 5502 Φορῶν
715 5423 974 5502 σχιαστὰς
993 5418 1081 5473 διὰ
1106 5416 1484 5502 μαργαριτῶν.
1515 5415 1658 5502 Puto
1678 5417 1871 5500 legen-

2056 5354 2145 5416 (98
2200 5354 2309 5403 Kal
2335 5354 2515 5421 χρυσᾶ
2538 5354 2725 5418 ψέλια.
2760 5354 2884 5402 Scr.
2916 5354 3131 5416 ψέλλια.

1982 5489 1995 5502 ⁸
2054 5354 2168 5491 (99)
2194 5420 2529 5501 Λινόχρυσον
2575 5417 2847 5502 φακιόλιν,
2909 5414 3574 5502 μνωφακιόλιονηιιίιξι

1981 5481 2378 5558 ἰιῖριίοιίηιὶἶ
2413 5481 2809 5559 sequentibus,
2884 5481 3143 5557 μανιάκιν
3215 5500 3313 5553 pro
3370 5481 3575 5549 μανιά⁴

1981 5577 2137 5627 κιον,
2200 5559 2505 5627 secundum
2554 5557 2834 5613 scribendi
2896 5571 3123 5627 morem
3162 5551 3571 5627 recentioribus

1983 5621 2272 5684 usitatum.
2330 5628 2427 5685 Est
2478 5645 2607 5685 vero
2654 5627 2938 5698 φακιόλιον
3001 5626 3129 5695 pilei
3198 5638 3394 5693 genus.
3437 5621 3571 5677 Vide

1984 5700 2191 5755 Meurs.
2218 5698 2467 5756 Glossar.

2025 5768 2137 5889 _(|l)
2178 5768 2502 5841 Ἀναστῆναί
2536 5786 2627 5839 με.
2675 5766 2798 5821 ll.cr
2829 5766 2987 5837 legati
3026 5765 3203 5837 ipsius
3239 5761 3405 5815 verba
3442 5774 3569 5813 csso

1988 5857 2060 5894 vn
2079 5848 2263 5899 entur.

293 5487 424 5547 dum
461 5487 923 5563 extatodg.'_'Nain
973 5487 1200 5563 σχιστὸς
1217 5487 1384 5563 χιτὼν
1418 5498 1537 5541 erat
1576 5490 1759 5542 tunica
1796 5496 1884 5543 8οὲ

296 5564 412 5617 Ιιιια
455 5560 532 5618 95
559 5561 811 5616 humeris
857 5560 925 5614 ad
977 5560 1199 5614 lumbos
1243 5560 1508 5621 demissa,
1565 5573 1729 5627 quam
1785 5573 1883 5613 su-

296 5649 470 5700 perne
530 5633 696 5686 ﬁbula
748 5630 1133 5700 connectebat.
1197 5628 1506 5700 Hesychius
1571 5645 1586 5681 :
1645 5628 1878 5696 Σχιτδς,

301 5699 768 5776 Ῑίαεςοέμσχιστδς)
816 5699 984 5771 χιτών
1022 5717 1108 5776 τις
1150 5699 1699 5776 ποιὸςγχυναιικεῖος,
1737 5700 1881 5751 κατὰ

300 5767 363 5826 τὸ
394 5767 592 5843 στῆθος
622 5767 850 5843 πόρπη
879 5770 1260 5843 συνεχόμενος.
1311 5767 1421 5843 Jul.
1468 5767 1607 5821 Poll.
1648 5769 1743 5843 II_b.
1777 5784 1874 5843 vtt.

304 5856 424 5921 cap.
458 5831 528 5898 1'3
560 5831 584 5898 τ’
620 5842 680 5896 '0
706 5831 763 5895 δέ
803 5831 1041 5917 ἓχιστδξ
1066 5831 1236 5910 χιτὼν
1280 5838 1538 5911 περόναις
1569 5837 1711 5893 κατὰ
1753 5839 1878 5901 τοὺς
