3966 6440
261 331 450 405 ἴτ3’

1250 344 1926 406 (ΞΗΗΟΝΟΘΒΑΡΗΙΑι
1970 373 2036 381 -
2066 347 2213 405 LIB.
2246 348 2465 409 XVIII.

3419 356 3524 420 67'.

269 449 721 521 ἑκπεμπομένους
761 450 900 523 πρὸς
932 451 1116 518 αὑτὸν,
1159 452 1296 523 μήτε
1322 453 1379 506 δὲ
1411 453 1509 524 τὴν
1541 451 1834 521 ὀνομασίαν

1945 451 2146 508 missos
2177 455 2403 508 omnino
2436 455 2752 526 exciperet:
2786 459 2880 514 sed
2910 473 3011 514 nec
3048 475 3234 531 regem
3269 476 3392 517 cum
3415 506 3428 530 ,
3466 474 3525 518 ut

266 540 430 595 αὐτοῦ
459 543 542 606 εἰς
569 543 740 614 ρἦα,
779 545 915 598 διότι
951 545 1070 598 ἐστὶ
1099 545 1384 614 τύραννος.
1415 546 1524 598 Καὶ
1550 545 1843 614 δεξάμενος

265 633 333 685 τὰ
367 633 765 702 ἐκπεμφθέντα
802 635 1110 706 γράμματα
1151 638 1302 708 παρὰ
1333 637 1427 689 τοῦ
1457 637 1719 706 βασιλέως
1751 637 1845 689 καὶ

268 725 578 792 στοιχὴσας,
624 725 724 778 οὑκ
775 727 996 790 ἐδέξατο
1043 728 1389 798 πρεσϐευτὰς
1424 729 1576 797 παρὰ
1609 727 1842 798 Γελίμερ

267 813 353 868 τοῦ
378 815 612 884 Ἀφρου.

341 907 429 960 Ἐν
455 907 607 978 αὑτῷ
643 909 699 962 δὲ
730 908 810 981 τῷ
840 913 1018 983 χρόνῳ
1049 913 1078 966 ό
1102 913 1266 976 αὐτὸς
1290 913 1546 984 βασιλεὺς
1570 912 1844 980 ἀγωνίσα-

264 999 384 1052 σθαι
419 999 746 1072 βουλόμενος
785 1005 932 1058 κατὰ
967 1007 1194 1077 Περσῶν
1237 1007 1326 1060 διὰ
1363 1008 1468 1076 γῆς
1509 1025 1571 1060 τε
1607 1008 1702 1060 καὶ
1747 1008 1842 1060 θα-

259 1093 487 1164 λάσσης,
517 1096 797 1166 ἐκπέμπει
821 1099 1140 1170 στράτευμα
1170 1099 1265 1153 τοῦ
1299 1101 1535 1170 φυλάξαι
1565 1101 1842 1172 ἀτάραχον

254 1186 355 1255 τὴν
391 1186 669 1240 πολιτείαν
711 1189 817 1242 Ῥω
824 1191 1024 1261 μαίων.
1400 1205 1404 1208 ’

325 1277 420 1346 Τῷ
449 1278 506 1331 δὲ
540 1279 688 1348 αὐτῷ
716 1281 897 1352 χρόνῳ
920 1283 1104 1353 δέησις
1126 1285 1491 1356 κατεπέμφθη
1531 1285 1841 1358 Ἐφραῖμίῳ

260 1368 574 1440 πατριάρχῃ
612 1372 765 1440 παρὰ
809 1373 920 1426 τῶν
950 1375 1366 1444 ἁπομεινάντων
1400 1380 1458 1430 ὲν
1490 1379 1842 1450 αἰχμαλωσίᾳ

257 1459 361 1512 ὑπὸ
375 1461 821 1532 Ἀλαμουνδάρου
840 1466 1182 1536 Σαρακηνοῦ,
1209 1469 1284 1532 ὡς
1303 1475 1527 1539 πικραῖς
1548 1471 1841 1541 τιμωρίαις

257 1551 510 1606 δεδέσθαι
570 1554 790 1618 αὐτούς.
829 1557 996 1621 Τινὰς
1033 1559 1143 1630 γὰρ
1188 1562 1281 1614 καὶ
1324 1563 1728 1628 ἀπεκεφάλισεν
1781 1565 1840 1628 ἐξ

257 1642 456 1706 αὐτῶν,
493 1643 829 1714 φοϐούμενος
865 1649 1065 1717 μήπως
1109 1651 1204 1703 καὶ
1254 1651 1521 1722 προδοσία
1553 1655 1614 1720 ἐξ
1658 1653 1838 1708 αὐτῶν

255 1733 508 1812 γένηται.
543 1734 654 1786 Καί
678 1752 825 1799 τινες
855 1741 1262 1806 προσπεσόντες
1285 1740 1434 1811 αὐτῷ
1451 1741 1837 1812 παρεκάλεσαν

251 1810 456 1894 ὀλίγων
507 1827 734 1898 ἡμερῶν
763 1828 992 1883 ιένδοσιν
1039 1831 1290 1898 γενέσθαι
1352 1807 1550 1896 αὗτοῖς-
1593 1833 1730 1905 πρὸς
1773 1833 1836 1886 τὸ
1870 1807 1910 1861 Β

257 1918 472 1996 πέμψαι
498 1921 545 1953 ⁵⁸
573 1920 758 1990 δέησιν
783 1923 842 1975 ἐν
869 1925 934 1992 τῇ
1000 1923 1292 1994 Ῥωμαίων
1333 1925 1582 1998 πολιτείᾳ
1620 1927 1712 1980 τοῦ
1744 1929 1837 1980 ἐκ·

257 2013 575 2082 πεμφθῆναι
594 2015 855 2086 χρήματα
879 2017 958 2077 εἰς
985 2016 1286 2088 ἀνάρρυσιν
1304 2018 1502 2071 αὐτῶν.
1528 2019 1636 2072 Καὶ
1665 2018 1837 2072 ταῦτα

247 2103 495 2167 ἀκούσας
529 2105 992 2178 Ἀλαμούνδαρος,
1029 2109 1258 2180 χαίρων,
1283 2110 1436 2178 φησὶ,
1475 2110 1796 2182 παρεκλήθη
1819 2127 1832 2141 ⁶

254 2197 344 2250 καὶ
374 2195 632 2260 δεδωκὼς
680 2197 1026 2266 προθεσμίαν
1074 2200 1300 2272 ἡμερῶν
1334 2201 1603 2272 ἑξήκοντα
1625 2243 1640 2268 ,
1681 2205 1834 2266 ἀντι-

252 2289 609 2356 φωνήσαντος
661 2289 804 2360 ὑπὲρ
838 2291 1017 2343 αὐτῶν
1065 2292 1334 2356 Ταῖζάνου
1383 2294 1478 2346 τοῦ
1531 2295 1833 2364 ἀρχιφύλου

254 2378 628 2448 Σαρακηνῶν,
678 2381 775 2432 καὶ
829 2381 930 2450 τῆς
972 2383 1211 2452 δεήσεως
1263 2385 1700 2455 ἐκπεμφθείσης,
1739 2389 1834 2441 άν-

247 2467 503 2538 εγνώσθη
528 2470 587 2520 ὲν
611 2469 943 2542 Ἀντιοχείᾳ,
967 2472 1062 2525 καὶ
1086 2473 1228 2541 μετὰ
1252 2473 1508 2544 δακρύων
1526 2475 1726 2537 πάντες
1755 2477 1837 2538 εἰς

250 2559 318 2614 τὰ
343 2560 622 2630 λεγόμενα
656 2561 1040 2630 γαζοφυλάκια
1064 2567 1122 2617 ὲν
1157 2565 1365 2638 ἑκάστῃ
1392 2565 1541 2637 [199ι
1566 2566 1836 2638 ἐκκλησίᾳ

251 2653 370 2708 καθ’
401 2653 434 2706 ὃ
464 2654 699 2725 ηὐπόρει
735 2671 819 2717 τις
855 2657 1156 2725 μετεδίδου.
1191 2658 1282 2711 Ἑν
1311 2654 1390 2720 οἷς
1427 2659 1642 2726 πρῶτος
1672 2675 1837 2711 κατα-

251 2745 468 2817 νυχθεὶς
502 2748 531 2798 ό
572 2746 924 2818 πατριάρχης
959 2751 1056 2801 σὺν
1107 2753 1221 2812 τοῖς
1266 2749 1550 2820 κληρικοῑς
1602 2749 1836 2814 καὶτοῖς

247 2833 515 2905 ἄρχουσιν
559 2835 622 2900 ἐξ
671 2837 878 2900 οἰκείας
927 2839 1308 2910 προαιρέσεως
1353 2840 1686 2908 μετέδωκαν.
1725 2840 1835 2892 Καὶ

248 2929 694 2998 ἀναγνωσθείσης
740 2931 842 2998 τῆς
900 2929 1136 3000 δεήσεως
1187 2931 1288 2999 τῆς
1337 2932 1485 3002 παρὰ
1516 2933 1627 2984 τῶν
1666 2935 1835 3003 αἰχμ-

249 3019 472 3072 αλώτων
495 3019 866 3090 πεμφθείσης,
883 3021 1052 3092 ᾔτησε
1071 3023 1115 3053 ⁵⁸
1140 3024 1246 3085 πᾶς
1266 3023 1293 3074 ό
1309 3025 1480 3092 δῆμος
1491 3023 1584 3076 τοῦ
1603 3023 1834 3093 ἀχθῆναι

251 3112 564 3181 πάνδημον·
600 3111 692 3163 καὶ
723 3110 814 3163 τοῦ
859 3113 1140 3182 πανδήμου
1174 3114 1432 3184 ἀχθέντος
1460 3117 1552 3167 καὶ
1590 3103 1833 3187 τάπητος

249 3203 620 3265 ἁπλωθέντος,
652 3203 883 3266 ἕκαστος
916 3204 1038 3257 καθ’
1070 3203 1099 3257 ὃ
1119 3205 1348 3274 ηὐπόρει
1375 3206 1639 3276 ἔρριπτεν
1665 3207 1724 3259 έν
1755 3204 1833 3272 τῷ

246 3297 476 3368 τάπητι.
499 3297 612 3350 Καὶ
639 3297 1017 3367 συναχθέντων
1044 3298 1264 3353 πάντων
1288 3300 1384 3358 καὶ
1403 3299 1834 3371 ἐκπεμφθέντων

245 3389 669 3462 ἀνερρύσθησαν
699 3390 749 3442 οἱ
781 3390 1146 3462 αἰχμάλωτοι.

310 3667 402 3737 Τῷ
435 3666 496 3720 δὲ
527 3665 678 3736 αὑτῷ
706 3667 887 3738 χρόνῳ
921 3667 1289 3738 κατεπέμφθη
1319 3669 1348 3721 ὁ
1375 3669 1677 3740 μάγιστρος
1708 3669 1829 3738 Ἑρ-

245 3760 491 3830 μογένης
523 3760 584 3811 ὲν
636 3760 752 3821 τοῖς
795 3759 1163 3823 Ἀνατολικοίς
1223 3762 1448 3831 μέρεσιν
1495 3761 1678 3814 ἕνεκεν
1732 3759 1832 3813 τοῦ

242 3850 521 3922 Περσικοῦ
569 3849 842 3920 πολέμου·
877 3846 946 3922 ἦν
998 3852 1107 3922 γὰρ
1154 3854 1182 3906 ὁ
1234 3852 1489 3922 βασιλεὺς
1539 3852 1830 3922 Ῥωμαίων

243 3943 434 4012 μαθὼν
479 3943 564 3997 ὅτι
615 3941 996 4012 στρατηλάτης
1054 3941 1280 4015 Περσῶν
1323 3942 1554 4014 Ἐξαρὰθ
1605 3943 1827 4012 ὀνόματι

246 4037 383 4104 μετὰ
415 4035 702 4106 Περσικῆς
731 4033 1008 4104 βοηθείας,
1044 4033 1183 4104 ἔχων
1213 4035 1329 4105 μεθ’
1352 4034 1549 4088 ἑαυτοῦ
1577 4037 1672 4088 καὶ
1703 4035 1828 4105 βάν-

237 4128 326 4180 δον
361 4127 654 4198 βασιλικὸν
688 4126 812 4196 (9),.
836 4125 1097 4198 ὥρμησεν
1129 4127 1223 4180 ἐπὶ
1261 4127 1332 4180 τὰ
1377 4128 1683 4198 Ῥωμαϊκά.
1714 4128 1826 4182 Καὶ

250 4219 696 4292 Ἀλαμούνδαρος
739 4219 838 4283 δὲ,
893 4217 1212 4288 βασιλίσκος
1269 4218 1607 4290 Σαρακηνῶν
1631 4259 1647 4282 ,
1685 4217 1828 4288 μετὰ

237 4313 448 4383 πολλῆς
499 4312 726 4366 ἐνόπλου
785 4311 1082 4382 βοηθείας,
1138 4309 1227 4364 διὰ
1274 4311 1368 4364 τοῦ
1417 4309 1723 4380 Κιρκησίου
1779 4309 1826 4344 ⁸⁸

234 4401 408 4455 ἐλθὼν
471 4401 585 4471 (10)
649 4399 895 4471 ἀνεφάνη
953 4401 1034 4463 εἰς
1085 4399 1452 4465 Καλλίνικον,
1511 4399 1667 4453 πόλιν
1724 4401 1825 4470 τῆς

246 4495 590 4565 Ὀσδροηνῆς
611 4493 681 4546 ⁸⁷.

299 4587 417 4639 Καὶ
484 4585 648 4652 γνοὺς
713 4582 892 4637 ταῦτα
946 4582 1266 4652 Βελισάριος
1329 4584 1358 4636 ὁ
1425 4581 1824 4652 στρατηλάτης,

229 4676 496 4731 ἀπελθὼν
528 4677 611 4738 εἰς
641 4675 964 4746 συμμαχίαν
1004 4675 1116 4739 (H)
1148 4673 1256 4728 τῶν
1297 4673 1509 4728 δουκῶν
1557 4675 1698 4746 μετὰ
1741 4693 1828 4746 χι-

229 4770 434 4826 λιάδων
466 4767 637 4834 amco,
677 4769 735 4820 ἐν
759 4764 842 4831 οἷς
870 4767 1070 4838 εὑρέθη
1107 4767 1201 4819 καὶ
1231 4765 1459 4836 Ἀρέθας
1491 4767 1521 4820 ό
1551 4766 1827 4837 φύλαρχος

231 4865 371 4936 μετὰ
399 4863 670 4935 χιλιάδων
701 4862 885 4916 πέντε.
915 4860 1067 4934 [200]
1113 4860 1490 4931 Ὀρμήσαντες
1517 4860 1574 4913 δὲ
1596 4862 1645 4913 οἰ
1682 4862 1826 4932 Πέρ-

229 4974 318 5011 σαι
355 4954 508 5029 μετὰ
540 4954 653 5009 τῶν
688 4953 837 5006 ἰδίων
871 4952 1206 5024 Σαρακηνῶν
1239 4939 1434 5015 νυκτὸς
1479 4953 1826 5023 κατεσκὴνω⁹

1911 2109 2106 2164 -ir'cnt.
2159 2108 2432 2162 Exoratus

1945 545 2040 613 qui
2075 555 2340 616 tyrannus
2372 555 2520 602 esset
2569 551 2892 618 appellaret.
2925 551 3024 604 Cui
3055 554 3218 605 etiam
3249 553 3524 607 Athalari-

1945 637 2105 698 clius,
2142 641 2384 707 acceptis
2436 640 2557 708 ejus
2611 643 2810 696 litteris
2841 652 2895 696 et
2945 645 3245 713 perlectis,
3312 660 3522 698 morem

1943 728 2151 796 gessit;
2190 745 2291 784 nec
2322 729 2614 787 Gelimeris
2642 733 2761 786 Afri
2809 734 3014 802 legatos
3045 736 3298 804 excipere
3333 735 3524 804 digna-

1945 828 2034 873 IIIS
2073 830 2178 875 est.

2009 910 2218 965 Iisdem
2277 914 2622 984 temporibus
2677 914 2980 985 imperator
3011 918 3207 974 Persas
3235 927 3380 972 terra
3407 933 3522 970 ma-

1945 1004 2103 1072 rique
2134 1005 2274 1059 bello
2306 1022 2692 1076 aggressurus,
2723 1012 3025 1064 exercitum
3054 1012 3270 1073 amisit,
3303 1011 3398 1080 qui
3430 1025 3519 1064 res

1944 1095 2164 1151 interim
2199 1099 2414 1168 imperii
2444 1101 2648 1172 ubique
2677 1113 2966 1173 praestaret
2989 1103 3254 1172 integras.

2015 1281 2215 1336 Eodem
2249 1290 2527 1352 tempore,
2567 1285 2659 1354 qui
2693 1292 3021 1351 supererant
3052 1285 3106 1338 in
3157 1285 3302 1338 bello
3331 1292 3518 1354 capto-

1943 1391 2063 1428 rum
2128 1375 2198 1428 ab
2254 1376 2630 1429 Alamundaro
2715 1374 3033 1439 Saraceno,
3110 1378 3386 1444 supplices
3448 1377 3516 1429 ad

1942 1469 2316 1539 Epltrtemium
2385 1467 2756 1537 patriarcltam
2816 1467 3162 1533 referebant;
3223 1478 3410 1534 utpote
3461 1469 3518 1520 in

1941 1577 2084 1630 quos
2131 1561 2546 1614 Alamutularus
2590 1561 2831 1629 graviter
2883 1559 3392 1612 anttnadvm‘terat:
3426 1574 3520 1611 eo-

1941 1666 2064 1704 rum
2106 1651 2252 1704 enim
2302 1649 2594 1702 nonnullis“
2623 1649 2828 1716 capita,
2886 1662 3091 1700 cavens
3123 1648 3228 1700 sibi
3261 1663 3288 1698 ει
3334 1647 3520 1716 prodi-
3584 1695 3592 1699 -

1941 1745 2191 1798 tionibus
2253 1750 2656 1812 amputaverat.
2711 1739 2906 1794 Caneri
2965 1740 3320 1808 precidenles
3349 1741 3398 1791 ei
3449 1738 3519 1793 ad

1941 1835 2134 1906 pedes,
2165 1849 2471 1904 paucorum
2527 1834 2739 1886 dierum
2786 1831 3040 1886 inducias
3069 1831 3174 1884 sibi
3205 1832 3327 1882 «lari
3368 1839 3518 1898 pete-

1941 1927 2094 1991 bant,
2151 1925 2370 1980 iuterim
2416 1924 2548 1978 dum
2593 1923 2658 1976 ad
2693 1922 2969 1974 Romanos
3017 1936 3153 1975 suos
3186 1921 3403 1974 mittere
3429 1935 3519 1988 po-

1939 2027 2162 2082 terant,
2195 2017 2286 2088 qui
2339 2017 2608 2087 pecunias
2652 2015 2755 2069 sibi
2791 2013 3130 2068 redimendis
3165 2013 3515 2078 impetratum

2500 2106 2904 2159 Alamnndarus
2941 2105 3042 2170 (ut
3095 2105 3184 2157 cui
3228 2104 3329 2156 ista
3379 2104 3515 2158 satis

1938 2200 2329 2271 ari-idcreut),
2389 2200 2666 2253 licentiam
2722 2199 2830 2251 illis
2873 2198 2927 2251 in
2977 2212 3044 2250 ιιι
3103 2195 3222 2249 dies
3291 2211 3518 2250 conces-

1939 2297 2048 2358 sit,
2089 2294 2558 2364 expromissorem
2586 2307 2684 2360 pro
2713 2293 2794 2345 eis
2825 2306 2884 2343 se
2927 2298 3223 2358 praestante
3247 2288 3513 2355 Taizane,

1941 2386 2346 2440 Saracenorum
2397 2385 2746 2454 arcltipliylo.
2783 2381 3028 2436 Libellus
3058 2382 3246 2450 itaque
3279 2383 3515 2450 supplex

1936 2478 2286 2532 Antiochiam
2321 2477 2536 2531 delatus
2560 2517 2574 2541 ,
2615 2477 2706 2529 ubi
2763 2491 2947 2528 coram
2999 2475 3204 2544 papqu
3237 2475 3516 2542 perlectus

1935 2579 2040 2630 est.
2095 2571 2509 2640 illacrymautes
2566 2583 2759 2622 omnes
2785 2606 2800 2630 ,
2853 2582 2954 2636 pro
2995 2582 3054 2620 re
3100 2567 3337 2635 quisque
3371 2581 3469 2619 sua
3496 2605 3514 2630 ,

1937 2663 2186 2729 singulas
2232 2677 2327 2730 per
2375 2661 2681 2721 ecclesias,
2735 2659 2791 2713 in
2847 2658 3257 2730 Gazophylacia
3316 2660 3516 2728 stipem

1935 2753 2320 2821 conjecerunt.
2350 2752 2589 2806 Prteibat
2612 2751 2771 2822 46],
2806 2751 2931 2805 aliis
2954 2789 2968 2814 ,
3007 2751 3269 2804 misertus
3301 2766 3514 2816 eorutn,

1935 2843 2285 2912 patriarcha;
2317 2841 2408 2912 qui
2451 2857 2576 2895 cum
2605 2843 2759 2894 clero
2790 2855 2913 2901 suo,
2963 2841 3512 2908 magistratibusque,

1936 2935 2200 3004 pecunias
2250 2933 2422 2986 libera
2471 2947 2634 2985 manu
2691 2931 3011 2999 impertivit.
3073 2931 3384 2996 Quinetiam
3418 2929 3514 2983 ubi

1936 3027 2275 3096 captivorum
2304 3025 2554 3077 libellum
2610 3023 2912 3091 supplicem
2962 3021 3162 3076 lectum
3212 3022 3516 3075 audivisset

1937 3118 2177 3186 populus
2226 3116 2630 3177 Antiorbenus,
2671 3114 2905 3183 singulis
2947 3115 2997 3166 id
3040 3113 3511 3180 etilagitantibus;

1936 3207 2191 3278 publicus
2220 3206 2407 3275 populi
2462 3205 2706 3258 universi
2763 3211 3070 3258 conventus
3103 3205 3346 3259 indit-tus
3385 3213 3512 3260 est:

1933 3299 2000 3353 ad
2029 3297 2170 3371 diem
2204 3298 2391 3366 itaque
2419 3297 2785 3351 constitutum
2821 3303 3002 3366 tapete
3035 3298 3328 3365 explicato,
3361 3311 3513 3368 sym-

1938 3391 2127 3445 bolum
2181 3405 2343 3444 suum
2395 3389 2634 3458 quisque
2674 3404 2775 3455 pro
2805 3388 3130 3442 facultatum
3169 3405 3396 3442 suarum
3425 3405 3515 3442 ra-

1931 3487 2086 3539 tione
2138 3485 2476 3553 porrigebat.
2533 3483 2800 3540 Collectis
2847 3484 3066 3537 demum
3128 3486 3400 3553 pecuniis,
3457 3493 3514 3541 et

1935 3573 2312 3627 Alamundaro
2341 3573 2718 3638 transmissis,
2749 3573 2951 3641 captivi
2988 3573 3202 3626 liberati
3235 3581 3390 3628 Sunt.

2003 3665 2210 3720 Eodem
2249 3675 2493 3733 tempore
2523 3667 2726 3719 missus
2767 3676 2850 3719 est
2877 3667 2932 3718 in
2962 3665 3244 3720 Orientem
3281 3664 3511 3720 Ilermo-

1930 3772 2098 3827 genes
2138 3759 2422 3828 magister,
2464 3758 2588 3812 belli
2647 3757 2850 3811 Persici
2879 3772 3072 3811 curam
3118 3766 3507 3827 suscepturus.

1929 3851 2146 3921 Quippe
2201 3852 2520 3919 imperatori
2567 3851 2880 3904 nuntiatum
2946 3849 3167 3915 fuerat,
3230 3849 3508 3918 Exaratli,

1929 3942 2224 3998 Persarum
2254 3944 2450 3998 (lucem
2477 3987 2493 4010 ,
2545 3941 2769 3998 Persica
2811 3958 2974 3996 manu
3011 3943 3175 3997 simul
3210 3953 3266 3998 et
3307 3944 3510 3998 vexillo

1926 4035 2087 4104 regio
2146 4035 2501 4099 instructum,
2558 4033 2840 4104 Romanas
2907 4035 3183 4089 invasisse
3245 4035 3507 4091 ditiones.

1929 4123 2078 4191 Quin
2109 4133 2164 4177 et
2196 4103 2655 4203 Alamandarus,’
2685 4124 3087 4178 Saracenorum
3134 4124 3381 4192 regulus,
3415 4137 3510 4177 co-

1926 4218 2036 4288 piis
2085 4216 2516 4287 qttamplurimis
2572 4216 2926 4282 instructus,
2977 4215 3289 4270 Circesium
3369 4229 3507 4284 pra:-

1926 4318 2261 4378 tergressus,
2284 4307 2618 4364 Callinicum
2658 4310 2724 4362 ad
2763 4324 2970 4379 usque,
3001 4307 3286 4363 Osdrointe
3311 4309 3505 4364 urbem

1925 4407 2272 4472 pervenerat.
2629 4413 2634 4420 '

1995 4583 2218 4640 Certior
2273 4591 2454 4638 autem
2511 4582 2580 4638 de
2630 4582 2717 4639 his
2769 4582 2955 4638 factus
3007 4583 3344 4652 Belisarius,
3379 4595 3505 4643 octo

1925 4693 2053 4733 cum
2112 4676 2356 4730 millibus
2423 4683 2762 4729 armatorum
2816 4676 3052 4731 ducibus
3108 4677 3162 4730 in
3213 4679 3504 4748 suppetias

1927 4771 2044 4826 exit
2072 4787 2085 4823 :
2117 4783 2256 4837 quos
2289 4769 2431 4821 inter
2463 4769 2695 4821 Arethas
2728 4767 2833 4821 fuit
2869 4767 3235 4839 pli‘ylarcltus;
3260 4769 3420 4837 cujus
3449 4771 3504 4824 In

1921 4862 2170 4918 exercitu
2195 4861 2440 4928 quinque
2461 4860 2632 4911 millia
2658 4861 3112 4914 numerabantur.
3138 4858 3354 4928 Egressi
3378 4876 3508 4915 vero

1921 4969 2048 5010 cum
2078 4953 2376 5008 Saracenis
2399 4952 2518 5008 suis
2549 4968 2644 5023 per
2675 4961 2892 5008 noctem
2926 4953 3138 5018 Persm,
3164 4953 3321 5022 juxta
3357 4953 3506 5010 Gub-

1509 5088 1748 5144 VARl/E
1777 5089 2189 5146 LEC'I'IONES.

291 5218 342 5250 ⁸⁸
375 5213 624 5283 πέμψαι,
680 5210 903 5282 πέμψας
954 5211 1057 5266 0x.

234 5282 563 5358 Ὀσδροῖνης
592 5282 695 5339 Ox.

1151 5211 1196 5242 "
1235 5209 1408 5281 ᾔτησε
1441 5208 1569 5274 Clu,
1617 5211 1812 5280 αἴτησε
1855 5210 1965 5265 0x.

2074 5213 2121 5244 ⁸⁸
2146 5210 2476 5282 Κιρκησίου.
2529 5209 2824 5292 βιρκισίου
2857 5210 2958 5266 Ox.
3057 5210 3104 5242 ⁸⁷
3147 5209 3500 5282 Ὀσδροηνῆς.

1449 5395 1562 5451 ΕΙ).
1598 5393 1978 5450 CHILMEADI
2026 5392 2260 5448 ΝΟΤᾸΞ.

291 5515 373 5583 (9)
436 5512 628 5583 Ἔχωνν
676 5508 796 5579 μεθ’
849 5505 1046 5561 ἑαυτοῦ
1107 5507 1213 5583 καί
1259 5505 1453 5583 βάνδον
1515 5495 1812 5575 βασιλικόν.

223 5578 427 5640 Βάνδον
459 5578 718 5635 vexillum
751 5588 861 5642 est,
903 5588 964 5632 ut
1016 5578 1216 5632 eruditi
1273 5579 1478 5647 ubique
1532 5592 1636 5629 nos
1697 5591 1809 5629 tuo-

223 5667 408 5794 ηρρῗιό)
450 5723 560 5794 ,Διὰ
586 5721 682 5776 τοῦ
713 5718 1006 5791 Κιρκισίου
1037 5715 1230 5794 ὲλθῴν.
1271 5715 1586 5794 Ιςλιρκισίον,
1621 5716 1816 5770 Scribit

221 5786 532 5866 Procopius
559 5815 573 5847 :
602 5803 718 5848 erat
746 5786 928 5845 autem
953 5789 1244 5862 castellum
1291 5786 1664 5842 Romanorum
1695 5801 1814 5840 mu-

1923 5505 2286 5566 nitissimum,
2325 5504 2380 5558 in
2427 5503 2684 5558 extremis
2731 5502 2951 5566 ﬁnibus,
2989 5502 3159 5555 altera
3205 5500 3502 5569 Euphratis

1925 5584 2079 5646 parte
2110 5577 2300 5628 situm.

1997 5645 2108 5716 (Ην)
2158 5645 2436 5698 Ἀπελθὼν
2471 5647 2550 5707 εἰς
2605 5639 3154 5716 συμμαχίαν,μίτοι-ιιιΔ
3183 5639 3495 5716 legendum,

1923 5709 2170 5785 ἀπῆλθεν
2205 5733 2252 5770 ε.
2308 5733 2358 5771 σ.
2391 5731 2404 5746 ⁸
2437 5732 2637 5772 sensus
2678 5709 2836 5769 enim
2906 5713 3068 5766 aliter
3141 5709 3501 5781 imperfectus

1919 5797 2026 5840 est.
2087 5792 2096 5798 ’
