3966 6442
336 347 441 412 677

1316 348 2001 410 CHRONOGRAPHIA.
2034 376 2105 386 -
2144 353 2294 414 LIB.
2338 355 2562 416 XVIII.

3486 370 3591 434 678

333 459 573 515 ἐστάναι.
591 459 686 522 Είς
700 456 757 511 δέ
779 456 839 509 τὸ
860 456 1000 513 κατὰ
1034 454 1388 528 μεσημϐρίαν
1417 457 1585 529 μέρος
1602 458 1898 527 ἐσκήνωσεη

2017 459 2213 515 relicto
2273 460 2468 531 (cujus
2522 461 2590 516 ad
2663 461 2813 532 ripas
2889 464 3235 535 navigiorum
3296 470 3595 541 stationem

331 552 560 623 ’Δρέθας
579 550 720 620 μετά
734 550 1018 619 Δωροθέου
1034 551 1129 602 καὶ
1144 549 1729 621 Μάμαντος,ἐξάρχων
1745 549 1912 602 Ἰσαύ-

328 655 460 711 gmw
487 641 568 701 είς
589 640 648 691 δέ
676 641 737 692 τὸ
768 639 1017 711 ἁρκτῷον
1038 640 1303 703 Σουνίκας
1332 641 1427 693 καὶ
1452 640 1674 710 Σίμμας
1695 639 1912 710 ἔχοντες

327 730 577 801 στρατόν.
606 732 718 783 Καὶ
743 733 810 802 τῇ
845 732 909 784 ιθ⁹
932 731 1025 782 τοῦ
1061 730 1373 800 Ἀπριλλίου
1394 734 1452 785 ἐν
1476 731 1618 802 ἁγίῳ
1646 731 1941 825 Σαϐϐάτιίζ

323 821 418 875 τοῦ
444 822 642 893 Πάσχα
662 817 884 890 ἐγένετό
912 826 944 894 ἡ
980 824 1230 894 συμϐολὴ
1259 823 1356 878 τοῦ
1398 824 1660 895 πολέμου,
1706 826 1911 897 Ὀρμη-

323 916 535 967 σάντων
559 917 670 986 γὰρ
704 915 812 968 τῶν
844 916 1070 981 Περσῶν
1105 917 1250 970 κατὰ
1276 918 1512 972 Σουνίκα
1549 918 1647 971 καὶ
1691 918 1905 988 Σίμμα,

321 1008 417 1060 καὶ
460 1008 833 1062 ἀντιστάντων
874 1010 916 1040 ⁶¹
960 1010 1272 1077 Ῥωμαίων,
1322 1010 1461 1081 δόλῳ
1505 1011 1742 1064 δέδωκαν
1774 1012 1818 1043 θ’
1856 1013 1906 1065 oi

320 1100 533 1169 Πέρσαι
586 1101 734 1153 νῶτα
769 1102 861 1153 ἐπὶ
900 1104 1028 1165 τοὺς
1074 1102 1240 1166 ἰδίους
1285 1104 1515 1158 ἑαυτῶν.
1572 1104 1684 1157 Καὶ
1726 1104 1815 1173 ὑφ’
1848 1102 1906 1157 ἓν

319 1192 870 1263 γενόμενοινΠέρσαι,
896 1195 1340 1265 προσεσχηκότες
1366 1197 1450 1249 ὅτι
1473 1197 1730 1265 Ῥωμαῖοι
1762 1195 1907 1250 κατὰ

318 1282 492 1337 νώτου
527 1285 715 1354 ἔχουσι
766 1285 858 1338 τὸν
913 1286 1234 1356 Εὐφράτην,
1263 1289 1610 1358 ὁρμήσαντες
1660 1288 1758 1342 σὺν
1792 1292 1906 1351 τοῖς

316 1374 664 1445 Σαρακηνοίς
704 1377 1083 1446 συνέκρουσαν
1129 1378 1223 1430 τὸν
1254 1377 1515 1447 πόλεμον,
1560 1378 1655 1432 καὶ
1694 1378 1904 1432 πολλῶν

318 1466 600 1520 πεσόντων
632 1466 693 1532 ἐξ
727 1467 1061 1537 ἀμφοτέρων
1104 1469 1214 1523 τῶν
1249 1469 1458 1540 μερῶν,
1488 1472 1548 1523 ἐν
1591 1464 1674 1534 οἷς
1708 1470 1904 1525 ἔπεσον

312 1557 429 1611 ἀπὸ
453 1556 553 1629 μὲν
579 1558 809 1628 Περσῶν
841 1558 1161 1629 Ἀνδράξης,
1188 1559 1493 1630 χιλίαρχος,
1519 1562 1614 1614 καί
1638 1562 1899 1631 Νααμὰν,

313 1648 436 1712 υίὸς
485 1646 950 1721 ’Δλαμουνδάρου,
980 1652 1048 1703 ἐκ
1114 1650 1172 1703 δὲ
1222 1651 1515 1721 Ῥωμαίων
1562 1653 1902 1724 Σαρακηνῶν

2014 543 2319 604 Belisarius
2355 550 2786 622 constituerat),
2818 554 3107 609 meridiem
3141 570 3336 614 versus
3358 561 3597 619 Arethas

2013 654 2137 693 cum
2162 640 2441 696 Dorotheo
2473 651 2528 697 et
2559 643 2855 710 Mamante,
2888 647 3126 702 ducibus
3146 648 3376 717 lsauris,
3410 666 3597 710 castra

2011 742 2270 799 poneret;
2307 748 2337 786 a
2389 736 2771 803 septentrione
2804 752 2933 792 vero
2992 739 3226 797 Sunicas
3255 752 3306 798 et
3355 744 3595 801 Simmas

2010 835 2171 874 suum
2206 823 2474 877 ducerent
2507 829 2834 883 exercitum.
2874 829 3117 887 Sabbato
3165 844 3350 890 autem
3399 848 3594 895 sancto

2010 909 2280 979 Paschali,
2315 917 2457 983 quod
2495 918 2547 969 in
2575 920 2780 987 Aprilis
2805 937 2895 974 χιχ
2930 923 3142 984 incidit.
3175 927 3324 982 aries
3355 928 3589 985 invicem

2009 1006 2518 1062 committebantur.
2548 1008 2729 1065 Persis
2754 1013 2922 1082 igitur
2970 1016 3020 1067 in
3052 1017 3308 1072 Sunieam
3337 1032 3388 1074 et
3439 1020 3588 1075 Sim-

2010 1111 2151 1150 mam
2204 1099 2564 1167 irruentibus,
2615 1103 2850 1157 Romani
2877 1107 2968 1159 ubi
2999 1111 3357 1177 restitissent,
3386 1114 3587 1179 Persm,

2003 1180 2107 1256 per
2138 1188 2328 1242 dolum
2355 1200 2506 1261 terga
2536 1193 2754 1257 dantes,
2790 1196 2857 1248 ad
2892 1211 3026 1253 Suos
3045 1213 3409 1259 recesserunt.
3447 1205 3588 1260 Tum

2010 1294 2141 1334 vero
2199 1282 2254 1335 in
2287 1298 2458 1336 unum
2518 1284 2727 1338 redacti
2768 1287 2859 1340 ubi
2896 1287 3267 1345 advertissent
3300 1294 3585 1352 Romanos

2006 1373 2348 1444 Euphratem
2379 1392 2408 1431 a
2445 1385 2600 1449 tergo
2632 1380 2855 1444 habere,
2895 1381 3191 1441 Saracenis
3220 1390 3336 1444 suis
3364 1390 3588 1445 irruen-

2006 1473 2115 1528 tes,
2145 1482 2344 1523 manus
2405 1484 2627 1524 rursum
2661 1486 3089 1538 conseruerunt,
3119 1477 3376 1546 pluribus
3401 1482 3587 1535 utrin-

2004 1571 2114 1624 que
2146 1559 2341 1625 praelio
2377 1560 2709 1617 cadentibus
2749 1578 2848 1616 :ex
2908 1566 3111 1634 quibus
3151 1577 3311 1621 erant
3346 1584 3374 1621 a
3401 1568 3587 1626 Persis

2003 1650 2287 1706 Andrazes
2309 1653 2672 1719 chiliarchus,
2698 1655 2947 1730 Naaman
2969 1698 2983 1719 ,
3012 1660 3373 1714 Alamundari
3402 1662 3583 1730 lilius;

312 1739 527 1809 ἐλήφθη
557 1739 766 1810 Ἀϐρος
815 1741 1046 1813 ὀνόματι
1076 1742 1235 1808 δούξο
1287 1745 1385 1797 καὶ
1440 1745 1812 1813 Στεφανάκιος
1844 1747 1898 1800 δὲ

2007 1756 2036 1794 a
2070 1741 2339 1800 Romanis
2368 1760 2503 1799 vero
2533 1725 2831 1803 Saraceni;
2865 1751 2977 1805 duv
3012 1753 3195 1807 Ahrus
3233 1764 3431 1823 captus
3472 1765 3583 1820 est,

312 1832 549 1899 πληγεὶς
582 1809 774 1888 ἔπεσε.
808 1809 924 1905 Τῆς
954 1835 1066 1905 γάρ
1096 1834 1322 1905 ἀμιξίας
1343 1837 1388 1869 ⁸³
1427 1809 1724 1908 γενομένης
1764 1838 1898 1907 (15).

2008 1831 2410 1903 Stephanacius
2437 1837 2603 1910 464
2626 1856 2755 1894 vero
2781 1858 2847 1896 ex
2886 1843 3121 1899 vulnere
3155 1809 3385 1901 cecidit.
3411 1848 3588 1904 Caete-

309 1930 341 1979 ὀ
373 1926 592 1997 ’Δψκαλ
623 1930 705 1991 είς
734 1927 903 1996 μέσον
927 1928 1077 2002 [205]
1115 1931 1344 2002 Περσῶν
1375 1932 1650 2004 ὁρμήσας,
1682 1934 1778 1986 καὶ
1805 1920 1899 1986 τοῦ

311 2021 486 2073 ἵππου
515 2014 681 2074 αὐτοῦ
717 2023 1064 2094 πατήσαντος
1097 2022 1370 2095 λείψανον,
1411 2027 1492 2089 είς
1527 2026 1694 2095 μέσον
1719 2026 1900 2080 αὐτῶν

306 2112 596 2167 ἀπώλετο·
657 2113 707 2166 οί
762 2113 820 2167 δέ
864 2113 1081 2185 Φρύγες
1150 2116 1464 2186 ἑωρακότες
1527 2115 1618 2171 τὸν
1672 2114 1899 2187 ἔξαρχον

306 2204 521 2259 ἑαυτῶν
557 2206 797 2257 πεσόντα
830 2206 925 2258 καὶ
962 2206 1026 2258 τὸ
1077 2205 1268 2275 βάνδον
1319 2205 1486 2260 αὐτοῦ
1523 2206 1630 2259 ὐπὸ
1669 2207 1900 2277 Περσῶν

308 2293 693 2365 συλληφθέντα
743 2296 822 2359 είς
864 2295 1044 2366 φυγὴν
1088 2298 1431 2367 ἐτράπησαν,
1480 2299 1581 2351 σὺν
1612 2298 1798 2359 αὐτοῖς
1840 2298 1899 2351 δὲ

304 2390 409 2442 καὶ
449 2389 501 2441 οί
536 2376 849 2458 Σαρακηνοὶ
905 2387 1217 2458 Ῥωμαίων.
1270 2388 1454 2442 Ἀλλοι
1503 2388 1562 2442 δὲ
1601 2389 1900 2460 ἐπέμειναν

306 2482 411 2534 σὺν
436 2480 640 2553 ’Δρέθᾳ
670 2480 994 2551 μαχόμενοι.
1031 2480 1337 2534 ’Υπέλαϐον
1376 2481 1433 2534 δέ
1467 2498 1612 2545 τινες
1644 2483 1729 2535 ὅτι
1756 2482 1899 2536 κατά

308 2575 613 2648 προδοσίαν
648 2574 758 2627 τῶν
787 2574 1083 2646 φυλάρχων
1117 2572 1300 2628 αὐτῶν
1333 2573 1579 2627 δέδωκαν
1609 2575 1755 2627 νῶτα
1784 2574 1896 2644 (16)

309 2669 544 2740 φανεροὶ
572 2668 684 2722 τῶν
710 2668 1072 2739 Σαρακηνῶν.
1099 2668 1348 2738 Ἴσαυροι
1368 2667 1426 2721 δὲ
1456 2668 1684 2737 πλησίον
1717 2668 1898 2722 αὐτῶν

309 2761 546 2825 ἑστῶτες
572 2760 669 2815 καὶ
704 2744 908 2824 είδότες
935 2760 980 2793 ⁸⁵
1011 2760 1141 2824 τοὺς
1180 2759 1539 2832 Σαρακηνούς
1568 2760 1897 2828 φεύγοντας,

309 2854 543 2926 ερῤιψαν
571 2853 798 2917 ἑαυτοὺς
833 2853 894 2907 ἐν
929 2853 1006 2923 τῷ
1037 2852 1321 2923 Εὐφράτῃ,
1351 2850 1666 2920 νομίζοντες
1697 2853 1895 2923 περᾷν.

310 2945 629 3017 Βελισάριος
665 2945 724 2999 δέ
775 2943 1037 3015 ἑωρακὼς
1090 2944 1153 2997 τὸ
1180 2943 1508 3013 γενόμενον,
1545 2941 1728 2996 λαϐὼν
1772 2941 1896 3012 μεθ’

310 3037 507 3092 ἐαυτοῦ
539 3037 600 3091 τδ
631 3036 767 3091 ἴδιον
794 3035 986 3107 βάνδον
1015 3034 1249 3106 ἀνῆλθεν
1274 3035 1332 3087 ἐν
1366 3034 1538 3106 πλοίῳ
1556 3050 1570 3063 ·
1601 3035 1694 3089 καὶ
1726 3034 1899 3104 περά-

2002 1939 2124 1977 rum
2161 1924 2381 1994 Apseal,
2418 1931 2786 1987 exercitibus
2824 1934 3036 1989 mistim
3092 1939 3489 2006 pugnantibus,
3522 1941 3582 1997 in

2002 2013 2299 2072 Persarum
2353 2019 2598 2076 medium
2660 2023 2910 2090 delatus,
2976 2042 3124 2096 equo
3187 2044 3292 2084 suo
3343 2008 3583 2087 cadaver

2001 2105 2315 2163 uli'endente
2365 2109 2713 2176 deturbatus,
2773 2115 2826 2168 in
2855 2116 3051 2172 mediis
3104 2119 3356 2175 hostibus
3388 2121 3578 2191 periit.

1999 2194 2248 2269 Phryges
2306 2212 2518 2268 autem,
2552 2202 2716 2259 ducis
2746 2207 2834 2260 sui
2874 2223 3068 2263 casum
3113 2220 3452 2280 spectantes,
3482 2230 3577 2270 ve-

1998 2288 2310 2360 xillumth
2370 2293 2493 2363 ejus
2523 2310 2554 2349 a
2589 2297 2773 2352 Persis
2837 2300 3106 2366 ablatum,
3158 2303 3213 2356 in
3253 2302 3437 2374 fugam
3472 2304 3579 2377 ipsi

1999 2396 2223 2451 unaque
2262 2383 2524 2440 Saraceni
2581 2386 2816 2443 Romani
2880 2407 3001 2447 sese
3031 2392 3347 2452 dederunt:
3392 2405 3580 2454 caeteri

1998 2487 2125 2527 cum
2162 2475 2367 2529 Aretha
2403 2478 2775 2535 consistentes
2799 2492 3139 2552 pugnarunt.
3166 2486 3577 2544 Saracenorum

1998 2580 2131 2619 vero
2185 2567 2406 2635 plurimi
2450 2569 2599 2638 quod
2630 2570 2687 2625 in
2720 2570 2903 2643 fugam
2947 2589 3007 2629 se
3038 2575 3314 2644 dederint,
3355 2579 3582 2651 phylar-

1997 2659 2489 2715 chorum‘suorum
2530 2664 2943 2732 proditionibus
2975 2669 3166 2725 deberi
3205 2670 3282 2737 id,
3318 2675 3577 2730 nonnulli

1996 2750 2266 2820 suspicati
2300 2761 2456 2806 sunt.
2506 2753 2610 2819 Qui
2634 2765 2820 2811 autem
2849 2758 2959 2815 illis
2984 2764 3235 2829 proxime
3256 2766 3576 2831 astiterunt,

1996 2838 2197 2905 Isauri,
2261 2842 2572 2900 Saracenos
2636 2847 2890 2905 videntes
2922 2850 2978 2904 in
3025 2851 3214 2924 fugam
3246 2835 3580 2926 conversos,

1996 2931 2052 2985 in
2108 2930 2443 3000 Euphratem
2477 2950 2538 2990 se
2578 2937 2959 3006 coniecerunt,
3004 2946 3259 2998 tranandi
3292 2962 3390 3016 spe
3426 2946 3574 3005 freti.

1999 3020 2124 3076 Haec
2154 3039 2285 3077 vero
2317 3024 2408 3078 ubi
2441 3026 2576 3079 vidit
2620 3027 2937 3094 Belisarius,
2967 3042 3192 3102 arrepto
3218 3038 3417 3092 vexillo
3446 3054 3573 3104 suo,

310 3146 414 3193 σας
439 3130 535 3183 τὸν
556 3128 853 3199 Εὐφράτην
880 3124 1045 3200 ἦλθεν
1069 3129 1151 3191 εις
1178 3127 1528 3182 Καλλίνικον.
1556 3126 1894 3197 Συνηκολού-

1999 3129 2192 3168 navem
2244 3116 2611 3180 conscendit;
2657 3120 3009 3191 trajectoque,
3052 3122 3301 3189 flumine,
3344 3127 3578 3185 Callini-

309 3221 442 3292 θησε
464 3221 522 3275 δὲ
565 3219 717 3290 αὐτῷ
751 3219 847 3273 καὶ
874 3220 903 3272 ὁ
941 3219 1181 3289 στρατὸς
1220 3217 1417 3272 αὐτοῦ·
1445 3217 1545 3273 καὶ
1582 3219 1633 3271 οί
1666 3217 1767 3287 μὲν
1812 3218 1892 3281 εἰς

307 3315 473 3367 πλοῖα
498 3312 793 3382 ἐμϐάντες,
829 3311 879 3363 οί
915 3311 975 3364 δέ
1010 3308 1151 3381 μετά
1184 3309 1294 3363 τῶν
1321 3309 1510 3362 ἵππων
1546 3308 1894 3380 ἐκκολυμϐῆ-

310 3423 402 3459 σαι
443 3404 789 3475 βουλόμενοι,
824 3403 1159 3475 ἐπλήρωσαν
1201 3402 1293 3456 τὸν
1324 3400 1570 3472 ποταμὸν
1588 3382 1891 3471 λειψάνων.

307 3498 574 3560 Σουνίκας
618 3496 676 3550 δὲ
734 3495 831 3551 καὶ
883 3495 1103 3566 Σίμμας
1145 3495 1444 3566 ἐπέμειναν
1482 3496 1623 3564 μετά
1667 3494 1894 3566 Περσῶν

310 3591 615 3662 μαχόμενοι
636 3606 650 3619 ·
684 3589 782 3643 καὶ
810 3588 863 3641 οί
891 3587 984 3641 δύο
1009 3588 1230 3659 ἔξαρχοι
1266 3589 1651 3658 ἐπιμείναντες
1675 3589 1721 3620 ⁸⁸
1753 3587 1895 3658 μετά

305 3683 403 3737 τοῦ
441 3681 889 3752 περιλειφθέντος
924 3679 1165 3752 στρατοῦ
1213 3680 1521 3753 ἀποϐάντες
1556 3680 1667 3733 τῶν
1708 3680 1894 3735 ἵππων

305 3769 538 3842 πεζινὴν
584 3770 767 3840 μάχην
813 3768 1086 3839 ἐμάχοντο
1134 3769 1437 3837 γενναίως,
1479 3770 1573 3822 καὶ
1617 3769 1894 3833 τακτικῶς

308 3862 651 3935 χρησάμενοι
680 3861 915 3923 πολλοὺς
951 3852 1248 3914 ἀπώλεσαν
1284 3863 1349 3914 ἐκ
1388 3861 1497 3914 τῶν
1539 3861 1788 3932 Περσῶν.
1815 3862 1891 3915 οὐ

310 3943 703 4025 συνεχώρησαν
741 3952 804 4006 δὲ
832 3954 1020 4016 αὐτοῖς
1053 3952 1204 4026 ίεοι]
1238 3944 1583 4018 καταδιῶξαι
1609 3953 1739 4016 τοὺς
1766 3952 1894 4022 φεύ-

307 4062 530 4111 γοντας,
583 4043 723 4099 άλλά
791 4044 888 4097 καὶ
940 4043 1417 4114 μεσολαϐήσαντες
1469 4045 1621 4113 τρεῖς
1670 4046 1736 4096 ἐκ
1785 4042 1894 4096 τῶν

306 4137 555 4209 ἐξάρχων
585 4135 681 4189 δύο
711 4135 812 4205 μὲν
839 4134 1162 4204 ἐφόνευσαν,
1192 4135 1289 4188 ἕνα
1315 4135 1374 4188 δὲ
1395 4133 1573 4198 ζῶντα
1600 4133 1893 4187 συνέλαϐον

307 4223 389 4294 τῷ
418 4225 643 4294 ὀνόματι
669 4223 968 4294 Ἀμερδὰχ,
994 4224 1167 4295 ἄνδρα
1207 4223 1526 4301 πολεμικόν,
1570 4223 1672 4293 τῆς
1710 4222 1893 4287 δεξιᾶς

267 4362 281 4375 ,
309 4314 481 4368 αὐτοῦ
526 4315 776 4384 ἀγκῶνος
821 4317 1134 4387 τμηθείσης
1180 4316 1288 4369 ὑπὸ
1323 4317 1580 4370 Σουνίκα.
1630 4316 1744 4369 Καὶ
1798 4317 1902 4387 ἐπέ

304 4400 537 4478 ἔμειναν
564 4408 868 4478 μαχόμενοι
895 4408 1033 4477 μετὰ
1054 4408 1150 4462 τοῦ
1189 4407 1321 4461 ἰδίου
1354 4407 1588 4479 στρατοῦ
1610 4425 1622 4436 ·
1645 4408 1741 4461 καὶ
1770 4410 1891 4461 ἐπι-

1998 3217 2125 3256 cum
2179 3205 2437 3258 accessit.
2470 3204 2628 3259 Hunc
2660 3216 2887 3263 secutus
2929 3212 3212 3269 exercitus
3236 3215 3396 3284 ejus;
3430 3233 3577 3286 quo-

1996 3309 2119 3348 rum
2150 3296 2434 3349 nonnullis
2467 3297 2854 3366 intempestive
2886 3300 2942 3354 in
2975 3304 3192 3374 navigia
3212 3308 3576 3377 irruentibus,

1995 3386 2118 3441 aliis
2180 3402 2309 3441 vero
2355 3403 2624 3457 equorum
2673 3407 2776 3458 ope
2822 3391 3025 3448 flumen
3076 3398 3335 3466 trajicere
3364 3399 3578 3459 frustra

1996 3478 2363 3543 tentantibns,
2403 3480 2714 3550 Euphrates
2762 3485 3125 3540 cadaveribus
3178 3490 3440 3560 impletus
3464 3502 3575 3550 est.

1994 3570 2220 3626 Interim
2258 3569 2493 3625 Sunicas
2515 3580 2569 3625 et
2594 3572 2855 3639 Simmas,
2889 3577 3142 3645 exarchi,
3173 3579 3359 3637 Persis
3394 3598 3571 3653 oppu-

1995 3664 2233 3732 gnandis
2281 3678 2392 3718 non
2450 3656 2819 3721 destiterunt}
2847 3669 2983 3736 quin
3032 3672 3193 3740 equis
3223 3674 3393 3727 etiam
3423 3677 3576 3731 desi-

1995 3756 2213 3818 lientes,
2241 3755 2623 3825 exercituique
2662 3760 2943 3826 superstiti
2990 3776 3115 3816 sese
3146 3764 3573 3834 immiscentes;

1994 3846 2162 3918 pedes
2192 3855 2423 3915 uterque
2459 3848 2677 3902 fortiter
2726 3849 3111 3908 dimicarunt:
3151 3857 3578 3928 agminibusque

1994 3939 2174 4009 perite
2204 3939 2498 4003 ordinatis,
2539 3941 2855 4010 complures
2899 3942 3197 3999 Persarum
3230 3947 3576 4017 disperdide-

1997 4035 2158 4093 runt,
2200 4043 2304 4083 nee
2331 4043 2428 4083 eos
2460 4028 2740 4086 Romanos
2781 4031 3057 4103 fugientes
3085 4037 3322 4093 ulterius
3356 4041 3575 4112 insequi

1995 4121 2264 4177 siverunt.
2328 4120 2590 4186 Quinimo
2638 4120 2760 4201 tt'es
2827 4128 3074 4194 ipsorum
3123 4145 3352 4201 quoque
3405 4135 3575 4191 duces

1995 4203 2434 4282 intercipientes,
2481 4200 2849 4269 duos-eorum
2884 4219 3319 4297 interfecerunt;
3348 4230 3591 4282 tertium.

1994 4317 2144 4364 vero,
2178 4304 2353 4356 virum
2381 4302 2888 4372 bellicosissimum,
2909 4310 3300 4368 Amerdactnm
3328 4318 3572 4387 nomine,

1996 4395 2084 4450 cui
2141 4395 2392 4449 dextram
2451 4395 2639 4448 cubito
2693 4404 2857 4453 tenus
2922 4404 3245 4468 praeciderat
3306 4407 3570 4473 Sunicas,

308 4500 615 4571 λαϐομένης
657 4500 922 4571 ἑσπέρας,
968 4500 1079 4554 τῶν
1129 4499 1360 4572 Περσῶν
1410 4499 1751 4571 διωχθέντων
1796 4501 1889 4553 ἐπὶ

1999 4490 2181 4542 vivum
2235 4487 2800 4557 comprehenderunt.
2870 4492 3103 4547 Exarchi
3167 4505 3349 4551 autem
3406 4502 3572 4574 435

311 4592 468 4659 μίλια
516 4592 632 4650 δύο,
671 4593 721 4644 οί
776 4590 997 4662 ἐξαρχοι
1064 4590 1356 4661 Ῥωμαίων
1390 4592 1489 4644 σὺν
1539 4591 1618 4662 τῷ
1668 4591 1890 4663 στρατῷ

308 4682 564 4753 εἰσῆλθον
593 4684 675 4748 είς
706 4683 1031 4737 Καλλίνικον
1069 4684 1244 4738 πόλιν.
1279 4685 1392 4739 Καὶ
1419 4687 1487 4755 τῇ
1521 4684 1649 4754 ἐξῆς
1678 4685 1887 4754 ἡμέρᾳ,

311 4775 461 4842 ἡλίου
492 4774 896 4840 ἀνατείλαντος,
920 4777 1144 4847 ἐξῆλθον
1175 4777 1284 4830 ἀπὸ
1300 4777 1626 4831 Καλλινίκου
1657 4776 1889 4841 πόλεως,

312 4868 656 4937 περάσαντες
679 4868 772 4922 τὸν
815 4869 1114 4941 Εὐφράτην
1145 4870 1287 4939 μετά
1327 4869 1424 4923 τοῦ
1481 4870 1613 4923 ἰδίου
1655 4867 1888 4940 στρατοῦ

309 4962 402 5013 καὶ
454 4959 569 5012 τῶν
599 4960 835 5014 πολιτῶν
856 4962 1004 5015 ’καὶ
1034 4960 1373 5015 ἐσκύλευσαν
1410 4960 1480 5014 τά
1514 4960 1744 5030 λείψανα
1775 4959 1888 5013 τῶν

308 5050 562 5120 Περσῶν.
588 5051 701 5104 Kal.
731 5049 923 5121 μαθὼν
960 5050 1140 5104 πάντα
1170 5050 1243 5104 τά
1274 5049 1547 5122 γενόμενα
1588 5051 1647 5103 ἐν
1676 5048 1755 5120 τῷ
1791 5066 1890 5101 πο-

1996 4579 2227 4635 Romani
2264 4595 2388 4634 cum
2416 4580 2658 4633 exercitu
2684 4597 2785 4634 suo
2811 4581 3141 4640 dimicantes
3167 4592 3529 4657 perstiterunt
3555 4614 3572 4661 ;

1996 4674 2297 4728 Persarum
2345 4671 2607 4740 vestigiis
2662 4672 2985 4729 insistentes
3021 4677 3087 4729 ad
3122 4680 3382 4736 milliaria
3411 4687 3524 4741 (Ιιιο
3558 4704 3572 4737 :

1993 4780 2184 4823 verum
2229 4764 2520 4832 ingruente
2567 4762 2786 4817 demum
2825 4780 3076 4834 vespera,
3118 4768 3447 4828 Callinicum
3481 4794 3577 4831 ur-

1996 4859 2120 4913 bem
2151 4863 2567 4911 concesserunt.
2595 4853 2741 4909 Luce
2768 4864 2950 4911 autem
2994 4862 3271 4928 proxima,
3303 4868 3435 4920 solis
3465 4875 3571 4924 sub

1995 4960 2178 5007 ortum
2225 4963 2349 5002 cum
2389 4948 2631 5000 exercitu
2687 4949 3036 5019 civibusque,
3062 4969 3126 5008 ex
3180 4957 3313 5010 urbe
3361 4967 3568 5029 egressi

1994 5050 2155 5109 sunt;
2192 5039 2583 5109 Euphrateque
2608 5040 2863 5109 trajectu,
2882 5042 3249 5103 cadaveribus
3276 5049 3569 5109 Persarum

1582 5214 1821 5272 VARUE
1858 5203 2267 5269 LECTIONES.

386 5325 431 5357 ⁶¹
465 5325 833 5384 ἁνθιστάντων
874 5328 978 5386 Ox.

1079 5331 1123 5405 ff
1144 5331 1405 5387 δέδωκαν.
1433 5332 1499 5389 V'.
1530 5333 1730 5405 p.’seq.
1757 5350 1809 5386 v.
1842 5329 2085 5405 7,_supra
2112 5341 2176 5405 pg
2192 5324 2259 5378 58
2292 5321 2355 5375 E.

2449 5322 2494 5353 "
2517 5319 2765 5390 ἀμιξίας.
2798 5319 2962 5378 Redit
2984 5325 3309 5383 vocabulum
3336 5344 3386 5399 p.
3413 5328 3487 5384 78
3515 5329 3573 5382 Ε.

311 5394 355 5427 ⁸⁵
385 5395 606 5469 εἰδότες.
636 5400 752 5453 Imo
781 5400 999 5465 ἰδόντες.
1078 5402 1123 5434 ⁸⁸
1158 5394 1544 5472 ἐπιμείναντες
1569 5394 2239 5474 ϐὴ.,’ὲπεμείναντεςνοκο

1536 5536 1646 5591 ΕΙ).
1688 5533 2068 5590 CHILMEADI
2108 5531 2340 5587 NOTAE.

392 5640 504 5719 (l5)
547 5644 799 5719 Ti;47&9
829 5647 1052 5715 άμιξίας
1087 5649 1413 5719 γενομένης.
1448 5648 1615 5705 Forte
1646 5650 1896 5706 scriben-

320 5712 352 5768 ΙΙ
392 5662 504 5711 ua;
547 5662 658 5782 ιηὲ
688 5662 799 5717 γαρ
829 5662 1052 5728 autem;
1087 5662 1413 5731 γενομενης.
1448 5662 1615 5705 Forte
1646 5662 1892 5706 scriben-

359 5727 450 5791 urn
468 5715 615 5791 άμμι
653 5717 758 5780 ίας.
776 5717 1030 5791 Legimus
1056 5733 1200 5774 enim
1223 5720 1463 5790 ἄμμιγα,
1495 5736 1594 5789 pro
1614 5720 1860 5791 ἀνάμιγα
1878 5761 1892 5784 ,

208 5856 219 5865 κ
308 5791 364 5836 et
395 5783 643 5865 ἀμμίξας
666 5802 775 5855 pro
796 5783 1105 5858 ἀναμίξας*
1134 5783 1462 5861 ³1911ιῖὴίηο
1495 5783 1758 5862 ἀμμιξία,
1790 5783 1890 5861 pro

2005 5645 2294 5718 ἁναμιξία,
2330 5647 2475 5717 quod
2516 5646 2981 5710 Commiut'onem,
3031 5645 3147 5701 sivo
3199 5645 3557 5715 Confncianeu

2010 5717 2192 5778 sonat.
2235 5717 2457 5788 formari
2489 5727 2691 5788 potest.

2074 5790 2185 5857 (16)
2226 5787 2474 5841 Δέδωκαν
2495 5787 2668 5843 νῶτα.
2711 5788 2831 5843 Scr.
2861 5787 3093 5841 ἔδωκαν.
