  <div class='ocr_page' id='page_1' title='image "/cluster/home/n/w/nwhite01/storage/ocr_20150623/97/coo.31924054870013/363.png"; bbox 0 0 3966 6450; ppageno 0'>
   <div class='ocr_carea' id='block_1_1' title="bbox 381 319 494 385">
    <p class='ocr_par' dir='ltr' id='par_1_1' title="bbox 381 319 494 385">
     <span class='ocr_line' id='line_1_1' title="bbox 381 319 494 385; baseline 0.009 -1"><span class='ocrx_word' id='word_1_1' title='bbox 381 319 494 385; x_wconf 70' lang='lat'><strong>079</strong></span> 
     </span>
    </p>
   </div>
   <div class='ocr_carea' id='block_1_2' title="bbox 1692 328 2376 394">
    <p class='ocr_par' dir='ltr' id='par_1_2' title="bbox 1692 328 2376 394">
     <span class='ocr_line' id='line_1_2' title="bbox 1692 328 2376 394; baseline 0.01 -6"><span class='ocrx_word' id='word_1_2' title='bbox 1692 328 2018 389; x_wconf 81' lang='lat' dir='ltr'><strong>JOANNIS</strong></span> <span class='ocrx_word' id='word_1_3' title='bbox 2051 329 2376 394; x_wconf 61' lang='lat' dir='ltr'><strong>MALALIE</strong></span> 
     </span>
    </p>
   </div>
   <div class='ocr_carea' id='block_1_3' title="bbox 2389 220 2414 228">
    <p class='ocr_par' dir='ltr' id='par_1_3' title="bbox 2389 220 2414 228">
     <span class='ocr_line' id='line_1_3' title="bbox 2389 220 2414 228; baseline 0 -2"><span class='ocrx_word' id='word_1_4' title='bbox 2389 220 2414 228; x_wconf 65' lang='grc' dir='ltr'><strong>ο..</strong></span> 
     </span>
    </p>
   </div>
   <div class='ocr_carea' id='block_1_4' title="bbox 3521 354 3651 419">
    <p class='ocr_par' dir='ltr' id='par_1_4' title="bbox 3521 354 3651 419">
     <span class='ocr_line' id='line_1_4' title="bbox 3521 354 3651 419; baseline 0.008 -1"><span class='ocrx_word' id='word_1_5' title='bbox 3521 385 3528 392; x_wconf 77' lang='lat'><strong><em>~</em></strong></span> <span class='ocrx_word' id='word_1_6' title='bbox 3543 354 3651 419; x_wconf 63' lang='lat'><strong>689</strong></span> 
     </span>
    </p>
   </div>
   <div class='ocr_carea' id='block_1_5' title="bbox 379 418 1964 531">
    <p class='ocr_par' dir='ltr' id='par_1_5' title="bbox 379 418 1964 504">
     <span class='ocr_line' id='line_1_5' title="bbox 379 418 1964 504; baseline 0.004 -17"><span class='ocrx_word' id='word_1_7' title='bbox 379 433 610 487; x_wconf 82' lang='lat' dir='ltr'><strong>exuvias</strong></span> <span class='ocrx_word' id='word_1_8' title='bbox 635 430 1018 485; x_wconf 79' lang='lat' dir='ltr'><strong>detraxerunt.</strong></span> <span class='ocrx_word' id='word_1_9' title='bbox 1046 431 1113 484; x_wconf 84' lang='lat' dir='ltr'><strong>At</strong></span> <span class='ocrx_word' id='word_1_10' title='bbox 1144 447 1276 487; x_wconf 87' lang='lat' dir='ltr'><strong>vero</strong></span> <span class='ocrx_word' id='word_1_11' title='bbox 1300 434 1584 504; x_wconf 74' lang='lat' dir='ltr'><strong>magister,</strong></span> <span class='ocrx_word' id='word_1_12' title='bbox 1618 418 1747 490; x_wconf 86' lang='lat' dir='ltr'><strong>belli</strong></span> <span class='ocrx_word' id='word_1_13' title='bbox 1767 447 1964 493; x_wconf 90' lang='lat' dir='ltr'><strong>eventu</strong></span> 
     </span>
    </p>
   </div>
   <div class='ocr_carea' id='block_1_6' title="bbox 2070 418 3648 531">
    <p class='ocr_par' dir='ltr' id='par_1_6' title="bbox 2070 418 3648 531">
     <span class='ocr_line' id='line_1_6' title="bbox 2070 418 3648 531; baseline 0.016 -40"><span class='ocrx_word' id='word_1_14' title='bbox 2070 437 2222 513; x_wconf 79' lang='grc' dir='ltr'>λέμῳ</span> <span class='ocrx_word' id='word_1_15' title='bbox 2249 445 2276 495; x_wconf 84' lang='grc' dir='ltr'>ὁ</span> <span class='ocrx_word' id='word_1_16' title='bbox 2319 445 2643 518; x_wconf 85' lang='grc' dir='ltr'>μάγιστρος,</span> <span class='ocrx_word' id='word_1_17' title='bbox 2677 447 2918 519; x_wconf 84' lang='grc' dir='ltr'>ἐδήλωσε</span> <span class='ocrx_word' id='word_1_18' title='bbox 2961 449 3042 522; x_wconf 82' lang='grc' dir='ltr'>τῷ</span> <span class='ocrx_word' id='word_1_19' title='bbox 3069 453 3287 523; x_wconf 86' lang='grc' dir='ltr'>βασιλεῖ</span> <span class='ocrx_word' id='word_1_20' title='bbox 3341 456 3648 531; x_wconf 86' lang='grc' dir='ltr'>Ῥωμαίων.</span> 
     </span>
    </p>
   </div>
   <div class='ocr_carea' id='block_1_7' title="bbox 381 521 1966 592">
    <p class='ocr_par' dir='ltr' id='par_1_7' title="bbox 381 521 1966 592">
     <span class='ocr_line' id='line_1_7' title="bbox 381 521 1966 592; baseline 0.004 -14"><span class='ocrx_word' id='word_1_21' title='bbox 381 522 594 587; x_wconf 90' lang='lat' dir='ltr'><strong>audito,</strong></span> <span class='ocrx_word' id='word_1_22' title='bbox 633 523 1022 591; x_wconf 74' lang='lat' dir='ltr'><strong>imperatorem</strong></span> <span class='ocrx_word' id='word_1_23' title='bbox 1053 521 1122 577; x_wconf 90' lang='lat' dir='ltr'><strong>de</strong></span> <span class='ocrx_word' id='word_1_24' title='bbox 1157 538 1224 578; x_wconf 92' lang='lat' dir='ltr'><strong>eo</strong></span> <span class='ocrx_word' id='word_1_25' title='bbox 1263 539 1361 592; x_wconf 88' lang='lat' dir='ltr'><strong>per</strong></span> <span class='ocrx_word' id='word_1_26' title='bbox 1417 525 1632 582; x_wconf 89' lang='lat' dir='ltr'><strong>litteras</strong></span> <span class='ocrx_word' id='word_1_27' title='bbox 1672 530 1966 584; x_wconf 81' lang='lat' dir='ltr'><strong>certiorem</strong></span> 
     </span>
    </p>
   </div>
   <div class='ocr_carea' id='block_1_8' title="bbox 381 613 1968 683">
    <p class='ocr_par' dir='ltr' id='par_1_8' title="bbox 381 613 1968 683">
     <span class='ocr_line' id='line_1_8' title="bbox 381 613 1968 683; baseline 0.004 -15"><span class='ocrx_word' id='word_1_28' title='bbox 381 615 534 670; x_wconf 77' lang='lat' dir='ltr'><strong>fecit.</strong></span> <span class='ocrx_word' id='word_1_29' title='bbox 570 613 918 668; x_wconf 87' lang='lat' dir='ltr'><strong>Justiuianus</strong></span> <span class='ocrx_word' id='word_1_30' title='bbox 959 621 1138 666; x_wconf 89' lang='lat' dir='ltr'><strong>autem</strong></span> <span class='ocrx_word' id='word_1_31' title='bbox 1193 615 1514 683; x_wconf 76' lang='lat' dir='ltr'><strong>imperator,</strong></span> <span class='ocrx_word' id='word_1_32' title='bbox 1560 618 1764 673; x_wconf 90' lang='lat' dir='ltr'><strong>litteris</strong></span> <span class='ocrx_word' id='word_1_33' title='bbox 1803 635 1968 674; x_wconf 89' lang='lat' dir='ltr'><strong>acce-</strong></span> 
     </span>
    </p>
   </div>
   <div class='ocr_carea' id='block_1_9' title="bbox 379 705 1970 782">
    <p class='ocr_par' dir='ltr' id='par_1_9' title="bbox 379 705 1970 782">
     <span class='ocr_line' id='line_1_9' title="bbox 379 705 1970 782; baseline 0.004 -24"><span class='ocrx_word' id='word_1_34' title='bbox 379 708 490 774; x_wconf 89' lang='lat' dir='ltr'><strong>ptis</strong></span> <span class='ocrx_word' id='word_1_35' title='bbox 549 707 938 774; x_wconf 77' lang='lat' dir='ltr'><strong>perlectiSque,</strong></span> <span class='ocrx_word' id='word_1_36' title='bbox 979 705 1193 767; x_wconf 80' lang='lat' dir='ltr'><strong>Tzittae,</strong></span> <span class='ocrx_word' id='word_1_37' title='bbox 1229 709 1520 776; x_wconf 69' lang='lat' dir='ltr'><strong>prtesentis</strong></span> <span class='ocrx_word' id='word_1_38' title='bbox 1546 710 1756 764; x_wconf 68' lang='lat' dir='ltr'><strong>militia:</strong></span> <span class='ocrx_word' id='word_1_39' title='bbox 1793 712 1970 782; x_wconf 79' lang='lat' dir='ltr'><strong>magi-</strong></span> 
     </span>
    </p>
   </div>
   <div class='ocr_carea' id='block_1_10' title="bbox 377 797 1968 872">
    <p class='ocr_par' dir='ltr' id='par_1_10' title="bbox 377 797 1968 872">
     <span class='ocr_line' id='line_1_10' title="bbox 377 797 1968 872; baseline 0.003 -22"><span class='ocrx_word' id='word_1_40' title='bbox 377 808 516 854; x_wconf 74' lang='lat' dir='ltr'><strong>atro.</strong></span> <span class='ocrx_word' id='word_1_41' title='bbox 547 798 600 850; x_wconf 92' lang='lat' dir='ltr'><strong>in</strong></span> <span class='ocrx_word' id='word_1_42' title='bbox 647 797 908 850; x_wconf 81' lang='lat' dir='ltr'><strong>Armenia</strong></span> <span class='ocrx_word' id='word_1_43' title='bbox 949 799 1192 867; x_wconf 80' lang='lat' dir='ltr'><strong>degenti,</strong></span> <span class='ocrx_word' id='word_1_44' title='bbox 1228 815 1353 872; x_wconf 85' lang='lat' dir='ltr'><strong>per_</strong></span> <span class='ocrx_word' id='word_1_45' title='bbox 1385 799 1603 852; x_wconf 79' lang='lat' dir='ltr'><strong>litteras</strong></span> <span class='ocrx_word' id='word_1_46' title='bbox 1630 801 1887 870; x_wconf 87' lang='lat' dir='ltr'><strong>imperat,</strong></span> <span class='ocrx_word' id='word_1_47' title='bbox 1915 803 1968 855; x_wconf 91' lang='lat' dir='ltr'><strong>in</strong></span> 
     </span>
    </p>
   </div>
   <div class='ocr_carea' id='block_1_11' title="bbox 377 891 1966 962">
    <p class='ocr_par' dir='ltr' id='par_1_11' title="bbox 377 891 1966 962">
     <span class='ocr_line' id='line_1_11' title="bbox 377 891 1966 962; baseline 0.004 -18"><span class='ocrx_word' id='word_1_48' title='bbox 377 891 660 944; x_wconf 89' lang='lat' dir='ltr'><strong>Orientem</strong></span> <span class='ocrx_word' id='word_1_49' title='bbox 699 891 1004 959; x_wconf 84' lang='lat' dir='ltr'><strong>profectus,</strong></span> <span class='ocrx_word' id='word_1_50' title='bbox 1029 892 1152 943; x_wconf 87' lang='lat' dir='ltr'><strong>belli</strong></span> <span class='ocrx_word' id='word_1_51' title='bbox 1185 907 1244 944; x_wconf 91' lang='lat' dir='ltr'><strong>se</strong></span> <span class='ocrx_word' id='word_1_52' title='bbox 1269 893 1480 945; x_wconf 90' lang='lat' dir='ltr'><strong>socium</strong></span> <span class='ocrx_word' id='word_1_53' title='bbox 1516 901 1574 946; x_wconf 92' lang='lat' dir='ltr'><strong>ut</strong></span> <span class='ocrx_word' id='word_1_54' title='bbox 1595 894 1920 962; x_wconf 81' lang='lat' dir='ltr'><strong>adjungeret</strong></span> <span class='ocrx_word' id='word_1_55' title='bbox 1951 912 1966 950; x_wconf 91' lang='lat'><strong>:</strong></span> 
     </span>
    </p>
   </div>
   <div class='ocr_carea' id='block_1_12' title="bbox 378 981 1970 1054">
    <p class='ocr_par' dir='ltr' id='par_1_12' title="bbox 378 981 1970 1054">
     <span class='ocr_line' id='line_1_12' title="bbox 378 981 1970 1054; baseline 0.003 -20"><span class='ocrx_word' id='word_1_56' title='bbox 378 984 472 1052; x_wconf 86' lang='lat' dir='ltr'><strong>qui</strong></span> <span class='ocrx_word' id='word_1_57' title='bbox 511 993 563 1034; x_wconf 86' lang='lat' dir='ltr'><strong>et</strong></span> <span class='ocrx_word' id='word_1_58' title='bbox 613 982 866 1052; x_wconf 80' lang='lat' dir='ltr'><strong>regiones</strong></span> <span class='ocrx_word' id='word_1_59' title='bbox 902 981 1151 1035; x_wconf 86' lang='lat' dir='ltr'><strong>Persicas</strong></span> <span class='ocrx_word' id='word_1_60' title='bbox 1207 984 1534 1050; x_wconf 76' lang='lat' dir='ltr'><strong>occupavit;</strong></span> <span class='ocrx_word' id='word_1_61' title='bbox 1582 985 1970 1054; x_wconf 74' lang='lat' dir='ltr'><strong>Armeniteque</strong></span> 
     </span>
    </p>
   </div>
   <div class='ocr_carea' id='block_1_13' title="bbox 378 1072 1972 1144">
    <p class='ocr_par' dir='ltr' id='par_1_13' title="bbox 378 1072 1972 1144">
     <span class='ocr_line' id='line_1_13' title="bbox 378 1072 1972 1144; baseline 0.001 -18"><span class='ocrx_word' id='word_1_62' title='bbox 378 1075 660 1127; x_wconf 81' lang='lat' dir='ltr'><strong>montibus</strong></span> <span class='ocrx_word' id='word_1_63' title='bbox 696 1075 1004 1144; x_wconf 87' lang='lat' dir='ltr'><strong>superatis,</strong></span> <span class='ocrx_word' id='word_1_64' title='bbox 1037 1075 1100 1126; x_wconf 88' lang='lat' dir='ltr'><strong>ad</strong></span> <span class='ocrx_word' id='word_1_65' title='bbox 1137 1072 1425 1127; x_wconf 82' lang='lat' dir='ltr'><strong>Samosata</strong></span> <span class='ocrx_word' id='word_1_66' title='bbox 1473 1076 1740 1143; x_wconf 74' lang='lat' dir='ltr'><strong>pervenit.</strong></span> <span class='ocrx_word' id='word_1_67' title='bbox 1799 1075 1972 1140; x_wconf 86' lang='lat' dir='ltr'><strong>Quin-</strong></span> 
     </span>
    </p>
   </div>
   <div class='ocr_carea' id='block_1_14' title="bbox 377 1166 1968 1233">
    <p class='ocr_par' dir='ltr' id='par_1_14' title="bbox 377 1166 1968 1233">
     <span class='ocr_line' id='line_1_14' title="bbox 377 1166 1968 1233; baseline 0.002 -15"><span class='ocrx_word' id='word_1_68' title='bbox 377 1166 540 1218; x_wconf 84' lang='lat' dir='ltr'><strong>etiam</strong></span> <span class='ocrx_word' id='word_1_69' title='bbox 578 1167 879 1232; x_wconf 86' lang='lat' dir='ltr'><strong>imperator</strong></span> <span class='ocrx_word' id='word_1_70' title='bbox 910 1166 1348 1220; x_wconf 73' lang='lat' dir='ltr'><strong>Constantiolmu</strong></span> <span class='ocrx_word' id='word_1_71' title='bbox 1377 1166 1656 1233; x_wconf 74' lang='lat' dir='ltr'><strong>expedivit</strong></span> <span class='ocrx_word' id='word_1_72' title='bbox 1684 1169 1738 1220; x_wconf 91' lang='lat' dir='ltr'><strong>in</strong></span> <span class='ocrx_word' id='word_1_73' title='bbox 1769 1167 1968 1221; x_wconf 89' lang='lat' dir='ltr'><strong>Orien-</strong></span> 
     </span>
    </p>
   </div>
   <div class='ocr_carea' id='block_1_15' title="bbox 380 1255 1969 1323">
    <p class='ocr_par' dir='ltr' id='par_1_15' title="bbox 380 1255 1969 1323">
     <span class='ocr_line' id='line_1_15' title="bbox 380 1255 1969 1323; baseline 0.004 -17"><span class='ocrx_word' id='word_1_74' title='bbox 380 1262 524 1319; x_wconf 87' lang='lat' dir='ltr'><strong>tem;</strong></span> <span class='ocrx_word' id='word_1_75' title='bbox 563 1257 656 1322; x_wconf 92' lang='lat' dir='ltr'><strong>qui</strong></span> <span class='ocrx_word' id='word_1_76' title='bbox 723 1270 905 1307; x_wconf 89' lang='lat' dir='ltr'><strong>rerum</strong></span> <span class='ocrx_word' id='word_1_77' title='bbox 970 1255 1023 1306; x_wconf 92' lang='lat' dir='ltr'><strong>iu</strong></span> <span class='ocrx_word' id='word_1_78' title='bbox 1057 1255 1202 1307; x_wconf 84' lang='lat' dir='ltr'><strong>bello</strong></span> <span class='ocrx_word' id='word_1_79' title='bbox 1235 1263 1514 1323; x_wconf 75' lang='lat' dir='ltr'><strong>gestarum</strong></span> <span class='ocrx_word' id='word_1_80' title='bbox 1535 1257 1732 1310; x_wconf 83' lang='lat' dir='ltr'><strong>seriem</strong></span> <span class='ocrx_word' id='word_1_81' title='bbox 1762 1257 1969 1312; x_wconf 85' lang='lat' dir='ltr'><strong>certius</strong></span> 
     </span>
    </p>
   </div>
   <div class='ocr_carea' id='block_1_16' title="bbox 379 1343 1971 1414">
    <p class='ocr_par' dir='ltr' id='par_1_16' title="bbox 379 1343 1971 1414">
     <span class='ocr_line' id='line_1_16' title="bbox 379 1343 1971 1414; baseline 0.004 -15"><span class='ocrx_word' id='word_1_82' title='bbox 379 1347 709 1414; x_wconf 73' lang='lat' dir='ltr'><strong>exploraret.</strong></span> <span class='ocrx_word' id='word_1_83' title='bbox 739 1347 838 1398; x_wconf 87' lang='lat' dir='ltr'><strong>Hic</strong></span> <span class='ocrx_word' id='word_1_84' title='bbox 859 1348 1040 1414; x_wconf 87' lang='lat' dir='ltr'><strong>itaque</strong></span> <span class='ocrx_word' id='word_1_85' title='bbox 1054 1349 1398 1400; x_wconf 79' lang='lat' dir='ltr'><strong>Antiochiam</strong></span> <span class='ocrx_word' id='word_1_86' title='bbox 1426 1343 1670 1408; x_wconf 77' lang='lat' dir='ltr'><strong>veniens.</strong></span> <span class='ocrx_word' id='word_1_87' title='bbox 1694 1349 1971 1406; x_wconf 82' lang='lat' dir='ltr'><strong>Retnano-</strong></span> 
     </span>
    </p>
   </div>
   <div class='ocr_carea' id='block_1_17' title="bbox 380 1439 1968 1506">
    <p class='ocr_par' dir='ltr' id='par_1_17' title="bbox 380 1439 1968 1506">
     <span class='ocr_line' id='line_1_17' title="bbox 380 1439 1968 1506; baseline 0.005 -17"><span class='ocrx_word' id='word_1_88' title='bbox 380 1452 500 1490; x_wconf 87' lang='lat' dir='ltr'><strong>rum</strong></span> <span class='ocrx_word' id='word_1_89' title='bbox 531 1439 805 1500; x_wconf 83' lang='lat' dir='ltr'><strong>_exarchos</strong></span> <span class='ocrx_word' id='word_1_90' title='bbox 855 1455 1055 1493; x_wconf 86' lang='lat' dir='ltr'><strong>versus</strong></span> <span class='ocrx_word' id='word_1_91' title='bbox 1089 1440 1218 1493; x_wconf 88' lang='lat' dir='ltr'><strong>inde</strong></span> <span class='ocrx_word' id='word_1_92' title='bbox 1250 1441 1408 1494; x_wconf 82' lang='lat' dir='ltr'><strong>ducit</strong></span> <span class='ocrx_word' id='word_1_93' title='bbox 1443 1441 1578 1506; x_wconf 89' lang='lat' dir='ltr'><strong>iter;</strong></span> <span class='ocrx_word' id='word_1_94' title='bbox 1607 1458 1720 1496; x_wconf 87' lang='lat' dir='ltr'><strong>rem</strong></span> <span class='ocrx_word' id='word_1_95' title='bbox 1751 1459 1968 1497; x_wconf 91' lang='lat' dir='ltr'><strong>omnem</strong></span> 
     </span>
    </p>
   </div>
   <div class='ocr_carea' id='block_1_18' title="bbox 381 1531 1964 1605">
    <p class='ocr_par' dir='ltr' id='par_1_18' title="bbox 381 1531 1964 1605">
     <span class='ocr_line' id='line_1_18' title="bbox 381 1531 1964 1605; baseline 0.006 -22"><span class='ocrx_word' id='word_1_96' title='bbox 381 1531 460 1583; x_wconf 91' lang='lat' dir='ltr'><strong>uti</strong></span> <span class='ocrx_word' id='word_1_97' title='bbox 497 1543 649 1598; x_wconf 75' lang='lat' dir='ltr'><strong>chIa</strong></span> <span class='ocrx_word' id='word_1_98' title='bbox 706 1532 900 1594; x_wconf 81' lang='lat' dir='ltr'><strong>fuerit,</strong></span> <span class='ocrx_word' id='word_1_99' title='bbox 941 1549 1038 1600; x_wconf 88' lang='lat' dir='ltr'><strong>pro</strong></span> <span class='ocrx_word' id='word_1_100' title='bbox 1069 1535 1302 1586; x_wconf 79' lang='lat' dir='ltr'><strong>veritate</strong></span> <span class='ocrx_word' id='word_1_101' title='bbox 1331 1535 1465 1602; x_wconf 80' lang='lat' dir='ltr'><strong>ejus</strong></span> <span class='ocrx_word' id='word_1_102' title='bbox 1509 1535 1964 1605; x_wconf 76' lang='lat' dir='ltr'><strong>investigattrrus.</strong></span> 
     </span>
    </p>
   </div>
   <div class='ocr_carea' id='block_1_19' title="bbox 451 1621 1964 1704">
    <p class='ocr_par' dir='ltr' id='par_1_19' title="bbox 451 1621 1964 1704">
     <span class='ocr_line' id='line_1_19' title="bbox 451 1621 1964 1704; baseline 0.007 -28"><span class='ocrx_word' id='word_1_103' title='bbox 451 1621 658 1704; x_wconf 64' lang='lat' dir='ltr'><strong>Eodem</strong></span> <span class='ocrx_word' id='word_1_104' title='bbox 716 1633 963 1692; x_wconf 89' lang='lat' dir='ltr'><strong>tempore</strong></span> <span class='ocrx_word' id='word_1_105' title='bbox 1025 1625 1304 1690; x_wconf 81' lang='lat' dir='ltr'><strong>Julianus,</strong></span> <span class='ocrx_word' id='word_1_106' title='bbox 1346 1631 1608 1696; x_wconf 65' lang='lat' dir='ltr'><strong>praetorio</strong></span> <span class='ocrx_word' id='word_1_107' title='bbox 1645 1631 1964 1700; x_wconf 71' lang='lat' dir='ltr'><strong>prtul&#39;ecttts,</strong></span> 
     </span>
    </p>
   </div>
   <div class='ocr_carea' id='block_1_20' title="bbox 340 1711 1964 1788">
    <p class='ocr_par' dir='ltr' id='par_1_20' title="bbox 340 1711 1964 1788">
     <span class='ocr_line' id='line_1_20' title="bbox 340 1711 1964 1788; baseline 0.007 -26"><span class='ocrx_word' id='word_1_108' title='bbox 340 1731 342 1733; x_wconf 49' lang='grc' dir='ltr'><strong>ν</strong></span> <span class='ocrx_word' id='word_1_109' title='bbox 381 1711 646 1778; x_wconf 77' lang='lat' dir='ltr'><strong>dignitate</strong></span> <span class='ocrx_word' id='word_1_110' title='bbox 669 1727 768 1764; x_wconf 90' lang='lat' dir='ltr'><strong>sua</strong></span> <span class='ocrx_word' id='word_1_111' title='bbox 800 1726 1001 1767; x_wconf 80' lang='lat' dir='ltr'><strong>exutus</strong></span> <span class='ocrx_word' id='word_1_112' title='bbox 1028 1723 1109 1768; x_wconf 85' lang='lat' dir='ltr'><strong>est</strong></span> <span class='ocrx_word' id='word_1_113' title='bbox 1141 1731 1156 1768; x_wconf 88' lang='lat'><strong>:</strong></span> <span class='ocrx_word' id='word_1_114' title='bbox 1199 1726 1252 1770; x_wconf 86' lang='lat' dir='ltr'><strong>et</strong></span> <span class='ocrx_word' id='word_1_115' title='bbox 1277 1713 1522 1773; x_wconf 81' lang='lat' dir='ltr'><strong>Joannes</strong></span> <span class='ocrx_word' id='word_1_116' title='bbox 1565 1717 1862 1788; x_wconf 69' lang='lat' dir='ltr'><strong>Cappadox</strong></span> <span class='ocrx_word' id='word_1_117' title='bbox 1909 1719 1964 1774; x_wconf 89' lang='lat' dir='ltr'><strong>in</strong></span> 
     </span>
    </p>
   </div>
   <div class='ocr_carea' id='block_1_21' title="bbox 382 1804 1042 1872">
    <p class='ocr_par' dir='ltr' id='par_1_21' title="bbox 382 1804 1042 1872">
     <span class='ocr_line' id='line_1_21' title="bbox 382 1804 1042 1872; baseline 0.005 -16"><span class='ocrx_word' id='word_1_118' title='bbox 382 1804 565 1858; x_wconf 86' lang='lat' dir='ltr'><strong>locum</strong></span> <span class='ocrx_word' id='word_1_119' title='bbox 597 1805 716 1872; x_wconf 88' lang='lat' dir='ltr'><strong>ejus</strong></span> <span class='ocrx_word' id='word_1_120' title='bbox 752 1806 1042 1860; x_wconf 85' lang='lat' dir='ltr'><strong>suﬂ&#39;cetus.</strong></span> 
     </span>
    </p>
   </div>
   <div class='ocr_carea' id='block_1_22' title="bbox 451 1897 1970 1971">
    <p class='ocr_par' dir='ltr' id='par_1_22' title="bbox 451 1897 1970 1971">
     <span class='ocr_line' id='line_1_22' title="bbox 451 1897 1970 1971; baseline 0.006 -19"><span class='ocrx_word' id='word_1_121' title='bbox 451 1897 722 1952; x_wconf 71' lang='lat' dir='ltr'><strong>Caeterum</strong></span> <span class='ocrx_word' id='word_1_122' title='bbox 774 1898 1070 1952; x_wconf 78' lang='lat' dir='ltr'><strong>Persarum</strong></span> <span class='ocrx_word' id='word_1_123' title='bbox 1130 1901 1325 1960; x_wconf 86' lang='lat' dir='ltr'><strong>duces.</strong></span> <span class='ocrx_word' id='word_1_124' title='bbox 1391 1901 1570 1971; x_wconf 82' lang='lat' dir='ltr'><strong>copiis</strong></span> <span class='ocrx_word' id='word_1_125' title='bbox 1627 1903 1867 1960; x_wconf 80' lang='lat' dir='ltr'><strong>Persicis</strong></span> <span class='ocrx_word' id='word_1_126' title='bbox 1912 1915 1970 1960; x_wconf 90' lang='lat' dir='ltr'><strong>et</strong></span> 
     </span>
    </p>
   </div>
   <div class='ocr_carea' id='block_1_23' title="bbox 383 1988 2009 2063">
    <p class='ocr_par' dir='ltr' id='par_1_23' title="bbox 383 1988 2009 2063">
     <span class='ocr_line' id='line_1_23' title="bbox 383 1988 2009 2063; baseline 0.004 -18"><span class='ocrx_word' id='word_1_127' title='bbox 383 1988 735 2045; x_wconf 88' lang='lat' dir='ltr'><strong>Saracenicis</strong></span> <span class='ocrx_word' id='word_1_128' title='bbox 767 1993 1043 2052; x_wconf 87' lang='lat' dir='ltr'><strong>instructi,</strong></span> <span class='ocrx_word' id='word_1_129' title='bbox 1081 1992 1420 2048; x_wconf 75' lang='lat' dir='ltr'><strong>Osdroenam</strong></span> <span class='ocrx_word' id='word_1_130' title='bbox 1472 1996 1838 2063; x_wconf 74' lang='lat' dir='ltr'><strong>invaserunt;</strong></span> <span class='ocrx_word' id='word_1_131' title='bbox 1874 2012 1970 2051; x_wconf 79' lang='lat' dir='ltr'><strong>ca-</strong></span> <span class='ocrx_word' id='word_1_132' title='bbox 2004 2027 2009 2033; x_wconf 93' lang='lat'><strong><em>-</em></strong></span> 
     </span>
    </p>
   </div>
   <div class='ocr_carea' id='block_1_24' title="bbox 380 2083 1966 2154">
    <p class='ocr_par' dir='ltr' id='par_1_24' title="bbox 380 2083 1966 2154">
     <span class='ocr_line' id='line_1_24' title="bbox 380 2083 1966 2154; baseline 0.003 -16"><span class='ocrx_word' id='word_1_133' title='bbox 380 2085 654 2150; x_wconf 81' lang='lat' dir='ltr'><strong>stelloque</strong></span> <span class='ocrx_word' id='word_1_134' title='bbox 712 2083 786 2136; x_wconf 88' lang='lat' dir='ltr'><strong>ibi</strong></span> <span class='ocrx_word' id='word_1_135' title='bbox 843 2085 1152 2154; x_wconf 82' lang='lat' dir='ltr'><strong>Ahgersato</strong></span> <span class='ocrx_word' id='word_1_136' title='bbox 1199 2085 1390 2154; x_wconf 90' lang='lat' dir='ltr'><strong>(quod</strong></span> <span class='ocrx_word' id='word_1_137' title='bbox 1437 2093 1792 2142; x_wconf 77' lang='lat' dir='ltr'><strong>cxstruxerat</strong></span> <span class='ocrx_word' id='word_1_138' title='bbox 1828 2089 1966 2144; x_wconf 92' lang='lat' dir='ltr'><strong>olim</strong></span> 
     </span>
    </p>
   </div>
   <div class='ocr_carea' id='block_1_25' title="bbox 377 2155 1966 2252">
    <p class='ocr_par' dir='ltr' id='par_1_25' title="bbox 377 2155 1966 2252">
     <span class='ocr_line' id='line_1_25' title="bbox 377 2155 1966 2252; baseline 0.007 -25"><span class='ocrx_word' id='word_1_139' title='bbox 377 2155 670 2244; x_wconf 54' lang='grc' dir='ltr'>Λυδίη-ηεξ</span> <span class='ocrx_word' id='word_1_140' title='bbox 713 2175 1128 2231; x_wconf 78' lang='lat' dir='ltr'><strong>Osdroenorum</strong></span> <span class='ocrx_word' id='word_1_141' title='bbox 1180 2179 1334 2232; x_wconf 90' lang='lat' dir='ltr'><strong>urbis</strong></span> <span class='ocrx_word' id='word_1_142' title='bbox 1375 2180 1660 2248; x_wconf 89' lang='lat' dir='ltr'><strong>toparcba,</strong></span> <span class='ocrx_word' id='word_1_143' title='bbox 1697 2197 1966 2252; x_wconf 86' lang='lat' dir='ltr'><strong>muroque</strong></span> 
     </span>
    </p>
   </div>
   <div class='ocr_carea' id='block_1_26' title="bbox 379 2269 1961 2334">
    <p class='ocr_par' dir='ltr' id='par_1_26' title="bbox 379 2269 1961 2334">
     <span class='ocr_line' id='line_1_26' title="bbox 379 2269 1961 2334; baseline 0.006 -14"><span class='ocrx_word' id='word_1_144' title='bbox 379 2269 633 2321; x_wconf 80' lang='lat' dir='ltr'><strong>cinxerat</strong></span> <span class='ocrx_word' id='word_1_145' title='bbox 667 2269 975 2334; x_wconf 77' lang='lat' dir='ltr'><strong>latericio),</strong></span> <span class='ocrx_word' id='word_1_146' title='bbox 1010 2271 1336 2323; x_wconf 88' lang='lat' dir='ltr'><strong>incubantes</strong></span> <span class='ocrx_word' id='word_1_147' title='bbox 1365 2271 1631 2325; x_wconf 76' lang='lat' dir='ltr'><strong>fossatum</strong></span> <span class='ocrx_word' id='word_1_148' title='bbox 1663 2273 1961 2329; x_wconf 68' lang='lat' dir='ltr'><strong>duxerunt.</strong></span> 
     </span>
    </p>
   </div>
   <div class='ocr_carea' id='block_1_27' title="bbox 379 2359 1965 2438">
    <p class='ocr_par' dir='ltr' id='par_1_27' title="bbox 379 2359 1965 2438">
     <span class='ocr_line' id='line_1_27' title="bbox 379 2359 1965 2438; baseline 0.006 -26"><span class='ocrx_word' id='word_1_149' title='bbox 379 2359 484 2426; x_wconf 84' lang='lat' dir='ltr'><strong>Qui</strong></span> <span class='ocrx_word' id='word_1_150' title='bbox 523 2371 705 2414; x_wconf 86' lang='lat' dir='ltr'><strong>autem</strong></span> <span class='ocrx_word' id='word_1_151' title='bbox 741 2363 882 2414; x_wconf 91' lang='lat' dir='ltr'><strong>intra</strong></span> <span class='ocrx_word' id='word_1_152' title='bbox 937 2363 1223 2438; x_wconf 70' lang='lat' dir='ltr'><strong>castellum</strong></span> <span class='ocrx_word' id='word_1_153' title='bbox 1254 2364 1531 2432; x_wconf 84' lang='lat' dir='ltr'><strong>agebant,</strong></span> <span class='ocrx_word' id='word_1_154' title='bbox 1569 2366 1693 2419; x_wconf 87' lang='lat' dir='ltr'><strong>telis</strong></span> <span class='ocrx_word' id='word_1_155' title='bbox 1723 2367 1965 2438; x_wconf 84' lang='lat' dir='ltr'><strong>desuper</strong></span> 
     </span>
    </p>
   </div>
   <div class='ocr_carea' id='block_1_28' title="bbox 381 2436 1952 2528">
    <p class='ocr_par' dir='ltr' id='par_1_28' title="bbox 381 2436 1952 2528">
     <span class='ocr_line' id='line_1_28' title="bbox 381 2436 1952 2528; baseline 0.007 -27"><span class='ocrx_word' id='word_1_156' title='bbox 577 2453 822 2516; x_wconf 81' lang='lat' dir='ltr'><strong>emissis,</strong></span> <span class='ocrx_word' id='word_1_157' title='bbox 849 2452 994 2505; x_wconf 87' lang='lat' dir='ltr'><strong>mille</strong></span> <span class='ocrx_word' id='word_1_158' title='bbox 1021 2436 1314 2506; x_wconf 77' lang='lat' dir='ltr'><strong>Persarum</strong></span> <span class='ocrx_word' id='word_1_159' title='bbox 1337 2456 1456 2509; x_wconf 87' lang='lat' dir='ltr'><strong>neci</strong></span> <span class='ocrx_word' id='word_1_160' title='bbox 1483 2455 1750 2510; x_wconf 84' lang='lat' dir='ltr'><strong>dederunt</strong></span> <span class='ocrx_word' id='word_1_161' title='bbox 1791 2472 1805 2510; x_wconf 91' lang='lat'><strong>:</strong></span> <span class='ocrx_word' id='word_1_162' title='bbox 1835 2436 1952 2528; x_wconf 75' lang='lat' dir='ltr'><strong>spi-</strong></span> 
     </span>
    </p>
   </div>
   <div class='ocr_carea' id='block_1_29' title="bbox 379 2540 1962 2612">
    <p class='ocr_par' dir='ltr' id='par_1_29' title="bbox 379 2540 1962 2612">
     <span class='ocr_line' id='line_1_29' title="bbox 379 2540 1962 2612; baseline 0.009 -20"><span class='ocrx_word' id='word_1_163' title='bbox 379 2543 523 2592; x_wconf 80' lang='lat' dir='ltr'><strong>CllllS</strong></span> <span class='ocrx_word' id='word_1_164' title='bbox 593 2554 724 2592; x_wconf 88' lang='lat' dir='ltr'><strong>vero</strong></span> <span class='ocrx_word' id='word_1_165' title='bbox 758 2540 976 2593; x_wconf 89' lang='lat' dir='ltr'><strong>demum</strong></span> <span class='ocrx_word' id='word_1_166' title='bbox 1031 2542 1440 2606; x_wconf 74' lang='lat' dir='ltr'><strong>deficientibus,</strong></span> <span class='ocrx_word' id='word_1_167' title='bbox 1493 2543 1680 2600; x_wconf 77' lang='lat' dir='ltr'><strong>fundis</strong></span> <span class='ocrx_word' id='word_1_168' title='bbox 1728 2548 1835 2612; x_wconf 89' lang='lat' dir='ltr'><strong>usi,</strong></span> <span class='ocrx_word' id='word_1_169' title='bbox 1876 2551 1962 2606; x_wconf 86' lang='lat' dir='ltr'><strong>vel</strong></span> 
     </span>
    </p>
   </div>
   <div class='ocr_carea' id='block_1_30' title="bbox 381 2627 1963 2708">
    <p class='ocr_par' dir='ltr' id='par_1_30' title="bbox 381 2627 1963 2708">
     <span class='ocr_line' id='line_1_30' title="bbox 381 2627 1963 2708; baseline 0.001 -26"><span class='ocrx_word' id='word_1_170' title='bbox 381 2627 462 2682; x_wconf 86' lang='lat' dir='ltr'><strong>sic</strong></span> <span class='ocrx_word' id='word_1_171' title='bbox 504 2629 668 2682; x_wconf 84' lang='lat' dir='ltr'><strong>etiam</strong></span> <span class='ocrx_word' id='word_1_172' title='bbox 723 2629 864 2683; x_wconf 88' lang='lat' dir='ltr'><strong>bene</strong></span> <span class='ocrx_word' id='word_1_173' title='bbox 912 2631 1114 2683; x_wconf 85' lang='lat' dir='ltr'><strong>multos</strong></span> <span class='ocrx_word' id='word_1_174' title='bbox 1163 2634 1546 2688; x_wconf 78' lang='lat' dir='ltr'><strong>confecerunt.</strong></span> <span class='ocrx_word' id='word_1_175' title='bbox 1582 2635 1642 2688; x_wconf 90' lang='lat' dir='ltr'><strong>lu</strong></span> <span class='ocrx_word' id='word_1_176' title='bbox 1676 2640 1963 2708; x_wconf 80' lang='lat' dir='ltr'><strong>angustias</strong></span> 
     </span>
    </p>
   </div>
   <div class='ocr_carea' id='block_1_31' title="bbox 380 2718 1959 2801">
    <p class='ocr_par' dir='ltr' id='par_1_31' title="bbox 380 2718 1959 2801">
     <span class='ocr_line' id='line_1_31' title="bbox 380 2718 1959 2801; baseline 0.01 -30"><span class='ocrx_word' id='word_1_177' title='bbox 380 2718 776 2790; x_wconf 64' lang='lat' dir='ltr'><strong>igiturJ’crsa:</strong></span> <span class='ocrx_word' id='word_1_178' title='bbox 808 2721 1042 2786; x_wconf 88' lang='lat' dir='ltr'><strong>redacti,</strong></span> <span class='ocrx_word' id='word_1_179' title='bbox 1079 2725 1260 2776; x_wconf 83' lang='lat' dir='ltr'><strong>varias</strong></span> <span class='ocrx_word' id='word_1_180' title='bbox 1289 2734 1590 2795; x_wconf 86' lang='lat' dir='ltr'><strong>capessunt</strong></span> <span class='ocrx_word' id='word_1_181' title='bbox 1626 2732 1914 2787; x_wconf 86' lang='lat' dir='ltr'><strong>machinas</strong></span> <span class='ocrx_word' id='word_1_182' title='bbox 1943 2751 1959 2801; x_wconf 91' lang='lat'><strong>;</strong></span> 
     </span>
    </p>
   </div>
   <div class='ocr_carea' id='block_1_32' title="bbox 379 2815 1962 2892">
    <p class='ocr_par' dir='ltr' id='par_1_32' title="bbox 379 2815 1962 2892">
     <span class='ocr_line' id='line_1_32' title="bbox 379 2815 1962 2892; baseline 0.008 -22"><span class='ocrx_word' id='word_1_183' title='bbox 379 2815 728 2884; x_wconf 74' lang='lat' dir='ltr'><strong>sul&#39;l&#39;ossmlue</strong></span> <span class='ocrx_word' id='word_1_184' title='bbox 784 2815 1032 2870; x_wconf 87' lang='lat' dir='ltr'><strong>latericio</strong></span> <span class='ocrx_word' id='word_1_185' title='bbox 1087 2819 1256 2871; x_wconf 84' lang='lat' dir='ltr'><strong>castri</strong></span> <span class='ocrx_word' id='word_1_186' title='bbox 1287 2835 1468 2882; x_wconf 87' lang='lat' dir='ltr'><strong>muro,</strong></span> <span class='ocrx_word' id='word_1_187' title='bbox 1500 2822 1727 2892; x_wconf 89' lang='lat' dir='ltr'><strong>jamjam</strong></span> <span class='ocrx_word' id='word_1_188' title='bbox 1765 2830 1962 2882; x_wconf 88' lang='lat' dir='ltr'><strong>subin-</strong></span> 
     </span>
    </p>
   </div>
   <div class='ocr_carea' id='block_1_33' title="bbox 379 2907 1963 2982">
    <p class='ocr_par' dir='ltr' id='par_1_33' title="bbox 379 2907 1963 2982">
     <span class='ocr_line' id='line_1_33' title="bbox 379 2907 1963 2982; baseline 0.008 -20"><span class='ocrx_word' id='word_1_189' title='bbox 379 2907 577 2962; x_wconf 88' lang='lat' dir='ltr'><strong>lraturi</strong></span> <span class='ocrx_word' id='word_1_190' title='bbox 637 2916 820 2963; x_wconf 87' lang='lat' dir='ltr'><strong>erant.</strong></span> <span class='ocrx_word' id='word_1_191' title='bbox 873 2907 1264 2964; x_wconf 77' lang='lat' dir='ltr'><strong>Rescisccntes</strong></span> <span class='ocrx_word' id='word_1_192' title='bbox 1317 2922 1500 2966; x_wconf 89' lang='lat' dir='ltr'><strong>autem</strong></span> <span class='ocrx_word' id='word_1_193' title='bbox 1567 2917 1663 2982; x_wconf 92' lang='lat' dir='ltr'><strong>qui</strong></span> <span class='ocrx_word' id='word_1_194' title='bbox 1705 2917 1772 2972; x_wconf 80' lang='lat' dir='ltr'><strong>de</strong></span> <span class='ocrx_word' id='word_1_195' title='bbox 1804 2935 1963 2974; x_wconf 90' lang='lat' dir='ltr'><strong>muro</strong></span> 
     </span>
    </p>
   </div>
   <div class='ocr_carea' id='block_1_34' title="bbox 378 2999 1962 3067">
    <p class='ocr_par' dir='ltr' id='par_1_34' title="bbox 378 2999 1962 3067">
     <span class='ocr_line' id='line_1_34' title="bbox 378 2999 1962 3067; baseline 0.008 -12"><span class='ocrx_word' id='word_1_196' title='bbox 378 3000 609 3056; x_wconf 80' lang='lat' dir='ltr'><strong>fuerunt</strong></span> <span class='ocrx_word' id='word_1_197' title='bbox 669 2999 1036 3055; x_wconf 84' lang='lat' dir='ltr'><strong>Barbarorum</strong></span> <span class='ocrx_word' id='word_1_198' title='bbox 1080 3005 1394 3067; x_wconf 87' lang='lat' dir='ltr'><strong>cuniculos,</strong></span> <span class='ocrx_word' id='word_1_199' title='bbox 1425 3005 1492 3059; x_wconf 89' lang='lat' dir='ltr'><strong>de</strong></span> <span class='ocrx_word' id='word_1_200' title='bbox 1531 3023 1692 3062; x_wconf 90' lang='lat' dir='ltr'><strong>tnuro</strong></span> <span class='ocrx_word' id='word_1_201' title='bbox 1725 3011 1962 3067; x_wconf 83' lang='lat' dir='ltr'><strong>descen-</strong></span> 
     </span>
    </p>
   </div>
   <div class='ocr_carea' id='block_1_35' title="bbox 2071 533 3654 615">
    <p class='ocr_par' dir='ltr' id='par_1_35' title="bbox 2071 533 3654 615">
     <span class='ocr_line' id='line_1_35' title="bbox 2071 533 3654 615; baseline 0.016 -31"><span class='ocrx_word' id='word_1_202' title='bbox 2071 533 2180 586; x_wconf 78' lang='grc' dir='ltr'>Καὶ</span> <span class='ocrx_word' id='word_1_203' title='bbox 2229 535 2471 606; x_wconf 85' lang='grc' dir='ltr'>ἐντυχὼν</span> <span class='ocrx_word' id='word_1_204' title='bbox 2523 540 2639 602; x_wconf 84' lang='grc' dir='ltr'>τοῖς</span> <span class='ocrx_word' id='word_1_205' title='bbox 2673 541 3004 612; x_wconf 82' lang='grc' dir='ltr'>γράμμασιν</span> <span class='ocrx_word' id='word_1_206' title='bbox 3033 545 3062 596; x_wconf 82' lang='grc' dir='ltr'><strong>ὁ</strong></span> <span class='ocrx_word' id='word_1_207' title='bbox 3125 545 3382 615; x_wconf 81' lang='grc' dir='ltr'>βασιλεὺς</span> <span class='ocrx_word' id='word_1_208' title='bbox 3430 552 3654 610; x_wconf 85' lang='grc' dir='ltr'>Ἰουστι-</span> 
     </span>
    </p>
   </div>
   <div class='ocr_carea' id='block_1_36' title="bbox 2070 629 3650 719">
    <p class='ocr_par' dir='ltr' id='par_1_36' title="bbox 2070 629 3650 719">
     <span class='ocr_line' id='line_1_36' title="bbox 2070 629 3650 719; baseline 0.014 -41"><span class='ocrx_word' id='word_1_209' title='bbox 2070 629 2288 693; x_wconf 75' lang='grc' dir='ltr'>νιανδς,</span> <span class='ocrx_word' id='word_1_210' title='bbox 2349 631 2612 696; x_wconf 83' lang='grc' dir='ltr'>κελεύσας</span> <span class='ocrx_word' id='word_1_211' title='bbox 2647 633 2737 687; x_wconf 82' lang='grc' dir='ltr'>διὰ</span> <span class='ocrx_word' id='word_1_212' title='bbox 2774 637 3126 706; x_wconf 79' lang='grc' dir='ltr'><strong>γραμμάτων</strong></span> <span class='ocrx_word' id='word_1_213' title='bbox 3173 639 3376 714; x_wconf 79' lang='grc' dir='ltr'>Τζίττᾳ.</span> <span class='ocrx_word' id='word_1_214' title='bbox 3413 645 3526 714; x_wconf 81' lang='lat' dir='ltr'><strong>(l7)</strong></span> <span class='ocrx_word' id='word_1_215' title='bbox 3571 649 3650 719; x_wconf 82' lang='grc' dir='ltr'><strong>τῷ</strong></span> 
     </span>
    </p>
   </div>
   <div class='ocr_carea' id='block_1_37' title="bbox 2072 721 3654 802">
    <p class='ocr_par' dir='ltr' id='par_1_37' title="bbox 2072 721 3654 802">
     <span class='ocr_line' id='line_1_37' title="bbox 2072 721 3654 802; baseline 0.013 -31"><span class='ocrx_word' id='word_1_216' title='bbox 2072 721 2419 794; x_wconf 80' lang='grc' dir='ltr'>στρατηλάτῃ</span> <span class='ocrx_word' id='word_1_217' title='bbox 2456 725 2816 796; x_wconf 83' lang='grc' dir='ltr'>πραισέντου,</span> <span class='ocrx_word' id='word_1_218' title='bbox 2851 730 2909 780; x_wconf 86' lang='grc' dir='ltr'><strong>ἐν</strong></span> <span class='ocrx_word' id='word_1_219' title='bbox 2941 730 3209 802; x_wconf 78' lang='grc' dir='ltr'><strong>Ἀρμενίᾳ</strong></span> <span class='ocrx_word' id='word_1_220' title='bbox 3246 733 3510 800; x_wconf 81' lang='grc' dir='ltr'>διάγοντι,</span> <span class='ocrx_word' id='word_1_221' title='bbox 3553 755 3654 790; x_wconf 68' lang='grc' dir='ltr'>και</span> 
     </span>
    </p>
   </div>
   <div class='ocr_carea' id='block_1_38' title="bbox 2070 812 3658 894">
    <p class='ocr_par' dir='ltr' id='par_1_38' title="bbox 2070 812 3658 894">
     <span class='ocr_line' id='line_1_38' title="bbox 2070 812 3658 894; baseline 0.013 -32"><span class='ocrx_word' id='word_1_222' title='bbox 2070 812 2326 865; x_wconf 77' lang='grc' dir='ltr'>ταλαϐεἶν</span> <span class='ocrx_word' id='word_1_223' title='bbox 2361 815 2455 886; x_wconf 85' lang='grc' dir='ltr'>τὴν</span> <span class='ocrx_word' id='word_1_224' title='bbox 2473 817 2765 887; x_wconf 80' lang='grc' dir='ltr'>’Λνατολὴν</span> <span class='ocrx_word' id='word_1_225' title='bbox 2791 821 2930 889; x_wconf 80' lang='grc' dir='ltr'>πρὸς</span> <span class='ocrx_word' id='word_1_226' title='bbox 2953 823 3272 894; x_wconf 70' lang='grc' dir='ltr'>συμμαχίαν</span> <span class='ocrx_word' id='word_1_227' title='bbox 3289 841 3300 857; x_wconf 81' lang='grc'><em>’</em></span> <span class='ocrx_word' id='word_1_228' title='bbox 3320 827 3468 888; x_wconf 81' lang='grc' dir='ltr'>ὅστις</span> <span class='ocrx_word' id='word_1_229' title='bbox 3497 829 3658 892; x_wconf 76' lang='grc' dir='ltr'>Τζίτ-</span> 
     </span>
    </p>
   </div>
   <div class='ocr_carea' id='block_1_39' title="bbox 2069 905 3655 988">
    <p class='ocr_par' dir='ltr' id='par_1_39' title="bbox 2069 905 3655 988">
     <span class='ocr_line' id='line_1_39' title="bbox 2069 905 3655 988; baseline 0.012 -34"><span class='ocrx_word' id='word_1_230' title='bbox 2069 919 2170 966; x_wconf 89' lang='grc' dir='ltr'><strong>τας</strong></span> <span class='ocrx_word' id='word_1_231' title='bbox 2207 905 2303 958; x_wconf 72' lang='grc' dir='ltr'><strong>καὶ</strong></span> <span class='ocrx_word' id='word_1_232' title='bbox 2333 907 2632 978; x_wconf 82' lang='grc' dir='ltr'>παρέλαϐε.</span> <span class='ocrx_word' id='word_1_233' title='bbox 2674 911 2972 982; x_wconf 81' lang='grc' dir='ltr'><strong>Παρελθὼν</strong></span> <span class='ocrx_word' id='word_1_234' title='bbox 2994 913 3050 967; x_wconf 80' lang='grc' dir='ltr'><strong>δὲ</strong></span> <span class='ocrx_word' id='word_1_235' title='bbox 3086 915 3174 968; x_wconf 81' lang='grc' dir='ltr'>διὰ</span> <span class='ocrx_word' id='word_1_236' title='bbox 3208 915 3318 969; x_wconf 86' lang='grc' dir='ltr'><strong>τῶν</strong></span> <span class='ocrx_word' id='word_1_237' title='bbox 3347 918 3655 988; x_wconf 56' lang='grc' dir='ltr'>Ἀρμενίων</span> 
     </span>
    </p>
   </div>
   <div class='ocr_carea' id='block_1_40' title="bbox 2069 997 3657 1081">
    <p class='ocr_par' dir='ltr' id='par_1_40' title="bbox 2069 997 3657 1081">
     <span class='ocr_line' id='line_1_40' title="bbox 2069 997 3657 1081; baseline 0.013 -34"><span class='ocrx_word' id='word_1_238' title='bbox 2069 997 2243 1065; x_wconf 79' lang='grc' dir='ltr'>ὀρέων</span> <span class='ocrx_word' id='word_1_239' title='bbox 2299 1001 2551 1068; x_wconf 75' lang='grc' dir='ltr'>εἰσῆλθεν</span> <span class='ocrx_word' id='word_1_240' title='bbox 2589 1006 2670 1067; x_wconf 77' lang='grc' dir='ltr'><strong>εἰς</strong></span> <span class='ocrx_word' id='word_1_241' title='bbox 2718 1005 3046 1076; x_wconf 80' lang='grc' dir='ltr'><strong>Σαμόσατα·</strong></span> <span class='ocrx_word' id='word_1_242' title='bbox 3103 1008 3404 1081; x_wconf 70' lang='grc' dir='ltr'>ἐκελεύσθη</span> <span class='ocrx_word' id='word_1_243' title='bbox 3446 1013 3506 1066; x_wconf 84' lang='grc' dir='ltr'>δὲ</span> <span class='ocrx_word' id='word_1_244' title='bbox 3561 1015 3657 1068; x_wconf 76' lang='grc' dir='ltr'>καὶ</span> 
     </span>
    </p>
   </div>
   <div class='ocr_carea' id='block_1_41' title="bbox 2071 1091 3655 1174">
    <p class='ocr_par' dir='ltr' id='par_1_41' title="bbox 2071 1091 3655 1174">
     <span class='ocr_line' id='line_1_41' title="bbox 2071 1091 3655 1174; baseline 0.009 -31"><span class='ocrx_word' id='word_1_245' title='bbox 2071 1091 2510 1156; x_wconf 88' lang='grc' dir='ltr'>Κωνσταντίολος</span> <span class='ocrx_word' id='word_1_246' title='bbox 2553 1097 2884 1151; x_wconf 87' lang='grc' dir='ltr'>καταλαϐεῖν</span> <span class='ocrx_word' id='word_1_247' title='bbox 2913 1101 3015 1170; x_wconf 86' lang='grc' dir='ltr'><strong>τὴν</strong></span> <span class='ocrx_word' id='word_1_248' title='bbox 3072 1101 3386 1174; x_wconf 75' lang='grc' dir='ltr'>Ἀνατο).ὴν,</span> <span class='ocrx_word' id='word_1_249' title='bbox 3449 1105 3655 1173; x_wconf 80' lang='grc' dir='ltr'>γνῶναι</span> 
     </span>
    </p>
   </div>
   <div class='ocr_carea' id='block_1_42' title="bbox 2071 1181 3653 1260">
    <p class='ocr_par' dir='ltr' id='par_1_42' title="bbox 2071 1181 3653 1260">
     <span class='ocr_line' id='line_1_42' title="bbox 2071 1181 3653 1260; baseline 0.011 -27"><span class='ocrx_word' id='word_1_250' title='bbox 2071 1181 2168 1252; x_wconf 78' lang='grc' dir='ltr'>τὴν</span> <span class='ocrx_word' id='word_1_251' title='bbox 2193 1183 2450 1254; x_wconf 84' lang='grc' dir='ltr'>ἀλήθειαν</span> <span class='ocrx_word' id='word_1_252' title='bbox 2477 1187 2572 1240; x_wconf 82' lang='grc' dir='ltr'>τοῦ</span> <span class='ocrx_word' id='word_1_253' title='bbox 2607 1187 2874 1260; x_wconf 83' lang='grc' dir='ltr'>πολέμου.</span> <span class='ocrx_word' id='word_1_254' title='bbox 2909 1191 3022 1245; x_wconf 84' lang='grc' dir='ltr'><strong>Καὶ</strong></span> <span class='ocrx_word' id='word_1_255' title='bbox 3052 1194 3457 1260; x_wconf 87' lang='grc' dir='ltr'>καταλαϐόντος</span> <span class='ocrx_word' id='word_1_256' title='bbox 3487 1197 3653 1250; x_wconf 83' lang='grc' dir='ltr'>αὐτοῦ</span> 
     </span>
    </p>
   </div>
   <div class='ocr_carea' id='block_1_43' title="bbox 2070 1273 3652 1358">
    <p class='ocr_par' dir='ltr' id='par_1_43' title="bbox 2070 1273 3652 1358">
     <span class='ocr_line' id='line_1_43' title="bbox 2070 1273 3652 1358; baseline 0.01 -31"><span class='ocrx_word' id='word_1_257' title='bbox 2070 1273 2422 1346; x_wconf 81' lang='grc' dir='ltr'><strong>Ἀντιόχειαν,</strong></span> <span class='ocrx_word' id='word_1_258' title='bbox 2463 1278 2756 1351; x_wconf 80' lang='grc' dir='ltr'>ἐξώρμησε</span> <span class='ocrx_word' id='word_1_259' title='bbox 2812 1285 2952 1354; x_wconf 72' lang='grc' dir='ltr'>πρὸς</span> <span class='ocrx_word' id='word_1_260' title='bbox 2999 1287 3126 1349; x_wconf 81' lang='grc' dir='ltr'>τοὺς</span> <span class='ocrx_word' id='word_1_261' title='bbox 3181 1288 3448 1358; x_wconf 81' lang='grc' dir='ltr'>ἐξάρχους</span> <span class='ocrx_word' id='word_1_262' title='bbox 3517 1291 3652 1342; x_wconf 85' lang='grc' dir='ltr'><strong>Ῥω-</strong></span> 
     </span>
    </p>
   </div>
   <div class='ocr_carea' id='block_1_44' title="bbox 2076 1365 3650 1450">
    <p class='ocr_par' dir='ltr' id='par_1_44' title="bbox 2076 1365 3650 1450">
     <span class='ocr_line' id='line_1_44' title="bbox 2076 1365 3650 1450; baseline 0.011 -34"><span class='ocrx_word' id='word_1_263' title='bbox 2076 1365 2285 1432; x_wconf 83' lang='grc' dir='ltr'>μαίων,</span> <span class='ocrx_word' id='word_1_264' title='bbox 2346 1367 2580 1437; x_wconf 74' lang='grc' dir='ltr'>ὀφείλων</span> <span class='ocrx_word' id='word_1_265' title='bbox 2629 1371 2730 1442; x_wconf 77' lang='grc' dir='ltr'>τὴν</span> <span class='ocrx_word' id='word_1_266' title='bbox 2784 1375 2965 1428; x_wconf 81' lang='grc' dir='ltr'>πᾶσαν</span> <span class='ocrx_word' id='word_1_267' title='bbox 3008 1375 3162 1447; x_wconf 74' lang='lat'><strong>[205]</strong></span> <span class='ocrx_word' id='word_1_268' title='bbox 3211 1377 3476 1448; x_wconf 76' lang='grc' dir='ltr'>ἀλήθειαν</span> <span class='ocrx_word' id='word_1_269' title='bbox 3545 1397 3650 1450; x_wconf 85' lang='grc' dir='ltr'>μα-</span> 
     </span>
    </p>
   </div>
   <div class='ocr_carea' id='block_1_45' title="bbox 2068 1455 2878 1512">
    <p class='ocr_par' dir='ltr' id='par_1_45' title="bbox 2068 1455 2878 1512">
     <span class='ocr_line' id='line_1_45' title="bbox 2068 1455 2878 1512; baseline 0.01 -4"><span class='ocrx_word' id='word_1_270' title='bbox 2068 1455 2205 1512; x_wconf 85' lang='grc' dir='ltr'>θεῖν.</span> <span class='ocrx_word' id='word_1_271' title='bbox 2743 1466 2750 1472; x_wconf 84' lang='grc'><em>“</em></span> <span class='ocrx_word' id='word_1_272' title='bbox 2867 1457 2878 1466; x_wconf 80' lang='grc'><strong>’</strong></span> 
     </span>
    </p>
   </div>
   <div class='ocr_carea' id='block_1_46' title="bbox 2152 1644 3646 1730">
    <p class='ocr_par' dir='ltr' id='par_1_46' title="bbox 2152 1644 3646 1730">
     <span class='ocr_line' id='line_1_46' title="bbox 2152 1644 3646 1730; baseline 0.009 -34"><span class='ocrx_word' id='word_1_273' title='bbox 2152 1644 2242 1698; x_wconf 87' lang='grc' dir='ltr'>Ἐν</span> <span class='ocrx_word' id='word_1_274' title='bbox 2271 1645 2419 1717; x_wconf 81' lang='grc' dir='ltr'>αὐτῷ</span> <span class='ocrx_word' id='word_1_275' title='bbox 2451 1645 2508 1700; x_wconf 88' lang='grc' dir='ltr'><strong>δὲ</strong></span> <span class='ocrx_word' id='word_1_276' title='bbox 2538 1647 2616 1719; x_wconf 81' lang='grc' dir='ltr'><strong>τῷ</strong></span> <span class='ocrx_word' id='word_1_277' title='bbox 2649 1647 2831 1720; x_wconf 81' lang='grc' dir='ltr'>καιρῷ</span> <span class='ocrx_word' id='word_1_278' title='bbox 2865 1649 3112 1722; x_wconf 84' lang='grc' dir='ltr'>διεδέχθη</span> <span class='ocrx_word' id='word_1_279' title='bbox 3138 1653 3452 1719; x_wconf 69' lang='grc' dir='ltr'>Ἰουλιανὸς,</span> <span class='ocrx_word' id='word_1_280' title='bbox 3475 1657 3646 1730; x_wconf 83' lang='grc' dir='ltr'>ἔπαρ-</span> 
     </span>
    </p>
   </div>
   <div class='ocr_carea' id='block_1_47' title="bbox 1997 1741 3651 1834">
    <p class='ocr_par' dir='ltr' id='par_1_47' title="bbox 1997 1741 3651 1834">
     <span class='ocr_line' id='line_1_47' title="bbox 1997 1741 3651 1834; baseline 0.012 -47"><span class='ocrx_word' id='word_1_281' title='bbox 1997 1779 2039 1834; x_wconf 72' lang='lat' dir='ltr'><strong>B</strong></span> <span class='ocrx_word' id='word_1_282' title='bbox 2071 1754 2163 1806; x_wconf 86' lang='grc' dir='ltr'>χος</span> <span class='ocrx_word' id='word_1_283' title='bbox 2185 1741 2559 1810; x_wconf 83' lang='grc' dir='ltr'>πραιτωρίων,</span> <span class='ocrx_word' id='word_1_284' title='bbox 2593 1743 2689 1796; x_wconf 74' lang='grc' dir='ltr'>καὶ</span> <span class='ocrx_word' id='word_1_285' title='bbox 2717 1744 2936 1812; x_wconf 83' lang='grc' dir='ltr'>ἐγένετο</span> <span class='ocrx_word' id='word_1_286' title='bbox 2977 1745 3098 1800; x_wconf 84' lang='grc' dir='ltr'>ἀντ’</span> <span class='ocrx_word' id='word_1_287' title='bbox 3137 1747 3302 1800; x_wconf 82' lang='grc' dir='ltr'>αὐτοῦ</span> <span class='ocrx_word' id='word_1_288' title='bbox 3344 1750 3597 1824; x_wconf 80' lang='grc' dir='ltr'>Ἰωάννης</span> <span class='ocrx_word' id='word_1_289' title='bbox 3622 1755 3651 1806; x_wconf 84' lang='grc' dir='ltr'><strong>ὁ</strong></span> 
     </span>
    </p>
   </div>
   <div class='ocr_carea' id='block_1_48' title="bbox 2068 1831 2396 1896">
    <p class='ocr_par' dir='ltr' id='par_1_48' title="bbox 2068 1831 2396 1896">
     <span class='ocr_line' id='line_1_48' title="bbox 2068 1831 2396 1896; baseline 0.015 -15"><span class='ocrx_word' id='word_1_290' title='bbox 2068 1831 2396 1896; x_wconf 84' lang='grc' dir='ltr'>Καππάδοξ.</span> 
     </span>
    </p>
   </div>
   <div class='ocr_carea' id='block_1_49' title="bbox 2150 1923 3653 2009">
    <p class='ocr_par' dir='ltr' id='par_1_49' title="bbox 2150 1923 3653 2009">
     <span class='ocr_line' id='line_1_49' title="bbox 2150 1923 3653 2009; baseline 0.011 -33"><span class='ocrx_word' id='word_1_291' title='bbox 2150 1923 2430 1996; x_wconf 86' lang='grc' dir='ltr'>Ἐγνώσθη</span> <span class='ocrx_word' id='word_1_292' title='bbox 2462 1926 2520 1979; x_wconf 82' lang='grc' dir='ltr'>δὲ</span> <span class='ocrx_word' id='word_1_293' title='bbox 2557 1927 2855 1998; x_wconf 82' lang='grc' dir='ltr'>Ῥωμαίοις</span> <span class='ocrx_word' id='word_1_294' title='bbox 2883 1931 2972 1983; x_wconf 83' lang='grc' dir='ltr'>ὅτι·</span> <span class='ocrx_word' id='word_1_295' title='bbox 2996 1930 3216 2003; x_wconf 79' lang='grc' dir='ltr'>ἔξαρχοι</span> <span class='ocrx_word' id='word_1_296' title='bbox 3251 1935 3474 2006; x_wconf 85' lang='grc' dir='ltr'>Περσῶν</span> <span class='ocrx_word' id='word_1_297' title='bbox 3515 1940 3653 2009; x_wconf 85' lang='grc' dir='ltr'>μετὰ</span> 
     </span>
    </p>
   </div>
   <div class='ocr_carea' id='block_1_50' title="bbox 2069 2014 3651 2103">
    <p class='ocr_par' dir='ltr' id='par_1_50' title="bbox 2069 2014 3651 2103">
     <span class='ocr_line' id='line_1_50' title="bbox 2069 2014 3651 2103; baseline 0.011 -37"><span class='ocrx_word' id='word_1_298' title='bbox 2069 2014 2354 2085; x_wconf 80' lang='grc' dir='ltr'>Περσικῆς</span> <span class='ocrx_word' id='word_1_299' title='bbox 2395 2016 2649 2087; x_wconf 74' lang='grc' dir='ltr'>βοηθείας</span> <span class='ocrx_word' id='word_1_300' title='bbox 2697 2021 2790 2073; x_wconf 77' lang='grc' dir='ltr'><strong>καὶ</strong></span> <span class='ocrx_word' id='word_1_301' title='bbox 2833 2014 3169 2093; x_wconf 79' lang='grc' dir='ltr'>Σαρακηνῶν</span> <span class='ocrx_word' id='word_1_302' title='bbox 3210 2022 3384 2099; x_wconf 79' lang='grc' dir='ltr'>ἦλθαν</span> <span class='ocrx_word' id='word_1_303' title='bbox 3413 2029 3505 2080; x_wconf 85' lang='grc' dir='ltr'>ἐπὶ</span> <span class='ocrx_word' id='word_1_304' title='bbox 3550 2031 3651 2103; x_wconf 79' lang='grc' dir='ltr'>τὴν</span> 
     </span>
    </p>
   </div>
   <div class='ocr_carea' id='block_1_51' title="bbox 2081 2107 3653 2192">
    <p class='ocr_par' dir='ltr' id='par_1_51' title="bbox 2081 2107 3653 2192">
     <span class='ocr_line' id='line_1_51' title="bbox 2081 2107 3653 2192; baseline 0.013 -36"><span class='ocrx_word' id='word_1_305' title='bbox 2081 2107 2405 2179; x_wconf 75' lang='grc' dir='ltr'>Ὀσδροηνὴν</span> <span class='ocrx_word' id='word_1_306' title='bbox 2420 2111 2485 2173; x_wconf 81' lang='grc'><strong>⁸⁸,</strong></span> <span class='ocrx_word' id='word_1_307' title='bbox 2513 2113 2912 2178; x_wconf 79' lang='grc' dir='ltr'>φοσσεύσαντες</span> <span class='ocrx_word' id='word_1_308' title='bbox 2932 2115 2991 2166; x_wconf 75' lang='grc' dir='ltr'>τὸ</span> <span class='ocrx_word' id='word_1_309' title='bbox 3018 2117 3254 2186; x_wconf 87' lang='grc' dir='ltr'>κάστρον</span> <span class='ocrx_word' id='word_1_310' title='bbox 3273 2119 3336 2171; x_wconf 83' lang='grc' dir='ltr'>τὸ</span> <span class='ocrx_word' id='word_1_311' title='bbox 3361 2121 3653 2192; x_wconf 84' lang='grc' dir='ltr'>λεγόμενον</span> 
     </span>
    </p>
   </div>
   <div class='ocr_carea' id='block_1_52' title="bbox 2080 2197 3654 2284">
    <p class='ocr_par' dir='ltr' id='par_1_52' title="bbox 2080 2197 3654 2284">
     <span class='ocr_line' id='line_1_52' title="bbox 2080 2197 3654 2284; baseline 0.012 -35"><span class='ocrx_word' id='word_1_312' title='bbox 2080 2197 2470 2269; x_wconf 79' lang='grc' dir='ltr'>Ἀϐγέρσᾶτον,</span> <span class='ocrx_word' id='word_1_313' title='bbox 2511 2202 2572 2254; x_wconf 83' lang='grc' dir='ltr'>τὸ</span> <span class='ocrx_word' id='word_1_314' title='bbox 2619 2203 2841 2257; x_wconf 84' lang='grc' dir='ltr'>κτισθὲν</span> <span class='ocrx_word' id='word_1_315' title='bbox 2887 2205 2992 2258; x_wconf 82' lang='grc' dir='ltr'>ὑπὸ</span> <span class='ocrx_word' id='word_1_316' title='bbox 3033 2207 3332 2278; x_wconf 79' lang='grc' dir='ltr'>’Λϐγάρου,</span> <span class='ocrx_word' id='word_1_317' title='bbox 3373 2215 3654 2284; x_wconf 74' lang='grc' dir='ltr'>τοπάρχου</span> 
     </span>
    </p>
   </div>
   <div class='ocr_carea' id='block_1_53' title="bbox 2065 2289 3655 2376">
    <p class='ocr_par' dir='ltr' id='par_1_53' title="bbox 2065 2289 3655 2376">
     <span class='ocr_line' id='line_1_53' title="bbox 2065 2289 3655 2376; baseline 0.011 -35"><span class='ocrx_word' id='word_1_318' title='bbox 2065 2289 2165 2358; x_wconf 84' lang='grc' dir='ltr'><strong>τῆς</strong></span> <span class='ocrx_word' id='word_1_319' title='bbox 2217 2291 2560 2362; x_wconf 85' lang='grc' dir='ltr'>Ὀσδροηνῶν</span> <span class='ocrx_word' id='word_1_320' title='bbox 2608 2295 2854 2360; x_wconf 77' lang='grc' dir='ltr'>πόλεως’</span> <span class='ocrx_word' id='word_1_321' title='bbox 2909 2293 3026 2368; x_wconf 84' lang='grc' dir='ltr'>εἶχε</span> <span class='ocrx_word' id='word_1_322' title='bbox 3077 2299 3136 2352; x_wconf 83' lang='grc' dir='ltr'>δὲ</span> <span class='ocrx_word' id='word_1_323' title='bbox 3185 2302 3417 2356; x_wconf 76' lang='grc' dir='ltr'>παλαιὸν</span> <span class='ocrx_word' id='word_1_324' title='bbox 3474 2309 3655 2376; x_wconf 84' lang='grc' dir='ltr'>τεῖχος</span> 
     </span>
    </p>
   </div>
   <div class='ocr_carea' id='block_1_54' title="bbox 2066 2381 3662 2462">
    <p class='ocr_par' dir='ltr' id='par_1_54' title="bbox 2066 2381 3662 2462">
     <span class='ocr_line' id='line_1_54' title="bbox 2066 2381 3662 2462; baseline 0.01 -29"><span class='ocrx_word' id='word_1_325' title='bbox 2066 2381 2361 2439; x_wconf 83' lang='grc' dir='ltr'>πλίνθινον.</span> <span class='ocrx_word' id='word_1_326' title='bbox 2399 2387 2461 2437; x_wconf 82' lang='grc' dir='ltr'><strong>Οἱ</strong></span> <span class='ocrx_word' id='word_1_327' title='bbox 2493 2385 2550 2440; x_wconf 87' lang='grc' dir='ltr'><strong>δέ</strong></span> <span class='ocrx_word' id='word_1_328' title='bbox 2591 2385 2808 2440; x_wconf 78' lang='grc' dir='ltr'>ἔνδοθεν</span> <span class='ocrx_word' id='word_1_329' title='bbox 2843 2387 3085 2457; x_wconf 85' lang='grc' dir='ltr'>φύλακες</span> <span class='ocrx_word' id='word_1_330' title='bbox 3117 2390 3297 2460; x_wconf 80' lang='grc' dir='ltr'>βέλεσι</span> <span class='ocrx_word' id='word_1_331' title='bbox 3325 2394 3662 2462; x_wconf 82' lang='grc' dir='ltr'>κατατοξεύ-</span> 
     </span>
    </p>
   </div>
   <div class='ocr_carea' id='block_1_55' title="bbox 2066 2477 3652 2556">
    <p class='ocr_par' dir='ltr' id='par_1_55' title="bbox 2066 2477 3652 2556">
     <span class='ocr_line' id='line_1_55' title="bbox 2066 2477 3652 2556; baseline 0.009 -30"><span class='ocrx_word' id='word_1_332' title='bbox 2066 2491 2260 2538; x_wconf 79' lang='grc' dir='ltr'>σαντες</span> <span class='ocrx_word' id='word_1_333' title='bbox 2294 2477 2652 2532; x_wconf 81' lang='grc' dir='ltr'>ἐθανάτωσαν</span> <span class='ocrx_word' id='word_1_334' title='bbox 2683 2481 2746 2532; x_wconf 81' lang='grc' dir='ltr'><strong>ἐκ</strong></span> <span class='ocrx_word' id='word_1_335' title='bbox 2782 2479 2894 2532; x_wconf 89' lang='grc' dir='ltr'><strong>τῶν</strong></span> <span class='ocrx_word' id='word_1_336' title='bbox 2927 2483 3152 2551; x_wconf 85' lang='grc' dir='ltr'>Περσῶν</span> <span class='ocrx_word' id='word_1_337' title='bbox 3180 2485 3382 2556; x_wconf 84' lang='grc' dir='ltr'>ἄνδρας</span> <span class='ocrx_word' id='word_1_338' title='bbox 3408 2487 3652 2556; x_wconf 74' lang='grc' dir='ltr'>χιλίουςο</span> 
     </span>
    </p>
   </div>
   <div class='ocr_carea' id='block_1_56' title="bbox 2064 2567 3651 2648">
    <p class='ocr_par' dir='ltr' id='par_1_56' title="bbox 2064 2567 3651 2648">
     <span class='ocr_line' id='line_1_56' title="bbox 2064 2567 3651 2648; baseline 0.009 -29"><span class='ocrx_word' id='word_1_339' title='bbox 2064 2567 2162 2620; x_wconf 63' lang='grc' dir='ltr'><strong>καὶ⁸</strong></span> <span class='ocrx_word' id='word_1_340' title='bbox 2185 2567 2566 2639; x_wconf 81' lang='grc' dir='ltr'>ἀπορήσαντες</span> <span class='ocrx_word' id='word_1_341' title='bbox 2593 2571 2786 2640; x_wconf 61' lang='grc' dir='ltr'>βελῶν,</span> <span class='ocrx_word' id='word_1_342' title='bbox 2821 2575 3136 2640; x_wconf 79' lang='grc' dir='ltr'>σφενδόναις</span> <span class='ocrx_word' id='word_1_343' title='bbox 3158 2578 3492 2648; x_wconf 78' lang='grc' dir='ltr'>χρησάμενοι</span> <span class='ocrx_word' id='word_1_344' title='bbox 3517 2580 3651 2634; x_wconf 66' lang='grc' dir='ltr'>πολ-</span> 
     </span>
    </p>
   </div>
   <div class='ocr_carea' id='block_1_57' title="bbox 2062 2658 3654 2739">
    <p class='ocr_par' dir='ltr' id='par_1_57' title="bbox 2062 2658 3654 2739">
     <span class='ocr_line' id='line_1_57' title="bbox 2062 2658 3654 2739; baseline 0.009 -27"><span class='ocrx_word' id='word_1_345' title='bbox 2062 2660 2189 2725; x_wconf 75' lang='grc' dir='ltr'>λοὺς</span> <span class='ocrx_word' id='word_1_346' title='bbox 2217 2658 2276 2727; x_wconf 80' lang='grc' dir='ltr'><strong>ἐξ</strong></span> <span class='ocrx_word' id='word_1_347' title='bbox 2315 2663 2495 2715; x_wconf 74' lang='grc' dir='ltr'>αὐτῶν</span> <span class='ocrx_word' id='word_1_348' title='bbox 2532 2663 2904 2720; x_wconf 82' lang='grc' dir='ltr'>ἐθανάτωσαν.</span> <span class='ocrx_word' id='word_1_349' title='bbox 2928 2667 3095 2720; x_wconf 77' lang='grc' dir='ltr'>Ὅθεν</span> <span class='ocrx_word' id='word_1_350' title='bbox 3126 2673 3174 2722; x_wconf 81' lang='grc' dir='ltr'>οἱ</span> <span class='ocrx_word' id='word_1_351' title='bbox 3198 2671 3404 2739; x_wconf 82' lang='grc' dir='ltr'>Πέρσαι</span> <span class='ocrx_word' id='word_1_352' title='bbox 3435 2673 3654 2728; x_wconf 83' lang='grc' dir='ltr'>στενού-</span> 
     </span>
    </p>
   </div>
   <div class='ocr_carea' id='block_1_58' title="bbox 2069 2755 3654 2832">
    <p class='ocr_par' dir='ltr' id='par_1_58' title="bbox 2069 2755 3654 2832">
     <span class='ocr_line' id='line_1_58' title="bbox 2069 2755 3654 2832; baseline 0.008 -26"><span class='ocrx_word' id='word_1_353' title='bbox 2069 2769 2222 2824; x_wconf 77' lang='grc' dir='ltr'>μενοι</span> <span class='ocrx_word' id='word_1_354' title='bbox 2250 2756 2342 2808; x_wconf 53' lang='grc' dir='ltr'><strong>καὶ⁸</strong></span> <span class='ocrx_word' id='word_1_355' title='bbox 2365 2755 2645 2826; x_wconf 69' lang='grc' dir='ltr'>διαφόροις</span> <span class='ocrx_word' id='word_1_356' title='bbox 2670 2760 3011 2829; x_wconf 86' lang='grc' dir='ltr'>χρησάμενοι</span> <span class='ocrx_word' id='word_1_357' title='bbox 3040 2765 3333 2830; x_wconf 84' lang='grc' dir='ltr'>μηχαναῖς,</span> <span class='ocrx_word' id='word_1_358' title='bbox 3355 2764 3654 2832; x_wconf 76' lang='grc' dir='ltr'>ὀρύξαντες</span> 
     </span>
    </p>
   </div>
   <div class='ocr_carea' id='block_1_59' title="bbox 2063 2844 3650 2926">
    <p class='ocr_par' dir='ltr' id='par_1_59' title="bbox 2063 2844 3650 2926">
     <span class='ocr_line' id='line_1_59' title="bbox 2063 2844 3650 2926; baseline 0.01 -30"><span class='ocrx_word' id='word_1_359' title='bbox 2063 2845 2126 2896; x_wconf 78' lang='grc' dir='ltr'>τὸ</span> <span class='ocrx_word' id='word_1_360' title='bbox 2177 2844 2454 2898; x_wconf 82' lang='grc' dir='ltr'>πλίνθινον</span> <span class='ocrx_word' id='word_1_361' title='bbox 2508 2849 2690 2916; x_wconf 80' lang='grc' dir='ltr'>τεῖχος</span> <span class='ocrx_word' id='word_1_362' title='bbox 2735 2848 2830 2900; x_wconf 79' lang='grc' dir='ltr'>τοῦ</span> <span class='ocrx_word' id='word_1_363' title='bbox 2872 2849 3112 2921; x_wconf 88' lang='grc' dir='ltr'>κάστρου</span> <span class='ocrx_word' id='word_1_364' title='bbox 3159 2853 3562 2926; x_wconf 85' lang='grc' dir='ltr'>ὑπεισήρχοντο</span> <span class='ocrx_word' id='word_1_365' title='bbox 3584 2859 3650 2912; x_wconf 70' lang='grc' dir='ltr'><strong>π.</strong></span> 
     </span>
    </p>
   </div>
   <div class='ocr_carea' id='block_1_60' title="bbox 2065 2934 3654 3010">
    <p class='ocr_par' dir='ltr' id='par_1_60' title="bbox 2065 2934 3654 3010">
     <span class='ocr_line' id='line_1_60' title="bbox 2065 2934 3654 3010; baseline 0.006 -24"><span class='ocrx_word' id='word_1_366' title='bbox 2065 2934 2292 2998; x_wconf 82' lang='grc' dir='ltr'>Γνόντες</span> <span class='ocrx_word' id='word_1_367' title='bbox 2335 2935 2392 2987; x_wconf 82' lang='grc' dir='ltr'>δὲ</span> <span class='ocrx_word' id='word_1_368' title='bbox 2440 2935 2491 2987; x_wconf 83' lang='grc' dir='ltr'><strong>οἱ</strong></span> <span class='ocrx_word' id='word_1_369' title='bbox 2537 2936 2602 2986; x_wconf 85' lang='grc' dir='ltr'><strong>ἐκ</strong></span> <span class='ocrx_word' id='word_1_370' title='bbox 2654 2935 2747 2988; x_wconf 81' lang='grc' dir='ltr'>τοῦ</span> <span class='ocrx_word' id='word_1_371' title='bbox 2799 2937 3018 3007; x_wconf 84' lang='grc' dir='ltr'>τείχους</span> <span class='ocrx_word' id='word_1_372' title='bbox 3063 2939 3162 3009; x_wconf 80' lang='grc' dir='ltr'><strong>τήν</strong></span> <span class='ocrx_word' id='word_1_373' title='bbox 3196 2943 3494 3010; x_wconf 75' lang='grc' dir='ltr'>γενομένην</span> <span class='ocrx_word' id='word_1_374' title='bbox 3547 2943 3654 2996; x_wconf 73' lang='grc' dir='ltr'><strong>ὑπὸ</strong></span> 
     </span>
    </p>
   </div>
   <div class='ocr_carea' id='block_1_61' title="bbox 2066 3027 3656 3108">
    <p class='ocr_par' dir='ltr' id='par_1_61' title="bbox 2066 3027 3656 3108">
     <span class='ocr_line' id='line_1_61' title="bbox 2066 3027 3656 3108; baseline 0.008 -30"><span class='ocrx_word' id='word_1_375' title='bbox 2066 3027 2369 3099; x_wconf 81' lang='grc' dir='ltr'>Βαρϐάρων</span> <span class='ocrx_word' id='word_1_376' title='bbox 2417 3029 2678 3100; x_wconf 81' lang='grc' dir='ltr'>διορυγὴν</span> <span class='ocrx_word' id='word_1_377' title='bbox 2715 3030 2852 3102; x_wconf 78' lang='lat' dir='ltr'><strong>[imo</strong></span> <span class='ocrx_word' id='word_1_378' title='bbox 2875 3031 3168 3102; x_wconf 90' lang='grc' dir='ltr'>διωρυγήν,</span> <span class='ocrx_word' id='word_1_379' title='bbox 3197 3034 3280 3088; x_wconf 86' lang='lat' dir='ltr'><strong>sic</strong></span> <span class='ocrx_word' id='word_1_380' title='bbox 3304 3034 3493 3108; x_wconf 76' lang='lat' dir='ltr'><strong>infra],</strong></span> <span class='ocrx_word' id='word_1_381' title='bbox 3521 3054 3656 3090; x_wconf 91' lang='grc' dir='ltr'>κατ-</span> 
     </span>
    </p>
   </div>
   <div class='ocr_carea' id='block_1_62' title="bbox 377 3093 1964 3202">
    <p class='ocr_par' dir='ltr' id='par_1_62' title="bbox 377 3093 1954 3179">
     <span class='ocr_line' id='line_1_62' title="bbox 377 3093 1954 3179; baseline 0.008 -31"><span class='ocrx_word' id='word_1_382' title='bbox 377 3093 910 3162; x_wconf 80' lang='lat' dir='ltr'><strong>dunt;Persasque,</strong></span> <span class='ocrx_word' id='word_1_383' title='bbox 955 3096 1152 3179; x_wconf 81' lang='lat' dir='ltr'><strong>subtus</strong></span> <span class='ocrx_word' id='word_1_384' title='bbox 1195 3098 1524 3167; x_wconf 85' lang='lat' dir='ltr'><strong>irrepentes,</strong></span> <span class='ocrx_word' id='word_1_385' title='bbox 1555 3101 1752 3170; x_wconf 78' lang='lat' dir='ltr'><strong>gladiis</strong></span> <span class='ocrx_word' id='word_1_386' title='bbox 1788 3106 1954 3159; x_wconf 61' lang='lat' dir='ltr'><strong>contio</strong></span> 
     </span>
    </p>
   </div>
   <div class='ocr_carea' id='block_1_63' title="bbox 2070 3093 3652 3202">
    <p class='ocr_par' dir='ltr' id='par_1_63' title="bbox 2070 3119 3652 3202">
     <span class='ocr_line' id='line_1_63' title="bbox 2070 3119 3652 3202; baseline 0.006 -30"><span class='ocrx_word' id='word_1_387' title='bbox 2070 3119 2316 3184; x_wconf 81' lang='grc' dir='ltr'>ἐλθόντες</span> <span class='ocrx_word' id='word_1_388' title='bbox 2351 3123 2416 3175; x_wconf 85' lang='grc' dir='ltr'><strong>ἐκ</strong></span> <span class='ocrx_word' id='word_1_389' title='bbox 2453 3121 2547 3202; x_wconf 80' lang='grc' dir='ltr'>τοῦ</span> <span class='ocrx_word' id='word_1_390' title='bbox 2580 3121 2793 3191; x_wconf 81' lang='grc' dir='ltr'>τείχους</span> <span class='ocrx_word' id='word_1_391' title='bbox 2817 3124 2946 3186; x_wconf 82' lang='grc' dir='ltr'>τοὺς</span> <span class='ocrx_word' id='word_1_392' title='bbox 2971 3125 3464 3196; x_wconf 78' lang='grc' dir='ltr'>ὑπεισερχομένους</span> <span class='ocrx_word' id='word_1_393' title='bbox 3508 3129 3652 3202; x_wconf 81' lang='grc' dir='ltr'>Πέρ-</span> 
     </span>
    </p>
   </div>
   <div class='ocr_carea' id='block_1_64' title="bbox 379 3186 1962 3264">
    <p class='ocr_par' dir='ltr' id='par_1_64' title="bbox 379 3186 1962 3264">
     <span class='ocr_line' id='line_1_64' title="bbox 379 3186 1962 3264; baseline 0.007 -24"><span class='ocrx_word' id='word_1_394' title='bbox 379 3187 554 3240; x_wconf 88' lang='lat' dir='ltr'><strong>ciunt.</strong></span> <span class='ocrx_word' id='word_1_395' title='bbox 611 3186 769 3252; x_wconf 87' lang='lat' dir='ltr'><strong>Quod</strong></span> <span class='ocrx_word' id='word_1_396' title='bbox 813 3187 1006 3250; x_wconf 64' lang='lat' dir='ltr'><strong>Persae~</strong></span> <span class='ocrx_word' id='word_1_397' title='bbox 1042 3187 1318 3251; x_wconf 80' lang='lat' dir='ltr'><strong>videntes,</strong></span> <span class='ocrx_word' id='word_1_398' title='bbox 1376 3202 1595 3260; x_wconf 85' lang='lat' dir='ltr'><strong>arrepta</strong></span> <span class='ocrx_word' id='word_1_399' title='bbox 1649 3197 1962 3264; x_wconf 83' lang='lat' dir='ltr'><strong>occasione,</strong></span> 
     </span>
    </p>
   </div>
   <div class='ocr_carea' id='block_1_65' title="bbox 381 3277 1962 3344">
    <p class='ocr_par' dir='ltr' id='par_1_65' title="bbox 381 3277 1962 3344">
     <span class='ocr_line' id='line_1_65' title="bbox 381 3277 1962 3344; baseline 0.007 -12"><span class='ocrx_word' id='word_1_400' title='bbox 381 3277 604 3332; x_wconf 87' lang='lat' dir='ltr'><strong>interim</strong></span> <span class='ocrx_word' id='word_1_401' title='bbox 675 3279 805 3332; x_wconf 91' lang='lat' dir='ltr'><strong>dum</strong></span> <span class='ocrx_word' id='word_1_402' title='bbox 857 3278 1094 3332; x_wconf 76' lang='lat' dir='ltr'><strong>Romani</strong></span> <span class='ocrx_word' id='word_1_403' title='bbox 1134 3279 1841 3342; x_wconf 70' lang='lat' dir='ltr'><strong>suffossionibustutandis</strong></span> <span class='ocrx_word' id='word_1_404' title='bbox 1865 3291 1962 3344; x_wconf 90' lang='lat' dir='ltr'><strong>toti</strong></span> 
     </span>
    </p>
   </div>
   <div class='ocr_carea' id='block_1_66' title="bbox 380 3369 1964 3446">
    <p class='ocr_par' dir='ltr' id='par_1_66' title="bbox 380 3369 1964 3446">
     <span class='ocr_line' id='line_1_66' title="bbox 380 3369 1964 3446; baseline 0.008 -22"><span class='ocrx_word' id='word_1_405' title='bbox 380 3369 804 3436; x_wconf 88' lang='lat' dir='ltr'><strong>incumbebant,</strong></span> <span class='ocrx_word' id='word_1_406' title='bbox 847 3371 1014 3426; x_wconf 88' lang='lat' dir='ltr'><strong>scalis</strong></span> <span class='ocrx_word' id='word_1_407' title='bbox 1071 3373 1332 3426; x_wconf 86' lang='lat' dir='ltr'><strong>adhibitis</strong></span> <span class='ocrx_word' id='word_1_408' title='bbox 1369 3389 1586 3428; x_wconf 88' lang='lat' dir='ltr'><strong>murum</strong></span> <span class='ocrx_word' id='word_1_409' title='bbox 1623 3392 1717 3446; x_wconf 89' lang='lat' dir='ltr'><strong>per</strong></span> <span class='ocrx_word' id='word_1_410' title='bbox 1747 3388 1964 3436; x_wconf 89' lang='lat' dir='ltr'><strong>noctem</strong></span> 
     </span>
    </p>
   </div>
   <div class='ocr_carea' id='block_1_67' title="bbox 377 3461 1967 3534">
    <p class='ocr_par' dir='ltr' id='par_1_67' title="bbox 377 3461 1967 3534">
     <span class='ocr_line' id='line_1_67' title="bbox 377 3461 1967 3534; baseline 0.006 -20"><span class='ocrx_word' id='word_1_411' title='bbox 377 3461 625 3530; x_wconf 79' lang='lat' dir='ltr'><strong>aggressi</strong></span> <span class='ocrx_word' id='word_1_412' title='bbox 656 3469 784 3515; x_wconf 88' lang='lat' dir='ltr'><strong>sunt</strong></span> <span class='ocrx_word' id='word_1_413' title='bbox 813 3461 1154 3530; x_wconf 82' lang='lat' dir='ltr'><strong>ingressique</strong></span> <span class='ocrx_word' id='word_1_414' title='bbox 1171 3470 1418 3516; x_wconf 88' lang='lat' dir='ltr'><strong>castrum</strong></span> <span class='ocrx_word' id='word_1_415' title='bbox 1448 3475 1810 3534; x_wconf 88' lang='lat' dir='ltr'><strong>occuparunt,</strong></span> <span class='ocrx_word' id='word_1_416' title='bbox 1830 3485 1967 3524; x_wconf 80' lang='lat' dir='ltr'><strong>cun-</strong></span> 
     </span>
    </p>
   </div>
   <div class='ocr_carea' id='block_1_68' title="bbox 375 3553 1964 3630">
    <p class='ocr_par' dir='ltr' id='par_1_68' title="bbox 375 3553 1964 3630">
     <span class='ocr_line' id='line_1_68' title="bbox 375 3553 1964 3630; baseline 0.004 -20"><span class='ocrx_word' id='word_1_417' title='bbox 375 3555 486 3610; x_wconf 83' lang='lat' dir='ltr'><strong>etis</strong></span> <span class='ocrx_word' id='word_1_418' title='bbox 513 3569 543 3608; x_wconf 93' lang='lat' dir='ltr'><strong>e</strong></span> <span class='ocrx_word' id='word_1_419' title='bbox 572 3555 752 3607; x_wconf 89' lang='lat' dir='ltr'><strong>medio</strong></span> <span class='ocrx_word' id='word_1_420' title='bbox 776 3553 1010 3608; x_wconf 88' lang='lat' dir='ltr'><strong>sublatis</strong></span> <span class='ocrx_word' id='word_1_421' title='bbox 1043 3561 1242 3622; x_wconf 73' lang='lat' dir='ltr'><strong>pra-ter</strong></span> <span class='ocrx_word' id='word_1_422' title='bbox 1270 3569 1497 3624; x_wconf 85' lang='lat' dir='ltr'><strong>paucos,</strong></span> <span class='ocrx_word' id='word_1_423' title='bbox 1524 3560 1617 3626; x_wconf 86' lang='lat' dir='ltr'><strong>qui</strong></span> <span class='ocrx_word' id='word_1_424' title='bbox 1649 3561 1964 3630; x_wconf 83' lang='lat' dir='ltr'><strong>evadentes,</strong></span> 
     </span>
    </p>
   </div>
   <div class='ocr_carea' id='block_1_69' title="bbox 289 3647 1966 3726">
    <p class='ocr_par' dir='ltr' id='par_1_69' title="bbox 289 3647 1966 3726">
     <span class='ocr_line' id='line_1_69' title="bbox 289 3647 1966 3726; baseline 0.005 -25"><span class='ocrx_word' id='word_1_425' title='bbox 289 3694 299 3701; x_wconf 93' lang='lat'><strong>.</strong></span> <span class='ocrx_word' id='word_1_426' title='bbox 378 3663 502 3716; x_wconf 81' lang='lat' dir='ltr'><strong>qute</strong></span> <span class='ocrx_word' id='word_1_427' title='bbox 557 3648 1246 3726; x_wconf 81' lang='lat' dir='ltr'><strong>acciderantenarrabant.</strong></span> <span class='ocrx_word' id='word_1_428' title='bbox 1304 3647 1442 3702; x_wconf 92' lang='lat' dir='ltr'><strong>Tum</strong></span> <span class='ocrx_word' id='word_1_429' title='bbox 1469 3665 1601 3704; x_wconf 88' lang='lat' dir='ltr'><strong>vero</strong></span> <span class='ocrx_word' id='word_1_430' title='bbox 1623 3650 1822 3722; x_wconf 75' lang='lat' dir='ltr'><strong>Persae,</strong></span> <span class='ocrx_word' id='word_1_431' title='bbox 1875 3672 1966 3710; x_wconf 88' lang='lat' dir='ltr'><strong>re-</strong></span> 
     </span>
    </p>
   </div>
   <div class='ocr_carea' id='block_1_70' title="bbox 380 3739 1678 3812">
    <p class='ocr_par' dir='ltr' id='par_1_70' title="bbox 380 3739 1678 3812">
     <span class='ocr_line' id='line_1_70' title="bbox 380 3739 1678 3812; baseline 0.003 -18"><span class='ocrx_word' id='word_1_432' title='bbox 380 3739 646 3795; x_wconf 87' lang='lat' dir='ltr'><strong>cedentes</strong></span> <span class='ocrx_word' id='word_1_433' title='bbox 673 3739 826 3793; x_wconf 82' lang='lat' dir='ltr'><strong>illinc</strong></span> <span class='ocrx_word' id='word_1_434' title='bbox 855 3741 1110 3810; x_wconf 80' lang='lat' dir='ltr'><strong>regiones</strong></span> <span class='ocrx_word' id='word_1_435' title='bbox 1151 3756 1283 3796; x_wconf 85' lang='lat' dir='ltr'><strong>suas</strong></span> <span class='ocrx_word' id='word_1_436' title='bbox 1315 3743 1678 3812; x_wconf 84' lang='lat' dir='ltr'><strong>repetierunt.</strong></span> 
     </span>
    </p>
   </div>
   <div class='ocr_carea' id='block_1_71' title="bbox 448 3943 1976 4012">
    <p class='ocr_par' dir='ltr' id='par_1_71' title="bbox 448 3943 1976 4012">
     <span class='ocr_line' id='line_1_71' title="bbox 448 3943 1976 4012; baseline 0.008 -18"><span class='ocrx_word' id='word_1_437' title='bbox 448 3944 525 3998; x_wconf 85' lang='lat' dir='ltr'><strong>De</strong></span> <span class='ocrx_word' id='word_1_438' title='bbox 547 3943 741 3997; x_wconf 88' lang='lat' dir='ltr'><strong>horum</strong></span> <span class='ocrx_word' id='word_1_439' title='bbox 771 3950 960 3998; x_wconf 90' lang='lat' dir='ltr'><strong>autem</strong></span> <span class='ocrx_word' id='word_1_440' title='bbox 994 3943 1241 3996; x_wconf 89' lang='lat' dir='ltr'><strong>omnium</strong></span> <span class='ocrx_word' id='word_1_441' title='bbox 1279 3944 1514 4002; x_wconf 89' lang='lat' dir='ltr'><strong>veritate</strong></span> <span class='ocrx_word' id='word_1_442' title='bbox 1548 3946 1976 4012; x_wconf 88' lang='lat' dir='ltr'><strong>Constantiolus.</strong></span> 
     </span>
    </p>
   </div>
   <div class='ocr_carea' id='block_1_72' title="bbox 306 4037 1965 4124">
    <p class='ocr_par' dir='ltr' id='par_1_72' title="bbox 306 4037 1965 4124">
     <span class='ocr_line' id='line_1_72' title="bbox 306 4037 1965 4124; baseline 0.004 -32"><span class='ocrx_word' id='word_1_443' title='bbox 306 4091 314 4100; x_wconf 81' lang='grc'><strong>,</strong></span> <span class='ocrx_word' id='word_1_444' title='bbox 381 4053 410 4092; x_wconf 88' lang='lat' dir='ltr'><strong>a</strong></span> <span class='ocrx_word' id='word_1_445' title='bbox 447 4040 714 4109; x_wconf 82' lang='lat' dir='ltr'><strong>magistro</strong></span> <span class='ocrx_word' id='word_1_446' title='bbox 772 4040 1104 4108; x_wconf 66' lang='lat' dir='ltr'><strong>ueterisque</strong></span> <span class='ocrx_word' id='word_1_447' title='bbox 1158 4037 1400 4124; x_wconf 56' lang='lat' dir='ltr'><strong>dtrcibus</strong></span> <span class='ocrx_word' id='word_1_448' title='bbox 1444 4042 1693 4105; x_wconf 89' lang='lat' dir='ltr'><strong>edoctus,</strong></span> <span class='ocrx_word' id='word_1_449' title='bbox 1729 4043 1797 4098; x_wconf 89' lang='lat' dir='ltr'><strong>ad</strong></span> <span class='ocrx_word' id='word_1_450' title='bbox 1855 4044 1965 4116; x_wconf 86' lang='lat' dir='ltr'><strong>By-</strong></span> 
     </span>
    </p>
   </div>
   <div class='ocr_carea' id='block_1_73' title="bbox 323 4131 1964 4209">
    <p class='ocr_par' dir='ltr' id='par_1_73' title="bbox 323 4131 1964 4209">
     <span class='ocr_line' id='line_1_73' title="bbox 323 4131 1964 4209; baseline 0.005 -24"><span class='ocrx_word' id='word_1_451' title='bbox 323 4149 328 4153; x_wconf 77' lang='lat'>&#39;</span> <span class='ocrx_word' id='word_1_452' title='bbox 379 4132 622 4186; x_wconf 81' lang='lat' dir='ltr'><strong>zantium</strong></span> <span class='ocrx_word' id='word_1_453' title='bbox 686 4133 882 4196; x_wconf 84' lang='lat' dir='ltr'><strong>redux,</strong></span> <span class='ocrx_word' id='word_1_454' title='bbox 925 4131 1248 4199; x_wconf 87' lang='lat' dir='ltr'><strong>imperatori</strong></span> <span class='ocrx_word' id='word_1_455' title='bbox 1285 4135 1588 4209; x_wconf 72' lang='lat' dir='ltr'><strong>nuntiavit.</strong></span> <span class='ocrx_word' id='word_1_456' title='bbox 1655 4133 1964 4205; x_wconf 81' lang='lat' dir='ltr'><strong>Imperator</strong></span> 
     </span>
    </p>
   </div>
   <div class='ocr_carea' id='block_1_74' title="bbox 373 4223 1963 4294">
    <p class='ocr_par' dir='ltr' id='par_1_74' title="bbox 373 4223 1963 4294">
     <span class='ocr_line' id='line_1_74' title="bbox 373 4223 1963 4294; baseline 0.004 -16"><span class='ocrx_word' id='word_1_457' title='bbox 373 4235 558 4278; x_wconf 88' lang='lat' dir='ltr'><strong>autem</strong></span> <span class='ocrx_word' id='word_1_458' title='bbox 589 4224 656 4278; x_wconf 89' lang='lat' dir='ltr'><strong>de</strong></span> <span class='ocrx_word' id='word_1_459' title='bbox 689 4224 856 4279; x_wconf 86' lang='lat' dir='ltr'><strong>rebus</strong></span> <span class='ocrx_word' id='word_1_460' title='bbox 893 4223 1076 4291; x_wconf 89' lang='lat' dir='ltr'><strong>priore</strong></span> <span class='ocrx_word' id='word_1_461' title='bbox 1111 4223 1298 4292; x_wconf 76' lang='lat' dir='ltr'><strong>praclio</strong></span> <span class='ocrx_word' id='word_1_462' title='bbox 1322 4227 1542 4294; x_wconf 75' lang='lat' dir='ltr'><strong>gestisa</strong></span> <span class='ocrx_word' id='word_1_463' title='bbox 1575 4226 1963 4285; x_wconf 78' lang='lat' dir='ltr'><strong>Constantiolo</strong></span> 
     </span>
    </p>
   </div>
   <div class='ocr_carea' id='block_1_75' title="bbox 372 4315 1958 4390">
    <p class='ocr_par' dir='ltr' id='par_1_75' title="bbox 372 4315 1958 4390">
     <span class='ocr_line' id='line_1_75' title="bbox 372 4315 1958 4390; baseline 0.008 -25"><span class='ocrx_word' id='word_1_464' title='bbox 372 4317 580 4370; x_wconf 86' lang='lat' dir='ltr'><strong>certior</strong></span> <span class='ocrx_word' id='word_1_465' title='bbox 613 4315 879 4379; x_wconf 88' lang='lat' dir='ltr'><strong>redditus,</strong></span> <span class='ocrx_word' id='word_1_466' title='bbox 907 4315 1234 4371; x_wconf 86' lang='lat' dir='ltr'><strong>Belisarium</strong></span> <span class='ocrx_word' id='word_1_467' title='bbox 1270 4319 1600 4388; x_wconf 79' lang='lat' dir='ltr'><strong>magistratu</strong></span> <span class='ocrx_word' id='word_1_468' title='bbox 1634 4319 1958 4390; x_wconf 88' lang='lat' dir='ltr'><strong>abdicavit;</strong></span> 
     </span>
    </p>
   </div>
   <div class='ocr_carea' id='block_1_76' title="bbox 375 4405 1959 4476">
    <p class='ocr_par' dir='ltr' id='par_1_76' title="bbox 375 4405 1959 4476">
     <span class='ocr_line' id='line_1_76' title="bbox 375 4405 1959 4476; baseline 0.006 -17"><span class='ocrx_word' id='word_1_469' title='bbox 375 4405 823 4474; x_wconf 79' lang='lat' dir='ltr'><strong>Mundumquein</strong></span> <span class='ocrx_word' id='word_1_470' title='bbox 856 4406 978 4476; x_wconf 89' lang='lat' dir='ltr'><strong>ejus</strong></span> <span class='ocrx_word' id='word_1_471' title='bbox 1015 4407 1194 4462; x_wconf 89' lang='lat' dir='ltr'><strong>locum</strong></span> <span class='ocrx_word' id='word_1_472' title='bbox 1231 4407 1545 4474; x_wconf 72' lang='lat' dir='ltr'><strong>suilectum,</strong></span> <span class='ocrx_word' id='word_1_473' title='bbox 1605 4412 1842 4466; x_wconf 91' lang='lat' dir='ltr'><strong>militum</strong></span> <span class='ocrx_word' id='word_1_474' title='bbox 1904 4414 1959 4468; x_wconf 92' lang='lat' dir='ltr'><strong>in</strong></span> 
     </span>
    </p>
   </div>
   <div class='ocr_carea' id='block_1_77' title="bbox 2069 3199 3649 3293">
    <p class='ocr_par' dir='ltr' id='par_1_77' title="bbox 2069 3199 3649 3293">
     <span class='ocr_line' id='line_1_77' title="bbox 2069 3199 3649 3293; baseline 0.008 -29"><span class='ocrx_word' id='word_1_475' title='bbox 2069 3228 2168 3274; x_wconf 86' lang='grc' dir='ltr'><strong>σας</strong></span> <span class='ocrx_word' id='word_1_476' title='bbox 2219 3212 2400 3280; x_wconf 78' lang='grc' dir='ltr'>ξίφεσι</span> <span class='ocrx_word' id='word_1_477' title='bbox 2439 3199 2862 3285; x_wconf 61' lang='grc' dir='ltr'>κατανήλισκον.</span> <span class='ocrx_word' id='word_1_478' title='bbox 2906 3217 3018 3270; x_wconf 75' lang='grc' dir='ltr'><strong>Καὶ</strong></span> <span class='ocrx_word' id='word_1_479' title='bbox 3049 3218 3271 3282; x_wconf 86' lang='grc' dir='ltr'>γνόντες</span> <span class='ocrx_word' id='word_1_480' title='bbox 3318 3221 3367 3273; x_wconf 80' lang='grc' dir='ltr'>οἱ</span> <span class='ocrx_word' id='word_1_481' title='bbox 3422 3199 3649 3293; x_wconf 78' lang='grc' dir='ltr'>Πέρσαι,</span> 
     </span>
    </p>
   </div>
   <div class='ocr_carea' id='block_1_78' title="bbox 2059 3303 3652 3380">
    <p class='ocr_par' dir='ltr' id='par_1_78' title="bbox 2059 3303 3652 3380">
     <span class='ocr_line' id='line_1_78' title="bbox 2059 3303 3652 3380; baseline 0.008 -26"><span class='ocrx_word' id='word_1_482' title='bbox 2059 3304 2126 3355; x_wconf 68' lang='grc' dir='ltr'><strong>ἐν</strong></span> <span class='ocrx_word' id='word_1_483' title='bbox 2166 3303 2244 3373; x_wconf 81' lang='grc' dir='ltr'>τῷ</span> <span class='ocrx_word' id='word_1_484' title='bbox 2279 3305 2636 3380; x_wconf 49' lang='grc' dir='ltr'>-ἀ-σχολεῑσθαι</span> <span class='ocrx_word' id='word_1_485' title='bbox 2673 3307 2800 3370; x_wconf 81' lang='grc' dir='ltr'>τοὺς</span> <span class='ocrx_word' id='word_1_486' title='bbox 2842 3306 3187 3376; x_wconf 83' lang='grc' dir='ltr'>στρατιώτας</span> <span class='ocrx_word' id='word_1_487' title='bbox 3238 3309 3526 3380; x_wconf 80' lang='grc' dir='ltr'>Ῥωμαίων</span> <span class='ocrx_word' id='word_1_488' title='bbox 3569 3316 3652 3376; x_wconf 81' lang='grc' dir='ltr'><strong>είς</strong></span> 
     </span>
    </p>
   </div>
   <div class='ocr_carea' id='block_1_79' title="bbox 2067 3369 3653 3478">
    <p class='ocr_par' dir='ltr' id='par_1_79' title="bbox 2067 3369 3653 3478">
     <span class='ocr_line' id='line_1_79' title="bbox 2067 3369 3653 3478; baseline 0.007 -28"><span class='ocrx_word' id='word_1_489' title='bbox 2067 3399 2168 3468; x_wconf 81' lang='grc' dir='ltr'><strong>τὴν</strong></span> <span class='ocrx_word' id='word_1_490' title='bbox 2216 3369 2482 3472; x_wconf 20' lang='grc' dir='ltr'>ήδιοξυγὴν</span> <span class='ocrx_word' id='word_1_491' title='bbox 2537 3369 2794 3464; x_wconf 83' lang='grc' dir='ltr'>λαϐόντες</span> <span class='ocrx_word' id='word_1_492' title='bbox 2855 3369 3064 3467; x_wconf 77' lang='grc' dir='ltr'>σκάλας</span> <span class='ocrx_word' id='word_1_493' title='bbox 3127 3369 3513 3475; x_wconf 71' lang='grc' dir='ltr'>προσήγγισαν</span> <span class='ocrx_word' id='word_1_494' title='bbox 3571 3409 3653 3478; x_wconf 81' lang='grc' dir='ltr'><strong>τῷ</strong></span> 
     </span>
    </p>
   </div>
   <div class='ocr_carea' id='block_1_80' title="bbox 2065 3491 3653 3566">
    <p class='ocr_par' dir='ltr' id='par_1_80' title="bbox 2065 3491 3653 3566">
     <span class='ocr_line' id='line_1_80' title="bbox 2065 3491 3653 3566; baseline 0.009 -25"><span class='ocrx_word' id='word_1_495' title='bbox 2065 3491 2240 3560; x_wconf 70' lang='grc' dir='ltr'>τείχει</span> <span class='ocrx_word' id='word_1_496' title='bbox 2293 3495 2514 3556; x_wconf 78' lang='grc' dir='ltr'>νυκτόςο</span> <span class='ocrx_word' id='word_1_497' title='bbox 2571 3494 2666 3546; x_wconf 75' lang='grc' dir='ltr'>καὶ</span> <span class='ocrx_word' id='word_1_498' title='bbox 2693 3493 3032 3558; x_wconf 74' lang='grc' dir='ltr'>εἰσελθόντες</span> <span class='ocrx_word' id='word_1_499' title='bbox 3077 3496 3388 3566; x_wconf 83' lang='grc' dir='ltr'>παρέλαϐον</span> <span class='ocrx_word' id='word_1_500' title='bbox 3446 3491 3653 3556; x_wconf 79' lang='grc' dir='ltr'>τδ’κά-</span> 
     </span>
    </p>
   </div>
   <div class='ocr_carea' id='block_1_81' title="bbox 2068 3583 3650 3658">
    <p class='ocr_par' dir='ltr' id='par_1_81' title="bbox 2068 3583 3650 3658">
     <span class='ocr_line' id='line_1_81' title="bbox 2068 3583 3650 3658; baseline 0.008 -26"><span class='ocrx_word' id='word_1_501' title='bbox 2068 3597 2232 3652; x_wconf 91' lang='grc' dir='ltr'>στρον</span> <span class='ocrx_word' id='word_1_502' title='bbox 2253 3583 2299 3615; x_wconf 77' lang='grc'><strong>⁸³</strong></span> <span class='ocrx_word' id='word_1_503' title='bbox 2331 3583 2425 3637; x_wconf 69' lang='grc' dir='ltr'>καὶ</span> <span class='ocrx_word' id='word_1_504' title='bbox 2465 3583 2678 3648; x_wconf 86' lang='grc' dir='ltr'>πάντας</span> <span class='ocrx_word' id='word_1_505' title='bbox 2719 3584 2932 3638; x_wconf 84' lang='grc' dir='ltr'>ἀνεῖλον</span> <span class='ocrx_word' id='word_1_506' title='bbox 2952 3601 2968 3616; x_wconf 85' lang='grc'><strong>·</strong></span> <span class='ocrx_word' id='word_1_507' title='bbox 2998 3586 3146 3649; x_wconf 82' lang='grc' dir='ltr'>τινὲς</span> <span class='ocrx_word' id='word_1_508' title='bbox 3172 3587 3230 3639; x_wconf 86' lang='grc' dir='ltr'><strong>δέ</strong></span> <span class='ocrx_word' id='word_1_509' title='bbox 3267 3589 3528 3658; x_wconf 80' lang='grc' dir='ltr'>ἐκφυγεῖν</span> <span class='ocrx_word' id='word_1_510' title='bbox 3555 3592 3650 3644; x_wconf 89' lang='grc' dir='ltr'>δυ-</span> 
     </span>
    </p>
   </div>
   <div class='ocr_carea' id='block_1_82' title="bbox 2066 3675 3648 3748">
    <p class='ocr_par' dir='ltr' id='par_1_82' title="bbox 2066 3675 3648 3748">
     <span class='ocr_line' id='line_1_82' title="bbox 2066 3675 3648 3748; baseline 0.007 -22"><span class='ocrx_word' id='word_1_511' title='bbox 2066 3675 2325 3743; x_wconf 84' lang='grc' dir='ltr'>νηθέντες</span> <span class='ocrx_word' id='word_1_512' title='bbox 2379 3676 2720 3745; x_wconf 80' lang='grc' dir='ltr'>ἀπήγγειλαν</span> <span class='ocrx_word' id='word_1_513' title='bbox 2779 3677 2850 3731; x_wconf 84' lang='grc' dir='ltr'><strong>τά</strong></span> <span class='ocrx_word' id='word_1_514' title='bbox 2914 3679 3222 3748; x_wconf 74' lang='grc' dir='ltr'>γενόμεναο</span> <span class='ocrx_word' id='word_1_515' title='bbox 3291 3681 3546 3736; x_wconf 81' lang='grc' dir='ltr'>κάκεῖθεν</span> <span class='ocrx_word' id='word_1_516' title='bbox 3595 3685 3648 3738; x_wconf 78' lang='grc' dir='ltr'>οἱ</span> 
     </span>
    </p>
   </div>
   <div class='ocr_carea' id='block_1_83' title="bbox 2066 3765 3651 3846">
    <p class='ocr_par' dir='ltr' id='par_1_83' title="bbox 2066 3765 3651 3846">
     <span class='ocr_line' id='line_1_83' title="bbox 2066 3765 3651 3846; baseline 0.008 -30"><span class='ocrx_word' id='word_1_517' title='bbox 2066 3765 2276 3834; x_wconf 81' lang='grc' dir='ltr'>Πέρσαι</span> <span class='ocrx_word' id='word_1_518' title='bbox 2327 3765 2736 3838; x_wconf 82' lang='grc' dir='ltr'>ἐξορμήσαντες</span> <span class='ocrx_word' id='word_1_519' title='bbox 2786 3767 3170 3841; x_wconf 82' lang='grc' dir='ltr'>’ἀνεχώρησαν</span> <span class='ocrx_word' id='word_1_520' title='bbox 3241 3771 3322 3836; x_wconf 79' lang='grc' dir='ltr'><strong>είς</strong></span> <span class='ocrx_word' id='word_1_521' title='bbox 3372 3774 3441 3826; x_wconf 77' lang='grc' dir='ltr'>τὰ</span> <span class='ocrx_word' id='word_1_522' title='bbox 3505 3776 3651 3846; x_wconf 78' lang='grc' dir='ltr'>Περο</span> 
     </span>
    </p>
   </div>
   <div class='ocr_carea' id='block_1_84' title="bbox 2069 3856 3474 3943">
    <p class='ocr_par' dir='ltr' id='par_1_84' title="bbox 2069 3856 3474 3943">
     <span class='ocr_line' id='line_1_84' title="bbox 2069 3856 3474 3943; baseline 0.007 -36"><span class='ocrx_word' id='word_1_523' title='bbox 2069 3856 2218 3910; x_wconf 86' lang='grc' dir='ltr'>σικά.</span> <span class='ocrx_word' id='word_1_524' title='bbox 3454 3929 3474 3943; x_wconf 46' lang='grc' dir='ltr'><strong><em>ο</em></strong></span> 
     </span>
    </p>
   </div>
   <div class='ocr_carea' id='block_1_85' title="bbox 2139 3947 3648 4026">
    <p class='ocr_par' dir='ltr' id='par_1_85' title="bbox 2139 3947 3648 4026">
     <span class='ocr_line' id='line_1_85' title="bbox 2139 3947 3648 4026; baseline 0.007 -26"><span class='ocrx_word' id='word_1_525' title='bbox 2139 3947 2290 4022; x_wconf 69' lang='lat'><strong>[206]</strong></span> <span class='ocrx_word' id='word_1_526' title='bbox 2345 3949 2458 4003; x_wconf 73' lang='lat' dir='ltr'><strong>Kal</strong></span> <span class='ocrx_word' id='word_1_527' title='bbox 2514 3948 2702 4018; x_wconf 85' lang='grc' dir='ltr'>μαθὼν</span> <span class='ocrx_word' id='word_1_528' title='bbox 2744 3949 3190 4016; x_wconf 83' lang='grc' dir='ltr'>Κωνσταντίολος</span> <span class='ocrx_word' id='word_1_529' title='bbox 3241 3955 3311 4008; x_wconf 83' lang='grc' dir='ltr'>τὰ</span> <span class='ocrx_word' id='word_1_530' title='bbox 3360 3957 3648 4026; x_wconf 76' lang='grc' dir='ltr'>συμϐάντα</span> 
     </span>
    </p>
   </div>
   <div class='ocr_carea' id='block_1_86' title="bbox 2067 4041 3648 4120">
    <p class='ocr_par' dir='ltr' id='par_1_86' title="bbox 2067 4041 3648 4120">
     <span class='ocr_line' id='line_1_86' title="bbox 2067 4041 3648 4120; baseline 0.003 -25"><span class='ocrx_word' id='word_1_531' title='bbox 2067 4041 2218 4113; x_wconf 79' lang='grc' dir='ltr'>παρὰ</span> <span class='ocrx_word' id='word_1_532' title='bbox 2241 4041 2334 4094; x_wconf 79' lang='grc' dir='ltr'>τοῦ</span> <span class='ocrx_word' id='word_1_533' title='bbox 2365 4043 2672 4113; x_wconf 77' lang='grc' dir='ltr'>μαγίστρου</span> <span class='ocrx_word' id='word_1_534' title='bbox 2708 4043 2803 4096; x_wconf 74' lang='grc' dir='ltr'>καὶ</span> <span class='ocrx_word' id='word_1_535' title='bbox 2830 4043 2938 4098; x_wconf 88' lang='grc' dir='ltr'><strong>τῶν</strong></span> <span class='ocrx_word' id='word_1_536' title='bbox 2961 4044 3167 4098; x_wconf 83' lang='grc' dir='ltr'>λοιπῶν</span> <span class='ocrx_word' id='word_1_537' title='bbox 3203 4046 3451 4117; x_wconf 79' lang='grc' dir='ltr'>ἐξάρχων</span> <span class='ocrx_word' id='word_1_538' title='bbox 3479 4047 3648 4120; x_wconf 81' lang='grc' dir='ltr'>ἐξώρ-</span> 
     </span>
    </p>
   </div>
   <div class='ocr_carea' id='block_1_87' title="bbox 2070 4135 3648 4210">
    <p class='ocr_par' dir='ltr' id='par_1_87' title="bbox 2070 4135 3648 4210">
     <span class='ocr_line' id='line_1_87' title="bbox 2070 4135 3648 4210; baseline 0.005 -24"><span class='ocrx_word' id='word_1_539' title='bbox 2070 4151 2247 4206; x_wconf 83' lang='grc' dir='ltr'>μησεν</span> <span class='ocrx_word' id='word_1_540' title='bbox 2287 4137 2344 4187; x_wconf 79' lang='grc' dir='ltr'><strong>ἐν</strong></span> <span class='ocrx_word' id='word_1_541' title='bbox 2379 4135 2683 4205; x_wconf 79' lang='grc' dir='ltr'>Βυζαντίῳ,</span> <span class='ocrx_word' id='word_1_542' title='bbox 2717 4135 2814 4187; x_wconf 76' lang='grc' dir='ltr'><strong>καὶ</strong></span> <span class='ocrx_word' id='word_1_543' title='bbox 2857 4137 3106 4206; x_wconf 76' lang='grc' dir='ltr'>ἀνήγαγε</span> <span class='ocrx_word' id='word_1_544' title='bbox 3147 4138 3216 4192; x_wconf 83' lang='grc' dir='ltr'>τὰ</span> <span class='ocrx_word' id='word_1_545' title='bbox 3241 4139 3531 4210; x_wconf 82' lang='grc' dir='ltr'>συμϐάντα</span> <span class='ocrx_word' id='word_1_546' title='bbox 3568 4141 3648 4210; x_wconf 82' lang='grc' dir='ltr'>τῷ</span> 
     </span>
    </p>
   </div>
   <div class='ocr_carea' id='block_1_88' title="bbox 2066 4229 3648 4308">
    <p class='ocr_par' dir='ltr' id='par_1_88' title="bbox 2066 4229 3648 4308">
     <span class='ocr_line' id='line_1_88' title="bbox 2066 4229 3648 4308; baseline 0.004 -26"><span class='ocrx_word' id='word_1_547' title='bbox 2066 4229 2300 4301; x_wconf 84' lang='grc' dir='ltr'>βασιλεῖ.</span> <span class='ocrx_word' id='word_1_548' title='bbox 2338 4229 2618 4299; x_wconf 84' lang='grc' dir='ltr'>Ἀκηκοὼς</span> <span class='ocrx_word' id='word_1_549' title='bbox 2649 4230 2706 4282; x_wconf 79' lang='grc' dir='ltr'><strong>δέ</strong></span> <span class='ocrx_word' id='word_1_550' title='bbox 2741 4230 2894 4301; x_wconf 83' lang='grc' dir='ltr'>παρὰ</span> <span class='ocrx_word' id='word_1_551' title='bbox 2943 4232 3387 4287; x_wconf 81' lang='grc' dir='ltr'>Κωνσταντιόλου</span> <span class='ocrx_word' id='word_1_552' title='bbox 3418 4236 3486 4289; x_wconf 75' lang='grc' dir='ltr'><strong>τὰ</strong></span> <span class='ocrx_word' id='word_1_553' title='bbox 3519 4237 3648 4308; x_wconf 75' lang='grc' dir='ltr'>περὶ</span> 
     </span>
    </p>
   </div>
   <div class='ocr_carea' id='block_1_89' title="bbox 2063 4320 3647 4398">
    <p class='ocr_par' dir='ltr' id='par_1_89' title="bbox 2063 4320 3647 4398">
     <span class='ocr_line' id='line_1_89' title="bbox 2063 4320 3647 4398; baseline 0.004 -23"><span class='ocrx_word' id='word_1_554' title='bbox 2063 4325 2164 4394; x_wconf 85' lang='grc' dir='ltr'><strong>τῆς</strong></span> <span class='ocrx_word' id='word_1_555' title='bbox 2187 4321 2466 4392; x_wconf 79' lang='grc' dir='ltr'>συμϐολῆς</span> <span class='ocrx_word' id='word_1_556' title='bbox 2487 4320 2583 4374; x_wconf 84' lang='grc' dir='ltr'>τοῦ</span> <span class='ocrx_word' id='word_1_557' title='bbox 2607 4320 2872 4393; x_wconf 80' lang='grc' dir='ltr'>πολέμου,</span> <span class='ocrx_word' id='word_1_558' title='bbox 2901 4321 3174 4386; x_wconf 78' lang='grc' dir='ltr'>διεδέξατο</span> <span class='ocrx_word' id='word_1_559' title='bbox 3205 4326 3304 4394; x_wconf 77' lang='grc' dir='ltr'><strong>μὲν</strong></span> <span class='ocrx_word' id='word_1_560' title='bbox 3329 4327 3647 4398; x_wconf 83' lang='grc' dir='ltr'>Βελισάριον</span> 
     </span>
    </p>
   </div>
   <div class='ocr_carea' id='block_1_90' title="bbox 2062 4413 3646 4492">
    <p class='ocr_par' dir='ltr' id='par_1_90' title="bbox 2062 4413 3646 4492">
     <span class='ocr_line' id='line_1_90' title="bbox 2062 4413 3646 4492; baseline 0.005 -28"><span class='ocrx_word' id='word_1_561' title='bbox 2062 4413 2163 4483; x_wconf 77' lang='grc' dir='ltr'>τῆς</span> <span class='ocrx_word' id='word_1_562' title='bbox 2201 4413 2632 4486; x_wconf 80' lang='grc' dir='ltr'>στρατηλασίας,</span> <span class='ocrx_word' id='word_1_563' title='bbox 2671 4413 3008 4486; x_wconf 83' lang='grc' dir='ltr'>προαγαγὼν</span> <span class='ocrx_word' id='word_1_564' title='bbox 3039 4417 3094 4470; x_wconf 80' lang='grc' dir='ltr'><strong>δὲ</strong></span> <span class='ocrx_word' id='word_1_565' title='bbox 3123 4417 3364 4471; x_wconf 80' lang='grc' dir='ltr'>Μοῦνδον</span> <span class='ocrx_word' id='word_1_566' title='bbox 3393 4419 3646 4492; x_wconf 82' lang='grc' dir='ltr'>ἐποίησεν</span> 
     </span>
    </p>
   </div>
   <div class='ocr_carea' id='block_1_91' title="bbox 369 4478 1964 4581">
    <p class='ocr_par' dir='ltr' id='par_1_91' title="bbox 369 4499 1958 4570">
     <span class='ocr_line' id='line_1_91' title="bbox 369 4499 1958 4570; baseline 0.004 -18"><span class='ocrx_word' id='word_1_567' title='bbox 369 4499 595 4552; x_wconf 90' lang='lat' dir='ltr'><strong>Oriente</strong></span> <span class='ocrx_word' id='word_1_568' title='bbox 625 4499 950 4568; x_wconf 79' lang='lat' dir='ltr'><strong>magistrum</strong></span> <span class='ocrx_word' id='word_1_569' title='bbox 990 4499 1320 4570; x_wconf 81' lang='lat' dir='ltr'><strong>designavit.</strong></span> <span class='ocrx_word' id='word_1_570' title='bbox 1351 4500 1536 4556; x_wconf 82' lang='lat' dir='ltr'><strong>Mense</strong></span> <span class='ocrx_word' id='word_1_571' title='bbox 1561 4511 1740 4558; x_wconf 86' lang='lat' dir='ltr'><strong>autem</strong></span> <span class='ocrx_word' id='word_1_572' title='bbox 1768 4503 1958 4570; x_wconf 86' lang='lat' dir='ltr'><strong>Junio,</strong></span> 
     </span>
    </p>
   </div>
   <div class='ocr_carea' id='block_1_92' title="bbox 2070 4478 3647 4581">
    <p class='ocr_par' dir='ltr' id='par_1_92' title="bbox 2070 4478 3647 4581">
     <span class='ocr_line' id='line_1_92' title="bbox 2070 4478 3647 4581; baseline 0.006 -26"><span class='ocrx_word' id='word_1_573' title='bbox 2070 4478 2234 4558; x_wconf 77' lang='grc' dir='ltr'>αύτὸν</span> <span class='ocrx_word' id='word_1_574' title='bbox 2263 4478 2644 4574; x_wconf 76' lang='grc' dir='ltr'>στρατηλάτην</span> <span class='ocrx_word' id='word_1_575' title='bbox 2679 4478 2998 4576; x_wconf 38' lang='grc' dir='ltr'>’Ᾰνατολ-ῆς.</span> <span class='ocrx_word' id='word_1_576' title='bbox 3047 4507 3139 4577; x_wconf 81' lang='grc' dir='ltr'>Τῷ</span> <span class='ocrx_word' id='word_1_577' title='bbox 3183 4507 3241 4561; x_wconf 87' lang='grc' dir='ltr'><strong>δέ</strong></span> <span class='ocrx_word' id='word_1_578' title='bbox 3279 4509 3484 4580; x_wconf 86' lang='grc' dir='ltr'>Ἰουνίῳ</span> <span class='ocrx_word' id='word_1_579' title='bbox 3517 4478 3647 4581; x_wconf 69' lang='grc' dir='ltr'>μηνὶ</span> 
     </span>
    </p>
   </div>
   <div class='ocr_carea' id='block_1_93' title="bbox 369 4589 1958 4664">
    <p class='ocr_par' dir='ltr' id='par_1_93' title="bbox 369 4589 1958 4664">
     <span class='ocr_line' id='line_1_93' title="bbox 369 4589 1958 4664; baseline 0.004 -20"><span class='ocrx_word' id='word_1_580' title='bbox 369 4589 539 4645; x_wconf 84' lang='lat' dir='ltr'><strong>duces</strong></span> <span class='ocrx_word' id='word_1_581' title='bbox 573 4589 808 4644; x_wconf 68' lang='lat' dir='ltr'><strong>[lentant</strong></span> <span class='ocrx_word' id='word_1_582' title='bbox 847 4593 976 4645; x_wconf 87' lang='lat' dir='ltr'><strong>dum</strong></span> <span class='ocrx_word' id='word_1_583' title='bbox 1011 4593 1075 4646; x_wconf 89' lang='lat' dir='ltr'><strong>ad</strong></span> <span class='ocrx_word' id='word_1_584' title='bbox 1113 4594 1240 4646; x_wconf 90' lang='lat' dir='ltr'><strong>belli</strong></span> <span class='ocrx_word' id='word_1_585' title='bbox 1267 4592 1475 4649; x_wconf 87' lang='lat' dir='ltr'><strong>Persici</strong></span> <span class='ocrx_word' id='word_1_586' title='bbox 1509 4599 1958 4664; x_wconf 88' lang='lat' dir='ltr'><strong>prosecutiouem</strong></span> 
     </span>
    </p>
   </div>
   <div class='ocr_carea' id='block_1_94' title="bbox 371 4681 1996 4755">
    <p class='ocr_par' dir='ltr' id='par_1_94' title="bbox 371 4681 1996 4755">
     <span class='ocr_line' id='line_1_94' title="bbox 371 4681 1996 4755; baseline 0.005 -19"><span class='ocrx_word' id='word_1_587' title='bbox 371 4697 495 4736; x_wconf 90' lang='lat' dir='ltr'><strong>sese</strong></span> <span class='ocrx_word' id='word_1_588' title='bbox 534 4693 817 4750; x_wconf 84' lang='lat' dir='ltr'><strong>pararent,</strong></span> <span class='ocrx_word' id='word_1_589' title='bbox 849 4681 1259 4754; x_wconf 78' lang='lat' dir='ltr'><strong>Saracenorum</strong></span> <span class='ocrx_word' id='word_1_590' title='bbox 1297 4687 1520 4755; x_wconf 76' lang='lat' dir='ltr'><strong>regulus</strong></span> <span class='ocrx_word' id='word_1_591' title='bbox 1547 4687 1960 4744; x_wconf 87' lang='lat' dir='ltr'><strong>Alamuudarus</strong></span> <span class='ocrx_word' id='word_1_592' title='bbox 1989 4745 1996 4752; x_wconf 82' lang='grc'><strong>,</strong></span> 
     </span>
    </p>
   </div>
   <div class='ocr_carea' id='block_1_95' title="bbox 367 4774 1961 4844">
    <p class='ocr_par' dir='ltr' id='par_1_95' title="bbox 367 4774 1961 4844">
     <span class='ocr_line' id='line_1_95' title="bbox 367 4774 1961 4844; baseline 0.004 -16"><span class='ocrx_word' id='word_1_593' title='bbox 367 4791 466 4844; x_wconf 91' lang='lat' dir='ltr'><strong>per</strong></span> <span class='ocrx_word' id='word_1_594' title='bbox 501 4775 712 4828; x_wconf 77' lang='lat' dir='ltr'><strong>litteras</strong></span> <span class='ocrx_word' id='word_1_595' title='bbox 755 4774 824 4827; x_wconf 89' lang='lat' dir='ltr'><strong>ab</strong></span> <span class='ocrx_word' id='word_1_596' title='bbox 866 4775 946 4828; x_wconf 91' lang='lat' dir='ltr'><strong>eis</strong></span> <span class='ocrx_word' id='word_1_597' title='bbox 979 4776 1302 4842; x_wconf 80' lang='lat' dir='ltr'><strong>pestulavit,</strong></span> <span class='ocrx_word' id='word_1_598' title='bbox 1339 4788 1399 4830; x_wconf 93' lang='lat' dir='ltr'><strong>ut</strong></span> <span class='ocrx_word' id='word_1_599' title='bbox 1447 4777 1513 4832; x_wconf 86' lang='lat' dir='ltr'><strong>ad</strong></span> <span class='ocrx_word' id='word_1_600' title='bbox 1549 4792 1610 4832; x_wconf 92' lang='lat' dir='ltr'><strong>se</strong></span> <span class='ocrx_word' id='word_1_601' title='bbox 1645 4779 1961 4835; x_wconf 90' lang='lat' dir='ltr'><strong>mitteretur</strong></span> 
     </span>
    </p>
   </div>
   <div class='ocr_carea' id='block_1_96' title="bbox 369 4866 1956 4940">
    <p class='ocr_par' dir='ltr' id='par_1_96' title="bbox 369 4866 1956 4940">
     <span class='ocr_line' id='line_1_96' title="bbox 369 4866 1956 4940; baseline 0.005 -20"><span class='ocrx_word' id='word_1_602' title='bbox 369 4867 596 4935; x_wconf 76' lang='lat' dir='ltr'><strong>Sergius</strong></span> <span class='ocrx_word' id='word_1_603' title='bbox 623 4867 864 4934; x_wconf 87' lang='lat' dir='ltr'><strong>quidam,</strong></span> <span class='ocrx_word' id='word_1_604' title='bbox 900 4866 1188 4933; x_wconf 90' lang='lat' dir='ltr'><strong>diaconus,</strong></span> <span class='ocrx_word' id='word_1_605' title='bbox 1241 4885 1341 4938; x_wconf 90' lang='lat' dir='ltr'><strong>per</strong></span> <span class='ocrx_word' id='word_1_606' title='bbox 1374 4886 1534 4938; x_wconf 86' lang='lat' dir='ltr'><strong>quem</strong></span> <span class='ocrx_word' id='word_1_607' title='bbox 1574 4873 1725 4940; x_wconf 88' lang='lat' dir='ltr'><strong>pacis</strong></span> <span class='ocrx_word' id='word_1_608' title='bbox 1756 4875 1956 4928; x_wconf 90' lang='lat' dir='ltr'><strong>condi-</strong></span> 
     </span>
    </p>
   </div>
   <div class='ocr_carea' id='block_1_97' title="bbox 366 4959 1959 5036">
    <p class='ocr_par' dir='ltr' id='par_1_97' title="bbox 366 4959 1959 5036">
     <span class='ocr_line' id='line_1_97' title="bbox 366 4959 1959 5036; baseline 0.007 -25"><span class='ocrx_word' id='word_1_609' title='bbox 366 4959 552 5014; x_wconf 85' lang='lat' dir='ltr'><strong>tiones</strong></span> <span class='ocrx_word' id='word_1_610' title='bbox 581 4959 900 5028; x_wconf 86' lang='lat' dir='ltr'><strong>imperatori</strong></span> <span class='ocrx_word' id='word_1_611' title='bbox 923 4960 1226 5015; x_wconf 87' lang='lat' dir='ltr'><strong>nuntiaret.</strong></span> <span class='ocrx_word' id='word_1_612' title='bbox 1261 4961 1564 5031; x_wconf 75' lang='lat' dir='ltr'><strong>Expeditus</strong></span> <span class='ocrx_word' id='word_1_613' title='bbox 1584 4962 1747 5034; x_wconf 66' lang='grc'><strong>467</strong></span> <span class='ocrx_word' id='word_1_614' title='bbox 1773 4967 1959 5036; x_wconf 86' lang='lat' dir='ltr'><strong>itaque</strong></span> 
     </span>
    </p>
   </div>
   <div class='ocr_carea' id='block_1_98' title="bbox 365 5053 1958 5121">
    <p class='ocr_par' dir='ltr' id='par_1_98' title="bbox 365 5053 1958 5121">
     <span class='ocr_line' id='line_1_98' title="bbox 365 5053 1958 5121; baseline 0.006 -16"><span class='ocrx_word' id='word_1_615' title='bbox 365 5053 592 5121; x_wconf 81' lang='lat' dir='ltr'><strong>Sergius</strong></span> <span class='ocrx_word' id='word_1_616' title='bbox 623 5053 872 5107; x_wconf 80' lang='lat' dir='ltr'><strong>Romano</strong></span> <span class='ocrx_word' id='word_1_617' title='bbox 899 5054 1219 5121; x_wconf 83' lang='lat' dir='ltr'><strong>imperatori</strong></span> <span class='ocrx_word' id='word_1_618' title='bbox 1249 5054 1463 5110; x_wconf 86' lang='lat' dir='ltr'><strong>litteras</strong></span> <span class='ocrx_word' id='word_1_619' title='bbox 1483 5055 1550 5108; x_wconf 88' lang='lat' dir='ltr'><strong>ab</strong></span> <span class='ocrx_word' id='word_1_620' title='bbox 1582 5057 1958 5114; x_wconf 79' lang='lat' dir='ltr'><strong>Alamundaro</strong></span> 
     </span>
    </p>
   </div>
   <div class='ocr_carea' id='block_1_99' title="bbox 362 5143 1954 5216">
    <p class='ocr_par' dir='ltr' id='par_1_99' title="bbox 362 5143 1954 5216">
     <span class='ocr_line' id='line_1_99' title="bbox 362 5143 1954 5216; baseline 0.005 -20"><span class='ocrx_word' id='word_1_621' title='bbox 362 5143 630 5209; x_wconf 86' lang='lat' dir='ltr'><strong>tradidit;</strong></span> <span class='ocrx_word' id='word_1_622' title='bbox 659 5143 863 5212; x_wconf 86' lang='lat' dir='ltr'><strong>quibus</strong></span> <span class='ocrx_word' id='word_1_623' title='bbox 887 5144 1190 5212; x_wconf 76' lang='lat' dir='ltr'><strong>imperator</strong></span> <span class='ocrx_word' id='word_1_624' title='bbox 1215 5144 1482 5213; x_wconf 83' lang='lat' dir='ltr'><strong>acceptis,</strong></span> <span class='ocrx_word' id='word_1_625' title='bbox 1517 5145 1585 5198; x_wconf 92' lang='lat' dir='ltr'><strong>ab</strong></span> <span class='ocrx_word' id='word_1_626' title='bbox 1612 5145 1833 5216; x_wconf 90' lang='lat' dir='ltr'><strong>incepto</strong></span> <span class='ocrx_word' id='word_1_627' title='bbox 1853 5165 1954 5204; x_wconf 91' lang='lat' dir='ltr'><strong>suo</strong></span> 
     </span>
    </p>
   </div>
   <div class='ocr_carea' id='block_1_100' title="bbox 361 5231 1948 5307">
    <p class='ocr_par' dir='ltr' id='par_1_100' title="bbox 361 5231 1948 5307">
     <span class='ocr_line' id='line_1_100' title="bbox 361 5231 1948 5307; baseline 0.004 -17"><span class='ocrx_word' id='word_1_628' title='bbox 361 5236 430 5290; x_wconf 89' lang='lat' dir='ltr'><strong>de</strong></span> <span class='ocrx_word' id='word_1_629' title='bbox 491 5237 674 5290; x_wconf 79' lang='lat' dir='ltr'><strong>Persis</strong></span> <span class='ocrx_word' id='word_1_630' title='bbox 749 5231 1139 5307; x_wconf 81' lang='lat' dir='ltr'><strong>aggrediendis</strong></span> <span class='ocrx_word' id='word_1_631' title='bbox 1193 5237 1369 5290; x_wconf 90' lang='lat' dir='ltr'><strong>nihilo</strong></span> <span class='ocrx_word' id='word_1_632' title='bbox 1411 5235 1718 5292; x_wconf 89' lang='lat' dir='ltr'><strong>desistebat</strong></span> <span class='ocrx_word' id='word_1_633' title='bbox 1746 5241 1948 5297; x_wconf 88' lang='lat' dir='ltr'><strong>minus.</strong></span> 
     </span>
    </p>
   </div>
   <div class='ocr_carea' id='block_1_101' title="bbox 363 5328 1947 5400">
    <p class='ocr_par' dir='ltr' id='par_1_101' title="bbox 363 5328 1947 5400">
     <span class='ocr_line' id='line_1_101' title="bbox 363 5328 1947 5400; baseline 0.004 -18"><span class='ocrx_word' id='word_1_634' title='bbox 363 5328 508 5395; x_wconf 79' lang='lat' dir='ltr'><strong>Quin</strong></span> <span class='ocrx_word' id='word_1_635' title='bbox 543 5328 746 5384; x_wconf 73' lang='lat' dir='ltr'><strong>lluliuo</strong></span> <span class='ocrx_word' id='word_1_636' title='bbox 776 5344 1016 5400; x_wconf 87' lang='lat' dir='ltr'><strong>quoque,</strong></span> <span class='ocrx_word' id='word_1_637' title='bbox 1060 5345 1221 5399; x_wconf 87' lang='lat' dir='ltr'><strong>quem</strong></span> <span class='ocrx_word' id='word_1_638' title='bbox 1277 5329 1516 5398; x_wconf 80' lang='lat' dir='ltr'><strong>legatum</strong></span> <span class='ocrx_word' id='word_1_639' title='bbox 1567 5331 1622 5384; x_wconf 91' lang='lat' dir='ltr'><strong>in</strong></span> <span class='ocrx_word' id='word_1_640' title='bbox 1662 5330 1947 5388; x_wconf 86' lang='lat' dir='ltr'><strong>Persidem</strong></span> 
     </span>
    </p>
   </div>
   <div class='ocr_carea' id='block_1_102' title="bbox 2056 4593 3644 4673">
    <p class='ocr_par' dir='ltr' id='par_1_102' title="bbox 2056 4593 3644 4673">
     <span class='ocr_line' id='line_1_102' title="bbox 2056 4593 3644 4673; baseline 0.006 -28"><span class='ocrx_word' id='word_1_641' title='bbox 2056 4593 2166 4646; x_wconf 85' lang='grc' dir='ltr'><strong>τῶν</strong></span> <span class='ocrx_word' id='word_1_642' title='bbox 2195 4595 2588 4664; x_wconf 80' lang='grc' dir='ltr'>στρατηλατῶν</span> <span class='ocrx_word' id='word_1_643' title='bbox 2629 4596 2920 4668; x_wconf 78' lang='grc' dir='ltr'>Ῥωμαίων</span> <span class='ocrx_word' id='word_1_644' title='bbox 2943 4599 3084 4652; x_wconf 82' lang='grc' dir='ltr'>κατὰ</span> <span class='ocrx_word' id='word_1_645' title='bbox 3115 4599 3342 4670; x_wconf 85' lang='grc' dir='ltr'>Περσῶν</span> <span class='ocrx_word' id='word_1_646' title='bbox 3387 4603 3644 4673; x_wconf 78' lang='grc' dir='ltr'>εὐτρεπι-</span> 
     </span>
    </p>
   </div>
   <div class='ocr_carea' id='block_1_103' title="bbox 2057 4682 3642 4766">
    <p class='ocr_par' dir='ltr' id='par_1_103' title="bbox 2057 4682 3642 4766">
     <span class='ocr_line' id='line_1_103' title="bbox 2057 4682 3642 4766; baseline 0.005 -27"><span class='ocrx_word' id='word_1_647' title='bbox 2057 4685 2322 4757; x_wconf 81' lang='grc' dir='ltr'>ζομένων,</span> <span class='ocrx_word' id='word_1_648' title='bbox 2389 4687 2820 4761; x_wconf 83' lang='grc' dir='ltr'>Ἀλαμούνδαρος</span> <span class='ocrx_word' id='word_1_649' title='bbox 2863 4694 2890 4744; x_wconf 87' lang='grc' dir='ltr'>ὁ</span> <span class='ocrx_word' id='word_1_650' title='bbox 2937 4691 3048 4743; x_wconf 87' lang='grc' dir='ltr'><strong>τῶν</strong></span> <span class='ocrx_word' id='word_1_651' title='bbox 3093 4682 3430 4762; x_wconf 73' lang='grc' dir='ltr'>Σαρακηνῶν</span> <span class='ocrx_word' id='word_1_652' title='bbox 3487 4695 3642 4766; x_wconf 86' lang='grc' dir='ltr'>βασι-</span> 
     </span>
    </p>
   </div>
   <div class='ocr_carea' id='block_1_104' title="bbox 2057 4769 3641 4851">
    <p class='ocr_par' dir='ltr' id='par_1_104' title="bbox 2057 4769 3641 4851">
     <span class='ocr_line' id='line_1_104' title="bbox 2057 4769 3641 4851; baseline 0.002 -19"><span class='ocrx_word' id='word_1_653' title='bbox 2057 4778 2246 4842; x_wconf 81' lang='grc' dir='ltr'>λίσκος</span> <span class='ocrx_word' id='word_1_654' title='bbox 2268 4769 2490 4850; x_wconf 66' lang='grc' dir='ltr'>γράψας</span> <span class='ocrx_word' id='word_1_655' title='bbox 2525 4779 2820 4848; x_wconf 86' lang='grc' dir='ltr'>Ῥωμαίοις</span> <span class='ocrx_word' id='word_1_656' title='bbox 2849 4781 2938 4835; x_wconf 85' lang='grc' dir='ltr'>διὰ</span> <span class='ocrx_word' id='word_1_657' title='bbox 2975 4782 3202 4851; x_wconf 86' lang='grc' dir='ltr'>Σέργιόν</span> <span class='ocrx_word' id='word_1_658' title='bbox 3243 4800 3366 4836; x_wconf 86' lang='grc' dir='ltr'>τινα</span> <span class='ocrx_word' id='word_1_659' title='bbox 3395 4785 3641 4838; x_wconf 83' lang='grc' dir='ltr'>διάκονον</span> 
     </span>
    </p>
   </div>
   <div class='ocr_carea' id='block_1_105' title="bbox 2056 4871 3639 4944">
    <p class='ocr_par' dir='ltr' id='par_1_105' title="bbox 2056 4871 3639 4944">
     <span class='ocr_line' id='line_1_105' title="bbox 2056 4871 3639 4944; baseline 0.004 -20"><span class='ocrx_word' id='word_1_660' title='bbox 2056 4871 2200 4925; x_wconf 77' lang='grc' dir='ltr'>ὥστε</span> <span class='ocrx_word' id='word_1_661' title='bbox 2245 4873 2572 4941; x_wconf 71' lang='grc' dir='ltr'>πεμφθῆναι</span> <span class='ocrx_word' id='word_1_662' title='bbox 2625 4873 2788 4942; x_wconf 65' lang='grc' dir='ltr'>αὐτὸν</span> <span class='ocrx_word' id='word_1_663' title='bbox 2835 4874 2974 4944; x_wconf 76' lang='grc' dir='ltr'>πρὸς</span> <span class='ocrx_word' id='word_1_664' title='bbox 3005 4875 3191 4938; x_wconf 78' lang='grc' dir='ltr'>αὑτὸν,</span> <span class='ocrx_word' id='word_1_665' title='bbox 3249 4875 3336 4928; x_wconf 81' lang='grc' dir='ltr'>ἵνα</span> <span class='ocrx_word' id='word_1_666' title='bbox 3373 4877 3440 4928; x_wconf 86' lang='grc' dir='ltr'>δι’</span> <span class='ocrx_word' id='word_1_667' title='bbox 3473 4878 3639 4930; x_wconf 77' lang='grc' dir='ltr'>αὐτοῦ</span> 
     </span>
    </p>
   </div>
   <div class='ocr_carea' id='block_1_106' title="bbox 2061 4963 3640 5039">
    <p class='ocr_par' dir='ltr' id='par_1_106' title="bbox 2061 4963 3640 5039">
     <span class='ocr_line' id='line_1_106' title="bbox 2061 4963 3640 5039; baseline 0.003 -23"><span class='ocrx_word' id='word_1_668' title='bbox 2061 4963 2277 5036; x_wconf 82' lang='grc' dir='ltr'>μηνύσῃ</span> <span class='ocrx_word' id='word_1_669' title='bbox 2321 4964 2400 5034; x_wconf 83' lang='grc' dir='ltr'>τῷ</span> <span class='ocrx_word' id='word_1_670' title='bbox 2435 4965 2650 5035; x_wconf 80' lang='grc' dir='ltr'>βασιλεῖ</span> <span class='ocrx_word' id='word_1_671' title='bbox 2693 4967 2984 5036; x_wconf 82' lang='grc' dir='ltr'>Ῥωμαίων</span> <span class='ocrx_word' id='word_1_672' title='bbox 3018 4967 3206 5020; x_wconf 81' lang='grc' dir='ltr'>πάκτσ.</span> <span class='ocrx_word' id='word_1_673' title='bbox 3252 4971 3499 5039; x_wconf 84' lang='grc' dir='ltr'>εἰρήνης.</span> <span class='ocrx_word' id='word_1_674' title='bbox 3533 4971 3640 5024; x_wconf 70' lang='grc' dir='ltr'><strong>Καὶ</strong></span> 
     </span>
    </p>
   </div>
   <div class='ocr_carea' id='block_1_107' title="bbox 2057 5057 3638 5130">
    <p class='ocr_par' dir='ltr' id='par_1_107' title="bbox 2057 5057 3638 5130">
     <span class='ocr_line' id='line_1_107' title="bbox 2057 5057 3638 5130; baseline 0.001 -18"><span class='ocrx_word' id='word_1_675' title='bbox 2057 5057 2288 5128; x_wconf 83' lang='grc' dir='ltr'>Σεργίου</span> <span class='ocrx_word' id='word_1_676' title='bbox 2346 5057 2840 5126; x_wconf 78' lang='grc' dir='ltr'>καταπεμφθέντος</span> <span class='ocrx_word' id='word_1_677' title='bbox 2884 5063 3022 5130; x_wconf 69' lang='grc' dir='ltr'>προς</span> <span class='ocrx_word' id='word_1_678' title='bbox 3083 5059 3175 5112; x_wconf 78' lang='grc' dir='ltr'><strong>τὸν</strong></span> <span class='ocrx_word' id='word_1_679' title='bbox 3228 5059 3454 5126; x_wconf 77' lang='grc' dir='ltr'>βασιλέα</span> <span class='ocrx_word' id='word_1_680' title='bbox 3509 5061 3638 5113; x_wconf 83' lang='grc' dir='ltr'><strong>Ῥω·</strong></span> 
     </span>
    </p>
   </div>
   <div class='ocr_carea' id='block_1_108' title="bbox 2057 5153 3639 5227">
    <p class='ocr_par' dir='ltr' id='par_1_108' title="bbox 2057 5153 3639 5227">
     <span class='ocr_line' id='line_1_108' title="bbox 2057 5153 3639 5227; baseline 0.002 -21"><span class='ocrx_word' id='word_1_681' title='bbox 2057 5153 2238 5223; x_wconf 85' lang='grc' dir='ltr'>μαίων</span> <span class='ocrx_word' id='word_1_682' title='bbox 2269 5153 2408 5224; x_wconf 87' lang='grc' dir='ltr'>μετὰ</span> <span class='ocrx_word' id='word_1_683' title='bbox 2434 5157 2528 5207; x_wconf 72' lang='grc' dir='ltr'><strong>καὶ</strong></span> <span class='ocrx_word' id='word_1_684' title='bbox 2551 5155 2661 5208; x_wconf 88' lang='grc' dir='ltr'><strong>τῶν</strong></span> <span class='ocrx_word' id='word_1_685' title='bbox 2685 5156 3035 5227; x_wconf 81' lang='grc' dir='ltr'>γραμμάτων</span> <span class='ocrx_word' id='word_1_686' title='bbox 3063 5157 3171 5210; x_wconf 87' lang='grc' dir='ltr'><strong>τῶν</strong></span> <span class='ocrx_word' id='word_1_687' title='bbox 3207 5159 3311 5210; x_wconf 69' lang='grc' dir='ltr'>ὑπὸ</span> <span class='ocrx_word' id='word_1_688' title='bbox 3337 5157 3639 5226; x_wconf 78' lang='grc' dir='ltr'>’Δλαμουνο</span> 
     </span>
    </p>
   </div>
   <div class='ocr_carea' id='block_1_109' title="bbox 2053 5247 3639 5320">
    <p class='ocr_par' dir='ltr' id='par_1_109' title="bbox 2053 5247 3639 5320">
     <span class='ocr_line' id='line_1_109' title="bbox 2053 5247 3639 5320; baseline 0 -21"><span class='ocrx_word' id='word_1_689' title='bbox 2053 5247 2219 5318; x_wconf 76' lang='grc' dir='ltr'>δάρου</span> <span class='ocrx_word' id='word_1_690' title='bbox 2255 5247 2644 5319; x_wconf 75' lang='grc' dir='ltr'>πεμφθέντων,</span> <span class='ocrx_word' id='word_1_691' title='bbox 2683 5250 2777 5302; x_wconf 75' lang='grc' dir='ltr'><strong>καὶ</strong></span> <span class='ocrx_word' id='word_1_692' title='bbox 2819 5249 3065 5319; x_wconf 79' lang='grc' dir='ltr'>ἐντυχὼν</span> <span class='ocrx_word' id='word_1_693' title='bbox 3100 5252 3212 5313; x_wconf 87' lang='grc' dir='ltr'>τοῖς</span> <span class='ocrx_word' id='word_1_694' title='bbox 3254 5251 3583 5320; x_wconf 82' lang='grc' dir='ltr'>γράμμασιν</span> <span class='ocrx_word' id='word_1_695' title='bbox 3609 5247 3639 5300; x_wconf 83' lang='grc' dir='ltr'><strong>ό</strong></span> 
     </span>
    </p>
   </div>
   <div class='ocr_carea' id='block_1_110' title="bbox 2052 5338 3636 5414">
    <p class='ocr_par' dir='ltr' id='par_1_110' title="bbox 2052 5338 3636 5414">
     <span class='ocr_line' id='line_1_110' title="bbox 2052 5338 3636 5414; baseline 0.001 -23"><span class='ocrx_word' id='word_1_696' title='bbox 2052 5338 2215 5401; x_wconf 78' lang='grc' dir='ltr'>αὐτὸς</span> <span class='ocrx_word' id='word_1_697' title='bbox 2259 5338 2538 5408; x_wconf 82' lang='grc' dir='ltr'>βασιλεὺς,</span> <span class='ocrx_word' id='word_1_698' title='bbox 2581 5341 2682 5394; x_wconf 79' lang='grc' dir='ltr'><strong>οὐκ</strong></span> <span class='ocrx_word' id='word_1_699' title='bbox 2720 5339 3000 5394; x_wconf 86' lang='grc' dir='ltr'>ἐπαύσατο</span> <span class='ocrx_word' id='word_1_700' title='bbox 3044 5341 3462 5414; x_wconf 80' lang='grc' dir='ltr'>ἐπιστρατεύειν</span> <span class='ocrx_word' id='word_1_701' title='bbox 3499 5341 3636 5408; x_wconf 67' lang='grc' dir='ltr'>κατά</span> 
     </span>
    </p>
   </div>
   <div class='ocr_carea' id='block_1_111' title="bbox 997 5449 2344 5519">
    <p class='ocr_par' dir='ltr' id='par_1_111' title="bbox 997 5449 2344 5519">
     <span class='ocr_line' id='line_1_111' title="bbox 997 5449 2344 5519; baseline 0.014 -25"><span class='ocrx_word' id='word_1_702' title='bbox 997 5514 1002 5519; x_wconf 17' lang='grc' dir='ltr'><strong><em>θ</em></strong></span> <span class='ocrx_word' id='word_1_703' title='bbox 1479 5506 1483 5510; x_wconf 61' lang='grc'><strong>,</strong></span> <span class='ocrx_word' id='word_1_704' title='bbox 1655 5449 1893 5506; x_wconf 67' lang='lat' dir='ltr'><strong>mum;</strong></span> <span class='ocrx_word' id='word_1_705' title='bbox 1935 5453 2344 5512; x_wconf 71' lang='lat' dir='ltr'><strong>LECTIOMZS.</strong></span> 
     </span>
    </p>
   </div>
   <div class='ocr_carea' id='block_1_112' title="bbox 427 5537 3494 5621">
    <p class='ocr_par' dir='ltr' id='par_1_112' title="bbox 427 5537 3494 5621">
     <span class='ocr_line' id='line_1_112' title="bbox 427 5537 3494 5621; baseline 0.004 -30"><span class='ocrx_word' id='word_1_706' title='bbox 427 5539 474 5574; x_wconf 75' lang='grc'>⁸⁸</span> <span class='ocrx_word' id='word_1_707' title='bbox 514 5537 828 5608; x_wconf 43' lang='lat' dir='ltr'><strong>Diripuit-qv</strong></span> <span class='ocrx_word' id='word_1_708' title='bbox 863 5537 964 5592; x_wconf 74' lang='lat' dir='ltr'><strong>(lx.</strong></span> <span class='ocrx_word' id='word_1_709' title='bbox 1024 5546 1076 5591; x_wconf 87' lang='lat' dir='ltr'><strong>et</strong></span> <span class='ocrx_word' id='word_1_710' title='bbox 1136 5555 1262 5592; x_wconf 79' lang='lat' dir='ltr'><strong>mox</strong></span> <span class='ocrx_word' id='word_1_711' title='bbox 1310 5539 1657 5612; x_wconf 80' lang='grc' dir='ltr'>Ὀσδροῖνῶν.</span> <span class='ocrx_word' id='word_1_712' title='bbox 1735 5543 1779 5574; x_wconf 78' lang='grc'><strong>⁸⁷</strong></span> <span class='ocrx_word' id='word_1_713' title='bbox 1826 5545 2226 5618; x_wconf 79' lang='grc' dir='ltr'>ὑπεισήρχοντο</span> <span class='ocrx_word' id='word_1_714' title='bbox 2266 5548 2394 5614; x_wconf 71' lang='lat' dir='ltr'><strong>CIL,</strong></span> <span class='ocrx_word' id='word_1_715' title='bbox 2437 5549 2834 5620; x_wconf 82' lang='grc' dir='ltr'>ὑπεισέρχοντο</span> <span class='ocrx_word' id='word_1_716' title='bbox 2862 5547 2965 5606; x_wconf 80' lang='lat' dir='ltr'><strong>Ox.</strong></span> <span class='ocrx_word' id='word_1_717' title='bbox 3040 5549 3086 5582; x_wconf 78' lang='grc'><strong>⁸⁸</strong></span> <span class='ocrx_word' id='word_1_718' title='bbox 3117 5547 3357 5621; x_wconf 80' lang='grc' dir='ltr'>καστρὺν</span> <span class='ocrx_word' id='word_1_719' title='bbox 3388 5547 3494 5602; x_wconf 82' lang='lat' dir='ltr'><strong>Ox.</strong></span> 
     </span>
    </p>
   </div>
   <div class='ocr_carea' id='block_1_113' title="bbox 695 5677 2385 5734">
    <p class='ocr_par' dir='ltr' id='par_1_113' title="bbox 695 5677 2385 5734">
     <span class='ocr_line' id='line_1_113' title="bbox 695 5677 2385 5734; baseline 0.009 -16"><span class='ocrx_word' id='word_1_720' title='bbox 695 5709 703 5718; x_wconf 95' lang='lat'><strong>.</strong></span> <span class='ocrx_word' id='word_1_721' title='bbox 1611 5677 1716 5732; x_wconf 75' lang='lat' dir='ltr'><strong>Et).</strong></span> <span class='ocrx_word' id='word_1_722' title='bbox 1751 5678 2126 5733; x_wconf 79' lang='lat' dir='ltr'><strong>Cllll.lliEADl</strong></span> <span class='ocrx_word' id='word_1_723' title='bbox 2155 5678 2385 5734; x_wconf 68' lang='grc' dir='ltr'><strong>ΝΟΤᾹΞ.</strong></span> 
     </span>
    </p>
   </div>
   <div class='ocr_carea' id='block_1_114' title="bbox 432 5767 1964 5842">
    <p class='ocr_par' dir='ltr' id='par_1_114' title="bbox 432 5767 1931 5842">
     <span class='ocr_line' id='line_1_114' title="bbox 432 5767 1931 5842; baseline 0.003 -22"><span class='ocrx_word' id='word_1_724' title='bbox 432 5767 546 5840; x_wconf 75' lang='lat' dir='ltr'><strong>(i7)</strong></span> <span class='ocrx_word' id='word_1_725' title='bbox 613 5767 891 5832; x_wconf 84' lang='grc' dir='ltr'>Κελεύσας</span> <span class='ocrx_word' id='word_1_726' title='bbox 941 5769 1030 5822; x_wconf 75' lang='grc' dir='ltr'><strong>δια</strong></span> <span class='ocrx_word' id='word_1_727' title='bbox 1085 5770 1432 5840; x_wconf 76' lang='grc' dir='ltr'>γραμμάτων</span> <span class='ocrx_word' id='word_1_728' title='bbox 1484 5771 1706 5842; x_wconf 73' lang='grc' dir='ltr'>ἰ’ζίττα.</span> <span class='ocrx_word' id='word_1_729' title='bbox 1768 5770 1931 5826; x_wconf 78' lang='lat' dir='ltr'><strong>Ferte</strong></span> 
     </span>
    </p>
   </div>
   <div class='ocr_carea' id='block_1_115' title="bbox 2070 5767 2632 5842">
    <p class='ocr_par' dir='ltr' id='par_1_115' title="bbox 2070 5772 2632 5827">
     <span class='ocr_line' id='line_1_115' title="bbox 2070 5772 2632 5827; baseline 0.005 -4"><span class='ocrx_word' id='word_1_730' title='bbox 2070 5773 2317 5827; x_wconf 84' lang='lat' dir='ltr'><strong>ibendum</strong></span> <span class='ocrx_word' id='word_1_731' title='bbox 2353 5772 2632 5827; x_wconf 81' lang='grc' dir='ltr'>ἐκέλευσε.</span> 
     </span>
    </p>
   </div>
  </div>
