3966 6450
386 442 488 510 681

1338 445 2018 509 CHRONOGRAPHIA.
2059 471 2130 480 -
2168 445 2327 507 LIB.
2368 446 2599 509 XVIII.

3554 427 3661 506 δεδι

387 554 637 628 Περσῶν.
693 554 802 609 Καὶ
848 556 1068 626 πέμψας
1112 555 1397 626 Ῥουφῖνον
1443 557 1502 610 ὲν
1555 555 1779 627 Περσίδι
1835 571 1967 625 πρε-

2081 552 2325 617 miserat,
2363 566 2461 622 per
2483 552 2696 608 litteras
2728 550 3017 616 innuebat,
3056 549 3414 606 concordiam
3442 549 3660 605 eﬂiceie

388 649 649 718 σϐευτὴν,
685 648 902 719 γράψας
934 650 1085 720 αὐτῷ
1118 649 1215 703 τοῦ
1249 649 1536 720 ἀγαπῆσαι
1570 648 1753 718 φιλίαν
1776 665 1789 678 ·
1835 647 1971 718 τιμὴ

384 744 499 816 γάρ
533 745 651 797 ἐστι
706 740 802 797 καὶ
846 744 975 809 δόξα
1026 745 1252 813 ποιῆσαι
1302 744 1403 807 τὰς
1455 741 1550 796 δύο
1601 740 1880 803 πολιτείας
1914 741 1972 791 ὲν

385 834 582 907 εἰρήνῃ
609 833 820 901 διάγειν
844 849 858 863 ·
894 834 944 885 εἰ
981 832 1040 885 δὲ
1093 833 1167 904 μὴ
1217 831 1379 887 τοῦτο
1421 836 1659 903 ποιήσει,
1687 830 1789 902 τὴν
1829 831 1973 902 Περ-

386 925 553 992 σικὴν
585 923 693 993 γῆν
721 922 788 975 δι’
812 922 1055 993 ὲμαυτοῦ
1079 922 1492 994 καταλήψομαι.

472 1015 561 1068 Ἐν
595 1013 783 1085 ταύτῷ
812 1014 870 1067 δὲ
919 1014 1282 1085 κατεπέμφθη
1314 1014 1409 1068 καὶ
1453 1014 1683 1083 Σέργιος
1720 1013 1972 1078 διάκονος

383 1108 531 1179 πρὸς
550 1106 997 1178 Ἀλαμούνδαρον
1020 1107 1244 1178 βασιλέα
1269 1107 1407 1178 μετὰ
1440 1106 1629 1178 δώρων
1653 1106 1969 1177 βασιλικῶν.

395 1201 489 1255 Ἐν
515 1199 669 1272 αύτῷ
702 1199 759 1254 δὲ
794 1200 873 1271 τῷ
910 1201 1089 1273 χρόνῳ
1118 1201 1594 1272 κατεπέμφθησαν
1632 1199 1784 1271 δῶρα
1818 1199 1972 1272 παρά

381 1292 482 1347 τοῦ
514 1292 786 1364 βασιλέως
818 1293 1109 1365 Ῥωμαίων
1131 1294 1209 1366 τῷ
1241 1292 1456 1365 βασιλεῖ
1476 1293 1703 1363 Περσῶν
1723 1310 1736 1324 ·
1767 1294 1973 1364 ὁμοίως

388 1384 447 1439 δὲ
468 1386 562 1438 καὶ
590 1388 623 1456 ἡ
659 1384 954 1456 Αὖγουστα
978 1389 1023 1420 ⁸³
1050 1387 1372 1458 κατέπεμψε
1396 1390 1461 1459 τῇ
1503 1387 1790 1459 βασιλίσσῃ
1829 1388 1971 1457 Περ-

393 1476 499 1530 σῶν
524 1474 699 1549 [207],
730 1480 796 1548 τῇ
822 1477 958 1549 οῦσῃ
987 1476 1154 1533 αὑτοῦ
1181 1479 1408 1551 ἀδελφῇ.
1434 1478 1545 1532 Καὶ
1567 1477 1972 1542 καταλαϐόντες

399 1565 685 1637 Ῥουφῖνος
739 1570 835 1623 καὶ
901 1570 1239 1639 Στρατήγιος
1299 1570 1401 1641 τὴν
1463 1568 1766 1640 Ἐδεσηνῶν
1815 1569 1972 1624 πόλιν

385 1659 665 1730 ἐμήνυσαν
699 1660 927 1734 Κωάδῃ,
971 1660 1184 1730 βασιλεῖ
1224 1660 1470 1733 Περσῶν.
1509 1662 1623 1715 Καὶ
1675 1660 1971 1715 ἀνεϐάλετο

382 1750 482 1805 τοῦ
519 1751 774 1818 δέξασθαι
805 1754 1027 1822 αὐτοὺς,
1057 1755 1140 1809 ὄτι
1163 1751 1231 1826 ἦν
1256 1754 1483 1825 πέμψας
1509 1753 1653 1809 κατά
1680 1753 1971 1825 Ῥωμαίων

382 1843 664 1917 λαθραίως
688 1846 756 1901 ⁷ο.

2075 642 2323 698 studeret
2361 660 2375 698 :
2411 642 2729 700 Gloriosum
2788 642 3058 713 (dicens)
3125 643 3229 698 hoc
3277 652 3362 699 est
3396 651 3449 699 et
3496 642 3659 699 laude

2072 732 2322 804 dignum,
2366 734 2411 788 si
2454 734 2863 804 rebuspulrlicis
2912 733 3130 790 duabus
3163 751 3350 805 pacem
3393 744 3661 806 praestare

2074 825 2304 894 poteris.
2365 824 2462 879 Sin
2500 825 2605 879 hoc
2665 825 3019 880 avcrsahitur
3064 824 3252 892 Persa,
3316 827 3373 881 itt
3404 826 3661 898 regiones

2073 917 2195 987 ejus
2222 917 2341 986 ipse
2354 917 2720 973 descendam.

2146 1010 2319 1066 Porro
2375 1010 2604 1080 Sergius
2631 1012 2798 1066 etiam
2832 1011 3128 1077 diaconus,
3181 1012 3373 1068 eodem
3411 1020 3658 1083 tempore

2072 1102 2451 1159 Alamundaro
2470 1104 2701 1168 missus,
2732 1120 2960 1159 munera
2977 1104 3027 1159 ei
3048 1105 3403 1174 imperatoria
3422 1105 3616 1160 detulit
3639 1125 3653 1162 :

2074 1210 2186 1265 quo
2244 1202 2491 1267 tempore
2541 1196 2706 1250 etiam
2761 1194 3060 1265 imperator
3117 1193 3497 1250 Romanorum
3543 1195 3658 1266 regi

2073 1283 2390 1348 Persarum,
2448 1285 2590 1340 sicut
2643 1293 2697 1340 et
2746 1282 2952 1354 regina:
2985 1284 3163 1340 sorori
3216 1284 3342 1353 ejus
3386 1286 3657 1356 Augusta,

2075 1391 2310 1433 munera
2341 1380 2798 1434 transmiserunt.
2828 1378 3102 1433 Caeterum
3145 1378 3381 1433 Rufinus
3408 1390 3460 1433 et
3500 1379 3659 1432 Strao

2070 1469 2254 1540 tegius
2308 1468 2572 1526 Edessam
2631 1471 2917 1526 venientes
2969 1471 3262 1526 adventum
3298 1486 3459 1526 suum
3487 1469 3660 1527 Coadi

2074 1559 2371 1618 Persarum
2427 1563 2539 1631 regi
2594 1572 2790 1617 notum
2853 1561 3126 1618 fecerunt.
3158 1565 3261 1618 Hie
3292 1578 3429 1618 vero
3460 1578 3656 1617 eorum

2073 1654 2467 1710 admissionem
2490 1654 3061 1725 'comperendinavit:
3093 1656 3297 1727 quippe
3320 1656 3413 1726 qui
3458 1656 3663 1710 adver-

2073 1761 2196 1801 sum
2225 1743 2505 1802 Romanos
2528 1748 2834 1803 exercitum
2854 1748 3109 1803 clanculo
3135 1747 3515 1819 expediverat.

468 1905 557 1988 ’ὲν
589 1905 737 2007 αύτῷ
761 1937 818 1990 δὲ
852 1936 929 2009 τῷ
958 1938 1135 2010 χρόνῳ
1169 1939 1266 1992 καὶ⁴
1300 1938 1634 2012 ἐμπρησμὸς
1662 1939 1881 2009 ἐγένετο
1909 1939 1967 1994 ἐν

2149 1927 2370 1984 Eisdem
2401 1929 2746 1999 temporibus
2776 1920 3094 1985 incendium
3133 1932 3450 1987 Antiochiae
3478 1934 3664 1989 conti-

396 2025 703 2099 ’Δντιοχείᾳ
724 2047 738 2061 ο
763 2030 909 2093 τινὸς
933 2031 1043 2101 γὰρ
1080 2030 1392 2100 ύφάψαντος
1421 2032 1628 2101 κηροὺς
1651 2032 1709 2085 ὲν
1737 2030 1815 2102 τῷ
1843 2030 1971 2086 θεά-

382 2137 521 2193 τρῳ,
552 2121 649 2174 καὶ
676 2120 770 2175 τοῦ
820 2121 997 2194 κηροῦ
1040 2123 1336 2188 στάξαντος
1379 2122 1566 2177 ἐπάνω
1617 2123 1728 2176 τῶν
1769 2123 1966 2190 ξύλων,

384 2212 608 2285 ὑφῆψαν
661 2213 734 2267 τά
783 2213 919 2279 ξύλα
964 2213 1106 2287 (18)·
1156 2216 1254 2269 καὶ
1300 2215 1605 2287 συνδρομῆς
1662 2215 1969 2286 γενομένης

382 2306 648 2376 ἐσϐέσθη.

470 2399 558 2452 Ἐν
586 2397 738 2469 αὑτῷ
763 2400 820 2453 δὲ
842 2399 921 2471 τῷ
950 2400 1130 2472 χρόνῳ
1159 2402 1524 2473 κατεπέμφθη
1553 2405 1634 2467 εἰς
1656 2404 1723 2456 τά
1750 2405 1968 2457 Ἀνατο-

380 2488 512 2543 λικά
564 2489 944 2562 Δημοσθένης,
974 2493 1377 2564 ἐπιφερόμενος
1434 2496 1530 2549 καὶ
1567 2497 1832 2567 χρήματα
1866 2498 1968 2551 οὐκ

381 2580 540 2649 ὀλίγα
564 2584 644 2640 είς
678 2582 737 2635 τὸ
767 2583 1090 2654 εὐτρεπίσαι
1138 2586 1282 2639 κατά
1332 2586 1488 2640 πόλιν
1521 2588 1765 2643 ἀπόθετα
1813 2590 1966 2643 σίτου

378 2670 575 2728 ,ἕνεκεν
607 2674 705 2742 τῆς
748 2671 887 2742 μετά
912 2673 956 2704 ⁷⁸
993 2673 1222 2745 Περσῶν
1253 2674 1559 2746 συμϐολῆς·
1596 2678 1692 2730 καλ⁸
1721 2678 1964 2732 καταλαο

383 2761 571 2825 eam;
601 2760 771 2816 αὑτοῦ
801 2762 1141 2835 Ἀντιόχειαν
1174 2763 1402 2835 ἐξῆλθεν
1441 2767 1534 2820 ἐπί
1564 2767 1664 2838 τὴν
1706 2768 1967 2841 Ὀσδροη-

384 2853 488 2924 νήν
512 2855 580 2908 τ’.

379 3007 386 3013 ,
454 2948 949 3019 Κατεπὲμφθησαν
979 2948 1037 3002 δὲ
1063 2950 1276 3021 Σάκραι
1304 2953 1364 3004 ἐν
1400 2955 1521 3015 ταῖς
1547 2953 1781 3020 πόλεσιν,
1821 2954 1963 3010 ὥστε

382 3040 509 3102 τοὺς
558 3040 634 3111 μὴ
683 3040 1082 3105 κοινωνοῦντας
1123 3046 1243 3107 ταῖς
1275 3043 1463 3112 ἁγίαις
1522 3046 1872 3116 Ἑκκλησίαις
1906 3050 1966 3102 ἐν

383 3129 622 3200 ἐξορίαις
658 3133 1159 3203 καταπέμπεσθαιη,
1206 3134 1284 3198 ὡς
1328 3138 1835 3209 προφασιζομένους
1867 3142 1962 3195 τοῦ

381 3222 752 3293 ὀνομάζεσθαι
778 3224 878 3296 τὴν
908 3224 1127 3280 σύνοδον
1149 3226 1495 3298 Χαλκηδόνος
1526 3229 1634 3283 τῶν
1663 3230 1963 3297 ἑξακοσίων
1993 3266 2038 3328 c

379 3314 699 3385 τριάκοντα.
748 3317 857 3369 Καὶ
905 3318 1207 3389 γενομένης
1256 3320 1505 3390 ταραχῆς
1550 3321 1609 3375 ἐν
1638 3321 1963 3396 ’Λντιοχείᾳ,

378 3405 647 3479 ὥρμησαν
676 3409 727 3461 οἱ
763 3408 930 3480 δῆμοι
977 3412 1035 3463 ἐν
1084 3410 1165 3481 τῷ
1213 3412 1552 3485 ἐπισκοπείῳ
1596 3413 1710 3485 (19)
1757 3415 1968 3469 λιθοϐον

377 3500 598 3565 λοῦντες
637 3503 733 3556 καὶ
775 3504 960 3572 φωνάς
991 3503 1317 3574 ὑϐριπικάς
1354 3507 1820 3581 κατακράζοντες.
1857 3512 1969 3565 Καὶ

376 3594 694 3663 ἐξελθόντες
719 3597 766 3649 οἱ
793 3597 1208 3669 παραμένοντες
1230 3600 1287 3651 ἐν
1309 3599 1389 3670 τῷ
1410 3599 1563 3673 [9.08]
1592 3603 1969 3675 πατριαρχείῳ

378 3686 501 3755 ἅμα
549 3685 629 3757 τῷ
675 3686 878 3756 κόμητι
923 3688 1026 3756 τῆς
1090 3688 1411 3760 Ἀνατολῆς,
1462 3688 1642 3760 βέλεσι
1671 3691 1766 3743 καὶ
1784 3691 1969 3757 λίθοις

376 3777 737 3842 ἀντιστάντες
771 3780 815 3811 ⁷³
851 3778 1083 3844 πολλοὺς
1127 3781 1240 3836 τῶν
1286 3782 1693 3847 στασιαζόντων
1731 3783 1963 3860 ἀνεῖλον.

377 3870 422 3921 Τ
427 3870 462 3923 ἀ
482 3870 541 3923 δὲ
569 3870 887 3942 πραχθέντα
910 3872 1182 3946 ἀνηνέχθη
1204 3874 1282 3946 τῷ
1312 3874 1526 3947 βασιλεῖ
1545 3892 1558 3907 ·
1591 3878 1686 3931 καὶ
1710 3876 1966 3932 ἐκέλευσε

376 3962 762 4036 τιμωρηθῆναι
794 3965 1048 4032 πολλούς.
1410 3968 1413 3971 ’

460 4146 549 4199 Ἐν
571 4147 723 4219 αὑτῷ
749 4148 807 4202 δὲ
849 4148 929 4220 τῷ
959 4150 1140 4221 χρόνῳ
1179 4151 1276 4206 καὶ
1311 4152 1547 4223 μήνυσις
1592 4151 1961 4224 κατεπέμφθη

376 4239 532 4310 παρά
567 4238 934 4312 Ἑρμογένους
957 4243 1147 4296 ἕνεκεν
1171 4244 1270 4314 τῆς
1296 4242 1574 4315 συμϐολῆς
1592 4243 1687 4298 τοῦ
1721 4244 1963 4316 πολέμου

2078 2022 2156 2092 git
2188 2037 2203 2075 :
2236 2021 2291 2074 in
2323 2021 2544 2075 theatro
2572 2022 2717 2075 enim
2737 2022 2913 2077 cereis
2943 2037 2973 2076 a
3004 2022 3244 2092 quodam
3288 2025 3565 2088 accensis.
3602 2032 3662 2080 et

2078 2113 2284 2169 alicubi
2319 2115 2375 2169 in
2405 2114 2551 2184 ligna
2604 2114 2843 2184 desuper
2879 2114 3242 2182 stillantibus,
3275 2116 3423 2188 ligna
3447 2116 3662 2172 conﬂa-

2077 2207 2344 2275 grabant;
2415 2204 2509 2259 sed
2568 2212 2941 2261 concurrente
2992 2206 3181 2277 statim
3249 2209 3452 2278 populo
3513 2208 3661 2278 ignis

2074 2297 2559 2366 exstinguebatur.

2148 2389 2351 2445 Eodem
2412 2397 2663 2461 tempore
2700 2390 2754 2443 in
2792 2388 3077 2447 Orientem
3111 2391 3317 2447 missus
3350 2401 3437 2448 cst
3468 2392 3663 2448 Demo-
3760 2390 3769 2403 ”

2074 2481 2324 2546 sthenes,
2368 2482 2479 2536 vim
2519 2481 2642 2536 auri
2677 2497 2928 2552 magnam
2981 2491 3304 2552 apportans,
3344 2483 3492 2539 unde
3541 2485 3663 2539 sin-

2074 2573 2231 2643 gulas
2275 2589 2372 2644 per
2411 2574 2577 2630 urbes
2630 2575 2964 2646 repositoria
3014 2574 3297 2630 frumento
3354 2577 3411 2631 in
3448 2578 3656 2632 bellum
3770 2604 3779 2612 υ

2074 2662 2360 2737 Persicum
2429 2665 2752 2721 instrueret.
2805 2664 2915 2721 lter
2963 2667 3153 2736 itaque
3181 2666 3307 2736 ejus
3335 2683 3433 2738 per
3466 2670 3662 2724 Antio-

2078 2757 2260 2814 chiam
2294 2758 2622 2825 instituens,
2649 2757 2993 2815 Osdroenam
3027 2760 3299 2831 pervenit.

2142 2943 2310 3015 5.68
2330 2940 2504 2999 Porro
2532 2942 2696 2998 etiam
2729 2940 2913 2998 Sacrae
2935 2957 3033 3014 per
3053 2943 3218 2999 urbes
3240 2944 3660 3011 cmittebantur,

2073 3034 2128 3090 id
2156 3038 2457 3107 exigentes,
2477 3036 2555 3100 uti
2594 3042 2908 3089 sanctarum
2953 3034 3323 3092 Ecclesiarum
3356 3052 3385 3090 a
3411 3053 3661 3092 cominu-

2073 3128 2241 3183 nione
2269 3130 2359 3198 qui
2387 3127 2727 3183 abstinerent
2762 3128 3291 3196 exterminarentur;
3332 3130 3538 3200 quippe
3562 3130 3657 3200 qui

2072 3221 2469 3277 subtrahebant
2489 3236 2631 3285 sese,
2649 3229 3010 3290 praetexentes
3027 3218 3128 3275 sibi
3148 3218 3416 3291 synodum
3433 3221 3661 3275 Chalce-

2070 3314 2368 3370 donensem
2399 3329 2576 3368 ocxxx
2609 3313 3026 3383 episc0porum,
3053 3326 3218 3382 quam
3255 3326 3356 3367 nec
3378 3313 3657 3367 nominari

2068 3406 2383 3479 voluerunt.
2410 3404 2794 3473 Oburtusjnde
2812 3403 3121 3458 Antiochiae
3142 3405 3415 3458 tumultus
3434 3405 3663 3467 ,irrunt-

2070 3495 2331 3566 pentibus
2362 3496 2778 3565 inepisc0pium
2829 3495 3030 3565 popelli
3076 3495 3273 3562 turbis,
3302 3510 3435 3549 saxa
3484 3498 3656 3551 etiam

2068 3588 2417 3645 vibrantibus
2467 3596 2523 3643 ct
2578 3588 2833 3643 convicia
2862 3588 3267 3644 evomentibus.
3319 3587 3436 3643 Una
3467 3598 3653 3642 autem

2069 3685 2490 3744 exeuntes,cum
2506 3677 2748 3734 Orientis
2763 3679 2987 3743 comite,
3003 3679 3097 3749 qui
3118 3679 3173 3734 in
3189 3680 3657 3749 patriarchalibus

2068 3770 2281 3827 aedibus
2352 3773 2866 3838 counuorahantur,
2898 3773 3230 3844 turbamque
3260 3773 3388 3829 telis
3410 3781 3466 3827 et
3500 3773 3657 3829 saxis

2070 3863 2440 3933 impetentes},
2480 3864 2874 3920 seditiosorum
2934 3866 3382 3936 quamplurimas
3411 3882 3441 3920 e
3474 3867 3659 3920 medio

2070 3954 2615 4022 Sustulerunt..Quae
2674 3955 2767 4011 ubi
2822 3957 3148 4027 imperatori
3187 3958 3368 4013 delata
3395 3956 3652 4024 fuerant,

2070 4061 2100 4101 a
2135 4047 2393 4116 plurimis
2432 4048 2824 4105 seditiosorum
2850 4065 3042 4122 poenas
3066 4050 3266 4122 exegit.

2140 4138 2345 4194 Eodem
2382 4148 2630 4210 tempore
2662 4130 2836 4211 praelii
2870 4143 3013 4197 alius
3044 4141 3244 4198 Persas
3276 4142 3420 4195 inter
3447 4140 3658 4195 Roma-

2070 4243 2287 4299 nosque
2318 4231 2601 4285 commissi
2629 4231 2826 4286 relatio
2872 4232 2941 4287 ab
2976 4230 3321 4304 Hermogene
3343 4231 3658 4304 [Constan-

384 4332 678 4404 Ῥωμαίων
715 4351 776 4387 τε
822 4336 917 4389 καὶ
962 4335 1212 4406 Περσῶν.
1254 4336 1561 4408 Στρατηγοὶ
1589 4336 1699 4407 γὰρ
1735 4337 1965 4408 Περσῶν

2081 4322 2396 4396 .inopolim]
2430 4325 2603 4380 missa
2652 4331 2762 4382 est.
2815 4325 3114 4381 Persarum
3148 4326 3298 4380 enim
3332 4326 3529 4392 duces,
3556 4343 3656 4382 sex

372 4428 824 4499 καταδραμόντες
859 4431 1000 4500 μετὰ
1026 4429 1282 4501 βοηθείας
1311 4430 1569 4502 χιλιάδων
1600 4414 1682 4497 ἓξ,
1710 4432 1785 4496 ὠς
1812 4432 1962 4502 ὀφεί-

2081 4424 2409 4471 trmatorum
2451 4417 2700 4473 millibus
2749 4418 3029 4485 insﬂucti,
3070 4419 3460 4485 imminebant,
3493 4422 3653 4490 quasi

371 4518 560 4584 λοντες
610 4520 953 4592 παραλαϐεῖν
981 4521 1413 4594 Μαρτυρόπολιν
1438 4537 1453 4551 ⁶
1486 4517 1628 4593 ἦσαν
1674 4522 1784 4594 γὰρ
1826 4541 1964 4596 σκη-

2081 4508 2496 4580 Martyropblim
2557 4508 2857 4564 adorturi:
2901 4517 3085 4564 castra
3134 4509 3281 4565 enim
3324 4510 3379 4564 in
3427 4511 3655 4582 regione

369 4608 646 4674 νὼσαντες
671 4613 752 4673 εἰς
796 4611 864 4664 τὰ
909 4612 1051 4684 μέρη
1106 4613 1334 4684 Ἀμίδης
1364 4615 1518 4686 παρὰ
1559 4613 1638 4685 τῷ
1676 4615 1959 4688 λεγομένῳ

2081 4600 2375 4661 Amidensi,
2421 4600 2580 4669 juxta
2649 4600 2978 4671 Nymphium
3032 4601 3286 4669 ﬂuvium,
3318 4612 3649 4673 posuerant,

370 4699 617 4772 Νυμφίῳ
675 4702 927 4773 ποταμῷ.
993 4704 1520 4770 Ἀντικαταστάντες
1573 4705 1632 4759 δὲ
1698 4706 1962 4776 Ῥωμαῖοι

2081 4691 2298 4748 ὶοιηοηὶ
2336 4693 2525 4763 itaque
2551 4693 2605 4747 in
2626 4709 2723 4748 eos
2756 4705 3068 4756 moventes,
3094 4692 3296 4750 Persas
3325 4695 3504 4765 primo
3538 4695 3650 4750 itn-

375 4792 618 4862 Πέρσαις
649 4793 752 4847 οὐκ
785 4794 1129 4867 ἐδυνήθησαν
1151 4795 1352 4868 τρέψαι
1383 4797 1607 4862 αὐτούς.
1633 4799 1745 4852 Καὶ
1772 4798 1962 4853 δευτέ-

2081 4794 2190 4840 tetu
2244 4786 2560 4855 propellere
2610 4800 2719 4838 non
2778 4792 3079 4855 potuerunt
3131 4802 3146 4839 :
3207 4787 3406 4843 iterato
3462 4798 3647 4841 autem

376 4899 475 4954 ραν
503 4885 838 4956 σύγκρουσιν
885 4888 1281 4959 συμϐαλόντες,
1313 4892 1410 4944 καὶ
1439 4892 1730 4963 τρακτάτῳ
1777 4892 1964 4963 φυγῆς

2081 4894 2389 4950 :ongressu.
2414 4878 2597 4947 fugam
2623 4877 2727 4949 ipsi
2752 4879 3107 4946 simulantes,
3141 4888 3294 4951 terga
3325 4880 3597 4936 dederunt
3629 4897 3645 4945 ;

367 4975 716 5045 χρησάμενοι
752 4976 1039 5048 Ῥωμαῖοι,
1058 4979 1282 5034 ἐδόκουν
1309 4980 1554 5050 φεύγειν.
1585 4982 1649 5035 Oi
1678 4982 1733 5036 δὲ
1755 4983 1964 5054 Πέρσαι

2081 4989 2224 5045 lues,
2260 4983 2527 5044 tanquam
2571 4975 2626 5027 in
2683 4975 2867 5045 fugam
2904 4983 3085 5039 actos,
3132 4973 3429 5028 confertim
3463 4971 3650 5030 Persa:

365 5066 841 5139 καταδραμόντες,
877 5071 1205 5141 νομίσαντες
1233 5073 1433 5137 αὐτοὺς
1476 5072 1797 5139 διώκεσθαι,
1841 5075 1964 5129 έλυο

2087 5069 2330 5134 nsecuti,
2390 5068 2617 5124 ordines
2666 5083 2805 5124 suos
2827 5068 3140 5124 solvebant.
3166 5066 3305 5122 Tum
3341 5081 3474 5123 vero
3514 5081 3649 5123 con-

364 5173 472 5211 σαν
503 5159 573 5212 τὰ
601 5159 814 5215 ἑαυτῶν
863 5161 1125 5234 τάγματα
1148 5180 1164 5196 ·
1198 5165 1537 5238 στραφέντες
1576 5166 1634 5219 δὲ
1685 5167 1949 5238 Ῥωμαῖοι

2081 5170 2344 5217 rertentes
2382 5176 2507 5217 sese
2534 5160 2790 5222 Romani.
2831 5162 2943 5217 duo
2970 5160 3275 5224 Persarum,
3298 5161 3473 5235 millia
3498 5161 3651 5217 exci~

1637 5301 1878 5359 VARIAE
1914 5303 2333 5359 LECTIONES.
3730 5342 3735 5347 .

3442 5398 3489 5431 ”
3512 5399 3643 5456 ἀνθ-

448 5388 495 5420 "
522 5388 813 5455 Αύγούστα
843 5389 942 5447 0x.
1030 5391 1078 5425 "
1105 5389 1383 5461 λαθραίων
1431 5390 1533 5447 0x.
1617 5395 1660 5424 '”
1707 5395 1867 5465 μετά.
1903 5412 1967 5449 κα

368 5458 618 5523 ιστάντες
653 5459 756 5515 0x.

2095 5393 2196 5452 ΟΧ.
2231 5394 2295 5449 γ.
2318 5392 2463 5464 adp.
2496 5392 2565 5448 68
2593 5393 2654 5450 B.
2762 5396 2808 5428 ⁷⁸
2876 5396 3193 5470 Ὀσδροῖνήν
3234 5396 3336 5454 0x.

1532 5607 1538 5613 ~
1599 5577 1708 5664 Et).
1749 5578 2129 5639 CHILMEADI
2179 5582 2440 5649 nom,

440 5671 555 5754 (μβ)
600 5671 857 5744 Ὑφῆψαν
917 5670 986 5726 τὰ
1046 5671 1201 5739 ξύλα.
1270 5671 1394 5729 Scr.
1471 5672 1781 5745 ὕφήψαντο,
1836 5676 1954 5734 sive

2086 5678 2209 5754 ibus
2252 5683 2647 5754 πατριαρχεῖον
2704 5682 2870 5754 etiam
2914 5691 3185 5754 vocatur;
3234 5680 3471 5754 scilicet
3499 5680 3636 5754 quia

363 5740 690 5820 ῧφῄίδίατφξ
731 5740 813 5820 "_
880 5814 894 5820 _
1159 5815 1170 5820 _
1298 5815 1354 5820 __
1519 5740 1624 5820 ﬂ;
1755 5815 1792 5820 __
2058 5740 2765 5820 episcopus'An'ti'bchenus
2798 5752 2963 5809 etiam
2985 5740 3640 5813 Patria'rchattitulo'inw

434 5811 565 5894 (l9).
598 5814 686 5867 ‘Ev
708 5885 721 5894 Δ
742 5812 824 5880 τῷ
856 5814 1235 5894 ἐπισκοπείω.
1267 5815 1684 5894 ’Ἐπίσκοπεῖον
1739 5815 1951 5874 dictum

2081 5811 2297 5894 ignitus
2331 5831 2472 5879 erat.

360 5884 454 5940 est
481 5884 725 5959 episcopi
783 5884 1095 5955 palatium;
1131 5885 1282 5957 quod
1319 5886 1375 5941 in
1425 5887 1671 5956 proxime
1710 5901 1950 5961 sequen-

686 5976 964 6041 PATBOL.
1011 5977 1132 6040 Gtt.
1176 5977 1421 6043 XCVII.
1784 6014 1789 6015 ί

2268 5978 2277 5983 θ
2644 5991 2711 6041 ’τε
3240 5984 3320 6051 22
