3966 6448
426 394 529 475 v.87

1833 418 2158 479 JOANNIS
2197 419 2522 480 MALAL/E

3611 416 3716 477 6%

422 528 605 581 cit-mli.
640 545 654 581 :
691 526 793 580 hoc
830 527 923 580 ubi
967 525 1332 582 intellexisset
1360 525 1662 582 Persarum
1696 543 1817 594 rex,
1850 529 2009 583 fratri

2131 531 2270 595 λείοις
2294 532 2389 586 καὶ
2428 530 2654 600 ποιῆσαι
2690 528 2805 583 ἀντ’
2831 527 2996 582 αὐτοῦ
3025 527 3115 579 τόν
3142 525 3371 593 ἀδελφὸν
3403 523 3595 577 αὐτοῦ·
3626 530 3723 580 καὶ

422 634 524 676 suo
544 626 709 690 caput
764 619 1112 688 amputavit;
1141 627 1195 673 et
1224 621 1399 691 magis
1434 621 1626 686 etiam,
1660 622 1865 693 quique
1891 638 2015 679 sce-

422 711 553 764 leris
590 709 803 763 conscii
862 709 1085 765 fuerunt
1138 712 1897 781 proceribusnecitraditis,
1930 715 2016 767 iu-

421 801 619 855 dueias
676 817 775 870 per
836 809 950 858 tres
1017 818 1236 858 menses
1285 804 1887 874 imperatorillomauo
1918 821 2018 876 per

422 894 642 949 litteras
700 895 852 948 ultro
887 896 1190 950 concessit.
1244 896 1553 967 Imperator
1582 912 1714 953 vero
1749 900 2018 968 magistro

422 986 737 1041 rescribens
759 987 951 1055 jussit,
986 988 1275 1044 obsidibus
1300 989 1539 1046 invicem
1569 988 1714 1045 datis
1745 992 2020 1062 acceptis-

421 1093 546 1145 que,
586 1078 753 1131 trium
819 1078 1095 1134 mensium
1154 1080 1411 1136 inducias
1463 1080 1803 1150 acciperent.
1871 1079 2017 1147 Quin

339 1160 355 1175 ’
422 1169 908 1240 lcgatosquoquc,
965 1170 1303 1242 Strategium
1366 1180 1423 1227 et
1462 1171 1748 1237 Ruﬁnum,
1794 1171 2011 1244 Byzan-

410 1263 563 1318 tium
592 1265 902 1319 revocavit.

496 1448 698 1504 Iisdem
728 1450 1078 1527 temporibus
1106 1449 1290 1505 Hunni
1322 1450 1527 1516 Sabiri,
1567 1452 1746 1523 portis
1782 1451 2008 1523 Caspiis

423 1543 697 1611 trajectis,
722 1543 776 1596 in
803 1543 1043 1598 ditiones
1090 1530 1369 1600 Romanas
1393 1544 1738 1614 irruperunt,
1766 1546 2020 1615 regiones

422 1635 690 1704 undique,
714 1635 1024 1690 Armeniam
1043 1636 1630 1707 usquedepraadautes.
1654 1640 1798 1705 Quin
1818 1649 1874 1695 et
1898 1640 2020 1694 lon-

426 1743 491 1794 ge
518 1729 740 1795 lateque
772 1737 1153 1794 cxcurrentes,
1193 1744 1293 1799 per
1324 1728 1742 1794 Euphratesiam
1776 1747 2018 1802 tutoque,

2121 623 2288 689 γνοὺς
2335 620 2513 674 ταῦτα
2562 622 2591 674 ό
2648 619 2902 690 βασιλεὺς
2950 617 3196 688 Περσῶν,
3223 616 3314 669 τὸν
3359 618 3457 684 μὲν
3491 615 3721 684 ἀδελφὺν

2122 714 2289 767 αὑτοῦ
2339 713 2740 783 ἀπεκεφάλισε,
2794 710 3196 780 συγκλητικοὺς
3249 708 3307 760 δὲ
3359 707 3453 760 καὶ
3513 708 3719 777 μάγους

2122 806 2391 875 φονεύσας
2433 807 2638 877 γράφει
2686 804 2764 875 τῷ
2814 803 3030 874 βασιλεῖ
3082 801 3375 872 Ῥωμαίων
3426 799 3719 869 ἐπιστολὴν

2122 876 2488 971 περιέχουσαν
2520 895 2689 968 τριῶν
2728 894 2915 966 μηνῶν
2944 894 3152 948 ἔνδοσιν
3186 892 3449 962 πολέμου.
3472 890 3578 945 Kal
3601 891 3722 944 ἀντ·
3794 876 3801 885 ’

2111 992 2365 1063 ’έγραψεν
2388 990 2539 1064 [215]
2563 992 2592 1043 ὁ
2616 989 2905 1059 Ῥωμαίων
2936 986 3189 1058 βασιλεὺς
3209 984 3287 1056 τῷ
3312 983 3599 1056 μαγίστρῳ
3619 982 3719 1037 τοῦ

2119 1084 2380 1153 δέξασθαι
2427 1084 2527 1153 τὴν
2577 1083 2686 1136 τῶν
2724 1081 2893 1152 τριῶν
2930 1080 3118 1151 μηνῶν
3170 1077 3375 1131 ἔνδοσιν
3408 1078 3503 1131 καὶ
3535 1077 3721 1131 δοῦναι

2120 1181 2367 1250 ὁμήρους
2404 1178 2501 1230 καὶ
2530 1175 2715 1230 λαϐεῖν
2748 1176 2857 1229 ἀπὸ
2887 1174 3144 1245 Περσῶν,
3164 1171 3449 1235 ’κελεύσας
3476 1172 3723 1242 Στρατη-

2121 1273 2225 1342 γίῳ
2262 1271 2357 1324 καὶ
2387 1268 2656 1340 Ῥουφίνῳ
2687 1270 2801 1332 τοῖς
2834 1267 3202 1339 πρεσϐευταῖς
3241 1265 3487 1318 ἀνελθεῖν
3526 1269 3584 1315 ἐν
3618 1264 3723 1316 Βυ-

2123 1362 2348 1431 ζαντίῳ.
3593 1355 3597 1360 ’

2193 1453 2299 1508 Kal
2329 1452 2480 1524 αὐτῷ
2509 1450 2587 1523 τῷ
2607 1451 2784 1523 χρόνῳ
2810 1441 3279 1519 ΟὖννοιΣάϐηρες
3302 1444 3415 1517 (‘25)
3442 1446 3717 1517 περάσαν-
3746 1482 3751 1494 .

2122 1562 2212 1608 τες
2264 1544 2354 1599 διὰ
2403 1543 2515 1598 τῶν
2555 1543 2824 1597 Κασπίων
2870 1541 3057 1596 πυλῶν
3110 1539 3461 1609 ἀνεφάνησαν
3504 1538 3563 1589 ὲν
3611 1536 3716 1598 τοῖς

2137 1638 2469 1707 Ῥωμαϊκοῖς
2497 1635 2714 1707 μέρεσι,
2739 1633 3131 1706 πραιδεύοντες
3161 1631 3256 1684 ἐπὶ
3294 1628 3394 1700 τὴν
3417 1628 3713 1700 Ἀρμενίων

2123 1733 2343 1802 χώραν’
2393 1730 2488 1782 καὶ
2530 1726 2887 1789 ἀπλώσαντες
2913 1725 3143 1788 ἑαυτοὺς
3178 1722 3448 1792 κατέσχον
3490 1720 3595 1783 ἕως
3624 1720 3716 1787 τῆς

416 1818 669 1873 Ciliciam
688 1819 984 1874 secundum
1007 1828 1059 1873 et
1081 1818 1448 1891 Cyrresticam
1467 1825 1701 1892 grassati
1729 1835 1880 1878 sunt.
1902 1823 2021 1891 Quo

2131 1822 2520 1894 Εὐφρατησίας
2570 1822 2667 1876 καὶ
2708 1821 2809 1890 τῆς
2854 1818 3119 1890 δευτέρας
3170 1815 3420 1878 Κιλικίας
3470 1813 3566 1867 καὶ
3614 1812 3721 1865 τῶν

422 1912 630 1970 audito,
674 1910 977 1979 imperator
1029 1885 1313 1968 lloutanus
1359 1885 1619 1968 Rufinum
1647 1885 2019 1995 patricinuiin

2131 1885 2495 1987 Κυρηστικῶν
2518 1914 2565 1947 ⁸³
2620 1885 2776 1985 (26).-
2806 1912 2917 1966 Kal
2966 1885 3130 1980 γνοὺς
3173 1905 3336 1961 τοῦτο
3385 1908 3414 1960 ό
3469 1904 3721 1976 βασιλεὺς

423 2003 700 2057 Orientem
721 2002 995 2071 expedivit
1049 2004 1393 2074 exploratum
1423 2019 1491 2059 an
1513 2022 1540 2059 a
1571 2004 1869 2062 Persarum
1899 2022 2022 2079 rege

424 2095 690 2150 adversus
758 2093 1040 2150 Ron'tanos
1106 2096 1261 2151 missi
1299 2096 1537 2163 fuerant,
1603 2114 1795 2154 necne.
1833 2098 2041 2155 Profe-.

423 2198 546 2243 ctus
582 2189 769 2257 itaque
810 2185 1071 2253 Rufinus,
1116 2204 1358 2260 cumque
1405 2190 1700 2246 Persarum
1755 2208 1881 2264 rege
1929 2208 2025 2260 per

428 2283 639 2336 litteras
671 2282 737 2335 de
769 2281 854 2335 his
884 2295 1088 2352 agens,
1123 2283 1352 2337 omnino
1411 2284 1576 2353 hujus
1623 2297 1826 2353 praeter
1856 2285 2022 2358 473

424 2374 716 2428 consilium
755 2374 1044 2428 advenisse
1102 2372 1350 2440 llunnos,
1400 2385 1745 2447 compertum
1805 2378 2022 2433 habuit.

425 2466 689 2521 Protinus
754 2466 923 2536 igitur
999 2466 1301 2532 Dorotheo,
1373 2470 1608 2523 militum
1646 2470 1701 2524 in
1762 2471 2021 2526 Armenia

426 2557 716 2627 magistro,
748 2573 843 2626 per
864 2558 1080 2613 litteras
1103 2559 1304 2623 innuit,
1334 2560 1566 2615 Hunnos
1586 2564 2020 2630 aggrederetur:

426 2648 571 2716 quod
630 2647 814 2702 Hunni
879 2648 975 2704 ubi
1045 2649 1490 2715 intellexissent,
1542 2651 1781 2706 abducta
1831 2668 2020 2708 secum

425 2741 611 2810 praala
674 2739 851 2807 omni,
893 2756 992 2809 per
1026 2757 1191 2810 quam
1244 2742 1481 2813 ingreSsi
1518 2752 1673 2808 sunt,
1699 2745 1892 2801 eadem
1936 2745 2022 2799 via

430 2842 809 2889 revertuntur.
872 2833 1145 2889 Cancrum
1199 2836 1488 2891 insecutus
1565 2852 1661 2893 eos
1713 2838 2023 2895 Dorotheus

428 2927 699 2997 magister
734 2927 995 2994 militum,
1037 2929 1355 2984 detractum
1404 2931 1515 2987 illis
1549 2930 1748 3001 praeda:
1778 2948 1888 2986 non
1922 2934 2024 2987 mi-

430 3021 642 3075 nimum
685 3021 1017 3091 reportavit.

499 3114 739 3184 Contigit
771 3122 955 3169 autem
982 3130 1078 3185 per
1104 3113 1158 3169 id
1193 3122 1432 3185 tempus,
1474 3115 1672 3173 indict.
1715 3134 1772 3182 κ,
1795 3118 2023 3172 tumul-

427 3216 544 3261 tum
594 3207 1082 3278 Constantinopoli
1142 3208 1510 3279 (perniciosis
1561 3211 1773 3266 nescio'
1818 3212 2024 3281 quibus

427 3299 722 3354 daembniis
756 3315 885 3354 eum
920 3301 1383 3370 promoveutibus
1406 3302 1450 3373 ),
1483 3305 1774 3359 concitari.
1820 3304 2024 3359 Eudae-

428 3406 560 3446 mon
602 3392 774 3455 enim,
831 3392 989 3447 urbis
1054 3391 1369 3463 praefectus,
1426 3394 1690 3449 factionis
1735 3396 2026 3466 utriusque

428 3486 727 3542 seditiosos
786 3486 1059 3556 quosdam
1119 3487 1500 3543 incarceratos
1551 3486 1774 3555 habuit;
1807 3490 2026 3545 multis-

427 3593 539 3648 que
592 3577 1185 3646 exantini.subjectis,
1240 3585 1446 3648 septem
1501 3579 1777 3650 praecipue
1828 3594 2023 3634 eorum

427 3670 673 3729 caedium
725 3679 1068 3741 patratarum
1141 3674 1219 3725 rei
1266 3669 1524 3741 deprensi
1561 3681 1712 3729 sunt.
1743 3671 1786 3726 E
1818 3672 2025 3742 quibus

430 3770 674 3831 quatuor
726 3762 907 3833 capite
970 3762 1158 3832 plecti,
1222 3772 1336 3819 tres
1389 3778 1522 3818 vero
1585 3764 1837 3834 patibulo
1883 3764 2024 3835 adigi

429 3855 702 3909 decrevit.
742 3853 1068 3923 Per\urbem
1099 3855 1286 3926 itaque
1318 3871 1540 3911 omnem
1575 3856 1665 3912 ubi
1702 3856 1755 3911 in
1822 3872 2022 3928 pompa

431 3943 799 4000 circumducti
861 3945 1120 4013 fuissent,
1152 3946 1278 4001 sinu
1335 3948 1594 4017 trajecto,
1624 3950 1679 4003 in
1748 3951 2023 4005 ulteriore

435 4038 551 4108 ripa
613 4038 776 4092 morti
807 4038 1124 4094 traduntur.
1171 4038 1420 4106 Quorum
1450 4044 1549 4112 qui
1581 4044 1885 4113 suspendio
1921 4042 2021 4098 ad-

425 4127 659 4200 judicati
724 4142 855 4187 sunt
909 4133 1043 4200 duo,
1088 4132 1334 4190 etii-actis
1390 4135 1677 4204 patibulis,
1714 4136 1767 4190 in
1818 4144 2022 4192 terram

431 4223 642 4293 delapsi
679 4232 838 4293 sunt;
872 4239 939 4280 ex
970 4228 1175 4292 quibus
1235 4240 1379 4281 unus
1437 4223 1681 4291 Venetae,
1718 4228 1858 4281 alter
1889 4226 2028 4281 Pra-

433 4320 570 4375 sinze
625 4319 805 4375 fuerat
872 4318 1151 4376 factionis.
1185 4319 1308 4387 Quo
1359 4320 1504 4385 viso,
1548 4320 1885 4379 circumfusa
1919 4332 2029 4377 tur-

2140 2008 2448 2079 Ῥωμαίων,
2479 2005 2974 2079 μεταστειλάμενος
2998 2004 3092 2058 τόν
3121 2000 3411 2073 πατρίκιον
3444 1999 3723 2067 Ῥουφῖνον

2126 2103 2414 2157 ἐκέλευσεν
2442 2102 2593 2173 αὑτῷ
2616 2100 2856 2166 ἐξελθεῖν
2886 2099 2980 2152 ἐπὶ
3000 2096 3071 2152 τὰ
3091 2093 3419 2149 Ἀνατολικὰ
3447 2091 3587 2163 μέρη
3613 2092 3713 2143 καὶ

2130 2196 2327 2267 μαθεῖν
2383 2196 2431 2248 εί
2483 2193 2592 2248 ἀπὸ
2637 2193 2731 2247 τοῦ
2792 2190 3059 2262 βασιλέως
3101 2186 3331 2260 Περσῶν
3378 2181 3540 2257 ἦλθον
3582 2180 3728 2235 κατὰ

2136 2287 2451 2357 Ῥωμαίων.
2501 2286 2614 2339 Kal
2661 2281 2896 2349 ἐξελθὼν
2927 2282 3210 2351 Ῥουφῖνός
3249 2278 3342 2332 καὶ
3373 2275 3618 2349 μηνύσας
3647 2271 3729 2343 τῷ

2128 2379 2343 2451 βασιλεῖ
2370 2378 2619 2451 Περσῶν,
2658 2370 2819 2448 εὗρεν
2849 2375 2931 2428 ὅτι
2963 2374 3026 2427 οὐ
3061 2371 3206 2427 κατά
3239 2370 3469 2440 γνώμην
3495 2366 3594 2421 τοῦ
3626 2366 3730 2436 βαι

2129 2472 2323 2535 σιλέως
2353 2470 2581 2543 Περσῶν
2612 2471 2660 2522 οἱ
2694 2467 2854 2523 αὐτοὶ
2882 2459 3076 2520 Οὗννοι
3107 2461 3422 2538 παρῆλθον·
3453 2460 3548 2514 καὶ
3587 2456 3731 2529 γρά-

2124 2567 2234 2637 ψας
2268 2563 2532 2635 Δωροθέῳ
2564 2561 2640 2631 τῷ
2675 2558 3029 2631 στρατηλάτῃ
3066 2554 3363 2629 Ἀρμενίας
3392 2549 3735 2606 ὁπλίσασθαι

2127 2658 2271 2714 κατά
2299 2657 2408 2710 τῶν
2445 2656 2629 2709 αὐτῶν
2664 2653 2906 2715 Οὒννων,
2936 2651 3035 2705 καὶ
3063 2648 3405 2711 ἀκούσαντες
3429 2647 3479 2699 οἱ
3510 2637 3729 2709 Οὗννοι,

2126 2751 2383 2813 λαθόντες
2419 2748 2518 2819 τὴν
2557 2747 2795 2818 πραῖδαν
2828 2747 3012 2798 πᾶσαν
3045 2739 3399 2812 ὑπέστρεψαν
3426 2737 3493 2792 δι’
3516 2730 3592 2790 ὧν
3625 2736 3736 2789 ἑπ-

2128 2842 2363 2914 ανῆλθον
2387 2844 2590 2894 τόπων.
2627 2839 2736 2892 Kal
2767 2835 3112 2901 καταδιώξας
3144 2831 3347 2895 αὐτοὺς
3366 2832 3395 2885 ό
3420 2827 3739 2900 στρατηλάς

2125 2956 2227 3008 της
2259 2933 2532 3007 Δωρόθεος
2570 2929 2835 3002 ἀφείλατο
2858 2926 2990 2999 παρ’
3015 2925 3200 2981 αὐτῶν
3218 2923 3321 2978 οὐκ
3349 2922 3542 2992 ὀλίγην
3564 2921 3737 2993 πραῖ-

2128 3031 2245 3085 δαν.

2198 3123 2290 3175 Ἐν
2342 3118 2492 3190 αὐτῷ
2538 3117 2596 3171 δὲ
2636 3115 2716 3187 τῷ
2748 3113 2927 3186 χρόνῳ
2974 3112 3074 3183 τῆς
3115 3108 3353 3181 δεκάτης
3395 3105 3742 3170 ίνδικτιῶνος

2131 3213 2337 3283 συνέὸη
2387 3211 2493 3265 ὑπό
2542 3226 2707 3263 τινων
2758 3205 3084 3277 ἀλαστόρων
3129 3202 3404 3274 δαιμόνων
3456 3201 3743 3273 πρόφασιν

2130 3305 2387 3376 γενέσθαι
2432 3302 2679 3375 ταραχῆς
2726 3303 2785 3357 ἐν
2835 3297 3153 3367 Βυζαντίῳ,
3190 3292 3341 3367 [214]
3393 3293 3744 3364 Εὐδαίμονος

2129 3399 2376 3469 ἐπάρχου
2401 3396 2611 3458 πόλεως
2636 3393 2793 3456 ὄντος
2816 3391 2910 3445 καὶ
2937 3390 3160 3461 ἔχοντος
3185 3386 3461 3450 ἀτάκτους
3482 3387 3541 3439 ὲν
3567 3401 3748 3456 φρου-

2135 3492 2205 3564 ρᾷ
2250 3490 2328 3555 ἐξ.
2359 3488 2693 3560 ἀμφοτέρων
2740 3483 2850 3538 τῶν
2902 3479 3110 3555 μερῶν,
3164 3479 3261 3534 καὶ
3306 3477 3671 3545 ὲξετάσαντος
3695 3476 3749 3508 ⁸³

2130 3586 2369 3656 διάφορα
2398 3582 2674 3654 πρόσωπα
2702 3573 2862 3650 εὗρεν
2891 3575 2950 3641 ἐξ
2982 3574 3164 3630 αὐτῶν
3196 3572 3441 3644 ὀνόματα
3475 3569 3616 3624 ἑπτὰ
3649 3570 3750 3624 αῖ-

2131 3678 2283 3741 τίους
2312 3675 2492 3745 φόνων
2517 3690 2530 3705 ·
2569 3674 2663 3726 καὶ
2705 3669 3099 3741 ψηφισάμενος
3145 3664 3255 3719 τῶν
3300 3665 3401 3736 μὲν
3449 3663 3754 3733 τεσσάρων

2133 3764 2541 3837 καρατόμησιν,
2592 3761 2702 3815 τῶν
2750 3761 2808 3813 δὲ
2853 3757 3024 3829 τριῶν
3071 3754 3570 3826 ἁνασκολοπισμόν.
3624 3752 3758 3807 Καὶ

2134 3852 2666 3926 περιὸωμισθέντων
2684 3849 2733 3883 ⁸⁸
2763 3848 2947 3903 αὐτῶν
2969 3847 3080 3920 (27)
3104 3846 3210 3902 ἀνά
3236 3847 3423 3900 πᾶσαν
3449 3846 3548 3916 τὴν
3578 3844 3756 3899 πόλιν

2132 3948 2228 4003 καὶ
2253 3946 2610 4017 περασάντων
2643 3942 2843 4008 αὐτῶν,
2880 3941 2974 3995 καὶ
3002 3940 3112 3995 τῶν
3145 3939 3248 4011 μὲν
3279 3937 3757 4012 κρεμασθέντων,

2133 4040 2404 4108 ἐξέπεσαν
2431 4038 2526 4093 δύο
2548 4036 2656 4090 τῶν
2684 4036 2857 4102 ξύλων
2881 4034 3185 4107 ῥαγέντων,
3209 4032 3332 4097 ἐνὸς
3359 4033 3458 4104 μὲν
3478 4031 3758 4095 Βενέτου,
3825 4020 3837 4067 ⁸

2134 4136 2231 4190 καὶ
2271 4134 2464 4205 ἑτέρου
2521 4120 2817 4204 [Ιρασίνου.
2862 4129 2975 4183 Kal
3024 4125 3294 4200 ἑωρακὼς
3345 4127 3374 4179 ὁ
3426 4125 3765 4196 περιεστὼς

2132 4225 2263 4291 λαὸς
2289 4227 2351 4280 τὸ
2379 4224 2595 4297 συμϐὰν
2628 4225 2958 4296 εὐφήμησαν
2982 4223 3027 4255 ⁸⁵
3067 4221 3159 4275 τὸν
3196 4220 3448 4292 βασιλέα.
3467 4220 3765 4290 Ἀκηκοό-

2131 4336 2225 4383 τες
2267 4318 2328 4372 δὲ
2375 4319 2427 4373 οἱ
2472 4316 2702 4387 πλησίον
2733 4314 2829 4370 τοῦ
2862 4314 3023 4384 ἁγίου
3071 4314 3324 4376 Κόνωνος
3370 4315 3603 4384 μοναχοὶ
3651 4314 3769 4368 καὶ

434 4358 570 4375 mu...
625 4358 805 4375 μω...
872 4358 1151 4376 "manus.
1187 4358 1308 4387 ,ιηυ
1369 4358 1504 4385 μου,
1548 4358 1885 4379 eumnam...
1920 4358 2022 4377 ...ι-

434 4412 500 4464 ba
561 4410 880 4479 imperatori
933 4410 1192 4480 protinus
1260 4409 1450 4464 omnia
1530 4409 1713 4465 I’austa
1784 4411 2022 4479 precari.

2142 4358 2224 4383 νς,
2268 4358 2328 4372 ν..
2377 4358 2427 4373 ν.
2479 4358 2698 4387 ...η-,η
2744 4358 2827 4370 η-
2862 4358 3022 4384 νη.--
3071 4358 3321 4376 .--η-η,
3370 4358 3603 4384 ι--.Ἷη
3655 4358 3769 4368 --.η

2133 4411 2479 4475 ἐπελθόντες,
2503 4404 2663 4481 εὗρον
2696 4409 2762 4463 ὲκ
2795 4408 2904 4462 τῶν
2932 4405 3367 4479 κρεμασθέντων
3398 4404 3496 4461 δύο
3524 4405 3773 4471 ζῶντας
3815 4358 3827 4439 ἓ

427 4503 712 4559 Exeuntes
763 4514 971 4567 autem,
1024 4503 1121 4574 qui
1184 4501 1253 4557 de
1307 4502 1395 4557 his
1445 4511 1803 4572 acceperant,
1859 4518 2022 4574 prepe

2136 4504 2429 4575 κειμένους
2475 4504 2559 4567 εἰς
2604 4502 2667 4556 τὸ
2704 4501 2923 4570 ἔδαφος.
2952 4500 3058 4554 Kal
3087 4499 3504 4568 καταγαγόντες
3537 4499 3777 4565 αὐτοὺς

380 4590 393 4599 ’
435 4603 693 4651 sant-tum
748 4597 1035 4650 Cononem
1084 4593 1349 4662 degentes
1381 4593 1665 4657 monachi,
1702 4608 1896 4648 eorum
1933 4595 2022 4662 qui

2140 4598 2369 4673 πλησίον
2397 4597 2700 4666 θαλάσσης,
2739 4597 2833 4675 καὶ
2866 4593 3205 4666 ἐμϐαλόντες
3237 4595 3297 4646 ὲν
3331 4592 3538 4662 πλοίῳ,
3564 4592 3777 4663 ἔπεμ-

386 4682 393 4687 ’
434 4686 684 4755 patibulo
746 4685 1011 4739 destinati
1075 4692 1208 4740 sunt
1238 4683 1381 4739 duos
1443 4685 1598 4739 vivos
1644 4684 1846 4748 adhuc,
1875 4686 2022 4742 bumi

2133 4694 2242 4763 ψαν
2281 4691 2482 4754 αὐτοὺς
2509 4690 2569 4742 ὲν
2596 4687 2677 4759 τῷ
2716 4687 2860 4758 ἁγίῳ
2890 4685 3217 4757 Λαυρεντίῳ
3242 4687 3302 4739 ὲν
3332 4684 3562 4748 ἀσύλοις
3579 4686 3637 4717 ⁸⁶
3669 4693 3781 4740 τό·

428 4779 679 4847 jacenles
725 4777 1080 4832 invenerunt.
1132 4773 1243 4832 llos
1276 4776 1558 4836 monachi,
1616 4774 1684 4828 ad
1721 4790 1871 4831 mare
1904 4774 2022 4858 inde

2135 4803 2283 4850 ποις.
2310 4783 2419 4838 Kal
2447 4783 2610 4852 γνοὺς
2640 4780 2815 4836 ταῦτα
2857 4782 2885 4834 ό
2927 4783 3029 4851 τῆς
3065 4780 3276 4843 πόλεως
3301 4778 3565 4851 ἔπαρχος,
3597 4780 3780 4850 πέμ-

435 4868 727 4932 deductos,
790 4869 1124 4940 navigioque
1165 4869 1460 4939 impositos
1516 4867 1708 4922 Sancti
1743 4867 2022 4925 Laurentii

2132 4880 2241 4949 ψας
2269 4874 2676 4948 στρατιωτικὴν
2710 4873 2969 4945 βοήθειαν
3000 4871 3304 4943 ἐφύλαττεν
3329 4871 3528 4933 αὐτοὺς
3560 4872 3781 4925 ὲκεισε

437 4961 503 5014 ad
554 4960 767 5033 asylum
785 4960 1167 5030 deportarunt.
1200 4958 1419 5016 Certior
1441 4970 1623 5014 autem
1643 4960 1708 5015 de
1736 4960 1822 5016 his
1852 4961 2022 5020 factus

2136 4973 2319 5035 ὄντας.
2359 4969 2472 5024 Kal
2507 4968 2651 5039 μετά
2677 4969 2828 5039 τρεῖς
2860 4966 3077 5037 ἡμέρας
3115 4965 3257 5037 ἦχθη
3286 4964 3346 5018 τὸ
3378 4963 3785 5036 ἱπποδρόμιον

440 5053 754 5122 praefectus,
815 5059 1090 5108 armatam
1166 5068 1234 5108 eo
1288 5067 1513 5107 manum
1561 5053 1845 5122 expedivit
1908 5071 2022 5127 quae

2139 5064 2200 5117 τὸ
2225 5060 2641 5133 ὀνομαζόμενον
2689 5059 2800 5114 τῶν
2846 5058 3037 5113 εἰδῶνο
3081 5058 3216 5112 εἰδοὶ
3261 5057 3318 5110 δὲ
3351 5054 3785 5128 ὀνομάζονται,

438 5154 626 5204 sontes
657 5148 732 5204 ibi
771 5156 926 5204 arcte
973 5144 1313 5203 custodiret.
1353 5144 1545 5200 Tertio
1576 5154 1760 5201 autem
1794 5155 1921 5217 post
1943 5149 2022 5205 die

2138 5156 2275 5211 διότι
2310 5153 2422 5227 (28)
2456 5153 2668 5218 πάντας
2696 5153 2826 5217 τοὺς
2859 5153 3279 5226 προκόπτοντας
3323 5154 3381 5206 ὲν
3420 5154 3545 5215 ταῖς
3585 5170 3785 5226 στρα-

1759 5255 1992 5314 νΑΒΙίΕ
2036 5262 2441 5322 LECTIONES.

507 5351 555 5434 ξ·
581 5350 951 5434 Κηρυστικῶν
976 5349 1082 5434 ΟΞΠ.
1113 5422 1124 5434 ,
1158 5348 1625 5434 ’ξηὲξαιῖᾴξσαντεε
1648 5347 1795 5434 οιΑ
1828 5351 1875 5383 ει
1905 5318 2449 5433 aetatemaetatth
2501 5357 2568 5415 ν.
2605 5358 2707 5415 ea.
2762 5359 2955 5415 adnot.
2989 5318 3077 5415 ad.
3098 5375 3151 5431 p.
3178 5360 3270 5415 ed.
3306 5359 3480 5415 Bonn.
3516 5328 3651 5415 tas
3682 5360 3793 5418 η.

434 5424 482 5458 ³⁸
509 5419 807 5495 ὲφημῆσαν
845 5422 949 5479 Ox.
1026 5422 1072 5454 “
1101 5420 1327 5484 ἀσύλοις
1356 5420 1482 5483 Clu,
1506 5420 1724 5484 ἀεύλοις
1755 5419 1859 5475 0x.
1981 5419 1991 5430 ’
2122 5419 2137 5433 ⁵
2670 5454 2679 5459 -
2737 5446 2744 5452 ·

1707 5511 1816 5567 ΕΙ).
1841 5511 2141 5566 CIIIIMEA
2155 5514 2214 5568 Dl
2245 5511 2481 5568 NOTA‘Z.

1229 5605 1487 5675 Σὰὗειροι
1540 5606 1844 5677 Procopio,
1891 5607 2039 5677 Aga-
2151 5609 2503 5677 πευθέντων,
2560 5609 2639 5663 uti
2696 5607 2764 5664 de
2821 5609 2927 5663 hoc
2987 5611 3263 5666 vocabulo
3304 5626 3471 5683 supra
3527 5623 3803 5677 mmmi-

2149 5696 2293 5734 llllls.

2216 5751 2332 5822 (‘28)
2371 5751 2523 5804 Εἰδοὶ
2561 5749 2618 5802 δὲ
2658 5750 3048 5820 ὀνομάζονται,
3086 5752 3245 5816 διότι,
3277 5762 3384 5808 etc.
3418 5754 3607 5820 Quam
3646 5778 3806 5817 sua-

2141 5822 2283 5892 viter
2317 5822 2410 5892 hic
2451 5823 2651 5891 ineptit
2686 5834 2899 5892 auctor.
2935 5822 3079 5887 Quin
3121 5834 3172 5877 et
3212 5829 3395 5879 socios
3428 5827 3528 5879 hac
3593 5831 3663 5885 ir.
3737 5855 3806 5892 ω

2136 5891 2303 5950 habet
2328 5890 2416 5947 Jo.
2453 5892 2735 5960 Tzetzcnt,
2763 5891 3080 5948 Graeculum
3113 5895 3269 5951 illum
3305 5890 3806 5968 nugacissiuturn

507 5607 621 5681 (25)
656 5609 851 5681 vam
898 5607 1166 5678 Σάϐηρες.

437 5679 743 5739 11ιίω.ἐιῐὶἱε
774 5690 1065 5734 vocantur.

506 5750 625 5821 (26)
665 5750 775 5803 Kal
815 5749 928 5803 τῶν
958 5747 1351 5821 Κυρηστικῶν.
1400 5745 1765 5821 Scribendnm
1811 5751 2031 5821 Κυρρε-

439 5818 663 5885 σιτικῶν,
696 5821 772 5873 uti
806 5835 973 5888 supra
1011 5818 1330 5873 monuimus
1359 5819 1423 5871 ad
1463 5818 1557 5872 lib.
1591 5835 1710 5873 xm.

498 5888 619 5954 127)
661 5892 770 5945 Kal
804 5890 1324 5962 περιϐωμισθέντων
1358 5889 1560 5946 αὐτῶν.
1594 5891 1715 5946 Scr.
1745 5909 2026 5962 περιπομ-
