3966 6450
336 446 449 511 689

1407 430 2093 501 CHRONOGRAPHIA.
2132 453 2205 464 --
2243 425 2393 488 LIB.
2433 423 2659 487 XVIII.

3527 403 3640 467 690

334 561 511 624 τείαις
544 561 572 612 ὁ
597 555 853 630 βασιλεὺς
883 552 1176 629 Ῥωμαίων
1210 558 1269 611 ὲν
1292 555 1732 628 ἀριστοδείπνοις
1773 548 1925 624 [215]

2056 544 2336 599 :ertamina
2360 540 2660 610 equestria,
2695 535 2886 591 iduum
2918 541 3130 593 \‘m‘ata,
3165 525 3444 582 celebrata
3476 535 3630 577 sum.

338 652 534 725 τρέφει
579 653 638 705 ὲν
690 651 770 722 τῷ
816 650 981 704 αὑτοῦ
1021 651 1294 722 παλατὶῳ,
1321 648 1685 721 χαριζόμενος
1717 646 1937 713 ἑκάστῳ

335 745 411 797 τά
435 741 532 797 τοῦ
564 742 982 813 πριμικηράτου
1009 742 1144 814 (29).
1179 741 1287 795 Τοῦ
1317 742 1375 795 δὲ
1413 738 1778 811 ἱπποδρομίου
1806 738 1938 806 ἀγο-

342 835 509 908 μένου
543 839 610 908 τῇ
640 835 1106 909 τρεισκαιδεκάτῃ
1130 835 1227 890 τοῦ
1250 833 1650 905 Ἰοινουιιρίουθ⁷
1682 832 1794 903 (50)
1830 833 1938 901 μη·-

334 929 451 994 νδς,
474 927 544 984 τά
563 929 856 1000 ἀμφότερα
892 929 1035 1001 μέρη
1064 927 1416 999 παρεκάλουν
1442 923 1794 996 τὸνβασιλέα
1820 922 1940 992 φιλ-

337 1021 1148 1094 ανθρωπευθῆναιθΕπέμενον
1179 1021 1240 1076 δὲ
1273 1018 1575 1092 κράζοντες
1605 1017 1712 1082 ἕως
1743 1016 1837 1071 τοῦ
1871 1016 1941 1068 είο

336 1112 541 1167 κοστοῦ
573 1112 836 1183 δευτέρου
866 1113 1047 1185 βαῖου,
1075 1114 1171 1169 κα)¹
1201 1114 1551 1187 ἀποκρίσεως
1575 1113 1675 1166 οὐκ
1706 1111 1943 1183 ἠξιώθη⁴

341 1223 468 1261 σαν.
514 1203 624 1258 Τοῦ
671 1204 730 1258 δὲ
776 1204 1029 1262 διαϐόλου
1075 1206 1411 1278 ἐμϐαλόντος
1450 1207 1637 1270 αὐτοῖς
1677 1204 1942 1273 λογισμὸν

343 1297 585 1369 πονηρὸν
608 1337 623 1363 ,
677 1296 913 1370 ἔκραζον
974 1300 1114 1372 πρὸς
1176 1299 1443 1373 ἀλλήλους
1470 1340 1484 1355 .
1533 1298 1943 1370 Φιλανθρώπων

346 1390 634 1460 Πρασίνων
668 1389 763 1444 καὶ
793 1388 1032 1447 Βενέτων
1050 1391 1223 1445 πολλά
1252 1392 1322 1445 τὰ
1349 1391 1444 1464 ἔτη
1475 1393 1488 1447 ι
1522 1390 1627 1446 Καὶ
1654 1389 1750 1444 τοῦ
1782 1391 1942 1444 ἱππι-

348 1482 446 1536 κοῦ
495 1481 872 1548 ἀπολύσαντες
919 1484 1195 1555 κατῆλθον
1240 1485 1314 1541 τά
1363 1484 1544 1556 πλήθη
1592 1483 1941 1554 φιλιάσαντα,

270 1590 277 1591 ί
338 1574 635 1639 δεδωκότες
662 1575 880 1640 ἑαυτοῖς
909 1577 1159 1647 μανδᾶτα
1184 1580 1250 1634 ὲκ
1278 1577 1377 1634 τοῦ
1405 1578 1588 1646 λέγειν
1613 1556 1769 1632 Νίκα
1804 1575 1943 1647 (51),

337 1665 429 1718 διὰ
461 1666 524 1719 τὸ
560 1666 635 1739 μὴ
668 1666 1011 1739 ἀναμιγῆναι
1040 1669 1227 1734 αὐτοῖς
1262 1668 1605 1742 στρατιώτας
1628 1668 1662 1740 ἢ
1689 1666 1941 1733 ὲξκουϐί-
1976 1650 1995 1673 ’

335 1773 538 1826 τοραςο
568 1758 667 1812 καὶ
692 1757 870 1824 οὕτως
901 1761 1227 1831 είσήλαυνον
1240 1762 1307 1817 ³⁸.
1334 1761 1605 1834 Βραδείας
1633 1759 1691 1813 δὲ
1715 1758 1946 1830 γενομέ-

2044 636 2170 693 ldus
2199 644 2383 690 autem
2410 629 2753 705 ﬁnadictm
2783 634 2911 681 sunt
2958 640 3022 677 eu
3048 620 3193 693 quod
3214 618 3280 672 ad
3310 624 3634 686 supremum

2040 730 2097 785 in
2131 728 2325 784 militia
2409 739 2511 780 sua
2576 720 2810 793 gradum
2886 724 3184 788 provecms
3265 720 3638 781 quoscunque

2042 822 2347 893 imperator
2401 816 2687 871 Romanus
2718 812 2773 867 in
2819 810 3024 882 palatio
3062 804 3335 862 conviviis
3399 799 3632 868 excipit,

2043 913 2343 987 primicerii
2411 911 2578 966 etiam
2658 906 2929 975 dignitate
3002 900 3241 972 singulis
3332 908 3634 950 conce.~sa.

2041 1009 2294 1066 Januarii
2327 1012 2511 1060 autem
2531 1018 2657 1066 xm,
2682 1000 2829 1055 inter
2860 994 3160 1060 cireensia,
3190 1001 3427 1061 utraque
3463 986 3637 1041 factio

2044 1104 2473 1172 imperatorem,
2511 1093 2790 1166 propitius
2847 1099 2908 1146 ut
2963 1097 3155 1153 esset,
3192 1084 3468 1140 obtestata
3528 1082 3635 1134 est.

2046 1196 2432 1251 Exelamantes
2468 1198 2650 1243 autem
2714 1187 3098 1256 perstiterunt,
3159 1178 3225 1233 ad
3276 1189 3453 1246 usque
3523 1187 3636 1226 ml

2043 1294 2323 1343 certamen
2353 1283 2606 1347 ﬁnitum;
2643 1293 2747 1332 nec
2801 1272 3167 1344 responsione
3211 1268 3431 1323 interim
3484 1262 3639 1335 digni

2046 1378 2219 1435 habiti
2276 1381 2427 1432 sunt.
2518 1369 2723 1427 Verum
2760 1365 2981 1422 diabolo
3018 1361 3287 1419 scelestos
3319 1358 3633 1413 animormn

2046 1476 2286 1545 impetus
2335 1468 2451 1524 illis
2508 1469 2865 1536 suggerente,
2916 1458 3024 1515 sibi
3067 1454 3207 1527 ipsis
3257 1450 3642 1508 acclamabaut

2046 1566 2320 1621 invicem:
2346 1559 2706 1615 Prasinorum
2736 1562 2792 1608 et
2819 1549 3155 1606 Venetorum
3196 1540 3640 1600 misericordium

2047 1656 2271 1731 plurimi
2296 1655 2411 1711 sint
2449 1648 2603 1706 anni.
2643 1644 2847 1700 Finitis
2880 1648 3066 1697 autem
3094 1635 3472 1700 circensibus,
3504 1646 3642 1687 con-

2047 1750 2352 1820 spiratione
2417 1743 2658 1800 invicem
2705 1738 2872 1803 facta,
2906 1731 3262 1791 descendunt
3297 1729 3512 1794 turbae;
3545 1739 3643 1779 vo-

335 1865 439 1918 νης
468 1848 618 1921 ὥρας
651 1846 819 1921 ἦλθον
848 1817 920 1906 ⁷ὲν
963 1817 1044 1924 τῷ
1082 1817 1410 1926 πραιτωρίῷ
1439 1853 1535 1908 τοῦ
1567 1817 1811 1925 ἐπάρχου
1842 1817 1945 1922 τῆς

2056 1817 2242 1915 neque,
2286 1839 2464 1903 Vince,
2495 1852 2599 1910 pro
2647 1845 2858 1889 tessera
2898 1830 3051 1894 data,
3093 1830 3162 1882 n‘e
3192 1823 3323 1895 quis
3373 1820 3517 1876 forte
3541 1817 3647 1873 mi-

338 1941 575 2009 πόλεως,
610 1943 893 2008 αἰτοῦντες
922 1914 1223 2018 ἀπόκρισιν
1255 1914 1393 2018 περ).⁸
1414 1948 1525 2001 τῶν
1578 1914 1879 2019 apo-(piiwa
1901 1914 1948 1979 δέ

2056 1939 2235 2000 litum,
2282 1944 2376 1989 aut
2408 1929 2799 1987 excubitorum
2866 1938 2929 1979 se
2975 1920 3090 1976 illis
3149 1914 3509 1977 immisceret,
3546 1924 3646 1980 per

340 2034 455 2087 τῶν
490 2034 664 2090 ϐντων
707 2038 767 2090 ἐν
793 2036 873 2107 τῷ
905 2038 1051 2113 ἁγίῳ
1080 2039 1419 2110 Λαυρεντίῳ.
1451 2039 1559 2093 Kal
1591 2038 1670 2111 μὴ
1697 2039 1952 2111 τυχόντες

338 2127 693 2193 ἀποκρίσεως
744 2128 968 2201 ὑφῆψαν
1013 2131 1126 2203 πῦρ
1176 2132 1235 2185 ὲν
1279 2131 1358 2202 τῷ
1403 2131 1556 2203 αὐτῷ
1586 2132 1949 2204 πραιτωρίῳ·

341 2219 555 2292 ἐκαύθη
587 2221 647 2274 δὲ
692 2221 755 2275 τὸ
799 2221 1140 2295 πραιτώριον
1176 2225 1272 2278 καὶ
1306 2226 1340 2297 ἡ
1374 2225 1617 2296 χαλκῆθο
1645 2222 1744 2279 τοῦ
1784 2225 1952 2279 παλαι

340 2313 460 2366 τίου
488 2313 600 2382 (52)
648 2314 756 2378 ἕως
788 2315 900 2374 τῶν
934 2315 1143 2387 σχολῶν
1172 2317 1270 2371 καὶ
1320 2318 1353 2387 ἡ
1406 2318 1639 2391 Μεγάλη
1684 2318 1954 2390 ἐκκλησία

344 2401 430 2473 [21
443 2400 500 2473 6]
529 2403 627 2456 καὶ
653 2403 681 2455 ὁ
704 2405 962 2475 δημόσιος
988 2404 1218 2476 έμϐολος
1236 2421 1252 2437 ⁸
1291 2406 1388 2461 καὶ
1410 2407 1705 2478 ἐπέμεινεν
1728 2409 1756 2461 ὁ
1781 2408 1953 2479 δῆμος

347 2494 678 2549 εἰσελαύνων
708 2497 981 2581 ἀτάκτως.
1006 2497 1109 2552 Καὶ
1133 2500 1353 2570 πρωΐας
1379 2499 1707 2571 γενομένης,
1737 2500 1833 2554 τοῦ
1866 2501 1955 2571 βα-

350 2585 547 2649 σιλέως
596 2587 962 2652 κελεύσαντος
990 2589 1225 2660 ἀχθῆναι
1255 2590 1644 2661 ἱπποδρόμιον,
1678 2590 1776 2644 καὶ
1821 2608 1952 2662 κρε-

352 2675 656 2746 μασθέντος
683 2678 780 2731 τοῦ
810 2679 868 2745 ἐξ
897 2678 1055 2743 ἔθους
1090 2679 1279 2750 βήλου,
1308 2681 1534 2752 ὑφῆψαν
1566 2681 1731 2735 πάλιν
1760 2683 1811 2734 οἱ
1853 2683 1952 2735 αὐ-

350 2768 431 2821 τοὶ
451 2767 689 2839 δημόται
718 2770 778 2823 ὲν
798 2772 866 2842 τῇ
888 2771 1180 2845 ἀναϐάθρα
1206 2772 1302 2847 τοῦ
1331 2773 1559 2826 ἱππικοῦ
1579 2790 1592 2803 ·
1619 2774 1717 2827 καὶ
1742 2774 1952 2845 ἐκαύθη

355 2859 522 2930 μέρος
552 2862 649 2914 καὶ
681 2861 775 2915 τοῦ
804 2863 1070 2932 δημοσίου
1094 2864 1323 2934 ἐμϐόλου
1358 2865 1463 2930 ἓως
1492 2864 1587 2919 τοῦ
1618 2866 1951 2933 Ζευξίππου.

354 2949 457 3004 Καὶ
491 2950 803 3017 ἐξελθόντες
841 2954 892 3006 oi
926 2954 1066 3023 περὶ
1100 2955 1343 3009 Μοῦνδον
1388 2957 1483 3011 καὶ
1513 2957 1955 3012 Κωνσταντίολον

355 3044 449 3097 καὶ
481 3043 774 3114 Βασιλξδην
812 3046 952 3117 μετὰ
984 3047 1243 3118 βοηθείας
1277 3049 1422 3103 κατά
1452 3049 1703 3104 κέλευσιν
1729 3049 1826 3104 τοῦ
1857 3050 1956 3120 βα-

356 3134 573 3203 σιλέως,
603 3136 919 3208 βουλόμενοι
950 3140 1411 3210 κατασιγῆσαιτὰ
1429 3142 1793 3206 στασιάζοντα
1821 3142 1957 3214 πλή-

356 3230 421 3328 (in
444 3244 459 3258 θ
495 3228 808 3328 κατέκραζε
984 3230 1045 3328 to
1081 3231 1291 3299 πλῆθος
1312 3232 1566 3286 Ἰωάννου
1600 3232 1694 3286 τοῦ
1726 3233 1957 3304 ἐπίκλην
1984 3269 2027 3328 C

359 3321 725 3387 Καππάδοκος
773 3322 866 3377 καὶ
899 3323 1296 3394 Τριϐουνιανοῦ
1327 3324 1422 3379 τοῦ
1455 3324 1825 3398 Κοιαίστωρος
1859 3329 1958 3381 κα)¹

354 3412 451 3464 τοῦ
480 3412 727 3484 ἐπάρχου
759 3416 857 3485 τῆς
883 3414 1094 3479 πόλεως
1116 3416 1475 3488 Εὐδαίμονος
1503 3419 1598 3471 καὶ
1620 3417 1794 3472 ταῦτα
1818 3420 1960 3491 παρ’

360 3503 546 3557 αὐτῶν
576 3506 882 3577 ἀκηκοότες
933 3508 984 3560 oi
1030 3507 1449 3579 ἐκπεμφθέντες
1479 3508 1838 3581 συγκλητικοὶ
1868 3511 1960 3564 ἀν-

312 3598 592 3699 ,ηγαγονκ
622 3598 717 3699 τῷ.
753 3599 1002 3670 βασιλεῖ’
1055 3601 1150 3655 κα)⁴
1200 3600 1405 3666 εὐθέως
1457 3601 1813 3673 διεδέχθησαν
1862 3601 1961 3673 τῆς

362 3690 539 3761 ἀρχῆς
565 3692 593 3745 ὅ
618 3708 679 3745 τε
703 3691 961 3764 Ἰωάννης
991 3694 1084 3749 καὶ
1110 3694 1501 3766 Τριϐουνιανὸς
1527 3696 1624 3748 καὶ
1651 3694 1958 3766 Εὐδαίμων.

362 3780 466 3835 Καὶ
491 3782 804 3850 ἐξελθόντος
836 3785 1162 3856 Βελισαρίου
1216 3785 1358 3857 μετά
1404 3785 1643 3857 πλήθους
1677 3784 1961 3853 Γοτθικοῦ,

363 3876 461 3928 καὶ
509 3875 790 3948 συμϐολῆς
838 3880 1168 3949 γενομένης
1202 3877 1392 3931 πολλοὶ
1439 3880 1504 3932 ὲκ
1550 3878 1662 3933 τῶν
1713 3879 1963 3950 δημοτῶν

364 3966 816 4038 κατεσφάγησαν.
853 3968 1119 4040 Θυμωθὲν
1158 3970 1215 4024 δὲ
1242 3971 1303 4024 τὸ
1335 3970 1542 4041 πλῆθος
1573 3971 1669 4024 καὶ
1702 3970 1761 4024 ὲν
1784 3970 1965 4035 ἄλλοις

365 4059 556 4125 τόποις
582 4058 776 4114 ἔϐαλον
810 4060 925 4134 πῦρ
968 4061 1064 4116 καί
1107 4079 1263 4125 τινας
1293 4061 1545 4125 ἀτάκτως
1570 4062 1847 4130 ἐφόνευον.
1883 4063 1962 4134 Τῇ

366 4151 422 4204 δὲ
449 4152 901 4225 ὀκτωκαιδεκάτῃ
938 4152 1034 4206 τοῦ
1080 4151 1247 4209 αὑτοῦ
1287 4153 1455 4224 μηνὸς
1489 4151 1721 4223 ἀνῆλθεν
1747 4154 1775 4206 ὁ
1807 4152 1965 4223 βασι-

367 4244 492 4308 λεὺς
520 4245 578 4298 ὲν
607 4243 687 4316 τῷ
713 4245 927 4317 ἱππικῷ
956 4244 1239 4316 βαστάζων
1257 4247 1317 4300 τὸ
1346 4245 1501 4316 ἅγιον
1524 4245 1809 4317 μεγαλεῖον
1828 4246 1962 4317 (55)’

370 4336 466 4391 καὶ
511 4337 778 4407 μαθόντες
823 4339 874 4392 οἱ
916 4338 1067 4408 ὄχλοι
1117 4338 1368 4409 ἀνῆλθον,
1400 4338 1493 4392 καὶ
1541 4338 1968 4410 προσεφώνησεν

372 4427 558 4491 αὐτοῖς
599 4429 721 4499 μεθ’
743 4432 925 4500 ὅρκων
962 4430 1211 4499 μανδᾶτα
1233 4434 1370 4484 ’.καὶ
1405 4431 1590 4485 πολλοὶ
1622 4431 1722 4503 μὲν
1751 4431 1847 4484 τοῦ
1877 4432 1969 4503 δή·

377 4537 478 4591 μου
511 4520 664 4595 [217]
694 4522 928 4595 ἔκραζον
951 4523 1116 4577 αὐτὸν
1146 4523 1396 4595 βασιλέα,
1419 4524 1599 4596 ἕτεροι
1628 4524 1683 4578 δὲ
1716 4525 1971 4579 ἐστασία-

2055 2029 2338 2087 urbemin
2383 2028 2529 2081 hunc
2585 2021 2809 2077 modum
2874 2013 3334 2072 discursitarunt.
3386 2006 3645 2074 Cumque

2051 2123 2165 2194 jam
2201 2132 2387 2175 serum
2412 2114 2526 2171 diei
2553 2120 2738 2177 esset,
2780 2110 2835 2165 in
2865 2103 3111 2179 prazl‘ecti
3136 2101 3293 2157 urbis
3325 2094 3643 2170 prmtorium

2055 2218 2353 2276 irruentes,
2397 2223 2525 2265 eum
2568 2208 2637 2262 de
2682 2201 2931 2275 profugis
2995 2198 3065 2253 ad
3095 2195 3360 2252 Sanctum
3393 2191 3645 2245 Lauren-

2056 2309 2194 2363 tium
2221 2303 2530 2376 postulant.
2586 2297 2725 2354 Sede
2763 2305 3088 2364 responsum
3120 2289 3190 2343 ab
3223 2301 3289 2342 eo
3318 2283 3530 2339 uullmn
3564 2279 3645 2335 fe-

2055 2407 2266 2459 rentes,
2296 2391 2558 2466 praetorio
2608 2388 2863 2443 ﬂammas
2899 2381 3182 2453 injiciunt,
3212 2376 3359 2448 quod
3385 2389 3495 2429 una
3518 2386 3647 2427 cum

2056 2493 2246 2549 chalca
2270 2488 2492 2545 scholas
2547 2485 2616 2539 ad
2651 2496 2851 2552 usque,
2889 2490 3086 2547 magna
3133 2472 3361 2543 insuper
3387 2466 3647 2529 ecclesia,

2056 2585 2388 2658 porticuque
2416 2580 2637 2651 publica
2695 2568 3084 2644 conﬂagravit,
3151 2562 3439 2623 seditiosis
3463 2560 3649 2615 adhuc

2058 2671 2279 2734 sursum
2319 2673 2507 2729 omnia
2544 2685 2612 2725 ac
2668 2668 2936 2724 deorsum
2985 2658 3319 2718 ferentibus.
3382 2658 3528 2710 Luce
3554 2667 3650 2707 au-

2058 2781 2165 2828 tem
2221 2765 2490 2837 sequente
2531 2764 2833 2832 imperator
2858 2756 3135 2813 circensia
3172 2751 3254 2823 agi
3285 2748 3493 2820 jussit;
3523 2761 3651 2817 pro-

2058 2879 2166 2936 que
2220 2876 2373 2916 more
2402 2870 2680 2927 suspenso
2718 2853 2861 2917 velo,
2930 2846 3216 2904 seditiosis
3276 2842 3494 2899 interim
3528 2841 3653 2909 hip-

2058 2934 2311 3025 podromi
2364 2947 2641 3021 gradibus
2688 2945 2867 3015 ignem
2933 2938 3340 3009 injicienlibns,
3399 2934 3650 3004 porticus

2060 3043 2298 3127 publica,
2360 3051 2535 3108 usque
2561 3035 2629 3089 ad
2696 3032 3063 3100 Zeuxippun,
3116 3029 3169 3082 in
3234 3026 3455 3080 cineres
3491 3037 3649 3076 versa

2059 3115 2163 3192 est;
2242 3129 2589 3187 Exclamavit
2650 3125 2815 3199 475
2882 3131 3067 3178 autem
3142 3120 3300 3174 turba
3377 3115 3651 3171 adversus

2060 3226 2330 3283 Joannem
2376 3210 2785 3292 Cappadocem,
2831 3215 3257 3274 Tribonianum,
3289 3217 3649 3280 quaestorem.

2064 3319 2494 3393 praefectumque
2522 3311 2676 3368 urbis
2712 3307 3131 3364 Eudaemonem.
3163 3300 3321 3369 Quod
3352 3299 3443 3354 ubi
3474 3296 3654 3351 audis-
3700 3343 3708 3351 .

2064 3421 2205 3474 seut,
2250 3408 2346 3477 qui
2386 3406 2548 3476 jussu
2583 3398 2944 3471 imperatoris
2982 3411 3107 3451 eum
3139 3403 3351 3447 armata
3385 3405 3551 3443 manu
3583 3386 3655 3442 ad

2062 3502 2487 3559 tumultuantem
2545 3495 2807 3567 populum
2863 3487 3236 3545 coercendum
3296 3481 3653 3554 cgressil’ue-

2065 3607 2212 3658 rant,
2270 3591 2533 3654 Mundus,
2583 3584 3002 3642 Constantiolns
3072 3589 3128 3634 et
3181 3576 3454 3632 Basilides
3538 3587 3654 3627 rem

2064 3685 2388 3759 imperatori
2443 3681 2786 3738 detulerunt.
2846 3678 3036 3747 Itaque
3065 3689 3098 3729 e
3120 3670 3356 3741 vestigio
3387 3667 3653 3729 Joannes.

2067 3780 2440 3836 Trihonianus
2484 3785 2539 3831 et
2606 3772 2929 3833 Eudaemon,
2994 3766 3367 3839 dignitatibus
3415 3762 3658 3833 quisque

2067 3877 2184 3933 suis
2218 3870 2457 3928 abdicati
2489 3877 2641 3923 sunt.
2668 3865 2939 3937 Egressus
2981 3870 3165 3916 autem
3195 3858 3522 3921 Belisarius,
3545 3853 3659 3908 Gn-

2068 3967 2213 4020 thiea
2249 3978 2411 4016 manu
2442 3960 2700 4028 stipatus,
2733 3955 3027 4011 seditiosos
3088 3952 3315 4005 adortus
3348 3958 3451 4012 est,
3490 3944 3663 4014 pluri-

2068 4059 2175 4113 mis
2237 4068 2429 4111 eurum
2493 4041 2716 4105 occisis.
2771 4046 2877 4102 Sed
2934 4047 2987 4099 in
3044 4045 3290 4098 furorem
3327 4051 3449 4095 acta
3476 4038 3656 4108 plebs.

2068 4148 2315 4206 aediliciis
2366 4145 2571 4216 passim
2602 4145 2755 4213 ignes
2790 4138 3079 4207 injiciehat
3109 4178 3122 4201 ,
3166 4135 3457 4190 nonnullis
3493 4130 3663 4186 etiam

2068 4259 2165 4314 per
2205 4241 2289 4296 l'as
2325 4247 2379 4294 et
2420 4236 2577 4292 nel‘as
2606 4232 2936 4289 interfectis.
2981 4229 3080 4284 Die
3107 4239 3292 4283 autem
3319 4240 3471 4289 xvm,
3510 4222 3664 4293 ejus-

2070 4339 2192 4392 dem
2254 4331 2486 4395 mensis,
2553 4330 2853 4397 imperator
2916 4324 3203 4394 ingressus
3257 4328 3666 4374 estsacrosan-

2070 4437 2218 4481 ctum
2253 4439 2417 4477 manu
2455 4437 2554 4475 sua
2581 4426 2803 4488 gestans
2830 4415 3105 4489 Igvangelii
3137 4413 3383 4467 codicem
3410 4427 3427 4478 ;
3474 4408 3663 4479 popelv

2076 4520 2317 4588 lumque,
2356 4514 2449 4584 qui
2477 4514 2582 4567 hoc
2615 4510 2901 4575 reseierat,
2943 4506 3443 4567 cenem-silentem,
3497 4500 3665 4555 dictis

1653 4635 1902 4692 VARIJS
1931 4630 2352 4691 LECTIONES.

473 4730 519 4762 ⁸⁷
565 4726 928 4798 Ἰαννουαρίου
978 4727 1076 4785 Ox.

1182 4729 1229 4799 ἐκ
1272 4729 1585 4782 εἰσέλαυνον
1626 4728 1704 4784 Ox
1717 4769 1728 4782 .

378 4803 427 4835 ’θ
463 4801 643 4872 χαλκὴ
674 4795 779 4853 0x.

1835 4727 1879 4761 '9
1920 4729 2243 4801 προφύγων.
2311 4721 2465 4779 Fort.
2521 4715 2878 4789 προσφύγων.
2930 4712 3098 4769 Coni'.
3167 4727 3220 4781 p.
3259 4709 3329 4763 79
3384 4707 3449 4773 Ι),
3496 4706 3566 4761 85
3601 4709 3665 4761 υ.

1619 4862 1726 4917 ΕΟ.
1771 4862 2149 4917 CHILMEADI
2198 4861 2434 4918 NOT/E.

383 4962 550 5017 simul
578 4967 633 5015 et
657 4954 1196 5013 confidentissimum
1224 4953 1325 5024 (uti
1351 4961 1497 5008 recte
1529 4964 1714 5007 intonet
1736 4950 1969 5009 ductiSs.
2008 4959 2048 5013 Ι)
2080 4928 2352 5011 vocabulo
2375 4953 2592 5010 scilicet
2620 4952 2725 5006 hoc
2755 4963 2783 5000 a
2821 4946 3122 5009 seditiosis,
3151 4960 3252 5015 pro
3290 4952 3523 5005 tessera.
3562 4944 3669 4999 sibi

384 5035 458 5088 Is.
490 5029 878 5097 Casaubonus)
909 5033 964 5079 et
997 5025 1378 5080 Balsamonem
1411 5026 1599 5078 etiam.
1635 5026 1796 5079 Certe
1830 5027 1970 5080 mira

383 5114 471 5157 est
527 5101 846 5155 Latinarum
906 5112 1091 5153 rerum
1150 5097 1446 5164 inperitia,
1496 5112 1606 5164 qua
1664 5098 1973 5165 scriptores

384 5175 585 5235 Graeci,
616 5169 922 5242 praesertim
957 5167 1689 5242 recentiores,laborarunt;
1744 5169 1819 5221 uti
1853 5167 1974 5221 cui-

386 5261 505 5315 (rw,
524 5238 824 5315 observare
846 5238 1069 5293 obvium
1095 5246 1203 5315 est.

461 5314 574 5395 (29)
606 5315 697 5395 ,Τὰ
723 5311 817 5365 τοῦ
851 5308 1285 5395 πριμικηρᾲτου.
1326 5308 1743 5395 Ιξριμμικηριος
1787 5308 1973 5363 dictus

388 5377 498 5448 est,
531 5377 802 5452 cujusque
830 5377 1308 5452 ordinisprimus,
1337 5377 1496 5452 cujus
1523 5379 1733 5432 scilicet
1767 5393 1970 5433 nomen

380 5453 517 5515 Διοιεο
553 5448 733 5525 primo
777 5452 831 5506 in
879 5449 1102 5525 tabulis
1124 5451 1330 5502 ceratis
1364 5450 1631 5525 scriptum
1662 5457 1814 5503 erat-
1853 5448 1983 5506 lude

396 5516 811 5610 πριμίκήρατος
867 5517 1013 5591 apud
1059 5516 1346 5600 Nostrum,
1401 5518 1816 5610 Priaticeralus,
1865 5521 1985 5575 sive

396 5591 705 5664 primatus,
729 5595 809 5650 uti
849 5604 1017 5664 supra
1052 5591 1477 5664 notavimusad
1521 5592 1617 5645 lib.
1652 5606 1763 5644 xiv.

472 5668 584 5734 (50)
732 5658 1200 5735 τρεισκίαιδεκάτῃ
1235 5660 1330 5713 τοῦ
1366 5661 1757 5733 Ἰαννουαρίου.
1798 5659 1981 5716 Scrib.

390 5738 837 5809 unanimanti].

472 5810 607 5875 (51)⁸
631 5810 724 5864 Ἐκ
757 5802 852 5859 τοῦ
883 5806 1082 5875 λέγειν,
1114 5803 1287 5858 Νίκα.
1329 5802 1402 5859 De
1435 5803 1853 5858 vicloriatorum
1890 5819 1979 5857 se-

395 5870 611 5936 dit‘ioné
647 5881 769 5947 hac,
801 5894 921 5949 quae
956 5870 1110 5948 ἢτοῦ
1144 5875 1295 5930 Mm
1333 5875 1522 5938 στάσις
1572 5882 1762 5929 vorata
1805 5882 1913 5940 est,
1950 5890 1979 5927 ιι

2024 5658 2029 5664 ’
2090 5682 2180 5728 τος
2222 5665 2280 5716 τὸ
2328 5665 2483 5730 am
2542 5660 2845 5731 μεγαλεῖον.

2083 5027 2317 5081 invicem
2384 5026 2534 5088 dato,
2580 5022 2799 5076 abumle
2850 5017 3177 5087 Procopius,
3212 5017 3288 5070 De
3344 5018 3471 5071 bell.
3514 5015 3670 5070 Pers.

2082 5098 2178 5151 lib.
2211 5115 2248 5156 ι,
2278 5105 2332 5150 et
2360 5113 2425 5151 ex
2456 5110 2522 5148 eo
2550 5093 2841 5163 Evagrius,
2874 5090 2969 5163 lib.
3001 5103 3074 5163 tv,
3107 5101 3230 5163 cap.
3258 5088 3345 5163 15.

2159 5167 2272 5237 (52)
2314 5168 2474 5236 Καὶή
2514 5157 2692 5237 χαλκῆ
2715 5161 2808 5216 τοῦ
2838 5160 3126 5237 παλατίου.
3163 5160 3368 5212 Ultalca
3399 5158 3522 5237 inec
3558 5157 3675 5237 Re-

2026 5276 2029 5277 ν
2081 5228 2182 5307 giae
2231 5228 2564 5293 vestibulum
2615 5228 2771 5298 erat,
2831 5234 2909 5287 sic
2958 5230 3225 5307 dictum,_
3267 5228 3414 5307 quod
3472 5230 3673 5300 tegnlis

2080 5299 2245 5365 aereis
2298 5319 2354 5364 et
2405 5307 2675 5362 inauratis
2702 5313 2906 5360 tectum
2941 5310 3084 5371 erat.
3122 5299 3297 5371 Hujus
3333 5299 3671 5371 descriptio-

2083 5388 2575 5506 nét‘tji'afgguratam
2632 5376 2803 5431 habes
2854 5372 2999 5443 apud
3048 5369 3289 5442 Procdp.
3342 5373 3414 5426 De
3461 5369 3669 5426 Ju’stin.

2204 5468 2262 5505 ι.
2315 5467 2329 5502 i
2376 5466 2450 5504 .l.

2204 5466 2262 5505 ll.
2296 5466 2388 5504 lil).
2411 5466 2450 5504 l.

2164 5524 2276 5591 (55)
2320 5519 2614 5584 Βαστάζων
2640 5518 2700 5571 τὸ
2724 5516 2879 5591 ἅγιον
2906 5513 3322 5591 μεγαλεῖονηίιει
3350 5524 3671 5591 etiampag.

2091 5584 2283 5648 ultima
2320 5594 2589 5647 habemus
2622 5584 2887 5658 Εὐτυχίου
2909 5584 3005 5640 τοῦ
3036 5584 3377 5658 πατριάρχου
3412 5584 3676 5655 κατέχον-

2900 5657 3058 5725 Quod
3108 5657 3308 5709 Noster
3358 5655 3676 5724 μεγαλεῖον.

2093 5726 2227 5790 (3hr.
2258 5726 2414 5789 Aleti.
2451 5726 2641 5785 auctor
2673 5740 2828 5784 vocat
2858 5730 2918 5783 τὸ
2972 5726 3326 5796 Εὐαγγέλιον,
3372 5740 3677 5781 δαρτοεειιιο

2096 5816 2240 5862 clum
2273 5805 2554 5875 Evangelii
2588 5803 2857 5858 codicem.
