3966 6438
393 355 488 424 891

1692 380 2023 446 JOANNIS
2080 385 2407 448 MALAL/E

3592 403 3694 469 692

397 482 454 584 et
480 471 586 530 ﬁde
617 488 717 532 sua
746 474 1095 551 interpos'ta,
1124 480 1446 545 demulcere
1474 490 1763 574 'studebat.
1790 496 1990 566 Magna

2099 496 2215 564 ζον,
2249 497 2546 570 κράζοντες
2579 500 2867 567 Ὑπάτιον.
2900 502 3006 560 Kal
3033 504 3293 575 λαϐόντες
3316 509 3369 564 oi
3396 509 3559 584 δῆμοι
3603 515 3697 573 τὸν

389 566 582 639 itaque
639 569 815 628 turba:
856 588 983 644 pars
1011 576 1193 647 ipsum
1236 566 1498 639 dicebant
1524 585 1919 659 imperatorem
1965 606 1979 645 :

389 661 799 718 tumultuantes
868 675 1054 721 autem
1113 668 1211 725 alii
1257 669 1559 744 Hypatium
1635 678 1982 749 poscebant:

388 765 556 819 quem
623 752 809 833 etiam
836 766 1143 826 arreptum,
1183 759 1238 814 in
1273 762 1624 821 Constantini
1669 767 1853 824 lorum
1881 768 1984 825 de-

389 840 700 908 duxerunt;
757 843 1110 918 subliiueque
1162 850 1217 905 in
1247 853 1514 923 gradibus
1547 857 1815 925 locatum,
1847 859 1988 916 insi-

388 933 594 1003 gnihus
646 934 1042 1007 imperatoriis,
1074 958 1140 997 ex
1168 945 1374 1013 palatio
1420 948 1646 1014 ablatis,
1680 959 1987 1019 torqueque

391 1041 562 1082 aureo
623 1027 805 1099 ipsum
847 1042 1143 1089 ornarunt.
1208 1036 1315 1093 Sed
1341 1039 1533 1103 etiam,
1587 1050 1787 1098 ornatu
1819 1042 1985 1098 indu—

397 1126 515 1172 tum
583 1121 969 1192 imperatorio.
1050 1143 1215 1198 quem
1275 1146 1340 1185 ex
1385 1133 1592 1203 palatio
1647 1145 1987 1194 maturantes

388 1222 842 1291 exportaverant,
891 1216 944 1270 iu
986 1219 1198 1274 circum
1247 1222 1618 1295 deduxerunt,
1680 1226 1811 1283 sede
1853 1244 1981 1283 eum

394 1304 743 1375 imperatoria
774 1310 1128 1368 collocaturi.
1165 1313 1434 1388 Hypatius
1471 1320 1659 1390 itaque
1691 1320 1783 1391 qui
1806 1336 1990 1377 reces-

393 1398 538 1455 sisse
566 1400 953 1471 imperatorem
982 1408 1270 1473 rescierat,
1296 1411 1497 1467 throno
1520 1413 1642 1484 ejus
1689 1424 1987 1487 occupato,

314 1526 319 1531 .
394 1490 692 1562 imperium
724 1495 955 1553 fidenter
977 1503 1241 1572 suscepit.

462 1583 632 1657 476
666 1588 939 1645 Caeterum
988 1590 1263 1662 Mundus,
1315 1595 1739 1657 Constantiolus
1786 1609 1839 1657 et
1888 1601 2033 1658 Bew

391 1675 621 1734 lisarius
644 1720 661 1746 ,
694 1683 900 1754 quique
926 1700 1220 1755 procerum
1263 1689 1356 1743 alii
1390 1705 1517 1745 cum
1574 1702 1786 1748 armata
1822 1711 1989 1752 manu

391 1768 450 1824 in
490 1772 782 1840 procinctu
834 1776 1098 1844 stabant,
1134 1780 1277 1835 clam
1309 1782 1519 1837 circum
1575 1784 1855 1855 ingressi,
1899 1804 1987 1843 sc-

2084 591 2249 645 αὐτὸν
2296 591 2560 648 ’Υπάτιον
2611 594 2907 667 ἀπήγαγον
2953 597 3121 655 αὑτὸν
3170 602 3230 656 ὲν
3278 600 3358 673 τῷ
3411 603 3697 678 λεγο’μένῳ

2092 682 2252 756 φόρῳ
2285 684 2706 741 Κωνσταντῑνου
2726 703 2738 717 ·
2773 690 2869 743 καὶ
2894 692 3217 763 ,στήσαντες
3244 694 3413 751 αὐτὸν
3460 698 3520 752 ἐν
3570 697 3692 770 ὕψει

2086 778 2168 841 εις
2211 778 2340 843 τοὺς
2388 778 2633 849 βαθμοὺς
2663 781 2759 835 καὶ
2797 782 3162 857 ἀφειλάμενοι
3199 787 3265 840 ἐκ
3294 786 3393 841 τοῦ
3427 788 3691 850 παλατίου

2080 870 2249 939 ’σίγνα
2284 871 2378 925 καὶ
2414 873 2707 943 μανιάκιον
2742 870 3018 945 χρυσοῦν,
3049 878 3390 950 περιέθηκαν
3436 882 3588 952 αὐτῷ
3637 885 3692 938 ἐν

2085 965 2153 1034 τῇ
2187 964 2428 1035 κεφαλῇ.
2463 966 2571 1020 Kal.
2601 966 2863 1031 λαϐόντες
2895 968 3057 1023 αὐτὸν
3086 970 3380 1041 ἀπήγαγον
3411 974 3469 1027 ὲν
3499 972 3578 1045 τῷ
3612 976 3694 1030 επ·

2089 1055 2259 1126 πικῷ,
2305 1054 2627 1129 βουλόμενοι
2676 1054 2955 1129 ἀναγάγαι
3001 1061 3170 1115 αὐτὸν
3216 1063 3275 1116 ὲν
3322 1062 3402 1135 τῷ
3431 1064 3695 1140 βασιλικῷ

2088 1147 2701 1220 καθίσματι.Ἔσπευδε
2749 1151 2859 1224 γὰρ
2902 1151 2965 1205 τὸ
3001 1152 3209 1224 πλῆθος
3241 1155 3507 1227 φορεσίαν
3540 1156 3694 1229 βασι.

2088 1239 2249 1312 λικὴν
2281 1241 2516 1295 ὲκϐάλαι
2545 1242 2697 1313 αὑτῷ
2727 1244 2792 1297 ὲκ
2824 1240 2920 1297 τοῦ
2956 1243 3257 1298 παλατίοψ
3282 1242 3353 1317 ἦν
3374 1248 3488 1319 γὰρ
3508 1248 3700 1318 μαθὼν

2088 1332 2118 1384 ὁ
2149 1330 2412 1396 ’Υπάτιος
2445 1334 2529 1387 ὅτι
2557 1335 2586 1387 ό
2613 1332 2868 1404 βασιλεὺς
2900 1330 3221 1409 ἀνεχώρησε
3240 1353 3254 1369 ο
3284 1338 3381 1393 xal.
3405 1339 3700 1395 καθεσθεὶς

2091 1423 2150 1477 ὲν
2175 1422 2256 1494 τῷ
2284 1425 2588 1498 καθίσματι
2629 1427 2774 1499 μετὰ
2806 1426 3048 1500 θράσους
3075 1431 3385 1503 ἐτυράννει.

2164 1606 2529 1663 Ἀνελθόντων
2560 1609 2618 1663 δὲ
2642 1596 2731 1664 διά
2758 1608 2856 1664 τοῦ
2888 1610 3237 1683 καθίσματος
3265 1612 3493 1668 ὄπισθεν
3524 1613 3681 1669 Μούν-

2091 1700 2184 1755 δου
2236 1701 2336 1756 καὶ
2382 1700 2829 1758 Κωνσταντιόλου
2880 1705 2976 1760 καὶ
3020 1702 3343 1779 Βελισαρίου
3395 1708 3493 1763 καὶ
3519 1708 3695 1765 ἄλλων

2097 1794 2483 1866 συγκλητικῶν
2520 1797 2613 1850 καὶ
2649 1795 2907 1868 βοηθείας
2934 1797 3162 1853 ἐνόπλου
3182 1841 3201 1867 ,
3231 1798 3510 1872 λαθραίως
3545 1802 3689 1868 ἐξελ-

392 1861 481 1918 dis
524 1863 901 1935 imperatoria:
941 1886 971 1924 a
1021 1880 1180 1942 parte
1233 1877 1547 1945 posteriore
1594 1878 1984 1937 delituerant:

2099 1860 2200 1944 θὼν
2215 1860 2448 1962 ’Ναρσὴς
2472 1860 2929 1963 κουϐικουλάριος
2949 1890 3047 1945 καὶ
3080 1860 3389 1964 σπαθάριδς
3419 1860 3698 1963 ὑπέκλ-εψέ

393 1970 519 2011 cum
574 1958 796 2015 interim
853 1961 1056 2018 Narses
1108 1966 1491 2026 cubicularius
1537 1979 1592 2025 et
1641 1972 1983 2042 Spatharius,

390 2045 616 2105 Venetae
657 2051 921 2112 factionis
978 2060 1275 2116 nonnullos
1326 2061 1686 2133 imperatoris
1718 2065 1768 2117 in
1802 2074 1987 2134 partes

391 2145 753 2211 pecuniarum
809 2149 1125 2208 interventu
1186 2154 1547 2224 perduxerat.
1580 2154 1845 2212 Nonnulli
1883 2158 1988 2212 ita-

389 2250 500 2306 que
537 2239 933 2298 seditiosorum
978 2246 1383 2312 exclamantes,
1437 2247 1818 2305 Justinianum
1866 2252 1985 2307 urbi

388 2329 549 2387 reddi
618 2333 1006 2406 imperatorem
1084 2341 1480 2411 deposcebant.
1546 2341 1745 2399 Divisa
1798 2344 1988 2412 itaque

386 2423 553 2479 turba
603 2440 662 2482 se
715 2427 948 2485 invicem
985 2430 1306 2501 impetehat.
1358 2432 1592 2489 Militum
1635 2450 1766 2490 vero
1806 2436 1985 2508 magi-

388 2518 492 2577 stri
525 2533 651 2574 cum
686 2523 944 2577 satellitio
992 2524 1218 2580 interim
1268 2542 1374 2582 suo
1402 2535 1622 2581 armato
1655 2529 1866 2582 circum
1901 2530 1986 2583 in-

390 2618 627 2675 trantes,
663 2614 731 2667 ad
787 2622 1090 2686 utrumque
1116 2617 1238 2687 ejus
1287 2618 1604 2688 ingressum
1643 2619 1861 2675 turbam
1892 2636 1988 2675 ex-

391 2702 649 2760 scindere
675 2688 989 2776 cmpcruut,
1048 2710 1150 2765 hos
1198 2711 1427 2782 gladiis,
1468 2711 1594 2766 illos
1628 2711 1859 2782 spiculis
1887 2726 1985 2781 pe-

389 2802 593 2851 tentes.
626 2797 930 2856 Belisarius
962 2809 1141 2857 autem
1168 2803 1313 2857 clam
1350 2818 1640 2874 egressus,
1664 2800 1985 2875 Hypatium,

389 2887 833 2960 Pompeiumque
878 2892 1185 2961 prehensas
1243 2894 1314 2949 ad
1366 2895 1756 2966 imperatorem
1813 2894 1988 2951 Justi-

390 2979 616 3033 nianuin
686 2983 985 3052 perduxit:
1060 2985 1149 3041 cui
1211 2986 1279 3041 ad
1363 2985 1531 3057 pedes
1609 2987 1986 3058 procidentes,

393 3072 635 3143 iactique
696 3076 1117 3133 excusationem
1205 3079 1637 3149 aggredientes:
1697 3064 1987 3147 Tandem,

392 3165 688 3235 inquiunt,
724 3169 987 3235 domine,
1021 3170 1244 3241 imperii
1295 3170 1379 3226 tui
1428 3171 1659 3237 hostes,
1692 3188 1796 3228 nec
1834 3173 1988 3227 nullo

2099 3180 2171 3249 τῷ
2200 3181 2567 3254 ἱπποδρομίῳ.
2597 3184 2709 3237 Kal.
2752 3183 3081 3256 ἀποκριθεὶς
3125 3183 3264 3256 πρὸς
3303 3184 3503 3248 αὐτοὺς
3535 3186 3563 3237 ὁ
3598 3165 3717 3255 βα-Ϊ

392 3258 531 3313 adeo
561 3259 756 3316 labore
783 3262 839 3316 in
876 3263 1156 3318 theatrum
1207 3264 1521 3335 coegimus.
1558 3264 1775 3332 Quibus
1822 3266 1991 3336 impe-

395 3362 593 3411 i-ator:
656 3355 802 3412 Bene
856 3357 1107 3424 fecistis,
1169 3359 1393 3431 inquit;
1451 3359 1550 3418 sed
1599 3361 1645 3417 si
1700 3376 1796 3415 eos
1825 3359 1991 3416 dictis

394 3448 600 3502 vestris
652 3450 942 3507 audientes
990 3451 1269 3508 habuistis
1297 3493 1312 3518 ,
1361 3468 1538 3524 quare
1573 3449 1683 3508 noni
1720 3454 1823 3508 hoc
1852 3453 1991 3508 feci-

395 3541 498 3596 stis
534 3545 686 3612 prius
727 3556 894 3612 quam
932 3545 1063 3601 urbs
1118 3553 1230 3599 tota
1282 3544 1521 3601 llammis
1571 3545 1994 3601 absumeretur?

397 3629 540 3685 Tum
578 3644 709 3689 vero
759 3636 1065 3705 spatharii,
1108 3636 1449 3708 imperatore
1491 3636 1757 3708 jubente,
1810 3636 1993 3709 Hypa-

398 3724 532 3777 tium
592 3732 647 3778 et
697 3723 1018 3796 Pompeium
1079 3727 1133 3781 iu
1194 3740 1478 3782 carcerem
1536 3726 1850 3797 cogebant:
1897 3725 1994 3781 ubi

394 3812 665 3881 postridie
715 3815 988 3871 interfecti
1035 3822 1203 3881 sunt,
1250 3815 1642 3888 cadaveraque
1691 3831 1883 3871 eorum
1937 3816 1993 3872 in

396 3918 551 3961 mare
582 3908 900 3964 delui'bata.
944 3909 1281 3965 Ceciderunt
1325 3917 1511 3964 autem
1561 3910 1616 3964 in
1646 3908 1811 3982 477
1842 3907 1996 3964 circo

399 3999 505 4052 hoc
531 4007 783 4070 tempore
815 4017 960 4057 xxxv
993 4002 1221 4057 circiter
1252 4002 1542 4057 hominum
1578 4001 1777 4056 millia.
1818 3999 1994 4058 Porro

400 4093 710 4162 imperator
764 4111 923 4150 suam
968 4095 1039 4151 de
1087 4096 1373 4153 seditiosis
1401 4096 1697 4151 victoriam
1723 4104 1995 4167 tyranno-

398 4196 636 4254 rninque
717 4186 1079 4251 occisionem,
1142 4202 1244 4258 per
1311 4186 1601 4259 imperium
1668 4187 1993 4243 universum

399 4284 587 4331 notam
646 4276 799 4333 fecit.
837 4278 981 4346 Quin
1022 4288 1075 4335 et
1117 4289 1336 4336 vastata
1394 4280 1619 4352 ignibus
1660 4279 1891 4336 azdiiicia
1927 4281 1996 4338 de

398 4370 615 4442 integro
650 4353 902 4430 excitare
940 4374 1177 4444 occmpit
1203 4415 1218 4442 ,
1276 4374 1480 4430 horreo
1525 4376 1695 4429 etiam
1731 4384 1783 4429 et
1821 4389 1997 4445 aqua-

400 4478 521 4518 rum
559 4465 827 4523 cisternis
870 4482 1042 4538 prope
1077 4467 1345 4538 palatium
1379 4468 1683 4538 exstructis
1713 4505 1728 4529 ,
1764 4474 1823 4520 ut
1846 4504 1865 4532 ,
1898 4465 1993 4521 ubi

395 4570 488 4612 res
520 4557 829 4626 postularet
852 4534 885 4624 ,—
907 4534 1234 4629 repositoria
1270 4559 1391 4613 haec
1432 4534 1679 4613 haberet.

471 4646 674 4705 Eodem
706 4659 952 4723 tempore
983 4649 1217 4705 liulluus
1245 4689 1261 4716 ,
1304 4649 1586 4703 mandatis
1621 4648 1995 4718 imperatoriis

405 4743 669 4813 acceptis,
708 4743 991 4799 Persidem
1032 4744 1314 4813 profectus
1347 4750 1433 4797 est
1466 4756 1656 4812 pacem
1699 4756 1823 4795 cum
1858 4737 1995 4794 Per-

404 4835 483 4892 sis
512 4836 736 4892 ineundi
771 4851 969 4892 causa.
1666 4899 1678 4909 ,

474 4928 681 4984 Eodem
741 4928 911 4983 etiam
972 4935 1221 4998 tempore
1274 4924 1537 4981 ludorum
1591 4923 1816 4994 legatus
1865 4938 1993 4978 cum

399 5020 732 5077 muneribus
793 5017 1341 5088 ConstantinOpolim
1421 5019 1632 5072 missus
1692 5025 1815 5082 est;
1881 5030 1995 5086 quo

401 5123 650 5185 tempore
695 5115 864 5170 etiam
898 5112 1145 5167 Joannes
1173 5108 1476 5181 Cappadox
1510 5109 1769 5180 praetorio
1799 5108 1994 5179 priore-

400 5216 527 5264 ctus
562 5207 743 5263 factus
780 5216 884 5262 est.

475 5292 677 5355 Eodem
720 5306 969 5368 tempore
1003 5294 1290 5354 steﬂarum
1344 5293 1668 5359 discursus,
1705 5309 1731 5347 a
1765 5304 1994 5364 vespera

404 5388 470 5447 ad
507 5407 764 5446 auroram
824 5406 1021 5465 usque,
1081 5382 1342 5442 horrendi
1397 5392 1807 5457 apparitorum;
1859 5399 1998 5454 quos

401 5487 496 5557 qui
532 5497 986 5557 conspexerunt,
1033 5482 1248 5538 attoniti
1310 5492 1539 5548 Omnes,
1588 5480 1661 5534 nil
1696 5478 1804 5533 tale
1834 5486 1996 5533 antea

410 5578 656 5652 unquam
690 5576 893 5635 vidisse
928 5592 986 5633 se
1074 5575 1442 5630 atﬁrmarunt.

2087 1999 2243 2045 τινας
2283 1981 2474 2046 τοὺς¹η
2503 1980 2599 2035 τοῦ
2633 1982 2865 2036 Βενέτου
2918 1982 3156 2054 μέρους,
3189 1984 3462 2053 ρογεύσας
3510 1985 3698 2045 αὐτοῖς

2088 2072 2373 2143 χρήματα.
2410 2071 2516 2127 Kal.
2568 2072 2968 2136 στασιάσαντες
3013 2089 3161 2137 τινες
3207 2074 3273 2127 ὲκ
3313 2072 3411 2128 τοῦ
3447 2074 3691 2147 πλήθους

2087 2164 2327 2237 ἔκραζον
2350 2164 2732 2221 Ἰουστινιανὺν
2774 2163 3005 2237 βασιλέα
3043 2168 3111 2236 τῇ
3150 2164 3304 2220 πόλει
3327 2183 3342 2198 ⁸
3374 2167 3693 2238 διχονοῆσαν

2087 2258 2145 2313 δὲ
2187 2259 2247 2312 τὸ
2293 2257 2499 2330 πλῆθος
2530 2258 2805 2331 ὥρμησαν
2836 2260 2960 2314 κατ’
2988 2258 3257 2331 ἀλλήλων.
3291 2260 3412 2315 Τῶν
3440 2258 3499 2314 δὲ
3530 2278 3703 2333 στρα-

2088 2351 2338 2423 τηλατῶν
2378 2350 2733 2406 εἰσελθόντων
2765 2351 2908 2423 μετά
2940 2342 3207 2423 βοηθείας
3232 2354 3292 2408 ὲν
3317 2352 3397 2425 τῷ
3433 2353 3702 2424 ἱπποδρο-

2091 2445 2222 2515 μίῳ,
2259 2443 2319 2511 ἐξ
2346 2443 2679 2515 ἀμφοτέρων
2707 2442 2819 2498 τῶν
2846 2445 3070 2499 εἰσόδων
3106 2444 3346 2516 ἤρξαντο
3376 2446 3607 2500 κόπτειν
3632 2444 3704 2499 τά

2089 2535 2270 2608 πλήθη
2292 2554 2307 2569 ο
2343 2537 2438 2590 καὶ
2464 2535 2614 2590 ἄλλοι
2658 2536 2757 2605 μὲν
2786 2537 3061 2603 ἐτόξευον,
3087 2528 3271 2609 ἕτεροι
3317 2538 3374 2592 δὲ
3416 2538 3704 2608 κατέσφα-

2089 2627 2201 2692 ζον.
2230 2628 2431 2700 Κρυφῇ
2461 2627 2518 2681 δὲ
2559 2627 2792 2695 ἐξελθὼν
2823 2629 3142 2705 Βελισάριος
3173 2631 3264 2685 τὸν
3305 2630 3406 2702 μὲν
3435 2631 3705 2686 Ὑπάτιον

2090 2720 2187 2774 καὶ
2220 2720 2512 2791 Πομπήιον
2544 2720 2690 2790 χειρὶ
2721 2720 3074 2785 συνελάϐετο,
3104 2721 3204 2775 καὶ
3244 2721 3548 2791 εἰσήγαγεν
3596 2720 3704 2775 αὖ·

2089 2814 2217 2878 τοὺς
2245 2814 2326 2886 τῷ
2354 2813 2574 2886 βασιλεῖ
2599 2811 2994 2889 ἰουστινιανῷ.
3026 2815 3178 2890 [218]
3203 2817 3312 2872 Καὶ
3337 2816 3704 2889 προσέπεσαν

2093 2905 2198 2959 ὑπὸ
2244 2906 2373 2969 τοὺς
2421 2906 2589 2970 πόδας
2622 2906 2718 2960 τοῦ
2750 2906 2916 2961 αὐτοῦ
2955 2908 3225 2979 βασιλέως
3257 2908 3704 2978 ἀπολογούμενοι

2090 2998 2186 3053 καὶ
2234 2998 2488 3067 λέγοντες
2516 3014 2528 3027 ·
2562 2997 2833 3065 Δέσποτα,
2866 3000 3037 3063 πολὺς
3070 3002 3206 3071 ἡμῖν
3256 3000 3425 3064 κόπος
3476 3000 3705 3069 ἐγένετο

2090 3089 2232 3143 ὥστε
2267 3091 2575 3160 συναγάγαι
2616 3091 2746 3155 τοὺς
2793 3090 3025 3164 ἐχθροὺς
3058 3091 3151 3145 τοῦ
3182 3090 3421 3163 κράτους
3453 3090 3615 3162 ὑμῶν
3646 3092 3734 3189 ἐν,

2095 3273 2276 3338 σιλεὺς
2311 3270 2436 3327 εἷπε
2459 3276 2504 3307 ⁹²
2533 3290 2547 3303 ⁸
2580 3273 2782 3339 Καλῶς
2812 3275 2913 3346 μὲν
2965 3276 3342 3347 πεποιήκατε·
3375 3275 3424 3328 ει
3452 3274 3509 3328 δὲ
3542 3274 3701 3329 ἐπεί-

2094 3365 2310 3420 θοντο⁹³
2357 3366 2485 3436 ὑμῖν
2526 3365 2920 3437 προστατοῦσι,
2960 3366 3049 3421 διὰ
3093 3367 3147 3420 τί
3196 3364 3274 3438 μὴ
3310 3364 3472 3420 τοῦτο
3502 3366 3707 3437 ima-

2096 3474 2223 3511 σατε
2240 3455 2287 3488 9"
2315 3455 2422 3527 πρὸ
2446 3455 2542 3509 τοῦ
2575 3455 2849 3528 καυθῆναι
2884 3458 3066 3510 πᾶσαν
3094 3455 3195 3526 τὴν
3220 3454 3410 3521 πόλιν;
3445 3455 3555 3507 Καὶ
3577 3456 3707 3508 ἐπι-

2094 3547 2398 3620 τραπέντες
2418 3548 2468 3601 οὶ
2493 3547 2793 3619 σπαθάριοι
2821 3550 2930 3603 ὑπὸ
2958 3548 3054 3603 τοῦ
3086 3546 3354 3619 βασιλέως
3385 3547 3707 3620 παρέλαϐον

2096 3639 2190 3693 καὶ
2220 3638 2559 3693 ἀπέκλεισαν
2590 3638 2854 3693 ’Υπάτιον
2881 3638 2979 3693 καὶ
3006 3638 3319 3709 Πομπήιον.
3358 3637 3425 3691 Οἱ
3455 3636 3511 3689 δὲ
3542 3638 3604 3691 ὲν
3626 3636 3707 3708 τῷ

2097 3730 2442 3803 ἱπποδρομίῳ
2466 3730 2769 3802 σφαγέντες
2789 3727 2930 3802 ἦσαν
2945 3728 3186 3802 χιλιάδες
3214 3728 3514 3801 τριάκοντα
3536 3728 3711 3783 πέντε

2100 3826 2284 3899 μικρῷ
2311 3826 2478 3882 πλέον
2504 3824 2537 3896 ἢ
2569 3824 2953 3880 ἔλασσον.Καὶ
2982 3826 3053 3896 τῇ
3082 3822 3347 3896 ἐπαύριον
3373 3823 3712 3895 ἐσφάγησαν

2107 3918 2371 3985 ’Υπάτιος
2402 3919 2499 3974 καὶ
2526 3919 2845 3990 Πομπήιος,
2885 3917 2982 3971 καὶ
3013 3914 3323 3995 ἐρρίφησαν
3368 3913 3437 3969 τά
3467 3915 3713 3985 λείψανα

2096 4013 2279 4068 αὐτῶν
2306 4013 2364 4069 ὲν
2395 4012 2667 4086 θαλάσσῃ.
2685 4012 2744 4066 '0
2769 4010 2827 4065 δὲ
2851 4009 3018 4073 αὐτὸς
3046 4006 3304 4081 βασιλεὺς
3332 4009 3577 4080 ἐσήμανε
3599 4007 3712 4079 τὴν

2097 4104 2293 4160 ἑαυτοῦ
2329 4104 2489 4175 νίκην
2520 4106 2577 4159 ὲν
2598 4104 2805 4168 πάσαις
2837 4104 2960 4167 ταῖς
2989 4100 3182 4156 πόλεσι
3212 4101 3310 4155 καὶ
3344 4101 3444 4172 τὴν
3470 4098 3713 4172 ἀναιρε-

2099 4218 2184 4255 σιν
2210 4199 2321 4254 τῶν
2358 4198 2661 4270 τυράννων,
2683 4196 3114 4269 ἐπιϐαλλόμενος
3154 4192 3362 4260 κτίζειν
3401 4193 3531 4258 τοὺς
3559 4210 3711 4248 καυ-

2097 4295 2294 4358 θέντας
2308 4295 2354 4327 ⁸⁸
2376 4291 2836 4356 τόπους.Ἔκτισε
2855 4291 2912 4345 δὲ
2935 4286 3168 4360 πλησίον
3187 4288 3282 4343 τοῦ
3307 4288 3579 4342 παλατξου
3608 4289 3720 4345 καὶ

2096 4385 2292 4456 ὡρεῖον
2322 4386 2417 4438 καὶ
2443 4385 2737 4457 κιστέρνας
2761 4384 2971 4440 ὑδάτων
3002 4382 3093 4438 διὰ
3122 4382 3182 4437 τὸ
3212 4383 3270 4436 ὲν
3304 4380 3713 4455 περιστάσεσιν

2098 4476 2188 4552 ἔχε
2197 4496 2242 4533 ιν
2273 4477 2538 4532 ἀπόθετα.

2182 4654 2272 4709 Ἐν
2313 4653 2464 4726 αὑτῷ
2503 4653 2560 4707 δὲ
2599 4652 2678 4726 τῷ
2717 4652 2897 4725 χρόνῳ
2938 4651 3129 4723 ἐξῆλθε
3158 4652 3439 4721 Ῥουφῖνός
3481 4651 3543 4703 ὲν
3587 4651 3713 4715 τοῖς

2100 4748 2392 4820 Περσικοῖς
2451 4744 2645 4818 μέρεσι
2703 4743 2843 4816 μετά
2894 4744 3057 4798 θείων
3116 4739 3546 4816 ὑπομνηστικῶν
3606 4741 3719 4796 τοῦ

2101 4837 2326 4909 ποιῆσαι
2365 4836 2503 4907 μετά
2538 4834 2768 4907 Περσῶν
2803 4834 2990 4891 πάκτα
3022 4835 3273 4907 εἰρήνης.

2183 4931 2274 4985 Ἐν
2296 4928 2449 5001 αὐτῷ
2470 4928 2529 4983 δὲ
2550 4928 2630 4999 τῷ
2655 4926 2833 5001 χρόνῳ
2856 4928 2953 4982 καὶ
2975 4926 3323 5000 πρεσϐευτὴς
3348 4923 3528 4980 Ἰνδῶν
3558 4922 3718 4996 μετά

2098 5019 2290 5093 δώρων
2313 5018 2678 5091 κατεπέμφθη
2705 5017 2859 5092 [219]
2882 5019 2944 5073 ὲν
2966 5014 3564 5071 Κωνσταντινουπόλει.
3588 5014 3717 5069 Καὶ

2095 5107 2243 5180 αὐτῷ
2276 5106 2354 5180 τῷ
2387 5108 2566 5180 χρόνῳ
2592 5108 2851 5180 Ἰωάννης
2882 5109 2910 5163 ό
2937 5104 3242 5176 Καππάδοξ
3275 5106 3494 5177 ἐγένετο
3527 5100 3717 5177 ἔπαρ-

2095 5220 2190 5275 χος
2225 5201 2601 5274 πραιτωριων.

2170 5290 2280 5346 Kal.
2318 5294 2376 5347 ὲν
2412 5291 2561 5363 αὐτῷ
2599 5288 2677 5363 τῷ
2718 5290 2902 5362 χρόνῳ
2944 5289 3163 5358 ἐγένετο
3203 5288 3406 5360 δρόμος
3446 5285 3718 5357 ἀστέρων

2099 5384 2267 5450 πολὺς
2310 5383 2419 5438 ἀπὸ
2459 5383 2700 5457 ἑσπέρας
2740 5383 2845 5448 ἕως
2891 5382 3116 5451 αὕγους,
3157 5380 3301 5436 ὥστε
3344 5378 3558 5441 πάντας
3604 5377 3718 5430 ὲκ-

2105 5477 2441 5550 πλήττεσθαι
2469 5477 2564 5533 καὶ
2589 5477 2772 5547 λέγειν
2797 5476 2879 5530 ὅτι
2908 5474 3179 5531 Οὐδέποτε
3208 5473 3429 5546 οἴδαμεν
3458 5467 3717 5525 τοιοῦτόν

2104 5589 2158 5625 τι
2187 5568 2429 5639 γεγονός.

1692 5680 1927 5741 Vitille
1964 5676 2377 5742 LECTIONES.
2429 5678 2434 5683 ’

513 5788 733 5854 “eode.
792 5787 986 5846 Scribe
1038 5789 1148 5844 τῶν
1203 5805 1329 5845 cum
1378 5787 1585 5843 Chron.
1639 5784 1841 5840 Pasch.

1907 5800 1957 5852 ρ.
2177 5782 2241 5837 C.
2349 5780 2396 5813 ”
2436 5773 2582 5871 εἷπε.
2619 5779 2671 5833 ει
2931 5778 2976 5810 ’³
3012 5774 3301 5871 ἐπείθοντο
3353 5769 3485 5839 Ch.,
3544 5760 3719 5816 ἐπεί-

325 5911 329 5915 ,
409 5858 571 5927 Ocno
602 5849 708 5918 Ox.
786 5861 832 5896 ”
860 5860 1158 5921 ἐποιήσατε
1184 5861 1312 5930 011.,
1351 5858 1649 5933 ὲποιήκατε
1684 5856 1788 5913 0x.
1866 5849 1920 5887 ’δ’
1944 5854 2270 5917 καυθέντας.
2306 5849 2664 5927 ’καυσθὲντας
2708 5850 2813 5906 (3h.
