3966 6440
398 339 505 407 695

1719 355 2044 421 JOANNIS
2082 360 2408 423 MALALE

3571 373 3665 440 696

468 445 674 504 Eodem
706 453 956 519 tempore
1004 449 1208 510 Iuliani
1261 455 1542 529 Apostata
1604 470 1827 532 statua,
1862 480 1972 537 qua

2162 468 2255 540 Τῷ
2285 469 2439 542 αὐτῷ
2469 469 2528 524 δὲ
2562 470 2743 545 χρόνῳ
2771 470 3034 545 ἔπεσεψή
3068 472 3236 547 στήλη
3266 473 3552 538 Ἰουλιανοῠ
3579 489 3664 545 τοῦ

393 534 603 595 Iuliani
633 551 828 613 portus
861 543 916 597 in
954 545 1139 602 medio
1180 550 1358 614 stetit,
1395 553 1465 609 ad
1494 562 1700 624 terram
1734 534 1982 630 collapsa

396 641 481 691 est
508 651 524 690 :
562 634 620 688 in
650 635 814 705 cujus
846 636 1032 693 locum
1062 654 1202 695 crux
1240 643 1422 701 deﬁxa
1447 658 1554 702 est.

466 725 675 783 Exacto
701 734 884 785 autem
920 728 1173 789 Belisarii
1204 737 1495 793 consulatu
1519 780 1533 806 ,
1567 742 1811 813 synodus
1837 741 1982 799 Con-

393 819 758 909 stantinopoli
815 822 1005 879 habita
1059 837 1177 895 est,
1234 831 1305 886 ab
1348 831 1628 904 Agapeto,
1718 837 1985 909 episcopo

391 907 645 968 Romano
669 957 683 981 ,
719 927 1023 972 convocata
1053 937 1067 974 :
1118 935 1149 975 a
1178 938 1286 992 qua
1329 923 1701 995 Anthemius;
1744 907 1980 1001 patriar-

389 1003 492 1058 cha
521 1002 1176 1081 Constantinopolitanus
1210 1012 1480 1087 dignitate
1510 1034 1610 1074 sua
1643 1029 1848 1079 exutus
1869 1032 1978 1080 est.

291 1110 297 1116 ’
388 1092 594 1152 Eodem
630 1100 796 1154 etiam
828 1118 974 1159 anno
1002 1105 1296 1176 episcopus
1341 1107 1627 1168 Romanus
1662 1112 1982 1171 Constanti-

385 1192 579 1252 uonoli
645 1192 790 1248 diem
849 1210 1013 1251 suum
1063 1198 1252 1256 obiit:
1296 1203 1735 1271 patriarchatum
1795 1216 1978 1263 autem

385 1282 1073 1356 Constantinopolitanum
1108 1293 1357 1361 suscepit
1390 1292 1578 1350 Menas
1606 1336 1621 1362 ,
1664 1296 1758 1367 qui
1789 1295 1983 1369 hospi-

391 1372 453 1427 ιὶἰ
486 1372 812 1446 Sampsonis
850 1379 1146 1449 pra-fectus
1179 1381 1378 1439 fuerat.

459 1462 693 1523 Joannis
725 1477 908 1525 autem
940 1468 1285 1542 Cappadocis
1310 1474 1415 1530 sub
1457 1478 1754 1534 consulatu
1800 1481 1982 1539 eccle-

384 1557 486 1613 sim
518 1573 632 1614 suae
665 1558 736 1613 ab
764 1560 987 1616 Arianis
1019 1564 1288 1635 ademptae
1317 1575 1470 1623 sunt.
1950 1580 1953 1581 ⁷

461 1648 666 1706 Eodem
702 1668 848 1709 anno
881 1654 1074 1711 chalca
1104 1652 1313 1727 palatii
1367 1659 1980 1736 Constantinopolitani

386 1743 719 1799 marmoreis
749 1743 948 1799 statuis
981 1746 1175 1809 variis,
1207 1754 1261 1802 et
1293 1749 1515 1805 ιηυείνο
1561 1766 1727 1822 opere
1757 1765 1977 1819 ornata,

387 1833 640 1888 absoluta
672 1844 780 1891 est.
815 1835 1172 1909 Horologium
1218 1841 1384 1896 etiam
1441 1844 1587 1914 quod
1636 1845 1976 1916 Augusleum
2010 1835 2053 1892 Β

383 1922 541 1996 juxta
572 1938 628 1982 ct
675 1928 962 1984 basilicam
1010 1941 1275 2000 steterat,
1327 1935 1461 1992 illuc
1505 1939 1837 1994 translatum
1869 1949 1976 1996 est.

384 2018 664 2091 Abrogata
689 2031 775 2078 est
812 2023 1004 2079 eodem
1035 2032 1285 2097 tempore
1315 2032 1673 2101 nycteparchi
1709 2041 1976 2103 potestas;

302 2166 307 2170 .
387 2112 444 2167 in
512 2114 671 2185 cujus
722 2116 902 2173 locum
964 2130 1167 2188 praetor
1213 2132 1440 2179 creatus
1466 2134 1571 2180 est.
1621 2126 1744 2193 Quo
1809 2128 1977 2184 etiam

387 2220 537 2260 anno
565 2216 815 2279 qurcstor
844 2212 1136 2269 institutus
1168 2222 1275 2269 est.

460 2298 663 2354 Eodem
696 2306 950 2372 consule,
994 2304 1204 2377 Magnae
1234 2306 1485 2362 ecclesia:
1543 2308 1788 2364 encamia
1841 2311 1978 2366 cele-

387 2389 541 2445 brata
580 2402 732 2449 sunt.

461 2481 648 2540 Mense
696 2483 865 2542 Junio
892 2528 907 2553 ,
955 2488 1276 2546 iudictionis
1310 2506 1395 2558 ιιι,
1429 2492 1753 2550 Antiochia,
1783 2493 1976 2564 Magna

388 2589 419 2629 a
460 2574 739 2644 Chosroe,
769 2577 1058 2635 Persarum
1097 2581 1264 2654 480
1300 2600 1457 2654 rege,
1496 2594 1653 2655 capta
1686 2595 1791 2642 est.
1826 2588 1975 2643 (1οη-
2008 2630 2013 2633 μ

387 2676 473 2723 tra
510 2687 675 2741 quem
707 2671 1020 2731 Germanus
1052 2676 1289 2732 militum
1326 2678 1592 2749 magister
1625 2680 1807 2735 factus
1829 2722 1843 2743 ,
1866 2696 1975 2737 una

358 2766 519 2817 'cum
588 2761 811 2820 Justino
880 2766 1033 2835 ﬁlio,
1092 2785 1218 2823 cum
1284 2771 1533 2825 exercitu
1594 2769 1797 2828 missus
1857 2782 1974 2828 est:

388 2856 515 2926 qui,
552 2857 688 2913 nihil
746 2854 1030 2928 elllcicns,
1068 2862 1415 2917 Antiochiam
1470 2878 1529 2918 se
1590 2865 1826 2934 recepit;
1881 2864 1975 2919 ubi

388 2948 690 3015 clesidens,
751 2962 1041 3022 argentum
1094 2954 1164 3008 ab
1196 2955 1604 3017 Antiochenis,
1658 2972 1757 3025 pro
1815 2957 1973 3012 libris

346 3048 353 3051 ‘
388 3038 667 3108 singulis,
695 3043 940 3099 nummis
979 3057 1020 3097 ιι
1061 3051 1238 3099 autm
1271 3045 1414 3101 datis
1440 3057 1722 3101 Iricrcatus
1758 3056 1863 3103 est.

464 3129 757 3187 Persarum
791 3143 972 3190 autem
1008 3152 1100 3192 rex
1137 3137 1422 3209 Apamiam
1451 3179 1465 3205 ,
1498 3140 1750 3210 aliasque
1777 3141 1975 3197 Orien-

384 3222 461 3279 tis
495 3225 657 3281 urbes
689 3227 1001 3296 occupavit.

458 3316 712 3375 Emissos
742 3319 937 3375 eodem
989 3331 1235 3392 tempore
1301 3322 1646 3387 Belisarius,
1705 3324 1972 3390 Bonnam,

387 3408 678 3476 Siciliam,
711 3428 965 3483 quasque
999 3413 1053 3467 in
1089 3416 1331 3469 circuitu
1377 3416 1628 3486 jacentes
1662 3416 1828 3471 urbes
1867 3415 1976 3471 Go-

386 3504 615 3558 thorum
669 3522 761 3560 rex
819 3505 1030 3578 Vitiges
1084 3517 1491 3579 occupaverat,
1546 3509 1690 3564 bello
1740 3510 1970 3581 recepit.

340 3600 345 3603 ’
385 3599 528 3664 Quin
562 3608 616 3653 et
648 3617 828 3668 regem
855 3601 1073 3671 ipsum,
1135 3617 1258 3656 cum
1298 3617 1466 3656 uxore
1525 3601 1777 3672 ﬁlioque.
1810 3617 1966 3657 com-

385 3694 752 3764 prehensum,
789 3693 1093 3750 Belisarius
1139 3695 1677 3766 Consmntinopolim
1720 3697 1970 3751 abduxit.

455 3874 573 3929 Non
612 3877 784 3930 multo
820 3885 999 3931 autem
1046 3886 1170 3945 post
1222 3886 1508 3948 tempore,
1559 3877 1766 3935 Narses
1814 3880 1971 3934 cubi-

320 3972 325 3977 '
383 3968 631 4025 rularius
656 4010 670 4032 ,
710 3970 918 4040 ingenti
977 3970 1288 4026 instructus
1320 3971 1572 4027 exercitu
1607 3970 1839 4027 Ronmm
1872 3973 1973 4028 ad-
2030 3992 2033 3995 ί

330 4062 335 4065 ’
380 4077 579 4118 versus
641 4064 862 4119 eosdem
910 4062 1158 4130 Gothos,

380 4165 483 4210 t‘sl.

452 4247 641 4305 Mense
687 4249 935 4321 Augusto
976 4248 1219 4306 Joannes
1250 4257 1623 4320 cognomento
1673 4249 1971 4322 Cappadox

378 4342 473 4411 qui
511 4342 753 4397 secunda
790 4343 907 4413 jam
941 4343 1061 4397 vice
1095 4339 1438 4412 praefecturae
1480 4358 1681 4399 munus
1714 4346 1967 4413 obiisset,

378 4444 772 4490 cxnttClOralus
828 4443 935 4500 est,
967 4435 1238 4506 bonisque
1293 4436 1633 4505 publicatis,
1675 4437 1731 4491 in
1801 4438 1996 4511 Cyzi-.

1244 4064 1313 4119 ab
1354 4064 1690 4135 imperatore
1760 4066 1971 4123 missns

1999 3181 2044 3240 ί]

2090 562 2423 635 Παραόἀτου
2450 566 2484 637 ή
2513 565 2772 622 σταθεῖσα
2802 569 2969 635 μέσον
2992 567 3088 623 τοῦ
3114 569 3408 626 Ἰουλιανοῦ
3432 573 3659 648 λιμένοςο

2088 652 2187 707 καὶ
2217 653 2428 725 ἔπηξαν
2458 656 2583 710 ἀντὶ
2611 656 2710 728 τῆς
2738 657 2910 729 αὐτῆς
2943 659 3146 732 στήλης
3176 663 3434 734 σταυρόν.

2156 745 2269 800 Καὶ
2296 746 2436 818 μετὰ
2458 747 2558 819 τὴν
2579 748 2845 803 ὑπατείαν
2869 748 3193 822 Βελισαρίου
3220 752 3437 821 ἐγένετο
3460 755 3661 827 σύνοδος

2084 839 2143 892 ὲν
2194 839 2769 895 Κωνσταντινουπόλει
2819 842 2923 896 ὑπὸ
2970 841 3066 898 τοῦ
3119 845 3421 901 ἐπισκόπου
3453 849 3660 923 Ῥώμης

2097 932 2409 1003 Ἀγαπητοῦ
2429 953 2443 966 ·
2469 933 2566 988 καὶ
2591 933 2832 1006 καθῆρεν
2843 936 2890 968 ’³
2914 935 3197 1008 Ἀνθέμιον
3218 937 3310 992 τὸν
3334 942 3661 1015 πατριάρχην

2082 1027 2736 1094 Κωνσταντινουπόλεως.
2773 1032 2883 1085 Kal
2919 1033 2978 1085 ὲν
3008 1031 3086 1103 τῷ
3108 1024 3272 1104 ἀὑτῷ
3304 1032 3416 1087 ἔτει
3448 1035 3665 1110 τελευτᾷ

2080 1122 2141 1174 ὲν
2181 1120 2462 1193 Βυζαντίῳ
2502 1124 2531 1177 6
2571 1122 2871 1189 ἐπίσκοπος
2899 1123 3154 1197 Ῥώμηςο
3198 1126 3294 1181 καὶ
3333 1127 3529 1197 γέγονε
3566 1147 3664 1185 πα-

2080 1213 2354 1286 τριάρχης
2377 1216 2436 1270 ὲν
2456 1216 3033 1272 Κωνσταντινουπόλει
3059 1218 3253 1290 Μηνᾶς
3279 1220 3310 1273 6
3335 1220 3444 1275 ἀπὸ
3471 1219 3664 1286 ξενοδό-

2084 1322 2195 1377 χων
2213 1307 2258 1339 ⁸³
2285 1306 2398 1361 τῶν
2426 1307 2690 1380 Σαμψών.

2166 1507 2256 1562 Ἐν
2277 1506 2335 1561 δὲ
2358 1508 2424 1580 τῇ
2450 1506 2690 1582 ὑπατείᾳ
2713 1509 2966 1565 Ἰωάννου
2990 1508 3087 1564 τοῦ
3110 1509 3483 1575 Καππάδοκος
3507 1511 3660 1585 ἐπήρ-

2083 1599 2255 1672 θησαν
2280 1600 2335 1654 αί
2364 1599 2655 1672 ἐκκλησίαι
2681 1600 2794 1656 τῶν
2818 1601 3137 1675 Ἀρειανῶν.

2151 1691 2264 1747 Kal
2286 1690 2367 1764 τῷ
2390 1692 2540 1765 αὐτῷ
2564 1692 2744 1765 χρόνῳ
2768 1692 3065 1766 ἐπληρώθη
3088 1697 3122 1766 ή
3144 1694 3322 1768 χαλκῆ
3343 1697 3361 1728 ί
3385 1695 3482 1750 τοῦ
3507 1697 3666 1752 παλα-

2080 1780 2198 1835 τίου
2263 1782 2933 1850 Κωνσταντινουπόλεως,
2999 1785 3342 1857 κοσμηθεῖσα
3402 1786 3666 1858 διαφόροις
3702 1856 3713 1867 ί

2085 1873 2402 1945 μαρμάροις
2432 1875 2526 1928 καὶ
2562 1875 2791 1947 μουσίῳ.
2813 1876 3138 1948 Μετηνέχθη
3172 1876 3230 1930 δὲ
3263 1878 3366 1932 καὶ
3392 1878 3452 1932 τὺ
3478 1878 3666 1950 ὡρολο-

2080 1967 2229 2034 γεῖον
2252 1966 2313 2020 τὸ
2336 1966 2564 2038 πλησίον
2586 1967 2681 2021 τοῦ
2707 1968 3047 2037 Αὐγουστίου
3066 1971 3086 2001 ³
3114 1969 3209 2022 καὶ
3233 1968 3341 2040 τῆς
3371 1969 3664 2041 βασιλικῆς.

2081 2057 2396 2130 Περιῇρέθη
2442 2059 2499 2112 δὲ
2542 2058 2622 2130 τῷ
2666 2059 2816 2131 αὑτῷ
2859 2063 3039 2134 χρόνῳ
3082 2061 3115 2131 ἡ
3163 2060 3260 2115 τοῦ
3298 2063 3662 2134 νυκτεπάρχου

2079 2148 2223 2221 ἀρχὴ
2254 2149 2398 2220 (36),
2432 2153 2531 2204 καὶ
2559 2153 2780 2221 ἐγένετο
2805 2153 2920 2208 ἀντ’
2943 2152 3111 2207 αὑτοῦ
3145 2156 3427 2226 πραίτωρ.
3461 2155 3565 2210 Kal
3593 2153 3665 2223 τῷ

2080 2240 2231 2311 αὐτῷ
2259 2240 2370 2294 ἔτει
2402 2242 2713 2315 προεϐλήθη
2745 2244 3064 2315 κοιαίστωρ.

2164 2333 2252 2387 Ἐν
2282 2333 2418 2405 αὐτῇ
2452 2333 2604 2408 [2‘22]
2637 2336 2694 2388 δὲ
2723 2338 2788 2408 τῇ
2825 2337 3063 2408 ὑπατείᾳ
3094 2337 3293 2407 γέγονε
3326 2338 3397 2393 τά
3426 2337 3668 2408 ὲγκαίνια

1964 2447 1971 2454 ·
2079 2425 2178 2496 τῆς
2212 2427 2470 2497 Μεγάλης
2501 2428 2821 2498 ἐκκλησίας.

2151 2516 2300 2587 Μηνὶ
2322 2516 2527 2588 ’σΙουνίῳ
2569 2518 2900 2584 ίνδικτιῶνος
2946 2526 2996 2590 γ’
3024 2522 3357 2595 παρελήφθη
3381 2523 3672 2594 Ἀντιόχεια

2078 2609 2110 2677 ἡ
2138 2606 2361 2678 Μεγάλη
2389 2608 2493 2661 ὑπὸ
2517 2609 2783 2681 Χοσρόου,
2811 2610 3078 2681 βασιλέως
3103 2614 3486 2682 Περσῶν.Καὶ
3509 2615 3672 2684 ἐπέμ-

2081 2692 2188 2763 φθη
2217 2696 2297 2757 εἰς
2320 2695 2378 2747 τὸ
2402 2695 2711 2767 πολεμῆσαι
2734 2698 3014 2770 Γερμανὸς
3040 2701 3267 2766 ζωσθεὶς
3303 2704 3671 2775 στρατηλάτης

2082 2786 2221 2856 μετὰ
2250 2786 2345 2839 καὶ
2375 2786 2469 2840 τοῦ
2506 2789 2638 2842 ἰδίου
2669 2790 2833 2843 αὐτοῦ
2864 2791 2981 2845 υἱοῦ
3010 2792 3331 2851 Ἰουστίνου.
3363 2797 3473 2850 Καὶ
3506 2796 3667 2868 μηδὲν

2078 2876 2403 2949 ὠφελήσας³
2431 2879 2668 2952 ἐκάθητο
2697 2884 2756 2936 ἐν
2782 2882 3104 2955 Ἀντιοχείᾳ,
3138 2886 3435 2963 ἀγοράζων
3463 2888 3552 2943 τὸν
3576 2888 3672 2961 ἄρ-

2078 2984 2245 3039 γυρον
2272 2973 2630 3043 νομισμάτων
2661 2972 2705 3044 β’
2725 2974 2759 3044 ἢ
2795 2975 2962 3047 τριῶν
2992 2976 3092 3048 τὴν
3117 2977 3317 3051 λίτραν
3345 2983 3411 3035 ὲκ
3443 2981 3552 3036 τῶν
3576 2980 3671 3034 αὑ-

2076 3059 2187 3113 τῶν
2217 3062 2556 3133 Ἀντιοχέων.

2160 3153 2219 3206 Ὀ
2254 3154 2311 3209 δὲ
2347 3155 2604 3226 βασιλεὺς
2647 3159 2876 3231 Περσῶν
2911 3161 3131 3235 εἰσῆλθε
3172 3163 3271 3217 καὶ
3318 3166 3378 3219 ὲν
3407 3163 3674 3236 Ἀπαμείᾳ

2078 3246 2172 3299 καὶ
2202 3249 2259 3300 ὲν
2288 3248 2505 3319 ἑτέραις
2537 3250 2723 3305 πόλεσι
2748 3252 2849 3322 τῆς
2872 3254 3185 3326 Ἀνατολῆς.

2148 3339 2259 3392 Kal
2299 3339 2377 3410 τῷ
2415 3340 2567 3412 αὐτῷ
2614 3343 2792 3415 χρόνῳ
2841 3346 3205 3417 κατεπέμφθη
3252 3347 3582 3421 Βελισάριος
3617 3349 3675 3402 ὲν

2092 3430 2280 3505 Ῥώμῃ
2298 3449 2313 3463 ο
2339 3432 2434 3486 καὶ
2462 3434 2780 3505 πολεμήσας
2809 3436 3090 3508 παρέλαϐε
3114 3438 3216 3509 τήν
3241 3455 3313 3492 τε
3338 3439 3560 3510 Ῥώμην
3583 3438 3674 3492 καὶ

2076 3522 2328 3576 Σικελίαν
2381 3524 2478 3577 καὶ
2527 3524 2625 3589 τὰς
2679 3526 2838 3596 πέριξ
2891 3526 3077 3591 πόλεις
3133 3530 3527 3600 κρατουμένας
3575 3527 3675 3581 ὑπὸ

2075 3615 2335 3686 Οὐιττιγὴ
2355 3616 2584 3687 ⁵,ρηγδς
2624 3618 2734 3672 τῶν
2767 3618 3002 3674 Γότθων.
3036 3620 3148 3673 Kal
3191 3620 3544 3694 πολεμήσας,
3582 3619 3674 3674 καὶ

2076 3707 2417 3779 παραλαϐὼν
2433 3709 2525 3763 τὸν
2550 3710 2714 3764 αὑτὸν
2736 3709 3034 3783 Οὐιττιγὴν
3060 3713 3153 3765 καὶ
3177 3712 3279 3783 τὴν
3310 3717 3550 3783 γυναῖκα
3575 3712 3673 3767 αὐ-

2072 3800 2169 3855 τοῦ
2201 3801 2297 3855 καὶ
2324 3801 2414 3856 τὸν
2442 3803 2559 3856 υίὸν
2587 3802 2780 3868 αὐτοῦ,
2807 3805 3015 3875 ἢγαγεν
3045 3807 3103 3859 ἐν
3132 3806 3443 3878 Βυζαντίῳ.

2147 3895 2258 3947 Kal
2303 3896 2421 3965 μετ’
2440 3894 2622 3963 ὀλίγον
2660 3896 2852 3968 καιρὸν
2888 3897 2917 3950 ὁ
2956 3897 3120 3961 αὐτὸς
3162 3896 3422 3967 βασιλεὺς
3460 3895 3670 3968 ἔπεμψε

2074 3985 2301 4058 Ναρσὴν
2326 3987 2417 4041 τὸν
2444 3988 2890 4059 κουὸικουλάριον
2923 3989 3063 4059 μετὰ
3090 3990 3298 4063 πολλῆς
3331 3990 3589 4063 βοηθείας
3614 3990 3673 4042 ὲν

2090 4077 2274 4151 Ῥώμῃ
2307 4080 2448 4135 κατά
2476 4080 2585 4135 τῶν
2612 4081 2791 4135 αὐτῶν
2819 4081 3055 4137 Γότθων.

2144 4255 2293 4328 Μηνὶ
2352 4213 2649 4326 Αὐγούστῳ
2699 4253 2998 4326 ἀπεζώσθη
3037 4256 3298 4329 Ἰωάννης
3356 4261 3387 4314 6
3443 4258 3674 4331 ἐπίκλην

2074 4346 2403 4413 Καππάδοξ,
2445 4346 2527 4410 δὶς
2570 4345 2831 4410 διανύσας
2876 4346 2975 4416 τὴν
3016 4345 3123 4401 τῶν
3166 4348 3431 4419 ἐπάρχων
3475 4349 3671 4421 ἀρχήν.

2075 4439 2186 4492 Kal
2213 4437 2276 4508 δη
2287 4438 2504 4508 μευθεὶς
2530 4435 2789 4509 ἐπέμφθη
2821 4435 2972 4510 [225]
2999 4440 3056 4491 ὲν
3081 4437 3333 4508 Κυζίκῳ,
3361 4439 3467 4511 κλη
3479 4439 3675 4511 ρωθεὶς

379 4539 504 4577 eum
565 4525 838 4596 relegatus
898 4536 1020 4583 cst.
1073 4543 1126 4583 et
1183 4530 1398 4585 Artacas
1455 4532 1731 4588 diaconus
1765 4531 1965 4587 lactus.

2099 4531 2321 4596 ῑιάκονος
2347 4530 2692 4604 ἐνἈρτάκῃ·
2713 4532 2939 4585 κάκεῖσε
2965 4530 3313 4603 φρατριάσας
3339 4532 3485 4602 μετά
3508 4548 3674 4586 τινων

378 4613 482 4670 llic
521 4633 654 4673 vero
696 4633 822 4673 cum
879 4620 1211 4689 quibusdam
1246 4623 1461 4677 civibus
1512 4625 1646 4679 inita
1679 4626 1963 4695 conspira-

379 4707 574 4774 tione,
645 4711 990 4777 Euscbium,
1065 4713 1388 4784 episcopum
1460 4718 1825 4787 Cyzicenum,
1895 4717 1962 4772 de

2072 4626 2355 4698 κτητόρων
2390 4624 2515 4696 (57)·
2537 4625 2745 4678 ἀνεῖλον
2764 4625 2784 4657 ⁸
2815 4623 3074 4678 Εὑσέὸιον
3105 4625 3197 4678 τὸν
3233 4625 3542 4679 ἐπίσκοπον
3573 4626 3673 4695 τῆς

2072 4717 2244 4789 αὐτῆς
2278 4717 2603 4788 Κυζικηνῶν
2634 4716 2866 4781 πόλεως.
2896 4716 3101 4771 Μαθὼν
3133 4718 3189 4772 δὲ
3220 4719 3248 4772 6
3281 4717 3545 4788 βασιλεὺς
3577 4719 3673 4772 καὶ

1691 4872 1927 4931 nam
1972 4873 2378 4932 LECTIONES.
2444 4834 2451 4838 ’

450 4984 497 5017 ³⁸
527 4985 791 5067 καθήρεν.
835 4985 957 5067 ξας.
991 4987 1329 5067 καθῄρειΑνρι
1365 4991 1857 5067 ρῡιίιιεᾉκαθεζλεν.
1908 4996 1978 5067 λ⁹⁹
2008 4995 2304 5067 ξενοδοχῶν
2329 4994 2433 5054 Ox.
2512 4996 2529 5029 ¹
2567 4994 2746 5066 χαλκὴ
2776 4994 2879 5050 0x.

2984 4996 3005 5026 ²
3038 4994 3408 5062 Αὐγουστίου.
3475 4994 3668 5051 Scribe

378 5055 769 5136 εξύγρυστείουἔ
846 5056 867 5089 ³
895 5055 1188 5128 ὠφελήσας
1210 5059 1337 5127 Ch.,
1366 5055 1683 5134 ὦφειλήσας
1723 5063 1824 5118 0x.
1903 5065 1925 5097 ‘
1958 5055 2329 5135 οὑἰττιγί’()ιι.
2407 5068 2429 5099 ⁵
2453 5055 2686 5121 ἀνεῖλον.
2734 5055 2956 5121 ’ἀνεῖλεν
2988 5065 3090 5122 Ch.
3125 5055 3268 5122 idem
3299 5064 3664 5136 Κυζικηνῶν.

377 5125 699 5196 Κυζινηνῶν
725 5127 829 5182 0x.

1649 5228 1756 5286 ED.
1790 5227 2164 5285 CHILM‘EADI
2192 5228 2404 5286 ΝΟΤᾸΕ

453 5311 566 5390 (36)
608 5312 920 5390 Περιῃρέθη
959 5316 1016 5369 δὲ
1038 5316 1117 5388 τῷ
1165 5318 1314 5390 αὑτῷ
1351 5320 1531 5390 χρόνῳ
1560 5321 1593 5389 ἡ
1627 5320 1722 5373 τοῦ
1783 5322 1967 5375 Νυκτ-

376 5382 624 5453 επάρχου
656 5382 822 5455 ἀρχή.
854 5382 1231 5461 Nycteparchi
1275 5382 1518 5457 pote-stas
1550 5382 1811 5461 abrogata
1853 5400 1962 5455 est,
1988 5388 2011 5403 ‘

375 5461 431 5507 et
455 5468 553 5523 pro
587 5467 654 5532 ep
683 5458 1670 5532 prmtogereatusLBelisario,Cons.
1694 5458 1758 5516 ut
1795 5479 1964 5532 κιρρο-

374 5522 471 5601 ret
497 5538 575 5601 ex_
601 5522 837 5601 Iustina
869 5524 1109 5601 Novel|._
1141 5529 1221 5582 l3.
1265 5530 1410 5601 Ergo
1468 5531 1673 5586 factum
1725 5522 1963 5588 est'lioc

336 5592 340 5596 ’
376 5594 617 5668 triennio
652 5604 781 5650 ante
809 5592 1040 5668 Joannis
1071 5592 1412 5668 Cappadocis
1436 5605 1804 5657 consulatum.
1835 5606 1965 5657 Κοι-

375 5662 607 5742 αίστωρ,
631 5680 799 5742 _\_'_ero,
823 5665 940 5721 sive
970 5662 1329 5742 Κοιαισίτωρ,
1365 5672 1444 5725 uti
1481 5687 1607 5727 eum
1632 5683 1794 5729 vocat
1831 5673 1964 5726 Pro-

314 5754 321 5759 -
374 5732 595 5804 ropius,
629 5732 769 5791 Hist.
801 5749 919 5790 arc.
960 5753 1069 5793 non
1108 5732 1503 5804 eodenianno,
1535 5753 1591 5797 ut
1617 5742 1815 5799 Noster
1854 5745 1963 5798 vult

374 5799 840 5876 insequentibus,
870 5808 967 5864 scd
999 5809 1237 5867 triennio
1260 5821 1404 5882 post,
1437 5799 1515 5869 xii
1545 5815 1760 5871 scilicet
1783 5813 1954 5870 Justi-

2065 5323 2214 5376 niani
2278 5322 2412 5377 imo.
2465 5337 2616 5377 anno
2678 5322 2970 5377 institutus
3016 5332 3139 5377 cst:
3196 5321 3272 5376 uti
3325 5319 3518 5375 videre
3579 5324 3664 5373 est

2060 5391 2274 5447 Novell.
2308 5391 2396 5446 80.

2134 5463 2245 5534 (57)
2286 5463 2639 5534 tbpa'cptdaa;
2689 5462 2830 5534 μετὰ
2866 5462 3033 5521 τινῶν
3061 5462 3369 5534 κτητόρων.
3410 5460 3455 5513 Α
3499 5459 3663 5527 juve-

2061 5533 2231 5588 nibus
2262 5533 2599 5612 quibusdam
2633 5533 2942 5612 conjuratis
2972 5533 3161 5612 cades
3191 5535 3307 5586 haec
3341 5536 3661 5612 perpetrata

2060 5613 2166 5679 est,
2199 5602 2427 5679 scele_ris
2452 5605 2618 5679 etiam
2651 5605 2839 5679 nescio
2867 5602 3263 5679 (utbominunt
3295 5602 3489 5679 opinio
3518 5602 3663 5679 erat)

2060 5668 2273 5729 Joanne
2316 5673 2676 5744 Cappadoce.
2739 5668 2914 5741 Hujus
2963 5675 3253 5744 historiam
3312 5668 3663 5744 tiitam_tibi

2062 5745 2285 5799 exhibet
2314 5738 2620 5811 Procopius
2672 5744 2738 5798 ad
2772 5738 2982 5798 calcem
3012 5744 3105 5798 lib.
3138 5761 3177 5808 ι,
3215 5742 3289 5795 De
3337 5740 3471 5797 bell.
3503 5738 3661 5794 Pers.

2065 5813 2188 5872 llaec
2224 5830 2350 5871 vero
2385 5813 2681 5871 Justiniani
2726 5815 2860 5885 imp.
2902 5829 3049 5870 anim
3075 5830 3165 5871 xw
3199 5818 3328 5869 acta
3363 5818 3519 5868 sunt.
