3966 6470
343 379 458 449 703

1732 382 2053 447 JOANNIS
2091 382 2419 445 MALAL/E

3530 387 3670 451 704‘

341 512 485 570 que,
538 494 875 554 Maritimam
912 503 967 555 et
1018 495 1402 562 Libanesiam,
1455 506 1745 568 grassatus
1809 503 1937 551 est:

2059 494 2142 548 ιαὶ
2189 495 2446 565 Φοινίκης
2500 492 2750 565 παράλου
2795 493 2890 547 καὶ
2942 493 3283 564 Λιϐανησίας
3312 497 3378 552 ²¹.
3434 500 3545 554 Καὶ
3574 499 3635 558 ἐν

341 589 507 660 cujus
551 593 621 644 ab
676 588 912 645 horrore
962 585 1146 660 Tyrus
1176 601 1305 643 cum
1367 585 1600 652 Sidone,
1666 585 1929 657 Berytus,

340 679 606 753 Tripolis,
637 679 846 752 Byblus
868 680 1059 743 etiam,
1088 680 1421 752 Botrysque,
1452 680 1688 734 aliarum
1713 690 1940 747 quoque

345 772 563 827 urbium
592 780 781 843 partes
797 780 1133 828 succussatae
1155 780 1488 827 corruerunt
1513 787 1528 838 ;
1560 767 1940 839 compluribus

339 863 575 934 insuper
620 862 945 919 hominibus
999 865 1289 919 ruinarum
1338 863 1581 918 molibus
1629 861 1935 931 oppressis.

340 951 424 1008 Ad
457 952 648 1007 urbem
684 967 818 1007 vero
850 951 1098 1025 Botrym,
1132 953 1338 1008 montis
1367 951 1506 1006 mari
1560 950 1936 1016 imminentis,

341 1042 734 1114 Litboprosopi
767 1044 925 1108 dicti,
955 1044 1170 1099 divulsa
1206 1059 1335 1114 pars
1366 1051 1422 1101 et
1456 1045 1510 1098 in
1567 1057 1722 1098 mare
1753 1043 1942 1096 detur-

338 1135 488 1198 bata,
523 1142 742 1205 portum
792 1134 998 1203 eﬂecit,
1043 1135 1277 1191 navibus
1316 1134 1575 1192 maximis
1607 1133 1940 1205 recipiendis

340 1230 629 1297 idoneum,
665 1245 789 1286 cum
826 1237 991 1286 antea
1024 1232 1156 1285 urbs
1190 1246 1253 1285 ea
1296 1238 1459 1301 portu
1492 1231 1789 1287 caruisset.
1818 1229 1939 1285 Ca3-

339 1333 543 1382 terutn,
574 1323 880 1392 imperator
913 1321 1167 1393 pecuniis
1203 1322 1260 1376 in
1316 1321 1635 1391 provincias
1694 1320 1942 1388 singulas

338 1413 724 1481 transmissis,
792 1414 1069 1484 plurimas
1127 1429 1195 1467 ex
1227 1412 1315 1468 bis
1366 1412 1534 1467 urbes
1587 1412 1937 1466 instauravit.

346 1502 601 1558 Duraute
633 1511 817 1559 autem
852 1503 957 1560 hoc
987 1516 1148 1559 terrae
1176 1512 1354 1570 motu,
1395 1517 1551 1557 mare
1575 1502 1738 1557 etiam
1780 1502 1836 1556 in
1861 1502 1943 1556 al-

338 1603 486 1658 tum,
523 1595 591 1649 ad
633 1595 780 1651 mille
828 1610 1052 1666 passus,
1106 1595 1375 1660 recessit;
1436 1593 1668 1648 navibus
1722 1592 1941 1648 interim

346 1686 539 1743 multis
573 1687 770 1743 exinde
804 1687 1207 1757 pereuntibus;
1260 1702 1614 1757 rursumque,
1646 1684 1805 1756 jussu
1860 1686 1942 1739 dio

336 1777 498 1846 vino,
537 1780 590 1833 in
628 1780 920 1849 pristinum
952 1779 1167 1834 alvequ
1208 1793 1485 1834 reversum
1516 1785 1621 1834 est.

423 2034 592 2108 486
636 2037 828 2106 Mense
876 2037 1210 2108 Septembri,
1259 2035 1583 2093 indictionis
1608 2051 1700 2104 xv,
1727 2034 1944 2092 Sancta:

346 2129 529 2185 kenes
563 2130 828 2200 templum
861 2130 928 2185 ad
964 2129 1286 2185 ulteriorem
1316 2129 1492 2200 ripam
1526 2129 1583 2183 in
1614 2126 1944 2184 Justinianis

349 2223 620 2292 positum,
649 2221 965 2276 dedicatum
993 2230 1100 2278 est.
1152 2221 1389 2277 Sanctas
1443 2227 1627 2274 autem
1674 2217 1944 2289 reliquias

341 2312 721 2384 exportabant
777 2314 978 2385 Magna
1026 2329 1093 2370 ex
1132 2313 1392 2377 ecclesia,
1425 2310 1756 2383 patriarchae
1807 2311 1940 2372 duo,

343 2404 541 2459 Menas
558 2403 1211 2476 Constantinopolitanus
1227 2413 1283 2461 et
1306 2405 1688 2476 Apollinarius
1707 2404 1914 2460 Alexan
1927 2433 1946 2447 ο

342 2495 544 2551 drinus
573 2516 585 2562 ;
618 2497 713 2566 qui
750 2500 935 2552 currui
983 2498 1342 2568 imperatorio
1388 2497 1631 2562 devecti,
1679 2497 1945 2568 reliquias

344 2587 581 2658 genibus
610 2588 733 2643 suis
760 2588 1103 2658 compositas
1129 2589 1443 2660 gestabant.

426 2766 629 2822 Eodem
668 2774 921 2837 tempore
948 2776 1169 2838 portus,
1214 2767 1701 2824 Secundianorum
1742 2767 1947 2839 palatio

346 2860 587 2923 vicinus,
618 2859 780 2930 aquis
806 2861 1116 2926 exhaustis,
1154 2869 1488 2931 repurgatus
1515 2868 1619 2915 est.

300 2965 305 2970 ·
414 2950 610 3005 Mense
662 2953 939 3021 Augusto,
990 2950 1189 3006 indict.
1236 2966 1327 3006 xv.
1362 2950 1594 3015 'Menas,
1665 2946 1946 3018 archiepi-

349 3059 559 3113 scopus
589 3042 1275 3114 Constantinopolitanus,
1295 3044 1439 3099 diem
1473 3056 1634 3099 suum
1667 3040 1835 3109 obiit;
1860 3056 1949 3096 re-

2042 586 2193 659 αὐτῷ
2212 586 2299 658 τῷ
2329 586 2481 659 φόϐῳ
2521 586 2723 663 ἔπαθον
2750 587 2807 640 αί
2835 587 3042 653 πόλεις,
3079 587 3229 644 τοῦτ’
3279 588 3635 665 ἔστι“Τύρος,

2042 676 2237 747 Σιδὼν,
2288 679 2558 751 Βηρυτὸς,
2609 678 2896 751 Τρίπολις,
2955 678 3248 749 Βύϐλος¹¹,
3284 683 3639 755 Βότρυς,καὶ

2041 769 2217 826 ἄλλων
2269 770 2480 825 πόλεων
2539 771 2703 842 μέρη.
2755 770 3198 843 Κατεληφθησαν
3236 773 3296 828 δὲ
3341 776 3637 842 ἐν-αὐταίς

2042 863 2138 915 κοιλ⁵
2200 861 2383 933 πλήθη
2432 860 2765 933 ἀνθρώπων.
2819 860 2908 915 Ἐν
2966 862 3027 917 δὲ
3057 866 3127 935 τῇ
3185 863 3344 918 πόλει
3400 866 3637 939 Βότρυος

2041 954 2375 1026 ἀπεσπάσθη
2404 953 2514 1007 ἀπὸ
2542 952 2638 1007 τοῦ
2666 953 3083 1027 παρακειμένου
3109 957 3177 1028 τῇ
3207 955 3454 1030 θαλάσσῃ
3476 944 3639 1030 ὅρους

2040 1044 2138 1098 τοῦ
2167 1045 2402 1114 ἐπίκλην
2454 1043 2893 1118 Λιθοπροσώπου
2920 1043 3035 1117 (55)
3066 1046 3235 1118 μέρος
3276 1049 3371 1102 καὶ
3401 1049 3637 1122 κατηνέ-

2044 1134 2147 1204 χθη
2178 1136 2257 1198 εἰς
2309 1134 2409 1205 τὴν
2471 1134 2777 1202 θάλασσαν,
2830 1136 2929 1189 καὶ
2972 1136 3272 1191 ἀπετέλεσε
3316 1137 3534 1209 λιμένα,
3561 1142 3639 1205 ὡς

2041 1225 2306 1279 δύνασθαι
2354 1227 2548 1297 ὁρμεῖν
2572 1226 2620 1259 ³⁸
2640 1229 2700 1280 ἐν
2724 1225 2803 1297 τῷ
2835 1224 3019 1296 λιμένι
3045 1224 3140 1280 τοῦ
3180 1228 3638 1294 ἀποσπασθέντος

2044 1314 2205 1387 ὅρους
2235 1315 2400 1370 πλοῖα
2431 1314 2801 1387 παμμεγέθη·
2834 1316 2937 1369 οὐκ
2965 1312 3080 1388 εἶχε
3111 1316 3222 1388 γάρ
3242 1319 3277 1390 ἡ
3307 1318 3447 1386 αὐτὴ
3475 1319 3635 1383 πόλις

2044 1407 2105 1459 τὸ
2143 1406 2315 1461 πάλαι
2368 1407 2588 1477 λιμένα.
2630 1408 2689 1461 '0
2719 1407 2777 1461 δὲ
2813 1406 2975 1472 αὐτὸς
3028 1406 3288 1477 βασιλεὺς
3344 1408 3631 1462 ἀπέστειλε

2045 1499 2308 1569 χρήματα
2339 1499 2398 1551 ὲν
2449 1499 2657 1562 πάσαις
2705 1501 2827 1564 ταῖς
2890 1498 3186 1570 ἐπαρχίαις
3241 1500 3337 1553 καὶ
3378 1500 3632 1570 ἀνήγειρε

2047 1590 2259 1662 φανερὰ
2289 1589 2440 1663 [2501
2483 1589 2593 1644 τῶν
2636 1576 2816 1645 αὐτῶν
2877 1591 3112 1646 πόλεων.
3157 1590 3247 1646 Ἐν
3265 1590 3322 1645 δὲ
3352 1590 3430 1662 τῷ
3461 1590 3634 1663 καιρῷ

2045 1683 2141 1736 τοῦ
2176 1682 2402 1755 σεισμοῦ
2466 1684 2637 1753 ἔφυγε
2670 1683 2917 1737 θάλασσα
2944 1684 3026 1747 είς
3054 1683 3116 1736 τὸ
3157 1682 3399 1752 πέλαγος
3421 1683 3517 1735 ἐπὶ
3545 1682 3637 1752 μί-

2048 1771 2163 1825 λιον
2182 1771 2262 1837 ἓν,
2286 1773 2380 1827 καὶ
2436 1772 2722 1827 ἀπώλοντο
2777 1772 2940 1826 πλοῖα
2995 1772 3202 1826 πολλά·
3229 1773 3327 1827 καὶ
3356 1773 3522 1826 πάλιν
3570 1774 3635 1845 τῇ

1974 1840 2016 1896 Β
2045 1863 2140 1916 τοῦ
2184 1862 2322 1919 Θεοῦ
2363 1862 2627 1917 κελεύσει
2676 1862 3029 1935 ἀπεκατέστη
3054 1866 3088 1936 ή
3118 1863 3367 1918 θάλασσα
3416 1864 3495 1928 είς
3541 1840 3638 1935 τὴν

2046 1957 2284 2028 ἀρχαίαν
2311 1956 2525 2029 κοίτην.

2114 2047 2264 2118 Μηνὶ
2311 2046 2686 2119 Σεπτεμϐρίῳ
2728 2047 3061 2111 ίνδικτιῶνος
3092 2054 3153 2101 ιε’
3183 2046 3373 2116 γέγονε
3427 2047 3495 2100 τὰ
3545 2047 3636 2114 ἐγ-

2044 2140 2233 2194 καίνια
2259 2141 2356 2211 τῆς
2381 2140 2544 2207 ἁγίας
2572 2140 2815 2212 Εἰρήνης
2857 2140 2955 2211 τῆς
2989 2139 3158 2212 οὔσης
3197 2139 3371 2210 πέραν
3401 2141 3459 2193 ἐν
3503 2139 3636 2191 Ἰου-

2048 2233 2504 2302 στινιαναῖςη(54)’
2541 2233 2637 2287 καὶ
2662 2231 2894 2303 ἐξῆλθον
2923 2232 2995 2287 τὰ
3024 2233 3160 2302 ἅγια
3193 2232 3421 2303 λείψανα
3450 2235 3514 2286 ἐκ
3539 2233 3638 2303 τῆς

2045 2325 2306 2396 Μεγάλης
2337 2326 2639 2398 ἐκκλησίας
2682 2326 2822 2399 μετὰ
2865 2325 2960 2380 καὶ
2982 2326 3092 2380 τῶν
3120 2325 3214 2381 δύο
3253 2323 3637 2397 πατριαρχῶν,
3720 2360 3723 2361 ν

2045 2416 2192 2485 λέγω
2211 2416 2275 2487 δὴ
2298 2419 2465 2485 Μηνᾶ
2487 2418 2581 2471 τοῦ
2616 2418 2967 2489 πατριάρχου
3008 2409 3644 2481 Κωνσταντινουπόλεως

2046 2510 2144 2563 καὶ
2189 2509 2604 2581 Ἀπολλιναρίου
2635 2510 2681 2542 ’⁸
2714 2511 2810 2564 τοῦ
2870 2509 3029 2563 πάπα
3072 2509 3488 2581 Ἀλεξανδρείας
3509 2527 3523 2540 ·
3549 2512 3646 2565 καὶ

2046 2595 2308 2651 ἐκάθισαν
2372 2598 2677 2670 ἀμφότεροι
2707 2601 2763 2652 ἐν
2794 2598 2872 2670 τῷ
2892 2598 3159 2671 βασιλικῷ
3190 2600 3458 2672 ὀχήματι,
3507 2618 3642 2655 κατ-

2048 2689 2265 2758 έχοντες
2298 2690 2356 2743 ἐν
2386 2692 2500 2752 τοῖς
2529 2690 2755 2758 γόνασιν
2787 2692 2969 2744 αὐτῶν
2994 2691 3062 2744 τὰ
3084 2690 3241 2762 τίμια
3267 2690 3523 2761 λείψανα.

2119 2781 2231 2834 Καὶ
2259 2780 2336 2851 τῷ
2366 2781 2518 2853 αὐτῷ
2545 2783 2726 2854 χρόνῳ
2791 2783 3095 2855 ἐξηντλήθη
3131 2785 3225 2837 καὶ
3253 2782 3595 2855 ἐκαθαρίσθη
3620 2785 3649 2838 ὁ

2048 2873 2215 2946 λιμὴν
2248 2875 2277 2927 ὁ
2323 2874 2555 2945 πλησίον
2585 2874 2679 2929 τοῦ
2704 2875 2971 2928 παλατίου
3002 2874 3423 2930 Σεκουνὸιανῶν.
3476 2918 3485 2924 .

2118 2963 2269 3033 Μηνὶ
2313 2963 2613 3034 Αὐγούστῳ
2669 2965 3004 3030 ίνδικτιῶνος
3043 2972 3104 3018 ιε’
3124 2964 3358 3038 τελευτᾷ
3386 2966 3583 3037 Μηνᾶς
3618 2967 3651 3019 ό

2051 3056 2493 3126 ἀρχιεπίσκοπος
2550 3058 3189 3121 Κωνσταντινουπόλεως
3210 3077 3222 3089 ⁸
3257 3059 3354 3111 καὶ
3388 3058 3650 3128 κειμένου

350 3132 539 3206 Ιίηυίῑέ
579 3135 701 3205 ejus
732 3137 949 3208 Magum
988 3137 1242 3192 ecclesiae
1288 3137 1450 3204 juxta
1508 3148 1731 3191 sacrum
1772 3135 1944 3188 altare

2059 3147 2144 3201 τοῦ
2175 3147 2531 3219 λειψάνουείς
2559 3151 2621 3203 τὸ
2652 3150 2810 3219 ἅγιον
2842 3151 3236 3220 θυσιαστήριον
3257 3151 3356 3221 τῆς
3381 3151 3652 3220 Μεγάλης

351 3229 648 3299 repositis:
690 3228 851 3297 cujus
882 3228 934 3282 in
966 3229 1148 3284 locum
1183 3227 1510 3300 Eutycliius,
1542 3227 1781 3283 Amasis:
1815 3241 1946 3297 apo-

346 3319 659 3386 crisiarius,
691 3318 964 3377 suffectus
994 3329 1100 3377 est.

421 3410 606 3466 Mense
638 3411 835 3466 eodem
871 3411 1080 3467 Narses
1113 3412 1520 3478 cubicularius,
1561 3412 1944 3469 Romanorum

347 3504 648 3566 exarcbus.
668 3504 736 3560 de
753 3504 983 3558 victoria
1006 3520 1106 3559 sua
1127 3506 1384 3560 nuntium
1406 3505 1580 3560 lloma
1608 3506 1780 3561 misit.
1803 3506 1949 3561 Prae-

350 3596 425 3650 lio
442 3597 589 3652 enim
615 3613 741 3651 cum
775 3596 960 3653 Totila
984 3597 1164 3653 Gotho
1196 3599 1523 3665 commisso,
1544 3598 1755 3656 Narses
1786 3615 1949 3671 supe-

351 3689 466 3741 rior
504 3688 685 3744 lactus
724 3704 850 3744 eum
883 3690 1111 3754 occidit,
1142 3701 1438 3761 vestesque
1471 3691 1594 3761 ejus
1628 3697 1947 3749 cruentatas

350 3779 905 3853 Constantinopolim
939 3782 1275 3839 transmisit.

418 4037 603 4096 Mense
625 4039 845 4108 Martio,
875 4042 1206 4100 indirtionis
1238 4061 1279 4111 t,
1307 4046 1609 4101 commotio
1637 4046 1706 4101 ab
1744 4046 1948 4103 inﬁmae

347 4135 518 4190 sortis
550 4135 898 4199 hominibus,
939 4136 1011 4191 ob
1042 4151 1325 4190 nummum
1359 4137 1729 4206 diminutum,
1755 4152 1945 4195 coorta

343 4237 464 4283 est:
503 4243 612 4298 qua
643 4242 702 4283 re
730 4228 800 4283 ad
833 4209 1225 4298 imperatorem
1254 4229 1462 4295 delata,
1503 4246 1797 4287 nummum
1848 4249 1945 4288 va-
2000 4238 2009 4247 '

346 4319 516 4374 iorem
543 4335 708 4376 suum
745 4320 1040 4390 pristinum
1074 4321 1327 4377 obtinere
1352 4321 1543 4390 jussit.

414 4499 608 4554 Mense
637 4498 907 4568 Augusto,
941 4498 1267 4553 imlictionis
1298 4514 1360 4564 ll,
1392 4507 1556 4554 terrae
1595 4513 1777 4558 motus
1808 4504 1940 4560 hor-
1979 4527 2020 4581 ο

344 4595 550 4649 rendus
585 4596 819 4658 exstitit,
848 4610 878 4649 a
905 4610 1015 4665 quo
1057 4594 1223 4666 487
1260 4595 1490 4650 aedilicia
1517 4598 1948 4667 quamplurima,

343 4686 539 4743 balnea
557 4687 792 4742 etiamet
811 4687 1377 4759 ccclesiaa,Byzantiui
1397 4692 1772 4758 quoquemuri
1793 4708 1945 4763 pars,

338 4794 614 4843 concussa
656 4787 1033 4835 corruerunt:
1063 4778 1227 4849 cujus
1266 4781 1432 4835 etiam
1486 4780 1533 4834 vi
1586 4782 1773 4839 lancea
1811 4786 1900 4840 illa
1926 4826 1941 4849 ,

336 4891 509 4947 quam
562 4882 745 4930 statua
782 4876 837 4929 in
870 4874 990 4931 foro
1042 4874 1390 4930 Constantini
1443 4874 1618 4945 posita
1666 4880 1935 4947 gestabat,

2052 3237 2347 3309 ἐκκλησίας
2404 3240 2598 3310 γέγονε
2659 3242 3013 3314 πατριάρχης
3062 3242 3380 3314 Εὐτύχιοςό
3416 3244 3654 3314 ἀποκρι-

2052 3331 2265 3402 σιάριος
2308 3332 2634 3402 Ἀμασείας.

2121 3421 2233 3475 Καὶ⁸
2271 3420 2349 3492 τῷ
2383 3421 2532 3493 αὑτῷ
2587 3425 2722 3494 μηνὶ
2768 3424 3014 3478 ἐπινίκια
3060 3420 3227 3495 ἦλθον
3273 3426 3381 3479 ἀπὸ
3429 3424 3653 3498 Ῥώμης

2047 3511 2157 3566 ἀπὸ
2210 3512 2436 3584 Ναρσοῦ
2485 3513 2580 3569 τοῦ
2617 3515 3071 3587 κουὸικουλαρίου
3101 3518 3195 3572 καὶ
3226 3517 3465 3589 ἐξάρχου
3510 3518 3653 3572 Ῥω-

2052 3602 2249 3674 μαίων.
2283 3603 2664 3674 Συμϐαλόντος
2698 3607 2807 3678 γὰρ
2856 3606 3023 3661 αὑτοῦ
3046 3606 3195 3680 [251]
3226 3609 3468 3680 πόλεμον
3507 3610 3654 3679 μετὰ.

2050 3694 2331 3761 Τοτίλα⁹⁸,
2378 3696 2545 3768 ρηγδς
2600 3696 2709 3751 τῶν
2749 3699 2789 3750 Γ
2791 3698 2984 3763 ότθων,
3039 3700 3182 3753 κατὰ
3226 3701 3430 3771 κράτος
3492 3702 3654 3772 νικη-

2052 3801 2150 3848 σας
2167 3785 2216 3817 ’⁸
2248 3785 2341 3839 τὸν
2384 3785 2623 3856 πόλεμον
2686 3787 2780 3840 καὶ
2833 3788 2999 3841 αὐτὸν
3035 3788 3346 3855 κατέσφαξε
3367 3804 3381 3819 ·
3414 3787 3511 3842 καὶ
3540 3789 3646 3841 ἐπ-

2050 3876 2237 3948 έμφθη
2296 3877 2368 3932 τὰ
2419 3879 2612 3948 ἱμάτια
2671 3879 2837 3934 αὐτοῦ
2885 3881 3184 3951 ᾑμαγμένα
3212 3883 3269 3934 ὲν
3298 3882 3651 3935 Κωνσταντι-

2050 3970 2327 4026 νουπόλει.

2121 4064 2270 4134 Μηνὶ
2321 4064 2553 4137 Μαρτίῳ
2612 4065 2948 4131 ίνδικτιῶνος
2996 4073 3043 4120 α’
3073 4067 3297 4135 ἐγένετο
3341 4067 3648 4141 διαστροφή

2048 4155 2144 4207 τοῦ
2176 4153 2452 4225 κέρματος
2473 4170 2487 4185 °
2512 4156 2607 4209 καὶ
2639 4158 2703 4209 ἐκ
2732 4157 2840 4208 τῶν
2864 4155 3099 4227 πτωχῶν
3138 4156 3384 4220 στάσεως
3417 4156 3653 4227 γενομέο
3690 4220 3698 4227 .

2050 4263 2150 4316 νης
2203 4247 2298 4300 καὶ
2346 4245 2580 4318 θορύϐου
2645 4248 2919 4319 ἀνηνέχθη
2954 4248 3032 4318 τῷ
3066 4248 3215 4319 αὐτῷ
3272 4248 3515 4319 βασιλεῖ’
3551 4248 3648 4302 καὶ

2051 4336 2308 4390 ἐκέλευσε
2355 4337 2453 4408 τὴν
2508 4340 2852 4393 κατάστασιν
2898 4339 2994 4392 τοῦ
3045 4342 3326 4410 κέρματος
3372 4341 3630 4410 κρατῆσα

2054 4429 2200 4482 κατὰ
2229 4429 2290 4482 τὸ
2315 4431 2542 4500 ἀρχαῖον
2567 4429 2707 4491 ἔθος.

2139 4519 2225 4574 Ἐν
2250 4521 2307 4575 δὲ
2332 4522 2409 4591 τῷ
2434 4522 2733 4594 Αὐγούστῳ
2788 4524 2919 4595 μηνὶ
2945 4524 3047 4594 τῆς
3077 4524 3340 4597 δευτέρας
3377 4523 3651 4578 ίνδικτιῶ-

2063 4629 2150 4676 νος
2201 4614 2423 4681 ἐγένετο
2483 4616 2709 4686 σεισμὸς
2762 4616 3016 4686 φοϐερὸς,
3048 4615 3192 4669 ὥστε
3241 4597 3437 4669 παθεῖν
3466 4617 3653 4680 οἴκους

2060 4704 2292 4767 πολλοὺς
2342 4707 2439 4757 καὶ
2492 4706 2695 4777 λουτρὰ
2755 4707 2852 4759 καὶ
2892 4706 3193 4777 ἐκκλησίας
3221 4706 3315 4758 καὶ
3366 4705 3510 4777 μέρη
3540 4704 3654 4760 τῶν

2054 4797 2281 4868 τειχέων
2343 4797 2541 4851 παθεῖν
2568 4799 2625 4850 ἐν
2650 4799 2951 4867 Βυζαντίῳ.
2995 4798 3086 4852 Ἐν
3128 4796 3279 4869 αὐτῷ
3304 4797 3361 4850 δὲ
3388 4797 3465 4867 τῷ
3498 4797 3652 4868 φόϐῳ

2052 4888 2250 4941 ἔπεσεν
2292 4890 2325 4960 ἡ
2374 4889 2540 4960 λόγχη
2566 4930 2581 4952 ,
2638 4891 2705 4961 ἣν
2762 4891 2985 4962 ἐκράτει
3022 4891 3085 4944 τὸ
3123 4890 3348 4962 ἄγαλμα
3382 4890 3444 4943 τὸ
3481 4893 3540 4944 ἐν
3569 4892 3654 4961 τῷ

1672 4971 1908 5030 VARI/E
1937 4978 2345 5038 LECTIUNES.

416 5059 460 5090 ἰ
491 5057 941 5146 (“Gortynia-€03:
995 5061 1065 5146 δ’
1097 5059 1429 5146 ρύόλοξίϐιξ.
1451 5101 1466 5126 ,
1506 5059 1696 5146 Βίξλος
1721 5064 1825 5121 0x.
1886 5070 1949 5146 _"
1970 5072 2165 5146 ὁρμεῖν
2198 5075 2323 5140 (1b.,
2351 5075 2530 5145 όρμῆν
2596 5074 2699 5132 Ox.
2778 5076 2826 5107 ”
2869 5075 3284 5146 Ἀπολλιναρίου
3312 5074 3439 5142 Ch.,
3485 5075 3651 5128 Ἀπο-

340 5127 578 5201 λιναρίου
603 5128 705 5186 Ox.
782 5132 826 5163 ²⁵
865 5129 1062 5184 Τότιλα
1094 5129 1198 5185 0x.
1277 5131 1323 5162 "
1345 5130 1454 5201 γὰρ
1481 5132 1740 5203 νικήσαςο
1784 5155 1802 5185 ε
1838 5138 1947 5210 γὰρ
1977 5127 2475 5201 τέξιυηιίιιιςλ

1605 5222 1714 5280 ED.
1753 5227 2131 5290 ClilLMEADl
2167 5236 2396 5293 NOTAE.

413 5311 526 5379 (55)
555 5311 662 5364 Τοῦ
700 5313 932 5385 ἐπίκλην
966 5314 1416 5385 Λιθοπροσὼπου.
1448 5315 1652 5370 Eadem
1701 5323 1931 5377 omnino

342 5382 513 5437 habes
569 5382 712 5457 apud
764 5382 1097 5457 Cetlrenmn.
1148 5382 1354 5440 Verum
1403 5386 1747 5457 Pomponius
1788 5394 1929 5447 Mela

342 5454 918 5530 promontoriumltoc
941 5496 954 5520 ,
990 5455 1386 5530 Euprosopon,
1425 5454 1630 5530 vocare
1679 5464 1931 5530 videtur,

288 5578 294 5583 ,
339 5523 732 5601 Do_situ_orb.
790 5525 881 5581 lib.
934 5543 972 5589 ι,
999 5523 1130 5601 cap.
1169 5528 1281 5581 12:
1324 5527 1414 5601 Ab
1446 5544 1511 5581 ea
1531 5527 1631 5601 _at_1
1681 5523 1934 5601 promoti;

338 5595 541 5647 torium.
582 5594 941 5667 Euprosopou
976 5594 1227 5652 duo‘sunt
1257 5598 1485 5667 oppida,
1522 5594 1719 5668 Byblos
1752 5614 1799 5658 et
1828 5603 1934 5659 Bo-

342 5675 391 5717 n
402 5679 484 5729 με.

416 5732 673 5807 (ὕιὶλτῆς
702 5734 869 5806 οὔσης
902 5736 1075 5807 πέραν
1099 5740 1157 5792 ὲν
1192 5737 1624 5805 ’ῐιυσιτινιανοιίς⁹
1664 5742 1942 5798 Suburbia

338 5801 463 5858 ιιωο
520 5801 705 5863 littore
764 5801 1249 5880 Cdnstahtinopolt
1303 5809 1543 5869 advcrso
1585 5801 1740 5882 'sita,
1774 5815 1945 5869 Συκαὶ

2031 5329 2177 5418 olim‘
2199 5330 2345 5413 dicta
2371 5340 2526 5418 su‘nt.
2560 5332 2831 5418 §'t‘epban.
2864 5331 2932 5418 tle
2968 5330 3329 5418 Ut‘b.‘23xq},
3363 5329 3648 5418 πόλιςάνς

2030 5401 2192 5470 τικρὺ
2236 5401 2337 5470 τῆς
2390 5403 2520 5474 νέας
2575 5390 2823 5474 Ῥώμης,
2867 5403 3059 5471 ἥκονθ’
3093 5390 3648 5474 ὴμᾶςἸόυστινιαναὶ

2032 5472 2559 5542 προσαγορευθεῖσα.
2593 5472 2868 5542 Procopio
2894 5484 3075 5525 tamen
3104 5472 3515 5531 Ἰουκονδιάναι,
3549 5485 3646 5542 νοτ

2032 5540 2250 5603 cantur,
2284 5540 2388 5597 ‘De
2431 5543 2601 5595 Aﬂtlil'.
2633 5540 2839 5599 Justiti.
2893 5545 2986 5597 lib.
3022 5560 3058 5604 ι,
3097 5544 3201 5597 nisi
3248 5558 3405 5596 error
3430 5540 3641 5596 librarii

2034 5614 2126 5663 sit.
2184 5613 2353 5668 llodic
2433 5613 2630 5668 Galam
2675 5624 2903 5669 voratur
2947 5615 3051 5666 hoc
3093 5614 3400 5681 oppidum:
3437 5612 3507 5666 de
3532 5625 3646 5680 quo

2034 5681 2313 5807 vide
2364 5682 2603 5755 Gyllium
2651 5685 2725 5741 De
2784 5685 3022 5755 'I'Opogr.
3065 5684 3359 5739 Constant.
3418 5682 3516 5739 lib.
3558 5694 3640 5747 tv,

2051 5768 2175 5807 can.
2282 5794 2296 5807 .

2051 5768 2175 5823 cap.
2216 5768 2296 5808 tu.
