3966 6458
368 408 476 471 ’105

1402 405 2089 469 ϐΗΙὶΟΝΟΟΒΑΡΙἸΙΑι
2127 433 2194 443 -
2216 409 2365 469 LIB.
2396 410 2623 471 XVIII.

3158 270 3171 302 ί

3553 415 3661 476 706

367 517 525 588 φόρῳ
577 515 994 569 Κωνσταντίνου
1016 556 1030 572 .
1091 516 1185 570 καὶ
1239 515 1528 586 κατεπάρη
1567 519 1626 567 ἐν
1648 518 1715 587 τῇ
1744 518 1813 586 γῇ
1848 515 1963 588 (55)

2076 517 2383 583 lleturbata,
2417 518 2485 573 ad
2532 529 2647 574 tres
2706 518 2923 574 cubitus
2964 520 3016 573 in
3073 527 3275 576 terram
3331 527 3660 589 penetravit.

369 608 465 660 ἐπὶ
526 609 729 675 πήχεις
775 608 949 677 τρεῖς.
985 605 1075 658 Ἐν
1101 607 1157 658 δὲ
1188 608 1301 667 τοῖς
1342 606 1719 677 συμπτώμασι
1774 604 1963 659 πολλοὶ

370 698 816 771 συνελήφθησαν.
872 699 961 751 Ἐν
1012 698 1165 769 αὑτῷ
1211 697 1267 751 δὲ
1305 698 1383 769 τῷ
1437 698 1591 769 φόϐῳ
1645 700 1739 752 καὶ
1804 698 1962 753 ἄλλαι

368 794 558 859 πόλεις
608 794 834 859 ἔπαθον,
864 796 921 847 ἐν
950 788 1035 859 οἷς
1066 795 1162 848 καὶ
1191 794 1565 866 Νικομηδείας
1597 794 1765 865 μέρος
1788 811 1962 847 κατα-

368 890 558 941 πεσεῖν
592 886 730 957 (56).
767 886 864 941 Ἐκ
892 885 951 939 δὲ
976 885 1087 940 τῶν
1118 886 1550 956 συμπτωμάτων
1587 885 1963 955 Νικομηδείας

337 936 468 1036 -θᾷζᾷοζ
479 936 641 1051 ﬁsi:
659 936 916 1049 is}...
931 936 1101 1043 4.1,
1126 936 1808 1048 ‘gg...',;‘.-;.,;.xi...;x
1824 936 1966 1031 Vsa:

368 1074 649 1144 εκράτησε
675 1072 732 1124 δὲ
761 1074 790 1125 ό
818 1071 980 1135 αὐτὸς
1011 1071 1235 1142 σεισμὸς
1260 1071 1474 1142 ἡμέρας
1496 1078 1569 1142 μ’.

314 1178 332 1237 ξ
438 1166 588 1237 Μηνὶ
644 1164 856 1236 Ἰουλίῳ
895 1163 1233 1228 ίνδικτιῶνος
1260 1164 1302 1217 δ’
1336 1165 1739 1229 στασιάσαντες
1768 1168 1818 1219 οἱ
1858 1167 1965 1219 Σα-

377 1261 632 1331 μαρεῖται
662 1257 757 1310 καὶ
778 1258 829 1310 οί
859 1255 1105 1309 Ἰουδαῖοι
1127 1257 1183 1309 ἐν
1212 1256 1529 1328 Καισαρείᾳ
1568 1257 1960 1328 Παλαιστίνης,

378 1352 701 1422 ποιήσαντες
737 1348 879 1403 τὸὲν
908 1351 994 1411 είς
1042 1348 1314 1420 ἀλλήλους
1363 1348 1517 1422 [2'52]
1581 1350 1657 1413 ὡς
1707 1352 1767 1403 ἐν
1809 1348 1965 1415 τάξει

381 1443 619 1515 μερικῶν
638 1440 879 1510 ἐπῆλθον
909 1442 1025 1504 τοῖς
1055 1441 1407 1511 Χριστιανοῖς
1429 1441 1530 1513 τῆς
1562 1440 1733 1511 αὐτῆς
1756 1440 1965 1505 πόλεως

376 1542 469 1590 καὶ
490 1533 721 1598 πολλοὺς
747 1533 1095 1604 κατέσφαξαν
1127 1532 1237 1589 τῶν
1280 1533 1651 1603 Χριστιανῶν.
1693 1531 1965 1602 Ἐπῆλθον

372 1628 428 1682 δὲ
460 1628 556 1681 καὶ
589 1627 904 1699 ἐπόρθησαν
939 1627 1039 1692 τὰς
1102 1626 1419 1697 ἐκκλησίας.
1464 1627 1577 1680 Kal
1616 1625 1712 1680 τοῦ
1764 1624 1967 1695 ἄρχον-

374 1735 463 1783 τος
486 1719 586 1789 τῆς
647 1719 820 1791 αὐτῆς
881 1720 1092 1784 πόλεως
1157 1718 1470 1785 ἐξελθόντος
1518 1718 1658 1789 πρὸς
1708 1716 1965 1789 βοήθειαν

374 1812 482 1865 τῶν
512 1813 858 1884 Χριστιανῶν
901 1812 1136 1884 ἐπῆλθον
1178 1814 1227 1866 οἱ
1258 1813 1415 1866 αὐτοὶ
1469 1812 1829 1881 Σαμαρεῖται,
1862 1810 1965 1863 κά-

2065 608 2453 663 Curruentium
2476 619 2657 665 autem
2676 612 3037 666 :ediliciorum
3072 628 3102 665 a
3136 613 3314 669 ruinis
3343 616 3661 691 nnwtalium

2068 703 2293 772 plurimi
2329 704 2636 773 perierunt.
2675 703 2938 759 Eamdem
2975 706 3429 760 consternatione
3457 729 3482 755 ·ι
3535 722 3670 761 sen-

2066 806 2261 850 serunt
2338 798 2504 852 urbes
2552 799 2779 867 insuper
2829 797 2991 865 aliae;
3034 813 3173 868 quas
3222 800 3366 853 inter
3414 798 3671 856 Nicome-

2066 886 2169 940 diae
2192 901 2417 955 quoque
2438 901 2567 956 pars
2597 885 2822 957 delapsa
2852 886 3146 957 est:cujus
3172 890 3337 943 etiam
3369 889 3669 946 ruderibus

2067 977 2249 1031 obruti
2283 976 2558 1040 nonnulli,
2591 977 2794 1033 diebus
2826 978 3059 1048 aliquot,
3097 980 3204 1034 vivi
3236 978 3664 1035 eﬂ‘odiebantur.

2068 1072 2301 1127 lnvaluit
2333 1081 2518 1127 autem
2547 1079 2712 1127 terra;
2744 1084 2928 1127 motus
2956 1073 3061 1128 iste
3091 1089 3187 1143 per
3218 1090 3285 1128 xi.
3319 1074 3461 1131 dies.

2140 1163 2326 1220 Mense
2354 1162 2506 1218 Julio
2530 1204 2544 1227 ,
2597 1164 2924 1220 indictionis
2957 1180 3032 1231 ιν,
3066 1164 3359 1221 Samaritae
3378 1166 3671 1240 .Iudaeique

2066 1260 2122 1313 in
2144 1256 2396 1314 Caesarea
2418 1252 2732 1312 Palmstiuaa
2759 1295 2773 1320 ,
2812 1257 2958 1310 inter
2988 1271 3048 1311 se
3073 1258 3404 1326 conspirati,
3429 1262 3666 1316 seditio-

2068 1364 2191 1404 nem
2224 1349 2401 1402 moliti
2445 1356 2615 1413 sunt;
2661 1355 2717 1403 et
2765 1346 3077 1401 factionum
3117 1348 3418 1405 conﬂictus
3458 1368 3571 1421 pra:
3604 1368 3666 1408 se

2069 1442 2337 1507 ferentes,
2372 1442 2728 1499 Christianos
2759 1442 3136 1499 Caesarienses
3168 1460 3274 1498 una
3308 1446 3669 1512 adortisuut,

2069 1536 2455 1605 plurimosque
2488 1535 2919 1602 interfecerunt,
2963 1536 3226 1591 ecclesiis
3262 1536 3430 1591 etiam
3470 1552 3664 1592 eorum

2069 1629 2327 1699 direptis.
2361 1628 2507 1696 Quin
2548 1628 2899 1700 Stephanum
2968 1645 3214 1699 quoque,
3266 1630 3422 1684 urbis
3472 1629 3673 1700 praele-

2070 1732 2243 1784 crum,
2269 1719 2363 1787 qui
2396 1717 2733 1774 Christianis
2773 1719 3079 1775 advenerat
3103 1720 3412 1789 suppetias,
3457 1720 3672 1783 adorti,

2071 1812 2126 1866 in
2167 1811 2434 1880 praetorio
2467 1810 2837 1877 occiderunt,
2890 1811 3069 1879 bonis
3092 1813 3260 1867 etiam
3303 1814 3422 1883 ejus
3455 1814 3671 1883 ereptis

375 1905 555 1958 κεῖνον
613 1904 965 1975 κατέσφαξαν
990 1906 1048 1960 ἐν
1080 1904 1160 1975 τῷ
1183 1904 1530 1976 πραιτωρίῳ,
1561 1902 1656 1956 καὶ
1686 1901 1755 1955 τὰ
1777 1901 1963 1974 πράγ-

2076 1905 2359 1959 omnibus.
2395 1901 2550 1959 Uxor
2579 1904 2769 1974 itaque
2800 1905 2923 1973 ejus
2955 1904 3513 1976 Constantinopolim
3566 1922 3665 1975 pe-

373 2011 523 2065 ματα
586 1994 754 2049 αὐτοῦ
802 1995 986 2051 πάντα
1030 1996 1437 2067 ’καθήρπασαν.
1475 1996 1542 2048 Ἦ
1572 1994 1629 2048 δέ
1680 1994 1820 2065 γυνὴ
1869 1994 1965 2048 τοῦ

373 2085 541 2143 αὐτοῦ
589 2089 853 2162 ἄρχοντος
911 2090 1219 2159 Στεφάνου,
1262 2087 1567 2143 ἀνελθοῦσα
1596 2091 1655 2141 ἐν
1674 2089 1969 2142 Κωνστανο

372 2183 706 2249 τινουπόλει,
733 2181 1010 2255 προσῆλθε
1033 2182 1112 2256 τῷ
1143 2182 1294 2254 αὐτῷ
1334 2181 1568 2253 βασιλεῖ.
1596 2182 1706 2236 Καὶ
1725 2179 1967 2244 ἀκούσας

367 2277 398 2329 ό
435 2276 690 2345 βασιλεὺς
714 2276 784 2330 τὰ
810 2276 1074 2345 γεγονότα
1134 2276 1240 2329 ὑπὸ
1296 2275 1407 2328 τῶν
1464 2264 1970 2345 Σαμαρειτῶνέκαὶ

370 2368 671 2439 θυμωθεὶς,
720 2367 978 2423 ἐκέλευσε
1002 2367 1080 2440 τῷ
1116 2367 1231 2422 ὄντι
1267 2368 1392 2422 τότε
1425 2367 1648 2437 ἄρχοντι
1678 2367 1781 2442 τῆς
1805 2365 1970 2419 Ἀνα-

368 2463 534 2531 τολῆς
580 2462 857 2534 Ἀμαντίῳ
923 2460 1230 2532 ἐκζητῆσαι
1282 2461 1353 2516 τὰ
1406 2461 1680 2531 γενόμενα
1728 2458 1826 2514 καὶ
1876 2457 1970 2512 τὸν

370 2557 534 2623 φόνον
565 2553 662 2608 τοῦ
719 2553 886 2608 αὑτοῦ
919 2553 1222 2623 Στεφάνου.
1258 2553 1450 2616 Ὅστις
1490 2551 1782 2623 Ἀμάντιος
1811 2549 1968 2615 δεξά-

372 2664 536 2718 μενος
585 2647 910 2717 ἀποκρίσεις
962 2645 1252 2716 βασιλικὰς
1278 2646 1374 2701 καὶ
1401 2643 1657 2699 ἀπελθὼν
1674 2644 1731 2697 ἐν
1764 2645 1968 2698 Καισα-

371 2740 518 2813 ρείᾳ,
547 2741 645 2795 καί
669 2740 1024 2811 ἀναζητήσας
1048 2739 1177 2803 τοὺς
1208 2739 1584 2810 πεποιηκότας
1603 2739 1731 2801 τοὺς
1763 2738 1960 2806 φόνους

368 2836 466 2889 καὶ
520 2831 720 2904 εὑρὼν,
784 2834 914 2899 τοὺς
969 2832 1071 2902 μὲν
1129 2831 1619 2902 ἐφούρκισεν(57),
1657 2829 1880 2901 ἐτέρους
1902 2829 1961 2882 δὲ

2066 2005 2207 2064 tens,
2242 1996 2390 2067 quod
2416 2013 2444 2051 a
2474 1995 2771 2053 Samaritis
2805 2006 3083 2068 patratum
3119 1999 3321 2064 fuerat,
3343 2001 3662 2069 imperaturi

2066 2089 2306 2145 detulit:
2341 2089 2436 2160 qui
2465 2104 2635 2161 super
2664 2091 2753 2148 his
2784 2091 3130 2163 indignatus,
3155 2094 3441 2159 Amantio,
3465 2095 3673 2151 Orieno

2067 2180 2141 2235 tis
2192 2180 2408 2245 comiti,
2465 2181 2748 2250 negotium
2801 2180 2975 2245 dedit,
3015 2182 3095 2235 uti
3118 2198 3177 2238 re
3217 2185 3426 2239 certius
3469 2185 3667 2255 explo-

2068 2276 2188 2322 rata
2214 2309 2228 2334 ,
2266 2268 2536 2338 Stephani
2580 2268 2788 2324 caedem
2830 2268 2899 2323 ab
2940 2269 3009 2324 iis
3046 2272 3317 2341 exigeret.
3368 2273 3667 2327 Amantius

2070 2359 2262 2430 itaque
2294 2360 2572 2417 mandatis
2618 2361 3000 2431 imperatoriis
3032 2366 3303 2433 acceptis,
3338 2364 3656 2420 Caesaream

2069 2453 2353 2525 profectus
2408 2464 2529 2519 est;
2577 2462 2634 2507 et
2680 2454 3027 2524 perquisitos
3068 2455 3143 2510 ibi
3193 2456 3363 2511 caedis
3404 2467 3665 2512 auctores

2069 2547 2162 2603 ubi
2195 2551 2526 2615 invenerat,
2573 2547 2674 2602 hos
2722 2548 2776 2601 in
2807 2546 3019 2602 furcam
3053 2547 3186 2619 egit,
3222 2548 3309 2604 his
3341 2549 3551 2619 capita,
3592 2549 3665 2603 il-

2066 2641 2134 2696 lis
2161 2640 2333 2713 m
2370 2640 2600 2697 dextras
2637 2642 2984 2712 amputavit;
3019 2641 3292 2712 quosdam
3341 2644 3510 2697 etiam
3557 2643 3663 2698 bo-

2068 2750 2270 2789 norum
2323 2734 2709 2805 publicatione
2744 2736 3032 2790 multavit.
3074 2735 3254 2790 Metus
3290 2736 3419 2791 inde
3468 2738 3664 2807 ingens

2069 2825 2531 2890 Caasariensibus,
2560 2828 2775 2894 totique
2806 2826 2947 2880 adeo
2981 2825 3191 2882 Orienti
3242 2828 3507 2885 incussus
3551 2839 3662 2891 est.

369 2924 748 2994 ἀπεκεφάλισε
809 2923 906 2979 καὶ
950 2922 1148 2988 ἄλλους
1212 2922 1600 2994 ἐδεξιοκόπησε
1648 2921 1742 2974 καί
1798 2936 1956 2984 τινας
2032 2918 2351 2989 ἐδήμευσεο
2420 2919 2517 2973 καὶ
2564 2917 2789 2987 ἐγένετο
2831 2918 2998 2989 φόϐος
3050 2918 3222 2989 μέγας
3273 2921 3332 2975 ἐν
3376 2922 3443 2991 τῇ
3508 2921 3663 2975 πόλει

370 3019 717 3091 Καισαρείας
750 3019 847 3075 καὶ
873 3021 934 3073 ἐν
956 3021 1070 3084 τοῖς
1104 3019 1471 3083 Ἀνατολικοῖς
1496 3017 1705 3091 μέρεσι.

444 3114 594 3186 Μηνὶ
646 3114 1013 3187 Δεκεμϐρίῳ,
1077 3115 1375 3170 ίνδικτιῶνι
1404 3117 1471 3186 τῇ
1531 3116 1695 3186 αὐτῇ.
1745 3114 1965 3183 ἐγένετο

371 3206 565 3278 θνῆσις
610 3203 919 3280 ἀνθρώπωῦ
944 3210 1003 3263 ὲν
1018 3209 1299 3281 διαφόροις
1327 3210 1539 3264 πόλεσι.

442 3303 593 3373 Μηνὶ
646 3303 809 3374 Μαΐῳ
852 3303 897 3334 ⁸⁷
947 3302 1050 3374 τῆς
1098 3303 1272 3374 αὐτῆς
1339 3303 1679 3365 ίνδικτιῶνος
1749 3302 1968 3373 ἐγένετο

372 3394 570 3459 σπάνις
592 3393 759 3467 ἄρτου
790 3395 849 3448 ἐν
873 3396 1470 3459 Κωνσταντινουπόλει,
1498 3398 1596 3450 καὶ
1633 3395 1772 3467 πρὸς
1809 3395 1907 3465 μὲν
1920 3394 1967 3426 ³⁸

370 3487 553 3565 ὀλίγον
581 3487 963 3560 ἐστενώθησαν
997 3488 1049 3544 οἱ
1079 3489 1358 3561 ἄνθρωποι
1382 3489 1555 3563 [255],
1596 3491 1691 3544 καὶ
1726 3487 1967 3561 ἔκραξαν

370 3578 452 3650 τῷ
470 3579 620 3652 αὑτῷ
653 3581 867 3651 βασιλεῖ
890 3584 950 3636 ἐν
973 3580 1242 3654 γενεθλίῳ
1276 3582 1391 3654 (58)
1427 3582 1867 3654 συνθεωροῦντος
1890 3580 1967 3653 τῷ

371 3670 525 3742 αὐτῷ
555 3670 767 3742 βασιλεῖ
793 3671 1138 3743 πρεσϐευτοῦ
1169 3673 1427 3745 Περσῶν⁸
1453 3674 1548 3728 καὶ
1578 3673 1967 3745 ἀγανακτήσας

371 3763 403 3815 ὁ
428 3760 590 3826 αὐτὸς
618 3763 878 3833 βασιλεὺς
920 3764 1137 3820 κελεύει
1191 3766 1499 3838 Μουσωνίῳ
1520 3766 1568 3799 ’³
1599 3766 1676 3836 τῷ
1716 3766 1829 3821 ὄντι
1862 3769 1966 3819 ἐπ-

371 3854 529 3925 άρχῳ
577 3851 828 3921 πόλεως,’
867 3857 965 3912 καὶ
1016 3857 1432 3931 κατεσχέθησαν
1481 3859 1548 3911 ἐκ
1589 3857 1684 3913 τοῦ
1737 3859 1963 3912 Βενέτου

376 3944 580 4018 μέρους
609 3948 707 4003 καὶ
742 3947 1123 4021 ἐκολάσθησαν
1150 3966 1298 4014 τινες
1326 3949 1435 4004 τῶν
1467 3949 1696 4015 ἐνδόξων
1728 3951 1960 4021 ἀνδρῶν.

371 4040 629 4114 Κατέσχε
666 4043 726 4098 δὲ
764 4045 799 4115 ἠ
830 4043 969 4116 αὐτὴ
1020 4042 1221 4109 σπάνις
1276 4044 1373 4098 τοῦ
1404 4044 1571 4116 ἄρτου
1626 4044 1724 4098 ἐπὶ
1788 4046 1966 4116 μῆνας

370 4134 545 4204 τρεῖς.
573 4133 687 4190 Καὶ
736 4134 859 4206 μετ’
891 4134 1082 4203 ὀλίγας
1124 4134 1344 4207 ἡμέρας
1394 4136 1647 4204 ἐγένοντο
1682 4138 1965 4209 ἀστραπαὶ

336 4214 344 4227 ’
371 4224 469 4279 καὶ
496 4224 723 4297 βρονταὶ
751 4226 989 4299 φοϐεραὶ
1017 4229 1075 4283 ἐν
1100 4226 1384 4300 διαφόροις
1418 4227 1662 4294 πόλεσιν,
1690 4226 1833 4283 ὥστε
1869 4229 1965 4283 καὶ
1990 4282 1995 4287 ,

369 4320 607 4385 πολλοὺς
638 4320 929 4394 βλαϐῆναι.

2147 3105 2336 3161 Mense
2396 3102 2710 3168 Decembri,
2763 3100 3091 3159 indictionis
3147 3102 3424 3173 ejusdem,
3489 3105 3667 3175 pestis

1995 3187 2038 3244 (Ξ
2071 3199 2325 3255 diversas
2357 3196 2578 3269 imperii
2600 3211 2698 3267 per
2732 3196 2900 3252 urbes
2931 3204 3184 3267 grassata
3220 3206 3325 3252 est.

2143 3291 2336 3348 Mense
2366 3289 2531 3356 Maio,
2576 3288 2908 3345 indictionis
2940 3289 3213 3357 ejusdem,
3243 3289 3402 3358 panis
3431 3290 3666 3360 penuria

2071 3385 2348 3441 laboravit
2382 3383 2941 3455 Constantinopolis;
2995 3392 3050 3437 et
3090 3383 3158 3438 ad
3191 3384 3511 3438 dimensum
3546 3400 3667 3440 mo-

2070 3476 2256 3532 dicum
2323 3476 2738 3532 reducebantur
2787 3476 3063 3533 homines.
3134 3475 3420 3532 Natalitiis
3479 3485 3666 3532 autem

2069 3567 2317 3639 agitatis,
2358 3565 2582 3622 interim
2625 3566 2757 3620 dum
2805 3567 3124 3632 circensia,
3157 3580 3267 3619 una
3301 3580 3427 3619 cum
3466 3564 3668 3621 Persa-

2071 3676 2193 3714 rum
2219 3660 2422 3729 legato,
2456 3667 2735 3729 spectaret
2790 3659 3115 3728 imperator,
3165 3673 3293 3713 eum
3333 3658 3402 3712 de
3443 3658 3530 3712 his
3577 3657 3664 3711 in-

2069 3750 2387 3821 terpellavit
2436 3749 2678 3820 populus
2738 3749 2897 3816 Quod
2963 3749 3190 3819 indigne
3246 3751 3435 3805 ferens
3490 3751 3668 3820 impe-

2068 3852 2225 3898 rator
2326 3841 2649 3900 Musonium
2716 3841 2876 3899 urbis
2941 3844 3262 3913 praefectum
3315 3842 3522 3912 jussit,
3586 3844 3665 3898 uti

2052 3944 2484 3992 murmurantes
2512 3946 2931 4007 compesceret;
2972 3936 3068 4007 qui
3105 3936 3390 4005 primariis
3442 3935 3666 3992 Venetas

2068 4028 2330 4085 factionis
2365 4030 2654 4085 nonnullis
2689 4030 3064 4100 comprensis,
3095 4030 3164 4084 ab
3196 4030 3269 4085 iis
3296 4044 3491 4100 pcenas
3532 4046 3667 4085 exe-

2067 4122 2165 4192 git.
2213 4122 2488 4178 Caeterum
2536 4124 2638 4177 ista
2680 4123 2843 4193 panis
2876 4123 3111 4194 penuria
3151 4138 3252 4193 per
3290 4132 3405 4178 tres
3442 4139 3664 4181 menses

2066 4216 2516 4287 ingravescebat.
2539 4214 2741 4271 Paucis
2772 4231 2903 4270 vero
2935 4225 3064 4285 post
3088 4216 3290 4272 diebus
3322 4215 3546 4286 fulgura
3576 4225 3663 4271 to-

2065 4307 2365 4380 nitrnaque
2396 4309 2697 4377 horrenda,
2739 4308 2981 4365 diversis
3012 4310 3067 4363 in
3098 4308 3235 4366 Iocis
3264 4310 3661 4381 contigerunt;

2066 4416 2096 4454 a
2123 4400 2328 4472 quibus
2360 4401 2527 4456 etiam
2560 4401 2720 4455 multi
2753 4400 3124 4456 laedebantur.

440 4495 590 4566 Μηνὶ
618 4496 918 4571 Νοεμϐρίῳ
977 4497 1313 4562 ίνδικτιῶνος
1338 4505 1379 4552 ε’
1410 4500 1585 4572 ἐφάνη
1659 4501 1773 4573 πῦρ
1794 4505 1853 4557 ἐν
1882 4521 1961 4577 τῳ

2136 4493 2324 4549 Mense
2376 4491 2700 4558 Novembri,
2746 4493 3072 4550 indictionis
3112 4510 3168 4559 v,
3214 4494 3363 4567 ignis
3416 4495 3472 4549 in
3517 4495 3663 4550 caelo

368 4588 586 4660 οὐρανῷ
607 4591 683 4653 ὡς
707 4586 849 4655 εἶδος
871 4591 1078 4663 λόγχης
1098 4591 1209 4647 άπὸ
1237 4593 1348 4647 τῶν
1376 4593 1746 4650 ’Δνατολικῶν
1779 4599 1964 4670 μερῶν

2076 4588 2346 4658 apparuit,
2380 4587 2477 4660 qui
2511 4588 2683 4643 hastae
2706 4588 2774 4642 ad
2806 4590 3009 4651 instar,
3047 4588 3117 4644 ab
3150 4588 3373 4645 Oriente
3401 4588 3468 4642 ad
3498 4588 3663 4644 Occi-

368 4681 738 4752 ἐκτεταμένον
763 4683 871 4748 ἐως
898 4685 1155 4755 Δυσμῶν.

440 4773 589 4844 Μηνὶ
623 4774 942 4847 ’Δπριλλίῳ,
1013 4775 1307 4831 ίνδικτιῶνι
1335 4778 1403 4849 τῇ
1430 4777 1595 4849 αὐτῇ,
1636 4780 1830 4849 γέγονε
1854 4798 1968 4837 σει-

369 4865 511 4936 σμὸς
540 4865 778 4939 φοϐερὸς
800 4867 897 4922 καὶ
926 4867 1199 4941 ἀϐλαϐής.
1928 4884 1931 4887 ’

439 4957 591 5029 Μηνὶ
646 4959 973 5032 Δεκεμϐρίῳ
1016 4961 1353 5027 ίνδικτιῶνος
1394 4962 1448 5029 ς’
1492 4964 1719 5034 γέγονεν
1774 4968 1967 5040 ἕτερος

372 5048 599 5119 σεισμὸς
629 5049 688 5104 ἐν
718 5051 1067 5122 μεσονυκτίῳ
1123 5049 1359 5123 φοϐερὸς
1400 5052 1565 5122 πάνυ,
1602 5055 1745 5110 ὥστε
1771 5058 1966 5112 παθεῖν

2065 4681 2286 4737 dentem
2317 4690 2633 4753 porrectus,
2663 4683 3059 4753 elungabatur.

2139 4773 2329 4830 Mense
2359 4775 2558 4847 Aprili,
2593 4775 2920 4832 indictionis
2952 4776 3239 4846 ejusdem,
3272 4783 3437 4833 terra:
3477 4786 3664 4834 motus

2066 4866 2405 4930 horrendus,
2446 4868 2542 4924 sed
2581 4869 2847 4925 innoxius
2875 4871 3114 4927 exstitit.
3557 4870 3568 4881 ⁸

2136 4960 2324 5017 Mense
2369 4958 2688 5029 Decembri,
2740 4953 3072 5019 indic'tionis
3110 4980 3188 5030 vi,
3264 4971 3431 5020 terra:
3478 4972 3666 5019 motus

2065 5056 2231 5120 alter,
2266 5054 2430 5125 plane
2480 5055 2827 5124 tremendus,
2880 5066 3049 5114 nocte
3110 5058 3291 5114 media
3327 5057 3661 5131 ingruebat;

1689 5168 1920 5227 VARIAE
1952 5170 2361 5229 LECTIONES.

445 5255 491 5287 "
521 5256 703 5310 Μαΐου
746 5255 852 5313 Ox.
929 5257 977 5290 ³⁸
1022 5255 1153 5313 Dele
1189 5257 1312 5329 μέν.
1344 5258 1573 5331 Conf.p.
1605 5276 1724 5331 seq.
1760 5278 1813 5317 v.
1847 5263 1903 5322 8.
1981 5265 2027 5297 "
2051 5265 2340 5337 Μουσονίῳ
2367 5263 2470 5321 Ox.

1642 5354 1751 5412 ΕΙ).
1780 5355 2156 5415 CHILMEADI
2187 5358 2423 5414 NOTAE.

446 5442 562 5519 (55)
591 5443 703 5496 Kal
739 5442 1052 5519 amca-nam
1072 5446 1152 5519 _év
1182 5447 1259 5519 'cﬁ
1300 5448 1395 5518 γῇ.
1424 5448 1734 5519 Κατεπάρη
1786 5466 1905 5505 aor.
1932 5452 1969 5506 2

375 5515 613 5588 passiva:
632 5513 788 5588 vocis
810 5522 892 5570 est
916 5530 946 5568 a
971 5513 1141 5588 verbo
1169 5513 1385 5588 πεῖρωξ
1420 5513 1815 5588 ἰάεοίιυειιίιίο
1844 5522 1967 5577 loco

378 5585 531 5660 nullo
582 5585 744 5660 modo
773 5586 1075 5640 convenire
1101 5585 1304 5656 potest.
1327 5586 1512 5660 Forte
1543 5585 1739 5660 itaque
1781 5591 1966 5660 legen-

374 5658 529 5718 dum,
568 5655 890 5726 κατέπειρε,
924 5655 1222 5725 penetravit
1254 5674 1273 5713 :
1324 5659 1428 5715 hoc
1465 5659 1613 5716 enim
1650 5655 1963 5718 auctor'di-

372 5740 501 5779 cere
529 5726 724 5781 voluit.

443 5794 556 5876 ς
598 5796 996 5876 ’Νικομηδείας-
1020 5798 1184 5869 μέρος
1225 5804 1577 5857 καταπεσεῖν.
1612 5800 1841 5876 Συνέϐη,
1870 5813 1958 5860 aut

371 5867 503 5939 quid
538 5868 648 5923 tale
679 5869 879 5925 deesse
907 5867 1151 5925 videtur.

2139 5453 2255 5524 (57)
2301 5453 2442 5516 Τοὺς
2486 5453 2586 5523 μὲν
2612 5452 2932 5524 ἐφούρκισε.
2958 5451 3198 5509 Cedren.
3226 5450 3411 5512 habet,
3440 5449 3662 5518 ἐφόλκι-

2068 5540 2151 5579 σε.
2200 5522 2340 5579 Vide
2373 5522 2497 5592 quae
2531 5526 2599 5580 de
2625 5526 2733 5580 hoc
2753 5522 3042 5580 vocabulo
3074 5539 3269 5594 .supra
3310 5524 3659 5588 notavimus,

2065 5596 2134 5649 ad
2176 5594 2456 5665 pag.427.

2136 5666 2251 5735 (58)
2293 5667 2383 5720 Ἐν
2414 5665 2706 5737 Γενεθλίῳ.
2762 5663 2835 5737 De
2866 5664 3024 5721 urbis
3060 5662 3344 5737 Natalitiis
3384 5662 3656 5737 loquitur,

2063 5752 2184 5805 quae
2207 5732 2505 5805 qirotaunis
2539 5732 2665 5790 Maii
2699 5753 2774 5799 xi,
2806 5736 2917 5806 jam
2946 5737 3075 5789 olim
3107 5750 3138 5789 a
3186 5732 3544 5806 COI_t_stantiui
3579 5734 3652 5791 Pd.

2062 5802 2429 5932 ἷρὲιψοι-ἱιιηε.
2495 5807 2765 5865 celebrari
2801 5802 3000 5880 _'so!ita
3068 5814 3225 5862 sunt.
3282 5802 3418 5862 Vide
3482 5819 3657 5876 supra

2086 5895 2097 5931 I
2146 5919 2156 5930 .
2186 5895 2307 5933 XIII.
