3966 6454
347 340 437 445 σω
1394 384 1758 445 EPISTULA
1806 386 2009 445 RlClI.
2053 359 2434 446 BENTLEII.

3488 370 3591 451 713'

254 568 263 570 7
334 495 502 548 τέκνα
527 492 624 545 τοῦ
665 491 830 545 αὐτοῦ
854 492 1153 561 Κουζτίνη,
1192 494 1539 561 ἐκδικοῦντες
1569 498 1629 551 τὸ
1664 496 1909 568 πατρῷον

2019 495 2263 552 Cutzina:
2301 498 2477 567 ipsius
2509 498 2626 562 lilii,
2663 510 2947 569 paternam
2981 500 3185 556 eadem
3215 499 3408 563 ulturi,
3439 516 3592 554 arma

341 580 495 655 αἷμα.
531 583 663 637 Καὶ·
683 584 1090 649 ἐπαναστάντες
1123 588 1238 650 τοῖς
1268 587 1463 656 μέρεσι
1500 588 1597 657 τῆς
1628 589 1912 659 Ἀφρικῆς,

333 672 645 745 ωρέλαῦόν
686 691 839 737 τινας
866 674 1077 739 τόπους
1118 677 1480 746 φονεύσαντες
1526 679 1620 732 καὶ
1667 679 1917 749 πραιδεύ-

2020 600 2374 660 sumpserunt
2413 590 2768 662 :Al‘ricacquc
2830 595 3084 662 regiones
3137 591 3405 664 quasdam
3431 590 3593 646 inv:t~

2020 681 2231 748 dentes,
2278 684 2395 738 loca
2422 686 2687 740 nonnulla
2723 695 3085 757 occuparunt,
3122 686 3324 741 incolis
3368 684 3597 741 interfe-

345 782 549 829 σαντες.
585 767 646 824 Ὀ
682 765 751 819 -δὲ
798 767 960 830 αὐτὸς
1002 766 1257 838 βασιλεὺς
1283 769 1658 834 Ἰουστινιανὸς
1700 768 1909 840 ἔπεμψε

2021 774 2127 829 etis
2157 776 2546 847 expilatisque.
2580 776 3089 849 Imperatoritaque
3123 777 3470 836 Justinianus
3504 798 3599 836 ne-

336 859 654 930 Μαρκιανὸν
672 859 767 912 τὸν
802 857 936 912 ἴδιον
959 858 1126 913 αὑτοῦ
1160 859 1383 929 ἀνεψιὸν
1406 860 1557 914 “⁴”⁶⁹“.

2019 872 2202 931 potem
2234 879 2396 921 suum
2429 865 2764 921 Marcianum
2797 869 3232 939 expcdivit“““.

1731 1132 2228 1195 APPENDIX.

346 1254 460 1328 Non
520 1252 930 1328 incommodum
963 1251 1066 1306 erit
1122 1250 1433 1328 subjungere
1489 1250 1582 1328 7hic
1656 1249 1923 1322 Synopsin
1963 1251 2433 1328 Curoitograpliice
2476 1252 2796 1328 Malaiiame
2833 1255 2906 1328 de
2933 1254 3056 1308 Vita
3118 1268 3170 1310 et
3247 1257 3396 1313 rebus
3436 1261 3593 1328 gestis

405 1324 731 1399 Justim'qni,
783 1332 844 1378 ut
873 1322 1152 1391 dignoscat
1196 1320 1392 1376 Lector
1429 1323 1497 1375 ad
1548 1320 1713 1399 quem
1762 1338 1961 1376 annum
2012 1320 2186 1378 illius
2220 1320 2433 1394 imperii
2461 1341 2578 1396 qua:
2616 1326 2671 1378 in
2710 1327 2934 1395 singulis
2972 1329 3187 1396 paginis
3252 1320 3595 1383 conscribun-

406 1404 495 1449 tur
520 1395 843 1463 pertineant.

406 1487 513 1542 An.
556 1485 582 1537 1
661 1553 672 1554 7
739 1553 774 1554 77
911 1553 914 1554 7
1180 1550 1201 1554 Α
1305 1481 1434 1554 Pag.
1464 1483 1558 1539 ed.
1600 1482 1701 1539 0x.
1744 1483 1844 1554 151

408 1584 475 1597 ——
546 1555 584 1607 2
657 1553 861 1609 lndict.
894 1553 1136 1609 6meus.
1168 1550 1290 1609 Oct.
1385 1550 1409 1554 ⁷
1745 1553 1849 1607 152

407 1654 477 1668 ....
546 1655 620 1668 ..-
690 1654 761 1666 -
830 1652 905 1664 -
972 1622 1100 1678 Jan.
1745 1623 1849 1677 155

651 1693 981 1749 lndictionis
1017 1695 1122 1748 sub
1152 1693 1303 1750 exitu
1748 1693 1849 1745 174

409 1794 479 1806 —-
694 1764 889 1819 lndict.
930 1764 960 1817 7
999 1779 1175 1819 mens.
1209 1763 1340 1821 Jun.
1744 1762 1849 1816 180

410 1866 479 1878 ...
550 1836 586 1891 5
764 1862 837 1873 —-
943 1864 1013 1876 —-
1120 1833 1231 1889 Jul.
1743 1832 1849 1886 182

415 1936 481 1947 -
554 1885 580 1977 '7
656 1904 861 1977 _Decio
889 1904 1012 1977 Cos.
1307 1975 1329 1977 _
1745 1885 1850 1977 ist}
1948 1885 1992 1940 Β

413 2007 482 2020 --
550 1976 586 2029 4
656 1975 961 2043 Lampadio
986 1973 1047 2029 et
1072 1975 1266 2031 Oreste
1292 1975 1454 2032 Cosa.
1742 1973 1847 2043 188

427 2076 486 2086 οη-
536 2075 581 2086 —-
652 2045 806 2100 Mens
846 2043 999 2114 Sept.
1743 2042 1846 2114 199

423 2148 488 2157 ..-
540 2146 584 2156 -
666 2146 736 2157 --
809 2112 940 2183 Αιπὶ
1741 2112 1847 2168 199

425 2217 495 2228 —-
564 2187 598 2240 5
668 2184 872 2239 Mensis
898 2183 1049 2251 Sept.
1737 2184 1839 2237 211

426 2287 495 2300 -
561 2255 596 2308 6
665 2255 891 2309 lndictio
922 2253 1220 2310 Nmensis
1252 2252 1378 2309 Jan.
1736 2254 1846 2308 215

430 2321 593 2379 --“’7
661 2324 866 2379 .lustin.
913 2323 1103 2379 5Cos.
1192 2336 1200 2341 ‘
1733 2323 1842 2378 220

426 2424 494 2437 -
559 2398 588 2450 8
658 2393 857 2448 lndict.
901 2392 990 2447 12.
1700 2393 1835 2449 ibid.

419 2494 488 2506 —
526 2494 595 2506 --
665 2464 798 2518 Post
827 2463 1058 2517 Consul.
1093 2462 1346 2518 Belisarii
1730 2463 1832 2516 221

415 2563 487 2575 -
524 2567 593 2576 -
663 2532 752 2590 Jo.
785 2534 1108 2603 Cappadoce
1147 2533 1277 2603 (ξοδ.
1700 2533 1836 2587 ibid.

412 2632 482 2645 -—
519 2607 584 2660 i4
657 2600 924 2659 Indict.'5
949 2618 1124 2659 mens.
1155 2600 1287 2658 Jun.
1734 2603 1843 2656 222

414 2705 584 2717 --
706 2705 777 2717 ..-
907 2702 978 2715 -
1150 2675 1292 2744 Aug.
1702 2672 1840 2744 una.

411 2772 481 2785 —
515 2747 580 2800 16
654 2744 774 2800 Ind.
817 2745 873 2800 5.
1247 2741 1267 2744 ⁷
1736 2741 1845 2796 225

415 2845 481 2856 —
515 2819 583 2871 18
658 2816 776 2870 Ind.
821 2815 852 2869 7
890 2829 1064 2871 mens.
1103 2812 1255 2883 Sept.
1734 2811 1845 2867 225

412 2914 480 2927 _
513 2918 584 2930 .._
727 2915 798 2926 ..-
935 2915 1009 2927 ——
1114 2883 1252 2938 Nov.
1701 2883 1815 2937 ibid
1828 2922 1842 2937 .

412 2984 484 2999 —
518 2956 586 3012 21
661 2954 784 3011 Ind.
823 2954 890 3010 1ο
922 2971 1097 3010 mens.
1131 2953 1262 3010 Feb.
1734 2952 1842 3006 226

2086 1511 2158 1521 --
2195 1511 2264 1521 -—
2407 1508 2477 1521 --
2550 1495 2727 1535 mens.
2762 1478 2892 1534 Jun.
3418 1485 3525 1539 227

2086 1579 2261 1592 ---
2400 1579 2473 1590 --
2578 1581 2646 1591 --
2746 1549 2859 1604 Jul.
3414 1557 3525 1611 228

2087 1653 2158 1662 ——
2189 1619 2262 1674 24
2334 1619 2456 1674 ind.
2499 1620 2764 1675 lﬁinens.
2802 1624 2938 1689 Apr.
3381 1625 3520 1680 ibid.

2086 1722 2155 1732 —-
2189 1720 2261 1731 -—
2387 1720 2458 1730 —
2596 1719 2669 1731 —
2811 1689 2940 1745 Jun.
3378 1695 3522 1751 ibid.

2086 1792 2157 1804 ——
2185 1761 2258 1815 25
2329 1758 2447 1813 Ind.
2491 1761 2553 1814 14
3413 1766 3526 1820 229

2088 1861 2159 1873 -—
2190 1832 2263 1885 26
2334 1831 2450 1885 Ind.
2492 1830 2559 1884 l5
2596 1846 2770 1885 mens.
2812 1832 2963 1902 Sept.
3416 1834 3526 1891 250

2088 1933 2158 1945 ...
2190 1930 2261 1941 ..η
2430 1931 2503 1941 -
2643 1930 2714 1941 --
2822 1906 2962 1962 Aug.
3383 1908 3527 1962 ibid.

2086 2001 2155 2015 -
2187 1970 2256 2023 9.7
2332 1970 2445 2024 Ind.
2487 1971 2510 2023 1
2555 1988 2732 2026 mens.
2770 1945 2962 2031 Μξιῖἱῖν
3385 1945 3522 2031 ἓὶἶὲῖὶξ

2085 2074 2153 2084 --
2189 2040 2261 2113 28
2327 2041 2449 2113 ind.
2488 2040 2525 2094 2
2562 2057 2739 2095 mens.
2768 2043 2914 2113 1Aug.
3417 2047 3517 2100 251

2052 2131 2154 2154 ·--
2187 2112 2256 2165 50
2327 2110 2444 2164 1nd.
2480 2112 2516 2165 4
2551 2128 2723 2166 uicus.
2760 2110 2885 2166 Julf
3416 2117 3525 2179 252

2081 2214 2150 2222 ...
2187 2211 2259 2221 ....
2412 2210 2483 2220 --
2586 2210 2658 2221 -
2770 2183 2895 2236 Dec.
3415 2188 3526 2243 255

2081 2284 2151 2293 —
2184 2251 2248 2305 51
2328 2248 2451 2304 lnd.
2492 2251 2526 2307 5
2566 2266 2720 2306 mens
2753 2251 2889 2305 Nov.
3386 2259 3523 2313 ibid.

2081 2352 2152 2363 —-
2184 2350 2256 2359 —
2390 2351 2473 2364 —-
2523 2389 2529 2390 7
2602 2350 2674 2360 —-
2818 2324 2948 2390 Apr.
3389 2329 3522 2383 ibid.

2083 2422 2156 2432 —
2184 2390 2255 2445 52
2351 2391 2471 2446 Ind.
2508 2389 2542 2444 6
2570 2406 2742 2445 mens.
2785 2389 2914 2447 Dee.
3384 2399 3522 2452 ibid.

2086 2493 2157 2504 —
2190 2490 2263 2500 —
2398 2489 2474 2501 —
2613 2492 2679 2501 —
2786 2460 2919 2516 Feb.
3418 2470 3525 2523 254

2086 2563 2157 2572 -—
2191 2531 2263 2584 55
2336 2530 2455 2585 iud.
2501 2529 2532 2583 7
2570 2546 2745 2587 mens.
2780 2531 2939 2589 Mart.
3418 2539 3524 2593 “.135

2086 2631 2158 2642 -—
2192 2629 2267 2639 —
2404 2632 2476 2642 —
2616 2632 2687 2643 —
2791 2602 2920 2659 Mai.
3415 2609 3524 2661 9.56

2087 2704 2158 2714 _
2193 2701 2266 2713 ..-
2401 2699 2476 2710 ——
2614 2702 2686 2713 —
2789 2672 2925 2734 Jun.
3417 2679 3524 2733 258

2087 2773 2160 2784 --
2190 2741 2260 2815 56
2330 2740 2456 2815 ind.
2488 2741 2557 2815 11)
2586 2757 2760 2797 mens.
2795 2746 2939 2815 Aug.
3388 2750 3522 2803 ibid.

2088 2842 2160 2852 —
2189 2812 2256 2867 57
2329 2809 2446 2864 Iud.
2486 2812 2547 2865 11
2584 2827 2761 2868 mens.
2796 2809 2915 2867 Oef.
3387 2819 3521 2872 ibid.

2092 2911 2160 2923 —-
2192 2911 2266 2922 —-
2403 2910 2476 2921 —
2614 2912 2686 2923 —
2789 2881 2930 2938 Nov.
3415 2888 3525 2942 259

2091 2981 2162 2993 -—
2193 2980 2266 2994 —-
2406 2978 2477 2991 --
2614 2981 2686 2993 --
2789 2951 2918 3009 Jan.
3392 2984 3397 2989 ~
3416 2958 3526 3013 245

3442 3132 3575 3143 _,._..

362 3122 3573 3163 Μ

824 3270 1511 3393 RICHABDI
1602 3273 2260 3387 BENTLEII
2375 3276 3115 3392 EPISTOLA.

579 3609 664 3687 [1]
704 3606 823 3671 CL.
870 3596 1072 3671 VIRO
1110 3606 1424 3670 JOANNI
1464 3606 1768 3669 ΜηΜο
1815 3607 1885 3669 S.
1950 3608 2021 3668 T.
2083 3609 2158 3669 Ρ.
2218 3608 2707 3671 RICHARDUS
2760 3608 3253 3672 BENTLEIUS
3282 3611 3350 3672 S.

398 3737 629 3794 Memini
681 3735 954 3806 equidem,
1007 3732 1139 3787 Milli
1187 3732 1526 3798 doctissime,
1556 3746 1679 3787 cum
1713 3731 1913 3786 abhinc
1938 3747 1982 3805 α
2016 3731 2145 3801 quid
2177 3730 2413 3787 faciam?
2442 3733 2568 3787 data
2610 3740 2694 3788 est
2726 3732 2858 3788 ﬁdes
2893 3750 2905 3786 :
2948 3734 3222 3802 promissa
3251 3733 3592 3806 ﬂagitantur.

320 3833 444 3889 dies
500 3830 912 3903 complusculos
958 3826 1431 3882 deambularemus
1478 3839 1585 3881 una
1613 3865 1627 3888 ,
1663 3832 1912 3880 strenue-
2017 3819 2206 3885 Video,
2237 3822 2381 3893 quod
2419 3822 2787 3892 mihiegomet
2817 3823 3028 3888 intrivi,
3062 3825 3408 3878 exedendum
3444 3842 3592 3882 esse.

322 3943 432 3997 que
468 3927 539 3981 de
586 3922 847 3979 litterulis
905 3921 1109 3977 nostris
1180 3934 1463 3975 sermones
1517 3919 1849 3974 crederemus
1891 3935 1909 3984 ;

320 4016 398 4070 ibi
432 4015 581 4070 forte
605 4014 825 4067 fortuna
861 4011 928 4066 de
947 4009 1159 4065 Joanne
1190 4007 1552 4064 Antiochensi
1575 4011 1908 4065 mentionem

320 4107 498 4161 fuisse
542 4104 853 4175 iniectam:
891 4117 1127 4172 cumque
1163 4116 1251 4156 me
1290 4092 1628 4155 desiderium
1666 4102 1910 4172 cepisset

316 4196 524 4252 librum
560 4194 744 4250 adhuc
774 4202 1049 4250 musteum
1079 4192 1319 4257 videndi,
1352 4193 1674 4262 priusquam
1723 4194 1777 4246 in
1827 4193 1910 4247 lu-

309 4307 439 4348 cem
474 4292 783 4363 publicam,
834 4298 890 4346 te
919 4298 1174 4353 curante,
1203 4291 1416 4355 exiret;
1460 4302 1525 4341 ea
1556 4302 1641 4342 me
1690 4287 1808 4357 lege
1850 4286 1908 4341 id

311 4382 417 4439 abs
464 4391 521 4439 te
578 4381 1087 4452 impctravisse,ut
1129 4378 1176 4434 si
1207 4392 1314 4447 qua
1354 4377 1406 4431 in
1458 4387 1566 4430 tam
1610 4375 1908 4445 depravato

311 4478 602 4546 scriptore
633 4472 1073 4528 emendationem
1098 4479 1349 4525 nostram
1381 4469 1631 4538 accipere
1658 4478 1905 4538 possent,

308 4566 472 4620 eain
502 4563 806 4619 schedttlas
851 4561 1105 4631 conjecta
1136 4559 1205 4612 ad
1253 4566 1307 4613 te
1357 4559 1654 4613 mitterem.
1705 4556 1905 4611 Duram

310 4656 573 4726 profecto
626 4654 1025 4717 conditionem,
1067 4666 1346 4722 quamque
1398 4649 1543 4705 adeo
1599 4650 1790 4705 multis
1840 4650 1907 4704 dc

306 4751 504 4804 causis
530 4747 735 4800 nollem
766 4753 1072 4815 acceptam.
1107 4741 1243 4796 Nam
1274 4749 1334 4795 ut
1363 4742 1635 4807 omittam,
1660 4741 1808 4811 quod
1839 4757 1906 4796 ex

307 4841 408 4895 illo
445 4839 569 4896 fere
603 4848 847 4907 tempore
888 4852 917 4888 a
960 4836 1172 4889 meliori
1224 4834 1490 4888 librorum
1527 4840 1581 4888 et
1618 4834 1905 4887 chartula-

305 4947 434 4985 rum
472 4944 728 4985 mearum
776 4937 953 4998 parte,
983 4934 1036 4981 et
1078 4927 1242 4994 (quod
1278 4925 1533 4979 acerbius
1580 4925 1714 4977 mihi
1767 4924 1906 4978 acci-

302 5025 414 5094 dit)
462 5040 496 5078 a
532 5022 941 5094 iucundissima
996 5029 1089 5075 tua
1139 5019 1541 5074 consuetudine
1575 5018 1736 5087 longe
1785 5019 1902 5075 dis.

2011 3911 2195 3967 Liceat
2234 3913 2414 3977 modo,
2456 3915 2502 3969 si
2528 3915 2746 3983 quando
2776 3915 2831 3967 in
2873 3914 2973 3968 hac
3012 3914 3394 3989 ἀναγκοφαγξᾳ
3437 3916 3592 3977 fasti-

2010 4004 2159 4058 dium
2197 4005 2325 4059 mihi
2362 4006 2698 4073 suborietur,
2736 4007 2956 4061 aliunde
3003 4017 3190 4076 petere
3233 4011 3378 4079 quod
3414 4009 3587 4065 liuen-

2006 4103 2115 4150 tem
2152 4112 2414 4152 nauseam
2441 4105 2713 4153 coerceat.
2762 4099 2993 4153 Dabitur
3033 4101 3218 4170 itaque
3259 4111 3505 4172 potestas
3533 4114 3588 4159 et

2013 4189 2170 4243 venia
2219 4190 2484 4259 evagandi
2536 4190 2833 4245 identidem
2868 4191 3251 4269 longiuscule;
3290 4193 3590 4250 dummodo

2010 4298 2078 4337 ne
2107 4282 2274 4352 plane
2306 4281 2411 4345 ἔξω
2431 4281 2541 4336 τῶν
2572 4281 2790 4347 ἐλαιῶν,
2824 4299 3000 4355 neque
3031 4287 3241 4341 levibus
3279 4287 3347 4342 de
3381 4289 3588 4346 causis.

2009 4374 2125 4428 lloc
2153 4387 2333 4429 autem
2362 4374 2508 4445 scias
2553 4375 2719 4430 velim
2754 4376 2810 4430 in
2853 4377 3046 4445 primis
3068 4417 3085 4444 ,
3139 4393 3247 4433 non
3284 4380 3420 4434 mihi
3451 4396 3589 4437 con-

2010 4467 2193 4521 silium
2220 4482 2345 4523 esse
2372 4466 2439 4522 de
2460 4465 2676 4522 Joanne
2704 4467 2811 4522 isto
2835 4470 2927 4538 qui
2954 4470 3177 4547 cuja_svc
3199 4470 3389 4539 fuerit,
3412 4488 3593 4544 quan-

2007 4557 2079 4613 do
2112 4559 2330 4626 vixerit,
2365 4568 2460 4614 aut
2489 4573 2518 4613 a
2550 4559 2752 4630 quibus
2785 4560 3041 4617 laudatus
3079 4563 3175 4631 sit,
3202 4565 3435 4620 omnino
3470 4582 3592 4623 ver-

2010 4650 2136 4703 bum
2202 4648 2380 4705 facere
2429 4666 2444 4704 :
2500 4665 2624 4704 cum
2682 4651 2774 4706 diu
2831 4653 2903 4706 sit
2958 4653 3104 4723 quod
3152 4670 3369 4710 omnem
3426 4657 3588 4713 istam

2007 4740 2440 4795 controversiam
2481 4741 2726 4812 suscepit
2764 4743 3138 4800 amicissimus
3191 4754 3378 4802 noster
3424 4756 3592 4819 atque

2005 4833 2415 4889 eruditissimus
2434 4831 2662 4889 Hodius.
2684 4833 2897 4906 Quippe
2924 4836 3073 4892 aliud
3091 4846 3196 4901 est,
3231 4840 3477 4910 inquam,
3507 4839 3591 4917 [2]

2008 4926 2325 4996 scriptionis
2375 4927 2539 4996 hujus
2596 4927 2908 4983 institutum
2951 4946 2965 4983 :
3015 4945 3136 4999 qua:
3194 4947 3389 4988 vereor
3437 4936 3592 5004 equi-

2007 5016 2129 5070 dem
2193 5027 2250 5070 ut
2304 5017 2439 5071 satis
2493 5032 2559 5072 ex
2620 5028 2750 5073 voto
2797 5025 2852 5074 et
2915 5018 3148 5075 feliciter
3209 5023 3341 5077 mihi
3392 5035 3586 5081 vertat.

299 5117 550 5185 junctus
584 5115 724 5181 sim;
759 5115 1016 5184 quodque
1062 5111 1232 5166 semel
1261 5111 1532 5165 duntaxat
1561 5110 1708 5164 hunc
1739 5110 1908 5165 Mala-
1939 5098 1982 5154 D
2012 5107 2088 5160 Ita
2123 5123 2255 5162 sane
2299 5108 2556 5179 praesagit
2604 5110 2845 5172 animus,
2895 5111 2969 5166 ita
3002 5113 3056 5166 in
3098 5114 3222 5183 ipso
3246 5114 3431 5170 limine
3453 5130 3592 5172 con-

304 5209 416 5261 lam
447 5221 761 5277 properans
794 5204 1186 5275 percurrerim,
1217 5217 1317 5257 nec
1352 5209 1410 5255 ut
1440 5203 1739 5260 secundas.
1765 5216 1905 5271 quas

298 5300 688 5369 sapientiores
712 5314 836 5352 esse
862 5298 1039 5355 aiunt.
1071 5310 1236 5349 curas
1267 5304 1323 5349 et
1349 5294 1718 5364 cogitationes
1746 5292 1905 5346 adhi-

300 5391 526 5457 berem,
564 5390 676 5443 ullo
723 5390 904 5443 adhuc
935 5395 1095 5458 pacto
1144 5386 1414 5457 potuerim
1444 5388 1688 5439 animum
1726 5385 1903 5439 indu—

300 5497 434 5536 cere
494 5503 508 5535 :
581 5490 638 5535 ut
690 5483 802 5548 illa,
836 5483 1087 5550 inquam.
1143 5489 1312 5551 atque
1358 5482 1465 5534 alia
1537 5488 1898 5549 prieteream;

298 5574 481 5643 pudet
516 5573 728 5636 hercle,
770 5581 829 5626 ut
855 5589 1042 5627 verum
1072 5572 1267 5637 fatear,
1299 5573 1551 5643 pigetque
1597 5572 1771 5625 bonas
1801 5571 1900 5624 ho-

297 5678 421 5727 ras,
460 5681 591 5736 qua:
616 5666 758 5721 haud
791 5668 953 5736 paulo
996 5667 1192 5722 melius
1232 5665 1498 5720 collocari
1548 5672 1798 5734 possent,
1843 5662 1897 5716 in

295 5760 418 5811 tam
492 5757 715 5828 ingrato
768 5769 820 5813 et
879 5758 1104 5827 ignobili
1157 5759 1342 5813 labore
1395 5772 1739 5813 consumere.
1793 5754 1897 5810 Sed

2010 5198 2207 5267 spicio,
2268 5200 2415 5269 quod
2464 5199 2635 5254 etiam
2676 5199 2982 5256 fortissimo
3026 5211 3293 5259 terrorem
3332 5207 3586 5263 incutiat.

2012 5287 2296 5359 Siquidem
2356 5298 2506 5344 recte
2557 5301 2748 5346 narrat
2796 5292 3022 5350 Malalas
3068 5297 3318 5367 pag.790,
3345 5299 3591 5355 edixisse

2008 5382 2273 5435 nimirum
2330 5393 2497 5452 atque
2553 5383 2972 5439 interminatam
3026 5403 3151 5443 esse
3211 5388 3451 5459 Orphea.
3516 5410 3589 5449 ne

2007 5477 2301 5545 quisquam
2335 5478 2654 5531 mortalium
2696 5481 2875 5549 palam
2927 5480 3119 5538 fecerit
3146 5484 3213 5537 τὰ
3261 5485 3585 5556 Ἐρικεπεὼ.

2008 5564 2106 5636 Oi},
2132 5572 2233 5634 ait,
2260 5570 2430 5641 ὄνομα
2463 5575 2491 5626 ὁ
2517 5573 2678 5637 αὐτὸς
2717 5575 2953 5645 Ὀρφεὺς
2982 5576 3219 5641 ἀκούσας
3243 5579 3305 5631 ὲκ
3331 5582 3429 5649 τῆς
3450 5596 3588 5649 μαν-

2007 5664 2162 5727 τείας
2208 5664 2422 5732 ἐξεῖπε,
2479 5667 2698 5739 Μήτινα
2749 5668 2919 5737 φάναι
2956 5669 3025 5720 τὰ
3066 5668 3399 5737 Ἐρικεπεὼ,
3448 5670 3587 5745 ὅπερ

2007 5755 2368 5826 ἑρμηνεύεται
2395 5760 2461 5829 τῇ
2494 5761 2644 5829 κοινῇ
2669 5758 2908 5832 γλώσσῃ,
2933 5760 3158 5825 Bauli),
3191 5760 3341 5829 Φῶς,
3366 5761 3589 5817 Ζωςδο-
