3966 6440
289 464 401 517 725

301 464 401 525 ἶ25
1414 414 1783 526 EPIS’POLA
1826 470 1875 528 Ii

1979 472 2036 533 EI.
2074 473 2454 533 BENTLEll

3481 475 3587 538 79.5

366 577 507 630 Sine
565 572 735 628 dubio
786 571 912 627 loco
985 571 1249 626 ’Δοτάνου
1325 575 1736 629 emendandum
1800 583 1876 631 est

1992 577 2252 649 ἀληθείας
2287 576 2446 635 εἶναι.
2482 575 2572 646 Εἷς
2608 583 2754 635 ἐστιν
2778 581 2805 633 ὁ
2832 582 2962 647 Θεὶς
2987 583 3044 646 ὃς
3070 583 3161 635 τδν
3190 582 3445 655 οὐρανόν,
3478 598 3582 644 etc.

298 667 591 719 Ὀστᾶ-λου.
626 667 863 720 Ostanes
911 683 1103 736 magus
1140 676 1193 720 ct
1233 667 1562 723 Zoroastres
1599 671 1768 721 etiam
1805 669 1891 722 in-

286 759 476 812 doctis
542 758 938 828 cognitissimi.
1008 759 1303 816 Theodoro
1355 761 1701 816 Meliteniotce
1746 761 1894 816 Prae-

290 852 506 905 fatione
573 851 626 904 in
695 854 1104 907 Astronomiam
1179 870 1286 907 non
1358 854 1591 908 Ostanes
1655 857 1889 919 dicitur,

286 942 382 995 sed
456 940 686 1010 Ὀτάνης
744 940 881 1013 [ll].
933 942 1065 1008 Quae
1126 943 1361 999 fortasse
1423 961 1553 999 vera
1609 947 1887 1015 seriptura

286 1045 423 1088 est:
487 1050 614 1087 nam
672 1044 727 1089 et
762 1035 904 1105 apud
980 1034 1315 1090 Herodotum
1392 1054 1502 1092 non
1581 1054 1727 1094 unus
1803 1047 1890 1094 est

287 1125 498 1179 Otanes
550 1125 764 1181 Persa:
804 1138 862 1182 et
927 1144 1056 1182 vero
1109 1144 1305 1199 magus
1366 1130 1458 1184 ille
1506 1130 1730 1186 natione
1788 1129 1892 1183 fuit

286 1217 609 1270 Chaldaeus.
665 1215 949 1272 Theodori
995 1219 1179 1272 locum
1226 1221 1565 1286 describam,
1620 1220 1768 1290 quod
1809 1219 1887 1274 ibi

290 1309 661 1379 plurimorum
717 1325 1004 1379 magorum
1046 1313 1272 1366 nomina
1312 1313 1526 1376 videas,
1560 1328 1702 1384 quos
1755 1313 1889 1369 alibi

294 1400 509 1454 frustra
573 1401 886 1471 qutesieris.
965 1402 1055 1456 Ἑν
1100 1399 1182 1468 οἶς
1234 1404 1568 1478 (Χαλδαίοις)
1625 1405 1777 1460 ἄλλοι
1828 1423 1889 1458 τε

291 1493 540 1545 πλεῖστοι
593 1493 886 1562 γεγόνασιν
938 1495 1209 1563 ἀξιόλογοι
1254 1497 1446 1567 ἄνδρες
1507 1498 1603 1552 καὶ
1653 1499 1890 1570 μάλιστα

293 1583 656 1654 Ζωροάστρης
694 1589 788 1638 καὶ
834 1584 953 1655 μετ’
1008 1588 1217 1639 ἐκεῖνον
1261 1586 1511 1655 Ὀτάνης,
1543 1590 1572 1642 ὅ
1601 1606 1662 1641 τε
1714 1588 1886 1661 li.th-

291 1675 408 1741 νᾶς,
458 1677 552 1728 καὶ
601 1676 1014 1748 Ναϐουριανδς,
1066 1678 1160 1730 καὶ
1185 1680 1281 1732 σὺν
1332 1680 1517 1742 αὐτοῖς
1556 1683 1583 1733 ὁ
1620 1680 1885 1747 Σουδίνος,

293 1767 430 1819 ἀλλὰ
485 1772 576 1819 καὶ
632 1766 901 1830 Σέλευκος
968 1770 1077 1823 ἀπὸ
1122 1770 1447 1835 Σελευκείας
1476 1771 1743 1836 Χαλδαῖος
1792 1772 1889 1826 καὶ

295 1854 448 1921 οὗτός
488 1861 656 1913 ἐστιν.
688 1932 695 1935 Α

298 1970 413 2026 XV.
452 1974 668 2040 ϐοῦλις
687 1976 1075 2043 όΑἱγυπτίων
1109 1976 1413 2042 βασιλεὺς
1450 1977 1732 2044 ἐπαρθεὶς
1761 1977 1883 2042 τοῖς

371 2046 858 2117 καρτορθὼμίισιν
908 2046 1215 2114 ἠρώτησεν
1238 2050 1326 2113 εις
1358 2047 1426 2101 τὸ
1450 2047 1737 2117 μαντεῖον
1776 2048 1883 2101 τοῦ

369 2114 687 2180 Εὐριπίδου
716 2116 848 2183 περὶ
885 2117 1072 2170 αὐτοῦ
1103 2118 1312 2184 οὕτως’

357 2225 596 2293 Φράσον
614 2246 712 2296 μοι
744 2229 1130 2298 πυρισθενές,
1165 2240 1273 2286 etc.
1308 2241 1367 2287 ut
1391 2231 1615 2287 Malalas
1648 2249 1704 2304 p.
1736 2233 1828 2288 26.

314 2315 588 2370 Hominem
633 2333 762 2373 sane
816 2318 1220 2391 festivutn,,qui
1270 2319 1589 2392 Euripidem
1634 2339 1885 2394 χρησμο-

313 2409 560 2476 λογοῦντα
587 2411 745 2467 nobis
791 2414 1067 2468 exhibuit.
1095 2413 1303 2480 Quidni
1356 2416 1588 2471 autem?
1628 2416 1880 2487 inquies.

306 2498 460 2567 cujus
494 2515 558 2553 ex
594 2502 838 2573 μαντείῳ
868 2503 975 2557 hoc
1005 2504 1216 2557 editum
1252 2511 1358 2569 est,

439 2590 663 2656 Μάντις
695 2591 749 2644 δ’
794 2593 1043 2660 ἄριστος
1068 2594 1239 2660 ὅστις
1267 2592 1484 2655 εἰκάζει
1514 2592 1739 2664 καλῶς,

301 2681 581 2733 oraculum
613 2682 860 2751 quidem,
892 2698 1005 2752 quo
1036 2682 1175 2737 nihil
1209 2685 1395 2740 verius
1428 2699 1492 2739 ac
1522 2685 1880 2755 sapientius;

302 2771 455 2837 quale
484 2788 765 2843 nunquam
798 2785 893 2828 aut
930 2774 1090 2831 Bacis
1135 2758 1302 2842 fudit,
1335 2786 1433 2830 aut
1472 2776 1726 2832 comicus
1777 2775 1881 2832 iste

299 2863 500 2925 (ilanis,
535 2877 629 2920 aut

299 2952 485 3024 Pythia
519 2971 635 3025 quae
674 2955 884 3024 tripode
919 2973 985 3013 ea:
1020 2956 1207 3014 Phoebi
1239 2960 1496 3030 lauroque
1528 2958 1748 3029 profata
1776 2965 1877 3012 est.

304 3046 404 3100 Sed
430 3058 579 3102 extra
616 3049 806 3118 joeum
846 3069 859 3104 :
900 3050 1022 3107 sine
1063 3053 1449 3106 controversia
1484 3050 1875 3121 corrigendum

302 3151 382 3195 est
418 3140 505 3194 τοῦ
539 3142 881 3213 Σαράπιδος·
916 3144 1004 3198 cui
1036 3143 1245 3200 Canobi
1274 3144 1477 3214 templa
1508 3143 1692 3198 dicata
1714 3130 1875 3210 sunt;

302 3236 452 3287 etiam
487 3236 839 3291 Alexandria:
865 3244 920 3290 et
947 3236 1206 3307 Memphi.
1241 3236 1445 3292 Narrat
1486 3235 1685 3291 Strabo
1718 3237 1875 3292 miris

296 3326 558 3394 quosdam
580 3328 833 3384 laudibus
854 3328 1054 3386 ell'erre
1076 3333 1175 3395 τὰς
1205 3332 1409 3402 ἀρετὰς
1426 3330 1536 3385 τῶν
1562 3329 1659 3384 τοῦ
1702 3330 1877 3402 Σαρά-

294 3417 437 3481 πιδος
456 3421 517 3471 ὲν
549 3419 795 3492 Κανώϐῳ
816 3422 1036 3490 λογίων.
1063 3422 1192 3477 Haec
1209 3424 1572 3493 scripseram,
1597 3437 1723 3477 cum
1748 3438 1877 3479 sero

292 3509 655 3566 animadverti
701 3514 843 3582 apud
882 3514 1114 3568 Suidam
1148 3516 1204 3569 in
1234 3513 1389 3570 ’voce
1436 3515 1632 3579 Θοῦλις
1670 3515 1740 3570 ita
1773 3516 1876 3586 legi

290 3601 588 3668 αὖτολεξεί,
629 3607 706 3658 uti
736 3606 890 3674 prius
915 3621 982 3660 ex
1013 3606 1343 3676 conjectura
1379 3608 1826 3661 cmendavcram.

357 3692 711 3749 Dubitantetn
746 3713 831 3752 tne
867 3707 923 3751 et
968 3713 1079 3771 quo
1109 3699 1361 3768 proxime
1392 3714 1478 3752 me
1519 3706 1727 3752 vertam
1767 3699 1877 3751 cir—

287 3799 762 3855 cumspeetantem
806 3789 872 3842 ad
916 3806 976 3844 se
1024 3798 1189 3844 vocat
1239 3788 1581 3860 Sophocles,
1633 3782 1901 3858 indignis.

286 3892 415 3930 sane
444 3878 623 3930 molis
646 3894 674 3931 a
695 3876 909 3934 Joanne
946 3890 1227 3951 acceptus,
1262 3895 1316 3950 p.
1344 3880 1410 3934 47
1447 3898 1458 3932 :
1495 3878 1553 3933 Ὀ
1574 3879 1683 3952 γὰρ
1708 3879 1878 3947 σοφώ-

283 3985 435 4033 τατος
467 3970 747 4042 Σοφοκλῆς
780 3972 966 4043 δρᾶμα
995 3972 1215 4036 ἐξέθετο
1252 3975 1347 4027 καὶ
1387 3973 1688 4042 ποιητικῶς
1720 3968 1874 4026 εἶπεν

281 4058 362 4110 ὁτι
404 4062 432 4113 ὁ
469 4061 765 4130 Τειρεσίας
824 4062 921 4133 τὴν
976 4063 1227 4117 Παλλάδα
1284 4060 1390 4116 siris
1436 4064 1733 4134 λουομένην
1782 4066 1874 4118 καὶ

281 4151 415 4222 γυνὴ
446 4154 693 4222 ἐγένετο.
722 4153 833 4226 Ego
859 4171 988 4209 vero
1018 4158 1215 4225 quovis
1236 4157 1465 4227 pignore
1494 4158 1870 4213 COlllt'lltlellttt

282 4249 411 4302 nihil
444 4264 681 4319 ustham
717 4249 785 4302 de
830 4248 1028 4304 fabella
1056 4252 1161 4306 ista
1187 4256 1492 4321 protectum
1519 4267 1547 4304 a
1575 4250 1868 4322 Sophocle,

280 4356 597 4411 quanquam
624 4344 690 4394 ah
724 4341 853 4397 aliis
904 4343 1109 4410 passim
1144 4353 1512 4398 ntemoretur.
1551 4342 1689 4398 Cum
1723 4343 1869 4398 enim

277 4446 467 4486 omnes
497 4430 617 4486 fere
647 4432 837 4487 titulos
866 4431 1305 4504 Sophocleorum
1344 4434 1666 4489 Dramatum
1699 4434 1870 4490 bene-

283 4522 401 4576 licio
446 4523 954 4580 Grammaticorum
1004 4534 1251 4581 veterum
1304 4526 1629 4591 habeamus,
1656 4529 1869 4583 nullum

1903 3280 1950 3342 Ο

1997 670 2040 725 0
2081 672 2326 728 hominis
2361 682 2668 743 stuporem,
2712 685 2763 729 et
2812 676 3082 728 ἱδιωτεέαν
3133 678 3378 730 meram!
3424 679 3585 750 Apud

1995 772 2305 830 auctorem,
2356 764 2502 818 unde
2568 766 2683 820 lucc
2750 767 2939 821 habuit
2987 767 3406 833 Antiochensis,
3464 768 3588 825 sine

1993 856 2165 928 688
2191 857 2360 912 dubio
2389 859 2659 930 scriptum
2690 869 2813 915 erat
2841 863 2905 915 ad
2936 861 3042 916 hoc
3081 863 3396 933 exemplum
3432 880 3445 917 ;
3472 865 3589 917 Κα-

1995 949 2102 1012 Οὼς
2138 953 2165 1003 ὁ
2213 952 2492 1024 Σοφοκλῆς
2523 947 2678 1005 sine.)
2714 954 2771 1007 ὲν
2816 958 2934 1018 ταῖς
2967 954 3304 1024 ἁληθεὶαισιν
3347 950 3427 1021 εἷς
3467 959 3585 1011 ἐστι

1993 1041 2146 1104 Θεός.
2186 1041 2365 1097 llonto
2391 1044 2626 1099 stolidus
2659 1045 3110 1115 interpunctione
3145 1048 3277 1103 falsa
3306 1048 3583 1120 jugulavit

1995 1148 2237 1199 versum,
2279 1136 2588 1205 misereque
2635 1137 2988 1207 disperdidit.
3032 1137 3303 1193 Nimirum
3350 1142 3419 1193 ab
3450 1139 3583 1211 ἀλη-

1993 1225 2223 1280 θείαισιν
2273 1228 2689 1285 distinctionem
2754 1232 2973 1299 posuit,
3034 1247 3161 1286 cum
3223 1234 3404 1288 oratio
3456 1243 3581 1303 post

1992 1314 2113 1372 εἷπε
2145 1321 2411 1377 sustineri
2436 1316 2711 1378 debiterit.
2752 1322 2858 1379 Sed
2892 1323 3125 1379 efficiam
3165 1334 3225 1379 ut
3263 1329 3498 1397 posthac
3527 1328 3578 1380 hi

1994 1413 2256 1467 versiculi
2294 1429 2430 1470 sano
2475 1415 2671 1471 saltent
2719 1416 2857 1486 pede
2903 1417 3123 1487 possint
3167 1418 3445 1474 incedere.
3488 1418 3580 1473 Sic

1994 1505 2166 1575 igitur
2197 1510 2431 1563 emendo
2459 1528 2472 1564 :

2132 1623 2237 1678 Ἐν
2268 1625 2398 1691 ταῖς
2419 1625 2804 1692 ἀληθείαισιν
2827 1622 2918 1692 εἷς
2946 1627 3117 1683 ἐστιν
3140 1628 3275 1693 θεὸς

2142 1697 2247 1760 Ὃς
2276 1697 2538 1763 οὴριινόν
2572 1697 2620 1749 τ’
2643 1695 2857 1767 ἔζευξε
2880 1697 2981 1750 καὶ
3013 1697 3189 1767 γαῖαν
3205 1700 3448 1766 μακρὰν

2135 1768 2368 1818 Πόντου
2396 1781 2460 1817 τε
2476 1764 2753 1834 χαροπόν
2772 1763 2955 1835 οἶδμα
2979 1763 3261 1836 xiii-slum!
3282 1763 3451 1835 ,ϐ’ίας.

2134 1836 2444 1906 Θνητοίλτε
2465 1836 2703 1890 πολλὸν
2733 1838 2942 1903 καρδίᾳ
2973 1839 3355 1906 πλανώμενοι

2142 1904 2568 1979 Ἱδρυσᾴμεσθα
2590 1905 2878 1976 πημάτων
2907 1904 3302 1979 παραψυχὴν,

2132 1975 2293 2048 Θεῶν
2314 1976 2605 2045 ἀγάλματ’
2633 1975 2700 2030 ἐκ
2722 1979 2908 2048 λίθων
2930 1979 2966 2046 ἢ
2991 1975 3273 2048 χαλκέων

2131 2039 2206 2099 Ἤ
2227 2039 2689 2114 χρυόνοτὲύκτων
2716 2045 2753 2115 ἢ
2788 2039 3177 2117 ’λεεράιίὲίνων
3215 2052 3463 2116 τύπους.

2037 2152 2041 2157 ο
2132 2118 2359 2188 Quo-lac
2380 2134 2444 2170 τε
2464 2119 2698 2183 τούτοις
2731 2118 2829 2171 καὶ
2861 2120 3038 2185 κενὰς
3065 2122 3450 2188 πανηγύρεις.

2131 2186 2462 2256 Τεύχοντες
2488 2187 2677 2254 οὕτως
2716 2189 2992 2243 εὐσεϐεῖν
3019 2186 3355 2261 νομίζομεν.

1987 2304 2063 2358 Ita
2096 2302 2212 2359 fere
2244 2303 2507 2373 leguntur
2534 2300 2678 2371 apud
2717 2300 3023 2369 Justinum,
3062 2303 3427 2367 Clementem,
3463 2304 3572 2357 Eu-

1984 2398 2222 2460 sebium,
2273 2393 2699 2457 Theodoritum,
2747 2402 2801 2448 et.
2856 2394 3058 2462 partim
3113 2397 3569 2467 Athenagoram;

1982 2490 2121 2545 adeo
2163 2497 2225 2543 ut
2257 2487 2504 2543 detnirer
2539 2485 2895 2555 interpretem
2936 2486 3357 2556 Chilmeadttm,
3396 2489 3575 2543 homi-

1963 2573 2113 2638 'nem
2148 2596 2283 2641 sane
2329 2579 2742 2652 pereruditum,
2784 2579 2840 2634 in
2883 2580 3008 2636 luce
3048 2588 3159 2635 tam
3203 2582 3351 2635 clara
3387 2583 3574 2637 minus

1983 2675 2149 2731 solito
2188 2672 2558 2744 perspexisse.
2606 2672 2715 2728 Sed
2752 2687 2863 2727 non
2906 2680 2959 2727 te
2997 2674 3210 2739 celabo,
3242 2675 3389 2746 quod
3430 2689 3571 2746 pace

1983 2777 2302 2825 sanctorum
2337 2766 2579 2821 virorum
2609 2765 2818 2841 dictum
2855 2768 3019 2822 velim
3047 2807 3063 2832 ,
3095 2770 3456 2825 vehementer
3486 2786 3573 2826 me

1983 2860 2259 2930 suspicari
2289 2870 2397 2913 non
2426 2873 2555 2914 esse
2581 2859 2697 2914 haec
2728 2877 2758 2912 ει
2793 2860 3089 2930 Sophocle.
3128 2861 3180 2915 Id
3206 2861 3345 2916 adeo
3377 2878 3479 2917 cur
3515 2863 3570 2918 in

1982 2953 2228 3006 animum
2264 2950 2545 3015 inducam,
2581 2952 2628 3007 si
2656 2967 2744 3007 me
2778 2953 3119 3025 interroges,
3154 2952 3321 3010 dico:
3358 2955 3570 3026 permi-
3624 3022 3647 3041 .

1980 3060 2103 3098 rum
2129 3043 2264 3098 mihi
2292 3053 2490 3113 praeter
2529 3044 2635 3098 alia
2672 3044 2873 3113 videri,
2911 3056 3021 3101 tam
3062 3045 3334 3102 illustrem
3386 3046 3568 3102 locum

1982 3136 2395 3194 Ecclesiasticis
2440 3137 2579 3193 solis
2631 3137 2940 3193 incurrisse
2982 3140 3034 3192 in
3077 3138 3290 3202 oculos,
3331 3138 3566 3193 aliorum

1981 3231 2230 3286 omnium
2264 3231 2438 3285 aciem
2467 3229 2727 3302 eﬂ‘ugisse
2762 3230 2898 3305 [l3].
2932 3231 3035 3298 Qui
3069 3231 3301 3297 faetum,
3325 3234 3404 3287 uti
3438 3232 3568 3287 dor-

1982 3323 2196 3377 mitaret
2236 3322 2324 3376 hic
2372 3321 2656 3377 Plutarchi
2697 3324 3027 3391 diligentia?
3056 3323 3158 3391 Qui
3203 3324 3567 3397 Porphyrium

1982 3417 2266 3485 praeterire
2290 3416 2467 3486 potuit
2500 3416 2627 3487 περὶ
2669 3417 2882 3488 ἀποχῆς
2911 3418 3175 3489 ἐμψύχων
3200 3427 3309 3473 tam
3349 3419 3570 3489 insigne

1979 3508 2356 3563 testimonium
2395 3508 2666 3566 adversus
2699 3509 2808 3563 τῶν
2841 3510 3043 3565 θυσιῶν
3080 3512 3179 3575 τὰς
3213 3512 3569 3584 παρανόμους

1980 3602 2218 3672 σφαγάς,
2247 3610 2305 3656 ut
2336 3604 2401 3657 ad
2426 3603 2573 3658 hunc
2599 3604 2781 3657 locum
2811 3604 2887 3658 ait
2912 3602 3284 3660 Theodoritus
3305 3605 3327 3659 ?
3352 3604 3455 3661 Ubi
3484 3611 3565 3670 tu,

1982 3695 2231 3764 Stobaee,
2282 3697 2542 3762 cessasti,
2589 3697 2900 3753 litterarum
2935 3698 3181 3753 oblivio?
3225 3706 3307 3763 tu,
3356 3698 3452 3770 qui
3487 3707 3570 3753 tot

1980 3790 2192 3846 forulos
2214 3788 2681 3847 bibliothecarum
2708 3791 3031 3856 excussisti,
3062 3789 3357 3862 Sophoclis
3382 3801 3565 3847 autem

1977 3890 2033 3935 et
2087 3876 2370 3952 Euripidis
2416 3894 2773 3938 monumenta
2815 3882 3063 3938 studiose
3116 3891 3317 3954 praeter
3368 3894 3568 3938 etetera

1979 3972 2262 4029 lec’titasti.
2297 3973 2523 4029 Adeone
2544 3989 2749 4046 paucos
2797 3990 2826 4029 e
2863 3970 3154 4038 Patribus,
3191 3976 3325 4045 quid
3373 3974 3570 4031 Patres

1978 4075 2158 4120 autem
2201 4066 2365 4122 dicos?
2412 4083 2660 4123 unumne
2718 4068 2958 4139 aliquem
3020 4069 3427 4133 tenebrioncm,
3473 4069 3565 4138 qui

1975 4161 2261 4231 supposita
2306 4178 2546 4232 persona
2613 4163 2812 4217 librum
2862 4162 3100 4218 ediderit
3140 4162 3224 4233 (ut
3266 4172 3321 4216 et
3358 4162 3489 4216 olim
3513 4170 3568 4217 et

1978 4254 2137 4310 hodie
2171 4255 2565 4309 nonnullorum
2595 4255 2783 4325 opinio
2810 4264 2917 4319 est,
2960 4270 3138 4325 neque
3167 4254 3305 4308 adeo
3333 4254 3563 4321 iniuria)

1974 4346 2192 4401 caeteris
2235 4347 2498 4402 omnibus
2543 4346 3013 4417 perspicaciorem
3053 4354 3109 4402 et
3153 4346 3563 4416 diligentiorem

1974 4437 2187 4494 fuisse?
2223 4438 2480 4494 Clemens
2524 4439 2670 4495 enim
2721 4448 2911 4509 aperte
2960 4445 3015 4492 et.
3075 4438 3316 4507 ingenue
3361 4434 3566 4490 fatetur

1972 4530 2211 4585 Hecataei
2242 4546 2301 4585 se
2329 4531 2488 4585 tidem
2517 4537 2799 4593 secutum,
2838 4531 2982 4601 apud
3016 4532 3199 4601 ipsum
3230 4530 3563 4600 Sephoclem

277 4623 361 4667 est
393 4617 484 4669 ubi
520 4614 753 4671 Tiresiae
777 4632 1018 4686 persona
1049 4619 1236 4673 locum
1272 4618 1476 4675 habere
1505 4619 1701 4692 possit,
1729 4636 1870 4691 prze-
1903 4625 1946 4681 D
1975 4621 2202 4676 omnino
2229 4636 2337 4675 non
2369 4621 2587 4692 legisse.
2624 4619 2683 4674 '0
2707 4620 2805 4692 μὲν
2832 4620 3130 4691 Σοφοκλῆς,
3152 4622 3230 4675 ait
3261 4620 3465 4676 Strom.
3500 4619 3563 4683 V,

278 4714 529 4775 terqnam
563 4723 673 4761 una
728 4706 993 4779 Trilogia,
1034 4709 1286 4781 OEdipns
1330 4711 1649 4783 Tyrannus,
1706 4714 1869 4767 Atili-

280 4808 439 4865 gone,
488 4806 548 4853 et
574 4800 818 4871 (Edipus
867 4801 924 4855 in
979 4802 1195 4859 Colono
1242 4822 1256 4860 :
1303 4805 1385 4860 sic
1430 4807 1580 4861 enim
1632 4808 1868 4863 sentio:

281 4891 391 4945 sive
415 4892 772 4964 tetralogiam
806 4896 990 4961 malis,
1039 4898 1281 4965 accedo;
1314 4905 1373 4951 ιιι
1406 4898 1591 4954 fabula
1624 4898 1746 4973 [l2]
1777 4918 1871 4956 sa-

280 4982 473 5051 tyrica,
505 4986 654 5040 sicut
677 4987 1152 5043 omnebmnnium
1194 4999 1400 5059 praeter
1433 4991 1729 5064 Cyclopem
1760 4993 1869 5048 Eu-

278 5073 492 5141 ripidis,
519 5076 754 5146 periisse
775 5078 1052 5133 videatur.
1088 5080 1417 5151 Quanquam
1449 5082 1597 5135 enim
1630 5081 1871 5137 affirmet

282 5162 482 5224 Suidas
503 5211 517 5232 ,
557 5169 638 5222 ὅτι
660 5170 689 5222 ὁ
729 5170 1011 5241 Σοφοκλῆς
1037 5167 1174 5243 ἦρξε
1194 5172 1289 5225 τοῦ
1314 5173 1500 5246 δρᾶμα
1520 5173 1658 5244 πρὸς
1683 5175 1870 5247 δρᾶμα

279 5260 681 5331 ἀγωνίζεσθαι,
710 5254 847 5319 ἀλλὰ
888 5266 962 5337 μὴ
990 5258 1357 5339 ῖτετραλογίαν
1379 5284 1395 5301 ο
1442 5268 1651 5324 scimus
1684 5276 1868 5325 tamen

281 5367 343 5406 ex
376 5353 705 5412 Didascaliis
731 5373 843 5411 non
877 5374 944 5413 ex
969 5359 1120 5412 omni
1156 5369 1314 5429 parte
1344 5376 1539 5416 verum
1576 5363 1678 5416 hoc
1718 5378 1866 5419 esse.

282 5440 417 5501 Vide
459 5451 621 5503 modo
662 5451 1090 5520 Aristophanem
1132 5452 1570 5507 Grammatirmn
1597 5456 1649 5507 in
1692 5456 1869 5526 Argu-

286 5538 696 5596 mentoMedea:
749 5540 1050 5612 Euripidis.
1107 5546 1271 5614 Atqui
1321 5546 1463 5599 haud
1516 5549 1865 5602 commemini

287 5625 533 5685 fabellam
576 5633 741 5688 istam
775 5637 840 5688 de
894 5635 1107 5690 'l‘iresia
1147 5638 1200 5691 in
1248 5638 1411 5692 trinis
1464 5638 1572 5692 illis
1623 5642 1865 5705 narrari,

286 5736 462 5792 neque
501 5726 575 5781 ibi
618 5726 848 5794 reperiri
890 5743 1051 5797 posse
1095 5731 1354 5787 arbitror.
1406 5730 1590 5787 Prima
1637 5732 1753 5788 haec
1784 5744 1869 5789 est

287 5827 408 5879 erga
433 5814 762 5887 Sophoclem
787 5823 1149 5879 contumelia;
1196 5822 1472 5894 Deinceps
1498 5863 1513 5889 ,
1550 5823 1736 5890 Ὅθεν,
1766 5826 1864 5886 ait,

288 5899 493 5965 ἐξέθετο
517 5906 793 5977 Σοφοκλῆς
828 5909 885 5962 ὲν
915 5912 1026 5974 τοῖς
1070 5911 1237 5966 αὑτοῦ
1272 5914 1667 5986 συγγράμμασι
1693 5913 1867 5969 ταῦτα

1974 4712 2049 4778 ὣς
2083 4730 2248 4786 φησιν
2295 4714 2576 4777 Ἑκαταῖος
2603 4716 2631 4767 ὁ
2656 4714 2755 4775 τὰς
2797 4714 3039 4785 ἱστορίας
3073 4714 3479 4786 συνταξάμενος
3504 4716 3567 4770 ὲν

1974 4805 2050 4877 τῷ
2080 4806 2201 4860 κατ’
2220 4806 2506 4878 ’Ἅϐραμον
2536 4806 2631 4861 καὶ
2666 4807 2792 4870 τοὺς
2816 4807 3172 4875 Αἰγυπτίους.
3210 4804 3348 4861 Illud
3379 4818 3565 4861 autem

1974 4899 2321 4968 exploratum
2351 4897 2529 4952 habeo
2575 4905 2688 4951 tam
2727 4911 2757 4950 a
2787 4895 3010 4953 .lustino
3044 4908 3100 4952 et
3132 4898 3421 4955 Clemente
3456 4896 3563 4952 Pa-

1975 4999 2087 5044 tres
2121 4989 2262 5043 alios
2293 4989 2597 5057 acet-pisse,
2628 5003 2792 5058 quam
2822 4987 3106 5044 Justinum
3136 4997 3189 5044 et
3217 4987 3562 5044 Clementem

1973 5072 2341 5137 comnientitii
2401 5082 2523 5150 ejus
2574 5080 2807 5136 Περιιιωί
2859 5083 3193 5138 auctoritate
3236 5082 3558 5139 tradidisse.

1972 5176 2144 5243 Quem
2175 5175 2240 5229 ad
2276 5174 2552 5228 hominem
2579 5175 2825 5237 demum,
2851 5184 2906 5229 et
2940 5191 3104 5245 quam
3143 5177 3301 5230 nulla
3339 5176 3443 5231 fide
3471 5193 3563 5233 res

1972 5265 2236 5331 redierit,
2274 5263 2447 5319 vides.
2483 5263 2646 5320 Illcne
2700 5275 2759 5319 ut
2809 5264 3074 5333 Sophocli
3113 5266 3427 5322 versiculos
3461 5267 3562 5320 ali-

1971 5367 2099 5428 quot
2132 5367 2420 5412 vereretur
2452 5357 2739 5428 attingere,
2774 5357 2867 5428 qui
2896 5356 3053 5413 illum
3080 5358 3288 5428 ipsum,
3322 5373 3436 5429 quo
3463 5374 3562 5413 eos

1970 5451 2219 5513 adduxit,
2262 5449 2467 5503 librum
2507 5449 2745 5504 ediderit
2792 5450 3054 5506 simulata
3101 5466 3341 5521 persona
3379 5449 3560 5505 lleca-

1971 5542 2235 5613 taei?lpsa
2257 5552 2523 5613 praeterea
2544 5544 2726 5597 oratio
2764 5543 2833 5599 de
2871 5560 2931 5600 se
2956 5544 3085 5599 facit
3113 5544 3402 5600 imlieium.
3435 5541 3556 5600 Non

1971 5652 2209 5707 agnosco
2230 5636 2359 5691 illud
2378 5635 2647 5707 χαλκέων,
2668 5646 2721 5691 et
2738 5635 2935 5689 πολλὸν
2955 5646 3264 5706 sumptum,
3294 5643 3355 5690 ut
3377 5635 3555 5701 aiunt,

1971 5731 2381 5794 adverbialiter,
2417 5745 2541 5788 esse
2595 5731 2837 5788 hominis
2866 5731 3067 5796 Attici,
3101 5739 3196 5786 aut
3248 5735 3301 5786 in
3355 5742 3559 5802 tragic-

1971 5824 2057 5877 dia
2123 5822 2254 5878 ferri
2322 5838 2506 5894 posse.
2563 5822 2754 5890 Qualis
2808 5825 2953 5879 enim
3009 5824 3126 5889 haec
3187 5825 3326 5881 foret
3367 5823 3558 5881 conlu-

1952 5916 2053 5991 sio
2095 5916 2479 5980 dialectorum,
2523 5923 2578 5972 ct
2612 5912 2669 5971 ut
2704 5916 2780 5971 ait
2831 5918 2945 5973 ille.
3006 5930 3223 5985 sartago
3259 5917 3562 5987 loquendi?
