3966 6454
368 436 474 500 727

369 647 608 715 γαλκεὲς
644 646 821 700 Attice
843 647 1085 712 dixeris;
1114 648 1342 701 minimc
1375 650 1617 715 gentium
1645 665 1674 704 a
1699 651 1953 720 χαλκοῦς,

372 753 483 792 non
519 738 693 810 magis
718 739 1030 792 mehercule
1063 756 1226 808 quam
1255 740 1496 807 ἀγαπάει
1534 743 1615 796 rel
1654 743 1959 812 Ἀριστοτέ-

370 829 512 893 λεος.
533 830 776 897 Χρύσεα,
801 832 878 883 ait
899 831 1548 903 Phrynichusﬁpydpaa,
1573 835 1799 899 κυάνεα,
1821 835 1959 906 χάλ-

372 938 477 975 κεα
508 920 680 975 ταῦτα
707 920 861 975 Ἰακὰ
896 921 1281 993 διαιρούμεναο
1314 926 1418 995 νὴ
1442 921 1533 979 οὖν
1558 925 1736 993 λέγειν
1760 928 1957 997 χρυσᾶ,

375 1014 613 1085 ἀργυρᾶ,
633 1015 808 1067 κυανᾶ
828 1014 919 1067 τὸν
939 1013 1331 1079 Ἀττικξζοντα,
1353 1018 1603 1087 Χρυσοῦς
1620 1017 1836 1086 λέγειτδ
1851 1018 1967 1090 γὰρ

376 1106 608 1177 χρὺσεος
657 1105 854 1171 Ἰακὸν,
907 1104 1170 1171 ὡσαύτως
1202 1109 1297 1161 καὶ
1343 1108 1617 1179 ἀργυροῦς
1644 1152 1659 1175 ,
1690 1109 1960 1180 χαλκοῦς,

377 1199 632 1263 κυανοῦς,
666 1198 759 1253 καὶ
793 1199 864 1253 τὰ
896 1200 1079 1270 ὃμοια.
1114 1200 1264 1272 Rogo
1301 1202 1557 1269 denique,
1595 1204 1683 1256 cui
1711 1218 1962 1273 personzc

380 1292 497 1346 haec
543 1293 727 1346 oratio
775 1292 1120 1347 conveniat?
1169 1291 1359 1359 Quave
1417 1293 1719 1363 Sophocles
1761 1294 1964 1349 ﬁducia

379 1381 472 1435 die
512 1380 654 1436 festo
679 1381 932 1436 ludorum
968 1381 1100 1452 (non
1146 1381 1285 1436 alias
1324 1382 1474 1436 enim
1507 1384 1559 1434 iu
1594 1398 1760 1437 scena
1797 1398 1964 1453 quam

382 1472 766 1528 Panatheuaais
801 1487 868 1528 ac
902 1472 1064 1528 trinis
1086 1471 1433 1529 Liberalibus
1468 1474 1774 1545 Tragoedia:
1801 1475 1967 1530 doce-

380 1562 607 1634 bantur)
650 1563 775 1619 illos
820 1565 971 1635 ipsos
1016 1556 1139 1620 dies
1175 1564 1348 1622 festos
1385 1573 1438 1621 et
1492 1566 1653 1620 ludos
1692 1567 1969 1622 solemnes

348 1704 353 1709 .
383 1654 442 1710 in
478 1657 944 1726 contemptionem
978 1657 1320 1713 adduceret?
1355 1658 1633 1714 lstucrine
1659 1674 1719 1715 se
1746 1657 1969 1729 impune

383 1745 626 1799 laturum
662 1746 1153 1817 speraret?Nonuc
1178 1747 1425 1821 IEschyli
1466 1750 1986 1820 periculumeautio-

384 1852 504 1890 rem
535 1853 658 1892 eum
692 1837 923 1902 faceret,
957 1838 1072 1912 [l4]
1103 1840 1195 1911 qui
1215 1881 1230 1903 ,
1258 1842 1401 1910 quod
1424 1842 1478 1895 in
1512 1843 1748 1913 Sisypho
1776 1842 1973 1910 opinor

385 1929 784 2001 πετροκυλιστῇ
813 1930 881 1984 ad
910 1932 1128 1987 Cereris
1159 1933 1422 2004 mysteria
1457 1934 1733 1988 curiosius
1763 1934 1973 1985 videre-

388 2026 481 2072 tur
520 2020 796 2083 alludere,
857 2022 961 2076 nisi
1009 2022 1077 2077 ad
1122 2037 1274 2078 aram
1342 2022 1541 2077 Bacchi
1585 2024 1968 2091 confugisset,

386 2110 535 2165 illico
569 2113 882 2170 trucidatus
928 2124 1081 2170 esset
1135 2116 1189 2170 in
1234 2131 1397 2172 scena
1437 2126 1674 2186 :postra
1704 2118 1866 2169 etiam
1916 2115 1971 2168 in

386 2206 677 2275 Armpago
729 2204 796 2260 de
852 2207 1034 2277 capite
1084 2222 1185 2263 suo
1243 2223 1468 2263 causam
1529 2209 1707 2263 dixit?
1767 2208 1971 2270 Habes,

390 2296 587 2361 amice,
616 2298 965 2368 suspiciones
1003 2310 1228 2358 nostras
1270 2321 1285 2355 :
1316 2309 1370 2355 tu
1401 2302 1591 2371 tuique
1614 2300 1825 2356 similes
1854 2315 1971 2355 rem

391 2391 726 2457 cognoscite,
763 2402 818 2445 et
858 2394 1190 2448 sententiam
1225 2393 1365 2449 ferte
1389 2386 1422 2462 ;'
1441 2408 1553 2448 non
1582 2391 1974 2463 Βεκκεσέληνοι

391 2480 638 2547 quidam.
675 2482 1015 2552 πολυμαθεῖς
1051 2486 1173 2541 sine
1203 2497 1423 2557 pectore
1446 2494 1502 2541 et
1534 2491 1739 2552 mente,

537 2570 775 2643 Ἀνέρες
786 2566 874 2626 ὧν
900 2574 967 2626 τὸ
995 2574 1139 2643 κέαρ

535 2641 715 2709 Παλῷ
736 2643 1031 2698 σέσακται
1060 2641 1159 2698 καὶ
1188 2643 1577 2711 δυσεκνίπτῳ
1596 2645 1830 2714 τρυγός.

463 2734 736 2789 Praeclare
765 2751 897 2790 vero
947 2744 1133 2790 actum
1181 2746 1265 2791 est
1316 2751 1439 2790 cum
1487 2736 1786 2803 Sophocle,
1826 2735 1973 2806 quod

395 2843 426 2879 a
448 2826 811 2899 χρονορράφῳ
838 2835 1030 2881 nostro
1065 2841 1176 2880 non
1225 2827 1332 2882 nisi
1361 2827 1529 2885 semel
1562 2826 1629 2881 ad
1656 2826 1854 2881 falsum
1892 2834 1975 2882 tc-

394 2919 717 2973 stimonium
755 2918 1055 2975 dicendum
1086 2919 1295 2985 citatus
1321 2920 1393 2974 sit
1414 2937 1430 2974 :
1450 2918 1742 2989 Euripides
1769 2925 1972 2983 autem,

366 3012 490 3080 -qui
541 3011 749 3066 Malala:
788 3020 909 3067 erat
977 3012 1146 3082 paulo
1197 3010 1554 3077 familiarior,
1618 3010 1976 3081 gravissimas

394 3107 560 3163 istius
580 3103 1006 3163 consuetudinis
1038 3120 1230 3175 pcenas
1264 3103 1566 3171 sustinuit;
1592 3103 1730 3158 adeo
1750 3101 1974 3171 quidem

396 3207 457 3252 ut
487 3213 595 3253 non
618 3198 801 3253 minus
831 3196 1180 3251 incommodo
1206 3196 1427 3265 hospite
1458 3195 1560 3249 hoc
1588 3193 1970 3257 Antiochensi,

1166 432 1177 453 ’
1226 439 1323 500 DE
1356 435 1703 505 JOANNIS‘
1749 447 2073 508 MALAL/E
2097 453 2749 520 CIIRONOGRAPHIA

367 554 624 625 Oportttit
653 554 795 608 enim
849 553 985 608 πολὺ
1019 560 1071 607 et
1109 553 1345 625 χαλκῶν.
1381 556 1642 611 Χαλκέων
1670 558 1892 629 quidem
1928 576 1959 616 a
1990 613 1994 621 ,

2090 567 2300 631 rthere,
2331 568 2593 626 hilariore
2618 572 2805 627 animo
2838 588 2983 637 esse,
3028 571 3431 630 com'alcsret'c.
3461 578 3623 636 Etiam

3527 472 3621 537 79.8

2060 660 2211 726 pueri
2248 660 2350 715 hoc
2390 662 2595 718 sciunt.
2634 662 2866 725 Erravit,
2897 678 3025 717 cum
3062 662 3116 716 in
3150 665 3421 719 versiculo
3447 672 3627 740 quinto

2058 749 2358 805 enitendare
2405 762 2641 809 conatus
2682 764 2769 809 est
2815 753 3290 825 ὲμμεμόχθηνται.
3326 750 3444 813 Non
3492 765 3626 819 enim

2060 840 2235 904 magis
2289 841 2596 913 μοχθοῦμαι
2641 843 2870 904 dixeris,
2911 858 3033 895 cum
3078 841 3265 912 μοχθῶ
3307 845 3377 897 sit
3417 848 3628 903 vcrbuiu

2063 940 2340 992 neutrum,
2367 947 2528 1000 quam
2557 932 2840 1003 πάσχομαι
2866 939 2960 985 aut
2984 931 3289 1002 κάμνομαι.
3316 934 3443 991 Sine
3474 938 3630 996 dubio

2063 1026 2331 1095 scriptum
2363 1027 2630 1094 oportuit,

2065 1138 2239 1191 Ὅσοι
2282 1154 2346 1192 τε
2396 1137 2648 1208 δεσμοῖς
2687 1140 3203 1213 ἐμμεμόχλευνται
3243 1144 3504 1213 βροτῶν,

2067 1232 2148 1284 vel

2067 1320 2244 1375 Ὅσοι
2282 1338 2347 1377 τε
2376 1322 2654 1394 δεσμοῖσι
2678 1324 3129 1393 μεμόχλευνται
3159 1322 3419 1391 βροτῶν.

2068 1431 2284 1488 Erravit
2326 1434 2599 1503 denique,
2649 1449 2774 1489 cum
2812 1435 2994 1490 locum
3059 1434 3205 1488 hunc
3239 1420 3306 1487 5d
3363 1434 3525 1497 hanc,
3579 1434 3644 1490 de

2068 1540 2175 1596 qua
2212 1527 2445 1595 agimus.
2487 1526 2703 1581 Danaen
2738 1526 3081 1582 referendum
3130 1525 3361 1595 putavit,
3399 1525 3493 1594 qui
3535 1541 3647 1580 om-

2071 1618 2202 1671 nino
2243 1633 2310 1673 ex
2370 1616 2645 1687 Euripidis
2681 1616 2871 1689 Dirtye
2917 1618 3228 1673 accersitus
3272 1625 3393 1678 est,
3438 1616 3506 1671 de
3547 1631 3650 1685 quo

2073 1709 2304 1764 consule
2329 1708 2604 1764 Stobaequ
2631 1717 2686 1765 et
2714 1709 2879 1766 alios.
2908 1709 3308 1776 Aristophanes
3327 1704 3651 1760 Grammati-

2074 1815 2174 1854 cus
2203 1800 2255 1852 in
2289 1807 2613 1870 argumento
2644 1799 3169 1870 Μρόθω.Ἐδιδάχθη
3195 1798 3289 1852 ἐπὶ
3313 1795 3652 1867 Πυθιοδώρου

2006 1912 2045 1969 Β
2075 1890 2337 1959 ἄρχοντος
2380 1890 2525 1944 κατὰ
2561 1891 2662 1963 τὴν
2690 1890 2780 1955 πζ¹
2801 1891 3165 1962 ζυλυμπιάδα.
3220 1888 3448 1959 Πρῶτος
3484 1886 3654 1956 Εὐφοο

2080 1982 2232 2050 ρίων,
2271 1980 2523 2053 δεύτερος
2574 1982 2873 2053 Σοφοκλῆς,
2925 1982 3107 2054 τρίτος
3168 1980 3493 2052 Εὐριπίδης.
3538 1979 3657 2047 Μή-

2077 2068 2235 2132 δεια,
2283 2070 2655 2141 Φιλοκτήτης,
2705 2071 2928 2142 Δίκτης,
2975 2071 3258 2141 Θερισταὶ.
3315 2068 3563 2141 Σάτυρος
3599 2067 3658 2119 οὐ

2080 2158 2334 2223 σώζεται.
2366 2160 2560 2216 Scribe
2588 2162 2806 2227 Δίκτυς,
2828 2162 3088 2233 Θερισταὶ
3115 2161 3344 2231 σάτυροι
3370 2158 3434 2211 οὺ
3467 2157 3661 2221 σώζον-

2078 2270 2189 2307 ται.
2220 2252 2257 2306 i.
2296 2269 2346 2306 e.
2380 2252 2642 2324 Θερισταὶ
2673 2253 2864 2325 δρᾶμα
2918 2251 3232 2323 σατυρικόν.
3269 2250 3353 2304 Ita
3392 2248 3542 2318 loqui
3581 2262 3664 2302 so-

2082 2345 2215 2400 leut.
2248 2344 2394 2398 (lare
2427 2345 2573 2399 enim
2605 2345 2803 2400 credas
2826 2345 2886 2398 τὸ
2919 2344 3145 2416 σάτυροι
3177 2357 3307 2399 esse
3342 2352 3557 2413 partem
3588 2343 3667 2396 in-

2082 2437 2429 2506 scriptionis.
2485 2435 2558 2489 lta
2605 2435 2895 2506 Sophoclis
2951 2436 3136 2492 fabula
3179 2438 3378 2504 κωφοὶ
3423 2435 3666 2506 σάτυροι.

2083 2527 2424 2584 Scholiastes
2462 2528 2725 2584 Nicandri
2773 2528 3097 2600 simpliciter
3140 2526 3427 2597 Σοφοκλῆς
3466 2528 3525 2580 ὲν
3549 2525 3670 2579 Κω-

2083 2621 2224 2689 φοῖς.
2252 2618 2346 2672 Sic
2367 2618 2612 2687 ejusdem
2630 2617 2898 2688 ’ἰχνευταὶ
2920 2616 3164 2686 σάτυροι,
3195 2610 3670 2684 quemadmodum

2082 2709 2224 2780 apud
2251 2707 2534 2764 Pollucem
2555 2717 2639 2763 est
2659 2708 2949 2778 legendum
2975 2720 3074 2776 pro
3097 2705 3374 2776 Ἰχνευταὶ
3391 2700 3669 2774 Σατύρων.

2081 2792 2374 2858 Athenaeus
2406 2816 2511 2856 non
2542 2800 2801 2871 apposito
2836 2797 3033 2854 fabulae
3075 2796 3413 2853 discrimine
3459 2795 3592 2863 Σοφ.
3617 2794 3670 2846 ὲν

2094 2882 2418 2966 Ἰχνευταῖς.
2463 2892 2556 2947 Sic
2604 2891 2796 2962 Ἰοφῶν
2829 2894 2886 2945 ὲν
2922 2890 3192 2961 Αῦλῳδοῖς
3229 2887 3502 2958 σατύροις
3532 2883 3669 2955 apud

2082 2988 2419 3044 Clementem
2475 3001 2488 3038 :
2552 2984 2633 3040 sie
2683 2983 2984 3054 Eschylus
3035 2984 3092 3036 ὲν
3142 2978 3367 3051 Κήρυξι
3423 2976 3672 3047 σατύροις

2084 3079 2225 3151 apud
2263 3078 2540 3132 Pollucem
2580 3095 2594 3131 :
2630 3078 2705 3129 ita
2742 3078 2889 3130 enim
2919 3077 3153 3130 emendo
3191 3088 3298 3143 pro
3331 3071 3542 3143 κήρυξι
3585 3085 3673 3122 σα-

2083 3173 2346 3241 τυρικοῖς.
2385 3167 2615 3225 Photius
2639 3167 2694 3221 in
2729 3167 2929 3221 [.exico
2971 3181 3137 3219 manu
3177 3164 3439 3235 scripto:
3473 3163 3677 3233 Πυρσο-

393 3306 562 3358 quam
614 3290 743 3343 olim
796 3287 1042 3344 Promeri
1093 3289 1324 3343 canibus
1367 3298 1503 3342 usas
1548 3302 1671 3341 esse
1706 3267 1978 3340 videatur.

2088 3262 2281 3330 κὸρσου
2324 3259 2560 3324 λέοντος,
2604 3256 2871 3328 Αἰσχύλος
2904 3259 2963 3310 ὲν
3006 3257 3219 3328 Κήρυξι
3264 3252 3559 3322 σατύροις.
3604 3250 3677 3304 Et

396 3368 672 3443 Non—crit,
716 3378 933 3449 opinor,
976 3378 1045 3432 ab
1082 3378 1336 3433 instituto
1382 3387 1578 3457 nostro
1621 3376 1885 3440 alienum,
1935 3375 1980 3428 si

397 3476 553 3528 locos
578 3486 771 3528 omnes
806 3471 1128 3526 accuratius
1169 3470 1514 3541 aliquantttm
1559 3468 1888 3529 examinem,
1926 3467 1981 3521 iu

397 3566 599 3636 quibus
642 3563 922 3638 Euripidis
958 3564 1166 3620 mentio
1199 3563 1255 3616 lit
1289 3579 1303 3616 :
1335 3570 1390 3618 et
1427 3559 1610 3632 quoad
1643 3559 1766 3632 ejus
1799 3557 1985 3613 facere

397 3668 614 3729 potero,
655 3656 969 3713 fabularum
1007 3656 1233 3719 titulos,
1264 3670 1374 3724 quo
1402 3654 1605 3726 singuli
1641 3653 1850 3723 quique
1876 3652 1985 3709 loci

400 3750 722 3804 referuntur
749 3788 763 3812 ,
800 3748 1110 3805 ostendam.
1136 3747 1364 3802 Dabitur
1395 3746 1631 3803 fortasse
1665 3746 1892 3802 occasio
1919 3761 1985 3800 ex

400 3841 760 3897 interioribus
808 3841 1008 3896 litteris
1050 3839 1378 3912 aspergendi
1420 3838 1627 3907 aliquid
1661 3857 1681 3895 ι
1708 3853 1988 3894 memores

402 3947 587 3989 tamen
613 3934 846 3998 erimus,
880 3941 940 3987 ut
981 3931 1263 4004 spondeo,
1298 3931 1452 3987 verbi
1496 3930 1721 4000 veteris,
1752 3945 1865 4002 quo
1894 3930 1989 3987 ad-

400 4042 692 4081 monemur

551 4117 630 4187 Τῇ
658 4117 807 4188 χειρὶ
839 4116 1135 4183 axe/pem,
1161 4113 1303 4185 μηδ’
1332 4113 1456 4181 ὅλῳ
1493 4113 1574 4178 τῷ
1599 4111 1846 4178 θυλάκῳ

477 4212 610 4278 Quze
660 4211 828 4280 igitur
870 4209 1042 4263 habes
1094 4222 1219 4277 pag.
1269 4206 1386 4263 59:
1430 4206 1568 4278 Περὶ
1610 4199 1680 4277 ἦς
1729 4206 1986 4276 (Δανάης)

405 4302 814 4374 ὲμυθολόγησεν
846 4299 1147 4369 Εὐριπίδης
1169 4300 1197 4351 ὁ
1221 4296 1533 4368 σοφώτατος
1552 4298 1612 4349 ὲν
1640 4297 1708 4368 τῇ
1740 4297 1992 4374 εςυντάξει

406 4396 501 4450 τοῦ
534 4394 696 4449 αὐτοῦ
741 4393 1022 4465 δράματος
1073 4402 1128 4447 et
1175 4408 1297 4462 qua:
1335 4400 1665 4465 sequuntur,
1724 4404 1755 4444 e
1806 4389 1991 4444 fabula

407 4492 593 4543 Danae
623 4486 915 4557 desumpta
946 4490 1095 4541 sunt.
1132 4483 1344 4539 Laudat
1373 4484 1514 4538 hanc
1558 4480 1749 4536 Pollux
1783 4481 1879 4535 ιιι».
1917 4498 1990 4545 ιν,

410 4598 534 4652 cap.
581 4579 670 4645 l6,
726 4577 979 4633 Stobmus
1014 4584 1198 4634 autem
1239 4590 1348 4629 nou
1380 4575 1574 4637 semel,
1618 4583 1679 4627 ut
1723 4580 1777 4627 et
1827 4572 1990 4626 aliam
2024 4603 2070 4658 Β

413 4670 706 4742 Sophoclis
737 4668 992 4723 similiter
1018 4665 1366 4735 inscriptam.
1402 4664 1605 4718 Harum
1644 4663 1989 4727 alterutram,

413 4763 590 4832 magis
618 4769 799 4815 tamen
835 4756 1214 4827 Euripideam,
1239 4754 1432 4808 Latine
1466 4752 1992 4818 convertitNrevius,

413 4855 576 4925 cujus
627 4851 806 4906 Danae
832 4848 1008 4905 Nonio
1051 4845 1313 4899 Marcello
1379 4844 1609 4901 cilatur.
1665 4842 1995 4900 Plutarchus

416 4944 800 5001 Consolatoria
829 4941 897 4995 ad
931 4937 1267 5006 Apollonium
1298 4951 1316 4989 :
1362 4934 1420 4986 Ὀ
1462 4934 1518 4987 δὲ
1556 4933 1994 5005 παραμυθούμε..

416 5057 505 5102 νος
534 5039 632 5106 τὴν
673 5036 888 5103 Δανάην
914 5029 1316 5085 δυο-πενθοῦσαν
1342 5028 1537 5091 Δίκτυς
1556 5027 1691 5098 φησί
1714 5045 1728 5059 ο
1754 5042 1777 5057 δ

488 5129 696 5192 Δοκεῖς
725 5127 835 5181 τὸν
862 5125 1021 5193 ᾅδην
1051 5122 1182 5193 σῶν
1210 5138 1263 5175 τι
1288 5117 1620 5193 φροντίζειν
1638 5121 1794 5189 γόων

488 5199 600 5256 Καὶ
626 5190 785 5251 παῖδ’
815 5190 1074 5261 ἀτί-ήσεω-
1100 5192 1206 5244 τὸν
1229 5192 1365 5255 σὺν,
1394 5193 1445 5243 εὶ
1468 5191 1683 5261 *θέλοις
1718 5190 1957 5245 στένειν
1979 5208 1996 5255 ;

487 5269 727 5327 Παῦσαι
746 5285 758 5298 ·
779 5259 1104 5331 ,ϐλέπουσα
1124 5262 1176 5314 δ’
1199 5264 1286 5325 εἰς
1318 5261 1391 5315 τὰ
1416 5259 1543 5331 τῶν,
1561 5261 1749 5328 πέλας
1780 5261 1937 5317 κακὰ

501 5339 691 5406 Ῥᾴων
712 5330 890 5407 γένοι’
920 5332 1016 5407 dif,
1047 5337 1099 5407 si
1117 5331 1454 5407 λογίζεσθαι
1482 5330 1679 5407 0mm

492 5402 669 5464 Ὅσοι
692 5402 755 5461 τε
777 5404 1021 5474 δεσμοῖς
1039 5403 1515 5474 ἑκμεμόχθηνται
1533 5402 1773 5474 ,ϐροτῶν

493 5478 607 5568 [15]
626 5480 800 5568 "quot
818 5472 1313 5568 te'rquaxq'vgr
1352 5472 1597 5539 ὀρφανοὶ
1609 5472 1861 5568 Ιξέκνων

497 5542 646 5618 Τοῦς
666 5542 717 5603 2"
745 5548 814 5603 ὲκ
840 5542 1127 5614 μεγίστης
1150 5542 1349 5618 tuaac
1374 5542 1731 5618 τυρανιίίδος

496 5623 570 5676 Τὸ
595 5611 789 5691 μηδὲν
812 5611 991 5682 ὄντας
1022 5632 1036 5646 ο
1070 5612 1259 5668 ταῦτά
1282 5628 1357 5667 σε
1383 5611 1641 5667 σκοπεῖν
1660 5613 1869 5683 χρεών.

492 5712 715 5767 Erravit
744 5707 1158 5765 eruditissimus
1184 5705 1410 5760 Grotius
1443 5705 1496 5760 iu
1535 5706 1838 5777 Excerptis,
1874 5723 1999 5763 cum

423 5800 479 5856 in
523 5816 682 5855 versu
733 5810 929 5870 quarto
983 5794 1230 5866 reposuit
1287 5793 1443 5866 Ῥᾷον
1487 5796 1676 5868 φέροις
1729 5798 1813 5851 ἄν.
1856 5798 2000 5852 Nihil

425 5893 568 5950 enim
604 5893 775 5966 magis
809 5908 917 5949 .usu
954 5889 1177 5954 tritum,
1218 5901 1379 5956 quam
1419 5888 1565 5961 ῥᾴων
1612 5883 1771 5955 εἶναι,
1809 5892 2002 5947 melius

2084 3368 2195 3422 quo
2235 3351 2610 3407 restituendus
2640 3349 2895 3419 llesychii
2930 3350 3085 3404 locus
3126 3365 3139 3401 :
3183 3342 3680 3418 Πυρσοκουρσολέ-

2083 3462 2235 3509 οντος
2279 3442 2734 3516 πυρῤοκεφὰλου,
2782 3441 3172 3512 ξανθοτρίχου,
3220 3440 3371 3510 lege,
3430 3448 3492 3492 ut
3541 3430 3679 3505 apud

2085 3538 2362 3592 l‘hotium.
2398 3534 2535 3591 Cum
2569 3543 2755 3589 autent
2786 3548 2983 3588 nomen
3023 3532 3221 3586 fabula:
3251 3530 3583 3600 cujuSpiam
3616 3524 3683 3580 sit

2086 3629 2319 3684 nurnero
2366 3626 2662 3697 singulari;
2707 3635 2837 3679 tunc
2876 3621 3147 3695 σατυρικὴ
3192 3621 3404 3676 dicunt
3448 3628 3500 3675 et
3537 3633 3683 3671 σατυ·

2089 3720 2265 3791 ρικός.
2290 3718 2480 3773 Potuit
2514 3725 2697 3773 autent
2727 3717 2951 3773 Grotius
2996 3724 3241 3771 erratum
3283 3728 3456 3768 suum
3517 3710 3686 3768 resci-

2088 3827 2245 3869 scere
2289 3826 2353 3866 ex
2400 3808 2730 3880 Fragmento
2782 3810 2879 3863 illo
2927 3809 3143 3869 Danae,
3177 3806 3336 3876 quod
3385 3804 3604 3875 primus
3633 3801 3691 3855 in

2090 3910 2267 3961 lucem
2295 3902 2471 3959 edidit
2490 3903 2558 3959 de
2586 3902 2783 3956 litteris
2806 3901 3018 3972 optime
3041 3899 3280 3953 meritus
3313 3897 3692 3967 Hieronymus
3788 3912 3796 3920 ·

2088 3997 2491 4054 Commelinus.
2540 3995 2614 4050 Ibi
2662 3994 2935 4049 dramatis
2977 4006 3231 4061 persona:
3287 3997 3429 4045 sunt
3476 3986 3692 4042 Mercu-

2090 4093 2209 4148 rius
2227 4089 2367 4167 [l6],
2387 4090 2587 4149 Danae.
2601 4087 2817 4149 Nutrix.
2836 4084 3104 4147 Acrisius,
3132 4082 3416 4144 Minerva,
3434 4076 3692 4138 Nuntius,

2091 4185 2309 4240 Chorus
2343 4182 2575 4254 :Dietys
2599 4188 2782 4235 autem
2818 4176 3043 4231 minime
3080 4183 3398 4244 comparet.
3452 4172 3516 4226 In
3562 4170 3697 4223 ἀπο-

2093 4274 2426 4347 σπασματΐῳ
2456 4273 2551 4328 illo
2576 4272 2660 4329 sic
2698 4271 2862 4342 vulgo
2904 4267 3103 4338 legitur
3131 4280 3240 4321 non
3278 4266 3455 4337 longe
3476 4280 3510 4318 ιι
3541 4261 3697 4334 prin-

2095 4369 2240 4438 cipio
2267 4384 2280 4420 :
3256 4375 3269 4379 ‘

2165 4490 2236 4501 -—
2249 4489 2319 4501 -—
2333 4486 2402 4499 —-
2422 4449 2575 4525 κᾷτά
2598 4469 2723 4520 πως
2747 4454 2916 4525 κείνη
2945 4452 3090 4525 ποτὲ

2164 4527 2374 4595 Εὺνὴν
2401 4517 2714 4595 κρῖυςοαίιινῗ
2730 4517 2965 4595 γνοῦσα
2988 4524 3083 4576 καὶ
3107 4523 3193 4592 μὴ
3233 4520 3494 4595 ﬂorida
3518 4517 3600 4587 δὴ

2181 4594 2553 4666 ’Υπόπετρον
2578 4595 2798 4649 λέοντα
2824 4594 3051 4658 τέξεται
3082 4594 3287 4661 πατρί.

2166 4691 2303 4748 Cum
2325 4690 2481 4744 metri
2504 4688 2668 4753 ratio,
2688 4695 2804 4742 tum
2840 4702 2928 4741 res
2953 4686 3071 4757 ipsa
3105 4683 3324 4757 ﬂagitat
3355 4690 3420 4737 ut
3453 4681 3702 4736 ὑπόπτε-

2099 4802 2193 4857 ρον
2242 4781 2577 4842 scribamus,
2626 4794 2732 4834 non
2780 4779 3111 4849 ὑπόπετρον.
3153 4777 3295 4843 Quis
3334 4791 3456 4830 non
3494 4774 3701 4827 alatum

2098 4877 2359 4933 Perseum
2390 4881 2445 4928 et
2483 4874 2538 4927 in
2570 4872 2728 4930 libris
2749 4871 2901 4943 legit,
2927 4878 2981 4926 et
3004 4871 3061 4924 in
3088 4868 3252 4940 pictis
3286 4868 3513 4922 tabulis
3536 4859 3706 4919 vidit?

2096 4971 2169 5023 At
2215 4968 2488 5036 interpres
2540 4965 2703 5017 homo
2755 4978 2889 5017 sane
2934 4962 3171 5016 festivus
3224 4960 3309 5013 ita
3352 4955 3648 5015 convertit
3688 4968 3702 5002 :

2098 5060 2195 5116 sub
2255 5073 2388 5113 saxo
2451 5066 2635 5110 uatum
2690 5053 2906 5110 leonem.
2969 5052 3175 5124 Nempe
3242 5051 3386 5106 huic
3444 5047 3706 5106 commit-

2097 5165 2206 5220 tas,
2239 5155 2284 5208 si
2322 5149 2451 5221 quid
2495 5157 2643 5204 recte
2674 5155 2925 5203 curatum
2957 5146 3112 5201 velis.
3160 5145 3227 5199 Et
3263 5152 3466 5201 tamen
3506 5143 3557 5197 is
3592 5142 3709 5211 ipse

2096 5257 2184 5304 est
2218 5247 2270 5301 ni
2318 5245 2514 5308 fallor,
2544 5243 2639 5313 qui
2686 5242 2885 5297 bonam
2925 5240 3100 5297 aetatis
3137 5247 3364 5311 partem
3400 5234 3705 5297 contrivit,

2098 5352 2159 5394 ut
2206 5338 2430 5392 Suidam
2496 5335 2646 5390 foras
2705 5333 3028 5388 extruderet
3070 5331 3290 5387 merulis
3350 5329 3709 5398 maculisque

2101 5445 2499 5503 usquequaque
2521 5429 2783 5493 obsitum,
2816 5434 2877 5480 ut
2902 5425 3199 5496 aliquando
3224 5424 3486 5480 fortasse
3520 5433 3705 5477 osten-

2099 5525 2318 5581 demus.

2174 5617 2301 5687 Pag.
2331 5616 2419 5671 5i.
2453 5613 2555 5669 Διὰ
2583 5612 2744 5666 τοῦτο
2794 5611 2850 5665 δὲ
2897 5611 2925 5664 ὁ
2969 5609 3275 5682 Εὐριπίδης
3326 5609 3447 5662 τῶν
3481 5604 3710 5675 Βακχῶν

2102 5710 2319 5772 ἐξέθετο
2344 5708 2550 5777 δρᾶμα,
2581 5706 2657 5768 ὡς
2690 5705 2801 5759 ἀπὸ
2830 5698 3078 5767 Πενθέως
3129 5699 3312 5756 εἰπὼν
3366 5700 3578 5755 ταῦτα.
3615 5697 3707 5750 Σε-

2109 5802 2248 5872 μέλη
2271 5800 2328 5852 δὲ
2357 5798 2678 5868 λοχευθεῖσοι
2702 5798 2768 5849 ἐκ
2791 5795 2982 5868 βροτοῦ
3012 5812 3179 5859 τινος,
3211 5794 3303 5857 εἰς
3337 5795 3500 5864 Ζῆνα
3519 5790 3708 5862 φὲρουο

2110 5910 2177 5947 σα
2208 5890 2304 5963 τὴν
2361 5890 2640 5960 ἁμαρτίαν
2697 5888 2863 5957 λέγει.
2920 5887 3143 5943 Bacchae
3202 5883 3522 5955 Euripidis
3562 5881 3721 5938 etiam
