3966 6440
248 462 338 525 7‘20

246 656 343 714 ἀπὸ
374 650 643 713 Πενθέως.
701 646 817 702 Non
844 646 1124 702 Pentheus
1161 645 1331 707 enim,
1356 658 1547 696 verum
1584 640 1811 695 Semela:

134 795 141 811 .
247 760 451 808 sorores
481 742 598 797 Ἰνὼ
636 742 686 795 κ’
718 740 985 805 Αὑτονόα,
1013 736 1065 809 χ’
1111 738 1147 791 ἁ
1201 735 1556 807 μαλοπάρῃος
1604 732 1812 800 Ἀγαύα

244 837 596 898 contumelias
627 834 728 888 bas
762 832 813 887 ei
842 831 1121 885 dixerunt.
1164 827 1413 881 Bacchus
1446 828 1501 879 in
1537 824 1763 894 prologo
1797 841 1811 876 :

320 930 482 987 Ἐπεί
504 928 566 996 μ’
593 923 848 992 ἀδελφαί
891 921 1123 996 μητρὸς
1150 918 1223 986 ἃς
1256 914 1674 996 ἥκιστ’-ἐχρῆν

306 988 599 1056 Διόνυᾰυν
629 988 1036 1063 oux—59min?
1066 989 1220 1063 εἶναι
1250 988 1357 1063 τοῦ
1380 990 1504 1063 Διὸς

310 1068 579 1139 Σεμέλην
606 1065 675 1139 δὲ
704 1058 1161 1139 νυμφευθεῖσαν·
1186 1060 1255 1112 ἐκ
1289 1058 1509 1139 (armet?
1544 1074 1708 1123 τινος

306 1126 409 1206 El}
436 1126 581 1205 Ζῆν’
610 1126 936 1203 ἁναφὲῥειν
965 1131 1075 1200 τὴν
1104 1129 1398 1200 ἁμαρτίαν
1430 1126 1672 1196 λέχους.

308 1234 431 1303 Pag.
471 1229 560 1285 58.
608 1229 666 1282 '0
691 1226 800 1298 γὰρ
838 1224 1148 1294 σοφώτατος
1182 1220 1480 1292 Εὐριπίδης
1511 1216 1821 1289 ,ποιητικῶς

250 1326 447 1394 ἐξέθετο
472 1324 679 1395 δρᾶμα,
741 1319 818 1383 ὡς
863 1319 946 1371 ὅτι
979 1318 1007 1371 ὁ
1036 1317 1171 1378 Ζεὺς
1200 1315 1282 1377 είς
1335 1313 1571 1382 σάτυρον
1601 1311 1821 1383 ἔφθειρε

250 1422 339 1492 τὴν
368 1417 685 1485 Ἀντιόπην.
718 1413 928 1468 Censeo
957 1407 1323 1479 supplendum
1364 1422 1508 1472 esse,
1550 1407 1631 1469 εἰς
1662 1406 1825 1458 σάτυ-

257 1527 338 1583 ρον
365 1505 622 1579 τρεφθεὶς
664 1502 911 1573 ἒςρθειρε.
951 1500 1188 1568 Propter
1239 1496 1659 1553 similitudinem
1688 1500 1826 1549 duo-

253 1616 367 1659 rum
417 1599 711 1653 verborum
746 1592 971 1657 accidit,
1021 1598 1080 1646 ut
1112 1590 1227 1645 fieri
1262 1590 1422 1654 solet,
1464 1597 1524 1644 ut
1562 1587 1826 1643 librarius

260 1708 412 1750 unum
440 1690 743 1744 omitteret.
793 1685 968 1740 Porro
1001 1683 1183 1738 fabula
1225 1682 1461 1751 Antiopa
1493 1686 1829 1735 memoratur

259 1787 322 1841 ab
349 1782 643 1855 Hesychia,
688 1778 926 1842 Stobaeo,
960 1776 1108 1832 aliis.
1159 1773 1391 1829 Photius
1421 1771 1731 1842 patriarcha
1773 1770 1826 1824 in

1335 414 1699 502 EPISTULA
1736 438 1945 498 RICII.
1990 435 2375 496 BENTLEII.

247 578 379 623 nunc
409 563 732 630 supersunt.
775 546 910 609 Illud
939 563 1119 613 autem
1162 550 1424 606 mentitur
1451 548 1697 608 Malalas.
1733 547 1807 609 ὡς
1838 591 1844 604 ε

1982 545 2214 630 ιΖρίημα
2422 540 2594 630 πάτρι’
2632 581 2646 595 .
2685 579 2698 594 .
2728 580 2742 594 .

3388 423 3495 488 7'30

2788 540 2863 593 ἂν
2892 537 3084 593 πάλιν

1982 606 2144 682 Εῖπῇ
2162 631 2256 678 τις
2292 612 2674 682 Ἀλκμαίωνα,
2708 610 2807 663 καὶ
2836 610 2906 662 τὰ
2940 606 3145 682 παιδία

1983 676 2166 738 nar?
2193 676 2374 747 ebch
2397 676 2585 751 εἴρηχ’
2617 681 2707 734 ὅτι
2724 682 2939 750 μανεὶς
2959 676 3254 734 ἀπέκτονε

1991 753 2111 823 Τὴν
2135 755 2382 824 μητέρα.

1914 890 2109 947 Cicero
2149 887 2266 961 [18]
2300 888 2560 943 Academ.
2595 886 2652 940 2.
2686 884 2874 952 Quid?
2926 885 3043 955 ipse
3081 884 3320 938 Alcmaeo
3352 890 3503 941 tuus,

1916 984 2008 1054 qui
2042 991 2205 1053 negat
2233 996 2329 1036 cor
2368 980 2473 1035 sibi
2526 993 2652 1033 cum
2697 978 2872 1032 oculis
2926 976 3262 1036 consentire.
3321 988 3504 1027 nonne

1919 1075 2120 1131 ibidem
2150 1074 2381 1128 incitato
2413 1070 2642 1125 furore:
2680 1066 2831 1122 Unde
2884 1068 2995 1121 lure
3039 1068 3262 1136 flamma
3292 1066 3505 1119 oritur?

1918 1177 1973 1223 et
1994 1168 2085 1221 illa
2109 1165 2388 1233 deinceps,
2412 1159 2623 1224 Incede,
2650 1160 2865 1222 incede;
2895 1159 3113 1220 adsunt,
3140 1159 3374 1221 adsunt;
3402 1172 3504 1217 me,

1920 1275 2002 1313 me
2059 1265 2328 1324 expetunt.
2362 1254 2500 1321 Quid
2522 1295 2539 1319 ,
2594 1267 2718 1306 cum
2754 1251 2985 1318 virginis
3024 1248 3181 1303 [idem
3214 1246 3511 1315 implorat?

1923 1348 2032 1404 Fer
2064 1348 2137 1402 mi
2164 1346 2469 1409 auxilium;
2497 1354 2696 1409 pestem
2722 1342 2871 1411 abige
2915 1358 2946 1394 a
2994 1356 3108 1402 me;
3130 1339 3511 1408 ﬂammiferam

1923 1441 2059 1495 hanc
2088 1442 2191 1495 vim
2217 1453 2334 1510 qua!
2359 1454 2439 1491 me
2462 1427 2756 1491 excruciat.
2787 1432 3026 1488 Caeruleo
3070 1432 3313 1485 incincta:
3348 1431 3511 1499 angui

1929 1533 2217 1594 incedunt;
2262 1529 2614 1583 circumstant
2652 1541 2772 1578 cum
2824 1521 3137 1576 ardentibus
3186 1519 3362 1574 taedis.
3404 1518 3513 1573 Sed

1930 1625 2081 1695 piget
2127 1620 2373 1692 profecto
2420 1620 2476 1674 in
2504 1634 2565 1672 re
2595 1616 2907 1672 certissima
2939 1604 3362 1668 tesribns'usum
3390 1625 3517 1664 esse

1930 1732 2039 1771 non
2077 1712 2431 1770 necessariis.
2476 1710 2615 1765 lllud
2674 1709 2872 1776 opinor
2910 1704 3139 1759 auribus
3186 1702 3322 1763 tuis,
3354 1700 3513 1763 Milli,

1933 1822 2131 1861 novum
2178 1805 2439 1867 accedet,
2499 1805 2771 1871 integram
2804 1797 2969 1867 hujus
3018 1795 3287 1849 dramatis
3318 1793 3520 1846 inscri-

264 1879 449 1933 Lexico
476 1890 582 1930 ms.
611 1871 834 1942 Εὕκροις
865 1867 1133 1939 εὔκρατος
1161 1865 1590 1937 εὑρυὸροτοῖσιν.
1610 1861 1831 1935 Εὕκρας

1951 1899 2177 1966 stionem
2210 1911 2333 1952 esse
2362 1861 2679 1964 Ἀλκμαίων
2695 1892 2724 1944 ὁ
2739 1889 2827 1944 διὰ
2844 1861 3108 1958 φωφϊδος.
3130 1884 3248 1939 Nisi
3282 1881 3519 1937 fortasse

261 1971 317 2024 οὐ
346 1965 534 2039 γένοιτ’
567 1965 635 2019 ἂν
668 1962 862 2034 ἡδέως,
892 1961 949 2013 ὲν
982 1958 1262 2030 Ἀντιόπῃ.
1292 1956 1457 2026 Lege,
1488 1953 1708 2025 Εὔκρας
1737 1952 1829 2007 εὖ-

266 2076 476 2132 κρατος.
516 2056 716 2127 Εὐριπ.
768 2055 828 2107 ὲν
870 2046 1162 2121 Ἀντιόπῃο
1194 2049 1479 2119 Βροτοῖσιν
1513 2043 1720 2116 εὖκρας
1766 2045 1828 2098 οὐ

269 2150 452 2219 γένοιτ’
476 2148 540 2203 ἂν
565 2145 756 2217 ἡδέως.
788 2142 991 2198 Suidas
1018 2157 1033 2195 :
1069 2138 1334 2211 εὐκραὴς,
1363 2136 1487 2191 ἀντὶ
1507 2134 1605 2190 τοῦ
1633 2134 1833 2207 εὔκρα-

274 2258 382 2304 τος.
427 2238 615 2295 Scribe
657 2236 894 2308 Εὐκράς,
928 2233 1008 2288 ιιιί
1044 2241 1195 2288 recte
1250 2229 1393 2299 apud
1421 2228 1831 2301 Etymologicon

281 2345 544 2401 magnum.
594 2327 880 2396 Antiopam
934 2323 1131 2378 Latine
1187 2321 1377 2378 docuit
1416 2319 1714 2386 Pacuvius,
1770 2319 1838 2373 de

279 2423 455 2478 Graeco
475 2419 750 2489 Euripidis
785 2431 1112 2473 conversam
1152 2413 1266 2487 [l7]
1301 2413 1601 2468 citantibus
1646 2410 1840 2466 Chari-

271 2515 372 2577 sio,
403 2510 673 2574 Diomede,
710 2508 905 2563 Servio
936 2514 989 2559 et
1022 2505 1300 2571 Marcello.
1335 2504 1391 2558 In
1416 2517 1524 2572 quo
1573 2501 1839 2565 admiror,
1904 2518 1905 2521 η

268 2607 343 2658 ait
364 2603 553 2660 Cicero
580 2602 656 2656 De
686 2599 907 2671 ﬁnibus,
941 2612 1045 2652 cur
1070 2599 1122 2649 in
1156 2595 1508 2664 gravissimis
1536 2593 1698 2648 rebus
1732 2607 1841 2646 non

269 2697 492 2752 delectet
515 2709 611 2749 eos
642 2692 854 2763 patrius
882 2705 1088 2755 sermo,
1126 2703 1253 2741 cum
1290 2687 1452 2741 iidem
1481 2686 1712 2740 l'ahellas
1738 2682 1845 2739 La-

269 2789 409 2843 tinas
457 2788 521 2842 ad
561 2786 787 2841 verbum
841 2785 911 2839 de
970 2781 1178 2836 Graecis
1207 2794 1505 2849 expressas
1536 2794 1644 2833 non
1687 2778 1842 2833 inviti

267 2878 460 2949 legant.
486 2876 624 2943 Quis
652 2876 798 2930 enim
833 2882 943 2929 tam
994 2872 1259 2928 inimicus
1305 2886 1446 2941 pene
1489 2870 1695 2923 nmnini
1726 2870 1844 2924 Ro-

269 2982 424 3023 mano
456 2976 564 3031 est,
592 2966 687 3037 qui
724 2965 881 3019 Ennii
920 2963 1190 3023 Medeam,
1223 2969 1318 3016 aut
1341 2961 1636 3030 Antiopam
1674 2958 1849 3015 Pacu-

271 3060 338 3113 vii
388 3068 610 3129 spernat
642 3065 740 3110 aut
802 3055 1058 3125 rejiciat?
1099 3053 1195 3124 qui
1244 3067 1304 3108 se
1339 3051 1533 3107 iisdem
1568 3049 1847 3119 Euripidis

1934 1992 2214 2063 geminum
2271 1987 2635 2044 Alcmaeonem
2677 1980 2972 2052 Euripides
2993 1976 3251 2046 ediderit,
3292 1982 3389 2030 aut
3418 1974 3519 2028 ite-

1934 2097 2057 2137 rum
2089 2079 2366 2143 eumdem,
2392 2084 2700 2132 correctum
2724 2073 3016 2144 scilicctet
3040 2064 3517 2137 διεσκευασμένον.

1943 2169 2219 2241 Quidquid
2255 2178 2339 2224 est
2387 2166 2575 2235 huius,
2605 2164 2757 2220 solus
2795 2160 2934 2217 adeo
2981 2173 3097 2215 me~
3125 2155 3314 2212 docuit
3345 2153 3518 2224 Hesy-

1937 2261 2100 2317 chius
2127 2267 2340 2324 noster,
2377 2263 2433 2312 et
2464 2255 2702 2310 fortasse
2739 2252 2917 2307 solum
2958 2266 2974 2303 :
3007 2248 3168 2309 alios,
3201 2246 3293 2316 qui
3328 2245 3524 2313 depra-

1936 2362 2064 2406 vata
2096 2352 2217 2421 ejus
2241 2349 2410 2405 verba
2432 2361 2544 2403 non
2576 2352 2835 2416 poterant
2876 2338 3205 2421 intelligere,
3237 2351 3342 2391 non
3369 2337 3517 2391 item.

1952 2418 2281 2515 Ἀργαίνειν,
2315 2437 2646 2527 λευκαίνειν.
2697 2432 3002 2505 Εὐριπίδης
3041 2418 3396 2501 Ἀλκμαίωνι,
3435 2426 3524 2481 διὰ

1939 2536 2172 2609 ψηφῖδος
2206 2519 2564 2604 ἀργαίνουσα,
2604 2526 2985 2589 λευκαίνουσα,
3017 2522 3281 2593 φοιτῶσα.
3313 2519 3525 2576 Censeo

1944 2628 2332 2700 corrigendum
2385 2640 2510 2681 esse
2541 2640 2556 2678 :
2610 2619 2917 2691 Εὐριπίδης
2948 2616 3291 2688 Ἀλκμαίωνι
3335 2613 3416 2685 τῷ
3438 2611 3528 2666 διὰ

1943 2719 2232 2790 Ψωφῖδος·
2292 2726 2407 2772 tum
2453 2727 2642 2770 notam
2692 2710 3075 2768 distinctionis
3132 2703 3529 2779 ponendamgl-

1958 2810 2339 2882 Ἀργαίνουσα,
2365 2806 2747 2869 λευκαίνουσα,
2774 2801 3045 2872 φοιὸὦσα.
3072 2797 3232 2868 Παρὰ
3256 2795 3314 2850 δὲ
3336 2795 3398 2848 τὸ
3428 2795 3531 2864 ἀρ’
3584 2803 3589 2809 ’

1945 2903 2064 2972 γὸν,
2106 2903 2183 2957 ait
2209 2899 2530 2956 Eustathius
2562 2897 2629 2951 ad
2656 2895 2916 2966 Odyssea
2939 2889 3267 2951 secundum,
3287 2886 3388 2941 καὶ
3427 2886 3531 2972 ἁρ-

1946 2970 2146 3064 ¹ίάνειιιες
2169 2991 2363 3063 ταῦροι
2394 2987 2550 3061 παρὰ
2575 2986 2852 3058 Πινδάρῳ,
2875 2984 2972 3038 καὶ
2993 2980 3277 3054 ἀργαίνειν
3313 2979 3375 3032 τὸ
3405 2970 3531 3032 λευ-

1948 3085 2159 3141 καίνειν
2199 3079 2332 3154 τέαρ’
2378 3080 2648 3152 Εὐριπίδῃ
2704 3079 2765 3132 ὲν
2817 3074 3176 3145 Ἀλκμαίωνι.
3238 3069 3366 3125 Sive
3418 3069 3532 3123 haec

275 3150 465 3244 fabulis
496 3148 755 3206 delcc‘ari
794 3147 964 3215 dical’
1002 3146 1233 3215 Latinas
1277 3143 1499 3202 oder“?
1531 3141 1687 3199 Nos“
1715 3141 1849 3197 illud
1875 3217 1916 3244 ,η
1954 3141 2378 3233 Eustathius-ab
2407 3141 2705 3244 Hesychia,
2732 3170 2847 3224 sive
2872 3169 2941 3223 ab
2956 3141 3071 3221 alio
3094 3161 3353 3235 quopiam
3383 3167 3532 3214 uter-

274 3241 457 3305 Persii,

332 3333 469 3389 Sunt
498 3350 634 3403 quos
664 3331 1043 3403 Pacuviusque
1068 3339 1119 3385 et
1152 3345 1443 3403 perrucosa
1470 3335 1708 3403 moretur

330 3399 588 3471 Antiopa,
614 3404 867 3459 (erumnis
908 3399 1000 3455 cor
1028 3399 1377 3470 luctificabile
1400 3399 1566 3469 fulta.

198 3558 219 3583 ο
332 3495 463 3568 Pag.
509 3496 580 3551 65
604 3513 619 3550 :
646 3494 706 3547 '0
737 3493 848 3565 γὰρ
872 3491 1188 3561 σοφώτατος
1218 3490 1520 3562 Εὐριπίδης
1549 3486 1851 3559 ποιητικῶς

262 3589 478 3657 ἐξέθετο
510 3588 701 3660 δρᾶμα
730 3588 859 3656 περὶ
880 3584 975 3639 τοῦ
1000 3583 1287 3647 Οἰδίποδος
1318 3583 1532 3654 καὶτῆς
1570 3580 1850 3650 Ἰοκάστης

260 3682 355 3737 καὶ
383 3684 489 3752 τῆς
525 3678 782 3750 Σφιγγός.
804 3676 1065 3749 ,(Εάίρυε
1113 3683 1170 3731 ct
1200 3674 1421 3752 locasta
1468 3673 1522 3727 in
1549 3671 1854 3727 Phoenissis

262 3773 329 3827 ad
372 3750 570 3844 partes
618 3778 931 3825 vocantur:
980 3768 1113 3838 quin
1145 3750 1209 3820 et'
1238 3765 1441 3820 ibidem
1484 3764 1552 3819 de
1610 3750 1855 3833 Sphinge

187 3919 206 3933 ο
259 3862 472 3915 mentio
515 3859 576 3913 ﬁt
604 3872 713 3913 non
738 3857 927 3913 semel.
958 3855 1146 3910 Potuit
1175 3855 1341 3925 igitur
1363 3851 1753 3907 Antiochensis
1785 3850 1854 3904 ad

263 3950 594 4006 Phoenissae
627 3948 922 4017 respicere,
966 3946 1150 4015 potuit
1184 3945 1251 4000 ad
1284 3943 1525 3998 fabulam
1559 3941 1853 4011 (Edipum,

257 4059 383 4114 quae
407 4043 678 4099 laudatur
705 4043 775 4097 ab
800 4039 1099 4112 Hcsychio,
1122 4053 1154 4093 a
1188 4037 1406 4093 Stobaeo
1439 4035 1757 4106 aliquoties,
1788 4033 1857 4089 ab

257 4138 562 4194 Erotiano.
1440 4160 1449 4167 .

326 4229 463 4300 Pag.
498 4228 612 4283 88:
648 4226 765 4282 Kal.
801 4224 939 4296 μετὰ
974 4221 1242 4299 Αίσχύλον
1298 4218 1645 4273 ἐϐασίλευσεν
1676 4216 1856 4271 αὐτῶν

257 4321 395 4388 (τῶν
437 4318 774 4392 Ἀθηναίων)
813 4314 1093 4387 Ἀκμαίων
1119 4313 1216 4385 ἐτη
1240 4311 1356 4375 δύο,
1388 4312 1518 4382 περὶ
1535 4303 1597 4363 οὗ
1633 4308 1860 4382 Εὐριπι-

257 4415 361 4485 δης
386 4416 417 4468 ὁ
447 4412 771 4483 σοφώτατος
796 4411 982 4479 δρᾶμα
1007 4404 1220 4472 ἐξέθετο
1239 4421 1253 4435 ·
1278 4405 1374 4458 καὶ
1401 4402 1540 4473 μετὰ
1566 4401 1860 4471 Ἀκμαίον-

257 4523 332 4560 τα
367 4503 748 4560 ὲόασίλευσαν
770 4501 953 4556 αὐτῶν
982 4499 1133 4554 ἄλλοι
1158 4503 1248 4568 ιη’.
1279 4495 1490 4552 Amabo
1518 4504 1590 4559 Ie,
1614 4493 1857 4566 Syrisce,

259 4600 495 4655 serione
560 4597 673 4650 haec
720 4609 791 4648 an
835 4593 961 4663 joco
1003 4592 1171 4660 ?quaa
1201 4599 1252 4644 te
1302 4588 1448 4643 enim
1490 4552 1677 4641 larvas,
1703 4593 1844 4655 atqtu

1972 4555 2224 4612 habuerit
2282 4552 2669 4611 Alcmaeonem,

257 4686 625 4759 intemperiae
681 4683 1000 4755 agitabant,
1048 4694 1174 4735 cum
1228 4679 1342 4732 haec
1400 4675 1715 4732 scriberes?
1756 4673 1862 4727 ποῦ

256 4796 347 4834 τοι
417 4778 628 4850 φρένες
649 4774 1093 4836 ἐκπεπότανται;
1125 4767 1404 4840 Ἀκμαίων
1449 4773 1504 4820 et
1532 4763 1865 4834 Ἀκμαίοντα

212 4937 222 4942 ν
258 4886 366 4942 pro
441 4868 765 4938 Ἀλκμαίων
808 4874 864 4922 et
931 4860 1279 4933 Ἀλκμαίωνα
1317 4858 1342 4913 ?
1375 4856 1504 4912 Muli
1556 4865 1687 4912 sunt
1737 4855 1863 4916 illa,

258 4978 379 5017 non
438 4958 713 5016 hominis.
765 4955 958 5011 Simile
1011 4959 1298 5024 peccatum
1332 4957 1439 5012 est,
1470 4947 1617 5018 quod
1673 4944 1742 5000 de
1774 4945 1869 4997 Al-

255 5068 527 5110 cmaeone
570 5047 886 5105 Atheniensi
938 5043 1264 5115 tragmdiam
1311 5040 1514 5096 factam
1560 5037 1866 5093 existimes.

260 5144 572 5217 Siquidem
597 5142 687 5197 ille
711 5147 800 5196 est
825 5139 1067 5193 Alcmaeo
1087 5134 1346 5204 Argivus,
1362 5126 1676 5198 Amphiarai
1703 5126 1868 5187 illius,

259 5215 387 5309 qui,
415 5234 578 5307 quod
613 5231 909 5302 Eriphylen
936 5236 1167 5283 matrem
1202 5221 1523 5283 occidisset,
1566 5217 1725 5273 furiis
1754 5215 1872 5286 agi-

262 5336 427 5385 tatus
473 5335 585 5382 est.
625 5324 760 5381 inde
784 5336 965 5378 scena:
988 5323 1371 5391 argumentum
1402 5321 1485 5368 est
1514 5309 1867 5382 accersitum.

260 5420 567 5476 Timocles
589 5416 853 5477 Comicus
887 5432 902 5468 :

344 5511 512 5577 Τοὺς
534 5510 645 5581 γὰρ
669 5505 1008 5581 τραγῳδρὺς
1029 5502 1284 5581 πρῷτοτς,
1303 5501 1354 5554 εί
1370 5498 1608 5581 ﬂorifer,
1633 5494 1871 5581 ς’κόπει,

354 5565 460 5648 Ὦς
482 5565 799 5649 ἶῦξρὲλοῧσὶ
829 5565 1092 5649 Ecdiciae"
1126 5576 1160 5627 ὀ
1182 5572 1304 5649 per
1331 5565 1775 5649 meditatirnc

341 5636 751 5720 ῘΙτῖυχΒτε-ρον
776 5646 970 5720 αὐτοῦ
1009 5636 1502 5720 κάταιξαθὼῄίτὸν
1536 5636 1805 5720 Τήλεφον

341 5707 725 5790 Paratur-or,
762 5717 880 5787 ἤδη
909 5717 1026 5790 thy
1063 5707 1281 5790 ξεεῆἰαν
1302 5709 1463 5790 prior:
1483 5707 1645 5790 φέροι
1664 5723 1676 5736 ο

355 5795 415 5846 Ὁ
446 5779 660 5846 νὸσῶν
688 5779 757 5844 δὲ
780 5779 1419 5858 λιαᾶικῶςᾼἈᾷκιιαίων
1444 5779 1767 5858 sweep-aio.

265 5862 636 5929 Antiphanes
680 5894 731 5914 ..
752 5846 818 5913 .’.
849 5898 863 5912 .
896 5846 1399 5926 Μακὶῧριόίέστιν
1430 5852 1464 5917 ἡ
1488 5846 1777 5917 mag-india

1955 3283 2063 3340 que
2095 3265 2400 3331 transtulit,
2448 3271 2677 3334 apparet
2724 3261 2874 3315 hunc
2922 3262 3105 3313 locum
3149 3269 3180 3310 a
3212 3251 3401 3309 multis
3422 3250 3534 3321 jam

1958 3361 2178 3416 saeculis
2230 3358 2405 3413 fuisse
2437 3356 2817 3426 depravatum.
2874 3349 2977 3416 Qui
3025 3348 3231 3402 factum
3269 3342 3536 3412 alioquin,

1960 3463 2020 3509 ut
2041 3451 2368 3508 Eustathius
2391 3446 2675 3516 tragcediae
2708 3458 2906 3498 nomen
2942 3439 3194 3494 mutilum
3228 3433 3537 3507 protulerit,

1959 3544 2069 3601 nisi
2115 3542 2259 3613 quod
2312 3540 2368 3595 in
2414 3537 2600 3593 verbis
2650 3532 3011 3604 sequentibus
3079 3532 3335 3582 cerneret
3386 3522 3541 3575 οὐδὲν

1962 3612 2149 3704 ὑγιέςξ
2185 3631 2329 3688 Idem
2381 3628 2691 3701 Hesychius
2726 3643 2741 3680 :
2774 3622 3018 3691 Ἀτενής.
3053 3620 3212 3672 Ἥκω
3260 3616 3306 3668 δ’
3344 3612 3540 3683 ἀτενὴς

1960 3727 2057 3781 ἀπ’
2089 3725 2275 3779 οἴκων.
2326 3720 2625 3793 Εὐριπιδης
2695 3713 3029 3785 Ἀλκμαίωνι
3062 3709 3138 3780 τῷ
3186 3708 3274 3761 διὰ
3317 3705 3542 3775 ψοφίδος

1962 3816 2305 3872 συντείνασα.
2336 3813 2564 3883 Corrige
2601 3808 2766 3866 sodes
2804 3808 2857 3860 in
2892 3806 3039 3858 hunc
3073 3800 3291 3855 modum
3329 3815 3344 3851 :
3376 3797 3539 3873 Εὺριε

1962 3910 2122 3980 πίδης
2191 3905 2525 3977 Ἀλκμαίωνι
2577 3901 2655 3973 τῷ
2715 3898 2805 3953 διὰ
2860 3893 3137 3964 Ψωφῖδος,
3197 3888 3539 3942 συντείνασα.

1973 4002 2215 4072 Ἀτενὴς.
2240 3999 2337 4061 ait,
2373 4007 2460 4053 est
2481 3994 2826 4053 συντείνασα,
2869 3987 3136 4043 festinans
3172 3995 3383 4038 summa
3418 3994 3543 4033 cum

1944 4098 2164 4154 -virium
2216 4097 2591 4151 contentione.
2642 4089 2816 4157 Cujus
2848 4080 3270 4156 signiﬁcationis
3293 4077 3542 4146 exempla

1963 4188 2112 4261 quod
2144 4186 2289 4242 haud
2312 4194 2518 4240 temere
2552 4179 2923 4251 reperiantur,
2948 4182 3234 4245 propterea
3263 4167 3417 4223 verbi
3454 4182 3541 4220 se-

1963 4258 2061 4337 des
2094 4294 2125 4333 a
2164 4275 2540 4348 grammaticis
2592 4272 2835 4328 indicata
2897 4276 2985 4324 est
3039 4262 3354 4334 Ἀλκμαίων
3399 4262 3427 4313 ὁ
3457 4258 3547 4312 διὰ

1965 4371 2243 4441 Ψωφῖδος.
2290 4367 2574 4422 Rationem
2612 4376 2779 4434 porro
2815 4360 2983 4428 huius
3030 4353 3409 4425 inscriptionis
3436 4367 3545 4406 non

1967 4466 2058 4519 diu
2121 4475 2297 4531 neque
2352 4456 2557 4512 frustra
2629 4442 3108 4525 quaesiverit,qui
3165 4445 3218 4499 in
3284 4457 3547 4499 memoria

2730 4558 2892 4614 quem
2958 4551 3115 4596 antea
3169 4530 3548 4593 contortorum

1970 4649 2229 4721 anguium
2260 4654 2316 4702 et
2337 4641 2649 4699 ardentium
2690 4638 2957 4693 taedarum
3002 4633 3229 4687 verbera
3275 4642 3551 4697 nusquam

1970 4719 2277 4792 consistere
2307 4738 2648 4804 paterentur,
2677 4724 2976 4796 aliquando
3020 4720 3241 4776 tandem
3274 4719 3340 4774 ad
3363 4732 3553 4773 sanam

1971 4837 2209 4885 mentem
2238 4828 2296 4881 in
2326 4822 2602 4893 Psophide
2624 4819 2878 4874 Arcadia:
2913 4816 3169 4872 rediisse.
3202 4810 3470 4868 Videatur
3500 4810 3555 4863 in

1968 4921 2253 4976 Arcadicis
2299 4917 2630 4971 Pausanias.
2689 4910 2802 4985 [l9]
2844 4909 3255 4980 Apollodorus,
3313 4905 3411 4959 lib.
3473 4918 3554 4956 nt.

1982 5010 2332 5082 Ἀλκμαίωνα
2363 5008 2421 5061 δὲ
2454 5005 2718 5076 μετῆλθεν
2752 5002 3010 5073 Ἐριννὺς
3037 4998 3134 5052 τοῦ
3174 4994 3430 5068 μητρῴου
3466 4995 3561 5062 φόο

1971 5120 2083 5168 νου,
2133 5101 2228 5155 καὶ
2280 5094 2544 5170 μεμηνὼς
2590 5093 2812 5164 πρῶτον
2851 5090 2950 5162 μὲν
2982 5092 3063 5153 είς
3099 5088 3392 5156 Ἀρκαδίαν
3422 5084 3562 5155 πρὸς

1972 5196 2177 5251 Οἰκλέα
2212 5193 2598 5264 παραγίνεται,
2631 5185 2841 5241 ἐκεῖθεν
2887 5184 2944 5237 δὲ
2979 5182 3119 5253 πρὸς
3154 5180 3389 5249 Ψωφίδα
3423 5178 3563 5248 πρὸς

1971 5288 2192 5359 Φηγέαο
2241 5283 2539 5354 καθαρθεὶς
2596 5280 2657 5333 δὲ
2709 5278 2800 5332 ὑπ’
2838 5275 3004 5331 αὐτοῦ
3064 5272 3350 5344 Ἀρσινόην
3390 5271 3562 5339 γαμεῐ

1972 5383 2071 5452 τὴν
2099 5379 2289 5433 τούτου
2314 5375 2613 5446 θυγατέρα.
2634 5371 2754 5426 Jam
2780 5368 2967 5424 monui
2993 5364 3405 5423 emendandum
3430 5378 3555 5419 esse

1974 5471 2206 5541 Ψωφῖδα
2240 5468 2449 5541 syllaba
2484 5463 2727 5522 secunda
2762 5459 3052 5533 producta.
3090 5456 3318 5511 Ovidius
3353 5471 3366 5508 :

1981 5563 2155 5636 Usque
2184 5562 2282 5619 sub
2319 5558 2710 5620 Orchomenon,
2752 5553 3153 5625 Psophidaque,
3182 5547 3563 5620 Cyllenenque.

1977 5652 2370 5712 l’ercommode
2398 5661 2578 5706 autem
2611 5649 2701 5704 hic
2732 5648 2891 5703 locus
2935 5641 3249 5713 Apollodori
3284 5640 3339 5694 in
3363 5653 3570 5693 memo-

1982 5751 2117 5805 riam
2155 5748 2289 5803 mihi
2326 5746 2495 5801 alium
2531 5743 2750 5813 redigit,
2775 5741 2832 5794 in
2858 5738 3001 5792 libro
3036 5736 3249 5806 primo:
3289 5731 3379 5801 qui
3418 5730 3568 5785 virus

1982 5842 2175 5897 doctos
2212 5842 2264 5916 in
2293 5852 2538 5894 errorem
2573 5836 2840 5919 hactenus
2887 5828 3102 5886 induxit
3137 5846 3150 5883 :
3189 5824 3454 5889 deinceps
3486 5830 3567 5877 ta-
