3966 6458
362 482 459 552 731

1230 479 1330 538 DE
1375 477 1696 540 JOANNIS
1731 476 2054 539 MALAL/E
2098 470 2753 534 CHRONOGRAPIIIA

3534 460 3642 524 73"!

362 608 512 655 men,
544 591 624 651 uti
657 604 844 661 spero,
897 603 1005 643 non
1062 586 1248 644 faciet.
1297 588 1502 652 Τυδεὺς
1531 587 1588 642 δὲ
1624 588 1698 652 ὥς
1731 605 1895 659 φησιν
1924 588 1952 639 ὁ

2056 584 2128 638 ita
2152 583 2538 656 corrigendum
2573 595 2715 645 esse,
2745 592 2959 633 cum-ex
2990 574 3095 630 hoc
3133 574 3250 630 loco
3277 572 3496 638 Photii,
3525 581 3638 626 tum

359 685 461 754 τὴν
500 681 884 751 Ἀλκμαιονεδα
923 679 1219 752 γεγραφὼς
1274 680 1494 743 κτεῖνας
1539 682 1666 744 τοὺς
1706 679 1953 741 Μέλανος

358 774 556 837 παῖδας
610 772 1063 834 ἐπιϐουλεύοντας
1099 772 1270 837 Οἰνεῖ,
1322 772 1523 841 Φηνέα,
1575 780 1681 826 etc.
1714 772 1847 837 Quae
1872 770 1952 825 sic

361 866 556 920 Latine
609 867 885 936 expressit
920 864 1194 934 interpres
1231 878 1244 913 :
1310 863 1359 918 ls
1385 864 1479 933 qui
1524 861 1950 917 Alcmmonidem

358 959 683 1027 tragoediam
726 957 975 1027 scripsit.
1023 954 1309 1010 Hominem
1346 970 1477 1010 sane
1510 954 1818 1019 liberalem,
1855 953 1950 1022 qni

358 1063 546 1103 vocem
583 1048 732 1103 illam
765 1047 1117 1120 Tragtediam
1156 1047 1391 1117 benigne
1414 1046 1577 1101 nobis
1605 1044 1674 1101 de
1706 1061 1807 1101 suo
1838 1047 1952 1099 Iar-

359 1142 505 1211 gitus
540 1150 646 1195 est.
680 1140 870 1211 Atqui,
903 1156 935 1194 ο
964 1142 1128 1205 bone,
1186 1136 1513 1208 Ἀλκμαίων
1557 1152 1619 1193 ea
1658 1137 1950 1207 tragtediao

356 1249 466 1288 non
493 1233 845 1304 Ἀλκμαιονὶς
866 1234 1210 1298 inscribitur,
1235 1238 1294 1286 ut
1320 1231 1639 1295 Erotianus,
1676 1228 1948 1296 Stobaeus,

356 1323 702 1389 Priscianus,
741 1325 950 1394 aliique
985 1332 1282 1380 testantur.
1337 1321 1512 1376 Sicuti
1540 1331 1722 1376 autem
1761 1319 1948 1376 Philo-

354 1415 459 1469 clis
493 1415 686 1487 tragici
712 1416 1002 1486 tetralogia
1031 1415 1098 1469 de
1124 1414 1409 1469 Pandione
1439 1413 1748 1477 Πανδιονὶς,
1787 1422 1951 1483 atque

351 1511 604 1583 xEschyli
634 1513 701 1567 de
721 1512 915 1569 Oreste
952 1512 1236 1584 ὐρεστεία
1269 1512 1549 1566 nominata
1571 1519 1691 1576 est;
1722 1512 1796 1566 ita
1832 1512 1946 1567 ﬁeri

355 1612 533 1672 potest
566 1611 624 1657 ut
654 1602 948 1674 Euripides
973 1606 1081 1657 tria
1115 1602 1367 1657 dramata
1401 1602 1469 1657 de
1503 1602 1813 1657 Alcmaeone
1844 1618 1949 1672 pu-

351 1696 684 1759 blicaverit,
745 1711 854 1750 una
918 1711 1046 1750 cum
1103 1701 1304 1764 quarto
1349 1692 1603 1770 Satyrico
1637 1701 1950 1765 argumenti

351 1786 582 1838 omnino
625 1786 789 1840 alieni
821 1802 835 1838 :
872 1800 1038 1855 quam
1076 1785 1346 1855 integram
1399 1783 1744 1855 tetralogiam
1828 1784 1949 1839 Ἀλ-

2058 693 2124 732 ex
2158 674 2436 747 Euripidis
2492 673 2700 733 Medea,
2761 685 2882 741 quae
2946 669 2999 723 in
3057 679 3300 723 extrema
3338 666 3519 719 fabula
3563 667 3641 719 sic

2057 766 2241 822 Jasoni
2275 765 2578 819 convitium
2606 762 2754 826 facit,
2780 761 2876 823 Τίς
2905 759 2962 813 δὲ
2992 757 3146 811 κλύει
3186 775 3278 810 σου
3318 757 3438 819 θεὸς
3471 756 3503 826 ἦ
3530 754 3640 808 δαε-

2060 877 2177 928 μων
2224 857 2317 912 τοῦ
2366 856 2669 927 ψευδόρκου
2715 854 2808 907 καὶ
2848 851 3189 916 ξειναπὰτα;
3241 850 3640 918 Aristophanes

2056 950 2252 1021 Vespis
2289 968 2305 1004 :

2122 1065 2283 1128 Εἷτις
2314 1061 2502 1130 ὑμῶν,
2536 1055 2584 1114 ὦ
2605 1056 2826 1130 θεαταὶ,
2864 1056 2977 1130 τὴν
3005 1053 3162 1130 ἐμὴν
3202 1054 3348 1108 ἰδὼν
3391 1054 3601 1130 ςοιξσιν,

2122 1119 2274 1186 Εἶτά
2298 1119 2577 1198 Οὰυμὰζει
2603 1133 2666 1197 μ’
2695 1119 2851 1196 ὀρῶν
2869 1119 3065 1198 μέονοὶ·
3093 1119 3602 1198 διεσφηκωμένον,

2127 1205 2289 1268 Ἥτις
2316 1194 2478 1270 ἡμῶν
2514 1201 2551 1270 ἡ
2582 1194 2801 1270 ’ἐτίνὸια
2824 1196 3013 1270 τῇσδξ
3046 1194 3156 1263 τῆς
3187 1195 3585 1270 ἐγκενζρίδος,

2140 1260 2373 1343 Ῥᾳδὶωξ
2395 1271 2510 1341 ἐγὼ
2533 1260 2776 1334 διδάξω,
2814 1260 2930 1321 κᾶν
2962 1260 3236 1336 ἄμουσος(
3262 1260 3303 1336 ᾖ
3333 1260 3405 1317 τὸ
3430 1265 3589 1332 πρίν.

2057 1388 2394 1445 Scholiastes
2435 1384 2662 1439 adnotat
2718 1381 2786 1436 ad
2841 1394 3058 1435 versum
3112 1376 3525 1433 novissimum:
3583 1378 3638 1431 '0

2055 1480 2235 1552 στίχος
2269 1481 2333 1532 ὲκ
2387 1475 2711 1536 Σθενεϐοίας
2739 1470 3056 1543 Εὐριπίδου.
3117 1467 3265 1523 Bene
3288 1468 3377 1537 pol
3412 1468 3634 1528 factum,

2052 1575 2197 1646 quod
2249 1586 2349 1627 nos
2402 1568 2691 1629 docuerit,
2734 1565 2879 1619 unde
2930 1563 3161 1617 tralatus
3190 1561 3263 1616 sit
3308 1561 3396 1614 hic
3432 1561 3632 1630 στίχος,

2052 1665 2198 1738 quod
2254 1663 2475 1735 quidem
2518 1662 2657 1715 alias
2692 1657 3059 1715 nesciremus.
3123 1655 3307 1724 Atque
3360 1669 3425 1712 ea
3462 1654 3632 1723 gratia

2052 1775 2160 1814 non
2194 1758 2309 1811 leve
2348 1761 2632 1826 peccatum
2663 1752 2714 1807 ei
2744 1748 3173 1806 condonabitur.
3209 1747 3501 1800 Enimvero
3528 1763 3633 1800 non

349 1878 659 1948 κμαιωνίδα
693 1840 975 1933 vocarent.
1028 1877 1136 1933 Sed
1177 1840 1393 1947 oportet
1446 1840 1756 1947 Epicharmi
1812 1877 1945 1933 illud
2050 1851 2200 1948 ἠυξ
2228 1862 2448 1948 νθτδυδζ
2473 1853 2531 1899 ω
2571 1841 3074 1948 Πιθηθχὲδξίξηδνίβ
3100 1840 3200 1948 :ed
3228 1847 3635 1948 Ρῗηὲθηωιημ

350 1986 567 2040 semper
602 1970 808 2028 habeas
839 1972 892 2027 in
926 1981 1211 2044 promptu,

1354 2087 1545 2159 ἄρθρα
1592 2086 1805 2159 ταῦτα.
1833 2083 1949 2139 τᾶν

1594 2154 1873 2231 [φρενῶν.

342 2244 677 2319 Quicunque
710 2249 857 2302 enim
889 2250 1252 2306 humaniores
1278 2250 1380 2307 bas
1420 2265 1609 2306 musas
1648 2250 1803 2316 colit,
1840 2263 1948 2304 sat-

347 2354 650 2405 penumero
684 2341 825 2394 solet
855 2356 961 2396 usu
985 2343 1175 2397 venire
1200 2350 1261 2398 ut

423 2428 591 2499 ’Ἱσκῃ
631 2426 865 2499 ψεῦδεα
890 2434 1093 2489 πολλὰ
1123 2435 1316 2505 ,λέγων
1334 2436 1644 2504 ἐτύμοισιν
1671 2416 1870 2504 ὅμοια.

350 2520 642 2591 Siquillcm
661 2526 744 2579 hae
765 2524 836 2580 de
865 2525 1243 2584 Alcmaeonide
1265 2528 1630 2597 suspiciones,
1652 2528 1781 2597 agri
1813 2534 1944 2583 sunt

347 2616 592 2683 somnia;
626 2618 826 2672 cumis
851 2620 1090 2687 scriptor
1117 2660 1133 2686 ,
1167 2622 1487 2692 quicunque
1518 2621 1739 2676 tandem
1776 2620 1947 2678 fuerit

350 2719 556 2776 (neque
604 2710 752 2764 enim
792 2711 859 2766 de
906 2720 1090 2779 :etate,
1148 2729 1324 2782 neque
1378 2715 1448 2770 de
1483 2715 1659 2784 patria
1694 2715 1821 2778 viri,
1848 2725 1945 2771 aut

348 2802 573 2856 nomine
632 2803 932 2873 quidquam
991 2806 1167 2860 habeo
1216 2809 1607 2879 compertum),
1640 2807 1943 2863 historicus

349 2891 441 2953 sit,
480 2905 584 2944 non
634 2894 897 2962 tragicus.
946 2894 1004 2947 Ὀ
1056 2895 1115 2948 δὲ
1156 2895 1255 2967 τὴν
1280 2896 1689 2966 Ἀλκμαιωνίδα
1722 2896 1941 2967 γράψας

351 2983 537 3063 (verba
571 2994 702 3038 sunt
738 2983 1027 3042 Strabonis
1076 2987 1170 3042 lib.
1220 2989 1275 3056 ιι)
1314 2988 1552 3059 Ἰκαρίου
1580 2988 1674 3042 τοῦ
1704 2987 1942 3060 Πηνελό-

349 3092 458 3143 πης
488 3076 693 3147 πατρὸς
730 3079 881 3140 υἱοὺς
914 3079 1168 3146 γενέσθαι
1196 3080 1310 3155 δύο,
1346 3080 1573 3144 Ἀλυζέα
1607 3080 1703 3135 καὶ
1727 3082 1937 3134 Λευκά-

344 3166 489 3219 διον·
527 3167 887 3223 δυναστεῦσαι
939 3169 984 3222 δ’
1040 3171 1099 3222 ὲν
1141 3171 1474 3242 Ἀκαρνανίᾳ
1516 3170 1740 3234 τούτους
1799 3171 1941 3241 μετὰ

346 2081 517 2153 Nasos
560 2084 661 2138 καὶ
691 2085 955 2155 μέμνασθ
995 2086 1311 2143 ἀπιστεῒνο

1976 1944 2021 1999 Β
2052 1941 2215 1996 modo
2246 1938 2519 2011 posterior
2565 1952 2633 1990 ex
2667 1932 2930 2004 Euripide
2960 1940 3065 1987 est.
3099 1929 3236 1985 Nam
3276 1928 3330 1983 in
3356 1929 3443 1983 his
3473 1929 3634 1984 rebus

2047 2034 2212 2089 verba
2271 2031 2406 2086 mihi
2458 2029 2578 2094 dari
2634 2027 2781 2082 haud
2812 2026 2972 2080 facile
3008 2023 3210 2095 patior,
3244 2021 3363 2092 qui,
3402 2031 3461 2075 ut
3504 2023 3631 2084 sris,

2047 2125 2378 2195 Fragmenta
2403 2122 2650 2175 (nimium
2687 2125 2971 2190 poetarum
3003 2116 3322 2172 Graecorum
3359 2113 3474 2186 [2i]
3511 2128 3633 2167 cum

2046 2214 2529 2274 emendationibus
2561 2220 2618 2269 et
2645 2210 2790 2266 notis
2823 2208 3033 2281 grande
3079 2223 3220 2277 opus
3245 2206 3410 2262 edere
3435 2206 3636 2262 consti-

2047 2323 2258 2366 tueram
2294 2326 2310 2362 :
2345 2323 2515 2371 nunc,
2548 2315 2610 2362 ut
2638 2305 2818 2369 aiunt,
2868 2302 3061 2366 Ἀλλος
3090 2301 3231 2372 βίος,
3256 2300 3394 2373 ἄλλη
3430 2299 3631 2354 δίαιτα.

2048 2399 2374 2455 Plutarchus
2396 2393 2801 2468 Συμποσιακῶν
2835 2392 2890 2459 1,
2927 2392 2987 2447 5.

2116 2510 2251 2578 Πῶς
2279 2510 2505 2578 εἴρηται
2534 2508 2604 2563 τὸ
2634 2547 2651 2562 .
2682 2547 2737 2578 ._.
2767 2547 2781 2561 .
2867 2503 3268 2578 Μουσικὴν-δ’

2121 2570 2310 2649 Ἔρως
2328 2570 2622 2645 διδάσκει,
2642 2576 2759 2632 κᾶν
2786 2575 3054 2648 ἄμουσος
3076 2570 3117 2647 ἦ
3136 2570 3214 2628 τὸ
3245 2570 3419 2643 πρίν,

2045 2695 2217 2761 Quem
2251 2709 2354 2765 ego
2383 2693 2566 2748 locum
2614 2690 2884 2755 admiror,
2915 2703 3041 2744 cum
3074 2688 3195 2743 sine
3236 2685 3406 2742 dubio
3434 2684 3632 2755 depra-

2043 2796 2203 2842 vatus
2231 2787 2322 2849 sit,
2357 2783 2562 2840 nemini
2594 2797 2839 2853 unquam
2884 2781 2940 2836 in
2985 2780 3358 2851 suspicionem
3391 2778 3628 2834 venisse.

2042 2877 2121 2932 Ita
2143 2873 2423 2941 exhibent,
2449 2884 2508 2930 ut
2536 2875 2699 2945 vulgo
2733 2873 2947 2943 legitur,
2981 2870 3244 2926 Erasmus
3275 2878 3329 2924 et
3349 2866 3467 2925 Jos.
3501 2867 3633 2924 Sca-

2040 2969 2174 3040 liger
2204 2969 2261 3022 in
2290 2966 2639 3031 Proverbiis;
2669 2967 2745 3020 ita
2770 2963 2996 3019 Grotius
3030 2963 3087 3018 in
3109 2961 3423 3031 Excerptis.
3490 2959 3629 3030 Spes

2040 3071 2222 3115 tamen
2279 3065 2386 3124 est,
2423 3064 2482 3112 ut
2513 3072 2662 3113 nunc
2686 3057 2801 3127 jam
2828 3057 3030 3112 dehinc
3051 3063 3160 3110 tam
3191 3061 3350 3124 turpe
3380 3060 3625 3109 erratum

2037 3156 2104 3207 ex
2153 3151 2308 3207 libris
2337 3159 2392 3207 et
2424 3152 2694 3207 memoria
2750 3149 3039 3205 hominum
3082 3146 3389 3203 auferatur.
3422 3144 3627 3216 Legcnt

346 3256 442 3310 τοῦ
471 3259 699 3327 πατρός.
724 3259 789 3312 Ει
815 3260 1034 3329 quidem
1077 3262 1333 3330 Euripide
1364 3264 1648 3318 vetustior.
1680 3262 1930 3317 Scholia-

2038 3247 2182 3301 enim
2209 3244 2302 3315 qui
2338 3245 2575 3315 sapient,
2612 3242 2895 3315 μουσικὸν,
2930 3257 3039 3296 non
3092 3242 3384 3313 μουσικήν.
3418 3242 3628 3295 Μουσι-

347 3358 465 3402 stes
496 3346 561 3400 ad
594 3347 843 3403 Orestem
871 3366 923 3403 v.
951 3350 1086 3404 l000
1115 3370 1127 3406 :
1174 3353 1511 3406 Ἀκολουοεῖν
1540 3353 1738 3408 δοκεῖὸ
1763 3354 1928 3424 Εὐρι-

347 3439 511 3507 πίδης
539 3439 619 3510 τῷ
665 3442 764 3509 τὴν
820 3442 1220 3511 Ἀλκμαιωνίδα
1267 3444 1331 3513 (ω
1376 3445 1560 3500 scribe
1586 3444 1748 3498 etiam
1785 3444 1929 3513 apud

345 3533 763 3600 Apollodorum,
802 3550 913 3589 non
966 3535 1039 3604 0.)
1094 3536 1420 3606 πεποιηκότι
1473 3539 1553 3600 εἰς
1580 3537 1650 3591 τὰ
1678 3538 1808 3610 περὶ
1831 3536 1931 3609 τὴν

345 3623 505 3694 ἄρνα,
557 3627 629 3688 ὡς
667 3625 762 3679 καὶ
793 3626 1071 3690 Διονύσιος
1104 3628 1132 3680 ὁ
1158 3628 1540 3699 κυκλογρὰφος
1580 3629 1736 3700 φησι.
1762 3630 1930 3700 Φερε-

347 3717 516 3787 κύδης
545 3718 602 3770 δὲ
633 3719 694 3771 οὐ
720 3718 840 3772 καθ’
881 3718 1083 3789 Ἑρμοῦ
1119 3719 1289 3790 μῆνίν
1315 3738 1449 3791 φησι
1488 3721 1591 3791 τὴν
1636 3723 1774 3791 ἄρνα
1800 3722 1933 3775 ὑπο-

345 3809 631 3885 ϐληθῆναι.
671 3809 786 3881 [ΞΟ]
836 3810 894 3863 Ὁ
913 3810 969 3862 δὲ
1009 3809 1104 3882 τὴν
1147 3811 1547 3882 Ἀλκμαιωνίδα
1594 3812 1811 3884 γράψας
1843 3815 1931 3868 τὸν

346 3901 591 3969 ποιμένα
610 3892 1032 3971 προσαγαγόντα
1061 3903 1123 3956 τὸ
1156 3903 1410 3973 ποίμνιον
1443 3903 1520 3975 τῷ
1562 3904 1744 3973 Ἀτρεῖ
1807 3906 1931 3959 ἀντ-

344 3994 634 4049 αποκαλεῐ.
686 3993 827 4058 Quid
862 3997 960 4050 tibi
999 3996 1178 4050 dicam
1207 3997 1562 4065 depravatum
1590 3997 1722 4051 mihi
1756 3998 1929 4052 videri

342 4086 575 4140 verbum
614 4086 748 4141 illud
784 4089 1165 4158 postremum?
1201 4087 1340 4161 Χροῒ
1360 4090 1504 4144 enim
1536 4089 1721 4157 δῆλον,
1751 4090 1812 4143 τὸ
1835 4090 1929 4143 τοῦ
1948 4132 1971 4146 .

341 4179 671 4249 Φερεκύδου,
720 4181 825 4251 leg.
866 4180 1109 4235 Ἀνταῖον
1170 4183 1438 4237 ἀποκαλεῖ
1488 4184 1571 4238 vel
1600 4184 1931 4255 Ἄντανδρον

342 4272 498 4324 καλεῖ
531 4273 615 4327 vel
648 4273 932 4342 Ἄντιφον,
963 4275 1048 4329 vel
1092 4275 1275 4330 simile
1304 4258 1619 4346 quippiam;
1649 4293 1775 4331 cum
1811 4279 1932 4333 sine

341 4367 714 4421 controversia
741 4366 881 4422 desit
917 4382 1112 4423 nomen
1137 4368 1402 4423 Pastoris.
1439 4368 1563 4425 Haec
1592 4370 1776 4432 habui,
1800 4369 1930 4423 Milli

338 4454 761 4525 jucundissime,
813 4471 936 4526 qua:
993 4456 1062 4512 de
1111 4458 1420 4513 Alcmaeone
1470 4467 1524 4514 et
1564 4459 1935 4514 Alcmaeonide

340 4560 456 4610 ore,
517 4550 593 4599 ut'
625 4547 842 4615 opinor,
895 4548 1005 4603 alio
1060 4548 1267 4603 indicta
1309 4549 1550 4604 dicerem
1584 4564 1598 4602 :
1635 4564 1745 4602 non
1786 4549 1932 4603 enim

2034 3338 2130 3391 κὸν
2157 3337 2422 3402 διδάσκει,
2452 3337 2491 3390 i.
2522 3351 2573 3391 e.
2610 3333 2844 3405 ποιητὴν
2867 3333 3247 3399 ἀποδείκνυσι,
3278 3340 3491 3402 poetam
3516 3333 3628 3386 red-

2033 3428 2152 3482 dit:
2188 3427 2345 3498 quasi
2372 3428 2475 3482 hoc
2504 3425 2730 3481 senario
2758 3424 2954 3481 Latine
2987 3424 3199 3480 dixeris
3233 3442 3249 3480 :
3282 3425 3456 3479 Amor
3496 3438 3624 3494 poe-

2035 3531 2143 3575 tam
2198 3521 2284 3575 vel
2329 3517 2459 3574 facit
2511 3518 2593 3575 vel
2629 3518 2855 3573 invenit.
2905 3518 3021 3573 Ars
3059 3518 3271 3572 musica
3298 3524 3354 3572 et
3382 3517 3620 3573 Studium

2033 3612 2301 3665 musicum
2333 3620 2418 3666 est
2445 3610 2679 3681 poetica.
2711 3608 3006 3664 Terentius
3036 3627 3050 3663 :
3084 3607 3143 3663 Is
3172 3607 3276 3663 sibi
3314 3622 3619 3677 responsum

2032 3702 2130 3756 hoc
2152 3701 2372 3765 habeat;
2401 3703 2457 3755 in
2484 3700 2653 3756 medio
2695 3701 2940 3756 omnibus
2959 3700 3197 3772 patrnam
3226 3715 3343 3754 esse
3371 3701 3616 3768 positam,

2030 3790 2121 3865 qui
2168 3802 2334 3848 artem
2393 3800 2625 3847 tractant
2663 3793 2940 3847 musicam.
2985 3791 3060 3845 Ea
3119 3801 3302 3845 autem
3350 3788 3623 3861 signiﬁca-

2008 3883 2112 3939 -tio
2148 3882 2241 3936 τοῦ
2294 3883 2564 3937 διδάσκειν
2614 3882 2916 3951 elegantior
2970 3880 3134 3952 paulo
3179 3888 3265 3936 est
3306 3889 3361 3935 et
3416 3880 3620 3943 rarior,
3695 3923 3703 3933 .

2034 3982 2434 4046 proptereaque
2487 3972 2668 4028 fraudi
2719 3972 2824 4029 fuit
2877 3973 3164 4029 librariis:
3223 3978 3467 4028 attamen
3512 3987 3621 4027 non

2033 4069 2229 4122 desunt
2249 4067 2522 4137 exempla.
2559 4067 2844 4137 Aristoph.
2872 4066 3044 4123 [lanis
3071 4083 3089 4122 :

2031 4160 2141 4215 Καὶ
2166 4160 2248 4214 σὺ
2286 4159 2342 4213 τί
2370 4158 2446 4227 δὴ
2472 4157 2703 4229 δράσας
2732 4158 2955 4227 αὐτοὺς
2975 4159 3167 4228 οὕτως
3199 4160 3482 4297 dit-8,3813;-
3502 4160 3621 4215 ἐδι-

3363 4250 3402 4286 α
3444 4248 3548 4297 ac;

3363 4248 3548 4298 αςαςξ

2036 4323 2227 4378 Sedet
2256 4322 2347 4376 hic
2374 4322 2533 4377 locus
2561 4322 2617 4376 in
2657 4321 2796 4377 vitio
2820 4327 2940 4389 est;
2984 4329 3042 4378 et
3072 4322 3369 4393 legendum
3393 4334 3621 4379 auctore

2034 4428 2138 4468 ms.
2175 4411 2482 4468 Omniensi
2513 4432 2527 4466 :

2035 4506 2143 4560 Καὶ
2171 4506 2253 4560 σὺ
2277 4505 2334 4559 τί
2355 4503 2588 4573 δράσας
2612 4505 2800 4572 οὕτως
2827 4505 3053 4573 αὐτοὺς
3085 4506 3624 4649 τενναίρὲςξέξεδιο

3355 4593 3395 4631 α
3436 4594 3552 4647 ac;

3355 4593 3511 4647 αζας
3531 4595 3552 4642 ἶ

342 4637 777 4737 placet-eorum.
801 4639 974 4737 ratio,
1004 4642 1100 4737 qui
1125 4655 1252 4737 cum
1286 4655 1450 4696 mem
1477 4640 1773 4694 οοτηίουίπ
1799 4640 1933 4704 Simo
1967 4654 2011 4707 D
2040 4664 2266 4737 Vulgata
2302 4664 2471 4721 lectio
2493 4678 2618 4719 cum
2655 4674 2884 4735 propter
2919 4665 3025 4719 alia
3062 4666 3248 4720 minus
3274 4637 3618 4736 placentum

322 4730 694 4785 emendicatis
726 4730 856 4787 hinc
880 4731 1008 4788 inde
1047 4732 1249 4801 plumis
1290 4746 1581 4803 germanos
1607 4747 1846 4801 pavones
1877 4748 1935 4788 se

339 4819 680 4888 pollicentur.

410 4911 539 4982 Pag.
577 4914 700 4969 104.
739 4913 907 4970 Multa
936 4927 1127 4971 narrat
1160 4915 1386 4970 Malalas
1417 4914 1486 4971 de
1530 4915 1738 4984 Prmto,
1768 4914 1930 4974 Sthe-

337 5004 533 5058 neboea
569 5014 620 5059 et
654 5005 1096 5077 Bellerophonte,
1133 5004 1320 5069 καθὼς
1359 5005 1738 5077 συνεγράψαντο
1765 5008 1928 5080 Εὐρι-

337 5092 499 5162 πίδης
552 5097 580 5148 ὁ
610 5096 874 5167 τραγικὸς
907 5099 1139 5167 ποιητὴς
1187 5096 1486 5167 πληρώσας
1510 5099 1572 5152 τὸ
1597 5100 1802 5171 δρᾶμα.
1838 5101 1924 5155 ln-

336 5186 522 5258 tellige
556 5188 622 5244 de
647 5187 834 5245 fabula
868 5189 1220 5253 Sthencbma,
1258 5191 1420 5258 cuius
1454 5195 1660 5247 lllelllio
1690 5194 1746 5248 [lt
1782 5194 1925 5264 apud

334 5277 680 5344 Athenmum,
731 5283 1035 5348 Stobzeum,
1058 5284 1218 5338 alios.
1254 5282 1435 5340 Julius
1463 5285 1673 5351 Pollux,
1710 5286 1806 5341 lib.
1840 5303 1921 5351 ιιι,

335 5386 454 5437 cap.
478 5370 513 5422 αι
538 5390 550 5425 :
581 5370 812 5442 Εἴρηται
839 5371 899 5426 δὲ
926 5371 1201 5446 {evasti-.1;
1227 5378 1356 5445 παρ’
1390 5377 1679 5463 Εὐριπίδῃ,
1713 5378 1921 5434 Nomen

337 5464 616 5551 tragoedia:
655 5481 765 5520 non
797 5479 1225 5535 commemorat;
1253 5471 1477 5527 aliunde
1496 5479 1678 5528 tamen
1715 5475 1921 5531 scimus

339 5555 480 5609 hanc
514 5573 639 5612 esse
661 5559 729 5612 de
752 5574 857 5628 qua
880 5562 1112 5631 agimus,
1134 5560 1545 5619 Sthenebmam.
1576 5566 1916 5632 Ξεναπὰτας,

337 5646 412 5698 ait
443 5646 673 5701 PliOlllli
707 5664 838 5712 ms.,
874 5649 1017 5713 ἰδίως
1047 5651 1140 5704 ἐπὶ
1171 5652 1301 5705 τῶν.
1338 5692 1351 5706 .
1387 5691 1400 5706 .
1431 5653 1561 5706 ὅταν
1589 5652 1662 5724 μὴ
1687 5653 1918 5708 τοιοῦτοι

341 5737 577 5790 πνέωσιν
636 5739 824 5809 ἄνεμοι.
878 5742 934 5793 ἐν
993 5745 1106 5805 τοῖς
1162 5742 1480 5810 πελάγεσιν,
1515 5745 1775 5797 ὀποῖοιὲν
1806 5747 1917 5809 τοῖς

341 5828 557 5893 λιμέσιν
618 5832 908 5905 Εὐριπίδης
944 5835 1254 5906 Σθενεϐοίᾳ.
1288 5837 1383 5899 Τίς
1422 5835 1591 5905 ἄνδρα
1640 5837 1762 5890 τινὰ
1796 5835 1913 5901 ξεν-

552 5942 573 5969 ι.
608 5921 691 5973 fit:
711 5924 791 5977 ilic
820 5941 995 5981 autem
1022 5927 1071 5981 in
1092 5926 1311 5981 Pollucc
1339 5926 1912 5997 Ξεναπάτης.Αρρ;ιιίτῑ

2034 4757 2106 4810 ob
2165 4758 2269 4810 hoc
2319 4755 2632 4828 praecipue,
2671 4756 2820 4826 quod
2867 4755 2931 4808 τὸ
2981 4756 3339 4827 τετραπόδων
3394 4758 3512 4813 sive
3563 4775 3617 4814 tv

2033 4849 2279 4919 priorum
2310 4848 2510 4918 pedum
2538 4856 2803 4903 Incusura
2834 4863 2947 4902 non
2978 4849 3144 4905 debet
3176 4850 3232 4905 in
3265 4850 3615 4907 dimidiatum

2030 4943 2258 4997 verbm"
2299 4941 2581 4996 desinere.
2650 4938 2800 4994 Idem
2852 4938 3194 4996 Plutarchus
3246 4941 3383 5012 Περὶ
3414 4942 3508 4995 τοῦ
3543 4944 3619 5014 μὴ

2029 5035 2166 5105 χρᾷν
2191 5032 2443 5103 ἔμμετρα
2474 5030 2568 5085 νῦν
2592 5034 2692 5100 τὴν
2713 5031 2944 5086 Πυθίαν.
2986 5033 3045 5085 Ὀ
3086 5032 3129 5085 δ’
3155 5032 3481 5103 Εὐριπίδης,
3515 5036 3613 5100 ait,

2029 5125 2221 5188 εἰπὼν,
2250 5123 2325 5190 ὥς
2351 5125 2592 5178 διδάσκει
2626 5125 2857 5196 ποιητὴν
2890 5124 3054 5196 ἔρως,
3100 5126 3203 5179 κᾶν
3231 5127 3471 5197 ἄμουσος
3554 5130 3614 5181 τὸ

2028 5220 2178 5288 πρὶν,
2203 5219 2423 5286 ἐνόησεν
2443 5219 2550 5278 ὅτι,
2581 5228 2636 5272 ct
2662 5236 2786 5287 quae
2816 5220 3612 5285 sequuntur.Niciasmedicus

2025 5312 2168 5381 apud
2203 5310 2392 5366 Schol.
2423 5310 2700 5365 Theocriti
2739 5313 2895 5382 Hyll.
2943 5329 2991 5366 xl
3027 5330 3040 5364 :

2023 5397 2135 5456 Ἦν
2165 5402 2254 5475 ἄρ’
2284 5404 2728 5475 ἀληθὲς-τοῦτο,
2775 5406 3074 5475 Θεόκριτεο
3109 5409 3162 5459 οἱ
3208 5408 3317 5474 γὰρ
3358 5407 3611 5475 ἐρῶντες

2022 5472 2292 5527 Πολλάκι
2321 5474 2570 5541 ποιητὰς
2599 5474 2887 5537 ἐδίδαξαν
2922 5476 3064 5541 τοὺς
3101 5472 3245 5544 πρὶν
3277 5472 3604 5545 ἀμούσουςξ

2023 5564 2129 5619 Sed
2155 5580 2267 5635 quo
2303 5580 2390 5620 me
2420 5581 2642 5635 cunque
2666 5566 2900 5635 recipio,
2933 5570 3121 5622 omnia
3147 5570 3435 5639 conspicio
3457 5587 3609 5626 men-

2019 5657 2105 5712 dis
2141 5668 2195 5711 et
2232 5659 2466 5713 maculis
2500 5659 2812 5728 inquinata.
2836 5658 3138 5715 Ecceeuim
3163 5672 3217 5716 et
3240 5663 3369 5717 huic
3392 5664 3605 5719 medico

2018 5747 2292 5801 medicina
2328 5747 2637 5802 adhibenda
2676 5756 2781 5802 cst.
2808 5747 3174 5803 Scrihendunt
3212 5759 3318 5817 est,
3356 5752 3601 5823 inquam,

2017 5859 2165 5933 [22].
2208 5899 2228 5933 _.
2262 5902 2274 5915 .
2317 5901 2331 5915 .
2368 5898 2384 5913 .
2419 5901 2432 5915 .
2477 5901 2501 5933 .7
2537 5903 2549 5916 .
2591 5862 2828 5933 καὶγὰρ
2861 5865 3109 5931 Ἔρωτες

2014 5930 2281 5986 Πολλάκιι
2303 5932 2551 6001 ποιητὰς
2597 5932 2882 5996 ἐδίδαξαν
2920 5930 3057 6000 τοὺς
3093 5935 3234 6003 πρὶν
3263 5938 3596 6007 ἀμούσους,
