3966 6494
290 486 399 549 733
1399 489 1764 551 ΕΡΙΞΤΟΙ.Α
1798 494 2007 555 RICH.
2040 497 2424 557 BENTLEII.
3476 498 3580 563 73L

362 595 508 664 Pag.
550 593 675 650 106.
705 590 844 665 Περὶ
890 593 950 647 δὲ
999 597 1099 666 τῆς
1133 596 1428 670 Πασιφάης
1467 599 1682 666 ἐξέθετο
1704 601 1856 674 δρᾶμ

1957 605 2291 673 .ducuntur,
2350 620 2534 663 scenae
2586 612 2873 677 ponuntur
2907 607 2963 661 in
3010 600 3157 663 locis
3196 607 3559 677 disjunctissr

288 685 606 756 Εὐριπίδης
634 687 663 739 ὁ
696 685 950 757 ποιητής.
974 684 1225 753 inanem;
1269 688 1403 742 mihi
1435 690 1620 753 (rede,
1662 706 1856 761 operar

1993 697 2148 752 simis
2186 698 2541 767 maximeque
2596 697 2856 753 diversis.
2908 698 3025 753 [llic
3065 699 3279 753 lcarmn
3307 700 3495 755 cernis
3523 710 3579 754 et

288 779 649 848 sumpserit,
699 779 795 849 qui
844 778 1129 869 Euripidis
1186 780 1517 851 Pasiphaen
1582 784 1888 838 instituerit
1938 778 1945 779 ί
1988 788 2297 860 Pasiphaen
2333 807 2346 842 :
2381 791 2435 845 in
2461 789 2681 845 Cressis
2715 791 2991 859 Aeropen,
3025 793 3219 855 Atrea,
3252 791 3575 862 Thyestem.

288 884 572 940 quaerere.
592 869 710 924 Non
734 880 945 925 temere
968 870 1094 924 dico
1120 878 1285 941 atque
1304 872 1559 942 equidem
1584 882 1739 929 certe
1757 876 1856 930 SCit

1989 882 2090 938 Hic
2120 885 2283 954 Argis
2346 883 2741 953 Peloponnesi,
2802 883 2922 938 illic
2963 884 3016 938 in
3070 883 3231 939 Creta
3262 883 3444 939 insula
3483 901 3575 940 res

288 962 575 1016 neminem
609 976 675 1016 οι
708 961 1080 1031 scriptoribus
1097 963 1335 1019 νειιιειίε
1364 963 1525 1017 hodie
1559 979 1881 1033 superesse,
1988 985 2249 1046 aguntur,
2284 977 2693 1048 Aristophanes
2716 978 2920 1047 Vespis
2955 994 2967 1028 :

286 1052 379 1122 qui
404 1052 519 1105 tale
540 1051 843 1121 quidquam
884 1052 1170 1106 memoria:
1202 1051 1519 1107 tradiderit.
1555 1053 1856 1124 llesychiu:

2095 1067 3157 1123 ..........’...Τοῦτοδὲ

284 1156 497 1206 tamen,
529 1141 741 1215 Σαρδὼ,
774 1143 872 1206 ait,
892 1144 950 1196 ὲν
973 1145 1231 1218 Πασιφάῃ
1262 1146 1323 1197 τὸ
1352 1145 1677 1217 σαρδόνιονή
1707 1163 1881 1218 σφρα-
2094 1138 2282 1209 ’ᾍδης
2304 1137 2601 1207 διακρινεῖ
2627 1140 2919 1206 πρότερον
2954 1137 2991 1205 ἢ
3037 1137 3136 1207 ’γὼ
3162 1137 3471 1206 πείσομαι.

281 1233 372 1301 γὶς
400 1233 663 1305 dgnus,-
707 1250 869 1303 quem
908 1234 952 1289 si
994 1235 1062 1290 ad
1104 1235 1462 1307 Euripideam
1495 1238 1739 1293 fabulam
1785 1254 1856 1294 re

1986 1225 2087 1282 Ubi
2144 1227 2505 1291 scholiastes,
2551 1228 2640 1281 Ἐν
2676 1229 2985 1299 Κρήσσαις,
3043 1228 3141 1290 ait,
3189 1226 3505 1296 Εὐριπίδου,
3541 1227 3569 1278 ό

284 1327 541 1395 spexis-se
596 1326 874 1397 quispiam
904 1327 1226 1391 existimet,
1307 1338 1500 1384 caveat
1560 1339 1779 1397 monet),
1825 1346 1855 1386 e

1996 1315 2221 1385 Ἀτρεὺς
2262 1316 2402 1388 πρὸς
2453 1317 2555 1388 τὴν
2623 1317 2892 1387 Ἀερόπην
2953 1319 3132 1389 κρινεῖ
3160 1315 3353 1370 ταῦτα.
3410 1316 3567 1372 Unde

286 1419 691 1474 existimationi
761 1436 875 1473 suae
911 1420 1140 1475 insidias
1193 1422 1375 1490 parari
1419 1422 1643 1492 cogitet.
1701 1423 1854 1477 Alcm

1983 1405 2333 1476 perspicuum
2397 1416 2506 1473 est,
2568 1408 2623 1462 in
2682 1409 2971 1477 superiore
3002 1408 3127 1462 loco
3175 1406 3561 1477 corrigendum

284 1512 511 1582 quidem
546 1513 818 1566 commdia
858 1510 1137 1580 Pasiphae
1198 1512 1471 1583 inscripta
1506 1521 1628 1579 est,
1680 1523 1737 1567 ut
1769 1513 1856 1568 sci

1980 1512 2124 1563 esse,
2170 1498 2442 1570 Ἀερόπην
2467 1499 2563 1571 τὴν
2612 1501 2670 1552 ὲν
2694 1501 2816 1562 ταῖς
2868 1500 3176 1569 Κρήσσαις.
3225 1496 3566 1568 Porphyrius

284 1619 408 1656 mus
429 1617 497 1655 ex
538 1602 858 1656 Didascalia
889 1599 1038 1656 Pluti
1087 1602 1494 1672 Aristophanis
1535 1622 1549 1658 :
1591 1605 1856 1676 Ἐδιδάχθτ

1972 1589 2077 1643 .lib.
2118 1607 2189 1655 Iv,
2229 1590 2304 1646 De
2339 1592 2678 1647 abstinentia
2711 1611 2724 1647 ε
2759 1589 2977 1661 Μικροῦ
3005 1608 3072 1660 με
3105 1589 3351 1660 παρῆλθε
3379 1590 3475 1641 καὶ
3505 1591 3568 1640 τὸ

283 1696 374 1748 ἐπὶ
399 1696 669 1766 ἄρχοντος
711 1694 1108 1765 ’Δντιπάτρου,
1166 1694 1678 1767 ἀνταγωνιζομένου
1725 1698 1876 1769 αὑτῷ
1977 1682 2321 1753 Εὐριπίδειον
2363 1684 2731 1756 παραθέσθαιν
2759 1684 2818 1748 ὃς
2842 1686 2968 1747 τοὺς
3011 1686 3068 1736 ὲν
3104 1681 3302 1756 Κρήτῂ
3323 1680 3417 1734 τοῦ
3442 1682 3568 1745 Διὸς

284 1788 631 1859 Νικοχάρους
653 1786 1045 1857 μὲνΛάκωσιν,
1085 1786 1584 1859 Ἀριστομένουςδὲ
1601 1791 1870 1863 Ἀδμήτῳ,
1977 1777 2264 1846 προφήτας
2289 1776 2596 1848 ἀπέχεσθαί
2642 1794 2777 1847 φησι
2825 1775 2916 1829 διὰ
2959 1774 3189 1829 τούτων·
3226 1773 3462 1843 Λέγουσι
3506 1772 3565 1825 δδι

285 1880 634 1948 Νικοςεῶντος
689 1879 745 1933 δὲ
804 1879 1068 1937 Ἀδώνιδι.
1152 1879 1403 1933 Ἀλκαίου
1465 1881 1524 1934 δὲ
1592 1883 1903 1956 Πασιφάῃκ.
1974 1866 2025 1918 οἱ
2056 1866 2198 1919 κατά
2235 1867 2328 1921 τὸν
2354 1869 2514 1939 χορὸν
2539 1869 2677 1938 πρὸς
2708 1868 2798 1921 τὸν
2832 1868 2990 1921 Μίνω
3015 1882 3028 1896 ⁶

2228 1959 2684 2028 Φοινικογενοῦς
2712 1958 2824 2011 παῖ
2846 1957 2958 2025 τῆς
2992 1957 3204 2023 Τυρίας

2234 2028 2457 2083 Τέκνον
2480 2025 2779 2097 Εὐρώπης
2809 2029 2909 2082 καὶ
2935 2028 3042 2081 τοῦ
3064 2025 3334 2095 μεγάλου

2222 2099 2437 2166 Ζηνὸς,
2478 2100 2771 2153 ἀνάσσων

2220 2168 2459 2235 Κρήτης
2493 2166 3073 2238 ἐκατομπτολιέθρου
3099 2183 3112 2197 ·

2224 2240 2380 2294 Ἥκω
2410 2238 2654 2300 ζαθέους
2672 2236 2879 2302 ήναοὺς
2901 2236 3237 2303 προλιπὼν,

2231 2309 2349 2374 Οὓς
2369 2308 2692 2375 αὐθιγενὴς
2724 2308 3017 2377 τμηθεῖσα
3038 2305 3186 2373 δρῦς

2220 2374 2557 2448 Στεγανοὺίς
2591 2374 2836 2447 παρέχει
2876 2378 3121 2446 χαλύϐῳ
3152 2374 3414 2441 πελέκει,

2223 2450 2333 2503 Καὶ
2357 2448 2722 2516 ταυροδέτρῳ
2747 2448 2955 2516 κραθεῖ

294 2516 460 2585 σκύτη
490 2516 727 2586 βλέπειν.
768 2516 971 2573 Verum
999 2520 1189 2577 hercle
1223 2535 1547 2591 quanquam
1572 2522 1856 2578 admodum

2215 2522 2277 2572 Σ’
2318 2519 2607 2588 ἀτρεκοῦς
2647 2518 2874 2587 ἁρμοὺς
2918 2516 3341 2591 κυπαρίσσου,

289 2622 494 2678 nupera
519 2619 600 2663 est
633 2609 783 2665 inter
810 2625 915 2666 nos
958 2611 1159 2666 notitia
1185 2629 1201 2677 ;
1234 2627 1324 2668 me
1376 2621 1563 2668 tamen
1588 2622 1644 2668 et
1673 2629 1867 2684 preca-
1969 2621 2161 2679 etquae
2185 2624 2507 2683 sequuntur.
2529 2608 2606 2664 Ita
2631 2611 2807 2665 locum
2831 2609 2975 2664 hunc
2993 2594 3289 2664 emendare
3319 2616 3557 2664 conatus

286 1969 391 2025 Sed
422 1968 705 2039 Euripidis
735 1968 1050 2038 Pasiphaen
1125 1985 1403 2039 nusquam
1443 1974 1703 2041 cuiquam
1751 1974 1873 2028 lau-
1905 1957 1950 2012 Β

289 2061 410 2117 dari
440 2063 700 2131 reperies.
733 2061 875 2127 Quid
924 2060 1094 2131 igitur
1145 2062 1284 2118 iiet?
1315 2062 1456 2118 Num
1495 2079 1623 2118 nam
1672 2066 1872 2120 Antio-

292 2154 539 2215 chensis,
573 2168 700 2207 cum
731 2152 845 2206 haec
898 2153 1193 2218 scriberet,
1244 2155 1570 2209 memoriola
1596 2156 1874 2212 vacillavit

296 2244 645 2315 γεροντικῶς.
666 2260 734 2297 an
760 2242 1048 2298 mendacio
1067 2252 1298 2299 conatus
1316 2252 1403 2300 est
1420 2244 1634 2301 fallere?
1651 2245 1878 2301 Utrum-

298 2336 434 2390 libet
491 2350 617 2390 sane
677 2335 894 2401 fecerit,
964 2335 1114 2390 haud
1178 2336 1482 2392 arbitrario
1540 2340 1868 2409 vapulabit:

298 2433 459 2494 atque
486 2426 618 2480 adeo
668 2425 879 2481 dudum
928 2435 1038 2493 est,
1087 2427 1238 2497 quod
1281 2429 1685 2485 homunculum
1707 2431 1871 2487 video

288 2707 455 2753 torem
496 2699 723 2755 habebit
782 2708 837 2756 et
898 2701 1251 2758 defensorem
1295 2711 1596 2773 paratum:
1635 2716 1760 2760 cium
1812 2706 1868 2760 οἱ

285 2790 422 2845 alias
446 2791 653 2846 soleam
699 2807 825 2849 esse
864 2793 922 2848 in
976 2795 1242 2850 amicitiis
1288 2796 1495 2852 lidelis.
1533 2797 1673 2854 Dico
1699 2800 1867 2872 igitur

285 2881 593 2954 Euripidem
619 2886 949 2956 tragoediam
981 2887 1207 2957 quidem
1264 2889 1331 2944 de
1363 2888 1636 2961 Pasiphae
1684 2894 1866 2962 publi-

283 2990 457 3038 casse,
488 2976 724 3031 minime
746 2986 931 3032 tamen
971 2978 1280 3047 Pasiphaen
1354 2981 1737 3051 inscripsisse,
1765 2985 1864 3039 sed

285 3065 574 3123 Cretenses.
611 3068 726 3124 Nec
793 3077 851 3122 tu
905 3070 1043 3126 mihi
1104 3071 1174 3126 de
1211 3073 1498 3143 Κρήσσαις
1531 3074 1636 3129 Ιιοο
1672 3090 1866 3145 perpe-

286 3172 395 3211 ram
426 3158 713 3230 intelligas,
748 3174 873 3230 qua:
900 3176 966 3216 ex
1002 3162 1284 3227 Athenazo,
1307 3162 1525 3219 διιὼωο
1550 3174 1605 3219 et
1644 3168 1864 3224 aliunde

286 3249 411 3303 satis
465 3250 519 3303 in
579 3251 831 3305 notitiam
864 3261 1181 3306 venerunt:
1217 3251 1313 3306 sed
1352 3256 1421 3308 de
1469 3254 1672 3324 quibus
1703 3256 1863 3312 hodie

284 3337 501 3395 fortasse
534 3342 773 3410 primum
800 3341 1135 3408 inaudivisti,
1172 3343 1387 3415 Κρησί·
1419 3346 1863 3416 quandoquidem

276 3438 328 3485 et
378 3429 609 3487 Joannis
664 3432 912 3496 Mcursii,
946 3435 1040 3503 qui
1084 3434 1153 3490 de
1197 3435 1363 3490 trium
1414 3439 1750 3509 tragicorum
1784 3439 1867 3494 fa-

276 3521 410 3578 bulis
463 3532 727 3579 accurate
787 3524 1145 3595 studioseque
1202 3527 1463 3597 scripsit,
1529 3530 1862 3601 diligentiam

273 3612 596 3683 edugerunt.
626 3613 683 3669 lu
738 3608 1126 3686 AristOphanis
1180 3618 1353 3675 Ranis
1381 3619 1467 3676 his
1493 3622 1676 3678 verbis
1699 3638 1859 3678 com-

274 3710 434 3778 pellat
462 3708 786 3780 Euripidem
807 3707 1141 3781 Escbyius:

368 3815 775 3895 'Q‘Kpnttgrdg
786 3823 906 3895 μὲν
934 3823 1258 3894 συλλέγων
1277 3825 1581 3895 μονῳδίας
1602 3868 1617 3895 ,

367 3890 620 3960 Γάμους
648 3890 701 3944 δ’
721 3890 1016 3954 ἀνοσίους
1047 3890 1349 3964 εὶσφέρὼν
1373 3890 1461 3963 εὶς
1485 3890 1858 3968 τὴέτέχνην.

269 3980 386 4048 Quo
412 3984 465 4037 in
517 3984 647 4039 loco
695 3984 814 4040 haec
895 3984 1129 4042 adnotat
1183 3987 1564 4045 scholiastes:
1617 3990 1704 4043 Ἐν
1752 3992 1860 4059 γὰρ

266 4077 372 4138 τοῖς
402 4078 647 4146 Κρησὶν
696 4078 917 4149 Ἴκαρον
984 4078 1333 4150 μονῳδοῦντα
1383 4081 1633 4154 ἐποίησε,
1683 4083 1779 4137 καὶ
1810 4084 1858 4137 οἱ

271 4165 365 4236 μὲν
392 4170 470 4231 εἰς
497 4167 605 4239 τὴν
641 4168 856 4241 Ἰκάρου
925 4170 1194 4242 μονῳδίαν
1246 4171 1360 4245 [25]
1400 4175 1459 4227 ὲν
1485 4176 1599 4235 τοῖς
1639 4177 1853 4244 Κρησί·

267 4257 605 4330 θρασύτερον
625 4260 735 4334 γὰρ
770 4262 921 4315 δοκεῖ
949 4262 1012 4316 τὸ
1042 4264 1359 4334 πρόσωπον.
1417 4264 1776 4328 Ἀπολλώνιος
1799 4267 1856 4320 δὲ

264 4350 343 4403 ὅτι
359 4352 591 4406 δύναται
625 4353 722 4407 καὶ
746 4354 830 4416 εἰς
859 4354 960 4423 τὴν
997 4354 1267 4426 Ἀερόπην
1296 4356 1397 4427 τὴν
1446 4357 1505 4409 ὲν
1550 4360 1662 4421 τοῖς
1699 4358 1853 4430 Κρήο

264 4456 378 4504 ταις
421 4440 706 4513 εἰρῆσθαι,
754 4444 821 4514 ἧν
859 4444 1124 4516 εἰσήγαγε
1167 4446 1560 4516 πορνεύουσαν.
1604 4445 1772 4520 Οἶμαι
1798 4449 1855 4502 δὲ

260 4528 346 4581 διὰ
362 4530 431 4583 τὰ
463 4532 526 4584 ὲν
557 4531 636 4602 τῷ
660 4532 860 4604 Αἰόλῳ.
920 4536 1228 4607 Τιμαχίδας
1288 4538 1347 4593 δὲ
1400 4539 1491 4594 διὰ
1523 4540 1625 4612 τὴν
1651 4542 1718 4609 ,ὲν
1741 4543 1855 4605 τοῖς

1966 2714 2049 2759 est
2079 2702 2304 2759 Grotius
2349 2706 2404 2760 in
2437 2702 2552 2777 [24]
2583 2701 2873 2772 Excerptis
2901 2718 2967 2757 ex
3019 2700 3314 2756 comoediis
3348 2707 3403 2754 et
3440 2709 3551 2754 tra-

1965 2796 2417 2863 gmdiis'Grazcis.
2445 2796 2620 2865 Cujus
2652 2796 3037 2849 auctoritatem
3073 2792 3556 2862 Cantabrigienses

1966 2887 2020 2942 in
2052 2889 2351 2945 novissima
2378 2887 2670 2958 Porphyrii
2712 2886 2956 2941 editione
2984 2886 3161 2939 secuti
3190 2891 3341 2937 sunt.
3378 2901 3396 2934 ι
3439 2881 3556 2937 ΙΙυο

1965 2977 2332 3048 fragmentum
2368 2974 2648 3048 Euripidis
2681 2977 2867 3048 (verba
2897 2986 3025 3031 sunt
3049 2974 3250 3043 Grotii)
3281 2978 3338 3027 ὲν
3362 2975 3555 3029 Κλεισι

1964 3081 2185 3125 exstare
2217 3071 2355 3126 dicit
2379 3069 2637 3132 Erotion,
2671 3078 2733 3123 ut
2765 3069 2989 3138 quidem
3024 3083 3174 3123 nunc
3215 3068 3441 3138 legitur.
3485 3067 3572 3131 At,

1964 3179 2032 3216 ex
2064 3160 2270 3217 Cressis
2309 3178 2433 3218 esse
2471 3163 2635 3216 iacile
2667 3160 3018 3231 intelligitur,
3045 3159 3194 3230 quod
3224 3160 3390 3214 verba
3422 3170 3555 3213 sunt

1968 3252 2123 3307 chori
2148 3253 2216 3306 ad
2243 3252 2445 3307 Minoa.
2488 3272 2507 3304 ι
2552 3253 2662 3307 Sed
2692 3251 2900 3307 erravit
2960 3252 3017 3306 in
3057 3266 3117 3305 re
3146 3252 3251 3306 levi
3282 3252 3553 3319 graviori-

1969 3341 2096 3407 bus,
2126 3342 2352 3412 opinor,
2418 3342 2622 3398 studiis
2654 3343 2901 3397 intentus
2951 3342 3041 3396 vir
3072 3356 3241 3411 supra
3265 3356 3554 3412 compara-

1971 3435 2173 3489 tionem
2216 3444 2385 3503 atque
2449 3435 2864 3489 aemulationem
2928 3444 3178 3489 nostram
3232 3434 3559 3503 longissime

1967 3528 2204 3598 positus.
2265 3526 2405 3580 Cum
2477 3530 2624 3582 enim
2679 3528 2735 3581 in
2794 3526 3036 3590 Cressis,
3087 3534 3148 3581 ut
3191 3526 3308 3595 jam
3360 3526 3552 3590 docui,

1964 3622 2168 3675 Atreus
2208 3627 2265 3675 et
2294 3621 2510 3691 Aerope
2574 3621 2917 3690 loquantur;
2982 3634 3148 3673 scena
3187 3627 3370 3673 autem
3430 3618 3553 3672 sine

1964 3713 2352 3768 controversia
2378 3712 2451 3767 sit
2490 3714 2712 3784 Argos:
2752 3713 2843 3767 vix
2899 3721 2995 3766 aut
3045 3713 3202 3766 nullo
3231 3712 3399 3765 modo
3443 3721 3552 3774 est,

1964 3814 2023 3859 ut
2048 3805 2164 3860 haec
2192 3802 2576 3877 Porphyriana
2603 3820 2670 3859 ex
2718 3805 2912 3862 eodem
2958 3805 3212 3859 dramate
3264 3805 3433 3874 petita
3468 3802 3556 3858 vi-

1965 3896 2228 3951 deantur.
2286 3895 2443 3962 Quod
2479 3895 2524 3951 si
2559 3894 2703 3960 sint,
2756 3894 3004 3948 demiror
3055 3893 3311 3963 equidem
3352 3907 3456 3948 cur
3494 3893 3550 3947 in

1962 3988 2127 4044 Creta
2160 3987 2343 4044 Minos
2382 4001 2507 4042 cum
2547 3987 2633 4043 his
2677 3986 3064 4041 sacerdotibus
3108 4000 3419 4040 sermonem
3463 3986 3552 4040 in-

1962 4083 2175 4139 stituat.
2208 4080 2342 4148 Quae
2373 4083 2518 4135 enim
2557 4080 2642 4135 hze
2668 4079 3001 4150 praestigiae?
3055 4079 3390 4148 quibusnam
3434 4094 3553 4132 ma-

1961 4173 2146 4227 chinis
2178 4172 2294 4227 hzec
2328 4170 2441 4225 ἄνω
2475 4171 2569 4225 καὶ
2604 4169 2796 4224 iccirco?
2825 4168 3104 4224 Eademne
3134 4169 3190 4222 in
3224 4168 3408 4222 fabula
3437 4175 3546 4220 tam

1960 4264 2157 4319 aliena:
2189 4263 2475 4318 historiae?
2525 4263 2804 4333 duplexne
2835 4268 3024 4324 scena,
3054 4270 3109 4316 et
3139 4262 3393 4332 geminus
3421 4260 3550 4315 cho-

1960 4355 2093 4411 rus?
2117 4354 2276 4409 Modo
2307 4352 2527 4410 Cretam
2569 4362 2910 4424 spectemus,
2930 4352 3097 4406 modo
3124 4351 3332 4419 regiam
3348 4348 3549 4404 Atrei?

1959 4451 2125 4505 modo
2158 4449 2366 4504 chorus
2405 4446 2610 4514 virilis,
2659 4446 2868 4519 Mystze,
2910 4446 3159 4514 inquam,
3214 4442 3338 4497 Idaei
3368 4441 3543 4507 Jovis,

1958 4542 2125 4597 modo
2151 4556 2281 4611 grex
2316 4539 2650 4594 feminarum
2682 4537 2748 4592 ad
2769 4546 2955 4608 partes
2972 4536 3192 4591 veniat?
3235 4534 3369 4589 Inde
3397 4536 3544 4588 enim

260 4623 448 4691 Κρησὶ
480 4624 634 4696 μίξιν
658 4626 978 4697 Πασιφάης
1005 4630 1145 4701 πρὸς
1190 4631 1282 4686 τὸν
1327 4632 1550 4703 ταῦρον.
1600 4636 1855 4691 Absolvi-

1960 4632 2145 4689 fabula
2176 4632 2430 4703 Κρῆσσαι
2460 4645 2663 4685 nomen
2698 4629 2931 4699 accepit,
2964 4628 3113 4701 quod
3156 4628 3212 4682 in
3245 4644 3307 4683 ea
3339 4627 3549 4685 chorus

260 4732 402 4785 mus,
440 4718 669 4787 opinor,
737 4718 1009 4776 Joannem
1056 4723 1125 4778 ab
1177 4725 1329 4779 omni
1361 4726 1686 4796 suspicione
1722 4744 1850 4799 pec-

259 4808 367 4861 cati
402 4824 416 4860 :
444 4824 600 4864 nunc
630 4818 685 4866 et
715 4811 848 4868 huic
897 4814 1192 4869 scholiasti
1226 4819 1564 4887 patrocinari
1605 4828 1846 4890 oportet.

261 4898 370 4954 Non
395 4902 548 4956 enim
573 4901 811 4958 deerunt
838 4905 955 4973 qui,
979 4907 1303 4978 pervulgata
1339 4910 1428 4965 via
1459 4914 1847 4980 quorumdam,

257 4992 678 5063 qui'germanos
702 5010 764 5050 se
789 5004 991 5065 putant
1017 5012 1143 5053 esse
1163 4999 1544 5063 Aristarchos,
1575 5004 1848 5072 extemplo

257 5099 356 5154 pro
415 5088 594 5143 verbo
644 5090 834 5160 Κρησὶ
889 5092 1239 5148 contendent
1281 5108 1407 5150 esse
1467 5097 1844 5165 reponendum

257 5177 572 5249 Κρήσσαις.
616 5178 692 5235 Pe
717 5181 966 5235 tetentim
1027 5189 1238 5246 tamen,
1286 5192 1343 5237 et
1408 5185 1842 5256 aliquantisper,

258 5285 375 5338 oro,
414 5289 640 5328 manum
666 5275 1019 5340 abstineant;
1045 5276 1174 5332 dum
1219 5277 1479 5334 tribunos
1520 5279 1709 5334 adeam
1746 5280 1842 5348 qui

259 5360 609 5421 intercedant
659 5374 831 5421 tantae
860 5368 1176 5423 temeritati.
1237 5367 1383 5424 Ecce
1429 5370 1632 5426 iterum
1677 5371 1842 5426 scho-

261 5452 447 5514 liastes
481 5457 549 5512 ad
587 5458 704 5513 haec
731 5460 903 5515 verba
933 5460 1335 5532 Aristophanis
1363 5478 1376 5515 :

513 5570 698 5629 Ἀλλ’.
737 5566 785 5624 ὦ
822 5570 1074 5639 Κρῆτες,
1113 5573 1273 5640 Ἴδης
1304 5573 1489 5628 τέκνα

506 5642 581 5695 Τὰ
611 5641 759 5705 τόξα
787 5644 1079 5710 λαϐόντες
1104 5645 1468 5714 ἐπαμύνατε.

261 5724 462 5793 Ταῦτα,
486 5730 583 5796 ait,
626 5732 776 5803 παρὰ
822 5732 890 5785 τὰ
940 5734 1004 5787 ὲκ
1049 5733 1298 5802 Κρητῶν
1331 5730 1644 5805 Εὐριτπὶδου.
1702 5736 1835 5792 Bina

262 5816 502 5884 profecto
530 5834 662 5878 sunt
683 5824 935 5879 dramata
1005 5825 1224 5895 Κρῆτες
1258 5832 1311 5882 et
1343 5826 1633 5897 Κρῆσσαι,
1666 5844 1835 5901 argu-

276 5921 447 5965 nento
484 5919 640 5990 longe
671 5916 954 5979 dissimili.
992 5918 1249 5975 Personae
1297 5920 1527 5975 omnino
1583 5921 1706 5976 alia:
1752 5922 1833 5976 in-

1959 4726 2031 4783 sit
2060 4726 2353 4780 mulierum
2385 4724 2763 4785 Cretensium,
2797 4722 3056 4777 videlicet
3106 4736 3231 4790 quae
3266 4720 3542 4789 Aeropem

1956 4833 1987 4875 e
2016 4816 2179 4874 Creta
2214 4820 2490 4873 comitata:
2522 4826 2673 4872 sunt.
2730 4814 2990 4887 Similem.
3034 4817 3105 4869 ob
3146 4828 3376 4868 causam
3421 4813 3544 4866 Φοί-

1954 4928 2157 4975 νισσαι,
2190 4911 2464 4983 Τρωάδες,
2503 4909 2815 4980 Τραχίνιαι,
2874 4908 2995 4961 alia:
3017 4907 3159 4961 bene
3196 4904 3381 4959 multa:
3426 4906 3545 4959 suis

1953 5001 2243 5057 vocabulis
2297 5002 2682 5055 nominantur.
2741 4997 2854 5053 Nec
2911 5010 3116 5063 tamen,
3147 4994 3293 5066 quod
3334 4995 3542 5050 chorus

1911 5087 2025 5150 'sit
2084 5093 2458 5156 Cretensium,
2491 5092 2702 5146 idcirco
2747 5104 2978 5146 necesse
3034 5098 3140 5151 est,
3184 5097 3244 5142 ut
3291 5088 3343 5141 in
3378 5085 3541 5145 Creta

1953 5202 2117 5242 scena
2147 5187 2220 5240 sit
2257 5185 2437 5254 posita
2466 5203 2481 5239 :
2519 5182 2740 5255 quando
2763 5193 2819 5239 et
2844 5183 2900 5237 in
2927 5180 3235 5236 Phoenissis
3277 5195 3366 5233 res
3395 5177 3534 5233 Thc-

1950 5278 2035 5332 bis
2064 5285 2303 5347 aguntur
2330 5295 2346 5344 ;
2381 5276 2614 5330 chorum
2646 5283 2828 5329 tamen
2896 5276 3244 5329 constituunt
3276 5271 3539 5324 mulieres

1951 5364 2127 5440 Tyriae
2153 5387 2166 5422 :
2194 5367 2394 5439 Τύριον
2424 5362 2587 5437 οἶδμα
2612 5365 2829 5419 λιποῦσ’
2861 5365 2991 5418 ἔϐαν
3033 5361 3343 5433 ’Λκροοίνια
3373 5361 3539 5431 Λοξίᾳ

1947 5459 2237 5523 Φοινίσσας
2300 5459 2409 5512 ἀπὸ
2473 5458 2656 5512 νάσου.
2724 5458 2833 5513 Sed
2888 5457 3021 5528 quid
3069 5452 3539 5522 tergiversantur?

1946 5551 2164 5607 Scimus
2182 5550 2632 5622 AeropenCatrei
2652 5549 2827 5606 fuisse
2844 5550 3032 5614 filiam,
3060 5546 3263 5602 Minois
3283 5552 3497 5612 neptem
3517 5562 3532 5605 ς

1947 5654 2003 5698 et
2033 5659 2144 5714 quo
2172 5653 2418 5714 tempore
2446 5658 2538 5699 res
2560 5643 2643 5698 ha:
2665 5653 2965 5700 transacta:
3001 5651 3156 5713 sunt,
3178 5638 3292 5707 jam
3337 5635 3428 5689 diu
3462 5636 3531 5689 li-

1944 5738 2107 5792 beros
2131 5735 2463 5805 suscepisse.
2513 5734 2799 5807 Siquidem
2838 5739 3306 5804 Agamemnonem
3339 5741 3393 5787 et
3416 5729 3529 5785 Mc-

1948 5832 2167 5886 nelaum
2197 5830 2340 5900 patri
2398 5830 2573 5887 fuisse
2604 5829 2859 5884 conscios
2887 5834 3346 5888 commemorant,
3402 5840 3529 5879 rum

1945 5937 2157 5977 (mnam
2215 5921 2357 5975 illam
2416 5919 2639 5978 feralem
2709 5918 2963 5991 Thyestae
3020 5927 3340 5995 apponeret.
3404 5917 3522 5981 Non
