3966 6444
434 428 542 491 735
1311 424 1411 484 DE
1448 422 1771 486 JOANNIS
1799 422 2123 482 MALAL/E
2169 422 2823 484 Cl-IRONOGRAPHIA
3622 426 3724 489 736

434 552 568 609 ergo
605 535 674 591 de
699 536 885 590 Minoe
935 548 1146 604 proavo
1184 535 1351 606 longa
1389 536 1669 591 dubitatio
1706 543 1814 599 est,
1841 533 1976 605 quin
2005 549 2038 589 e
2069 545 2109 596 Α
2140 532 2357 591 Latinis
2384 536 2610 606 quidem
2643 534 2874 609 legitimi
2909 540 3042 589 sunt
3072 534 3287 593 numeri
3310 536 3341 590 ἒ
3386 536 3444 591 in
3483 539 3724 594 secundo

436 643 670 685 numero
693 628 943 683 vivorum
977 627 1190 697 pridem
1222 637 1351 684 ante
1389 628 1717 685 excesserit.
1747 627 1862 683 lmo
1898 641 2030 682 vero

437 740 468 775 a
510 720 731 775 filiabus
766 720 953 775 Cocali
993 720 1308 777 trucidatus
1339 729 1449 787 est,
1501 722 1548 777 si
1606 719 1843 777 Eusebio
1871 720 2028 788 ﬁdes,

436 814 589 883 prius
616 812 843 868 circiter
896 813 1176 880 triennio;
1221 814 1345 876 sed,
1382 813 1693 869 secundum
1734 812 2030 869 exactissi-

436 919 579 958 mam
636 906 912 961 rationem
983 905 1245 962 Gulielmi
1321 905 1523 962 Lloidii
1594 906 1843 977 episcopi
1888 907 2029 962 Asa-

435 996 689 1065 phensis,

438 1085 554 1160 [25]
601 1086 863 1156 Ἀνδρὸς,
901 1088 975 1142 ὃν
1007 1089 1134 1143 οὔτ’
1165 1088 1362 1143 αἰνεῖν
1386 1090 1546 1143 τοῖσι
1582 1089 1823 1145 κακοῖσι
1840 1088 2026 1159 θέμις,

434 1190 565 1235 ante
588 1182 751 1236 annis
776 1181 977 1236 solidis
1012 1191 1250 1253 quatuor
1284 1191 1339 1238 et
1375 1182 1597 1254 viginti,
1627 1199 1795 1253 quam
1827 1183 2030 1239 Atreus

434 1289 667 1343 regnum
702 1281 1042 1343 capesseret.
1072 1274 1251 1341 Quam
1294 1274 1368 1329 ob
1418 1291 1532 1330 rem
1564 1275 1709 1330 hand
1745 1275 1908 1331 facile
1935 1291 2031 1345 pa-

436 1364 567 1426 tior,
599 1371 659 1416 ut
693 1372 959 1433 corrupta
1010 1364 1101 1417 illa
1137 1366 1305 1420 verba
1340 1365 1592 1421 Erotiani
1636 1366 1938 1438 Εὐριπίδης
1972 1369 2032 1420 ὲν

432 1453 629 1506 Κλεισὶ
691 1454 872 1524 magis
929 1454 1218 1522 magisque
1263 1468 1293 1508 a
1352 1453 1550 1509 Grotio
1609 1455 2026 1524 depraventnr:

435 1544 557 1610 sed,
589 1544 753 1614 quod
795 1543 865 1599 ad
900 1545 1176 1615 vulgatam
1220 1546 1514 1602 lectionem
1572 1548 1827 1617 proxime
1865 1561 2030 1601 acce-

432 1634 537 1698 dit,
574 1645 770 1689 auctor
796 1651 918 1690 esse
942 1637 1141 1700 ausim,
1179 1646 1238 1690 ut
1265 1639 1492 1708 posthac
1536 1640 1595 1692 ἐν
1621 1639 1817 1708 Κρησὶ
1853 1638 2029 1693 corri-

356 1730 359 1731 ⁷
433 1718 718 1797 gatnr.lta
755 1734 933 1781 totum
973 1728 1077 1782 erit
1107 1729 1339 1800 simplex
1378 1738 1431 1785 et
1471 1746 1666 1796 unum,
1698 1730 1886 1784 omnia
1922 1728 2028 1785 sibi

432 1819 796 1884 constabunt,
832 1819 1084 1888 belleque
1136 1821 1475 1876 convenient
1506 1837 1520 1875 :
1554 1820 1757 1886 Minos,
1821 1821 2029 1876 chorus

2102 641 2295 709 ~versu
2321 642 2456 697 quas
2488 626 2670 694 prisca
2705 626 2895 682 domos
2937 627 3084 681 dedit
3125 625 3376 700 indigena
3410 629 3723 703 tribrachys
3786 666 3793 671 ~

2130 725 2216 774 est
2249 718 2374 773 loco
2417 719 2681 788 anapaesti
2713 719 2803 775 vel
2857 720 3244 791 cujuscunque
3296 722 3453 791 pedis
3488 733 3723 792 quatuor

2135 813 2471 878 temporum.
2504 807 2663 873 Quod
2692 809 2890 865 vitium
2928 825 3227 866 commune
3256 809 3451 868 Grotio
3480 821 3559 868 est
3598 829 3719 868 cum

2129 898 2245 956 Jos.
2284 899 2587 973 Scaligero,
2621 900 2773 958 Flor.
2838 901 3182 970 Christiano,
3216 906 3733 976 aliisque,opinor,.

2130 993 2393 1049 omnibus
2423 993 2517 1064 qui
2547 994 2758 1050 saeculo
2782 992 2891 1051 hoc
2927 1004 2984 1051 et
3044 997 3338 1068 superiore
3382 997 3468 1052 vel
3520 1007 3723 1068 traga-

2130 1084 2254 1139 dias
2278 1082 2503 1140 Graecas
2532 1081 2727 1140 Latine
2774 1093 3088 1151 verterunt,
3120 1087 3205 1141 vel
3239 1087 3351 1157 ipsi
3378 1088 3722 1158 scripserunt

2133 1191 2340 1231 novas:
2363 1177 2571 1247 quibus
2596 1178 2846 1235 solemne
2873 1188 2962 1234 est
2979 1190 3290 1251 anapaestos
3324 1196 3459 1236 suos
3491 1182 3720 1250 passim,

2132 1267 2226 1323 ubi
2263 1269 2419 1323 nulla
2444 1270 2699 1325 clausula
2730 1280 2818 1327 est
2842 1286 3023 1342 neque
3047 1272 3491 1343 interpunctum,
3523 1274 3724 1329 tribra-

2131 1359 2221 1415 chi
2253 1362 2338 1414 vel
2394 1360 2638 1416 trochaeo
2675 1362 2763 1418 vel
2817 1364 3022 1419 cretico
3048 1366 3387 1432 terminare;
3428 1366 3515 1420 vel
3554 1368 3723 1421 etiam

2131 1452 2334 1517 vocali,
2374 1461 2470 1507 aut
2496 1453 2683 1508 littera
2720 1453 2769 1508 Μ
2802 1454 2982 1521 linire,
3017 1472 3178 1513 versu
3212 1458 3466 1528 proximo
3500 1458 3570 1512 ab
3613 1460 3723 1512 alia

2130 1543 2313 1597 vocali
2356 1544 2442 1599 vel
2485 1543 2527 1598 ll
2575 1545 2895 1615 incipiente.
2925 1548 3146 1604 Scilicet
3173 1550 3340 1603 etiam
3385 1549 3476 1605 hic
3504 1550 3721 1604 ntalibi

2130 1644 2470 1706 postremam
2530 1637 2585 1691 in
2640 1654 2803 1694 versu
2863 1642 3131 1711 syllabam
3187 1658 3541 1699 communem
3600 1660 3724 1700 esse

2131 1726 2571 1784 arbitrabantur.
2601 1728 2695 1785 Nae
2729 1731 2845 1798 isti,
2874 1732 2921 1788 si
2946 1734 3079 1788 olim
3106 1745 3288 1790 stante.
3321 1750 3380 1789 re
3408 1734 3600 1790 Grmca
3635 1738 3721 1792 vel

2132 1818 2382 1875 Bonnana
2422 1836 2555 1878 suas
2621 1821 2834 1880 fabulas
2884 1824 3216 1892 edidissent,
3261 1827 3450 1884 sibilis
3490 1836 3547 1882 et
3573 1828 3722 1882 κλω-

431 1920 761 1979 mystarum,
799 1910 1097 1982 Pasiphae,
1147 1912 1357 1970 Icarus.
1399 1912 1521 1969 Non
1569 1929 1714 1985 opus
1745 1913 1850 1969 erit
1879 1913 2022 1968 κλώ-
2058 1889 2101 1943 Β
2129 1913 2292 1981 γμοϊς
2331 1927 2551 1969 escena
2584 1914 2796 1982 explosi
2839 1915 3097 1973 fuissent.
3140 1889 3263 1973 Non
3303 1918 3455 1973 enim
3512 1909 3724 1974 Graecis

431 2000 548 2055 θειν
573 2001 640 2055 τὰ
663 2000 1052 2071 ἀσύγκλώστα.
1101 2005 1320 2069 Restat,
1355 2017 1414 2060 ut
1463 2005 1532 2061 de
1554 2006 1662 2061 loci
1699 2005 1867 2076 hujus
1897 2005 2027 2061 Por-

433 2091 687 2161 phyriani
719 2092 879 2149 miris
917 2093 1140 2163 quidem
1177 2094 1354 2151 modis
1385 2093 1636 2152 mendosi
1664 2095 1904 2150 lectione
1926 2109 2020 2151 aea

431 2190 647 2247 curate,
680 2192 951 2252 quantum
989 2185 1044 2239 in
1103 2186 1261 2242 nobis
1287 2194 1394 2253 est,
1436 2195 1492 2242 et
1528 2188 1803 2259 exquisite
1831 2187 2024 2258 dispu-

429 2281 611 2330 tentus
647 2293 662 2331 ζ

580 2366 1025 2443 η’ξῌκωμςαθέοψς
1058 2370 1222 2443 ναοίξς
1256 2371 1562 2443 προλιπὼν,

605 2435 713 2513 ρῦς
730 2438 1026 2513 αὐθιγενὴς
1050 2435 1321 2513 τμηθεῖσᾴ
1341 2442 1480 2513 γδγρῦς
1504 2435 1583 2513 (a)

610 2508 1175 2583 greyavobqﬁapéxst
1205 2508 1440 2583 Χαλὺβῳ
1462 2508 1707 2581 πέλέκει,

606 2578 717 2654 Ξαὲ
748 2578 1205 2654 «numerame
1232 2578 1457 2654 κραθεῖ-

604 2642 661 2699 Σ’
692 2642 959 2721 ἀτρειὲοὖς
983 2642 1293 2722 (ἐ)’ἁρμοὺξ
1324 2655 1693 2726 κυπαρίσσου.

425 2754 563 2822 Quae
595 2756 672 2813 ita
694 2760 862 2816 vertit
885 2760 971 2816 Cl.
1004 2760 1229 2818 Grotius
1260 2780 1274 2816 :

604 2871 776 2949 Sacra
805 2874 1577 2949 ad_venio_templarelinquens
1610 2897 1630 2936 :

604 2943 754 3020 Quas
798 2943 1200 3020 priscaaomos
1236 2948 1382 3002 dedit
1413 2943 1665 3020 indigena

604 3016 848 3088 Quercus
874 3015 1117 3088 Chalgba
1148 3029 1294 3072 secta
1326 3015 1569 3086 bipenni,

618 3086 1029 3161 Tauriquesibi
1038 3088 1241 3157 glutine
1261 3088 1496 3161 jnngens

605 3155 680 3210 De
718 3155 841 3211 vera
867 3158 1015 3229 tigna
1040 3155 1319 3227 cupressu.

425 3251 583 3308 Haud
621 3252 698 3306 ita
737 3251 923 3307 facere
953 3251 1234 3321 debetqni
1271 3254 1593 3324 interpretis
1634 3273 1862 3313 munere
1902 3258 2018 3312 fnn-
2048 3249 2090 3307 C

423 3341 807 3419 gitur._Nolim
849 3359 975 3398 eum
998 3343 1067 3398 'in
1101 3348 1325 3401 caeteris
1385 3348 1614 3415 scriptis
1636 3350 1827 3403 eodem
1857 3352 2018 3405 modo

424 3434 829 3504 indiligentem.
867 3431 1022 3489 Unde
1064 3435 1211 3489 enim
1285 3437 1457 3507 ἁρμοὶ
1497 3446 1627 3493 sunt
1669 3439 2015 3511 tigna?qniil

422 3527 533 3582 ista
559 3526 666 3582 sibi
698 3526 816 3581 vult
841 3543 963 3581 vera
991 3529 1328 3596 cupressus?
1352 3531 1464 3585 Cur
1480 3542 1665 3601 spreta
1691 3540 1777 3587 est
1800 3534 2016 3603 vulgata

422 3617 736 3688 Porphyrii
761 3618 930 3672 lectio
963 3618 1260 3688 ἀτρεκείςῖ
1283 3618 1397 3674 Cur
1438 3619 1688 3675 Erotiani
1714 3623 2017 3678 auctoritas

420 3710 735 3779 repudiata,
767 3710 860 3780 qui
917 3710 1098 3765 locum
1137 3711 1287 3767 hunc
1319 3713 1441 3768 ideo
1490 3714 1704 3778 citavit,
1741 3720 1802 3770 ut
1828 3723 2018 3769 osten-

422 3802 581 3856 deret
605 3802 861 3872 ἀτρεκεῖς
902 3802 1089 3874 ἁρμὰς
1110 3820 1221 3858 non
1242 3805 1560 3876 significare
1586 3804 1807 3877 ἀληθεῖς
1841 3824 2011 3873 verus,

423 3892 519 3947 sed
554 3893 832 3963 ἀκριϐεῖς,
870 3904 1053 3948 arctas
1112 3910 1310 3966 nempe
1346 3908 1395 3950 et
1449 3905 1670 3951 exactas
1712 3914 2011 3969 compages.

423 3985 560 4055 Ejus
628 3986 794 4041 verba
850 3994 984 4043 sunt
1045 3988 1205 4043 hare:
1243 3988 1357 4041 Kal
1400 3989 1701 4060 Εὐριπίδης
1737 3992 1796 4044 ὲν
1822 3991 2015 4046 Κλεισί

424 4076 553 4144 (leg.
577 4073 781 4146 Κρησί)
803 4091 990 4145 φησιν,
1017 4076 1179 4129 Ἥκω
1208 4074 1487 4143 ζαθέους,
1535 4087 1669 4145 etc.,
1691 4080 2015 4149 κολληθεὶς

418 4166 690 4235 ἁτρεκεῖς
716 4165 913 4236 ἀρμάς
939 4184 953 4199 υ
985 4168 1090 4220 οὐκ
1113 4163 1270 4223 εἶπεν
1309 4168 1588 4239 Ἀληθεῖς
1633 4172 1850 4242 ἀρμὰς,
1897 4175 2012 4227 ἀλλ’

418 4258 701 4327 ἀκριϐεῖς.
741 4259 835 4315 Sic
866 4260 1268 4330 corrigendum
1300 4277 1424 4319 esse
1456 4262 1619 4321 facile
1661 4266 1890 4335 videbit,
1921 4266 2011 4323 cui

419 4351 486 4403 ad
515 4367 738 4405 manum
761 4359 849 4406 est
902 4352 1205 4410 Erotianus
1247 4356 1458 4428 :vulgo
1507 4357 1656 4412 enim
1697 4373 2010 4428 perperam,

417 4445 842 4515 ἀλλ’ἀτρεκεῖς.
881 4449 1149 4518 Apagesis
1208 4456 1390 4505 autem
1455 4451 1751 4508 barbarum
1794 4454 1925 4509 illud
1957 4463 2013 4510 et

418 4536 687 4591 soloecum
723 4536 840 4610 [26]
870 4541 1242 4613 ταυροδέτρῳ,
1290 4558 1404 4613 quo
1459 4543 1629 4600 verbo
1674 4545 1864 4602 nullus
1912 4563 2014 4601 un-

417 4645 583 4697 quam
632 4631 870 4701 scriptor
936 4643 1025 4689 est
1075 4651 1235 4699 usus,
1280 4646 1379 4690 aut
1428 4651 1530 4707 per
1562 4637 1871 4709 analogiam
1934 4640 2014 4694 uti

303 4717 321 4736 ⁹
419 4722 644 4792 poterit.
675 4723 819 4791 Quin
876 4727 1045 4781 etiam
1095 4737 1155 4783 et
1210 4728 1395 4795 versui
1468 4730 1784 4785 consultum
1849 4746 2018 4802 opor-

417 4815 541 4868 tnit.
580 4815 715 4882 Quis
753 4819 924 4880 enim.
956 4820 1049 4890 qui
1118 4835 1230 4874 non
1281 4821 1626 4891 negligenter
1672 4822 1726 4875 in
1787 4823 1872 4879 his
1919 4823 2014 4877 lit-

418 4908 555 4960 teris
609 4917 866 4963 versatns
913 4920 1018 4974 est,
1060 4910 1196 4965 illud
1252 4912 1481 4967 omnino
1534 4912 1776 4983 probare
1836 4915 2014 4985 possit

415 4997 525 5050 Καὶ
552 4999 900 5071 ταυροδέτρῳ
926 5002 1125 5072 κραθεῖ
1158 5031 1225 5040 -
1255 5001 1557 5057 dimetrum
1605 5005 1823 5061 scilicet
1883 5007 2008 5062 bra-

415 5089 855 5159 chycatalectnm
893 5132 907 5154 ,
958 5092 1033 5146 ἰιι
1082 5094 1334 5162 proxime
1402 5104 1531 5150 ante
1609 5099 2001 5166 paruemiacnm

415 5180 621 5233 veniat.
672 5180 898 5234 Allirmn
976 5183 1073 5237 tibi
1143 5185 1419 5241 neminem
1507 5202 1679 5241 unum
1732 5191 2003 5260 tragicum

416 5269 765 5324 cornicntnvc
814 5272 867 5323 in
933 5286 999 5326 eo
1056 5272 1182 5328 loco
1241 5274 1346 5330 hoc
1409 5285 1647 5331 metrum
1700 5278 2007 5345 adhibere;

415 5360 592 5413 multo
619 5359 785 5414 etiam
822 5360 1030 5426 minus,
1065 5365 1210 5432 quod
1264 5365 1514 5422 Erotiani
1551 5368 1831 5439 scriptura
1871 5387 2010 5428 con—

414 5451 599 5505 stituit
628 5453 738 5506 Kat
767 5455 1083 5526 ταυροὸἐτῳ
1140 5444 1444 5530 ιὲολληθείς.
1487 5459 1629 5528 Quid
1662 5463 1811 5533 quod
1844 5479 1915 5519 ne
1954 5464 2010 5518 in

2129 2014 2196 2055 ea
2226 2000 2445 2055 licentia
2473 2004 2771 2071 permissa,

2204 2090 2320 2145 Nec
2379 2091 2509 2146 data
2563 2092 2816 2149 Romanis
2886 2096 3033 2150 renia
3107 2106 3183 2151 est
3250 2096 3468 2168 indigna
3527 2098 3721 2165 poetis.

2129 2182 2238 2239 Fas
2273 2190 2392 2238 erat
2420 2184 2691 2240 duntaxat
2732 2202 2955 2243 versum
3011 2188 3185 2253 illum,
3228 2191 3321 2259 qui
3350 2189 3724 2258 parmmiaeus

2127 2273 2362 2341 dicitur,
2410 2275 2656 2333 trochaeo
2720 2276 3004 2334 claudere.
3054 2277 3134 2333 Eo
3198 2295 3377 2350 usque
3416 2296 3531 2335 non
3555 2281 3726 2335 aliter

2127 2356 2448 2424 continuari
2474 2369 2752 2425 debebant
2792 2372 3054 2441 anapaesti
3106 2374 3189 2428 vel
3227 2389 3389 2443 pares
3431 2383 3726 2444 anapaesto

2127 2459 2318 2530 pedes,
2373 2475 2439 2515 ac
2465 2461 2511 2518 si
2537 2462 2739 2518 unicus
2773 2473 2929 2519 esset
2962 2480 3181 2521 versus.
3214 2464 3359 2531 Quin
3411 2475 3467 2521 et
3503 2465 3720 2520 Seneca

2126 2551 2400 2622 tragicus,
2446 2560 2507 2607 ut
2560 2553 2709 2610 scias
2733 2569 2858 2609 eum
2880 2554 2949 2609 de
2986 2556 3262 2612 industria
3292 2558 3717 2627 temperavisse,

2125 2643 2300 2698 semel
2345 2651 2560 2698 tantum
2617 2652 2788 2715 atque
2845 2645 3047 2700 iterum
3107 2646 3353 2719 troclneo
3400 2656 3763 2727 anapaestos

2124 2734 2350 2799 clausit,
2386 2750 2488 2791 nec
2510 2735 2618 2790 nisi
2646 2735 2803 2790 finita
2841 2737 3147 2792 sententia:
3169 2738 3263 2808 qni
3286 2738 3504 2793 scilicet
3532 2752 3721 2808 para:-

2124 2826 2291 2880 miaci
2342 2828 2498 2883 locus
2534 2835 2708 2892 esset,
2739 2827 2847 2883 nisi
2883 2828 2929 2882 is
2960 2830 3205 2894 scriptor
3236 2828 3428 2884 nescio
3458 2844 3561 2883 cur
3594 2845 3721 2883 ver-

2125 2934 2246 2973 sum
2297 2918 2449 2973 illum
2519 2920 2892 2989 repudiasset.
2957 2921 3181 2977 Veteres
3236 2929 3421 2976 tamen
3483 2919 3720 2975 Latinos

2124 3009 2350 3065 minime
2410 3019 2740 3080 aspernatos
2791 3028 2915 3067 esse
2954 3010 3379 3082 Parmmiacum,
3409 3010 3505 3068 sed
3538 3020 3592 3068 et
3627 3013 3721 3066 hic

2122 3100 2440 3156 Graecorum
2474 3103 2720 3175 vestigiis
2762 3104 3032 3159 institisse
3058 3104 3205 3158 scire
3235 3103 3460 3161 dabitur
3488 3120 3557 3160 ex
3590 3103 3719 3159 istis

2126 3196 2378 3265 reliquis,
2416 3196 2619 3265 iisque,
2649 3197 2702 3251 ni
2737 3195 2923 3264 fallor,
2962 3196 3121 3251 solis.

2126 3289 2314 3345 Attius
2345 3288 2597 3345 Phinidis
2633 3308 2649 3343 :

2336 3380 2510 3451 Simul
2542 3390 2592 3436 et
2625 3381 2828 3436 circum
2857 3397 3055 3451 magna
3085 3380 3400 3435 sonantibus

2349 3449 2468 3525 [27]
2488 3524 2493 3525 γ
2515 3451 2708 3525 Excita
2730 3453 2881 3507 saxis
2913 3449 3056 3525 stiva
3089 3450 3332 3506 sonando

2339 3522 2555 3591 Crein'tu
2577 3523 2855 3593 clangente
2887 3522 3235 3575 cachinnant.

2125 3619 2307 3675 Locus
2337 3627 2422 3675 est
2450 3617 2595 3689 apud
2619 3617 2863 3672 Nonium
2893 3617 2951 3671 in
3007 3616 3354 3673 cachinnare.
3394 3613 3501 3671 Sed
3550 3632 3722 3672 nemo

2124 3728 2155 3767 a
2188 3729 2276 3769 me
2331 3711 2677 3782 impetrabit,
2718 3716 2778 3765 ut
2825 3711 2994 3766 verba
3026 3698 3163 3764 Attii
3196 3723 3330 3764 sana
3354 3724 3481 3765 esse
3506 3724 3720 3765 conce-

2122 3803 2270 3859 dam.
2321 3804 2597 3870 Quorsum
2652 3802 2800 3857 enim
2856 3803 3142 3874 pertinent
3207 3819 3404 3873 magna
3464 3819 3625 3868 mra,
3659 3811 3721 3858 et

2122 3894 2434 3949 sonantibus
2505 3892 2788 3948 sonando?
2833 3894 3178 3949 Peccatnrus
3229 3908 3374 3955 sum.
3407 3892 3486 3947 uti
3521 3908 3719 3963 spero,

2123 3986 2266 4040 intra
2297 3985 2533 4049 veniam,
2568 3985 2612 4040 si
2648 4000 2845 4054 parum
2872 4000 3138 4055 prospere
3180 3984 3514 4040 medicinam
3544 4000 3717 4055 expe-

2121 4081 2255 4134 rior.
2284 4078 2365 4132 Ex
2411 4077 2535 4148 ipso
2583 4075 2784 4132 fabulae
2834 4077 3061 4133 nomine
3104 4092 3303 4147 magna
3351 4076 3599 4147 suspicio
3627 4087 3723 4133 est

2121 4172 2188 4228 de
2228 4170 2488 4242 Harpyiis
2516 4168 2685 4224 verba
2715 4168 2858 4224 ﬁeri.
2894 4167 3079 4224 Fallor
3110 4168 3298 4239 itaque
3323 4185 3393 4223 an
3421 4171 3501 4225 sic
3527 4169 3721 4241 legen-

2121 4264 2252 4319 dum
2274 4269 2363 4317 est

2340 4351 2513 4408 Simul
2540 4362 2589 4408 et
2629 4353 2833 4407 circum
2867 4362 3056 4408 stnana
3087 4352 3406 4407 sonantibus

2335 4422 2531 4477 Excita
2561 4425 2710 4477 saxis
2744 4440 2884 4477 sreva
2921 4422 3130 4477 Cela’no
3287 4423 3291 4427 ’

2321 4494 2553 4564 .Crepitu
2582 4495 2859 4564 clangente
2891 4495 3205 4551 cachinnat.

2049 4611 2090 4666 ι)
2120 4589 2261 4645 illud
2291 4588 2564 4659 clangente
2601 4587 2825 4658 proprie
2854 4598 2909 4644 et
2946 4598 3072 4659 apte
3113 4587 3325 4644 dictum
3353 4595 3439 4644 est
3472 4588 3541 4643 de
3571 4587 3688 4642 Har

2116 4684 2280 4755 pyiis.

2120 4777 2380 4848 Virgilius
2409 4797 2423 4833 :

2331 4939 2381 4995 Η
2387 4941 2610 5011 arpyiaz,
2638 4949 2686 4992 et
2707 4932 2913 5008 magnis
2929 4941 3177 5007 quatiunt
3202 4932 3539 5005 clangoribus
3563 4934 3708 4993 alas.

2106 5032 2257 5099 Quin
2311 5041 2368 5087 et
2433 5041 2626 5102 stagna
2652 5031 2791 5085 bene
2817 5029 3065 5098 reposui,
3120 5027 3471 5098 approbante
3503 5025 3710 5082 ibidem

2106 5123 2346 5195 Virgilio
2389 5140 2402 5175 :
2872 5176 2889 5189 ,

2320 5216 2587 5272 Obscenos
2638 5212 2815 5284 pelagi
2847 5212 2990 5283 ferro
3021 5210 3500 5281 fadarecnncres.

2107 5305 2294 5361 Attius
2325 5305 2569 5375 Telepho
2602 5321 2616 5357 :

2329 5395 2572 5467 Jamjam
2606 5395 2822 5465 stupido
2855 5394 3117 5448 Thessala
3144 5410 3326 5446 somno

2336 5468 2560 5522 Pectora
2603 5468 2954 5535 languentque
2979 5474 3288 5533 senemque.

1955 5641 2190 5700 ΝΟΤᾹΣ.

484 5786 561 5872 ςςι)
588 5786 881 5872 ἓνοιῖειηυδ
907 5791 1115 5872 eimagis,
1149 5806 1305 5855 vetus
1334 5799 1501 5872 editio
1528 5799 1814 5872 Porphyrii
1841 5800 2016 5872 δορός.

486 5858 556 5927 (h)
587 5858 784 5931 Porph.
840 5858 1145 5938 ταυροδέὲὲς)
1219 5868 1484 5940 κρηθεῖσ’.
1539 5858 2017 5942 Ιιῖι·‹›ἰ.”τορο).’ἑτὶμ

2132 5803 2431 5872 κολληθείς.

2202 5869 2502 5944 (ε)’ῐόι”ιιὴ.
2550 5873 2843 5946 ’Λτρεκεῖς,
2873 5871 3019 5928 Erot.
3058 5871 3307 5942 ἀτρεκεῖς
3338 5869 3541 5941 ἁρμάς.

2324 4872 2394 4924 At
2422 4869 2613 4924 subita:
2631 4866 2886 4935 horriﬁco
2923 4866 3078 4932 lapsu
3104 4865 3168 4919 de
3199 4862 3470 4935 montibus
3510 4862 3714 4935 adsum
3760 4864 3761 4867 “
