3966 6450
1330 362 1700 427 EPISTOLA
1737 352 1948 419 BICH.
2004 351 2153 412 BEN
2158 351 2391 412 TLEII.
3424 339 3530 401 738

1870 473 1917 528 Α
1947 478 2123 533 quens
2184 476 2348 532 quam
2395 461 2451 514 in
2511 459 2673 515 Creta
2718 455 3098 511 nascebatur?
3146 454 3259 526 Ego
3294 469 3443 519 vero,
3473 461 3533 505 ut

1934 557 2182 626 primum
2216 555 2395 610 oculis
2420 553 2648 609 verbum
2694 553 2827 607 illud
2885 549 3112 621 agnovi,
3149 550 3417 604 continuo
3443 547 3535 601 dc-

1934 649 2196 722 prehendi
2236 649 2581 721 κυπάρισσος
2647 663 2677 703 a
2736 659 2895 718 poeta
2928 646 3197 715 scriptum
3230 658 3378 709 esse,
3423 656 3534 697 non

1934 743 2305 813 κυπαρίσσου.
2337 741 2471 797 Eam
2503 741 2653 797 enim
2682 741 2799 795 illic
2851 739 3210 794 memineram
3246 751 3373 791 esse
3406 748 3538 788 vere

1934 836 2221 905 αύθιγενῆ,
2285 844 2342 891 et
2387 835 2667 891 Creticam
2715 843 3003 903 propterea
3035 828 3302 899 appellari
3342 842 3370 880 a
3408 824 3540 880 Plu-

1938 930 2176 983 tarcho:
2216 928 2290 981 Ἦ
2328 925 2614 997 Ἰσθμικὴν
2658 924 2818 977 πίτυν
2866 922 2900 992 ἣ
2933 918 3221 991 Κρητικὴν
3261 919 3542 988 κυπάρισ-

1937 1033 2064 1071 corr
2106 1018 2252 1072 sicut
2278 1026 2336 1073 et
2381 1017 2577 1074 Idaeam
2646 1012 2763 1085 [29]
2799 1029 2828 1067 a
2873 1011 3157 1066 Nicandro
3181 1008 3539 1078 etVirgilio:

246 500 419 556 Attius
442 495 720 562 Eurysaee
743 503 761 541 :

454 584 626 652 Super
651 577 851 636 Oceani
871 584 1077 652 stagna
1109 572 1223 652 alta
1254 570 1428 641 patris

459 645 744 710 Terrarum
779 645 1030 723 anfracta
1059 645 1313 699 revisam.

250 750 521 811 Pacuvius
546 743 761 815 Niptris
787 762 800 798 :

458 881 473 894 .
519 877 534 892 .
579 877 594 891 .
641 835 877 905 Operite,
913 828 1202 892 abscedite,
1221 824 1454 897 jamjam

454 910 660 965 Mittite
694 923 712 962 :
743 921 868 958 nam
909 911 1203 956 attrectatu
1235 908 1284 951 et
1322 908 1523 966 quassu

454 982 669 1037 Saevum
697 973 1042 1045 ampliﬁcati’
1080 970 1360 1025 dolorem.‘

250 1077 423 1134 Allius
449 1072 759 1127 Pliilotecta
796 1083 810 1120 :

456 1162 573 1219 Heu
598 1161 717 1229 quis
745 1157 909 1214 salsis
925 1152 1166 1229 ﬂuctibu‘
1195 1149 1412 1229 mandet

457 1232 549 1288 Me
575 1224 642 1287 ea:
676 1229 896 1285 sublimi
920 1224 1112 1282 uertice
1138 1224 1256 1279 saxi
1280 1225 1306 1279 Ρ

462 1302 709 1371 Jamjam
743 1302 996 1371 absumor
1014 1312 1033 1350 :
1051 1294 1281 1371 conﬁcit
1306 1291 1546 1347 animant

476 1368 862 1434 Vis'volucris,
894 1368 1090 1422 ulceris
1127 1374 1311 1420 (estus.

258 1470 397 1525 idem
419 1465 565 1538 apud
585 1463 705 1519 Cic.
742 1477 778 1515 ιι
816 1459 1042 1515 Tuscul.
1073 1473 1128 1510 :r
1165 1454 1325 1514 Unde
1354 1454 1500 1526 ignis
1521 1452 1669 1508 lucet
1689 1463 1840 1505 mor-

1937 1128 2241 1200 Σπέρματα
2282 1126 2623 1199 βουπλεύρου
2669 1141 2732 1177 τε
2790 1124 2886 1177 καὶ
2931 1122 3133 1192 Ἰδαίης
3171 1118 3542 1191 κυπαρίσσου.

1940 1217 2055 1274 Nec
2087 1219 2244 1273 salici
2277 1220 2490 1288 lotoque
2520 1231 2692 1287 neque
2726 1212 2894 1267 Idais
2933 1211 3244 1284 cyparissis.

2011 1329 2223 1387 Plinius
2248 1348 2357 1392 xvi.
2392 1331 2483 1395 '55,
2518 1331 2585 1384 de
2625 1340 2895 1397 cupresso
2924 1326 3160 1396 loquens
3192 1366 3209 1391 ,
3245 1326 3407 1394 Huic,
3445 1325 3547 1391 ait,

1938 1426 2119 1493 patria
2174 1423 2355 1478 insula
2399 1422 2556 1477 Creta
2596 1440 2609 1476 :
2652 1437 2770 1474 cum
2820 1418 2954 1475 Cato
3027 1418 3370 1472 Tarentinam
3423 1433 3544 1472 eam

261 1543 658 1613 talibus‘clam
721 1549 984 1606 divisus?
1030 1562 1157 1605 eum
1209 1546 1410 1601 doctus
1472 1541 1841 1599 Prometheus

263 1648 523 1720 clepsisse
555 1644 686 1701 dolo
717 1656 1021 1713 poenasque
1049 1638 1172 1697 Jovi
1209 1637 1326 1693 l'ato
1350 1634 1682 1707 expendisse
1749 1647 1846 1688 su-

268 1754 469 1812 premo.
505 1756 525 1791 ι
567 1735 676 1804 Qui
720 1736 880 1792 locus
913 1734 995 1789 sic
1031 1732 1098 1788 ad
1129 1739 1448 1802 anapaestos
1488 1743 1623 1786 suos
1644 1735 1729 1783 est
1758 1741 1846 1781 re-

270 1830 542 1889 ducendus
568 1845 583 1883 :

477 1920 627 1977 Unde
658 1920 827 1977 ianeis
850 1918 985 1973 cluet
1017 1915 1414 1972 immortalibus

477 1937 627 1977 unae
658 1939 675 1975 t
716 1937 827 1974 neis
850 1937 985 1973 omet
1017 1937 1414 1972 tmmorratwus

476 1993 631 2049 Clam
658 1937 795 2045 dqivis
815 1990 969 2044 nimis
993 1989 1181 2042 doctus
1209 1986 1287 2058 (ά)
1306 1982 1656 2058 Prometheus

496 2062 589 2136 28]
617 2061 886 2136 Clepsisse
906 2060 1054 2123 dolo,
1088 2055 1370 2127 poenasque
1387 2055 1509 2110 Iovi

531 2130 642 2187 urti
663 2130 975 2201 expendisse
1005 2143 1270 2198 supremo.

284 2229 353 2285 lit
402 2226 467 2282 ad
529 2224 896 2296 Porphyrium
959 2229 1248 2287 revertar;
1282 2218 1419 2275 illud
1463 2218 1660 2285 utique
1707 2213 1854 2270 scire

293 2321 468 2390 cupio,
499 2331 609 2387 quo
639 2324 864 2371 auctore
878 2315 965 2368 vir
995 2313 1284 2367 illustriss.
1327 2307 1676 2379 ταυροδέτρῳ
1715 2320 1855 2376 κρα-

289 2416 433 2468 θεῖσα
486 2411 553 2465 de
613 2406 1090 2478 conglutinatione
1153 2401 1457 2472 acceperit.
1529 2397 1671 2453 Nam
1721 2412 1859 2468 κρα-

282 2508 447 2568 οετσα,
475 2502 581 2559 nisi
614 2500 802 2556 omnia
842 2514 929 2554 me
954 2497 1175 2562 fallunt,
1213 2503 1301 2552 est
1327 2494 1597 2566 permista
1633 2497 1689 2546 et
1718 2497 1858 2543 tem-

280 2606 479 2670 perata,
540 2609 652 2648 non
712 2591 1016 2661 conjuncta
1071 2597 1128 2645 et
1188 2581 1479 2659 compacta
1538 2599 1554 2639 :
1604 2581 1862 2652 ταυρόδε-

228 2737 235 2744 .
279 2708 399 2763 τρον
423 2697 629 2753 autem,
654 2684 1008 2757 utprincipio
1028 2683 1164 2751 dixi,
1190 2682 1352 2752 plane
1369 2678 1696 2735 barbarum.
1717 2672 1863 2741 Quin

203 2841 208 2845 ,
285 2791 336 2838 et
360 2782 675 2852 ταυρόδετος
706 2793 819 2833 non
853 2777 985 2832 alibi
1013 2775 1232 2847 reperio
1260 2791 1275 2840 ;
1332 2787 1511 2841 neque
1541 2784 1673 2825 vero
1705 2765 1868 2822 intel-

281 2873 406 2943 ligo,
433 2872 526 2942 qui
561 2868 856 2927 commode
898 2866 1010 2921 diei
1068 2866 1296 2936 poterit.
1322 2863 1393 2920 Ut
1444 2859 1756 2921 ἁλυσίδετος
1782 2864 1868 2912 est

284 2963 461 3020 ἁλύσει
490 2962 690 3028 δεθεὶς,
719 2956 1012 3032 κηρόδετος
1029 2958 1206 3030 κηρῷ,
1231 2966 1286 3014 et
1318 2957 1364 3019 si
1397 2971 1504 3027 qua
1532 2961 1664 3009 sunt
1693 2951 1801 3005 alia
1839 2964 1853 3000 :

288 3055 369 3109 sic
393 3063 443 3109 et
474 3051 805 3125 ταυρόδετος
857 3048 1026 3105 fuerit
1086 3048 1279 3121 ταύρῳ
1336 3045 1624 3118 δεδεμένος
1672 3041 1862 3115 [tauro

1944 1517 2194 1587 appellet,
2220 1516 2380 1570 credo
2406 1515 2545 1585 quod
2573 1515 2805 1584 primum
2835 1529 2894 1566 eo
2918 1498 3119 1566 uenerit
3152 1524 3171 1563 :
3198 1518 3248 1564 et
3284 1510 3338 1563 in
3362 1507 3544 1563 Αῖηα-

1945 1611 2030 1664 ria
2058 1609 2271 1664 succisa
2293 1608 2639 1679 regerminat.
2664 1604 2845 1659 Simili
2881 1617 3020 1659 sane
3049 1601 3363 1664 tralatione,
3387 1614 3553 1671 quam

1946 1701 2236 1772 Euripides
2289 1700 2466 1754 Creta:
2500 1698 2814 1768 indigenam
2858 1700 3045 1760 vocat,
3070 1694 3121 1749 ei
3154 1693 3390 1762 patriam
3431 1706 3558 1747 esse

1878 1809 1924 1868 Β
1950 1792 2170 1849 Cretam
2228 1790 2442 1845 Plinius
2488 1797 2904 1843 commemorat.
2944 1785 3050 1841 Sed
3105 1784 3165 1839 in
3202 1783 3326 1852 ejus
3366 1782 3556 1838 verbis

1948 1884 2163 1939 macula
2218 1882 2366 1938 inest
2420 1879 2756 1943 foedissima,
2809 1891 3134 1946 quanquam
3192 1873 3338 1930 haud
3398 1871 3559 1927 valde

1946 1974 2337 2037 δυσέκπλυτος.
2397 1970 2609 2041 Quippe
2664 1984 2764 2039 pro
2813 1959 2962 2024 Earia
2996 1981 3106 2020 non
3142 1977 3341 2034 magna
3380 1968 3559 2016 muta-

1951 2066 2101 2121 tione
2130 2064 2427 2134 legendum
2463 2070 2549 2117 est
2582 2065 2775 2115 Tarra.
2833 2056 3120 2127 Siquidem
3155 2055 3561 2124 interpretatur

1953 2159 2073 2214 haec
2097 2155 2472 2227 Theophrasti
2521 2153 2620 2207 lib.
2670 2168 2709 2207 ιι
2736 2148 2882 2205 Hist.
2917 2164 3041 2217 cap.
3090 2148 3127 2201 2
3164 2144 3563 2214 εΚυπάριττος

1951 2251 2009 2304 δὲ
2043 2249 2196 2321 παρὰ
2240 2249 2340 2319 μὲν
2365 2249 2481 2310 τοῖς
2519 2243 2703 2308 ἄλλοις
2731 2244 2845 2297 ἀπὸ
2889 2240 3233 2313 σπέρματος,
3266 2237 3324 2290 ὲν
3358 2234 3560 2305 Κρήτῃ

1954 2341 2011 2394 δὲ
2047 2341 2143 2394 καὶ
2189 2339 2299 2393 ἀπὸ
2339 2337 2633 2407 στελέχους
2672 2374 2688 2400 ,
2719 2328 2833 2388 οἷον
2863 2332 2957 2387 καὶ
2991 2330 3101 2386 ἀπὸ
3132 2328 3236 2398 τῆς
3263 2326 3469 2396 κουρᾶς
3505 2324 3564 2375 ὲν

1958 2432 2186 2505 Tesse.
2219 2429 2371 2500 παρὰ
2396 2427 2611 2491 τούτοις
2649 2427 2758 2497 γάρ
2795 2427 2945 2478 ἐστιν
3062 2418 3434 2491 κουριζομένη
3464 2433 3567 2468 κυ-

1962 2525 2245 2595 πάριττος.
2296 2521 2428 2575 Mihi
2466 2520 2705 2592 quidem
2741 2518 2849 2573 hoc
2883 2516 3092 2587 certius
3126 2526 3231 2576 est,
3268 2526 3435 2581 quam
3473 2508 3569 2562 illa

1963 2630 2085 2686 quas
2112 2617 2257 2685 apud
2291 2612 2544 2684 Sagram.
2579 2609 2689 2666 Sed
2713 2609 2840 2680 quia
2877 2607 3175 2661 difﬁculter
3205 2605 3309 2657 hoc
3338 2600 3575 2656 nonnul-

1963 2708 2034 2762 lis
2061 2717 2230 2776 atque
2256 2719 2402 2775 aegre
2432 2701 2756 2774 persuaderi
2795 2700 2977 2763 video,
3022 2697 3253 2768 agedum
3281 2713 3345 2750 ex
3380 2692 3572 2748 Soliuo

1969 2799 2349 2868 πειθανάγκην
2405 2796 2803 2861 admoveamus
2863 2789 3223 2859 Θετταλικὴν,
3269 2796 3329 2841 ιιι
3375 2796 3574 2842 contra

1969 2891 2018 2948 si
2047 2891 2172 2962 quis
2205 2889 2433 2952 sentiat,
2476 2886 2616 2941 nihil
2647 2884 2870 2941 sentiat.
2911 2881 3044 2952 Ejus
3082 2881 3248 2936 verba
3276 2886 3405 2935 sunt
3448 2892 3572 2947 cap.

1980 2983 2041 3037 l7
2081 2999 2097 3037 :
2132 2981 2279 3036 Mira
2312 2980 2416 3034 soli
2456 2978 2654 3034 Cretici
2710 2974 3089 3047 indulgentia:
3147 2970 3420 3026 arborarii
3449 2985 3577 3037 pro-

1926 3120 1931 3123 .
1977 3083 2157 3128 uentus
2204 3070 2537 3125 abundantes
2569 3084 2588 3122 :
2655 3083 2779 3120 nam
2831 3066 2890 3119 in
2942 3052 3575 3133 Imjus.tantuminsu{te

290 3153 621 3217 compacms’
663 3158 776 3198 mm
810 3143 1024 3214 me
1045 3140 1318 3213 taurino}
1342 3136 1869 3231 Namuquisszsf?‘
1896 3143 1940 3202 (ἶ
1969 3173 2123 3231 parte
2155 3159 2479 3230 repullulant
2514 3173 2666 3213 cresce
2691 3155 2949 3224 cupressi.
2978 3152 3235 3209 Profecto
3270 3160 3366 3205 aut
3401 3148 3577 3203 Tarra

293 3252 405 3305 cro,
432 3235 636 3308 ταῦρον
667 3234 959 3305 usurpavit
989 3232 1112 3286 ἀντὶ
1129 3233 1231 3303 τῆς
1254 3248 1355 3284 ταυ
1366 3228 1621 3302 perduc;
1642 3226 1866 3282 ?Demi-

284 3345 373 3385 ror
395 3335 581 3384 tamen
610 3325 763 3382 unde
794 3326 890 3381 illa
918 3325 973 3379 in
1017 3323 1310 3395 Porphyrii
1343 3329 1398 3376 et
1430 3317 1681 3374 Erotiani
1712 3317 1869 3372 codi-

285 3435 371 3476 ces
408 3416 774 3490 irrepserint.
813 3413 973 3470 Haud
1032 3429 1167 3470 sane
1222 3412 1431 3467 temere
1466 3409 1521 3465 id
1556 3408 1760 3465 factum
1794 3407 1874 3461 vi-

282 3506 474 3562 detur:
503 3507 702 3575 itaque
736 3504 911 3559 haeret
947 3504 1060 3558 haec
1089 3516 1213 3570 res;
1251 3516 1430 3570 neque
1487 3505 1742 3568 prompte
1784 3511 1876 3551 ex-

284 3596 469 3667 pedire
507 3610 766 3668 possum.
796 3593 877 3650 Ne
899 3602 1084 3649 tamen
1120 3591 1433 3664 ἀσύμϐολος
1475 3591 1586 3647 huc
1616 3590 1874 3653 veniam,

283 3688 455 3744 donec
501 3686 722 3756 aliquid
760 3685 962 3740 melius
991 3685 1297 3749 succurrit,
1331 3696 1533 3738 censeo
1578 3690 1640 3734 ut
1676 3696 1877 3750 ταυρο-

280 3780 413 3852 δέτῳ
451 3780 530 3835 de
555 3778 739 3834 medio
796 3777 1085 3832 auferatur
1138 3777 1285 3847 (cum
1343 3776 1465 3830 sine
1494 3788 1561 3829 eo
1604 3773 1763 3844 plena
1808 3771 1879 3826 sit

281 3870 589 3935 sententia,
620 3869 699 3942 τῷ
725 3868 1055 3941 κολληθεῖσα
1084 3868 1293 3940 ἄρμας,
1323 3882 1390 3922 ex
1423 3864 1720 3920 Homerico
1750 3864 1878 3929 isto,

283 3974 341 4019 ut
374 3963 621 4029 videtur,
657 3962 986 4018 adumbrata
1014 3976 1029 4015 :
1172 3976 1175 3987 λ
1203 3957 1210 3964 ’

282 4054 610 4124 Κολλητὰς
641 4053 694 4107 δ’
735 4053 1006 4130 ἐπέθηκα
1048 4052 1236 4120 θύρας
1266 4047 1537 4115 πυκινῶς
1566 4047 1878 4117 ἀραρυίας.

281 4146 462 4218 Atque
497 4149 614 4202 hoc
648 4157 811 4217 pacto
856 4144 1016 4216 βάσις
1078 4144 1186 4199 ista
1238 4141 1632 4212 ὰναπαιστική,
1688 4150 1885 4195 versus

283 4239 553 4300 videlicet
571 4231 680 4310 qui
704 4237 1106 4308 partemiacum
1137 4233 1437 4296 antecedit,
1474 4240 1883 4287 monometrum

282 4334 386 4387 erit
418 4334 798 4389 aeatalectum
825 4349 842 4398 ;
868 4339 928 4385 ut
959 4328 1212 4400 profecto
1254 4327 1584 4399 plerumque
1612 4333 1718 4388 est,
1746 4333 1800 4379 et
1831 4325 1887 4380 in

285 4426 392 4480 hoc
426 4426 557 4496 ipso
586 4424 813 4495 quidem
863 4424 985 4479 loco
1017 4423 1145 4493 plus
1187 4420 1408 4491 semel).
1440 4420 1651 4475 Caetera
1702 4426 1884 4473 autem

288 4532 458 4588 porro
487 4516 578 4573 sic
617 4518 878 4587 legantur
910 4532 925 4570 :

509 4612 675 4677 ’ῌκω
705 4610 934 4674 ζαθέους
960 4611 1123 4673 ναοὺς
1153 4607 1438 4677 προλιπὼν

506 4675 607 4744 Οἷς
637 4681 934 4750 αὐθιγενὴς
964 4675 1241 4750 τμηθεῖσα
1260 4679 1460 4750 δοκοὺς

508 4747 790 4820 Στεγανὰς
817 4747 1351 4822 παρέχειΧαλύϐων
1385 4747 1633 4814 πελέκει,

510 4824 625 4876 Καὶ
649 4821 961 4893 κολληθείσ’

528 4890 813 4963 Ἀτρεκεῖέ
838 4892 1023 4963 ἄρμας
1047 4890 1413 4960 κυπάρισσος.

520 4990 726 5043 Adsum
756 5003 789 5038 a
812 4986 1012 5038 sanctis
1047 4983 1277 5051 templis,
1312 4983 1522 5037 validas

529 5059 734 5125 Quibus
777 5056 1024 5121 indigena
1055 5065 1129 5109 est
1154 5065 1307 5107 sueta
1327 5069 1608 5122 cupressus

520 5127 772 5183 Prtebere
808 5125 1011 5185 trabes,
1042 5141 1183 5179 cn'sa
1206 5127 1384 5179 securi

527 5197 849 5267 Chalybum,
879 5204 1036 5267 atque
1071 5206 1250 5248 arclas

528 5265 819 5337 Compages
850 5265 1057 5335 glutine
1079 5267 1277 5319 vincta.

309 5365 453 5421 Alibi
513 5361 685 5417 nimis
741 5366 1078 5429 occupatum
1142 5357 1336 5413 habuit
1388 5359 1634 5414 animum
1675 5362 1704 5414 ὁ
1737 5363 1904 5430 πάνυ,

305 5473 431 5513 eum
464 5454 604 5511 illud
638 5451 770 5523 δρῦς
810 5451 1360 5507 comminisceretur.
1408 5451 1520 5505 Cur
1563 5453 1709 5507 enim
1743 5469 1907 5523 quer-

307 5563 410 5607 eos
438 5555 741 5603 vocaretur
762 5543 1102 5615 αὐθιγενήςῖ
1142 5542 1272 5613 quid
1296 5543 1320 5597 ?
1341 5558 1449 5598 non
1490 5544 1620 5599 alibi
1658 5556 1767 5599 tam
1804 5545 1906 5600 fre-

1977 3256 2032 3309 iu
2063 3254 2243 3309 Plinio
2272 3242 2533 3321 sublegit
2563 3249 2810 3313 Solinus,
2843 3254 2937 3302 aut
2958 3244 3244 3301 IEnariam
3270 3245 3578 3300 arbitratus

1977 3357 2060 3404 est
2112 3354 2325 3416 partem
2382 3358 2509 3399 esse
2567 3340 2762 3396 Cret-.e.
2812 3338 3063 3406 Quamne
3103 3345 3264 3391 antea
3305 3351 3428 3407 cap.
3461 3335 3492 3389 7
3522 3336 3581 3390 in

1978 3438 2178 3495 insulis
2206 3435 2414 3491 Italicis
2451 3432 2806 3488 numeravit?
2834 3429 2962 3486 Oris
2989 3445 3113 3486 esse
3146 3428 3312 3486 ferrei
3363 3435 3582 3499 oportet

1979 3530 2075 3600 qui
2125 3530 2231 3584 hoc
2283 3527 2510 3583 dixerit.
2571 3524 2708 3592 Quis
2740 3531 2924 3579 autem
2975 3520 3162 3577 credat
3189 3535 3487 3590 cupressos
3525 3519 3582 3575 in

1980 3621 2207 3678 Enaria
2243 3626 2441 3690 sponte
2474 3615 2674 3673 nasci?
2713 3614 3047 3685 Ecquisnam
3082 3611 3269 3667 isthuc
3296 3610 3581 3665 memorias

1984 3713 2261 3786 prodidit?
2283 3726 2391 3766 non
2416 3710 2594 3780 magis
2623 3706 2942 3762 mehercule
2968 3719 3133 3775 quam
3158 3703 3302 3757 Batti
3327 3702 3586 3772 Silpliion

1983 3815 2072 3859 aut
2105 3801 2380 3859 auriferas
2406 3801 2582 3856 malos
2606 3795 2996 3865 Hesperidum.
3022 3793 3225 3850 Verum
3250 3803 3313 3848 ut
3349 3795 3586 3851 ulterius

1984 3896 2428 3968 progrediamur,
2470 3894 2637 3951 etiam
2691 3890 2941 3946 Sulinum
2983 3904 3092 3943 non
3147 3887 3216 3942 ab
3247 3887 3399 3943 omni
3425 3893 3588 3957 parte
3654 3926 3657 3927 ν

1986 4004 2184 4046 sanum
2209 4004 2334 4044 esse
2353 3987 2647 4043 existimo.
2676 3984 2846 4038 Valde
2885 3982 3032 4037 enim
3062 3980 3316 4051 suspicor
3338 3979 3414 4034 ita
3442 3979 3588 4036 scri-

1988 4094 2139 4155 ptum
2167 4096 2293 4137 esse
2325 4078 2636 4148 antiquitus
2678 4095 2690 4131 :
2730 4074 2875 4129 Nam
2906 4075 2964 4129 in
2992 4072 3169 4131 Tarra
3202 4070 3362 4138 huius
3394 4070 3591 4126 insulse

1985 4184 2138 4245 parte
2161 4171 2488 4242 repullulant
2515 4186 2535 4224 :
2557 4172 2664 4232 vel,
2687 4171 2741 4223 in
2767 4169 2927 4243 hujus
2955 4176 3164 4221 tantum
3194 4164 3386 4220 insula:
3417 4162 3593 4239 [arra

1989 4265 2337 4336 repullulant.
2369 4261 2483 4320 Nec
2517 4263 2664 4319 enim
2700 4277 2733 4316 a
2763 4262 2989 4330 vulgata
3029 4259 3268 4314 lectione
3299 4258 3460 4327 longe
3499 4256 3590 4310 ni-

1990 4361 2095 4416 mis
2152 4356 2437 4414 abscedo:
2488 4370 2602 4410 nec
2654 4351 3003 4424 probabilem
3067 4364 3290 4406 causam
3346 4347 3592 4418 reperire

1922 4495 1968 4551 Β
1991 4464 2242 4518 possum,
2282 4463 2384 4501 cur
2418 4444 2726 4500 abstineret
2746 4457 2867 4498 eam
2898 4451 3108 4513 partem
3132 4438 3327 4494 insula:
3362 4453 3465 4495 suo
3494 4454 3596 4494 vo»

1995 4542 2198 4598 cabulo
2241 4539 2547 4595 nominare.
2596 4535 2849 4591 Dicerem
2885 4534 3078 4598 etiam,
3108 4533 3156 4589 si
3190 4533 3412 4586 animus
3447 4538 3597 4586 esset

1996 4633 2260 4692 hariolari
2298 4632 2646 4702 conjectura,
2690 4626 3113 4687 similitudinem
3157 4624 3450 4678 verborum
3488 4623 3598 4677 ca-

1997 4727 2112 4782 toni
2144 4723 2517 4795 imposuisse,
2550 4736 2675 4776 eum
2723 4732 3053 4788 cupressum
3104 4715 3464 4770 Tarentinam
3499 4729 3598 4785 ap-

1996 4819 2246 4890 pellaret.
2304 4813 2587 4886 Siquidem
2631 4811 2767 4868 urbs
2812 4810 2991 4867 Cretae
3030 4808 3245 4882 Τάρῥα,
3288 4806 3597 4863 Tarentum

1998 4919 2182 4967 autem
2206 4908 2391 4981 Τάρας
2419 4914 2670 4961 vocatur.
2690 4905 2899 4959 Lanam
2918 4901 3164 4973 quidem,
3191 4909 3245 4956 et
3273 4917 3600 4971 purpuram,

2001 5004 2129 5068 mel,
2171 5002 2342 5058 salem
2376 4997 2516 5071 [50],
2546 4998 2747 5061 oleam,
2778 4988 2986 5052 ceram.
3014 5009 3266 5065 porrum,
3298 5002 3607 5063 pectuncu-

2002 5098 2109 5161 ios,
2164 5103 2403 5155 ostreas,
2458 5106 2677 5154 nucem,
2714 5097 3023 5152 castaneas,
3076 5085 3213 5140 licus
3273 5084 3607 5141 Tarentinas

2003 5174 2372 5241 animadverti
2413 5182 2586 5238 fuisse
2616 5181 2670 5234 in
2702 5179 2883 5250 pretio
2920 5196 2934 5233 :
2986 5192 3315 5248 cupressum
3350 5176 3608 5232 Tarenti-

2006 5292 2132 5330 nam
2167 5274 2303 5330 cedo
2337 5272 2471 5327 mihi
2506 5285 2701 5335 unum,
2739 5268 2833 5337 qui
2868 5282 3037 5338 supra
3068 5276 3299 5323 caeteras
3346 5265 3610 5321 laudave-

2007 5367 2103 5432 rit,
2126 5371 2325 5437 praeter
2351 5362 2639 5417 Catonem.
2671 5358 2876 5415 Verum
2934 5358 3040 5413 hoc
3091 5358 3295 5424 obiter,
3335 5363 3391 5412 et
3430 5356 3609 5428 magis

2005 5456 2133 5528 joco
2181 5456 2387 5511 dictum
2414 5452 2705 5537 ‘existima,
2742 5464 2907 5520 quam
2946 5448 3095 5518 quod
3154 5448 3210 5502 in
3249 5463 3310 5501 ea
3343 5446 3446 5502 sim
3479 5463 3610 5502 sen-

2018 5546 2213 5604 tentia.
2270 5544 2391 5601 Jam
2429 5543 2574 5615 quod
2626 5540 2920 5612 Euripides
2957 5540 3116 5595 istam
3179 5538 3436 5595 arborem
3470 5537 3611 5593 dicit

1852 5719 2085 5776 NOTAE.

388 5817 470 5888 {tl}
500 5814 596 5871 Vel
619 5824 793 5883 ratus,
822 5811 1030 5867 doctus.
