3966 6434
564 299 668 360 73;)
1432 310 1529 369 DE
1583 309 1908 378 JOANNIS
1949 311 2269 371 MALALIE
2302 268 2956 383 EHRONOGBAPHIA
3696 344 3776 410 em

564 415 917 472 ﬁrmissimas
972 416 1157 474 trabes
1221 421 1444 490 templis
1501 423 1840 493 praebuisse;
1882 426 2062 480 ﬁrmat
2101 426 2152 480 id
2182 433 2226 490 Α
2258 425 2587 500 Hippolytus
2622 435 2904 491 secundus
2925 436 3025 505 qui
3057 437 3216 494 hodie
3246 448 3779 522 supernatasse-ita;

563 505 700 561 adeo
756 506 1198 569 emendationem
1264 520 1510 567 nostram
1554 530 1567 566 :
1624 530 1750 571 cum
1789 522 2106 586 ‘cupressut

2257 518 2376 573 sive
2407 521 2829 597 Στεφανηφόρος
2885 528 3252 584 inscribitur:
3296 505 3442 603 prior

560 613 756 652 omnes
790 613 899 652 uno
946 614 1044 654 ore
1087 607 1365 657 testentur
1395 606 1768 677 χρονιωτάτην
1804 623 1930 665 esse
1979 619 2106 681 atqu

2250 627 2359 673 νος.
2389 609 2614 678 Pollux,
2644 631 2720 679 ιι,
2766 635 2815 671 c.
2842 617 2876 671 5
2913 634 2927 671 :
2965 620 3268 691 Εὐριπιδης
3302 624 3357 677 ὲν
3404 625 3677 702 Ἱππολύτῳ
3701 606 3778 688 κα-

560 689 947 761 ἀσαπεστάτην
974 708 988 724 ·
1041 701 1097 747 et
1131 694 1279 763 quod
1318 705 1483 765 caput
1532 703 1902 771 est,‘egregie
1947 712 2106 772 praete

2248 700 2572 776 λυπτομένῳ
2594 723 2608 736 ο
2648 747 2663 760 .
2700 746 2715 761 .
2753 745 2767 762 .
2806 746 2821 761 .
2853 710 2992 780 πρὸς
3023 689 3400 779 ἵππωννεύθὺς
3427 689 3781 791 ὁρμήσαςῡστά.

561 792 789 837 caeteras
824 785 880 838 in
906 783 1136 840 deorum
1162 788 1374 843 aedibus
1400 790 1582 845 locum
1616 803 1672 847 et
1702 793 1967 851 honorem
1995 796 2106 854 invt

2250 812 2355 849 σιν.
2415 794 2525 852 Nec
2589 806 2773 855 tamen
2827 805 3057 859 omnino
3107 805 3357 863 diversa
3400 783 3561 865 erant.
3598 814 3777 886 fabula,

557 873 730 928 uisse.
758 871 1089 944 Hermippus
1117 877 1262 946 apud
1287 879 1650 934 Athenaeum:
2246 887 2391 941 sicut
2442 887 2723 961 Iphigenia
2788 894 2843 947 in
2894 895 3093 953 Aulide
3156 906 3212 951 ct
3248 898 3301 952 in
3342 899 3553 965 Tauris,
3581 871 3779 979 metu;

2248 975 2542 1050 Tyrannus
2586 991 2643 1038 et
2709 985 2763 1038 in
2835 986 3087 1050 Colono,
3125 988 3476 1048 Prometheus
3535 975 3781 1074 Δεσμώτης

2244 1080 2300 1124 et
2333 1072 2629 1143 Λυόμενος.
2678 1076 2777 1130 Vix
2815 1116 2831 1141 ,
2865 1079 2973 1135 imo
3036 1096 3104 1134 nc
3146 1084 3233 1135 vix
3294 1083 3504 1152 quidem
3558 1089 3650 1144 hoc
3688 1072 3777 1148 ﬁeri

2244 1172 2445 1233 potest,
2470 1181 2593 1219 cum
2635 1167 2823 1225 drama
2861 1171 3135 1239 posterius
3169 1189 3280 1228 rem
3315 1182 3635 1241 omnem,uti
3661 1196 3780 1253 gesta

2242 1264 2347 1319 est,
2390 1259 2821 1329 complectatur;
2882 1262 2950 1317 ab
2984 1278 3054 1317 eo
3121 1274 3367 1335 tempore
3424 1284 3532 1337 quo
3584 1274 3777 1340 primum

2243 1347 2508 1419 θεήλατον
2563 1352 2801 1422 privigni
2859 1369 3105 1410 amorem
3160 1355 3394 1412 Phaedra
3460 1375 3775 1433 conceperat,

2241 1454 2419 1510 usque
2467 1441 2536 1496 ad
2578 1442 2854 1514 Hippolyti
2909 1454 3141 1501 mortem
3175 1463 3189 1499 :
3226 1449 3482 1519 quaedam
3535 1456 3681 1509 etiam
3722 1475 3776 1515 ex

629 1022 695 1061 .__.
727 1022 741 1035 .
767 1025 792 1061 _.
829 1025 843 1040 .
880 1026 893 1040 .
914 986 989 1061 ἐξ
1017 986 1072 1061 δέ
1106 989 1413 1061 Αἰγύπτου
1433 978 1843 1061 τὰῌνρεμαστὰ

636 1055 815 1129 ξζᾳτζα
832 1059 927 1109 καὶ
943 1055 1239 1129 βύϐλους,
1258 1060 1375 1112 ἀπὸ
1393 1060 1443 1113 δ’
1458 1057 1535 1115 αὖ
1555 1055 1771 1129 Συρίας
1784 1063 2137 1119 λιϐἁνωτον.

637 1123 709 1178 Ἠ
741 1126 809 1177 δὲ
839 1127 997 1194 καλὴ
1030 1127 1230 1195 Κρήτη
1255 1123 1650 1198 κυπάρισσον
1666 1123 1821 1186 τοῖσι
1852 1134 2062 1189 θεοῖσι.

554 1236 995 1309 TheOphrastus,
1054 1240 1203 1297 Hist.
1246 1260 1301 1306 v,
1336 1243 1369 1296 5
1408 1262 1421 1297 :
1456 1244 1675 1301 Τούτων
1714 1247 1770 1300 δὲ
1798 1249 2137 1320 χρονιώτατα

546 1327 695 1381 δοκεῖ
738 1330 805 1382 τὰ
853 1331 1216 1401 κυπαρίττινα
1277 1328 1438 1389 εἶναι.
1475 1334 1549 1387 Τὸ
1602 1334 1733 1403 γοῦν
1792 1338 1849 1390 ὲν
1879 1338 2133 1408 Ἐφέσῳ,

546 1417 608 1481 ἐξ
641 1411 716 1470 ὧν
750 1419 808 1472 αἱ
864 1418 1029 1490 θύραι
1086 1420 1181 1483 τοῦ
1243 1418 1347 1472 νεὼ
1378 1421 1878 1493 τεθησαυρισμέναι
1903 1462 1918 1488 ,
1948 1424 2137 1479 τέσσαο

546 1527 648 1578 ρας
683 1509 860 1562 ἔκειτο
893 1510 1109 1578 γενεάς.
1142 1510 1296 1564 Μόνα
1326 1511 1383 1564 δὲ
1415 1513 1511 1564 καὶ
1545 1512 1867 1603 στιλϐηδόνα
1895 1513 2106 1585 δέχεται

2240 1509 2425 1601 priore
2472 1509 2735 1601 citentur,
2779 1509 2920 1605 iquaa
2969 1547 3025 1592 et
3072 1538 3125 1592 in
3159 1542 3336 1595 altero
3392 1544 3638 1612 reperias.
3662 1546 3774 1613 Quin

547 1599 751 1663 Fallor,
798 1616 869 1655 an
905 1602 1084 1655 oratio
1118 1604 1234 1656 haec
1296 1599 1625 1668 σολοικίζειῖ
1660 1604 1781 1671 Quo
1810 1605 1956 1659 enim
2000 1607 2106 1659 illm

2240 1622 2376 1676 mihi
2405 1626 2896 1693 persuasissimum
2923 1637 3009 1683 est
3040 1644 3160 1683 eam
3187 1632 3258 1685 ob
3278 1648 3504 1687 causam
3525 1636 3775 1692 Καλυπτό-

514 1684 604 1744 ’τὸ
641 1691 829 1746 referri
879 1693 1093 1762 possit?
1144 1695 1261 1761 lego
1296 1713 1309 1748 :
1346 1695 1413 1747 τὰ
1444 1694 1575 1764 γοῦν
1598 1697 1659 1748 ὲν
1692 1696 1927 1767 Ἐφέσῳ,
1970 1695 2028 1762 ἐξ
2053 1694 2106 1751 ὧι

2243 1729 2404 1782 μενον
2431 1731 2557 1772 esse
2592 1718 2918 1788 inscriptum
2947 1759 2962 1784 ,
2994 1722 3139 1790 quod
3169 1723 3223 1777 in
3252 1735 3497 1780 extrema
3536 1727 3691 1784 fabula
3712 1732 3772 1788 sic

537 1785 593 1835 αἱ
632 1783 794 1854 Θύραι
840 1785 935 1837 τοῦ
965 1784 1091 1852 νεὼ,
1122 1787 1604 1857 τεθησαυρισμένα
1648 1789 1923 1862 τέσσαρας
1954 1790 2106 1844 ἐκειτη

2236 1805 2496 1876 loquatur
2528 1783 2863 1882 Hippolytus
2895 1783 3310 1871 moribundus:

535 1877 747 1942 γενεάς.
807 1877 950 1931 Dicit
1003 1881 1289 1933 materiem
1352 1877 1515 1933 istam
1548 1883 1934 1950 cupressinam
1970 1899 2068 1952 per
2095 1884 2130 1938 4

533 1970 732 2023 secula
770 1970 887 2023 sive
915 1984 1043 2024 cccc
1095 1986 1296 2034 annos,
1339 1987 1403 2024 ex
1427 1987 1539 2042 quo
1570 1974 1806 2041 primum
1834 1990 1973 2029 czesa
2022 1985 2125 2041 est,

530 2062 873 2115 reconditam
937 2060 1113 2117 fuisse
1188 2064 1512 2132 priusquam
1546 2066 1613 2118 ad
1647 2066 1834 2120 valvas
1869 2065 2126 2136 Ephesini

530 2153 719 2222 templi
758 2153 1113 2207 adhiberetur
1150 2172 1163 2207 :
1208 2163 1263 2208 et
1313 2163 1495 2210 tamen
1552 2155 1931 2227 incorruptam
1962 2158 2129 2210 dura-

524 2246 696 2301 visse.
727 2244 805 2300 Ea
845 2245 1216 2316 Theophrasti
1252 2248 1527 2301 sententia
1556 2257 1661 2302 est.
1704 2247 1962 2302 Profecto
1989 2250 2126 2306 nihil

528 2335 633 2391 hac
654 2337 1044 2392 emendatione
1067 2338 1279 2391 certius
1296 2345 1350 2391 et
1377 2336 1714 2392 evidentius.
1744 2339 1937 2411 Ausim
1962 2340 2123 2410 equi-

2301 1920 2736 1999 !{eaeaptépntm
2765 1924 2934 1999 τᾶμ’ζ
2967 1925 3171 1982 ὄλωλα
3193 1928 3326 1997 γὰρ,
3357 1929 3563 1999 πάτερ,

2299 1991 2551 2059 Κρύψον
2578 1992 2645 2046 δέ
2660 2012 2781 2063 μου
2815 1991 3162 2064 πρόσωπον,
3306 1991 3520 2068 τάχοςξ
3542 1991 3765 2069 πέπλοις.

2229 2100 2468 2161 Proinde
2498 2105 2613 2180 [5‘2]
2656 2108 2711 2163 in
2753 2119 2990 2184 utraque
3032 2113 3214 2171 ΐιώυιθ
3246 2119 3709 2188 comperiebentur
3731 2120 3765 2173 1ιὶ

2227 2200 2507 2255 versiculi.
2548 2200 2816 2261 Similiter
2844 2219 2899 2263 et
2951 2209 3108 2265 alteri
3161 2212 3585 2283 Στεφανηφόρου
3615 2228 3764 2267 nomen

2226 2303 2311 2347 est
2342 2293 2601 2362 inditum,
2629 2307 2856 2368 propter
2880 2301 2994 2356 haec
3021 2304 3186 2359 verba
3209 2304 3495 2377 Hippolyti
3524 2322 3625 2360 non
3649 2307 3764 2376 longe

525 2427 648 2481 dem
698 2427 951 2496 deierare
990 2443 1101 2481 non
1135 2429 1294 2481 aliter
1326 2428 1527 2497 legisse
1552 2426 1818 2493 Plinium,
1849 2430 2119 2499 siquidem

526 2518 590 2570 ad
627 2519 739 2572 base
774 2517 1191 2589 Tttcophrastea
1229 2519 1491 2589 respexit,
1534 2535 1659 2573 cum
1690 2518 1942 2590 Ephesiae
1975 2521 2122 2576 dicat

524 2608 713 2665 Dianae
751 2612 1015 2681 templum
1047 2621 1159 2666 tota
1189 2613 1320 2665 Asia
1366 2621 1672 2668 exstruente
1713 2615 2119 2684 quadringentis

526 2704 684 2757 armis
716 2714 992 2772 peractum
1037 2722 1169 2770 esse,
1223 2716 1300 2772 et,
1334 2706 1513 2761 valvas
1547 2724 1658 2762 esse
1690 2724 1717 2761 e
1749 2724 1999 2776 cupresso
2025 2750 2039 2776 ,
2067 2719 2119 2765 et

514 2793 628 2861 jam
658 2794 1063 2864 quadringentis
1084 2812 1245 2865 prope
1276 2798 1432 2850 annis
1472 2796 1670 2850 durare
1695 2798 1969 2852 materiem
2000 2816 2116 2852 om-

520 2900 634 2938 nem
666 2902 812 2941 nova:
841 2887 1092 2940 similem.
1124 2887 1351 2943 Scilicet
1380 2898 1512 2943 tunc
1560 2888 1675 2943 fere
1721 2890 1948 2944 materia
1980 2890 2141 2965 caedi.

519 2978 681 3041 solet,
743 2994 867 3032 cum
903 2979 1121 3034 aedificii
1177 2980 1532 3035 fundamenta
1580 2981 1904 3051 jaciuntur:
1945 2983 2115 3037 valvae

516 3077 700 3122 autem
742 3076 858 3123 tum
887 3070 1111 3125 demum
1147 3072 1287 3139 lieri,
1318 3087 1443 3125 cum
1475 3081 1675 3127 caetera
1712 3073 1897 3127 omnia
1930 3073 2105 3145 perfe-

2225 2399 2256 2439 a
2290 2400 2565 2457 ριίηοιριο
2599 2406 2613 2443 :

2292 2493 2396 2573 Σοὶ
2426 2495 2603 2573 {dirae
2630 2499 2896 2573 θελεκτὸν
2919 2483 3229 2572 στέφανον
3265 2504 3338 2569 ἐξ
3378 2505 3671 2572 ἀκηράτου

2290 2564 2613 2634 Λειμῶνος,
2640 2564 2691 2623 ὦ
2719 2564 3049 2638 δέσποιν-αξ
3069 2564 3396 2643 κοσμήσας
3426 2564 3599 2646 99me.

2218 2670 2335 2727 Non
2359 2674 2528 2744 igitur
2549 2676 2735 2749 δρᾶμα
2753 2694 2961 2735 novum
2986 2693 3106 2737 erat
3125 2682 3461 2757 Hippolytus
3486 2686 3757 2756 Στεφανίας,

2218 2764 2312 2817 sed
2334 2772 2650 2820 correctum
2698 2768 2991 2835 duntaxat,
3038 2780 3204 2842 atque
3243 2774 3652 2845 interpolatum,
3674 2777 3755 2829 δια·

2218 2855 2386 2927 σκευὴ
2408 2854 2504 2909 τοῦ
2530 2859 2820 2931 προτέρου.
2847 2860 3017 2919 Vetus
3055 2868 3458 2935 grammaticus
3492 2876 3757 2940 argumento

2215 2944 2490 3019 Hippolyti
2520 2965 2534 3003 :
2564 2950 2739 3005 Ἔστι-
2760 2953 2817 3006 δὲ
2839 2945 2996 3020 οὗτος
3018 2957 3046 3008 ὁ
3087 2955 3413 3023 Ἱππόλυτος
3440 2961 3673 3033 δεύτερος
3693 2963 3757 3013 καὶ

2215 3036 2520 3105 Στεφανίας
2558 3045 3124 3116 προσαγορευόμενος.
3169 3048 3530 3119 Ἐμφαίνεται
3560 3052 3612 3105 δὲ
3639 3050 3756 3104 ὓστε-

514 3166 601 3211 cta
636 3166 767 3211 sunt
805 3166 972 3228 atque
1011 3132 1289 3215 absoluta.
1319 3162 1434 3216 [lac
1478 3163 1705 3230 quidem
1747 3132 2104 3233 argumenta-

2212 3147 2303 3199 ρος
2330 3133 2720 3202 γεγραμμένος
2747 3151 2759 3164 ·
2792 3136 2854 3189 τὸ
2909 3138 3022 3209 γὰρ
3047 3140 3297 3211 ἀπρεπὲς
3343 3144 3441 3197 καὶ
3474 3143 3757 3215 κατηγορίας

514 3245 663 3299 tione
694 3245 912 3300 Plinius
956 3248 1175 3302 videtur
1203 3264 1340 3305 usus
1373 3268 1387 3303 :
1430 3259 1652 3306 rectene
1685 3267 1755 3306 an
1792 3268 2100 3323 perperam,

513 3339 664 3392 nulla
721 3338 857 3393 mihi
900 3342 1135 3410 quaestio
1186 3349 1272 3397 est
1321 3342 1377 3396 in
1435 3345 1757 3414 praesentia.
1794 3345 1932 3401 illud
1968 3348 2103 3403 adeo

512 3430 784 3496 admiror,
828 3433 1069 3488 eruditis
1099 3434 1258 3497 viris,
1294 3435 1389 3505 qui
1422 3442 1709 3507 tantopere
1734 3435 1918 3492 locum
1951 3438 2101 3494 hunc

510 3524 952 3589 exagitaverunt,
991 3523 1126 3578 nihil
1158 3525 1322 3594 hujus
1353 3528 1582 3580 omnino
1612 3527 1946 3584 suboluisse.
1991 3528 2099 3584 Sed

508 3605 590 3672 εἷς
640 3610 780 3682 ἀνὴρ
829 3614 890 3666 οὑ
927 3613 1088 3667 πάνθ’
1118 3617 1243 3688 ὁρᾷ.
1290 3616 1464 3672 Porro
1514 3616 1638 3690 151]
1695 3620 1863 3674 etiam
1907 3630 2098 3676 nostra

507 3711 689 3769 actate,
729 3713 787 3758 ut
818 3705 1088 3772 referunt,
1117 3708 1209 3777 qui
1259 3724 1324 3763 ea
1360 3710 1483 3766 loca
1510 3712 1784 3778 viserunt,
1819 3721 1970 3767 tanta
2000 3729 2097 3769 cu-

507 3808 827 3863 pressorum
860 3798 945 3852 vis
987 3807 1072 3853 est
1105 3799 1160 3852 in
1195 3799 1380 3866 Creta,
1409 3810 1470 3855 ut
1503 3801 1794 3857 domorum
1849 3806 2093 3859 omnium

506 3887 696 3941 trahes
736 3890 1293 3962 contignationesque
1319 3904 1487 3964 atque
1514 3893 1654 3951 adeo
1690 3897 1909 3968 navigia
1941 3913 2005 3953 ex
2028 3913 2094 3954 ea

478 3973 735 4027 ’materia
769 3985 1188 4032 construantur.

574 4064 705 4134 Pag.
740 4066 864 4122 109.
906 4069 1044 4139 Περὶ
1076 4065 1145 4144 ἦς
1176 4070 1413 4143 Φαίδρας
1455 4076 1484 4129 ὀ
1523 4074 1832 4145 σοφώτατος
1863 4077 2093 4148 Εὐριπί-

498 4154 597 4226 δης
653 4156 795 4227 μετὰ
852 4158 1028 4211 ταῦτα
1091 4163 1471 4234 συνεγράψατο
1528 4166 1715 4238 δρᾶμα
1766 4170 2088 4241 ποιητικῶς.

502 4246 633 4304 Sine
672 4253 1056 4308 controversia
1104 4258 1351 4329 respexit
1400 4256 1630 4316 Malalas
1681 4259 1751 4315 ad
1808 4261 2089 4334 Euripidis

500 4340 847 4416 Hippolytum
882 4361 897 4400 :
936 4348 1251 4417 prioremne
1289 4365 1359 4403 an
1406 4356 1766 4427 posteriorem
1823 4371 1925 4411 nec
1959 4373 2087 4426 pos-

497 4447 690 4490 sumus
733 4438 1055 4500 resciscere,
1090 4453 1192 4493 nec
1220 4455 1355 4495 sane
1386 4443 1618 4497 multum
1643 4443 1834 4498 refert.
1870 4445 2090 4503 Scimus

2210 3218 2357 3284 ἄξιον
2390 3221 2449 3274 ὲν
2482 3223 2659 3295 τούτῳ
2683 3224 2993 3298 διώρθωται
3043 3230 3122 3300 τῷ
3164 3231 3432 3303 δράματι.
3487 3234 3587 3301 Qui
3621 3235 3756 3289 nescit

2209 3310 2341 3380 quid
2372 3313 2444 3368 sit
2476 3313 2736 3388 διασκευὴ
2757 3328 2811 3373 et
2838 3319 3304 3393 διεσκευασμένον
3357 3327 3563 3397 δρᾶμα,
3592 3342 3755 3381 consu-

2210 3401 2321 3457 lere
2363 3406 2566 3472 poterit
2599 3407 2985 3465 Casaubonum
3019 3412 3086 3465 ad
3123 3415 3471 3471 Athenmum.
3506 3418 3628 3488 Ejus
3682 3430 3754 3485 ego

2208 3494 2415 3549 scrinia
2449 3512 2559 3552 non
2596 3502 2875 3571 compiio;
2915 3488 3009 3558 sed
3042 3503 3301 3577 llesychii
3330 3508 3513 3564 locum
3546 3507 3755 3564 emenda-

2207 3596 2319 3640 tum
2351 3590 2585 3653 curabo,
2629 3607 2789 3660 quem
2824 3609 2927 3649 nec
2961 3595 3054 3650 ille
3082 3613 3185 3653 nec
3224 3600 3373 3656 alius
3398 3603 3672 3671 quisquam
3692 3599 3753 3653 in-

2203 3677 2483 3732 tellexisse
2536 3678 2775 3736 videtur.
2816 3684 3083 3750 Λυδὶξων,
3134 3688 3386 3758 χορεύων
3414 3692 3502 3746 διὰ
3528 3691 3646 3754 τοὺς
3669 3690 3751 3742 Λυ-

2202 3763 2346 3828 δοὺς,
2388 3765 2439 3819 οἳ
2474 3766 2739 3831 σώζονται
2791 3773 2911 3843 μὲν,
2944 3775 3396 3849 διεσκευασμένοι
3429 3783 3475 3836 δ’
3508 3783 3653 3836 εἰσιν.
3695 3780 3749 3834 lt:

2204 3852 2321 3924 lege
2350 3855 2555 3920 locum,
2580 3857 2739 3927 cujus
2769 3862 2885 3918 haec
2915 3875 3000 3921 est
3028 3871 3304 3924 sententia
3341 3890 3356 3925 :
3399 3871 3750 3943 Μέθαπος-νειο-

2200 3946 2281 4000 ris
2333 3949 2622 4005 commdiae
2678 3954 2919 4022 scriptor
2969 3956 3161 4012 drama
3192 3961 3386 4019 docuit
3436 3965 3648 4029 Λυδούς,
3677 3963 3747 4031 qui

2200 4044 2335 4092 tunc
2363 4039 2780 4110 superfuerunt,
2824 4060 2935 4116 quo
2966 4056 3216 4121 tempore
3266 4059 3653 4126 grammaticus
3676 4055 3745 4125 qui

2199 4131 2412 4200 primus
2449 4131 2565 4187 hac
2603 4133 2764 4202 dixit,
2799 4137 2854 4191 in
2906 4140 3048 4196 vivis
3093 4143 3236 4212 fuit;
3272 4148 3368 4202 sed
3399 4150 3501 4204 sub
3530 4147 3744 4204 incudem

2197 4225 2463 4289 revocati,
2497 4241 2748 4298 novaque
2778 4230 2909 4285 lima
2948 4236 3223 4303 perpoliti.
3266 4237 3528 4296 Photius'
3549 4244 3745 4312 patriar-

2196 4315 2298 4369 cba
2335 4331 2350 4367 :
2393 4317 2695 4384 Λυδιάζων,
2732 4322 2895 4376 Λυδοὶ
2926 4325 3219 4397 Μάγνητος
3259 4331 3355 4383 τοῦ
3395 4333 3632 4404 κωμικοῦ
3680 4330 3743 4384 δι-

2199 4407 2641 4478 εσκευάσθησαν,
2684 4413 2803 4484 lege
2851 4424 2913 4469 ut
2955 4418 3101 4487 apud
3124 4420 3478 4492 Hesychium,
3510 4424 3739 4488 Λυδὶζων.

498 4536 795 4595 utrumque
833 4530 1051 4583 salvum
1111 4532 1400 4587 exstitisse
1461 4549 1558 4603 per
1592 4534 1808 4589 diversa
1836 4545 2087 4608 tempora
2120 4492 2165 4546 Β
2193 4495 2562 4608 Ξ³ΫῘ¹⁶³¹Γ⁶¹Ϊ¹⁸
2610 4513 2780 4608 eam,
2832 4505 3059 4608 sui?!”
3118 4513 3211 4608 iui
3244 4514 3557 4608 »Απῆδιάξοθν
3603 4515 3740 4608 ΨΜ

496 4616 772 4681 Erotiani,
802 4620 1045 4678 Pollucis
1065 4634 1119 4679 et
1150 4623 1376 4680 Stobaai.
1408 4626 1541 4692 Qua:
1575 4628 1830 4684 Stobaeus
1869 4647 1936 4685 ex
1960 4630 2089 4702 Hip-

495 4713 680 4783 polyto
715 4715 871 4779 citat,
927 4730 1119 4772 eorum
1174 4734 1243 4772 ne
1292 4720 1578 4774 dimidiam
1613 4723 1837 4791 quidem
1874 4734 2084 4793 partem

496 4804 661 4859 hodie
717 4805 987 4863 invenias.
1022 4806 1256 4863 Frustra
1289 4809 1481 4865 itidem
1539 4827 1755 4881 quaeras
1792 4831 1914 4885 quae
1952 4814 2087 4872 Ero-

445 4900 449 4907 '
492 4895 873 4952 tianus-aﬂ'ert
905 4907 960 4953 et
998 4898 1215 4955 Pollux.
1247 4902 1649 4974 Aristophanes
1685 4907 1861 4965 lianis
1896 4927 1909 4963 :

568 5010 668 5085 Τίς
689 5006 853 5085 οἶδεν
867 5012 935 5085 ⁸εὶ
958 5012 1024 5085 τὸ
1055 5011 1164 5081 ζῇν
1182 5013 1299 5083 μέν
1322 5016 1455 5070 ἐστι
1484 5018 1826 5085 κατθανεῖν,

567 5083 640 5134 Τὸ
662 5081 839 5135 πνεῖν
854 5081 922 5135 δὲ
955 5081 1228 5138 δειπνεῖν
1246 5086 1346 5139 καὶ
1377 5087 1444 5141 τὸ
1474 5088 1792 5144 καθεύδειν
1813 5081 2081 5159 ’κώδιονη

490 5192 700 5257 Ταῦτα,
758 5195 834 5248 ait
894 5198 1242 5264 scholiastes,
1300 5201 1358 5266 ἐξ
1417 5202 1736 5258 Ἱππολύτου
1783 5206 2077 5277 δράματος.

490 5289 607 5356 Age
634 5297 842 5354 quaerat
872 5288 998 5357 hoc,
1032 5293 1124 5360 qui
1163 5294 1294 5346 velit
1326 5294 1380 5348 in
1428 5295 1817 5367 investigando
1853 5314 2078 5368 operam

491 5379 741 5445 perdere.
778 5379 979 5437 Verum
1013 5392 1107 5437 aut
1142 5385 1350 5440 librarii
1384 5396 1673 5457 peccatum
1707 5402 1812 5457 est,
1843 5400 1940 5446 aut
1982 5408 2081 5445 au-

492 5469 661 5525 cturis
696 5471 1003 5545 ἁμάρτημα
1036 5477 1390 5546 μνημονικόν.
1426 5478 1663 5533 Aliunde
1703 5483 1850 5537 enim
1879 5497 2081 5554 cogno-

491 5562 697 5617 s(:i:nus
725 5565 923 5620 tralata
956 5582 1080 5623 esse
1113 5573 1177 5621 ὲκ
1210 5570 1465 5625 Πολυΐδου
1492 5571 1791 5643 δράματος.

566 5674 656 5753 [ἴς
757 5670 1005 5753 οἶδενβεί
1023 5678 1238 5753 τιὸ-ζῇν
1259 5682 1376 5750 μέν
1405 5684 1536 5738 ἐστι
1578 5686 1921 5753 κατθανεῖν,

571 5742 639 5795 Τὸ
673 5742 990 5803 κατθανεῖν
1010 5749 1077 5802 δὲ
1100 5742 1226 5818 ζῇν.

2188 4589 2400 4662 absque
2436 4592 2914 4664 interpretatione.
2941 4600 3089 4656 Idem
3123 4602 3467 4672 Hesychius:
3492 4606 3737 4675 Ψηνξζων,

2186 4680 2315 4745 τοὺς
2358 4682 2538 4752 ψῆνας
2590 4686 2738 4756 λέγει
2779 4691 2905 4752 τοὺς
2934 4691 3030 4744 τοῦ
3066 4694 3382 4767 Μάγνητος,
3435 4699 3607 4753 scribe
3636 4697 3740 4757 τοὺς

2185 4773 2376 4843 Ψῆνας
2405 4773 2497 4827 τοῦ
2528 4778 2839 4851 Μάγνητος.
2888 4780 3168 4852 Siquidem
3206 4787 3297 4841 ille
3324 4790 3488 4843 etiam
3530 4787 3734 4843 fabulam

2183 4866 2379 4936 Ψῆνας
2407 4871 2726 4940 publicavit.
2768 4874 3178 4946 Aristophanes
3206 4878 3500 4949 Equitibus
3531 4898 3545 4937 :

2191 4977 2379 5032 Ταῦτα
2393 4979 2510 5050 μὲν
2533 4981 2704 5048 εἰδὼς
2730 4982 2952 5041 ἂ”παθε
2974 4988 3223 5059 Μάγνης
3241 4991 3359 5060 ἅμα
3381 4993 3510 5059 ταῖς
3530 4988 3735 5054 πολιαῖς

3300 5061 3675 5134 [κατιούσαιᾳ

2190 5116 2293 5182 Ὃς
2317 5119 2580 5174 πλεῖστα
2610 5122 2809 5192 χορῶν
2828 5124 2950 5179 τῶν
2977 5116 3325 5186 ἀντιπάλωῦ
3346 5134 3518 5199 νίκης
3539 5116 3732 5195 ἓστῆσε

2180 5258 2393 5324 Πάσας
2417 5257 2470 5311 δ’
2503 5261 2647 5331 ὑμῖν
2673 5264 2877 5332 φωνὰς
2914 5268 3045 5334 ἱεὶς,
3084 5270 3182 5325 καὶ
3208 5201 3730 5357 ψάλὶιξζρρῗιέἵιὲξε·

2184 5398 2291 5452 Καὶ
2317 5401 2586 5464 Λυδίζων
2605 5405 2704 5458 καὶ
2733 5407 2999 5475 Ψηνιζων
3015 5411 3113 5464 καὶ
3135 5341 3518 5553 ,ϐαπτόμὲἴᾷ

3486 5498 3551 5550 χε
3574 5497 3664 5544 οις.

3486 5497 3664 5550 χειοις.

2180 5576 2279 5631 llis
2318 5581 2502 5634 verbis
2534 5581 2801 5652 Magnetis
2837 5586 3035 5642 fabula:
3071 5589 3384 5660 Βαρϐιτίδες
3413 5592 3523 5646 sive
3554 5586 3723 5657 Βαρόι·

2180 5671 2383 5735 τισταὶ,
2422 5672 2673 5739 "Op/:02;
2700 5716 2713 5737 ,
2750 5678 2931 5739 Λυδοὶ,
2982 5680 3188 5750 Ψῆνες,
3216 5693 3270 5737 et
3307 5685 3566 5753 Βάτραχοι
3599 5676 3720 5733 indi-

2181 5767 2403 5816 cantur.
2461 5761 2652 5833 Cogita
2716 5777 2918 5832 autem,
2969 5773 3061 5840 qui
3099 5789 3198 5843 pax
3249 5775 3390 5830 inter
3421 5768 3715 5842 llesyrltium
