3966 6442
260 318 356 384 ἷ7ι1

1358 282 1976 373 Erlsrom'nicu.
2020 312 2407 372 omnem.

3438 307 3547 373 742

266 427 618 496 Phatiumque
673 433 728 482 et
757 440 1093 499 anonymum
1135 425 1265 494 περὶ
1324 422 1615 494 κωμῳδξας
1658 423 1846 477 conci-

1958 436 2159 490 τρισον,
2193 422 2435 489 κάλυψον
2460 462 2474 489 ,
2510 429 2568 474 ιιι
2608 420 2724 491 ipse
2764 421 3075 474 litterarum
3117 418 3258 475 ordo
3290 419 3546 475 testimo-

266 522 375 578 liari
407 519 583 589 possit
613 536 626 573 :
664 517 752 571 hic
794 518 938 572 enim
986 516 1175 573 omnia
1219 516 1488 586 Magnetis
1517 516 1719 583 scripta
1749 515 1845 566 de-

266 614 486 685 periisse
540 610 695 676 dicit,
751 609 906 663 οὐδὲν
947 608 1243 674 σώζεσθαι.
1280 609 1512 678 Μάγνης
1567 608 1849 677 Ἀθηναῖος

267 700 670 771 ἀγωνισάμενος
705 698 972 770 ’Λθήνῃσι
1002 699 1156 761 νίκας
1188 698 1346 768 ἔσχεν
1376 704 1468 762 ια’,
1501 697 1608 750 τῶν
1635 696 1692 748 δὲ
1724 696 1852 765 δρα-

269 796 449 866 μάτων
502 791 670 845 αὐτοῦ
726 790 880 849 οὐδὲν
940 789 1207 855 σώζεταιο
1267 789 1339 843 τὰ
1375 789 1433 843 δὲ
1480 787 1854 858 ἐπιφερόμενὰ

266 889 407 939 ἐστιν
439 883 618 936 ἐννέα.

335 974 455 1031 Non
505 986 752 1028 nostrum
792 975 934 1029 inter
960 991 1049 1030 eos
1080 985 1261 1031 tantas
1294 991 1602 1045 componere
1638 977 1780 1032 lites.

335 1066 462 1136 Pag.
500 1064 623 1119 MS.
659 1063 776 1137 [55]
834 1065 892 1117 ὐ
931 1067 1041 1136 γὰρ
1100 1066 1266 1136 σοφὸς
1316 1067 1623 1138 Εὐριπίδης
1666 1068 1855 1138 δρᾶμα

269 1159 476 1223 ἐξέθετο
519 1158 648 1230 περὶ
675 1157 769 1211 τοῦ
804 1157 1129 1224 Κύκλωπος,
1156 1160 1237 1213 ὅτι
1295 1161 1445 1229 τρεῖς
1474 1156 1618 1231 εἶχεν
1650 1160 1853 1230 ὀφθαλ-

273 1251 419 1320 μοὺς,
452 1248 740 1318 σημαίνων
791 1249 918 1312 τοὺς
979 1251 1129 1320 τρεῖς
1190 1248 1471 1319 ἀδελφούς,
1505 1258 1559 1303 et
1594 1266 1715 1320 quin
1762 1250 1857 1306 de-

273 1342 447 1409 inceps
515 1346 843 1407 sequuntur.
871 1336 947 1392 Os
979 1337 1256 1401 hominis!
1284 1338 1532 1392 Iloccine
1578 1347 1641 1393 ut
1694 1337 1859 1401 Euri-

272 1433 417 1503 pides
448 1431 533 1484 vel
564 1430 884 1484 insomniis
946 1430 1190 1484 dixerit?
1237 1431 1380 1486 Bene
1433 1429 1664 1495 factum,
1709 1432 1857 1501 quod

272 1525 431 1577 etiam
492 1535 643 1575 nunc
688 1520 932 1591 Cyclops
965 1521 1229 1591 supersit.
1278 1521 1433 1587 Quod
1488 1523 1535 1577 si
1595 1524 1670 1576 ita
1715 1538 1856 1587 rem,

275 1626 428 1690 prout
483 1624 673 1671 narrat
707 1615 974 1677 Joannes.
1011 1632 1071 1671 se
1098 1617 1305 1673 habere
1343 1618 1655 1687 comperias
1689 1632 1703 1668 :
1748 1632 1855 1671 non

278 1728 465 1773 recuso
491 1712 653 1784 quin.
689 1710 839 1782 quod
869 1712 1215 1782 gravissimae
1249 1726 1422 1781 pinnae
1454 1711 1574 1764 loco
1608 1710 1727 1765 fore
1756 1726 1858 1780 pu-

1954 515 2046 566 nio
2102 522 2209 568 est.
2248 513 2425 569 Media
2461 515 2607 569 enim
2665 514 2929 568 incedunt
2979 513 3125 567 inter
3150 511 3450 574 ’Ἕκλυτος
3490 521 3548 565 t-t

1965 605 2311 670 Ἐκλωπίζει.
2375 606 2491 662 Iloc
2528 623 2634 661 non
2695 606 3013 676 intelligens
3066 603 3295 675 pusillus
3320 604 3543 672 quidam

1952 684 2182 753 criticus
2227 699 2339 769 (qui
2377 700 2523 753 enim
2581 699 2636 753 id
2674 698 3027 761 intellexerit,
3078 696 3227 766 quod
3264 711 3350 761 ,ne
3378 693 3544 748 laudo

1952 790 2174 859 quidem
2208 806 2454 859 unquam
2490 791 2738 845 auditum
2782 788 2957 860 esti),
2986 788 3283 843 emendare
3310 793 3546 840 conatus

1953 891 2036 937 est
2094 881 2424 952 ἐκλύρισον,
2471 898 2500 935 a
2556 882 2726 937 verbo
2773 881 2999 952 λυρίζω.
3035 882 3193 943 Ὀνος
3233 877 3547 934 mehercule

1959 974 2099 1044 πρὸς
2154 974 2344 1044 λύραν.
2404 974 2638 1028 Tantum
2714 975 2859 1029 enim
2914 973 2974 1025 τὸ
3019 971 3322 1043 ὲκλυρίζειν
3378 977 3432 1024 et
3485 968 3548 1021 τὸ

1956 1066 2253 1120 καλύπτειν
2282 1067 2686 1137 signiﬁcatione
2720 1066 3008 1131 diﬂ'erunt,

2063 1158 2337 1224 Quantum
2370 1160 2613 1229 Hypanis
2647 1158 2843 1212 Veneto
2873 1157 3045 1211 distat
3078 1155 3143 1208 ab
3172 1154 3436 1208 Eridano.

1956 1250 2080 1304 Alte
2133 1251 2382 1322 profecto
2434 1253 2565 1306 latet
2602 1251 2763 1305 ulcus
2817 1259 3022 1305 tetrum
3064 1259 3119 1303 et
3162 1246 3545 1316 κακοηθέστα-

1956 1364 2081 1401 τον·
2120 1345 2268 1416 quod
2307 1346 2411 1401 nisi
2456 1345 2733 1399 lancinata
2766 1344 2922 1413 prius
2962 1341 3222 1413 Hesychii
3256 1340 3545 1395 existima-

1958 1440 2133 1503 tione,
2165 1446 2331 1508 negat
2361 1438 2427 1492 ad
2459 1437 2753 1494 sanitatem
2790 1434 3015 1507 perduci
3046 1449 3228 1505 posse.
3263 1432 3545 1501 Siquidem

1956 1532 2344 1587 erubescendo
2373 1546 2610 1601 prorsus
2647 1545 2839 1585 errore
2861 1528 3049 1598 posuit
3073 1525 3426 1595 Ἐκλύτρισον
3446 1537 3549 1593 pro

1972 1625 2344 1694 Ἐλύτρωσονο
2376 1624 2524 1695 quod
2549 1623 2862 1679 rectissime
2905 1621 3130 1692 quidem
3158 1618 3548 1687 interpreteris

1962 1716 2221 1785 κάλυψον.
2257 1716 2382 1786 Ipse
2435 1717 2786 1787 Hesychius:
2843 1714 3122 1785 Ἐλύτροις
3173 1712 3545 1779 καλύμμασι,

278 1816 374 1871 tes,
400 1820 493 1874 per
510 1818 677 1858 omne
713 1803 840 1857 vitae.
856 1809 1084 1872 tempus
1117 1811 1306 1857 noctes
1336 1801 1567 1871 diesque
1597 1803 1854 1858 versandi

1960 1811 2367 1880 σκεπάσμασιν.
2423 1810 2666 1881 Ἐλυτρα
2737 1808 2943 1880 κυρίως
2996 1808 3065 1860 τὰ
3124 1803 3456 1875 ὲνειλήματα
3512 1800 3547 1871 ἢ

278 1897 406 1951 mihi
461 1896 572 1952 sint
601 1902 660 1950 et
688 1894 974 1949 ediscendi
1007 1893 1146 1949 adeo
1179 1894 1424 1949 Annales
1456 1894 1507 1947 hi
1542 1891 1851 1962 Volusiani,

278 1990 522 2045 Malalani
559 1988 705 2043 volui
729 1986 941 2043 dicere.

346 2084 452 2155 Pag
482 2100 495 2136 :
520 2082 653 2137 210.
680 2082 768 2144 Ὠς
797 2083 825 2134 ὁ
860 2080 1024 2150 σοφὸς
1052 2081 1352 2152 Εὐριπίδης
1382 2083 1568 2155 δρᾶμα
1603 2083 1731 2155 περὶ
1757 2080 1853 2136 τοῦ

280 2178 442 2232 αὑτοῦ
466 2176 783 2246 Μελεάγρου
815 2173 1054 2240 ἐξέθετο.
1092 2174 1350 2246 Meleagri
1394 2178 1593 2232 fabulw
1623 2177 1856 2232 mentio-

288 2282 408 2323 nem
431 2266 632 2321 faciunt
660 2265 994 2331 Macrobius,
1040 2264 1317 2331 Stobazus,
1365 2268 1695 2322 scholiastes
1729 2267 1856 2320 Pin.

285 2361 402 2417 dari
466 2377 585 2416 cum
638 2359 783 2414 aliis.
832 2357 1028 2412 Latine
1084 2360 1362 2414 convertit
1421 2360 1630 2413 Attius.
1688 2358 1859 2430 llesy-

280 2450 873 2514 εΜιιεεΚαΘωσίωσε,
927 2450 1218 2514 κατέλυσε,
1274 2450 1626 2506 κατεύθυσεν.
1691 2451 1856 2522 Εὐρι-

273 2544 427 2614 πιδης
454 2542 778 2614 Μελεάγρῳ.
825 2541 993 2613 Lego,
1036 2542 1382 2607 καθωσίωσε,
1410 2542 1707 2607 κατέθυσε.
1741 2542 1857 2597 Vox

271 2634 437 2688 altera
468 2648 576 2687 non
606 2635 776 2688 aliter
830 2648 996 2703 quam
1036 2633 1200 2687 litura
1226 2639 1472 2687 sananda
1507 2642 1611 2688 est.
1654 2633 1859 2703 Nempe

272 2727 442 2795 primo
463 2723 734 2781 mendose
771 2724 1041 2794 scriptum
1078 2731 1168 2779 est
1214 2723 1512 2777 κατέ>.υσε’
1565 2731 1752 2794 postea
1786 2725 1854 2778 li-

272 2818 481 2875 brarius
518 2817 725 2886 aliquis
780 2816 945 2887 paulo
1002 2816 1224 2870 doctior
1270 2815 1354 2870 vel
1379 2817 1553 2870 lector
1580 2816 1856 2886 quispiam

270 2911 574 2976 studiosus,
608 2910 667 2964 in
699 2908 824 2963 libri
855 2908 1109 2979 margine
1139 2908 1225 2964 vel
1261 2909 1445 2963 medio
1476 2908 1734 2964 fortassis
1783 2909 1860 2962 in-

268 3012 349 3059 ter
376 3002 686 3059 versiculos
717 3001 899 3072 spatio
936 3016 1125 3054 veram
1165 3000 1608 3059 emendationem
1631 3000 1858 3055 dederat

268 3096 552 3150 κατέθυσε.
602 3094 850 3150 Tandem
872 3092 1079 3159 evenit,
1112 3101 1173 3147 ut
1208 3102 1505 3162 utrumque
1530 3092 1856 3148 vocabulum

270 3189 566 3259 coniuncte
619 3189 676 3242 in
721 3200 885 3241 versu
936 3191 1309 3254 contexteque
1339 3186 1699 3241 scriberetur.
1742 3183 1857 3240 Hac

265 3295 395 3336 sane
418 3280 642 3334 ratione
660 3294 797 3333 cum
826 3278 881 3333 in
910 3278 1036 3333 aliis
1061 3278 1449 3347 scriptoribus,
1475 3285 1590 3333 tum
1617 3278 1673 3333 in
1695 3277 1859 3334 Lexi-

261 3372 564 3443 cugraphis
608 3365 887 3441 praecipue
941 3384 1053 3424 non
1090 3385 1218 3424 raro
1248 3380 1536 3440 peccatum
1585 3378 1693 3426 est.
1726 3370 1859 3438 Quae

258 3463 485 3533 quidem
546 3471 774 3533 peccata
808 3477 936 3529 cum
970 3460 1116 3525 haud
1176 3460 1427 3531 cujusvis
1475 3461 1549 3517 sit
1594 3461 1854 3530 odorari;

257 3555 516 3624 profecto
571 3568 711 3625 opus
745 3560 854 3617 est,
898 3560 959 3606 ut
993 3553 1262 3623 exemplis
1308 3553 1523 3623 aliquot
1562 3555 1859 3613 conﬁrme-

254 3661 377 3702 mus
405 3644 747 3701 sententiam
782 3651 1054 3709 nostram,
1086 3659 1154 3698 ne
1186 3653 1397 3700 temere
1451 3644 1754 3716 quidquam
1802 3654 1858 3703 et

251 3738 584 3795 inconsulte
613 3735 737 3791 loco
756 3735 1001 3792 movisse
1025 3734 1336 3789 videamur.
1360 3735 1605 3801 Ἔξελεν,
1641 3736 1854 3805 ἔϐαλεν,

251 3829 476 3885 ἔλαϐεν.
524 3826 866 3897 Ejiciendum
897 3836 980 3880 est
1017 3825 1243 3881 verbum
1283 3827 1606 3897 posterius:
1648 3827 1856 3892 ζέλλειν

244 3926 400 3979 enim
429 3921 616 3978 eidem
652 3919 929 3991 Hesychio
960 3928 1045 3975 est
1079 3918 1317 3989 βάλὶειν.
1355 3920 1701 3992 Εὺηρότατον
1725 3963 1739 3987 ,
1772 3920 1859 3975 εὖ·

242 4016 378 4080 διον,
410 4013 565 4084 καλὴ
597 4012 694 4082 γῆ,
726 4012 1011 4083 εὐήροτον,
1053 4009 1288 4081 εὔγειον.
1318 4011 1604 4069 Posuema
1651 4013 1755 4070 ista
1787 4017 1856 4070 ab

239 4108 615 4163 emendatore
643 4104 881 4174 quodam
907 4102 1156 4174 profecta
1181 4113 1309 4160 sunt
1330 4121 1345 4169 ;
1370 4106 1462 4175 qui
1496 4105 1669 4174 prima
1694 4108 1857 4164 vitio-

240 4216 302 4255 sa
350 4216 469 4256 non
539 4200 723 4267 inepte
774 4196 997 4267 quidem
1051 4207 1391 4250 correxerat.
1441 4197 1618 4253 Totus
1668 4200 1855 4269 itaque

239 4297 402 4350 locus
434 4293 528 4349 sic
545 4289 967 4347 constituendus
989 4297 1108 4355 est:
1140 4273 1685 4360 Εὐήροτονβῦκειον,
1714 4292 1853 4364 καλὴ

235 4387 333 4458 γῆ.
361 4385 727 4458 -ξ-Φυρτοῖσιν
755 4421 771 4446 ,
813 4380 1064 4445 εἶκαίοις,
1104 4381 1655 4453 συμπεφυραμένοις·
1699 4383 1749 4436 οῖ
1796 4383 1852 4436 δὲ

1957 1904 2337 1972 καλύμματα.
2367 1901 2650 1974 Ἐλυτρον,
2685 1900 2884 1972 δέρμα,
2917 1899 3082 1969 θήκη,
3111 1897 3368 1967 λέπυρον,
3403 1892 3548 1945 ὲνεί-

1956 1992 2129 2063 λημα,
2161 1994 2466 2065 κάλυμμα,
2494 1994 2810 2065 σκέπασμα.
2855 1992 2987 2047 Inde
3028 1988 3368 2060 ὲλυτρῶσθαι
3400 1984 3549 2057 apud

1957 2084 2391 2156 Hippocratem,
2446 2096 2501 2140 et
2547 2083 2953 2156 προσελυτροῦν
3002 2082 3147 2153 apud
3196 2083 3543 2142 Athenaium,

1958 2177 2252 2232 involucro
2296 2188 2529 2247 tegere:
2574 2179 2835 2233 similiter
2876 2175 3270 2247 ὲξελυτρῶσαι,
3307 2172 3543 2234 nudare,

1958 2264 2024 2323 ex
2076 2269 2475 2338 integumentis
2522 2271 2758 2326 solvere.
2814 2258 3055 2340 Hesych.
3112 2265 3545 2335 Ἐξελύτρωσας,

1960 2361 2320 2429 ὲγύμνωσας.
2359 2360 2533 2415 Satin’
2581 2361 2683 2416 hoc
2709 2368 2925 2416 certum
2965 2369 3021 2414 et
3048 2360 3396 2428 exploratum
3437 2363 3545 2419 est,

1957 2445 2003 2504 ὧ
2032 2451 2160 2521 φίλη
2213 2452 2426 2522 κεφαλὴ
2465 2451 2599 2507 Milli
2653 2451 3119 2522 jucundissime?
3147 2450 3215 2504 At
3263 2449 3549 2504 enimvero

1958 2546 2229 2599 exclamet
2260 2545 2352 2598 hic
2400 2545 2649 2616 aliquis:
2709 2544 2755 2600 Ο
2795 2545 3056 2615 juvenem
3099 2542 3463 2611 conﬁdentem
3495 2549 3552 2594 et

1959 2634 2357 2687 temerarium!
2396 2641 2529 2688 tune
2565 2635 2725 2688 illum
2772 2633 3131 2705 Hesychium,
3163 2630 3549 2687 doctissimum

1960 2726 2457 2795 grammaticorum
2501 2726 2838 2798 Hesychium
2874 2733 3041 2781 tanta:
3072 2726 3306 2780 inscitia:
3334 2723 3549 2779 amnem

1959 2833 2084 2872 esse
2109 2819 2385 2888 suspicari
2416 2822 2590 2886 ausis,
2619 2827 2679 2873 ut
2719 2818 3073 2890 Ἐκλύτρισον
3101 2819 3406 2883 scriberet;
3442 2818 3550 2874 nisi

1960 2908 2185 2962 verbum
2218 2908 2357 2962 illud
2388 2907 2589 2963 alicubi
2631 2909 2878 2980 legisset,
2912 2909 3056 2979 apud
3110 2918 3370 2964 auctores
3400 2907 3550 2963 forte

1961 3016 2101 3074 quos
2150 3002 2317 3072 longa
2372 3000 2493 3057 dies
2546 3013 2601 3057 et
2643 3003 2812 3057 nimia
2853 3011 3103 3057 vetustas
3146 3002 3551 3058 subtraxerunt

1960 3095 2172 3149 notitia:
2217 3095 2461 3149 nostrae?
2494 3095 2508 3148 l
2547 3095 2659 3162 jam
2692 3102 2745 3149 et
2793 3095 3030 3149 frontem
3068 3110 3205 3164 nega
3262 3096 3330 3149 de
3381 3094 3549 3149 rebus

1962 3185 2217 3255 periisse.
2256 3182 2480 3238 Placide
2516 3192 2700 3239 tamen
2747 3185 2965 3247 amabo,
2998 3199 3031 3239 ο
3075 3184 3332 3254 quisquis
3366 3199 3466 3239 es:
3495 3195 3551 3239 et

1959 3277 2209 3345 reprime
2253 3286 2305 3331 te
2336 3275 2632 3345 tantisper,
2675 3275 2806 3330 dum
2848 3275 2953 3329 alia
2996 3274 3546 3347 nonnullalprofero,

1958 3383 2082 3437 qua;
2130 3376 2184 3423 te
2229 3382 2450 3439 quoque
2499 3368 2683 3437 ipsum
2724 3368 2864 3423 velis
2908 3368 3055 3423 nolis
3114 3368 3170 3422 in
3211 3368 3547 3424 sententiam

1958 3470 2210 3514 nostram
2244 3468 2443 3529 cogent
2490 3459 2748 3514 transire.
2794 3458 2930 3513 Dum
2977 3461 3125 3513 enim
3176 3474 3241 3514 ex
3303 3460 3548 3531 antiquis

1959 3552 2301 3618 scholiastis,
2336 3552 2716 3622 grammaticis
2736 3591 2751 3617 ,
2794 3552 3024 3617 lexicis,
3058 3566 3182 3621 quae
3209 3567 3319 3605 non
3350 3560 3548 3608 conte-

1958 3642 2229 3697 xebantur
2260 3641 2403 3696 κατὰ
2436 3644 2698 3712 στοιχεῖον
2724 3641 2865 3714 [55],
2894 3643 3045 3696 omni
3086 3658 3152 3697 ex
3189 3652 3346 3713 parte
3380 3658 3547 3699 voca.

1959 3735 2088 3789 bula
2112 3735 2378 3800 corradit,
2409 3734 2617 3805 quibus
2654 3734 2797 3789 hanc
2828 3750 2984 3789 suam
3030 3735 3354 3806 συναγωγὴν
3390 3735 3546 3790 Iocu-

1959 3827 2131 3898 pletet
2159 3835 2213 3881 et
2255 3825 2516 3882 relerciat
2546 3846 2559 3882 :
2596 3842 2739 3897 saepe
2765 3843 2873 3883 usu
2904 3827 3053 3883 venit
3077 3839 3134 3883 ut
3175 3829 3245 3883 ab
3271 3830 3545 3900 imperitis

1955 3918 2226 3983 librariis,
2262 3919 2357 3988 qui
2416 3933 2611 3989 parum
2667 3927 2928 3977 accurate
2976 3921 3334 3987 scripserant,
3375 3922 3460 3977 vel
3512 3937 3545 3977 a

1956 4014 2042 4066 sui
2085 4011 2364 4067 similibus
2411 4011 2849 4084 ὀνοματοθήραις
2883 4013 2938 4067 ἱιι
2978 4029 3222 4068 errorem
3284 4015 3544 4070 inductus

1956 4106 2031 4162 sit
2064 4122 2077 4158 :
2112 4120 2347 4174 qua‘que
2380 4119 2653 4175 nusquam
2688 4105 2933 4175 gentium
2962 4106 3045 4160 vel
3079 4106 3217 4161 lecta
3245 4108 3325 4161 vel
3355 4106 3543 4161 audita

1957 4206 2121 4257 sunt.
2176 4196 2485 4251 lectoribus
2551 4196 2670 4251 suis
2729 4197 3012 4252 obtrudat.
3065 4196 3207 4251 Illud
3266 4198 3344 4253 sis
3394 4199 3539 4254 vide.

1954 4290 1996 4363 ἰ-
2028 4288 2328 4361 Δελεδὼνη,
2378 4290 2407 4342 ὁ
2448 4289 2675 4359 μυλαῖος
2713 4289 2884 4360 ἰχθύς.
2933 4289 3047 4344 Suo
3097 4293 3220 4345 loco
3257 4291 3363 4346 hoc
3394 4293 3543 4363 leges

1956 4384 2012 4437 in
2047 4384 2227 4437 littera
2266 4384 2326 4435 Δ.
2366 4381 2480 4451 Ego
2523 4398 2652 4437 vero
2702 4397 2879 4453 nugas
2925 4385 3024 4438 has
3058 4398 3180 4438 esse
3233 4399 3413 4439 meras
3442 4385 3543 4441 tibi

232 4481 455 4551 ἄλφιτα
513 4475 643 4546 οἴνῳ
674 4472 972 4544 δεδευμένα
1028 4472 1536 4542 συμπεφυρμένοις.
1567 4471 1701 4528 Tam
1737 4477 1853 4530 scio

1959 4476 2266 4531 denuntio:
2307 4475 2577 4543 scriptum
2601 4475 2749 4528 enim
2776 4475 3024 4543 oportuit
3059 4474 3346 4546 Ἰίλεδώνη,
3378 4477 3545 4548 ὀσμύ-

238 4572 487 4626 verburn
526 4566 780 4620 ultimum
825 4579 856 4617 a
885 4570 1204 4616 correctore
1230 4562 1468 4630 quodam
1508 4578 1652 4627 esse,
1688 4580 1852 4633 quam

236 4680 329 4719 me
373 4662 601 4718 vivere.
634 4656 793 4711 Nulla
820 4654 1092 4710 dubitatio
1144 4665 1252 4725 est,
1283 4655 1417 4726 quin
1458 4659 1533 4711 ita
1565 4658 1856 4728 scripserit

234 4755 576 4829 Hesychius
611 4769 624 4805 :
660 4751 968 4821 Φυρτοῖσιν,
1018 4747 1268 4815 εἰκαίοις,
1325 4751 1813 4821 συμπεφυρμένοις
1838 4770 1852 4783 ο

226 4857 281 4906 οἱ
306 4852 372 4905 δὲ
405 4848 626 4917 ἄλφιτα
651 4844 779 4913 οἴνῳ
826 4840 1145 4912 δεδευμένα.
1180 4841 1221 4913 -ι-
1254 4842 1473 4897 Ἀντιδι.
1517 4844 1583 4897 ἄν
1611 4861 1717 4897 τινι
1751 4846 1857 4898 ἐνέ.

228 4942 459 5014 γμεθα,
497 4937 898 5009 ὲναντιώμεθα.
934 4936 1048 5009 [3H
1080 4936 1216 4991 Cum
1251 4936 1585 4999 vocabulum
1629 4938 1730 4991 huc
1762 4956 1857 4993 V8-

226 5040 358 5091 niat
389 5047 552 5105 pone
597 5029 1045 5099 Ἀντιμίσθωτος,
1098 5027 1244 5082 scire
1283 5027 1409 5081 licet
1439 5043 1506 5082 ex
1547 5028 1853 5085 litterarum

226 5128 390 5182 serie
456 5126 544 5180 sic
599 5132 882 5176 auctorem
958 5119 1273 5190 scripsisse.
1336 5119 1851 5190 Ἂντινιενέγμεθα,

222 5214 662 5287 ὲναντιώμεθα.
696 5214 895 5268 Postea
922 5212 1170 5281 quidam,
1196 5211 1289 5281 qui
1318 5211 1681 5281 deprehendit
1705 5229 1853 5267 erra-

224 5324 382 5379 tum,
413 5306 764 5371 emendavit,
796 5305 965 5359 ἀντιδι
985 5336 1011 5345 -
1032 5319 1197 5373 supra
1248 5302 1700 5373 ἀντινιενέγμεοα
1752 5306 1855 5361 im—

222 5405 459 5476 posito.
492 5399 713 5455 Scimus
739 5414 930 5453 omnes
949 5398 1024 5450 ita
1054 5396 1170 5451 ﬁeri
1190 5398 1387 5450 solere.
1409 5386 1650 5450 Tandem
1670 5406 1852 5450 autem

226 5498 480 5566 ineptus
501 5491 777 5561 quispiam
805 5489 1065 5543 librarius
1084 5503 1203 5541 eam
1233 5486 1522 5556 utriusque
1543 5486 1695 5539 vocis
1724 5501 1854 5539 con-

220 5584 629 5641 tinuationem
683 5580 834 5644 fecit,
877 5595 1042 5650 quam
1074 5577 1240 5632 hodie
1270 5578 1539 5632 videmus.
1572 5576 1856 5647 Ἐκλύτρι-

227 5695 347 5743 σιν,
384 5674 737 5745 ὲκλύρισονς
766 5672 1026 5742 κάλυψον.
1081 5672 1219 5727 Illud
1253 5670 1539 5742 ἐκλύρισον
1565 5686 1631 5725 ex
1662 5671 1853 5725 eadem

221 5782 315 5828 est
338 5766 584 5827 oﬂicina
605 5773 1011 5853 corrcqtorum.
1052 5764 1287 5834 Scripsit
1316 5763 1623 5835 llesycliius
1668 5764 1853 5817 Ἐκλύ-

1957 4567 2048 4629 λος
2082 4565 2255 4635 ἰχθύς.
2293 4564 2471 4619 Piscis
2501 4572 2588 4619 est
2635 4565 2703 4619 de
2745 4566 3076 4636 polypodum
3110 4582 3344 4636 genere;
3376 4585 3542 4638 quem

1961 4665 2276 4711 memorant
2299 4656 2647 4720 Aristoteles,
2678 4656 2994 4723 Athenaeus,
3030 4658 3147 4711 alii.
3184 4658 3330 4713 Idem
3371 4659 3544 4730 Hesy-

1959 4748 2121 4803 chius
2157 4765 2171 4799 :
2213 4746 2483 4817 ὐσμύλια
2516 4746 2626 4799 τῶν
2681 4746 3002 4801 πολυπόδων
3036 4749 3090 4799 αἱ
3134 4746 3346 4812 ὅζαιναι
3388 4747 3547 4817 λεγό-

1962 4859 2144 4912 μεναι,
2172 4841 2270 4893 καὶ
2308 4839 2523 4910 ἰχθύδια
2552 4839 2683 4892 ποιὰ
2708 4840 2845 4901 ἄττα
2875 4839 3090 4911 εὐτελῆ.
3132 4840 3395 4910 Ὀσμύλαι
3427 4841 3547 4911 βολ-

1960 4936 2161 4987 διτῖναι
2221 4932 2525 4988 Θαλάσσιοι.
2582 4931 2676 4989 Sic
2736 4935 3069 4989 emendandi
3124 4943 3253 4991 sunt
3305 4936 3358 4989 hi
3415 4937 3545 4994 loci.

1959 5027 2169 5083 Videor
2200 5036 2383 5082 autem
2424 5027 2555 5080 mihi
2598 5027 2806 5093 videre,
2849 5028 2981 5098 quid
3018 5028 3316 5083 errationis
3352 5042 3544 5083 ansam

1962 5119 2238 5192 Hesychio
2262 5118 2497 5173 dederit.
2515 5117 2787 5173 Nimirum
2825 5118 2878 5171 in
2903 5127 3130 5173 auctore
3152 5133 3255 5173 suo
3277 5121 3545 5188 scriptum

1960 5220 2081 5264 erat
2115 5212 2148 5280 ἡ
2190 5210 2236 5263 δ’
2285 5208 2521 5280 ἑλεδώνη
2551 5210 2634 5263 vel
2672 5209 2845 5281 μιαρὰ
2891 5209 2937 5263 δ’
2973 5209 3205 5279 ἑλεδώνη
3235 5211 3320 5265 vel
3365 5210 3549 5265 simile

1960 5298 2244 5371 quippiam
2276 5318 2289 5354 :
2320 5299 2411 5353 ille
2438 5299 2628 5359 miser,
2658 5315 2782 5354 cum
2813 5315 2914 5353 sua
2948 5309 3109 5353 aetate
3138 5301 3261 5353 libri
3292 5308 3543 5353 carerent

1966 5393 2143 5464 signis
2170 5400 2459 5455 accentus,
2496 5391 2796 5461 δελεδώνην
2830 5393 3036 5461 piscem
3071 5390 3298 5456 ciiinxit,
3325 5391 3542 5460 qualern

1964 5501 2145 5554 neque
2197 5483 2431 5548 Nereus,
2484 5500 2662 5553 neque
2722 5485 3036 5554 Neptunus,
3096 5498 3197 5537 nec
3241 5482 3359 5550 ipse
3390 5489 3546 5550 pater

1957 5578 2210 5633 Oceanus
2255 5578 2562 5649 agnoverit.
2593 5576 2734 5633 Ecce
2785 5574 2931 5630 aliud
2972 5576 3102 5630 huic
3158 5575 3454 5645 genuinum
3486 5580 3545 5628 et

1959 5686 2304 5740 germanum.
2337 5669 2378 5742 -ξ-
2404 5669 2672 5733 Θολκάζει
2704 5668 3091 5739 χαλιναγωγεῖ.
3120 5667 3310 5732 Nemo,
3343 5673 3403 5718 ut
3422 5664 3544 5734 opi-

1961 5777 2087 5826 nor,
2112 5760 2331 5815 inficias
2362 5761 2549 5823 iverit,
2570 5760 2700 5829 quin
2731 5762 2801 5812 ita
2837 5758 3098 5829 scriptum
3126 5755 3308 5821 fuerit,
3333 5755 3545 5825 absque
