3966 6450
412 313 516 376 743

1227 307 1325 370 DE
1377 309 1696 370 JOANNIS
1731 308 2054 369 M;\I..\LIE
2091 284 2743 369 CIHIONOGRAPHIA

3599 314 3702 377 744

415 434 598 478 tamen
630 421 781 476 notis
816 426 1085 473 accentus
1113 437 1124 473 :
1163 420 1398 482 Ἵππους
1420 418 1469 471 θ’
1495 419 1738 482 ὁλκάζει,
1761 419 1841 472 vel
1868 417 2022 486 Νῆάς

2125 415 2165 485 1-
2206 416 2469 486 ’Δτρεμῆ,
2503 417 2679 484 ὑγεία.
2710 415 2852 469 Pace
2878 415 3022 486 quod
3067 425 3157 470 tua
3181 415 3416 481 dicatur,
3447 417 3700 492 Hesyclu.

417 517 464 569 θ’
497 516 740 580 ὁλκάζει.
770 515 890 583 Ipse
927 513 1233 585 Hesychius
1262 529 1274 564 :
1325 512 1601 575 Ὀλκάζει,
1621 513 1796 578 ἕλκει,
1829 513 2013 582 χαλιν-

420 608 650 674 αγωγεῖ.
713 604 850 658 Illud
912 613 1098 658 autem
1178 603 1434 669 θολκάζει
1492 605 1631 659 cedo
1681 620 2013 674 quemquam

419 699 732 753 mortalium
771 697 864 766 qui
921 697 1129 767 legerit.
1166 697 1207 767 ’ξ-
1234 697 1652 764 Ἐνδεκάτευσα,
1691 697 1850 768 τήνδε
1902 696 2010 749 κώ-

418 804 528 856 πην
577 787 1120 858 ἐπαρξάμηνΛὶωω
1169 788 1312 842 serie
1370 788 1475 840 hoc
1528 787 1795 855 scriptum
1839 787 2014 840 offen-

417 880 536 946 des,
568 889 629 934 ut
671 888 724 934 et
769 881 874 932 alia
932 893 1054 948 quae
1092 878 1358 948 deinceps
1411 896 1439 931 a
1479 894 1564 932 me
1608 879 2010 948 proferentur:

421 971 571 1040 quod
608 978 759 1025 certo
795 969 1004 1024 indicio
1031 978 1109 1025 est
1144 987 1256 1023 non
1289 987 1315 1022 a
1353 969 1598 1032 librario,
1629 968 1723 1024 sed
1749 971 1818 1024 ab
1844 969 2015 1042 Hesy-

421 1065 547 1118 chio
579 1064 700 1133 ipso
732 1072 1020 1132 peccatum
1079 1077 1229 1116 esse.
1281 1063 1447 1130 Atqui
1479 1061 1544 1112 ad
1583 1061 1732 1114 hunc
1789 1061 2012 1114 modum

419 1155 664 1209 edidisse
701 1154 932 1208 debuit:
981 1153 1369 1217 Ἑδεκάτευσα,
1406 1152 1504 1222 την
1555 1151 1793 1222 δεκάτην
1837 1156 2014 1221 ἐπρα-

423 1245 623 1318 ξάμην.
654 1245 695 1316 1-
741 1245 1114 1306 Διατεύονται,
1165 1243 1520 1316 μερίζονται,
1557 1251 1611 1296 et
1669 1241 2010 1307 Διατεύοντο,

422 1339 762 1409 ἐμερίζοντο.
795 1335 868 1388 Eu
919 1337 1232 1389 similitudo
1263 1345 1346 1388 est
1400 1334 1427 1386 δ
1456 1344 1510 1387 et
1541 1334 1591 1387 δι
1632 1335 1685 1387 in
1733 1334 1889 1388 libris
1918 1348 2013 1386 ca-

425 1433 572 1485 lamo
623 1432 850 1493 notatis,
893 1437 953 1482 ut
992 1428 1132 1482 haud
1183 1428 1343 1482 facile
1383 1429 1455 1481 sit
1505 1428 1852 1496 dignoscere.
1883 1426 2014 1482 lude

423 1532 510 1577 est
542 1522 700 1592 "quod
759 1521 1023 1575 mendosa
1081 1535 1142 1572 ea
1181 1520 1432 1588 posuerit
1484 1535 1586 1590 pro
1628 1518 1917 1572 Δατέονται
1961 1527 2015 1573 et

425 1613 711 1665 Δατέοντο.
749 1628 872 1680 qua:
921 1611 1071 1680 legas
1111 1609 1256 1679 apud
1288 1609 1606 1664 Homerum.
1636 1611 1676 1682 1-
1703 1609 2011 1681 Σικυλλιᾷν,

423 1706 486 1758 τὸ
509 1705 636 1768 τοὺς
658 1705 927 1774 κροσσοὺς
952 1701 1327 1756 ἀποσείεσθαι.
1359 1701 1598 1755 Verbum
1635 1703 1738 1755 hoc
1769 1701 2014 1772 reperies

2119 511 2173 564 in
2219 510 2304 566 his
2340 511 2522 565 verbis
2552 511 2707 563 οὐδὲν
2731 509 2904 578 ὑγιές.
2944 510 3211 580 Imposuit
3241 511 3338 564 tibi
3369 511 3702 582 depravatus

2117 602 2320 671 aliquis
2377 604 2548 656 codex
2585 602 2869 672 :oportuit
2923 602 3070 655 enim
3118 601 3379 672 Ἀρτεμῆ,
3413 604 3561 672 ὑγιᾶ.
3596 605 3702 662 Te-

2118 694 2298 763 ipsum
2356 697 2622 748 arbitrum
2678 694 2871 763 rapio,
2907 694 2998 762 qui
3055 695 3169 746 hate
3229 693 3398 748 alibi:
3445 695 3704 768 Ἀρτεμῆ,

2119 786 2278 848 σῶον,
2313 785 2465 852 ὑγιᾶ,
2497 785 2773 855 σώφρονα.
2817 783 3111 855 Ἀρτεμέα,
3144 783 3305 852 ὑγεία
3357 785 3498 857 (lege
3527 789 3701 860 ὑγιᾶ),

2117 875 2270 947 ὑγιῆ.
2305 876 2557 946 ’Δρτελὲς
2591 875 2831 947 (corrige
2865 874 3180 946 Ἀρτεμὲς),
3207 875 3384 944 ὑγιές.
3424 877 3540 950 [57]
3570 880 3704 934 Nec-

2117 968 2247 1022 dum
2276 968 2540 1038 peccandi
2580 969 2704 1024 linis
2739 988 2752 1022 :
2785 984 2915 1024 ecce
2939 970 3085 1024 enim
3118 970 3185 1025 de
3216 970 3470 1040 integro:
3511 972 3552 1042 1-
3577 973 3705 1044 Ἀρ.

2115 1063 2476 1133 τηνεστέραν,
2511 1062 2856 1132 ὑγιεστέραν,
2894 1062 3274 1134 ἐντιμοτέραν.
3311 1062 3520 1134 Duplex
3552 1081 3706 1122 erra-

2117 1160 2235 1206 tum
2266 1165 2372 1217 est,
2406 1153 2511 1208 hoc
2543 1153 2777 1219 librarii,
2812 1154 2945 1208 illud
2979 1156 3248 1210 auctoris.
3282 1156 3526 1226 Apparet
3556 1159 3703 1212 enim

2115 1257 2242 1298 cum
2271 1259 2337 1298 ex
2367 1244 2582 1310 ordine,
2624 1253 2739 1299 tum
2767 1261 2835 1300 ex
2873 1244 3359 1315 interpretatione,
3397 1263 3506 1301 non
3543 1249 3704 1304 aliter

2118 1333 2411 1403 scripsisse
2444 1331 2778 1404 llesychium
2808 1349 2976 1404 quam
3015 1333 3477 1406 Ἀρτιμεστέραν·
3509 1353 3705 1407 nempe

2116 1424 2202 1477 vel
2255 1424 2548 1492 scriptura:
2595 1424 2894 1492 mendum,
2935 1425 3021 1479 vel
3079 1426 3310 1481 minuta:
3361 1427 3706 1498 fugientesve

2119 1511 2335 1579 litterae,
2368 1513 2456 1567 vel
2487 1513 2655 1568 nimia
2690 1513 2970 1569 festinatio
3007 1514 3078 1581 lin
3116 1529 3282 1570 causa
3312 1514 3418 1570 fuit
3449 1533 3546 1570 cur
3571 1519 3708 1574 illud

2116 1603 2403 1658 exhiberet
2457 1620 2557 1673 pro
2611 1605 3076 1678 ’Δρτεμεστέραν.
3125 1607 3263 1661 Cum
3315 1593 3496 1663 autem
3547 1613 3707 1682 ἀρτι-

2120 1695 2393 1766 μεστέραν
2434 1712 2543 1750 non
2590 1699 2824 1752 multum
2862 1699 3113 1754 absimile
3163 1700 3236 1755 sit
3283 1699 3359 1771 τῷ
3410 1701 3710 1772 Τιμηεστὲ-

426 1795 570 1848 inter
600 1793 786 1846 Σίϐολε
817 1803 871 1848 et
905 1791 1128 1859 Σιϐύνη.
1176 1791 1298 1861 Ipse
1343 1792 1655 1845 litterarum
1697 1791 1834 1844 ordo
1876 1791 2015 1844 satis

2124 1803 2252 1855 ραν,
2285 1787 2376 1842 ille
2414 1788 2716 1844 secundam
2757 1790 3269 1860 interpretationem
3320 1792 3708 1849 liberalissime

427 1895 753 1955 argumento
777 1894 862 1938 est
885 1885 954 1937 ab
985 1882 1262 1954 llesychio
1288 1885 1526 1952 positum
1554 1897 1678 1936 esse
1705 1879 2012 1951 Σιϐυλλιᾷν,

425 1979 594 2047 idque
626 1992 818 2031 errore
872 1975 1170 2029 manifesto
1207 1991 1306 2044 pro
1352 1973 1667 2044 Σιλλυὸιᾷν.
1703 1972 2016 2043 Hesychius

423 2068 683 2132 Σίλλυϐα,
711 2067 950 2138 κροσσοίο
985 2068 1038 2119 οἱ
1069 2066 1125 2118 δὲ
1154 2067 1224 2118 τὰ
1255 2065 1492 2136 ἀνθέμια
1523 2067 1618 2118 καὶ
1651 2065 2012 2136 κοροκόσμια.

426 2163 618 2216 Pollux
653 2177 752 2226 vu,
792 2175 915 2230 cap.
946 2161 1011 2213 I6
1043 2177 1055 2212 :
1099 2160 1240 2222 Τοὺς
1277 2159 1333 2211 δὲ
1370 2159 1636 2220 θυσάνους
1665 2158 1761 2210 καὶ
1790 2157 2016 2210 σίλλυὸα

424 2256 473 2307 οἱ
520 2254 742 2307 παλαιοὶ
803 2252 1030 2306 καλοῦσι
1094 2251 1320 2322 ποιηταί
1372 2250 1509 2321 [36].
1574 2251 1665 2304 Sic
1717 2253 1870 2304 locus
1912 2251 2017 2305 iste

429 2345 690 2416 legendus
728 2355 812 2400 est
844 2361 908 2400 ex
950 2345 1144 2398 codice
1173 2359 1278 2397 ms.
1307 2345 1398 2412 qui
1437 2342 1541 2396 fuit
1569 2342 1638 2398 Is.
1672 2341 1878 2396 Vossii.
1913 2342 2018 2395 Θύο

429 2454 581 2492 σανοι
640 2446 824 2492 autem
897 2452 1022 2492 cum
1093 2435 1303 2490 Polluci
1363 2443 1477 2488 tum
1551 2433 1826 2505 llesychio
1886 2442 2020 2490 sunt

427 2531 675 2602 κροσσοί.
704 2530 745 2600 1-
783 2530 1096 2599 Ἐρεθὲντα,
1130 2531 1188 2580 ἐν
1227 2527 1380 2581 ὕδατι
1418 2528 1811 2596 ἀποπνιγέντα.
1854 2527 2018 2598 Ἐρα-

428 2623 595 2688 θέντι,
632 2621 913 2692 ληφθέντι.
958 2621 1274 2676 Purtentosi
1325 2634 1568 2674 errores.
1612 2618 1824 2685 Primo,
1855 2632 2020 2688 opor-

429 2717 534 2770 tuit
568 2715 837 2784 scriptum
861 2713 1185 2785 Ἐρχθέντα.
1218 2712 1341 2782 Ipse
1379 2712 1528 2766 enim
1563 2711 1688 2764 alibi
1716 2729 1728 2765 :
1765 2709 2020 2780 Ἐρχθέν-

426 2824 518 2870 τα,
557 2808 615 2858 ὲν
669 2806 826 2859 ὒδατι
875 2806 1160 2874 πνιγέντα.
1207 2803 1283 2859 Ita
1327 2804 1556 2859 Photius
1605 2804 1917 2873 patriarcha
1962 2803 2016 2857 in

427 2898 630 2953 Lexico
665 2914 766 2952 ms.
807 2897 882 2950 Ita
907 2897 1131 2952 Suidas.
1159 2895 1342 2950 Locus
1366 2906 1449 2950 est
1484 2896 1541 2948 in
1565 2895 1608 2946 Φ
1641 2893 1824 2948 Iliadis
1857 2912 1870 2948 :

427 3012 559 3067 Νῦν
583 3011 651 3065 δέ
680 3029 756 3080 με
781 3009 1097 3079 λευγαλέῳ
1130 3011 1335 3074 πότμῳ
1367 3009 1612 3080 εἵμαρτο
1643 3007 1874 3060 ἁλῶναι

442 3078 2016 3174 ῑξριθξτέέἐῖῖμεπξιὲυιξυέτεῖξέιῷεξίξςξξξῐδξτξτξξεξδδη
2045 3117 2088 3174 c

430 3153 537 3205 Ὃν
554 3153 637 3221 ῥά
659 3153 710 3205 τ’
737 3153 999 3217 ἔναυλος
1023 3151 1314 3218 ἀποέρσει
1338 3151 1584 3219 χειμῶνι
1611 3151 1908 3217 περῶντα.

430 3266 658 3332 lterum,
708 3265 843 3320 illud
887 3265 1171 3335 Ἐραθέντι
1212 3264 1422 3318 librarii
1465 3271 1749 3332 peccatum
1796 3271 1882 3316 est
1920 3276 2020 3331 pro

443 3358 738 3430 Ἐρεθέντι.
764 3357 996 3412 Constat
1025 3357 1129 3410 hoc
1157 3373 1220 3410 ex
1249 3357 1649 3410 elementorum
1673 3355 1887 3410 ordine.
1915 3356 2018 3421 Qui

431 3448 656 3517 quidem
692 3458 778 3502 est
818 3463 978 3502 error
1003 3446 1272 3508 auctoris,
1312 3461 1410 3516 pro
1455 3445 1761 3517 Αίρεθέντι.
1797 3447 1864 3500 Αι
1902 3455 1956 3500 et
1980 3447 2021 3499 E

433 3540 578 3608 apud
621 3539 845 3594 Graecos
894 3554 1003 3592 non
1055 3538 1326 3592 dill‘erunt
1401 3538 1893 3606 pronuntiatione;
1954 3537 2023 3592 de

431 3648 541 3702 qua
575 3647 634 3686 re
675 3639 864 3701 postea
919 3630 1082 3700 plura
1114 3630 1380 3684 dicemus.
1414 3627 1554 3683 Ecce
1599 3629 1705 3683 alia
1736 3638 2018 3684 monstra:

432 3724 474 3796 1-
491 3722 823 3792 Ἐπαλογῆς,
846 3720 1108 3790 σπουδῆς,
1131 3719 1569 3784 ἀνταποδόσεως.
1590 3721 1764 3787 Quam
1787 3721 2024 3791 turpiter

434 3824 621 3870 autem
670 3816 761 3870 hic
796 3831 857 3870 se
883 3815 1040 3869 dedit
1077 3816 1090 3866 ι
1130 3813 1267 3870 adeo
1297 3814 1518 3883 quidem
1559 3822 1622 3868 ut
1665 3813 1906 3871 hominis
1937 3831 2024 3870 me

436 3899 641 3977 pudeat
723 3906 1038 3976 pigeatque.
1099 3904 1388 3974 Siquidem
1449 3903 1888 3969 Ἀνταποδόσεως
1939 3913 2026 3960 est

435 3997 779 4065 ὲπαὶλαγῆς,
835 4003 890 4048 et
938 3993 1188 4064 Σπουδῆς
1228 4003 1313 4049 est
1367 3995 1710 4065 ἐπειγωλῆς·
1770 3995 2021 4064 putidum

436 4100 620 4143 autem
648 4101 825 4157 (suum
860 4087 1136 4157 ὲπαλογῆς
1167 4088 1278 4155 ipse
1323 4086 1513 4140 habeat
1551 4103 1728 4141 secum
1759 4096 2026 4157 servetque

437 4185 695 4250 sepulcro.
727 4179 768 4250 1-
803 4179 1093 4250 Ἀχινάων,
1123 4179 1233 4232 τῶν
1265 4179 1525 4250 ἀχιδάων.
1564 4178 1850 4242 Hercules,
1875 4189 2023 4232 tuam

438 4274 632 4327 fidem!
659 4275 940 4326 enimvero
959 4287 1068 4325 non
1092 4272 1164 4325 ab
1187 4271 1446 4326 omnibus
1471 4271 1740 4340 portentis
1755 4270 2024 4325 Graeciam

439 4367 706 4419 liberasti.
742 4363 870 4418 Erat
923 4365 1166 4418 hominis
1215 4364 1416 4418 eruditi
1449 4364 1528 4417 sic
1562 4361 1844 4418 edidisse:
1884 4363 2028 4432 Ἐχι-

437 4460 619 4522 νάων,
675 4459 784 4510 τῶν
841 4458 1159 4527 Ἐχινάδων.
1225 4455 1424 4511 Verbi'
1465 4456 1625 4533 sedes
1684 4456 1738 4509 in
1803 4452 2023 4509 Homeri
2056 4455 2101 4510 D

431 4553 650 4629 .Bmotia
683 4560 802 4606 est:

547 4649 612 4698 Ol
639 4644 692 4697 δ’
726 4643 796 4696 ἐκ
825 4642 1167 4710 Δουλιχίοιο
1207 4639 1497 4709 Ἐχινάων
1527 4641 1579 4693 θ’
1611 4638 1844 4707 ἱεράων.

437 4739 476 4810 1-
506 4739 748 4800 Ἦθέσει,
780 4737 954 4799 ἀνθεῖ,
987 4735 1193 4802 ἀγνοεῖ,
1231 4733 1470 4804 παρορᾷ..
1493 4730 1694 4786 Adeste
1726 4734 1853 4798 huc,
1893 4749 2025 4788 con-

433 4831 679 4899 jectores
701 4838 755 4882 et
778 4828 1111 4895 interpretes
1134 4823 1766 4893 portentorum.Negant
1793 4839 2022 4894 usquam

438 4923 740 4992 quidquam
774 4916 1153 4973 monstrosius
1192 4914 1422 4970 vidisse.
1477 4912 1700 4969 Scilicet
1745 4915 1862 4970 haec
1896 4931 2022 4971 vera

439 5015 718 5083 scriptura
767 5017 872 5070 est.
915 5007 1227 5077 Ἀηθέσσει,
1259 5005 1421 5076 ἀηθεῖ
1453 5004 1872 5076 Etymologicon
1905 5021 2026 5059 ma-

437 5121 632 5175 guum.
676 5100 1018 5171 ’Ᾱηθέσσειν,
1047 5099 1286 5166 ἀγνοεῖν,
1311 5096 1556 5167 ἀπείρως
1579 5095 1743 5167 ἔχειν.
1787 5097 2022 5166 Ἀηθεῖν,

376 5193 394 5250 l
437 5194 746 5254 λανθάνειν,
768 5191 1245 5258 ἀνεπιστημονεϊν.
1269 5186 1575 5259 Hesychius
1599 5191 1750 5259 ipse:
1788 5189 2023 5261 Ἀήθειν,

444 5288 518 5358 μὴ
556 5285 830 5357 ἡθεῖσθαι,
876 5283 952 5355 μὴ
1001 5284 1174 5336 νοεῖν·
1225 5282 1368 5352 lege,
1400 5283 1610 5353 ἀηθεῖν,
1657 5283 1730 5354 μὴ
1768 5284 2024 5340 εἰθίσθαι.

455 5381 750 5450 Ἀἡθεσκον
780 5379 922 5448 (lege
942 5375 1262 5448 ἀήθεσσον),
1283 5376 1574 5446 ἀσυνήθεις
1593 5372 1755 5447 ἦσαν.
1783 5376 1824 5447 1-
1852 5376 2030 5429 Ἕλεν-

439 5475 562 5543 τὴν,
592 5472 790 5524 ἔλαιον.
811 5469 946 5523 Mira
972 5485 1104 5523 vero
1127 5469 1474 5540 grammatici
1509 5469 1778 5524 eruditio!
1799 5469 2028 5525 Poteras

442 5565 588 5618 haud
624 5563 784 5633 paulo
808 5563 1030 5626 melius,
1065 5561 1344 5632 Ἐλεητὺν,
1376 5560 1526 5615 ἔλεον
1551 5578 1567 5594 ο
1592 5561 1638 5616 si
1662 5561 1883 5631 quidem
1920 5558 2030 5615 Ilo-

444 5657 636 5712 meriei
671 5657 818 5710 illius
853 5655 1244 5711 meminisses:

446 5754 566 5802 Οιῖυι
612 5748 786 5800 ὄπιδα
828 5749 1191 5818 φρονέοντες
1220 5746 1311 5800 ἐνὶ
1352 5745 1572 5816 φρεσὶν
1594 5745 1720 5799 οὐδ’
1745 5745 2024 5814 ἐλεητύν.

2118 1878 2347 1933 donavit
2377 1880 2446 1935 de
2478 1896 2621 1946 suo;
2655 1893 2818 1952 prout
2844 1897 3004 1937 error
3031 1899 3280 1939 errorem
3320 1899 3588 1954 generare
3619 1900 3710 1940 so-

2119 1970 2218 2024 let.
2249 1969 2292 2040 1-
2321 1971 2691 2036 Ἀτισιλινοῖς,
2735 1973 2866 2044 περὶ
2909 1974 2977 2026 τά
3020 1972 3143 2027 λινὰ
3177 1973 3512 2044 ὲξαμμάτων
3554 1976 3707 2030 δέσε-

2119 2081 2224 2118 σιν.
2258 2063 2356 2120 Dic
2383 2065 2571 2132 sodes,
2613 2080 2798 2120 annon
2830 2067 3062 2137 aanigma
3100 2066 3199 2122 tibi
3264 2067 3522 2122 videntur
3557 2069 3712 2123 lucc?

2119 2151 2383 2224 Equidem
2407 2171 2518 2210 non
2541 2170 2664 2210 sum
2691 2155 2974 2225 (Edipus:
3007 2156 3187 2212 ausim
3219 2167 3404 2212 tamen
3433 2173 3534 2227 pro
3556 2171 3711 2214 certo

2119 2245 2404 2314 polliceri.
2460 2247 3067 2317 rectanrscripturam
3121 2264 3247 2303 esse
3303 2247 3486 2318 Ἀψῖσι
3537 2249 3708 2306 λίνου.

2122 2334 2436 2407 Hesychius
2487 2338 2662 2392 alibi:
2711 2337 2893 2408 Ἀψίσι
2927 2339 3095 2402 λίνου,
3151 2341 3400 2410 ἆμμασιν
3445 2341 3557 2394 ἀπὸ
3611 2343 3711 2411 τῆς

2123 2427 2393 2498 συναφῆς.
2439 2429 2712 2482 Homerus
2751 2430 2950 2499 quinto
2986 2429 3208 2486 Iliadis:

2121 2541 2348 2615 fllwlztwg
2370 2541 2658 2615 (bcAd‘gﬂ‘fo't
2692 2545 2868 2615 λίνου
2902 2544 3123 2615 ἁλόντε
3149 2545 3463 2615 πανάγρου

2133 2612 2410 2680 Ἁνδράσι
2442 2611 2894 2681 δυσμενέεσσιν
2920 2614 3074 2682 ἕλωρ
3093 2617 3190 2669 καί
3215 2611 3410 2686 κύρμα
3427 2616 3705 2686 γένησθε.

2121 2723 2264 2790 Quid
2288 2739 2392 2793 ego
2422 2725 2490 2779 de
2522 2727 2646 2780 istis
2677 2721 3023 2797 dicam,‘quaa
3052 2730 3265 2798 pagella
3296 2731 3545 2799 proxima
3574 2731 3702 2786 mihi

2121 2818 2175 2872 in
2231 2817 2424 2872 oculos
2473 2817 2808 2872 incurrunt?
2847 2818 2888 2888 1-
2939 2820 3281 2891 ’Δριστῆραι,
3335 2820 3540 2876 δοῦλαι.
3602 2822 3708 2879 De-

2121 2917 2318 2978 ceptus
2341 2917 2430 2963 est
2457 2909 2823 2964 similitudine
2857 2911 3164 2964 litterarum
3193 2911 3239 2964 Δ
3265 2919 3320 2966 et
3343 2914 3403 2964 Δ.
3425 2913 3707 2983 Siquidem

2122 2998 2369 3068 oportuit
2399 2997 2725 3068 Δριστῆραι.
2752 2999 2869 3068 Ipse
2902 2999 3010 3054 alio
3034 2999 3156 3054 loco
3182 3018 3196 3054 :
3228 3003 3566 3073 Δρηστῆναι,
3587 3004 3706 3058 διά-

2122 3107 2291 3155 κονοι,
2316 3081 2669 3161 θεράπαιναι,
2704 3091 2824 3161 lege
2861 3093 3201 3163 Δρηστῆραι.
3251 3091 3436 3150 Verbo
3477 3111 3710 3151 monen-

2122 3181 2252 3236 dum
2284 3192 2369 3238 est
2398 3199 2438 3244 t,
2471 3199 2521 3236 ει
2551 3190 2604 3236 et
2633 3200 2666 3254 η
2704 3183 2758 3237 in
2786 3181 3026 3251 Lexieis,
3053 3185 3358 3253 praesertim
3391 3186 3532 3256 apud
3564 3187 3709 3242 hunc

2119 3272 2720 3342 Nostrum,promiscue
2742 3276 2996 3345 usurpari
3016 3291 3031 3328 :
3050 3290 3182 3331 vera
3199 3277 3342 3332 enim
3361 3279 3609 3348 analogia
3629 3295 3712 3334 re-

2121 3365 2367 3435 quiritut
2398 3366 3072 3437 δρήστειραιερτίὺεωυε.
3091 3366 3273 3424 Locus
3301 3377 3387 3424 est
3406 3368 3608 3440 Odyss.
3643 3372 3706 3426 Τ.

2235 3477 2400 3532 Τὰων
2425 3478 2488 3531 αἳ
2515 3494 2607 3531 τοι
2632 3475 2800 3547 δῶμα
2819 3478 2971 3534 κάτα
2999 3479 3346 3550 δρήστειραι
3373 3483 3577 3538 ἔασιν..

2123 3591 2265 3648 Vide
2299 3601 2503 3658 tamen,
2539 3604 2596 3647 ut
2623 3593 2917 3665 magniﬁce
2946 3595 3014 3650 de
3059 3611 3119 3651 se
3148 3596 3408 3667 loquatur
3448 3599 3515 3652 ad
3552 3595 3711 3652 fami-

2123 3685 2316 3740 liarem
2349 3699 2509 3739 suum
2543 3683 2858 3755 Eulogium.
2889 3687 2963 3740 Οὐ
2995 3687 3126 3759 γὰρ,
3171 3689 3270 3752 ait,
3299 3689 3520 3761 ὀκνήσω
3572 3692 3712 3760 μετά

2124 3776 2443 3849 παρρησίας
2471 3778 2668 3842 εἰπεῖν,
2693 3780 2776 3832 ὅτι
2809 3779 2920 3832 τῶν
2949 3780 3311 3853 Ἀριστάρχου
3333 3783 3428 3836 καὶ
3448 3781 3713 3844 Ἀπίωνος

2125 3872 2222 3924 καὶ
2254 3869 2583 3941 ’Ἡλιοδώρου
2642 3871 2845 3935 λέξεων
2888 3873 3225 3944 εὐπορήσας,
3278 3876 3373 3928 καὶ
3422 3875 3487 3929 τὰ
3531 3875 3714 3947 βιϐλία

2127 3963 2385 4034 προσθεὶς
2409 3963 2781 4028 Διογενιανοῦ,
2813 3964 2841 4017 ὃ
2869 3963 3086 4036 πρῶτον
3121 3967 3215 4019 καὶ
3247 3967 3507 4037 μέγιστον
3537 3969 3716 4040 umig-

2126 4073 2213 4126 χει
2251 4057 2661 4126 πλεονέκτημα,
2689 4054 2866 4110 ταῦτα
2891 4057 2937 4110 δ’
2971 4057 3134 4120 αὐτὸς
3170 4058 3279 4130 ἰδίᾳ
3317 4061 3462 4130 χειρὶ
3485 4061 3714 4131 γράφων

2129 4143 2240 4212 ἐγὼ
2276 4145 2415 4214 μετὰ
2453 4146 2637 4216 πάσης
2670 4145 2965 4216 ὀρθότητος
3001 4147 3097 4199 καὶ
3141 4149 3545 4222 ἀκριϐεστάτης
3579 4168 3716 4221 γραο

2128 4235 2237 4305 φῆς
2267 4234 2411 4289 κατά
2457 4236 2550 4288 τὸν
2579 4238 2972 4307 γραμματικὸν
3016 4238 3368 4309 Ἦρωδιανόν.
3414 4243 3524 4312 Ego
3559 4259 3714 4304 vero.

2129 4328 2223 4397 qui
2251 4326 2551 4381 Theodosii
2586 4344 2689 4382 ms.
2718 4329 2990 4401 ἐπιτομὴν
3012 4331 3113 4401 τῆς
3136 4331 3382 4386 Καθόλου
3414 4333 3715 4389 Herodiani

2131 4419 2397 4482 lectitavi,
2434 4417 2707 4474 testificor
2734 4421 2926 4490 parum
2963 4421 3095 4476 huic
3128 4423 3406 4491 promisso
3436 4426 3523 4479 yel
3557 4425 3717 4479 nullo

2133 4509 2297 4564 modo
2343 4510 2692 4565 satisfactum
2745 4527 2892 4567 esse.
2925 4512 2967 4584 1-
3009 4512 3363 4586 Ἀρήσθορεν,
3413 4516 3715 4588 ἐπήδησεν.

2132 4599 2400 4658 Vitiosius
2424 4603 2527 4658 hoc
2556 4603 2802 4672 quidem,
2831 4619 2997 4673 quam
3023 4605 3157 4660 illud
3191 4607 3422 4662 alterum
3454 4607 3717 4678 Ἀρέσοοο

2135 4708 2246 4762 ρεν,
2275 4692 2571 4763 ἐπήδησεν.
2606 4691 2712 4747 Sed
2745 4708 2813 4748 ex
2845 4699 3077 4760 utraque
3109 4704 3261 4765 parte
3299 4696 3566 4762 ostendit,
3604 4711 3713 4749 non

2133 4783 2502 4839 lautissimam
2521 4785 2787 4840 doctrina:
2804 4786 3199 4855 supellectilem
3223 4790 3326 4844 sibi
3351 4789 3498 4844 domi
3521 4791 3713 4842 fuisse.

2133 4872 2266 4940 Qua:
2299 4875 2447 4930 enim
2488 4876 2605 4931 haec
2645 4876 3052 4947 conglutinatio
3081 4877 3198 4951 [58]
3243 4883 3561 4948 verborum,
3595 4895 3718 4951 qum

2133 4967 2363 5024 dissolvi
2406 4965 2590 5023 denuo
2643 4967 2942 5038 divellique
2991 4969 3351 5026 desiderant?
3397 4970 3558 5027 Hom.
3598 4969 3722 5024 Ilia-

2133 5060 2220 5116 dis
2249 5059 2326 5114 Μ.

2280 5231 2338 5270 .__.
2366 5232 2381 5247 .
2407 5232 2421 5247 .
2515 5194 2690 5270 δ’ἑᾶᾷ
2724 5196 2940 5270 ἔσθορε
2977 5198 3260 5270 φαίδιμος
3285 5199 3508 5270 Ἕκτωρ

2279 5266 2472 5319 Νυκτὶ
2496 5264 2607 5334 θοῇ
2640 5264 3264 5334 ἀτάλαντοςυπώξττια.

2149 5378 2559 5452 Ἀρενοϐοσκὺς,
2593 5379 3064 5456 προθατοὸοσκός.
3112 5383 3339 5438 Mirifice
3374 5383 3619 5454 quidem,
3665 5397 3724 5439 ut

2137 5472 2273 5526 nihil
2303 5487 2498 5542 supra.
2531 5473 2700 5543 Atqui
2731 5472 2872 5542 ἀρὴν
2897 5474 3122 5544 ἀρῆνος,
3154 5482 3307 5543 puto,
3340 5474 3565 5536 dicitur,
3611 5493 3719 5530 nou

2137 5559 2364 5631 ἁρένοςο
2401 5562 2547 5618 unde
2585 5562 2950 5633 πολύρρηνες,
2991 5574 3046 5618 et
3087 5566 3169 5629 ὖῖς
3205 5567 3533 5637 ὑπόρρηνος.
3581 5565 3714 5630 Imo,

2137 5655 2272 5723 quin
2325 5655 2521 5709 iambei
2572 5656 2910 5726 principium
2962 5655 3126 5712 fuerit
3189 5659 3332 5728 apud
3391 5660 3716 5730 Sophoclem

2152 5745 2564 5816 Ἀρηνοίῗνισκὸς.
2599 5786 2612 5800 .
2649 5787 2662 5800 .
2706 5790 2718 5802 .
2759 5787 2773 5803 .
2833 5763 2903 5802 ne
2935 5749 3298 5850 dubitai’idum
3345 5757 3432 5806 est
3469 5749 3712 5822 quidem.
