3966 6438
355 348 454 419 ἐιῦ

1446 340 1806 402 EPISTOLA
1852 339 2064 400 RlCl—l.
2105 336 2490 400 DENTLEH.

3526 339 3630 404 ’146

354 465 552 524 Melius
603 463 721 532 ipse
761 457 934 514 alibi:
975 456 1396 529 'quwéoax’tg,
1466 457 1932 530 προϐατοῦοσκδς,

2050 455 2310 524 Κάλυξινε
2340 456 2372 520 ς
2399 470 2496 525 pro
2529 453 2586 518 ξ·
2622 468 2786 525 quem
2819 465 3068 511 errorem
3120 453 3325 513 millies
3353 459 3623 514 erravisse.

356 555 635 628 Σοφοκλῆς
698 553 889 624 Τυροῖ.
933 549 1045 605 Καὶ
1101 551 1376 622 γράφεται
1432 549 1490 603 δὲ
1538 549 1940 623 eammeam;

353 651 440 707 se:
479 666 540 704 τε
580 643 677 712 τοῦ
703 645 721 665 ¹
749 644 826 698 ἕω
863 643 961 697 καὶ
1002 642 1110 696 τῶν
1157 641 1356 714 βόρων.
1402 641 1606 698 νει-ηπ,
1659 642 1752 698 hic
1811 643 1940 712 qui-

355 743 476 799 dem
533 739 694 794 locus
748 750 780 790 a
826 733 1052 789 librario
1104 735 1344 804 pessime
1379 744 1642 804 acceptus
1679 735 1943 802 est:ip'se

361 839 558 891 auctor
585 827 780 902 procul
835 827 994 882 abest
1036 841 1067 880 a
1121 841 1285 880 noxa.
1339 824 1482 896 Lege
1523 826 1802 898 Σοφοκλῆς
1836 827 1940 879 Tu-

357 929 436 1000 poi
476 922 546 996 β’,
576 919 856 994 γράφεται
899 917 956 972 δὲ
995 917 1092 972 καὶ
1141 917 1538 991 ἐρῤηνοϐοσκὸς
1567 915 1659 970 διά
1695 933 1756 969 τε
1775 915 1882 994 (τοῦ
1917 933 1942 969 ε

357 1014 590 1073 καὶτῶν
619 1014 666 1086 β’
701 1013 838 1084 ρὦ.
900 1011 1202 1075 Scribitur,
1253 1011 1352 1077 ait,
1389 1008 1794 1082 ὲρῤηνοὸοσκδς
1847 1023 1944 1079 per

357 1114 594 1168 litteram
627 1120 676 1172 ε,
709 1113 764 1162 et
787 1104 1066 1176 duplicem
1096 1121 1149 1176 ρ.
1183 1102 1612 1174 Etymologicum
1636 1115 1894 1172 magnum
1927 1118 1940 1155 :

367 1197 822 1276 Ἐρῤηνοϐοσκδς,
851 1196 880 1248 6
917 1193 1366 1266 προδατοὸοσκὺς
1396 1194 1455 1248 ὲν
1497 1194 1666 1265 Τυροῖ
1693 1192 1740 1263 β’
1778 1193 1946 1261 Σοφο-

357 1294 510 1363 κλῆς.
543 1289 586 1361 ’ξ-
614 1288 937 1359 Ἑμπήρους
960 1295 1016 1342 et
1043 1285 1333 1356 Ἔμπηροι
1375 1285 1576 1339 vitium
1609 1285 1944 1355 exemplaris

357 1396 430 1442 eSI
485 1397 588 1454 pro
627 1380 953 1452 Ἐμμήρους
998 1387 1052 1433 et
1084 1378 1392 1450 Ἐμμηροι.
1433 1377 1556 1448 Ipse
1589 1377 1722 1432 alibi
1751 1393 1946 1432 emen-

359 1478 530 1530 date:
579 1473 926 1543 Ἐμμήρους,
975 1472 1034 1522 ὲν
1087 1469 1329 1540 ὁμηρείᾳ
1383 1467 1564 1534 ὄντας,
1621 1469 1774 1540 παρὰ
1816 1469 1944 1532 τοὺς

357 1567 599 1638 ὁμήρους
627 1563 753 1627 τοὺς
781 1563 875 1616 ἐπὶ
925 1562 1194 1634 συμϐάσει
1255 1561 1588 1633 διδομένους.
1644 1561 1816 1617 Totus
1843 1577 1943 1616 au-

361 1667 465 1714 tem
517 1657 672 1710 locus
709 1655 778 1708 ad
805 1653 954 1708 hunc
989 1652 1213 1733 modum
1257 1652 1682 1709 constituendus
1716 1661 1842 1708 est:

476 1785 841 1856 Ἐμμήρους,
870 1783 1202 1856 Δημήτριος
1223 1783 1293 1856 ἐν
1326 1785 1590 1856 Σικελίᾳ.

465 1853 920 1924 Λὰκὲδαιμόνιοι
940 1857 990 1909 θ’
1007 1853 1177 1922 ἡμῶν
1200 1853 1273 1908 τὰ
1289 1855 1458 1923 τείχη
1481 1855 1835 1917 κατέϐαλον,

465 1928 574 1984 Kal
603 1923 986 2000 {dctptﬁpfttg
1009 1924 1232 2000 ἔλαϐον
1255 1925 1614 2000 Ἐιμιήρουςκ
1641 1923 1803 2000 ᾆπως

468 1995 688 2066 Μηκέτι
717 1993 1292 2062 θαλατὶοκρατοῐντο
1321 1994 1834 2063 Πελοποννήσιοι.

370 2109 675 2169 Demetrius
729 2107 836 2162 iste
887 2107 1139 2163 comicus
1195 2106 1334 2174 fuit;
1383 2092 1434 2162 et
1473 2105 1565 2162 illa
1617 2105 1804 2162 fabula
1857 2106 1944 2160 iu-

375 2205 585 2274 scripta
609 2209 693 2258 est
726 2200 938 2257 Sicilia.
968 2198 1152 2266 Quare
1179 2213 1466 2270 perperam
1505 2200 1770 2255 hactenus
1799 2197 1948 2266 judi-

381 2303 571 2354 caruut
598 2294 698 2350 viri
728 2293 914 2358 docti;
952 2292 1052 2362 qui
1081 2290 1410 2358 scriptorem
1440 2305 1566 2346 eum
1595 2289 1943 2353 historicum,

380 2389 672 2445 orationem
697 2391 879 2440 autem
907 2383 1219 2454 prosaieam
1245 2397 1368 2438 esse
1391 2389 1752 2436 censuerunt.
1777 2378 1948 2434 Athe-

375 2491 542 2541 ηεαδ,
570 2475 666 2530 lib.
699 2489 760 2530 tu
787 2491 802 2528 :
839 2473 1152 2545 Δημήτριος
1181 2473 1210 2526 6
1231 2471 1619 2542 κωμῳδοποιὸς
1641 2471 1698 2524 ὲν
1719 2469 1798 2540 τῷ
1827 2473 1949 2522 ἐπι-

367 2567 698 2639 γραφομένῳ
749 2566 994 2638 δράματι
1038 2564 1280 2637 Σικελίᾳ.
1344 2561 1706 2634 Etymologici
1750 2569 1950 2615 auctor

367 2659 620 2722 Σικελοὺς
649 2657 928 2722 inscribit,
953 2671 1066 2711 non
1096 2654 1350 2710 Σικελίαν
1371 2669 1386 2686 ·
1413 2667 1538 2708 eum
1571 2653 1694 2708 vide
1725 2652 1779 2707 in
1811 2650 1950 2722 Ἐμ-

373 2751 600 2823 μήρουςο
629 2747 671 2820 ‘i'
691 2749 1065 2820 Χωρονομεῖν,
1097 2745 1436 2818 ὀργίζεσθαι.
1467 2743 1699 2815 Oportet
1725 2749 1785 2797 ut
1811 2756 1950 2798 con-

369 2841 686 2896 uirentibus
715 2841 892 2895 oculis
922 2840 1040 2894 hac
1081 2839 1275 2910 legerit
1313 2837 1640 2909 Hesychius.
1681 2837 1796 2908 Ego
1827 2837 1951 2908 qui-

367 2934 484 2988 dem
513 2933 652 2988 meis
679 2931 768 2988 vix
805 2932 962 2987 iidem
1001 2931 1202 2994 habeo,
1239 2944 1364 2986 cum
1402 2929 1508 2983 ista
1567 2927 1710 2998 lego.
1744 2926 1951 2983 Procul

367 3023 536 3078 dubio
556 3027 638 3078 sic
667 3023 937 3092 scriptum
969 3031 1054 3076 est
1075 3035 1105 3074 a
1134 3021 1309 3090 prima
1343 3033 1510 3074 manu
1539 3037 1554 3072 :
1583 3016 1944 3090 χειρονομεῖν,

367 3114 666 3186 ὀρχεῖσθαι.
711 3113 832 3185 Ipse
879 3111 1050 3168 alibi:
1087 3111 1432 3184 χειρονὸμος,
1488 3111 1786 3182 ὀρχηστής.
1837 3109 1950 3164 hla-

369 3222 536 3262 nuum
580 3207 688 3262 iste
721 3215 934 3261 motum
967 3219 1094 3259 cum
1137 3211 1284 3259 certa
1326 3203 1446 3274 lege
1483 3212 1538 3259 et
1569 3217 1802 3260 numero
1843 3202 1946 3257 bo-

364 3313 486 3353 nam
543 3304 758 3368 partem
811 3293 1127 3350 saltationis
1173 3292 1307 3348 olim
1348 3293 1743 3348 constituebat.
1781 3289 1949 3346 Plena

362 3397 495 3446 sunt
525 3387 908 3459 exemplorum
941 3385 1148 3440 omnia.
1179 3381 1478 3440 Lucretius
1507 3400 1521 3438 :

362 3498 478 3626 ξω
516 3499 676 3567 Quod
697 3505 956 3566 superest,
975 3513 1077 3550 non
1100 3504 1180 3551 est
1210 3481 1408 3550 mirum
1433 3495 1729 3552 simulacra
1756 3497 1950 3550 moveri

408 3573 702 3626 rachiaoue
738 3571 792 3623 in
823 3584 1098 3623 numerum
1120 3567 1334 3626 jactare
1359 3576 1410 3622 et
1441 3577 1632 3623 cwtera
1654 3567 1910 3622 membra.

408 3567 702 3641 ra'cltiaque
738 3571 792 3623 in
823 3584 1098 3623 numerum
1120 3567 1334 3636 jactare
1359 3576 1410 3622 et
1441 3577 1632 3623 cwtera
1654 3567 1910 3622 membra.

361 3681 424 3736 Et
455 3689 653 3749 postea
679 3697 694 3735 :

275 3833 286 3850 ι
359 3794 504 3860 Quid
533 3809 718 3863 porro,
750 3794 807 3848 in
829 3809 1108 3849 numerant
1129 3795 1411 3864 procedere
1439 3795 1880 3850 cum'simulacra

355 3865 649 3921 Cernimus
683 3868 738 3920 in
761 3866 985 3928 somnis,
1017 3875 1063 3919 et
1098 3865 1288 3920 mollia
1314 3870 1552 3920 membra
1578 3881 1803 3930 mouere,

354 3933 562 3991 Mallia
591 3935 861 3989 mobiliter
895 3951 1014 3990 cum
1046 3935 1269 3990 alternis
1305 3935 1524 3990 brachia
1549 3937 1788 3991 mittunt.

351 4049 394 4122 ἰ-
426 4047 707 4119 Κάλυψιν,
731 4045 949 4102 κάλυκα
991 4027 1393 4123 ἀντιστρόφως.
1423 4047 1661 4106 Medium
1691 4049 1799 4105 hoc
1829 4065 1952 4104 ver-

349 4143 484 4198 bum
529 4151 620 4198 est
670 4141 819 4197 inter
867 4139 1216 4196 Καλυδώνιον
1255 4151 1311 4198 et
1370 4142 1654 4206 Κάλυκας.
1696 4141 1952 4213 Agnosco

352 4251 591 4291 manum
643 4243 698 4290 et
755 4235 1037 4305 ingenium
1079 4235 1416 4292 correctoris
1467 4229 1610 4306 :q’ui
1669 4235 1950 4299 videlicet,

349 4345 482 4383 eum
546 4330 604 4382 in
665 4327 938 4398 llesychio
992 4343 1096 4384 suo
1143 4328 1354 4399 legerat
1405 4326 1656 4396 Κάλυψιν
1715 4327 1949 4394 κάλυκα,

349 4421 528 4493 idque
583 4421 1050 4476 animadverterat
1097 4427 1254 4476 extra
1289 4421 1491 4478 seriem
1519 4430 1572 4477 et
1619 4429 1953 4492 praepostere

2043 565 2191 614 eum,
2217 551 2261 604 si
2307 547 2398 604 hic
2445 547 2603 602 locus
2643 557 2808 614 esset,
2839 563 2992 602 nunc
3043 562 3262 618 possem
3311 550 3626 608 ostendere.

2004 665 2010 671 -
2043 643 2218 710 Quam
2265 651 2416 695 recte
2450 647 2635 695 autem
2677 639 2920 707 Κὰλυξιν
2959 640 3362 711 interpretetur
3387 643 3629 711 κάλυκα,

2047 735 2244 788 melius
2274 742 2358 788 est
2381 742 2439 786 ut
2465 733 2643 804 ipsum
2672 733 2742 788 ad
2765 733 3148 788 testimonium
3182 749 3446 790 vocemus
3481 753 3495 792 :
3524 738 3633 792 Ka-

2045 827 2247 892 λύξεκ,
2278 825 2448 896 ῥόδων
2477 825 2736 880 καλύκια.
2775 825 3037 892 Κάλυξις,
3075 827 3280 898 κόσμος
3325 845 3408 892 τις
3444 831 3509 883 ὲκ
3541 829 3632 902 ῥό-

2044 919 2168 973 δων.
2210 917 2396 973 llabeo
2424 919 2533 972 alia
2570 929 2850 978 sexcenta.
2887 935 3010 989 qua:
3044 920 3146 974 hac
3191 923 3308 976 vice
3354 923 3633 977 condona-

2047 1013 2219 1068 bitur.
2241 1010 2446 1066 Verum
2473 1011 2658 1067 hercle
2682 1012 2728 1068 si
2755 1028 2996 1080 unquam
3025 1029 3159 1067 usus
3187 1013 3376 1078 fuerit,
3406 1025 3462 1069 ut
3489 1031 3632 1070 nova

2049 1101 2310 1171 llesychii
2353 1099 2524 1156 editio
2586 1112 2949 1172 procuretur;
2999 1102 3114 1170 qui.
3149 1111 3209 1156 ut
3240 1102 3295 1157 in
3348 1105 3632 1173 pudendos
3674 1111 3682 1116 ’

2045 1209 2271 1249 errores
2317 1192 2516 1248 crebro
2566 1190 2850 1266 inciderit,
2893 1193 3226 1248 utilissimus
3267 1194 3631 1252 nihilominus

2045 1296 2100 1340 et
2157 1301 2294 1354 pene
2333 1285 2681 1341 necessarius
2733 1293 2821 1339 est
2868 1284 3147 1349 enmibus,
3181 1285 3274 1356 qui
3326 1288 3395 1342 ad
3445 1305 3630 1343 veram

2048 1378 2419 1434 eruditionem
2443 1377 2588 1430 viam
2621 1375 2882 1432 affectant
2907 1395 2921 1430 :

2157 1469 2225 1524 Id
2257 1470 2355 1524 tibi
2382 1468 2447 1524 de
2470 1468 2632 1538 plano
2655 1483 2870 1538 possum
2899 1471 3230 1535 promittere,
3260 1469 3424 1535 Milli,

2047 1559 2295 1630 quinque
2330 1559 2453 1628 plus
2489 1559 2672 1614 minus
2705 1559 2880 1612 millia
2928 1558 3256 1613 meudorum
3322 1577 3407 1615 me
3445 1577 3633 1616 corre-

2047 1661 2272 1706 cturum
2305 1667 2448 1716 esse,
2479 1651 2524 1706 si
2552 1649 2806 1717 libuerit;
2841 1665 2966 1720 quae
3007 1651 3241 1704 aliorum
3273 1653 3331 1705 εὐ
3345 1654 3560 1724 στοχίαν
3583 1667 3638 1710 et

2052 1744 2381 1800 laboriosam
2449 1741 2788 1813 diligentiam
2841 1743 3112 1798 hactenus
3166 1743 3478 1798 eluserunt.
3543 1744 3633 1810 Ut,

2049 1839 2180 1894 illuc
2209 1839 2354 1894 unde
2381 1837 2512 1903 abii,
2539 1819 2808 1892 redeam‘:
2841 1834 3044 1892 multos
3081 1837 3286 1908 ubique
3308 1835 3635 1894 Lexicorum

2049 1931 2200 1987 locos
2248 1929 2765 1986 contaminavernnt
2797 1929 3172 1984 correctiones
3199 1929 3381 1985 ill-.cin
3417 1930 3532 2005 [40]
3571 1933 3638 1986 li-

2049 2022 2282 2076 brorum
2309 2019 2652 2091 marginibus
2692 2035 2704 2072 :
2731 2017 2878 2089 quod
2898 2033 2963 2074 ex
2997 2019 3094 2072 illo
3119 2027 3367 2090 tempore
3382 2036 3492 2090 quo
3516 2036 3638 2076 ver-

2050 2115 2178 2169 bum
2211 2113 2538 2168 mendosum
2573 2126 2700 2166 eum
2737 2111 2915 2164 altero
2942 2109 3177 2181 jnnctim
3210 2111 3638 2168 continuaretur

2048 2206 2102 2261 in
2135 2221 2320 2272 versu,
2348 2219 2458 2259 non
2496 2203 2572 2257 uti
2621 2201 2826 2257 factum
2849 2201 3114 2271 oportuit,
3139 2202 3301 2257 litura
3330 2204 3634 2260 tolleretur.

2051 2295 2414 2352 Luculentum
2439 2294 2605 2364 hujus
2629 2294 2708 2348 rei
2737 2293 3046 2364 exemplum
3069 2302 3251 2348 exstat
3275 2295 3414 2364 apud
3431 2293 3635 2351 Julium

2049 2389 2333 2444 Pollucem
2364 2387 2458 2442 lib.
2487 2401 2586 2449 vn,
2619 2399 2742 2455 cap.
2762 2385 2855 2448 '55,
2886 2385 2979 2440 ubi
3010 2385 3154 2440 inter
3199 2388 3350 2440 varia
3409 2389 3636 2442 nomina

2046 2479 2296 2549 iactuum
2323 2477 2376 2530 in
2405 2475 2534 2530 ludo
2569 2475 2768 2528 talario
2801 2473 3160 2528 nominantur
3189 2476 3350 2546 ἄρτια
3380 2483 3433 2532 et
3460 2478 3639 2549 ἁρμα-

2046 2569 2184 2636 τίαι,
2244 2567 2558 2637 ἀντίτευχος
2611 2573 2666 2622 et
2721 2565 3037 2631 ἀντίτυπος,
3085 2567 3361 2636 ὲπιςρένων
3394 2577 3448 2622 et
3511 2571 3635 2623 ἐπι-

2053 2663 2258 2735 φέρων.
2302 2659 2408 2716 Sed
2449 2676 2515 2716 ex
2559 2659 2712 2716 hisee
2743 2659 2888 2715 binis
2912 2660 3133 2713 nonnisi
3156 2659 3373 2730 singula
3405 2676 3638 2731 qua-quc

2051 2769 2082 2810 a
2118 2753 2340 2809 Polluce
2399 2750 2645 2822 profecta
2677 2759 2830 2818 sunt,
2857 2758 3056 2805 cetera
3084 2766 3194 2820 qua
3227 2751 3338 2804 dixi
3376 2752 3462 2805 via
3499 2753 3637 2806 insi—

2053 2825 2380 2902 nuarunt'se
2409 2844 2464 2897 in
2509 2843 2840 2897 orationem.
2891 2841 2990 2896 Cui
3059 2841 3281 2910 quidem
3349 2843 3638 2896 sentcntiae

2051 2954 2160 2994 non
2187 2937 2393 2992 invitus
2431 2935 2674 2997 accedet,
2715 2932 2807 3002 qui
2839 2930 2952 3002 jam
2991 2933 3228 3002 primum
3253 2947 3388 2988 ante
3424 2934 3636 2990 didice-

2053 3035 2126 3088 rit
2163 3033 2432 3087 iambicos
2464 3046 2588 3086 essc
2621 3031 2903 3084 trimetros
2937 3044 3001 3084 ex
3029 3028 3231 3083 Eubuli
3272 3029 3457 3083 fabula
3479 3027 3638 3082 Alca-

2055 3126 2288 3180 torihus.
2343 3121 2525 3176 Locus
2591 3120 2694 3175 hoc
2758 3119 3015 3190 exemplo
3043 3119 3469 3175 constituendus
3525 3132 3634 3176 est.

2061 3220 2120 3272 '0
2141 3221 2324 3290 μέντοι
2385 3222 2563 3285 Μίδας
2611 3222 2706 3276 καὶ
2769 3220 2878 3274 τῶν
2936 3221 3119 3292 μέσων
3175 3219 3346 3290 βόλων
3384 3214 3475 3290 ἦν.
3526 3221 3638 3274 Καὶ

2050 3311 2200 3366 ἄλλοι
2215 3312 2270 3366 δὲ
2303 3312 2486 3368 πολλοί
2531 3315 2689 3382 εἰσιν,
2716 3312 2809 3378 οὓς
2844 3312 3103 3384 ὀνομάζει
3136 3311 3406 3378 Εὗόουλος
3439 3315 3497 3368 ὲν
3527 3317 3638 3379 τοῖς

2051 3402 2360 3470 Κυϐευταῖς
2382 3421 2396 3436 ο
2851 3391 2860 3398 ’

2051 3521 2408 3590 Κεντρωτὸς,
2435 3521 2612 3590 (spec,
2637 3519 2770 3590 ἄρμ’
2799 3518 3184 3590 ὑπερϐάλλον
3208 3518 3390 3586 πόδας
3405 3559 3422 3584 ,

2051 3589 2349 3656 Κήρυνος,
2371 3589 2690 3659 εὐδαίμων.
2716 3589 3014 3656 κυνῶέος,
3037 3589 3226 3658 ἄρτια,

2053 3659 2354 3726 Λάκωνες,
2387 3660 2760 3730 ἀντίτευχος,
2789 3660 3044 3730 apri-ioc,
3073 3663 3334 3727 δάκνων,

2057 3729 2422 3800 Τιμόκριτος,
2457 3729 2778 3794 ἐλλείπων,
2807 3729 3134 3800 maxum,
3166 3733 3458 3800 ἐπίθετος,

2053 3797 2376 3869 Σξὸὰλλων,
2437 3801 2722 3871 ἀγύρτης,
2769 3797 3034 3870 οἶστρος,
3064 3797 3496 3891 manciparent-3
3537 3804 3640 3858 δο-

3427 3892 3508 3928 ῑευ

2054 3940 2338 4012 Λάμπων,
2391 3944 2729 4010 κύκλωπες,
2787 3943 3108 4013 ἐπιφέρων,
3158 3874 3635 4016 σόλωνμιξὲιςῶν.

2055 4053 2260 4109 llorum
2297 4064 2481 4112 autem
2513 4071 2775 4112 versuum
2804 4057 3149 4128 ignoratione
3179 4065 3292 4113 tota
3316 4059 3398 4112 via
3429 4061 3639 4114 erravit

2052 4149 2293 4206 Joannes
2323 4149 2619 4217 Meursius,
2654 4151 2749 4222 qui
2777 4167 2874 4206 eos
2905 4165 3098 4207 omnes
3127 4151 3476 4220 interiectus
3522 4167 3638 4206 me-

2055 4245 2178 4300 dios
2230 4251 2500 4298 recenset.
2554 4243 2763 4314 Nempe
2829 4259 2937 4298 non
2990 4241 3189 4296 Eubuli
3239 4258 3364 4299 esse
3420 4245 3583 4298 verba
3617 4287 3630 4308 ,

2055 4336 2148 4392 sed
2181 4333 2420 4389 Pollucis
2467 4351 2480 4388 :
2532 4341 2586 4388 et
2647 4333 2778 4404 quia
2843 4331 3016 4386 Midas
3076 4341 3222 4387 esset
3283 4333 3392 4386 τῶν
3453 4333 3638 4402 μέσων

2059 4425 2248 4496 βόλων,
2277 4425 2463 4480 itidem
2497 4435 2553 4479 et
2582 4435 2877 4494 sequentes
2903 4438 3028 4479 esse
3056 4424 3360 4479 aubitratus
3387 4434 3491 4478 est.
3529 4423 3637 4480 Sui

345 4513 508 4585 poni,
549 4514 892 4582 ascripserat
935 4511 992 4566 in
1034 4512 1282 4581 margine
1307 4527 1337 4568 e
1362 4512 1586 4584 regione
1615 4504 1744 4578 loci,
1773 4511 1943 4566 Ἀντι-

2055 4533 2246 4589 parum
2287 4527 2372 4574 est
2402 4517 2783 4583 dubitationis,
2815 4517 2950 4586 quin
2999 4516 3128 4571 boni
3185 4515 3390 4570 fuerint
3440 4518 3637 4572 Εὐδαί-

346 4607 638 4678 στρόφως,
671 4620 866 4674 nempe
898 4605 1006 4659 vice
1050 4619 1202 4659 versa
1235 4604 1340 4675 legi
1387 4594 1646 4674 oportere
1689 4603 1943 4668 Κάλυκα,

341 4694 618 4764 κάλυψιν.
668 4691 866 4750 Postea
917 4694 1051 4749 illud
1099 4695 1478 4766 ἀντιστρόφως
1517 4711 1616 4766 per
1665 4695 1944 4750 inscitiam

343 4787 718 4843 librariorum
775 4786 1083 4841 insinuavit
1118 4802 1178 4843 se
1219 4786 1274 4841 in
1325 4803 1569 4842 versum.
1597 4785 1736 4855 Quis
1777 4787 1946 4857 hujus

341 4879 424 4935 rei
462 4889 602 4936 ante
657 4894 759 4934 nos
813 4879 1190 4948 suspicionem
1228 4879 1463 4934 habuit?
1503 4877 1648 4946 Quin
1702 4891 1756 4934 et
1810 4881 1948 4936 alibi

341 4981 476 5044 post
513 4984 709 5024 vocem
741 4970 1204 5042 Προσόἀλ).οιντο,
1233 4986 1358 5040 quae
1386 4978 1439 5025 et
1463 4971 1581 5040 ipsa
1619 4972 1810 5028 vitiosa
1839 4981 1945 5035 est,

338 5069 465 5124 haec
519 5068 724 5137 leges:
781 5065 1124 5138 Προσελθὼν.
1175 5067 1504 5138 προσϐαλὼν
1557 5067 1617 5132 ἐξ
1656 5068 1946 5140 ama-.96-

337 5175 486 5228 φως.
553 5156 681 5210 Dele
739 5157 840 5210 hoc
895 5156 1302 5222 novissimum,
1345 5157 1490 5228 quod
1555 5157 1814 5211 nimirum
1877 5157 1948 5212 ab

335 5250 718 5306 euuendatore
762 5258 870 5314 est,
919 5249 1012 5328 qui
1069 5258 1430 5306 annotaverat
1474 5250 1764 5322 legendum
1819 5265 1946 5306 esse

336 5359 367 5396 e
397 5357 662 5396 converso
691 5340 1024 5413 Προσὸαλὼν
1059 5341 1394 5412 προσελθών.
1430 5342 1552 5410 Quo
1587 5343 1721 5398 nihil
1743 5345 1946 5424 .verius

335 5435 454 5490 dici
518 5435 774 5506 potuisse
820 5449 1020 5490 censeo
1059 5453 1074 5489 :
1129 5437 1224 5491 sed
1277 5435 1330 5490 in
1374 5437 1575 5500 altero,
1619 5437 1945 5508 quicunque

336 5525 475 5588 fuit,
516 5522 842 5594 longissime
879 5538 908 5576 a
947 5539 1079 5580 vero
1109 5525 1308 5580 abluit.
1361 5523 1780 5598 Proiecto'plus
1825 5536 1942 5582 toto

333 5615 492 5668 cwlo
559 5613 771 5668 distant
823 5612 1014 5679 Κάλυξ
1067 5623 1122 5670 et
1180 5615 1446 5686 Κάλυψις.
1501 5617 1616 5688 Ego
1660 5633 1792 5672 vero
1839 5633 1938 5686 pro

331 5707 642 5773 explorato
671 5719 901 5776 prorsus
935 5707 1109 5762 hach
1142 5707 1221 5762 sic
1264 5711 1530 5778 scriptum
1571 5724 1697 5764 esse
1728 5709 1800 5765 ab
1830 5710 1936 5766 He-

332 5794 584 5861 sychia;
621 5794 884 5859 Κάλυζιν,
932 5795 1174 5850 κάλυκα·
1230 5813 1426 5866 nempe
1473 5799 1766 5870 tlcprarate
1815 5802 1934 5859 loco

677 5885 955 5946 Parnm.
1003 5889 1117 5948 Gn.
1169 5888 1394 5951 XCl'll.

2056 4626 2172 4682 μων
2205 4617 2260 4666 et
2284 4609 2414 4680 ἃρμ’
2449 4607 2786 4680 ὑπερϐάλλον
2817 4609 3005 4674 πόδας,
3052 4608 3143 4680 qui
3196 4607 3458 4662 nimirum
3512 4612 3639 4665 aliis

2045 4703 2290 4773 jactibus
2348 4710 2502 4757 tanto
2567 4703 2822 4767 anteiret,
2876 4713 3088 4773 quanto
3121 4701 3216 4774 qui
3249 4703 3485 4772 pedibus
3534 4705 3642 4759 iter

2050 4795 2284 4861 laceret,
2312 4809 2342 4848 a
2369 4810 2534 4848 curru
2555 4795 2906 4863 vinceretur;
2932 4793 3118 4861 πεζὸς,
3143 4806 3202 4849 ιιι
3234 4796 3412 4861 aiunt,
3437 4796 3639 4850 ὁδειζωει

2053 4887 2204 4958 παρὰ
2247 4884 2438 4940 Λύδιον
2498 4884 2672 4958 ἅρμα.
2722 4887 2944 4941 Δάκνων
2999 4899 3178 4943 autem
3215 4896 3271 4944 et
3303 4889 3558 4958 σφάλλων
3585 4899 3640 4946 et

2052 4979 2320 5032 ἐκλείπων
2350 4979 2550 5034 merito
2597 4981 2796 5050 Opinor
2825 4995 2926 5036 suo
2966 4996 3069 5051 pro
3092 4980 3411 5039 infelicibus
3445 4983 3634 5040 haberi

2052 5080 2307 5142 possunt.
2359 5070 2468 5128 Sed
2496 5071 2564 5128 ad
2603 5073 3033 5129 Antiochensem
3084 5075 3248 5134 redeo
3283 5093 3298 5131 :
3337 5092 3462 5131 nam
3511 5059 3652 5134 sero.

2051 5166 2198 5220 sensi
2226 5165 2385 5235 longe
2422 5166 2692 5236 longeque
2717 5149 3028 5223 declinasse
3059 5184 3197 5224 mea
3229 5171 3540 5240 proposito,

2123 5255 2348 5328 Singula
2375 5257 2502 5311 dum
2536 5258 2678 5326 capti
2709 5258 3184 5314 circumvectamur
3207 5278 3410 5318 amore.
3575 5311 3580 5328 ,

2125 5348 2256 5420 Pag.
2311 5351 2415 5406 172
2465 5349 2665 5414 Καθὼς
2715 5353 2743 5405 6
2783 5349 3094 5422 σοφώτατος
3159 5353 3463 5426 Εὐριπίδης
3519 5355 3636 5421 ἑ.ξέ-

2049 5441 2172 5496 Θετο
2227 5441 2418 5514 δρᾶμα,
2474 5445 2808 5512 ποιητικῶς,
2867 5437 2943 5498 ὧν
3011 5446 3179 5518 μέρος
3261 5447 3444 5516 ὀλίγον
3516 5449 3635 5502 ἐστὶ

2047 5533 2240 5589 ταῦτα.
2277 5533 2447 5590 Multa
2476 5535 2697 5600 quidem
2739 5537 3096 5607 trauscripsit
3139 5537 3360 5591 Malalas
3385 5552 3448 5592 ex
3481 5533 3632 5603 Iphi-

2045 5623 2201 5694 genia
2227 5625 2284 5680 in
2311 5623 2543 5690 Tauris;
2595 5641 2714 5696 quae
2741 5643 2805 5682 ex
2844 5643 2948 5688 usu
3005 5629 3170 5684 fuerit
3200 5627 3265 5682 ad
3335 5627 3630 5698 Euripiden

2044 5715 2282 5786 exigere,
2315 5731 2423 5786 quo
2456 5717 2522 5772 ale
2551 5718 2674 5787 ejus
2702 5718 2952 5774 doctrina
2976 5732 3022 5775 et
3053 5720 3156 5774 [ille
3184 5735 3589 5792 cognoscamus
3613 5740 3628 5780 :

2043 5805 2086 5858 si
2120 5804 2246 5874 quis
2279 5804 2397 5878 [ιι]
2432 5805 2522 5861 ilia
2565 5817 2674 5862 tam
2720 5807 2856 5862 dura
2915 5809 3130 5873 haheat,
3161 5817 3218 5862 ut
3273 5827 3391 5864 eam
3453 5811 3630 5868 mult-

3215 5900 3290 5965 24
