3966 6446
376 350 501 421 ’Ἶ47

1288 350 1389 414 DE
1427 354 1750 418 JOANNIS
1782 360 2103 423 MALALIE
2136 364 2789 427 CHRONOGBAI‘HIA

3567 380 3597 440 7
3608 378 3674 442 .18

396 460 560 518 etiam
600 458 866 516 devorare
908 457 1101 529 possit.
1131 455 1264 512 Mihi
1304 460 1449 515 enim
1478 501 1492 527 ,
1529 463 1622 533 qui
1656 463 1766 533 jatu
1802 465 1946 520 lentu

2029 477 2051 533 ι
2086 470 2385 552 "Ilisos-Uir
2415 474 2502 552 εἰς
2534 472 2971 552 γῆνηρςυανέαν
2996 480 3461 552 συμπληγάδων

394 562 451 609 et
481 552 799 609 fastidiosus
849 564 971 606 esse
1017 549 1185 621 coepi,
1249 549 1407 606 dabis
1458 556 1671 607 veniam
1705 571 1719 621 ;
1753 558 1797 609 si
1818 558 1976 626 plura

394 643 650 714 rejiciens
700 649 754 697 et
803 654 1134 712 aspernans,
1172 643 1611 714 unumquidquid
1679 647 1821 716 quod
1872 649 1976 703 erit

390 734 752 792 bellissimum
777 748 1056 804 carpsero.
1085 733 1246 789 Velut
1279 735 1410 789 illud
1440 751 1493 805 p.
1529 737 1654 799 ΗΞ,
1694 741 1747 792 in
1778 755 1973 793 oracu-

390 830 442 882 lo
473 845 487 883 :
519 828 582 880 Εἰ
620 825 695 896 μὴ
714 826 963 897 περάσας
986 825 1186 879 Πόντου
1210 825 1434 895 κύματα
1460 828 1698 897 Σκυθίης
1732 847 1789 882 τε
1809 833 1971 897 γαῖαν

388 919 738 983 καταλάϐοις,
778 918 1005 991 Αὐλίδος
1037 935 1097 971 τε
1126 916 1346 989 χώραν;
1372 928 1425 973 et
1467 920 1588 974 175.
1624 922 1970 991 κατέφθασεν

386 1013 478 1067 ἐπὶ
498 1013 599 1083 τὴν
621 1010 824 1065 Αὐλίδα
853 984 1038 1081 χῶραν
1184 984 1440 1075 έκυθίας.
1465 1009 1605 1066 Male
1635 984 1860 1068 vero'Sit
1883 1028 1971 1067 τοι

388 1108 469 1162 bis
486 1112 754 1176 quantum
773 1111 858 1157 est
877 1104 1339 1173 geographorum.
1363 1104 1512 1173 Rogo
1533 1119 1653 1168 vos,
1668 1120 1735 1158 an
1755 1103 1969 1176 Scythi-

382 1217 501 1255 cam
545 1200 693 1253 illam
723 1197 976 1252 Aulidem
1007 1197 1228 1262 silentio
1255 1198 1677 1268 praetermissam
1695 1198 1966 1268 oportuit?

380 1292 553 1363 quid?
582 1306 649 1345 an
678 1290 822 1347 ultra
844 1287 1266 1343 Cimmeriorum
1290 1288 1679 1344 lineslatitabit
1709 1291 1833 1364 ἀέρι
1867 1292 1963 1344 καὶ

380 1382 577 1453 νεφέλῃ
601 1377 1019 1449 κεκαλυμμένη,
1047 1376 1186 1430 adeo
1220 1386 1279 1429 ut
1309 1392 1471 1432 nemo
1509 1387 1753 1434 vestrum
1785 1394 1960 1448 usque

377 1490 443 1529 eo
469 1470 712 1542 potuerit
743 1467 922 1522 oculis
950 1465 1324 1521 contendere?
1359 1465 1507 1536 Euge
1537 1482 1686 1532 vero,
1716 1461 1959 1521 ὦΊωαν-

377 1564 542 1619 νίδιον
562 1580 576 1593 ·
613 1561 864 1633 proiecto
894 1565 1058 1627 aptus
1095 1565 1258 1612 natus
1286 1573 1346 1612 es
1369 1559 1435 1613 ad
1461 1560 1647 1615 omnia
1691 1562 1874 1617 abdita
1904 1571 1958 1617 ct

379 1665 592 1711 retrusa
642 1648 1067 1718 contemplanda
1100 1667 1113 1702 :
1142 1656 1255 1703 tam
1307 1650 1423 1705 acri
1449 1667 1507 1706 es
1536 1652 1653 1708 acie
1674 1662 1726 1707 et
1755 1656 1953 1709 tuentis

373 1758 425 1802 et
450 1746 761 1800 oculorum.

482 1834 587 1890 Sed
622 1842 798 1886 tamen
838 1844 1018 1886 amoto
1049 1848 1353 1903 quaeramus
1372 1834 1510 1887 seria
1544 1834 1689 1889 ludo.

370 1928 657 1984 Geminam
711 1926 1047 1996 Iphigeniam
1086 1926 1251 1980 etiam
1302 1928 1454 1997 pueri
1501 1929 1684 1983 sciunt
1739 1924 1950 2002 Euripi-

367 2023 488 2075 dem
523 2018 810 2081 docuisse,
838 2016 937 2088 τὴν
983 2018 1042 2070 ἐν
1086 2015 1321 2087 Ταύροις
1375 2026 1427 2072 et
1479 2019 1577 2089 τὴν
1628 2020 1684 2073 ἐν
1740 2020 1947 2075 Αὐλίδι.

363 2112 629 2175 Joannes,
662 2125 787 2164 cum
825 2108 1037 2165 Tauros
1070 2124 1194 2165 esse
1232 2106 1467 2181 Scythas
1494 2111 1561 2165 ab
1595 2112 1777 2183 aliqua
1807 2115 1950 2168 didi-

363 2206 556 2268 cisset,
587 2203 750 2258 etiam
789 2201 1079 2266 Aulidem,
1111 2216 1233 2271 quze
1285 2201 1505 2257 Boeotiae
1555 2206 1815 2275 Oppidum
1840 2218 1944 2271 cst,

328 2324 331 2327 λ
363 2297 640 2368 regionem
672 2294 739 2347 iis
777 2293 1063 2349 ﬁnitimam
1095 2310 1218 2349 esse
1254 2295 1553 2350 arbitratus
1583 2308 1688 2353 est.
1720 2297 1779 2352 P.
1806 2300 1943 2354 Πῦτ

361 2387 599 2452 Τούτους
625 2386 682 2440 δὲ
721 2384 1029 2456 ἑωρακότες
1077 2384 1329 2455 βουκόλοι
1390 2385 1626 2458 ἔδραμον
1682 2390 1818 2460 πρὸς
1844 2391 1946 2463 τὴν

372 2477 696 2548 Ἰφιγένειαν
743 2475 994 2540 λέγοντες
1022 2474 1191 2545 αὐτῇσ
1219 2474 1630 2545 ’Δγαμέμνονος
1661 2479 1755 2530 καὶ
1796 2478 1945 2532 Κλυ-

356 2569 735 2641 ταιμνήστρας
784 2566 965 2637 Κόρη,
1003 2566 1173 2637 ﬁxam.
1204 2565 1298 2619 δύο
1326 2567 1603 2641 νεανίσκοι
1658 2570 1809 2642 παρὰ
1844 2571 1943 2643 τὴν

357 2660 596 2715 κυανέαν
614 2677 629 2691 ο
661 2673 781 2729 qua:
803 2674 872 2713 ex
903 2658 987 2711 his
1012 2656 1320 2728 Euripideis
1341 2673 1600 2728 expressa
1643 2670 1798 2716 sunt.

357 2754 520 2806 Βουκ.
570 2751 1003 2822 Ἀγαμέμνονος
1047 2746 1190 2814 παῖ,
1248 2749 1346 2803 καὶ
1402 2752 1940 2895 Κλυταιμῖήςγτρας

1692 2842 1862 2892 mea.

1692 2842 1862 2888 "(ip'rlr

574 2895 797 2949 ’Ἄκουε
828 2892 1051 2947 καινῶν
1076 2889 1144 2954 ἐξ
1170 2889 1316 2959 ἐμοῦ
1350 2842 1839 2961 κηρυγμάτὲικγῖίρη

364 2964 486 3035 Ἰφ’.
579 2964 644 3020 Τί
673 2963 725 3017 δ’
765 2963 899 3045 ἐστι
951 2962 1058 3016 τοῦ
1104 2962 1404 3030 παρόντος
1435 2962 1804 3105 ἐκειλῆσὲἓῖ
1826 2965 1937 3062 sid-

351 3104 513 3161 Βουκ.
566 3103 865 3158 ἽΙκουσιν
914 3105 997 3168 εἷς
1052 3074 1171 3169 γῆν
1246 3098 1524 3157 κυανεᾶν
1575 3074 1935 3175 aviditati-d-

2083 542 2318 609 Πέτραν
2342 546 2640 611 φυγόντες
2675 543 2955 613 δίπτυχοι
2988 542 3242 606 νεάνιαι.

2084 632 2230 688 velut
2266 642 2451 703 postea
2480 636 2744 706 loquitur,
2773 637 2944 707 Κάγὼ
2970 657 3030 693 σε
3062 640 3225 696 σώσω
3287 645 3525 711 κυανέας
3558 645 3668 712 ἔξω

2068 725 2306 797 πέτρας.
2336 728 2625 798 Eleganter
2651 736 2834 783 autem
2877 732 3112 786 κυανέαν
3144 736 3355 809 πέτραν
3413 741 3668 813 συμπλη-

2080 816 2281 884 γάδων,
2308 826 2366 872 ιιι
2403 818 2541 872 nihil
2577 833 2764 889 supra.
2811 819 2902 875 Sic
2938 821 3230 893 Virgilius:

2078 907 2274 975 Quales
2308 908 2553 965 Threicia
2577 926 2695 965 cum
2732 913 2960 981 [lumina
2995 915 3423 978 Thermodontis.

2075 1008 2129 1055 et
2152 1000 2477 1060 Lucretius:

2074 1091 2453 1150 Pulverulenta
2476 1095 2653 1165 Ceres,
2679 1110 2727 1155 et
2754 1100 2933 1156 Etesia
2953 1100 3130 1169 ﬂabra
3158 1101 3502 1171 Aquilonum.

2073 1194 2127 1238 et
2153 1187 2350 1241 iterum
2394 1206 2407 1242 :

2081 1274 2149 1331 Ut
2194 1277 2523 1351 Babylonica
2559 1282 2869 1339 Cltttlda'um
2897 1284 3146 1341 doctrina
3176 1285 3420 1355 refutans

2067 1378 2121 1424 et
2157 1374 2376 1427 tertium
2414 1393 2428 1430 :

2069 1464 2355 1535 [inpellant
2393 1479 2451 1523 ut
2482 1486 2599 1524 eam
2626 1466 2902 1541 Magnesia
2938 1471 3162 1541 ﬂamina
3201 1473 3343 1525 saxi.

2069 1561 2163 1614 Sic
2195 1562 2408 1632 legendi
2465 1574 2592 1619 sunt
2624 1565 2733 1621 duo
2773 1564 2879 1619 loci
2913 1565 3233 1629 novissimi;
3265 1564 3500 1622 inlibris
3534 1567 3649 1621 vul-

2061 1652 2203 1723 gatis
2230 1654 2411 1709 minus
2438 1657 2715 1711 emendati
2771 1660 3048 1712 feruntur.
3088 1656 3147 1712 P.
3183 1651 3310 1723 176,
3348 1656 3454 1712 Τοῦ
3491 1663 3651 1717 Πελο-

2062 1741 2218 1795 πείου
2269 1743 2462 1812 γένους
2527 1749 2841 1819 σήμαντρον
2897 1747 3011 1819 ἔχει
3034 1789 3048 1813 ,
3086 1748 3274 1803 ἐλαίαν
3301 1752 3359 1805 ὲν
3384 1751 3461 1824 τῷ
3488 1752 3643 1826 ὤμῳ.

1981 1839 2026 1893 Β
2055 1831 2174 1887 Jam
2217 1833 2319 1890 hoc
2365 1853 2465 1907 pro
2517 1840 2803 1909 explorato
2848 1840 3044 1905 habeo,
3111 1842 3300 1897 ἐλαίαν
3328 1844 3397 1900 ab
3422 1849 3519 1901 hac
3556 1864 3646 1918 pe-

2054 1927 2195 1981 cude
2258 1931 2493 1998 positam
2559 1949 2684 1989 esse
2715 1949 2815 2005 pro
2840 1934 3128 2004 ἐλέφαντα.
3167 1937 3267 1991 Cui
3299 1942 3445 1994 enim
3481 1941 3643 1999 fando

2051 2019 2298 2073 auditum
2322 2030 2423 2085 est,
2462 2024 2772 2095 oleaginum
2798 2025 3086 2080 humerum
3114 2026 3287 2083 fuisse
3309 2029 3536 2103 Pelopi?

2051 2125 2155 2204 qui
2185 2147 2288 2204 non
2330 2131 2505 2187 dictus
2537 2132 2711 2204 Hylas
2740 2152 2871 2204 puer
2897 2148 2943 2191 et
2980 2137 3211 2192 Latonia
3247 2139 3407 2197 Delos

2052 2199 2487 2273 Hippodameque
2513 2199 2833 2276 humeroque
2872 2207 3056 2276 Pelops
3087 2211 3310 2279 insignis
3375 2215 3616 2274 eburno!

2168 2291 2460 2367 Ἐπεί-νιν
2486 2298 2753 2367 καθαροῦ
2788 2299 3043 2367 λέϐητος
3070 2301 3247 2365 ἔξελε

2150 2362 2370 2440 {saltum};
2407 2362 2695 2440 Negavit
2723 2362 3009 2440 φαίδιμον

2151 2428 2346 2501 Ὠμον
2374 2428 2770 2506 κεκᾰδμέηῶ.

2044 2519 2165 2575 Alia
2191 2524 2361 2577 multa
2387 2523 2502 2598 [45]
2523 2536 2653 2582 sunt
2671 2528 2813 2599 apud
2843 2529 3095 2588 Malalam
3121 2552 3191 2592 ex
3211 2540 3403 2595 eadem
3447 2541 3635 2600 fabula

2044 2614 2278 2680 tralata,
2337 2632 2459 2684 quae
2510 2620 2679 2673 missa
2712 2621 2876 2676 facio.
2936 2624 3049 2678 Cur
3096 2631 3240 2683 enim
3282 2648 3368 2685 me
3421 2638 3633 2690 manci-

2044 2705 2193 2775 pium
2258 2706 2461 2762 faciam
2531 2713 3019 2783 παραφρονοῦντος
3047 2719 3352 2777 δεσπότουῖ
3401 2716 3629 2796 Maioris

2053 2792 2221 2848 fuerit
2261 2804 2315 2850 et
2350 2797 2647 2868 voluptatis
2702 2810 2756 2856 et
2814 2804 3028 2861 fructus
3081 2824 3440 2881 cognoscere,
3488 2792 3624 2886 qua:

2043 2900 2283 2940 summus
2314 2898 2468 2955 poeta
2510 2892 2716 2947 Ennius
2742 2893 2809 2947 de
2841 2896 3022 2963 priore
3055 2898 3335 2972 Iphigenia
3391 2923 3626 2966 conver-

2039 2975 2124 3030 tit.
2185 2975 2367 3034 Julius
2437 2982 2768 3041 llulinianus
2791 2986 2859 3041 de
2885 2989 3076 3059 liguris
3138 3000 3534 3055 sententiarum
3568 3010 3622 3059 et

2037 3069 2372 3127 elocutionis
2412 3092 2425 3128 :
2461 3074 2835 3145 Aganactesis,
2895 3081 3218 3155 indignatio,
3257 3107 3377 3160 quae
3404 3095 3465 3163 ﬁt
3506 3114 3622 3150 ma-

1711 3163 1861 3245 [δαίθ-
1959 3183 2003 3242 ο
2035 3163 2175 3217 xime
2195 3167 2648 3233 pronuntiatione.
2680 3169 2885 3226 Ennius
2919 3174 2973 3227 in
2998 3173 3277 3249 Iphigenia
3299 3201 3317 3239 .-
3341 3184 3620 3244 Meneta“;

489 3242 700 3311 Πλάτῃ
723 3241 1023 3313 φυγόντες
1051 3237 1335 3308 δίπτυχοι
1362 3241 1617 3296 νεανίαι.

349 3335 515 3392 Vides
564 3334 992 3390 Antioclicnsem
1022 3331 1171 3386 hunc
1206 3332 1279 3387 ita
1331 3332 1714 3407 ἐπαριστέρως
1769 3350 1931 3392 acce-

343 3427 494 3493 pisse
540 3426 868 3481 sententiam
929 3422 1254 3493 Euripidis;
1300 3432 1561 3495 tanquam
1598 3426 1645 3481 si
1694 3429 1774 3491 εἰς
1826 3429 1930 3500 γῆν

341 3517 596 3573 Κυανέαν
651 3517 994 3587 conjunctim
1054 3518 1306 3576 dixisset.
1342 3520 1452 3576 Vos
1478 3521 1674 3578 iterum
1712 3525 1928 3595 appello

340 3609 410 3664 de
440 3616 587 3663 terra
630 3608 735 3663 hac
809 3608 1029 3680 Cyanea
1056 3625 1071 3673 ;
1102 3624 1199 3665 vos
1232 3611 1327 3681 qui
1378 3616 1723 3685 geographiae
1757 3618 1928 3686 magi-

340 3707 493 3757 stros
524 3714 622 3755 vos
650 3699 1165 3770 polliceminiﬂuid
1201 3711 1382 3759 autem
1418 3706 1767 3762 mussitatis?
1799 3724 1924 3762 nam

334 3792 608 3845 Joannem
671 3804 736 3844 ea
797 3789 917 3845 loca
976 3790 1286 3851 eonvisisse
1342 3770 1627 3853 Cedrenus
1663 3797 1920 3863 allirmat,

334 3893 565 3949 prorsus
589 3877 804 3933 οἴκοθεν
834 3882 862 3932 ὁ
900 3878 1135 3951 μάρτυς.
1168 3882 1380 3939 Damno
1413 3887 1599 3955 itaque
1628 3891 1920 3944 stultitiam

335 3985 536 4038 meam,
588 3970 681 4040 qui
718 3971 974 4025 Κυανεᾶν
1008 3988 1135 4027 cum
1191 3975 1600 4046 συμπληγάδων
1624 3996 1921 4051 compone-

332 4063 459 4118 bam
524 4062 811 4118 hactenus.
870 4066 1051 4133 Atque
1083 4065 1269 4121 hercle
1300 4083 1433 4123 vero
1472 4072 1639 4137 serio,
1685 4076 1914 4145 nequid

329 4150 704 4216 dissimulem,
763 4166 873 4205 non
904 4153 1087 4221 placet
1137 4154 1241 4210 iste
1279 4156 1434 4213 lecus
1470 4178 1484 4214 :
1529 4176 1708 4232 neque
1765 4167 1914 4220 enim

327 4243 487 4298 video
534 4242 697 4298 curii
728 4242 955 4296 bubulci
1011 4242 1131 4316 [421
1190 4261 1442 4304 sermone
1468 4250 1666 4309 Dorico
1693 4264 1914 4311 utercno

326 4345 436 4389 tur.
471 4333 637 4402 Quid,
679 4336 908 4397 malum,
937 4350 1005 4389 an
1038 4334 1254 4392 Siculos
1299 4354 1359 4394 se
1389 4356 1511 4398 esse
1538 4346 1908 4415 somniabant,

324 4444 431 4482 non
466 4425 957 4499 Tauro-Scythas?

391 4540 690 4609 Δωρίσδεν
711 4540 763 4593 δ’
787 4541 1011 4608 ἔξεστι,
1035 4541 1215 4610 δοκῶ,
1251 4545 1375 4613 τοῖς
1408 4548 1789 4616 Δωριέεσσιν.

320 4652 484 4721 Atqui
518 4655 876 4722 quantumvis
934 4663 1120 4712 essent
1177 4656 1493 4725 Dorienses,
1528 4662 1572 4716 si
1608 4662 1909 4719 πλατειάσ-

318 4743 499 4795 δοισαν
535 4758 690 4796 suam
734 4743 1006 4800 dialectou
1034 4757 1186 4802 extra
1230 4749 1458 4804 chorum
1498 4752 1905 4824 adhibuissent,

318 4849 416 4889 rus
454 4836 721 4888 continuo
755 4838 839 4891 vel
879 4839 933 4891 in
968 4838 1192 4893 ultimas
1222 4851 1402 4896 terras
1430 4845 1677 4899 mandati
1712 4860 1905 4907 essent

316 4942 423 4979 non
460 4927 578 4982 sine
609 4927 934 4983 infortunio.
978 4929 1171 4985 Sciunt
1223 4932 1273 4986 id
1323 4934 1417 5003 qui
1468 4935 1663 4991 harum
1696 4939 1902 5000 littera-

312 5033 438 5071 rum
497 5031 718 5087 gusutm
783 5022 1020 5091 aliquem
1093 5022 1318 5079 habent.
1384 5026 1538 5082 Adde
1588 5034 1895 5092 orationem

312 5104 573 5158 soloecam
630 5121 802 5172 esse;
856 5118 915 5161 ιιι
981 5109 1202 5178 quidem
1266 5129 1414 5170 nunc
1469 5118 1702 5176 habetur
1753 5128 1900 5183 :sed

312 5205 480 5262 certe,
523 5197 569 5251 si
602 5212 700 5266 pro
731 5215 868 5273 sano
902 5202 1118 5258 loeutus
1148 5211 1251 5272 est,
1284 5207 1364 5262 sic
1414 5213 1642 5284 scripsit
1685 5215 1898 5293 Euripi-

307 5291 407 5346 des
434 5309 447 5345 :

375 5405 673 5499 ’χρίουσιν
718 5411 806 5496 εἰς
870 5411 1012 5499 γῆςξ
1057 5420 1320 5487 κυανέας
1374 5430 1821 5499 οῇινμπληγάδας

373 5475 583 5546 [litim
618 5475 1230 5556 savrdrtéc‘dt'awy‘o:
1248 5475 1502 5550 rgat-xiii.

303 5595 421 5655 aut,
449 5589 494 5643 si
555 5589 686 5646 illuc
755 5593 1009 5650 Κυανέαν
1051 5601 1400 5672 antiquitatis
1440 5626 1609 5668 causa
1661 5624 1889 5677 servare

300 5680 454 5747 velis,
486 5682 928 5753 quandoquidem
963 5707 1067 5759 qua
1132 5697 1266 5750 vixit
1308 5688 1533 5759 Malalas
1563 5712 1887 5778 tempestate

292 5766 408 5839 jam
444 5771 498 5827 in
528 5772 684 5830 libris
712 5777 1144 5853 inveterarerat;
1178 5788 1228 5842 in
1264 5789 1408 5847 hunc
1433 5796 1655 5851 modum
1690 5818 1701 5853 :

2035 3270 2116 3308 me
2151 3254 2423 3327 objurgat,
2456 3258 2511 3311 id
2544 3264 2674 3318 meis
2710 3265 2864 3325 rebus
2896 3273 3127 3341 regimen
3165 3288 3353 3333 restat.
3404 3280 3619 3337 Dormi-

2033 3348 2276 3401 tavitbic
2310 3352 2390 3401 vir
2420 3365 2676 3409 summus
2709 3354 2837 3414 Ger.
2870 3360 3123 3420 Vossius.
3162 3366 3321 3435 Nam,
3358 3373 3405 3425 si
3449 3391 3614 3432 unam

2032 3436 2299 3505 syllabam
2350 3443 2655 3510 addideris,
2713 3453 3030 3511 trocltaicus
3081 3461 3185 3514 erit
3235 3467 3613 3524 catalecticus.

2032 3523 2309 3584 Menelaus
2343 3549 2423 3588 me
2459 3536 2709 3609 objurgat
2740 3560 2754 3595 :
2786 3543 2843 3596 id
2872 3548 3001 3601 meis
3048 3550 3204 3606 rebus
3278 3557 3506 3698 reti/inicit
3534 3576 3613 3615 re-

3357 3638 3544 3693 stilat,‘

3357 3638 3544 3693 stilat,‘

2029 3690 2177 3759 quod
2208 3708 2382 3764 genus
2415 3714 2609 3755 versus
2640 3706 3341 3771 commodissimeinservit
3373 3723 3437 3791 τῇ
3471 3724 3608 3789 ἀγα-

2030 3783 2296 3852 νακτήσει
2323 3801 2338 3816 ο
2370 3796 2431 3847 ιιι
2461 3790 2557 3843 diu
2609 3803 2695 3848 est
2749 3799 2891 3865 quod
2922 3799 3036 3868 ipse
3064 3805 3116 3857 in
3161 3810 3383 3879 tragicis
3404 3783 3607 3868 (Eruet-is

2024 3873 2346 3944 observari;
2379 3881 2699 3951 priusquam
2746 3888 2797 3941 id
2827 3890 2893 3943 de
2919 3894 3216 3953 scltoliasto
3251 3899 3608 3974 llermOgenis

2023 3966 2359 4024 didicissem.
2396 3971 2541 4028 Idem
2573 3974 2901 4035 Rulinianns
2932 3996 3120 4053 postea
3156 4007 3170 4044 :
3199 3991 3473 4061 Syncrisis
3501 4000 3606 4054 sive

2019 4059 2299 4116 antithesis
2334 4071 2659 4133 comparatio
2689 4088 2862 4127 rerum
2898 4087 3055 4148 atque
3075 4097 3422 4144 personarum
3471 4092 3604 4146 inter

2017 4166 2075 4205 se
2104 4157 2499 4211 contrariarum
2530 4174 2547 4212 :
2574 4175 2650 4229 ut,
2674 4181 2767 4235 ego
2792 4169 3018 4236 plector,
3043 4177 3182 4243 quod
3212 4187 3267 4231 tu
3300 4196 3487 4249 peccas
3511 4197 3602 4240 :tu

2022 4241 2312 4313 delinquis,
2331 4265 2424 4318 ego
2453 4267 2652 4322 arguor
2679 4273 2777 4325 pro
2807 4241 3111 4332 malefactis
3136 4282 3155 4319 :
3176 4241 3376 4327 llelena
3397 4278 3595 4344 redeat,

2015 4335 2164 4403 uirgo
2195 4348 2374 4405 pereat
2427 4341 2674 4401 innocens
2708 4366 2729 4403 :
2769 4360 2863 4406 tua
2900 4360 3272 4415 reconcilietur
3292 4380 3449 4434 uxor,
3482 4386 3597 4426 mea

2014 4439 2226 4481 necetur
2250 4431 2390 4499 ﬁlia.
2426 4434 2582 4493 llnnc
2637 4441 2800 4496 etiam
2856 4445 3033 4501 locum
3065 4451 3131 4503 ad
3164 4451 3325 4508 Ennii
3380 4431 3597 4531 lpbige~

1943 4522 1987 4578 ι)
2018 4519 2165 4573 niam
2204 4522 2372 4579 refert
2398 4526 2655 4585 Italorum
2687 4534 3048 4597 doctissimus
3095 4540 3471 4619 Hieronymus
3490 4519 3594 4611 δο-

2013 4608 2199 4665 lumna
2234 4615 2442 4672 :invito
2466 4626 2646 4677 tamen
2668 4631 2722 4678 et
2751 4642 3092 4698 repugnante
3136 4608 3356 4705 Vossio,
3391 4648 3589 4713 partim

2008 4702 2135 4770 quia
2169 4716 2367 4762 auctor
2401 4726 2510 4766 non
2545 4713 2820 4785 laudatur,
2880 4723 3076 4790 partim
3109 4728 3237 4796 quia
3271 4702 3588 4794 non-vincta

2006 4794 2105 4849 sed
2160 4799 2430 4866 pedestris
2469 4809 2649 4861 oratio
2671 4819 2791 4877 est;
2819 4814 2886 4866 ad
2918 4816 3065 4884 quod
3101 4821 3322 4886 mirum,
3356 4827 3452 4892 ait,
3479 4846 3584 4886 non

2003 4887 2305 4945 attendisse
2342 4892 2690 4952 Columnam.
2760 4898 2957 4957 Peccet
3004 4887 3587 4987 Columna,etpcccat

2001 4977 2244 5045 quidem,
2279 4982 2333 5035 in
2362 4986 2613 5043 versibus
2652 5006 2667 5057 ;
2700 5007 2802 5061 ego
2844 5010 2992 5062 vero,
3029 5014 3153 5054 cum
3193 5007 3363 5063 certis
3398 4977 3587 5081 .signis

2002 5067 2149 5124 hunc
2201 5070 2363 5128 Ennii
2426 5075 2595 5132 fetum
2661 5092 3019 5153 cognoscam,
3077 5107 3186 5148 non
3246 5067 3582 5161 eommitiam

1999 5169 2059 5214 ut
2110 5161 2301 5229 alium,
2360 5182 2526 5235 quam
2587 5186 2695 5240 quo
2738 5186 2899 5233 natus
2950 5189 3071 5249 est,
3131 5198 3414 5253 parentem
3473 5194 3576 5251 sibi

1996 5254 2263 5312 inveniat.
2333 5257 2539 5317 Versus
2592 5265 2741 5320 enim
2801 5282 2928 5324 sunt
2962 5270 3275 5346 Trocliaici,
3302 5300 3365 5337 cx
3391 5289 3577 5345 eadem

1996 5355 2133 5416 puto
2159 5364 2324 5404 scena
2353 5354 2525 5421 petiti,
2551 5372 2657 5425 qua
2682 5363 2937 5429 superior
2979 5374 3066 5421 est
3091 5385 3105 5420 :

2000 5436 2069 5492 Ut
2099 5457 2191 5510 ego
2224 5441 2449 5511 plectar,
2512 5449 2655 5518 quod
2695 5462 2753 5505 tu
2781 5470 3010 5523 peccas;
3046 5471 3102 5513 tu
3152 5461 3437 5535 delinquis,
3485 5488 3579 5543 ego

3282 5558 3509 5632 [arguar

1990 5625 2100 5679 Pro
2141 5626 2440 5697 malefactis
2467 5635 2493 5690 2
2521 5633 2722 5692 Helena
2748 5640 2948 5708 redeat,
2989 5646 3136 5716 virgo
3177 5625 3358 5718 pereat
3419 5660 3572 5713 inno-

3346 5766 3463 5806 cens
3481 5753 3512 5810 ἒ

1993 5807 2107 5864 Tua
2145 5816 2515 5873 reconcilietur
2547 5837 2701 5893 uxor,
2726 5843 2841 5883 mea
2872 5843 3085 5887 necetur
3107 5837 3227 5905 ﬁlia
3250 5842 3277 5895 .9
3312 5746 3329 5822 Ι
