3966 6444
253 426 353 494 749

1332 426 1701 488 EPISTOLA
1740 423 1952 483 RICII.
1996 422 2379 483 BENTLEII.

3400 423 3509 487 750

254 545 363 599 Non
416 536 669 608 amplius,
705 537 852 608 quod
901 538 1095 599 sciam,
1132 537 1432 608 Euripides
1458 555 1486 593 a
1527 539 1719 592 Malala
1741 538 1817 590 ci—

1931 532 2135 586 πελευςε
2175 535 2537 600 Πέτισςώνιος
2570 539 2597 590 ὁ
2629 538 2885 609 maeonii;
2908 536 3129 609 Φαρῖώ.
3156 538 3297 605 ριιῗιί
3328 542 3514 596 rides?

249 641 394 688 tatur
452 637 838 700 pncterquam,
879 645 929 700 p.
959 630 1029 684 53
1067 648 1081 683 :
1126 630 1181 683 ὐ
1218 630 1433 699 Ταῦρος
1463 633 1526 683 ἐκ
1549 630 1646 700 τῆς
1716 629 1820 681 Εὑ-

254 725 436 797 ρώπης
489 721 647 793 ἔσχεν
693 721 809 774 υἱὸν
835 722 927 775 τὸν
953 722 1142 786 Μίνω,
1177 724 1360 785 καθὼς
1388 725 1481 776 καὶ
1521 723 1823 794 Εὐριπίδης

247 820 279 872 ὁ
319 812 630 883 σοφώτατος
709 813 1008 881 ποιητικῶς
1065 814 1445 884 obvenit};ch
1477 830 1491 845 ·
1527 814 1604 878 ὥς
1665 831 1821 882 φησι,

252 908 381 970 Ζεὺς
424 902 789 975 μεταϐληθεὶς
835 904 916 967 εἰς
962 904 1166 975 ταῦρον
1199 904 1299 975 τὴν
1344 904 1615 977 Εὐρώπην
1638 906 1824 977 ἥρπα-

254 1016 360 1053 σεν.
388 996 519 1051 Haec
553 995 776 1066 quidem
828 995 977 1050 unde
1005 996 1277 1051 acoersita
1335 998 1465 1063 sint,
1503 1013 1611 1051 non
1673 1005 1827 1051 certo

254 1089 402 1145 scio:
436 1101 561 1140 nam
606 1085 878 1141 credibile
906 1093 992 1142 est
1020 1101 1144 1141 eum
1196 1086 1314 1159 [44]
1346 1088 1399 1142 in
1427 1103 1536 1143 non
1566 1103 1672 1143 una
1710 1098 1826 1142 tra-

254 1179 427 1249 gtedia
466 1179 597 1242 haec
623 1176 803 1231 obiter
830 1178 1116 1248 attigisse;
1151 1186 1211 1232 ιιι
1242 1180 1297 1234 in
1330 1181 1689 1236 Cretensibus
1714 1180 1828 1234 for-

252 1272 433 1333 tassis,
471 1271 565 1324 ubi
597 1269 813 1325 Chorus
844 1269 912 1323 ad
936 1269 1169 1325 Minoem
1205 1288 1220 1325 :
1257 1274 1685 1342 Φοινικογενοῦς,
1708 1277 1826 1336 παῖ,

255 1363 345 1434 τῆς
366 1362 574 1433 Τυρίας
604 1361 797 1415 τέκνον
849 1361 1122 1434 Εὐρώπης
1184 1365 1392 1418 καὶτοῦ
1424 1367 1662 1437 μεγάλου
1721 1366 1829 1437 Ζη-

255 1453 357 1516 νὸς.
390 1450 516 1506 Veri
542 1450 924 1507 tamensimile
939 1459 1024 1507 est
1063 1466 1131 1507 ex
1174 1452 1450 1524 Euripidis
1474 1455 1676 1509 Phrixo
1715 1464 1830 1509 tra-

257 1547 360 1600 lata
387 1559 528 1599 esse.
563 1543 956 1599 Eratosthenes
995 1545 1049 1599 in
1085 1548 1586 1618 Καταστερισμοῖς.
1618 1547 1831 1619 Ταῦρος

254 1634 465 1704 λέγεται
496 1637 554 1687 ὲν
613 1636 728 1711 τοῖς
776 1633 1001 1704 ἄστροις
1059 1637 1289 1706 τεθῆναι
1353 1639 1442 1692 διὰ
1463 1639 1523 1692 τὸ
1556 1636 1832 1711 Εὐρώπην

259 1729 476 1795 ἀγαγεῖν
511 1728 575 1779 ὲκ
604 1710 862 1796 Φοινίκης
903 1728 984 1791 εἰς
1042 1726 1266 1801 Κρήτην
1292 1730 1380 1785 διὰ
1415 1730 1508 1783 τοῦ
1536 1731 1831 1799 πελάγους,

259 1820 330 1882 ὡς
355 1818 650 1890 Εὐριπίδης
672 1819 729 1870 ὲν
756 1818 833 1888 τῷ
864 1819 1064 1891 Φρίξῳ.
1118 1819 1374 1877 Profecto
1424 1824 1519 1891 qui
1563 1822 1849 1893 Europaei

256 1905 595 1977 Tragtediam
639 1922 767 1965 esse
796 1910 1007 1975 volunt,
1042 1921 1268 1967 narrant
1300 1913 1458 1969 nobis
1493 1916 1826 1971 insomnium

257 2017 327 2057 ex
357 2003 588 2056 eburnea
617 2011 795 2071 porta.

333 2092 458 2162 Pag.
495 2092 610 2147 181.
642 2090 736 2147 Ἐν
769 2095 885 2157 τοῖς
936 2094 1153 2165 χρόνοις
1180 2096 1296 2161 τοῖς
1333 2097 1471 2167 μετὰ
1502 2097 1599 2169 τὴν
1629 2097 1833 2153 ἅλωσιν

270 2183 465 2253 Τροίας
505 2183 925 2253 παρ’Ἔλλησιν
990 2184 1332 2254 ἐθαυμάζετο
1394 2187 1608 2256 πρῶτος
1666 2190 1836 2260 Θέμις

266 2277 507 2346 ὀνόματι.
566 2273 778 2345 Ἐξεῦρε
812 2277 944 2346 ’γὰρ
994 2268 1153 2339 οὗτος
1204 2279 1474 2348 τραγικὰς
1533 2279 1831 2351 μελῳδίας,

272 2366 366 2418 καὶ
418 2362 626 2426 ἐξέθετο
653 2363 870 2433 πρῶτος
897 2364 1174 2437 δράματα,
1206 2370 1301 2421 καὶ
1354 2368 1492 2437 μετὰ
1552 2369 1711 2422 τοῦτο
1731 2371 1836 2423 ΜΞ-

270 2472 392 2517 νως,
446 2455 532 2507 καὶ
586 2456 723 2523 μετὰ
784 2454 977 2508 Μίνωα
1037 2456 1243 2520 Αὑλὲας
1306 2460 1604 2527 τραγικοὺς
1647 2462 1838 2530 χοροὺς

260 2542 539 2613 δραμάτων
570 2543 974 2615 συνεγράψατο.
1013 2546 1232 2601 Utinam
1284 2564 1412 2602 vero
1453 2549 1662 2603 Malalae
1712 2568 1834 2605 cum

262 2648 589 2704 praecursore
630 2651 734 2690 suo
782 2639 980 2693 melius
1007 2641 1368 2694 conveniret!
1405 2657 1527 2695 nam
1568 2642 1748 2701 Juhul.
1791 2645 1834 2698 si

262 2726 311 2778 ei
339 2725 625 2790 credimus,
671 2726 769 2781 diu
802 2741 930 2784 ante
982 2727 1165 2799 Troj:e
1224 2733 1496 2785 excidium
1538 2737 1837 2804 tragmdias

260 2817 540 2873 factitavit.
586 2818 786 2879 Verba.
824 2837 892 2876 ne
933 2829 985 2876 te
1016 2821 1207 2879 ludere
1252 2825 1462 2886 videar,
1516 2834 1663 2889 sunt,
1700 2830 1831 2897 [1.5:

273 2910 328 2963 '0
355 2910 410 2964 δὲ
440 2911 646 2965 Ἰουϐὰλ
707 2913 1051 2985 κιθαρῳδίας
1091 2919 1187 2970 καὶ
1233 2918 1544 2989 τραγῳδίας
1573 2922 1685 2983 τοῖς
1714 2921 1803 2973 δαι
1823 2950 1837 2960 -

262 3003 491 3068 μονικοῑς
514 3002 925 3073 ἐπιτηδεύμασι
988 3006 1455 3076 προσεπενόησεν.
1487 3007 1629 3073 Quid
1692 3010 1834 3078 quod

262 3088 326 3143 ad
358 3106 573 3147 soccum
633 3093 777 3148 haud
818 3095 1005 3150 minus
1077 3095 1311 3153 idoneus
1374 3109 1513 3165 eral,
1563 3099 1609 3153 si
1666 3102 1835 3154 inter-

1924 624 2091 689 Quasi
2145 641 2276 679 vero
2321 643 2519 681 novum
2591 645 2736 682 nunc
2799 629 3151 699 proferatur,
3214 647 3392 702 regem
3444 639 3512 686 ad

1927 714 2139 770 fabulas
2204 718 2528 772 scribendas
2562 724 2806 773 animum
2839 723 3144 792 appulisstu
3181 726 3358 780 Etiam
3385 726 3512 781 Dio-

1926 805 2116 876 nysius
2165 805 2457 877 Tyrannus
2517 822 2677 879 poeta
2723 810 2827 865 fuit
2891 817 3165 884 tragicus,
3201 821 3511 887 etAttgnsli
3562 802 3569 811 ’

1926 895 2061 964 Ajax
2082 896 2133 951 in
2154 899 2438 967 spongiam
2468 900 2736 956 incubuit.
2773 901 3118 974 Quanquam.
3146 910 3193 963 si
3225 911 3514 965 emendate

1930 990 2077 1059 loqui
2124 985 2401 1057 velimus,
2458 995 2721 1063 κωμῳδὸς
2765 1012 2875 1051 non
2936 1002 3169 1054 comicus
3218 1012 3303 1056 est
3336 1045 3351 1068 ,
3417 1008 3511 1059 Sed

1930 1081 2215 1136 commdiaa
2269 1092 2445 1140 actor.
2478 1083 2840 1142 ilistrioniam
2887 1089 3056 1157 igitur
3091 1092 3218 1145 fecit
3261 1093 3511 1157 Pharao;

1930 1171 2254 1237 Thrasonis,
2287 1175 2505 1244 opinor,
2535 1176 2617 1231 vel
2642 1177 3080 1249 Pyrgopolinicis
3109 1194 3293 1253 partes
3321 1203 3512 1258 agens;

1933 1271 1992 1317 ut
2016 1262 2158 1319 Nero
2193 1274 2381 1334 postea
2402 1265 2704 1337 (EJipodis
2736 1272 2818 1323 vel
2847 1270 3123 1329 Creontis.
3158 1274 3360 1331 Verum
3402 1282 3516 1333 Iure

1934 1355 2107 1425 ipsius
2138 1356 2351 1412 Malalae
2380 1360 2668 1413 stultitiam
2705 1374 3009 1431 superant;
3052 1377 3110 1421 ut
3147 1383 3210 1421 ea
3243 1370 3513 1438 quidixe-

1934 1448 2026 1511 rit,
2086 1462 2195 1501 non
2224 1465 2321 1519 pro
2374 1450 2598 1508 homine
2655 1468 2795 1508 sano
2847 1456 3016 1526 loqui,
3054 1459 3147 1511 sed
3191 1460 3256 1512 ad
3284 1472 3519 1532 agnatos

1935 1549 1987 1595 et
2021 1544 2250 1612 gentiles
2277 1544 2630 1602 deducendus
2683 1563 2806 1603 esse
2860 1550 3125 1607 rideatur.
3166 1554 3298 1608 Sine
3351 1557 3521 1610 dubio

1934 1634 2129 1686 vitium
2164 1643 2250 1690 est
2284 1638 2614 1706 exemplaris
2644 1654 2791 1708 ;quo
2815 1648 2997 1696 tamen
3025 1644 3188 1697 modo
3216 1647 3520 1713 tollendum

1937 1725 2028 1788 sit,
2058 1725 2244 1780 minus
2276 1727 2325 1780 id
2364 1743 2587 1797 possum
2648 1731 2971 1800 coniectura
3002 1736 3248 1805 assequi.
3296 1738 3439 1803 Quid
3470 1742 3521 1795 si

1941 1815 2207 1885 legamus,
2245 1818 2630 1884 Πετισσώνιος,
2690 1823 2719 1874 ὁ
2756 1821 2836 1892 τῷ
2893 1825 3088 1878 Μωσεί
3128 1828 3330 1899 Φαραὼ
3356 1846 3368 1858 ⁸
3418 1830 3522 1884 Pe-

1939 1908 2370 1981 εἰσδοηίιιεηιιιιξα
2396 1902 2542 1966 Maso
2567 1912 2776 1967 Pharao
2810 1920 3069 1973 vocatur?
3102 1919 3157 1971 Si
3189 1929 3355 1988 caput
3392 1939 3522 1977 sem.

1936 1998 2140 2064 berem,
2163 2000 2392 2057 fortasse
2411 2004 2558 2058 aliud
2584 2006 2777 2061 melius
2797 2023 3010 2076 possem
3039 2013 3357 2082 exsculpere
3385 2039 3395 2068 :
3419 2017 3519 2072 sed

1938 2090 2198 2162 indignus
2259 2102 2346 2147 est
2402 2093 2670 2161 Joannes,
2732 2099 2892 2168 cujus
2946 2116 3110 2155 causa
3158 2112 3517 2163 commentari

1936 2183 2100 2237 velim
2157 2185 2458 2254 quidquam
2488 2226 2501 2247 ,
2546 2188 2650 2242 nisi
2690 2189 2734 2243 si
2771 2192 2899 2259 quid
2934 2208 2999 2247 cx
3034 2193 3178 2249 facili
3234 2214 3512 2255 nascatur.

1940 2274 2126 2345 Itaque
2158 2285 2218 2329 ut
2255 2277 2323 2331 ad
2379 2276 2609 2333 Themin
2654 2282 2830 2345 istum
2885 2287 3111 2354 propius
3164 2294 3517 2347 accedamus.

1938 2365 2140 2421 Eadem
2172 2384 2295 2423 cum
2343 2370 2701 2427 Antiochensi
2739 2385 2947 2440 narrat,
2979 2386 3033 2431 et
3072 2383 3121 2431 in
3171 2382 3361 2436 eodem
3426 2385 3521 2437 dn-

1938 2466 2061 2511 ctus
2115 2468 2198 2512 est
2235 2460 2363 2514 ludo
2410 2461 2720 2518 scholiasles
2776 2477 2916 2520 reme
2976 2472 3166 2524 nescio
3202 2474 3325 2541 quis
3373 2478 3517 2542 apud

1940 2548 2240 2603 Stanleium
2276 2552 2328 2605 in
2353 2552 2473 2605 Vita
2506 2550 2750 2624 (Eschyli
2787 2573 2801 2609 :
2847 2557 2936 2610 Ἐν
2965 2561 3075 2622 τοίς
3100 2562 3313 2631 χρόνοις
3364 2566 3519 2636 Ὀρέο

1941 2656 2064 2693 στου
2104 2642 2448 2712 ἐθαυμάζετο
2500 2644 2631 2715 παρ’
2666 2646 2891 2716 Ἕλλησι
2950 2648 3183 2720 Θεὸμις,
3212 2651 3272 2716 ὃς
3304 2656 3519 2726 πρῶτος

1938 2731 2126 2800 ἐξεῦρε
2183 2732 2530 2803 τραγῳδικὰς
2584 2734 2873 2802 μελῳδίας,
2905 2740 2998 2791 καὶ
3026 2740 3241 2805 ἐξέθετο
3304 2744 3521 2812 πρῶτος

1937 2824 2208 2893 δράματα.
2263 2825 2374 2877 Καὶ
2407 2826 2524 2895 μετ’
2550 2825 2716 2878 αὑτὸν
2776 2828 2986 2892 Μίνως,
3034 2832 3127 2883 καὶ
3160 2835 3299 2901 μετὰ
3328 2834 3522 2888 Μίνωα

1937 2915 2146 2978 Ᾱὺλέας
2176 2915 2372 2986 χοροὺς
2399 2919 2701 2986 τραγικοὺς
2737 2922 3126 2990 συνεστήσατο.
3177 2924 3299 2979 Ηειιο
3357 2926 3519 2978 habet

1937 3008 2292 3063 doctissimus
2319 3017 2509 3064 noster
2533 3010 2811 3067 Stanleius
2828 3027 2896 3068 ex
2920 3013 3229 3085 Bullengcri
3253 3015 3515 3073 Tucatro.

1939 3098 2004 3151 Et
2026 3107 2210 3153 tamen
2252 3107 2451 3154 neuter
2480 3100 2548 3155 de
2576 3101 2858 3168 Themide,
2888 3105 2956 3159 de
2983 3105 3160 3162 Minoe
3185 3109 3268 3162 vel
3320 3112 3515 3171 Aulea,

259 3190 456 3250 pretem
502 3183 688 3248 audis,
746 3200 913 3255 quam
962 3186 1031 3241 ad
1069 3189 1429 3245 cothurnum.
1483 3189 1616 3244 Nam
1681 3192 1836 3245 κιθα-
1864 3212 1907 3270 C
1939 3188 2087 3259 quod
2118 3203 2280 3256 quam
2331 3189 2754 3261 diligentissime
2785 3193 2993 3248 factum
3022 3198 3286 3266 oportuit,
3322 3203 3520 3254 certiu-

256 3272 419 3342 ρῳδία
462 3274 790 3330 Chilmeado
821 3286 909 3332 est
955 3280 1251 3345 comoedia;
1283 3284 1399 3350 qui,
1446 3298 1571 3336 cum
1597 3284 1665 3336 ad
1698 3284 1835 3338 alios

253 3363 443 3433 ingenii
475 3368 665 3421 cultus
705 3367 870 3422 etiam
941 3370 1167 3424 musicae
1202 3372 1447 3426 studium
1482 3373 1832 3441 adjunxerit;

252 3468 345 3508 cur
372 3456 509 3512 adeo
542 3457 612 3512 ab
631 3459 871 3513 artiﬁcio
900 3476 1004 3514 suo
1024 3464 1327 3529 recederet,
1359 3465 1562 3518 miror:
1588 3462 1835 3519 elemen-

245 3554 326 3599 ter
355 3557 818 3616 tamen,propter
847 3549 953 3603 alia
986 3552 1200 3615 merita,
1239 3567 1453 3620 suaque
1505 3554 1663 3621 quasi
1720 3553 1833 3623 lyra

244 3647 323 3689 est
364 3638 761 3708 increpandus.
821 3637 923 3695 Vix
983 3641 1237 3710 equidem
1292 3643 1621 3696 crediderim
1657 3644 1710 3696 in
1750 3644 1833 3696 bi-

243 3727 513 3781 bliotheca
545 3738 729 3781 vestra
753 3726 973 3791 Oxouii,
1006 3739 1432 3802 quantacunque
1460 3742 1561 3795 est,
1590 3731 1829 3786 Julmlia-

238 3833 306 3870 na
336 3816 602 3872 Dramata
633 3821 886 3890 reperiri.
964 3821 1188 3878 SeiliCet
1214 3839 1275 3879 ea
1310 3826 1497 3880 omnia
1550 3827 1830 3895 perierunt

232 3910 398 3976 olim;

339 4002 581 4078 Quando
602 4018 667 4057 ea:
695 4003 896 4059 diluvio
931 4021 1125 4076 magno
1153 4008 1361 4062 exivore
1396 4024 1615 4078 rapaces

336 4092 445 4147 Per
468 4074 653 4148 terras
683 4109 884 4156 omnes,
927 4103 1083 4159 atque
1107 4095 1298 4163 oppida
1333 4113 1664 4164 cooperuere.

228 4182 479 4249 Quarum
556 4186 865 4240 fabularum
901 4203 1007 4240 una
1048 4202 1172 4241 cunt
1207 4189 1344 4258 ipsis
1365 4191 1529 4245 etiam
1562 4191 1823 4244 memoria

236 4277 589 4343 occidisset;
626 4280 838 4348 absque
864 4280 958 4333 illo
992 4279 1308 4336 liamartolo
1336 4282 1548 4344 fuisset,
1589 4283 1681 4352 qui
1708 4298 1827 4335 om-

228 4368 317 4422 nia
357 4371 600 4424 omuino
655 4371 926 4433 meminit,
977 4370 1109 4437 Quae
1156 4371 1400 4437 fuerunt,
1434 4384 1644 4442 etqua:
1677 4377 1824 4427 nullo

223 4470 354 4516 sunt
386 4470 647 4532 tempore
682 4471 831 4517 nata.
868 4462 1053 4519 Habeo
1104 4475 1311 4528 tamen,
1347 4482 1458 4536 quo
1487 4466 1822 4521 desiderium

1938 3295 2026 3334 res
2052 3295 2152 3335 nos
2194 3278 2346 3334 facit.
2375 3280 2724 3336 Concurrent
2755 3283 2868 3353 jam
2895 3302 3112 3347 omnes.
3134 3300 3397 3358 quantum
3436 3305 3520 3347 est

1939 3370 2343 3440 Βιϐλιοτάφων,
2409 3380 2464 3428 et
2516 3375 2699 3443 capita
2742 3376 2888 3431 inter
2917 3393 2975 3433 se
3001 3380 3294 3435 conferant
3331 3403 3344 3437 :
3378 3399 3520 3437 nun-

1932 3478 2102 3535 quam
2135 3480 2193 3520 se
2218 3464 2535 3533 expedient,
2562 3484 2740 3538 neque
2762 3469 3063 3540 quidquam
3105 3473 3174 3528 de
3203 3480 3520 3545 tergeminis

1935 3557 2087 3611 hisce
2115 3557 2338 3627 tragicis
2356 3560 2677 3615 resciscent.
2706 3560 2905 3616 Narrat
2940 3564 3198 3620 Clemens
3250 3567 3519 3639 Στρωμαο

1934 3651 2076 3703 τέων
2097 3649 2278 3719 primo
2305 3650 2365 3703 τὸ
2390 3650 2572 3721 ἡρῶον
2613 3654 2675 3707 τὸ
2703 3654 3006 3727 ἑξάμετρον
3039 3658 3210 3728 Θέμιν
3249 3662 3378 3731 μίαν
3409 3665 3518 3714 τῶν

1933 3741 2232 3795 Τιτανίδων
2294 3742 2591 3812 εὑρηκέναι
2629 3785 2643 3809 ,
2711 3744 2945 3801 Minoem
3002 3761 3184 3803 autem
3241 3755 3367 3815 τοὶ-ς
3434 3755 3520 3806 v6-

1934 3848 2071 3900 μους
2099 3847 2114 3861 '
2163 3831 2260 3888 sed
2294 3833 2441 3900 quod
2481 3834 2552 3888 ad
2592 3851 2839 3904 praesens
2863 3841 3138 3907 negotium
3182 3843 3396 3910 attinet,
3423 3862 3521 3899 va-

1931 3908 2097 3975 cuum
2118 3939 2147 3978 a
2176 3939 2236 3978 se
2270 3924 2537 3980 lectorem
2573 3938 2629 3981 et
2657 3928 2897 3983 hiantem
2918 3929 3170 3986 dimittit.
3207 3935 3349 4000 Quid
3367 3940 3515 3990 enim

1928 4013 2083 4082 νόμοι
2139 4013 2341 4070 Minois
2372 4015 2440 4070 ad
2465 4031 2658 4073 nomos
2704 4020 2988 4075 musicos?
3020 4022 3084 4075 Τί
3112 4024 3249 4094 πρὸς
3274 4026 3365 4079 τὸν
3398 4030 3518 4080 Διό-

1929 4118 2129 4170 νυσον;
2192 4119 2374 4173 neque
2436 4105 2632 4161 heroes
2689 4108 2743 4160 in
2807 4111 3089 4178 tragotdiis
3144 4114 3342 4171 heroos
3394 4115 3511 4188 [vi]

1931 4194 2276 4250 hexametros
2323 4194 2599 4251 dicebant.
2639 4197 2829 4268 Itaque
2879 4213 3147 4270 quantum
3174 4206 3353 4270 video,
3388 4224 3512 4277 pcr-

1928 4289 2087 4344 petua
2118 4278 2230 4346 jam
2258 4281 2473 4335 criticis
2497 4284 2815 4340 sollicitudo
2844 4298 2899 4342 et
2930 4292 3090 4358 quasi
3126 4309 3264 4348 crux
3296 4299 3510 4353 consti-

1925 4377 2041 4420 tuta
2098 4378 2181 4422 est
2209 4387 2221 4423 :
2251 4371 2356 4425 nisi
2388 4372 2707 4429 Callimachi
2765 4379 3005 4442 Πίνακας
3028 4389 3081 4435 et
3125 4384 3509 4457 Aristophanis

1924 4459 2781 4523 GrammaticiCommentarium
2834 4472 2994 4541 longa
3040 4486 3200 4532 nocte
3255 4482 3508 4549 sepultos

226 4568 405 4607 meum
437 4563 493 4607 et
527 4553 780 4609 dolorem
838 4556 1141 4623 consoler;
1169 4572 1294 4611 nam
1322 4559 1375 4611 in
1429 4569 1661 4612 mentem
1720 4574 1816 4629 op-
1853 4565 1895 4622 ι)
1925 4557 2246 4623 protrahere
2298 4569 2530 4628 possunt
2562 4562 2618 4616 in
2656 4564 2848 4618 lucem.
2926 4565 3123 4623 Verum
3188 4571 3318 4639 heu,
3358 4591 3454 4630 vos
3489 4579 3502 4631 ε

220 4655 462 4711 portune
525 4646 680 4698 venit
733 4645 846 4699 ﬁeri
906 4662 1088 4716 posse,
1122 4657 1182 4702 ut
1213 4649 1365 4704 locus
1429 4650 1536 4704 iste
1584 4651 1819 4705 vitiosus

218 4735 313 4793 sit.
337 4744 394 4789 et
426 4737 482 4789 in
517 4737 672 4790 hunc
702 4738 922 4791 modun
955 4740 1334 4795 emendandus
1361 4760 1373 4794 :
1420 4740 1480 4795 ’0
1512 4742 1569 4794 δὲ
1609 4741 1819 4795 Ἱουϐὰλ

221 4824 569 4898 κιθαρῳδίας
603 4828 698 4880 καὶ
738 4828 1009 4900 λυρῳδίας
1031 4835 1144 4895 τοῖς
1184 4833 1505 4903 ἁρμονικοῖς
1539 4832 1822 4902 ἐπιτηδεύ-

223 4931 355 4984 μασι
431 4920 917 4990 προσεπενὸησεν.
978 4921 1043 4976 Et
1099 4923 1348 4994 profecto
1412 4939 1576 4994 quam
1644 4925 1818 4994 magis

218 5008 514 5078 magisque
578 5011 780 5077 cegitu,
831 5011 1088 5065 nimirum
1154 5027 1254 5067 acu
1303 5030 1418 5068 rem
1488 5013 1676 5083 tetigi;
1731 5015 1817 5068 sin

222 5109 435 5162 autem,
508 5100 684 5153 nolim
748 5102 882 5155 mihi
937 5117 1266 5174 quemquam
1323 5104 1555 5173 posthac
1606 5119 1675 5159 ne
1725 5105 1819 5174 ju-

220 5197 341 5243 rato
395 5190 629 5260 quilem
702 5191 953 5249 credere.
994 5191 1236 5248 Tandem
1303 5195 1469 5264 igitur
1523 5196 1818 5268 aliquando

218 5280 309 5335 lite
342 5280 450 5337 hac
473 5284 811 5351 composita,
837 5288 1165 5354 quantulum
1204 5294 1291 5341 est
1312 5295 1492 5341 tamen
1517 5290 1659 5357 quol
1696 5306 1818 5358 pro-

214 5369 477 5439 fecimus,
512 5374 560 5429 si
596 5372 843 5432 Joannes
877 5377 994 5446 ipse
1030 5379 1330 5449 pugnantia
1368 5378 1666 5448 loquatur?
1696 5381 1814 5435 Non

212 5465 359 5518 enim
414 5467 537 5535 jam
562 5467 749 5522 abllio
810 5480 971 5539 capto
1002 5472 1212 5540 primus
1250 5472 1559 5525 mortalium
1592 5468 1817 5527 Tltemis

214 5552 482 5611 Dramata
517 5556 680 5613 fecit:
702 5558 821 5633 με]
853 5560 1125 5631 siquidem
1152 5572 1278 5618 ante
1300 5563 1462 5618 istam
1495 5564 1813 5618 memoriam

211 5643 439 5716 Aigypti
476 5665 576 5703 rex
604 5649 833 5717 Pharao,
868 5653 956 5706 ubi
990 5669 1018 5707 a
1055 5655 1290 5724 negotiis
1314 5664 1366 5709 et
1392 5655 1569 5709 turbis
1595 5655 1812 5725 requie-

217 5749 375 5792 scere
427 5741 679 5804 volebat,
730 5745 924 5799 solitus
974 5753 1055 5799 est
1112 5747 1414 5801 comoedias
1479 5747 1808 5817 scriptitare.

218 5823 402 5886 Verba
435 5838 573 5885 sunt
599 5830 852 5900 Joannis,
877 5850 929 5906 p.
953 5834 1022 5889 76
1061 5855 1073 5890 :
1102 5835 1221 5888 Τῶν
1246 5836 1305 5888 δὲ
1337 5837 1653 5905 Αἰγυπτίων
1689 5836 1812 5889 36a-

1926 4647 2123 4716 eequid
2182 4650 2289 4705 erit
2340 4652 2523 4721 pretii,
2554 4655 2597 4708 si
2637 4657 2843 4711 nodum
2890 4658 3042 4714 hunc
3070 4665 3333 4721 solvero?
3360 4674 3510 4738 quod

1927 4739 2146 4808 quidem
2196 4756 2259 4795 ea
2305 4742 2422 4811 lege
2454 4752 2509 4798 et
2571 4749 2892 4805 conditione
2951 4752 3274 4821 faciam;ut
3309 4758 3512 4816 dehinc

1927 4830 2057 4883 mihi
2089 4845 2215 4885 cum
2256 4842 2437 4888 vestra
2468 4838 2692 4893 natione
2718 4842 2928 4895 nullum
2975 4845 3199 4901 omnino
3234 4863 3513 4906 commer-

1924 4921 2071 4975 cium
2109 4923 2426 4979 iutercedat.
2470 4925 2763 4985 Enimvero
2785 4934 2854 4987 ab
2882 4935 3244 4993 Antiochensi
3273 4949 3329 4993 et
3363 4941 3513 4996 ficul-

1926 5027 1999 5066 no
2058 5013 2191 5077 illo,
2243 5017 2564 5089 quicunque
2611 5030 2695 5076 est
2730 5062 2744 5087 ,
2815 5026 3116 5084 scholiaste
3175 5031 3515 5099 gravissime

1925 5115 2207 5175 peccatum
2255 5116 2361 5172 est,
2396 5124 2522 5166 cum
2572 5112 2626 5167 in
2682 5116 3022 5185 nominibus,
3066 5129 3179 5175 tum
3233 5123 3288 5178 in
3338 5126 3508 5182 rebus

1926 5197 2080 5267 ipsis.
2108 5197 2341 5255 Prorsus
2370 5212 2508 5272 quot
2539 5206 2728 5271 verba,
2770 5218 2849 5263 tot
2890 5220 3094 5267 errata.
3127 5211 3316 5285 Neque
3361 5218 3509 5272 enim

1925 5305 2164 5362 agnosco
2214 5298 2626 5354 commentitios
2684 5300 2823 5358 istos
2901 5302 3211 5372 Theomin,
3270 5308 3508 5364 Minoem

1923 5382 2188 5449 Auleam;
2222 5402 2455 5454 quorum
2488 5404 2589 5459 ego
2648 5393 2769 5448 loco
2802 5409 2907 5449 non
2964 5396 3128 5451 dubia
3184 5400 3525 5469 conjectura.

1924 5491 2134 5544 repono
2197 5476 2464 5547 Thespin,
2500 5480 2706 5546 Ionem,
2739 5484 3106 5558 Eschylum:
3143 5506 3323 5562 neque
3360 5490 3508 5547 The-

1928 5568 2044 5635 Spis
2071 5582 2155 5633 ea,
2188 5584 2293 5638 qua
2313 5581 2523 5640 rentur,
2556 5584 2883 5646 tempestate
2911 5581 3045 5635 vixit
3072 5598 3088 5648 ;
3120 5599 3245 5638 nam
3288 5583 3507 5639 Solonis

1922 5659 2151 5727 aequalis
2183 5676 2210 5713 τι
2238 5660 2452 5720 Troicis
2514 5669 2853 5739 temporibus
2892 5673 3213 5744 longissime
3270 5677 3451 5731 abfuit
3486 5693 3501 5730 :

1922 5764 2100 5819 neque
2150 5749 2242 5806 Ion
2302 5753 2568 5828 dischylo
2619 5761 2769 5830 prior
2824 5764 2925 5817 fuit
2975 5782 2990 5818 :
3042 5782 3220 5835 neque
3286 5767 3504 5838 primus

1922 5840 2218 5914 A‘lschylus
2271 5849 2471 5905 choros
2504 5852 2741 5922 tragicos
2789 5856 3030 5912 instituit
3059 5876 3073 5925 ;
3102 5859 3245 5929 quod
3304 5872 3499 5918 contra
3539 5904 3545 5910 ρ
