3966 6446
474 398 578 461 ἲῖιι

1383 395 1482 456 DE
1526 356 1850 462 JOANNIS
1892 404 2216 466 manus
2250 405 2910 469 CHRONOGRAPHIA

3652 402 3763 471 π)

477 510 739 573 clmrnm,
772 509 864 579 qui
893 517 1154 579 perpetua
1197 516 1327 563 ante
1361 513 1798 568 orationetotam
1837 516 2071 571 fabulam
2103 528 2150 584 Α
2179 522 2400 576 libitum
2435 516 2620 578 fuerit.
2656 521 2919 577 Clemens
2949 518 3094 573 hanc
3152 516 3393 588 appellat
3428 533 3766 588 στοιχειωτι-

480 601 837 661 decantabat.
896 601 1106 671 primus
1135 601 1399 656 tlirerliiis
1423 612 1477 658 et
1513 605 1770 672 personis
1792 606 2071 663 distinxit.

487 693 594 747 Sed
656 707 837 762 operte
889 691 1123 762 pretium
1154 691 1319 747 fuerit
1353 693 1675 749 accuratius
1713 697 1827 750 haec
1887 699 2071 752 omnia

418 794 421 799 '
454 772 743 839 ~tractare.
772 787 846 839 Ae
874 785 941 839 de
971 784 1243 856 'l'heSpide
1283 787 1506 854 quidem
1549 787 1729 842 minor
1749 798 1833 845 est
1853 790 2073 845 dubita-

478 877 581 938 tio,
616 875 747 944 quia
779 875 832 928 in
861 874 1265 944 discipulorum
1338 874 1622 932 cathedris
1677 881 1924 948 quotidie
1964 881 2070 935 ista

480 966 762 1029 iactantur
794 982 807 1018 :

461 1102 471 1139 ε
555 1067 805 1137 Ignotum
833 1067 1052 1139 tragicis
1087 1083 1249 1138 genus
1288 1068 1549 1139 invenisse
1580 1068 1853 1135 Cama'na:

458 1138 469 1195 ί
554 1139 792 1202 Dicitur,
820 1147 867 1192 et
886 1138 1147 1206 plaustris
1180 1138 1383 1192 vexisse
1408 1149 1653 1206 poemata
1684 1138 1927 1210 Thespis.

485 1242 967 1305 Suidas:8éamg
1018 1239 1261 1306 ἐδίδαξεν
1317 1242 1411 1296 ἐπὶ
1461 1239 1564 1312 τῆς
1609 1241 1835 1316 πρώτης
1896 1246 1991 1300 καὶ
2029 1247 2070 1314 ξ’

480 1336 835 1407 ὀλυμπιάδος,
887 1333 1311 1406 Μνημονεύεται
1338 1333 1394 1387 δὲ
1412 1334 1521 1387 τῶν
1546 1334 1846 1407 δραμάτων
1870 1335 2037 1390 αὐτοῦ
2054 1376 2071 1402 ,

477 1429 661 1482 *Αθλα
697 1426 1198 1499 Πελίουῆψορὸἀς,
1237 1426 1446 1497 Ἰερεῖς,
1516 1425 1744 1481 Ἦῖθεοι.
1807 1427 2068 1494 Πενθεύς.

480 1521 743 1576 Pentheus
776 1521 959 1575 fabula
995 1535 1023 1573 a
1059 1518 1284 1574 Polluce
1326 1518 1585 1575 laudatur
1614 1521 1710 1576 lib.
1734 1535 1922 1586 vnl,c.
1955 1522 2020 1575 l9.
2054 1538 2067 1574 :

480 1615 553 1667 Τὸ
602 1614 776 1685 ὄνομα
832 1612 1133 1683 ἒπενδύτης
1185 1611 1422 1682 ληπτέον
1451 1614 1516 1665 ὲκ
1565 1612 1673 1666 τῶν
1732 1613 2071 1683 Σοφοκλέους

479 1705 816 1777 Πλυντριῶν,
858 1704 1103 1769 Πέπλους
1148 1704 1359 1759 τενίσαι
1410 1701 1752 1769 λινοπλυνεῖς
1772 1707 1820 1758 τ’
1841 1704 2069 1759 ἐπενδύ-

476 1814 578 1861 τας
605 1816 620 1831 ·
639 1797 733 1849 καὶ
766 1795 972 1858 Θέσπις
998 1794 1054 1848 δέ
1089 1795 1193 1849 πού
1221 1812 1387 1866 φησιν
1411 1798 1469 1849 ὲν
1493 1794 1572 1865 τῷ
1604 1794 1820 1849 Πενθεῖ·

552 1887 745 1956 Ἔργφ
766 1885 963 1956 νόμιζε
986 1886 1269 1955 νευρίδας
1293 1887 1459 1956 ἔχειν
1484 1886 1849 1956 ἐπενδύτην.

476 1981 554 2034 De
586 1996 699 2049 quo
758 1995 919 2033 versu
967 1994 1092 2033 cum
1151 1979 1288 2033 nihil
1318 1980 1372 2034 in
1407 1981 1700 2049 praesentia
1748 1985 2065 2045 succurrat,

472 2073 620 2143 quod
655 2073 789 2128 mihi
825 2071 1160 2136 smisfaciat,
1183 2073 1305 2143 ejus
1349 2073 1797 2130 emendationem
1831 2072 1885 2128 in
1918 2071 2069 2127 aliud

474 2179 690 2238 tempus
747 2165 999 2221 ditiorum
1045 2185 1059 2220 :
1105 2164 1480 2236 Sophocleum
1532 2166 1690 2221 illum
1756 2168 1880 2222 sine
1947 2181 2066 2220 mo-

471 2274 533 2312 ra
606 2257 919 2326 expediam.
990 2255 1179 2327 Neque
1246 2257 1394 2313 enim
1458 2273 1606 2312 ccum
1679 2257 2010 2314 Casaubono
2049 2297 2064 2322 ,

470 2350 715 2405 Meursio
741 2358 801 2405 et
835 2348 1114 2405 Gatakcro
1161 2349 1404 2403 κτενίσαι
1448 2351 1873 2418 substituerim;
1906 2350 2067 2420 cujus

469 2442 652 2496 media
698 2442 911 2513 syllaba
967 2449 1053 2495 est
1101 2441 1336 2497 brevis:
1389 2457 1725 2512 versumque
1803 2442 2065 2498 redderet

473 2550 583 2589 una
621 2533 828 2605 syllaba
855 2534 1183 2589 breviorem.
1212 2532 1326 2587 Non
1356 2534 1504 2587 enim
1528 2534 1801 2589 diiambns
1817 2542 1901 2589 est
1924 2534 2065 2588 λινο-

471 2625 719 2688 πλυνεῖς,
745 2625 838 2679 sed
862 2641 1016 2695 paeon
1036 2637 1288 2695 quartus.
1315 2624 1503 2695 Neque
1518 2624 1776 2680 Gatakeri
1800 2626 2063 2680 νεοπλύν-

471 2737 597 2782 τους
634 2717 748 2791 [47]
777 2717 1073 2782 ὲπενῖύτας
1103 2718 1451 2788 probaverim
1476 2735 1490 2784 ;
1520 2732 1646 2771 nam
1679 2717 1841 2773 sedes
1865 2727 2063 2788 quarta

471 2810 792 2879 spondaeum
818 2825 924 2862 nun
954 2809 1235 2874 admittit;
1264 2816 1477 2878 poterat
1514 2810 1680 2878 paulo
1711 2810 1923 2865 rectius
1948 2827 2065 2882 νεο-

467 2901 727 2964 πλύτους.
791 2899 895 2953 Sed
949 2902 1099 2954 aliud
1148 2901 1410 2971 quiddam
1470 2900 1927 2970 pl';L~ti:leriiii,de
1948 2918 2063 2973 quo

470 2997 647 3051 ausim
690 2994 787 3048 tibi
824 2993 1144 3061 lirtliissime
1165 3009 1489 3048 asseverare
1520 3010 1532 3048 :

467 3087 751 3153 Πέπλους
782 3104 842 3141 τε
873 3086 1061 3154 πρῆσαι
1090 3069 1485 3151 λινοπλυνεῖς
1511 3084 1558 3138 τ’
1587 3085 1946 3153 ἐπει-δύσεις.

468 3178 697 3235 Diversa
748 3179 817 3233 ab
871 3178 1017 3241 illis,
1087 3192 1227 3247 qtras
1272 3176 1475 3232 Suidas
1526 3184 1800 3242 recenset,
1876 3176 2059 3233 fabula

469 3275 708 3330 habetur
756 3275 811 3329 in
869 3274 1040 3328 veteri
1092 3288 1371 3328 marmore
1436 3272 1854 3339 Arundeliano;
1914 3272 2061 3342 quod

471 3381 619 3423 nunc
656 3377 739 3421 est
766 3365 1002 3422 ()xonii:
1036 3366 1125 3418 ΑΦ
1160 3364 1253 3419 ΟΥ
1283 3364 1527 3418 ΘΕΣΠΙΣ
1554 3366 1595 3416 Ο
1641 3364 1952 3421 ΠΟΙΗΤΗΣ
1977 3405 2060 3421 ...

468 3459 588 3513 ax:
624 3499 637 3513 .
670 3498 713 3512 ..
750 3458 834 3511 os
868 3456 1207 3512 EAIAAEEN
1234 3456 1323 3509 ΑΛ
1353 3496 1366 3509 .
1396 3496 1409 3510 .
1443 3455 1645 3508 ,ΣτιΝ
1676 3455 1882 3526 Supple
1938 3459 2062 3511 AA-

470 3550 760 3615 ΚΗΣΤΙΝ,
793 3549 1059 3621 ἄλκηστιν
1089 3562 1102 3577 ·
1134 3565 1245 3604 non
1291 3548 1570 3612 ἀλκέστιν,
1609 3558 1668 3603 ιιι
1692 3549 1880 3606 minus
1913 3559 2063 3608 recte

466 3642 935 3698 mlitorcs.l.ocns
985 3651 1073 3698 est
1140 3642 1376 3698 illustris
1436 3641 1583 3712 apud
1638 3641 1976 3699 Clementem
2002 3643 2059 3699 in

467 3734 845 3806 Στρωματέων
894 3735 1126 3806 quinto,
1180 3749 1344 3804 quem
1395 3731 1549 3788 nefas
1610 3732 1835 3803 quidem
1893 3733 2061 3790 fuerit

468 3827 691 3882 silentio
744 3826 1185 3897 prmtermitterc.
1243 3825 1447 3889 Θέσπις
1491 3824 1679 3896 μέντοι
1721 3826 1750 3879 ὀ
1798 3827 2061 3899 τραγικὸς
2160 3839 2170 3849 ’

463 3921 555 3975 διὰ
584 3920 790 3974 τούτων
822 3919 948 3974 ἄλλο
977 3937 1029 3973 τι
1052 3917 1415 3991 σημαίνεσθαι
1460 3935 1627 3989 φησιν
1651 3913 1758 3976 ὦδέ
1778 3935 1897 3985 πως
1922 3920 2061 3994 γράσ

466 4028 605 4083 φων⁶

576 4124 702 4180 Ἰδε
729 4139 830 4179 σοι
860 4124 1107 4179 σπένδω
1132 4123 1385 4190 κναξζβὶ
1412 4127 1480 4179 τὸ
1495 4124 1725 4179 λευκὸν

583 4197 727 4250 Ἀπὸ
760 4196 1117 4264 θη.2αμόνων
1143 4196 1367 4263 one-ac
1397 4194 1668 4249 κνακῶνο

574 4266 701 4321 Ἴδε
723 4283 827 4321 σοι
859 4268 1137 4335 χθύπτην
1163 4266 1357 4335 τυρὸν
1371 4265 1556 4335 μίξας

580 4333 1085 4406 Ἐρυθρῷήμέλιτι,
1123 4333 1415 4406 κατὰ-τῶν
1452 4335 1603 4399 σῶν.
1630 4337 1762 4391 Πὰν

567 4404 845 4475 Διᾶιέρως,
875 4404 1105 4475 τίθεμαι
1130 4404 1352 4475 ,βωμῶν
1374 4406 1580 4476 ἁγίων.

571 4478 696 4532 Ἴδε
713 4493 816 4531 σοι
835 4479 1095 4546 Βρομίου
1126 4476 1348 4531 αἴθοπα
1368 4477 1643 4548 saeuior

566 4549 773 4602 Λείῢω.

461 4658 590 4715 llaec
644 4667 835 4713 narrat
884 4658 1144 4714 Clemens
1185 4674 1249 4714 ex
1298 4658 1706 4730 Thespide:ex
1738 4661 1866 4715 aliis
1917 4661 2049 4728 alia,

386 4776 389 4779 ·
460 4770 584 4825 qua:
632 4753 699 4808 ad
755 4752 1004 4807 eamdem
1058 4767 1173 4806 rem
1242 4761 1513 4823 spectant.
1576 4750 1907 4808 Persuasum
1968 4763 2053 4809 est

459 4848 728 4901 hactenus
792 4846 931 4900 viris
984 4846 1266 4909 eruditis,
1323 4860 1577 4917 magnam
1638 4846 1958 4916 synibolica:
1998 4854 2052 4900 et

404 4931 425 4946 ⁹
457 4938 819 5009 mnigmaticae
846 4944 1091 4991 veterum
1122 4937 1413 5006 theologia:
1433 4937 1542 4990 vim
1566 4935 1629 4990 in
1654 4935 1909 4992 barbaris
1939 4937 2050 4991 illis

457 5029 747 5087 vocabulis
777 5029 1071 5086 contineri.
1102 5028 1234 5084 item
1263 5028 1432 5099 igitur
1473 5028 1615 5083 haud
1657 5027 1926 5099 ingratam
1971 5027 2051 5082 ia-

456 5133 677 5178 cturum
711 5137 796 5178 me
823 5136 1006 5191 spero,
1029 5123 1075 5175 si
1106 5119 1390 5191 reiregero
1439 5121 1553 5174 haec
1568 5121 1836 5185 claustra,
1866 5137 1987 5191 quae
2017 5135 2046 5176 a

456 5217 651 5275 multis
693 5217 915 5272 saeculis
962 5229 1184 5270 omnem
1211 5213 1277 5268 ad
1311 5214 1427 5267 hare
1464 5228 1622 5269 sacra
1667 5213 1876 5267 aditum
1910 5229 2050 5284 prae-

458 5311 765 5371 eiuserunt.
792 5307 950 5375 Quod
986 5316 1170 5362 autem
1212 5305 1498 5363 Herculem
1579 5306 1764 5362 ferunt
1819 5306 2045 5377 dixisse,

456 5419 582 5458 eum
615 5403 672 5458 in
705 5401 938 5458 delubro
982 5399 1222 5471 quodam
1275 5399 1659 5470 conspexisset
1682 5398 2045 5456 simulacrum

454 5494 745 5556 Adonidis,
777 5491 943 5546 Οὐδὲν
976 5491 1123 5564 ἱερὸν
1147 5491 1438 5564 ὑπάρχειν*
1472 5489 1617 5546 idem
1644 5490 1778 5545 mihi
1805 5490 1920 5560 jam
1942 5506 2043 5545 usu

453 5587 624 5653 venit,
686 5586 791 5640 huc
839 5583 1004 5655 adyto
1044 5583 1283 5638 recluso.
1313 5583 1580 5638 Videlicet
1608 5590 1729 5637 erat
1755 5582 1886 5637 olim
1909 5582 2044 5658 ridi-

451 5680 576 5734 cula
621 5686 676 5734 et
720 5679 950 5750 puerilis
1000 5678 1191 5743 ratio;
1243 5685 1305 5730 ut
1336 5692 1403 5732 ex
1448 5687 1690 5747 quatuor
1747 5684 1801 5731 et
1847 5677 2042 5747 viginti

453 5771 679 5833 litteris,
744 5771 914 5826 semel
961 5770 1236 5827 duntaxat
1278 5769 1474 5840 positis
1512 5769 2042 5839 singulis,barbara

448 5863 700 5933 quaedam
731 5872 785 5920 et
815 5862 1048 5920 infaceta
1081 5862 1245 5920 verba
1265 5861 1621 5931 conﬁcerent,
1649 5870 1814 5933 prout
1838 5862 2037 5935 cuique

2177 615 2281 686 κὴν
2303 615 2413 668 τῶν
2436 614 2643 668 παίδων
2664 611 3038 666 διδασκαλίαν.
3072 611 3267 665 Postea
3296 613 3625 664 certandum
3650 620 3761 663 erat

2178 703 2423 771 ingenio,
2465 704 2878 758 utsententiam
2913 702 3148 756 istorum
3179 699 3479 755 verborum
3518 699 3758 768 aliquam

2175 796 2441 852 omnibus
2470 795 2736 865 'vestigiis
2792 793 3160 864 indagarent;
3200 806 3310 846 non
3357 805 3482 846 eam
3541 791 3759 859 quidem

2175 887 2402 942 omnino
2429 886 2665 941 alienam
2693 895 2746 941 et
2767 885 3058 948 absonam,
3121 881 3219 938 sed
3247 896 3277 934 a
3323 881 3659 953 propinquo,
3717 882 3760 936 si

2178 981 2294 1036 ﬁeri
2347 978 2546 1049 potuit,
2577 989 2630 1033 et
2673 976 2956 1033 verisimili
2982 974 3233 1046 petitam.
3258 972 3391 1027 Tria
3417 971 3535 1045 [48]
3559 970 3764 1042 profert

2174 1071 2429 1127 Clemens
2464 1070 2716 1140 exempla
2772 1083 2965 1123 eorum
3029 1063 3421 1138 ὑπογραμμῶν
3472 1064 3760 1130 παιδικῶν,

2177 1174 2413 1230 quorum
2449 1174 2619 1212 unum
2653 1158 2759 1212 hoc
2792 1167 2882 1212 est
2920 1175 2933 1211 :

2312 1247 2581 1316 Μάρπτε,
2620 1246 2829 1317 σφίγξ,
2856 1245 3052 1316 κλὼψ,
3074 1233 3433 1315 ζϐυχθηδόν.

2168 1339 2254 1394 Ita
2290 1340 2461 1396 scribi
2499 1348 2754 1414 oportere
2782 1354 2872 1394 res
2915 1340 3033 1406 ipsa
3060 1338 3301 1406 clamat;
3334 1354 3446 1392 non
3481 1347 3541 1393 ut
3568 1338 3621 1392 in
3648 1340 3761 1393 edi-

2174 1435 2268 1497 tis,
2303 1432 2551 1503 μάρπτες
2580 1439 2635 1486 et
2677 1430 2996 1501 ζυνχθηδόν.
3032 1430 3319 1485 Calculum
3347 1429 3460 1499 jam
3492 1445 3656 1500 pone,
3709 1441 3763 1488 et

2173 1537 2364 1576 omnes
2392 1521 2617 1575 omnino
2651 1520 2866 1574 litteras
2896 1518 3111 1584 Cadmi,
3143 1518 3481 1583 Palamedis,
3517 1520 3760 1575 Simoni-

2172 1612 2283 1677 dis,
2314 1612 2367 1665 in
2399 1620 2643 1683 quatuor
2687 1611 2813 1669 istis
2846 1611 3134 1667 vocabulis
3169 1611 3444 1667 invenies.
3494 1611 3640 1667 Ecce
3668 1612 3761 1667 tibi

2173 1704 2475 1760 secundum
2511 1720 2524 1756 :

2312 1797 2491 1864 Βέὸυ,
2522 1797 2702 1868 ζ’ὰμψ,
2729 1796 2870 1867 χθὼ,
2909 1795 3242 1868 πλῆκτρον,
3280 1796 3492 1867 σφίγξ.

2099 1880 2140 1937 Β
2170 1887 2252 1944 lla
2272 1889 2583 1961 legendum,
2608 1904 2719 1945 non
2756 1900 2815 1944 ut
2850 1892 2906 1944 in
2937 1890 3195 1961 vulgatis,
3222 1888 3333 1959 ζὰψ
3362 1897 3417 1944 et
3444 1889 3611 1960 χθών·
3636 1907 3761 1946 nam

2170 1992 2237 2031 eo
2270 1988 2430 2047 pacto
2464 1986 2520 2033 et
2573 1996 2613 2049 μ
2646 1979 2835 2034 littera
2886 1978 3130 2047 deesset,
3162 1988 3221 2034 et
3258 1997 3287 2034 ν
3326 1981 3411 2036 bis
3439 1992 3759 2050 poneretur.

2171 2067 2380 2121 Tamen
2414 2076 2476 2121 ut
2521 2068 2754 2140 Δάμὸδα
2795 2069 2989 2132 λάϐδα.
3023 2072 3107 2125 sic
3138 2071 3273 2126 illud
3309 2070 3477 2144 Ζάμψ
3505 2084 3765 2132 auctores

2169 2158 2346 2216 Grzeci
2378 2160 2488 2232 ζὰψ
2518 2164 2813 2234 scripsisse
2837 2175 2891 2219 et
2920 2165 3317 2235 pronuntiasse
3359 2167 3646 2223 videntur.
3670 2167 3763 2224 Sic

2169 2255 2324 2323 κάψα
2360 2255 2555 2310 dicunt
2577 2264 2633 2312 et
2656 2256 2870 2327 χάμψα·
2904 2257 2987 2312 sic.
3006 2255 3241 2328 λήψεται
3266 2258 3320 2313 in
3354 2260 3764 2330 antiquissimis

2170 2361 2304 2402 mss.
2338 2346 2637 2418 λήμψεται,
2669 2358 2722 2402 et
2769 2349 2941 2405 multa
2981 2349 3205 2407 similia.
3241 2348 3489 2408 Tertium
3520 2352 3764 2425 denique

2168 2448 2256 2496 cst
2286 2440 2422 2495 illud
2452 2439 2750 2513 Thespidis
2784 2463 2799 2497 :
3651 2445 3657 2450 ’

2307 2532 2583 2600 Κναξζόί,
2622 2536 2915 2604 χθύπτης,
2938 2536 3206 2607 solante),
3227 2536 3407 2606 ὄρόψ.

2169 2621 2307 2679 Male
2352 2626 2497 2695 apud
2527 2625 2868 2681 Clementem
2896 2635 2982 2683 est
3005 2631 3238 2696 editum,
3274 2629 3541 2701 φλεγμδς,
3582 2630 3757 2703 δρὼψ·
3858 2682 3865 2687 .

2166 2726 2227 2769 ut
2259 2715 2469 2785 liquido
2483 2717 2785 2783 constabit,
2816 2717 2862 2773 si
2885 2717 3075 2789 digitis
3098 2730 3430 2792 computans
3450 2720 3759 2779 litterarum

2166 2820 2460 2860 numerum
2485 2806 2622 2862 velis
2652 2807 2812 2862 inire.
2831 2807 3007 2874 Quam
3036 2808 3266 2865 miriﬁce
3289 2812 3472 2866 autem
3504 2810 3762 2868 Clemens

2167 2898 2285 2954 haec
2306 2899 2516 2965 omnia,
2538 2901 2900 2971 quantumvis
2931 2901 3118 2972 inepta
3146 2910 3200 2959 et
3220 2901 3457 2969 ludicra,
3483 2903 3764 2975 interpre~

2167 3001 2352 3057 telur;
2384 2992 2573 3046 malim
2602 3006 2670 3047 ex
2704 2991 2828 3063 ipso
2860 3006 3029 3063 quam
3084 3008 3153 3048 ex
3201 3009 3290 3049 me
3332 2995 3552 3053 audias.
3584 2996 3763 3052 Aliter

2164 3087 2333 3154 paulo
2370 3085 2487 3141 haec
2519 3086 2713 3141 ultima
2747 3085 2818 3141 ab
2865 3084 3145 3160 Hesychio
3173 3087 3573 3158 proferuntur;
3629 3106 3763 3146 nam

2162 3190 2267 3245 pro
2321 3175 2554 3242 κναξζὸὶ
2602 3176 2874 3248 χθύπτης,
2924 3177 3064 3243 κνάξ
3099 3178 3266 3235 habet
3302 3187 3359 3236 et
3410 3178 3539 3252 ζόὶχ
3572 3192 3629 3237 et
3664 3181 3765 3236 θύ-

2115 3261 2133 3286 ⁴
2167 3284 2329 3338 πτης.
2364 3266 2517 3335 Κνάξ
2541 3278 2729 3324 autem
2777 3269 3179 3339 interpretatur
3207 3270 3347 3339 γαλά
3374 3270 3587 3339 λευκὸν,
3626 3273 3761 3346 Ζόὶχ

2160 3355 2266 3426 (ita
2328 3355 2469 3426 lege,
2528 3371 2642 3412 non
2703 3356 2890 3428 ζαόὶχ)
2954 3357 3168 3426 λευκὸν,
3209 3367 3265 3416 et
3324 3361 3536 3434 θύπτης
3583 3365 3615 3417 ὁ
3664 3381 3761 3419 τυ-

2166 3446 2283 3516 ρός.
2330 3445 2514 3516 Atque
2546 3446 2713 3517 hujus
2747 3449 3090 3505 auctoritate
3129 3451 3398 3509 inductus
3447 3455 3760 3534 Salmasius

2162 3535 2330 3590 verba
2370 3534 2669 3607 Thespidis
2699 3537 2766 3592 ad
2792 3536 2941 3593 hunc
2970 3538 3192 3594 modum
3223 3541 3522 3601 immutare
3543 3544 3757 3601 voluit:

2308 3630 2415 3684 Ἴδε
2445 3647 2528 3685 σοι
2560 3630 2774 3686 σπένδω
2793 3630 2929 3698 κνάξ
2951 3632 3078 3704 ζϐὶχ
3105 3633 3321 3704 λευκόν,

2162 3732 2264 3779 Cl:

2311 3813 2420 3868 Ἴδε
2446 3832 2527 3869 σοι
2563 3814 2775 3885 θύπτην
2800 3815 2965 3886 τυρὸν
2992 3814 3174 3886 μίξας.

2163 3903 2269 3961 Sed
2298 3904 2548 3976 profecto
2578 3921 2687 3961 non
2713 3921 2778 3961 ea
2812 3915 2896 3963 est
2924 3905 3181 3978 Hesychii
3216 3907 3553 3977 auctoritas;
3573 3924 3759 3981 neque

2158 3997 2285 4068 plus
2318 3996 2482 4052 habet
2515 3999 2804 4064 momenti,
2835 4014 2998 4068 quam
3033 3998 3341 4055 Clementis
3368 4009 3424 4055 et
3456 4000 3755 4075 Porphyrii

2161 4091 2444 4146 hominum
2482 4091 2673 4146 multis
2703 4092 2950 4163 partibus
2981 4091 3075 4146 illo
3103 4092 3434 4148 doctiorum.
3455 4092 3576 4149 Non
3600 4095 3754 4151 enim

2157 4184 2372 4240 librarii
2404 4185 2567 4253 culpa
2606 4191 2691 4239 est
2725 4183 2869 4255 apud
2893 4184 3233 4264 Clementem
3269 4203 3281 4238 :
3315 4200 3495 4255 neque
3527 4187 3641 4241 ulla
3671 4192 3757 4244 si-

2157 4275 2416 4331 militudo
2446 4275 2562 4330 veri
2616 4286 2701 4330 est
2750 4294 2785 4345 χ
2841 4276 3080 4331 litteram
3112 4292 3142 4330 a
3179 4278 3346 4334 verbo
3377 4277 3609 4344 κναξζὸὶ
3636 4279 3757 4335 for-

2159 4368 2302 4422 tuito
2357 4366 2695 4438 disjunctam
2766 4367 2987 4433 inisse,
3043 4377 3099 4425 et
3161 4372 3327 4425 tertio
3389 4379 3518 4441 post
3583 4386 3754 4429 versu

2156 4459 2481 4526 repositam.
2566 4459 2859 4532 Porphyrii
2933 4469 3119 4517 autem
3194 4461 3301 4519 hoc
3368 4463 3753 4534 ἀποσπασμά-

2081 4586 2127 4643 D
2154 4566 2270 4604 τιον
2292 4558 2378 4605 est
2410 4564 2475 4605 ex
2537 4551 2679 4607 libro
2716 4569 2853 4609 mss.
2881 4553 3100 4609 Oxonii.

2464 4662 2578 4738 [49]
2615 4667 3007 4723 moreretur
3031 4669 3436 4725 ΦΙΛΟΣΟΦΟΥ.

2189 4777 2325 4849 Περὶ
2357 4777 2453 4832 τοῦ
2489 4780 2755 4851 Κναξζϐὶ,
2789 4781 3057 4904 χθῇῗῖἒς,
3083 4782 3333 4857 φλεγμὼ,
3367 4785 3503 4858 δρὸψ
3537 4788 3717 4862 ἑρμη-

2874 4870 3013 4908 νεια.

2151 4939 2243 4993 Ἐν
2270 4940 2496 5010 Δελφοῖς
2528 4944 2607 5007 είς
2631 4943 2723 4996 τὸν
2754 4945 2883 4999 ναὸν
2912 4947 3321 5019 ἐπιγέγραπται
3347 4951 3554 5022 τράγος
3599 4952 3757 5023 ίχθὺῐ

2150 5035 2244 5088 ἐπὶ
2275 5035 2521 5105 δελφῖνος
2542 5037 2915 5109 ἐπικείμενος.
2941 5040 3094 5106 Κνάξ
3125 5043 3227 5113 μὲν
3257 5044 3365 5116 γάρ
3387 5048 3536 5099 ἐστιν
3566 5050 3595 5101 ὁ
3613 5050 3754 5120 τρά-

2148 5146 2244 5198 γος
2291 5130 2433 5184 κατὰ
2486 5132 2772 5203 ἀποκοπὴν
2803 5134 2913 5188 τῶν
2961 5139 3244 5208 στοιχείων
3296 5139 3391 5193 τοῦ
3439 5159 3554 5206 κως
3605 5144 3791 5215 (lege-

2149 5220 2281 5290 κων)
2322 5222 2417 5274 καὶ
2463 5222 2625 5276 πάλιν
2666 5223 2961 5295 ἀφαίρεσιν
2999 5226 3134 5297 (imo
3184 5228 3504 5299 πρόσθεσιν)
3546 5230 3647 5286 τοῦ
3694 5231 3748 5298 ξ’

2149 5314 2352 5367 κνάκον
2383 5314 2491 5387 γὰρ
2520 5316 2791 5385 καλεῖται,
2821 5319 2898 5382 ὡς
2924 5321 3021 5374 καὶ
3047 5320 3342 5393 Θεόκριτος
3367 5325 3427 5377 ὲν
3460 5325 3751 5394 βουκόλοις

2146 5405 2316 5474 λέγει·
2344 5400 2456 5460 οἷον
2477 5408 2680 5478 τράγος
2714 5411 2809 5463 καὶ
2839 5409 3012 5481 ἰχθὺς,
3042 5414 3071 5467 ὁ
3110 5413 3212 5485 μὲν
3245 5413 3603 5486 φλεγόμενος,
3638 5419 3668 5470 ὀ
3689 5417 3750 5470 δὲ

2146 5498 2282 5570 δρὸγψ
2310 5498 2461 5569 ὄψον.
2519 5498 2683 5569 Λέγει
2717 5501 2774 5555 δὲ
2805 5503 2888 5557 ὅτι
2921 5505 2950 5557 ὀ
2974 5506 3178 5577 τράγος
3226 5507 3565 5580 φλεγόμενός
3619 5513 3749 5564 ἐστι

2148 5590 2384 5642 πάντοτε
2420 5590 2527 5643 ὑπὸ
2556 5590 2808 5660 λαγνίας,
2842 5594 2925 5647 ὅτι
2951 5595 3046 5648 ἐάν
3098 5612 3184 5659 τις
3213 5596 3313 5662 τὰς
3366 5600 3519 5669 ῥῖνας
3569 5599 3745 5652 αὑτοῦ

2147 5676 2510 5747 ἀποσφαλίσει
2572 5681 2698 5751 (leg.
2756 5682 3159 5761 ἀπασφαλίσῃ),
3205 5687 3293 5741 διὰ
3331 5688 3442 5742 τῶν
3490 5692 3746 5760 κεράτιον

2146 5772 2396 5824 ἀναπνεῖ.
2450 5771 2605 5843 Ἔχει
2661 5773 2715 5827 δὲ
2777 5775 2871 5830 καὶ
2919 5776 3114 5849 ἑτέραν
3176 5781 3483 5851 ἑρμηνείαν
3539 5781 3740 5843 οὕτως.

2147 5864 2219 5919 Τὸ
2253 5861 2478 5927 κναξζϐὶ
2516 5864 2658 5934 γάλα
2700 5867 2869 5936 ἐστὶν,
2902 5869 2964 5922 τὸ
3000 5868 3056 5922 δὲ
3093 5869 3342 5943 χθύπτης
3384 5873 3564 5950 τυρὶς,
3603 5872 3740 5940 Egi/iv
