3966 6450
213 430 313 501 753
1291 430 1658 496 EPISTULA
1687 433 1893 496 RICH.
1922 436 2311 502 BENTLEII.

213 560 263 613 δὲ
284 553 583 625 ἄνθρωπος’
602 553 821 625 δρῶπες
846 555 957 628 γὰρ
984 556 1035 608 οἱ
1067 554 1348 626 ἄνθρωποι
1376 555 1652 625 λέγονται.
1673 555 1786 609 Καὶ

1922 558 1956 613 ii
1990 567 2045 614 et
2090 560 2326 630 Menagii

214 651 362 720 ἔτερα
380 645 435 699 δὲ
458 647 691 700 πλεῖστα
711 647 941 700 τοιαῦτα
969 647 1058 701 διὰ
1078 646 1189 701 τῶν
1209 648 1287 701 κδ’
1308 648 1589 717 στοιχείων
1615 646 1794 718 ἀπαρ-

213 741 409 806 τίζοντα
442 736 574 792 ἴδιον
609 738 814 793 σκοπὸν
848 737 1108 810 εὕρομεν,
1129 733 1265 792 οἶονθ
1290 738 1443 802 Βὲδυ,
1486 736 1620 807 ζὰψ,
1651 736 1792 807 χθὼ,

214 831 499 898 πλῆκτρον,
540 829 729 897 σφίγξ,
772 829 800 882 ὃ
831 831 978 883 ἐστιν
1009 829 1204 893 οὕτως’
1243 829 1375 882 Βέδυ
1400 831 1549 882 ἐστὶν
1579 829 1614 898 ἡ
1649 827 1795 898 ὑγρὰ

217 921 377 997 uncia,
401 918 513 988 ζὰψ
533 921 567 989 ἡ
598 919 858 990 πυρώδης
892 919 1071 982 οὐσία,
1102 918 1219 990 χϐὼ
1242 922 1275 990 ἡ
1306 922 1399 990 γῆ,
1433 918 1714 987 πλῆκτρον
1739 917 1797 971 δὲ

215 1017 242 1068 ὁ
267 1014 389 1083 ἀὴρ,
424 1010 592 1081 σφὶγξ
629 1014 660 1080 ἡ
696 1011 902 1065 τούτων
930 1012 1083 1081 φιλία
1125 1012 1215 1066 διὰ
1258 1013 1321 1065 ab
1378 1010 1794 1079 συνεσφίγχθαι.

3360 428 3483 497 Δ’ῐῦί

2368 580 2381 617 :
2440 577 2565 633 quae
2623 561 2668 619 si
2716 576 2843 617 vera
2893 570 2980 617 est
3035 555 3331 615 sententia.
3371 572 3482 613 non

1895 666 2034 720 Opus
2083 662 2169 709 est
2201 662 2258 709 ut
2283 657 2453 710 multa
2486 654 2760 711 dicamus.
2793 653 2993 708 Statim
3029 652 3174 707 enim
3202 636 3522 704 constabit"

1897 741 2081 800 lonem
2124 744 2393 818 Aischylo
2434 745 2608 802 fuisse
2641 753 2771 799 natu
2794 745 3085 798 minorem.
3130 741 3346 809 Quippe
3381 736 3485 792 So-

1897 845 2079 891 crates
2120 844 2283 892 natus
2326 836 2754 908 Olymp._t.xxvn
2812 839 2958 890 anno
2993 826 3486 900 tv,'tantummodo

1898 942 1998 981 xm
2030 928 2210 983 aetatis
2259 944 2463 982 annum
2513 929 2730 999 agebat,
2777 943 2904 982 cum
2943 925 3245 995 Eschylus
3277 939 3340 977 ex
3372 924 3483 974 vita

1899 1019 2158 1085 excessit,
2184 1020 2439 1075 videlicet
2469 1020 2685 1091 Olymp.
2713 1035 2879 1074 um
2932 1034 3024 1072 an.
3048 1033 3089 1081 t,
3122 1017 3293 1071 Callia
3322 1015 3489 1069 Athe-

219 1104 448 1166 Κλώδιος
473 1102 531 1156 δὲ
565 1107 594 1156 ὁ
623 1102 971 1173 Νεαπολίτης
1001 1102 1177 1167 οὕτως
1223 1104 1541 1175 ἡρμήνευσε
1568 1102 1628 1154 τὸ
1660 1117 1800 1170 προ-

221 1196 475 1267 κείμενονο
510 1196 640 1265 ἀὴρ,
676 1188 948 1261 θάλασσα,
977 1197 1073 1265 γῆ,
1106 1195 1280 1265 ἣλιος.
1319 1194 1430 1248 Καὶ
1458 1192 1634 1263 ἕτεροί
1654 1209 1800 1256 τινες

223 1285 491 1361 φιλόσοφοί
524 1304 585 1340 τε
625 1287 723 1342 καὶ
758 1288 981 1349 ποιηταὶ
1009 1286 1200 1341 τοῦτον
1241 1286 1333 1340 τὸν
1369 1286 1569 1340 σκοπὸν
1617 1285 1801 1356 ἡρμή-

227 1395 425 1432 νευσαν.

293 1470 403 1524 Non
448 1470 613 1537 longe
663 1484 692 1523 a
731 1469 1001 1539 principio
1033 1468 1114 1524 sic
1156 1468 1339 1523 scribe
1374 1486 1387 1521 :
1419 1467 1654 1521 Κνάκων
1693 1467 1802 1539 γὰρ

231 1564 480 1625 καλεῖται,
528 1562 602 1624 ὡς
643 1564 673 1616 ὁ
705 1561 997 1632 Θεόκριτος
1024 1562 1084 1615 ὲν
1111 1561 1460 1624 Βουκολικοῖς
1496 1559 1667 1628 λέγει.
1696 1556 1805 1612 1.ιο-

231 1676 321 1716 cus
349 1668 426 1714 est
461 1639 662 1729 lily-ilio
697 1657 861 1712 tertio
898 1671 913 1708 :

302 1815 314 1829 .
388 1812 402 1826 .
482 1813 496 1827 .
577 1812 592 1827 .
674 1811 748 1826 ..
833 1816 846 1829 .
926 1810 941 1826 .
1020 1810 1036 1828 .
1116 1811 1129 1825 .
1213 1809 1228 1824 .
1304 1770 1808 1837 καὶτόνένόρχαν

239 1848 341 1898 Τὸν
360 1843 619 1898 Λιϐυκὸν
643 1842 924 1896 κνάκωνα
944 1841 1290 1911 φυλάσσεο,
1316 1840 1401 1910 μὴ
1436 1839 1507 1893 τὺ
1543 1841 1803 1909 eqvum].

1901 1111 1989 1166 nis
2010 1112 2296 1167 archonte.
2341 1112 2450 1168 Sed
2486 1114 2550 1167 de
2592 1112 2835 1182 Ephesio
2864 1111 2971 1166 isto
3008 1116 3251 1179 pugnant
3289 1108 3492 1159 adven

1903 1218 2001 1258 sus
2035 1203 2338 1274 Gyraldum
2380 1215 2432 1259 et
2465 1202 2808 1272 Sealigernm
2838 1202 3200 1255 eruditissimi
3263 1199 3487 1267 quidem

1903 1295 2157 1351 homines
2190 1294 2300 1350 Leo
2324 1295 2560 1358 Allatius
2588 1304 2643 1350 et
2664 1293 2905 1349 Joannes
2937 1292 3163 1347 Jonsius
3188 1309 3205 1343 :
3241 1292 3331 1344 ille
3364 1305 3496 1343 con-

1904 1389 2149 1443 tumeliis
2187 1388 2380 1453 fretus,
2417 1396 2471 1444 et
2519 1405 2584 1444 eo
2636 1386 2785 1457 quod
2827 1386 2981 1441 nullo
3014 1393 3242 1439 auctore
3284 1383 3494 1452 primus

1906 1479 1957 1533 id
1989 1478 2194 1532 dixerit
2225 1475 2521 1548 Gyraldus,
2563 1477 2821 1548 quodque
2860 1470 3495 1551 Ephesiusvrhapsodus

1908 1570 2094 1633 fuerit,
2133 1585 2243 1623 non
2276 1569 2558 1639 tragicus;
2602 1568 2691 1626 hic
2722 1579 2904 1621 autem
2956 1564 3233 1621 acerrimo
3266 1563 3373 1621 telo
3404 1578 3498 1615 ar-

1908 1672 2112 1724 matus,
2171 1662 2301 1731 quia
2361 1661 2503 1715 ratio
2544 1668 2861 1730 temporum
2908 1658 3179 1712 reclamat
3232 1656 3500 1709 εει·ἰιίι·ει

1907 1753 2089 1805 Ionem
2121 1752 2319 1817 Chium
2354 1749 2566 1822 Olymp.
2597 1766 2749 1805 Lxxn
2785 1748 3085 1821 tragoedias
3114 1747 3368 1802 docuisse
3391 1761 3499 1799 non

1910 1846 2094 1898 minus
2142 1854 2319 1898 annos
2357 1843 2549 1911 viginti
2589 1843 2911 1912 priusquam
2939 1840 3205 1895 Socrates
3238 1853 3502 1893 nascere—

238 1936 362 1990 lllud
412 1941 590 1987 autem
631 1933 795 1988 nimis
840 1906 1098 1987 lestivnm
1150 1940 1260 1998 est,
1307 1906 1456 2003 quod
1518 1906 1807 1997 aliquanto
1841 1906 1882 1962 Β
1912 1944 2023 1998 tur,
2058 1932 2275 2005 Olymp.
2314 1906 2537 1987 demum
2582 1906 2786 1996 nxxrn,
2821 1947 2897 1985 tv.
2932 1929 3061 1984 Mihi
3097 1928 3322 1998 quidem
3348 1926 3499 1980 idem

239 2033 359 2096 post
406 2026 698 2095 sequitur:
741 2022 952 2094 Caprae
1004 2024 1245 2089 scilicet,
1288 2025 1334 2080 si
1372 2024 1498 2093 quis
1545 2024 1617 2078 iis
1647 2038 1810 2078 nares

210 2116 474 2181 'obturet,
503 2118 764 2172 cornibus
790 2118 1029 2187 Spirare.
1059 2115 1166 2171 Sed
1200 2131 1306 2186 pro
1329 2116 1582 2186 κεράτων
1614 2115 1811 2169 certis-

248 2208 382 2263 sime
413 2206 802 2262 emendandum
835 2215 922 2262 est
953 2207 1163 2261 οὐάτων
1187 2206 1271 2261 vel
1310 2204 1483 2260 ὢτων.
1518 2203 1714 2266 Varro,
1743 2205 1814 2258 De

258 2318 312 2356 re
337 2300 564 2355 rustica:
588 2298 663 2352 De
687 2299 876 2369 quibus
901 2298 1283 2353 admirandum
1302 2297 1461 2361 illud,
1493 2299 1633 2368 quod
1654 2298 1816 2351 etiam

257 2388 536 2444 Archelaus
566 2389 779 2454 scribit;
816 2404 1005 2458 capras
1041 2407 1167 2456 non,
1202 2397 1259 2443 ut
1292 2389 1500 2460 reliqua
1531 2388 1816 2452 animalia,

251 2479 482 2542 naribus,
510 2480 601 2534 sed
653 2480 876 2535 auribus
908 2481 1159 2549 spiritum
1194 2480 1386 2534 ducere
1416 2481 1607 2534 solere.
1675 2479 1817 2533 Ideni

246 2583 469 2626 narrant
497 2571 709 2629 Plinius
745 2580 800 2628 et
842 2571 1118 2627 IElianns.
1151 2570 1379 2626 Clodius
1413 2572 1520 2627 iste
1560 2571 1820 2641 Neapoli--

247 2669 403 2719 tauus
436 2663 635 2719 librum
684 2648 995 2733 composuit
1035 2664 1302 2719 adversus
1343 2679 1441 2718 eos
1498 2664 1593 2734 qui
1656 2679 1824 2718 carne

249 2754 614 2819 abstinerent;
668 2764 731 2810 ut
776 2756 938 2812 testis
997 2762 1085 2811 est
1137 2756 1258 2826 ipse
1313 2755 1653 2827 Porphyrius
1690 2756 1826 2828 Περὶ

248 2847 450 2917 ἀποχῆς
476 2847 770 2919 ὲμψύχωνς
808 2864 991 2916 neque
1014 2848 1159 2905 alius
1195 2849 1492 2920 quisquam
1525 2849 1675 2905 illius
1710 2866 1826 2903 me-

246 2940 425 3003 minit.
459 2939 607 3010 quod
639 2940 838 2997 sciam.
876 2940 1064 2996 Fidem
1099 2941 1151 2997 id
1184 2942 1339 3007 facit,
1374 2942 1602 2997 minime
1632 2941 1828 3012 ψευδε-

247 3031 496 3102 πίγραφα
544 3033 659 3087 haec
711 3047 861 3101 esse,
920 3033 1017 3089 sed
1063 3049 1130 3089 ex
1175 3034 1483 3106 Porphyrio
1519 3034 1662 3091 bona
1724 3034 1830 3090 lide

248 3132 523 3193 excerpta.

1913 2034 1997 2081 est
2028 2027 2267 2092 animus,
2302 2041 2410 2079 non
2442 2040 2613 2079 unum
2648 2032 2701 2076 et
2730 2023 2982 2078 eumdem
3012 2020 3183 2078 fuisse
3218 2019 3415 2075 Chium
3448 2028 3503 2072 ιιι

1914 2118 2239 2188 Ephesium;
2292 2118 2464 2173 Chius
2503 2117 2649 2171 enim
2696 2123 2751 2170 et
2790 2129 2990 2186 genere
3039 2121 3094 2168 et
3140 2112 3339 2182 opibus
3397 2108 3504 2164 fuit

1915 2216 2134 2265 clarus:
2173 2212 2268 2280 qui
2304 2225 2430 2264 cum
2467 2208 2696 2263 Athenis
2747 2206 2861 2279 [51]
2907 2206 3186 2276 quondam
3230 2203 3504 2274 tragmdia

1916 2302 2080 2357 simul
2106 2310 2159 2356 et
2190 2302 2537 2373 dithyrambo
2570 2301 2818 2365 vicisset,
2847 2299 2972 2354 Chii
3007 2299 3115 2352 vini
3146 2298 3341 2352 cadum
3374 2297 3505 2349 viri-

1919 2395 2013 2448 tim
2048 2394 2247 2460 cuique
2281 2394 2482 2449 civium
2520 2394 2704 2460 dedit;
2747 2402 2808 2447 ιιι
2861 2398 3171 2447 memorant
3207 2389 3502 2444 Athenzens

1919 2495 1970 2539 et
1992 2481 2203 2538 Comici
2231 2493 2520 2538 enarrator
2553 2480 2619 2535 ad
2648 2482 2872 2537 Pacem.
2906 2478 3227 2534 Luculentte
3258 2490 3389 2530 vero
3418 2474 3504 2527 di-

1921 2575 2090 2639 vitiae,
2120 2589 2243 2645 quae
2275 2583 2383 2628 tam
2420 2573 2637 2629 eximite
2681 2572 3001 2627 liberalitati
3032 2571 3281 2627 sullicere
3310 2576 3508 2638 potue-

1923 2676 2072 2720 runt.
2107 2665 2380 2736 Ephesius
2410 2665 2573 2719 homo
2622 2664 2906 2719 mendicus
2937 2671 2992 2718 et
3036 2657 3513 2716 circumforancns

1925 2756 2246 2813 eantitando
2298 2767 2352 2812 et
2382 2754 2788 2826 gesticulando
2819 2755 3022 2810 victum
3054 2753 3269 2822 inopem
3313 2750 3515 2821 quaeri-

1927 2854 2073 2910 tans,
2107 2855 2167 2901 ut
2198 2863 2319 2902 mos
2348 2852 2465 2901 erat
2511 2844 2836 2914 rhapsodis;
2887 2859 3028 2914 quos
3061 2843 3335 2897 Homerus
3377 2854 3517 2895 suus

1926 2939 2139 2993 misella
2175 2939 2317 3008 stipe
2344 2948 2399 2992 et
2430 2938 2732 2993 esuritione
2768 2936 3048 3006 pascebat.
3080 2934 3204 3005 ipse
3242 2933 3310 2987 de
3337 2947 3397 2987 se
3431 2931 3516 2984 loc

1929 3031 2113 3101 quitur
2151 3029 2295 3101 apud
2333 3028 2611 3084 Platonem
2653 3048 2666 3082 :
2699 3031 2790 3082 Δεῖ
2835 3028 2944 3100 γάρ
2972 3044 3039 3098 με
3072 3028 3169 3082 καὶ
3198 3024 3387 3097 σφόδρ’
3418 3024 3519 3078 αὑ-

1929 3126 2041 3187 τοῖς
2071 3125 2203 3193 (τοῖς
2232 3120 2473 3190 θεαταῖς)
2526 3120 2617 3173 τὸν
2653 3119 2776 3172 νοῦν
2814 3118 3130 3189 προσέχειν,
3170 3118 3246 3180 ὠς
3286 3116 3382 3168 ἐὰν
3418 3115 3517 3185 μὲν

318 3211 375 3265 Ρ.
408 3214 530 3268 181.
562 3215 672 3268 Καὶ
705 3217 846 3286 μετὰ
870 3215 1031 3269 τοῦτο
1061 3217 1270 3281 Μίνως,
1312 3218 1409 3272 καὶ
1457 3219 1596 3288 μετὰ
1631 3217 1827 3273 Μίνωα
1853 3249 1895 3307 C
1931 3214 2217 3276 κλαίοντας
2251 3211 2452 3275 αὐτοὺς
2494 3210 2727 3277 καθίζω,
2773 3209 2938 3272 αὐτὸς
2980 3208 3289 3277 γελάσομαι
3341 3203 3517 3277 ἀργύ-

242 3306 464 3371 Abisag.
502 3307 627 3361 Dixi
655 3324 829 3363 meam
863 3310 1192 3364 sententiam
1226 3328 1239 3364 :
1273 3311 1533 3365 nimirum
1563 3319 1658 3365 aut
1693 3311 1829 3365 vitio

243 3399 455 3454 codicis
488 3408 589 3454 aut
613 3402 893 3456 memoria:
922 3401 1117 3455 falsum
1142 3417 1268 3457 esse
1300 3400 1608 3469 Joannem;
1659 3409 1712 3456 et
1761 3403 1828 3457 ad

241 3492 382 3547 hunc
418 3494 649 3547 modum
688 3509 714 3546 a
750 3495 925 3564 prima
974 3510 1136 3548 manu
1171 3496 1437 3564 scriptum
1470 3495 1664 3557 videri,
1720 3496 1833 3548 Καὶ

242 3585 376 3651 μετὰ
403 3583 604 3637 τοῦτον
644 3586 788 3650 Ἴων,
825 3587 920 3638 καὶ
963 3584 1102 3655 μετὰ
1134 3587 1300 3639 Ἴωνα
1332 3586 1615 3656 Αἰσχύλος.
1659 3586 1831 3641 Porro

239 3678 344 3730 iste
370 3676 497 3749 [50]
539 3678 633 3731 Ion
662 3689 822 3746 poeta
856 3677 959 3731 fuit
988 3677 1501 3747 tragicusmatione
1520 3677 1695 3733 Chius
1727 3696 1741 3732 :
1765 3678 1833 3734 de

234 3786 345 3837 quo
383 3770 518 3827 ideo
541 3770 696 3838 plura
734 3768 1007 3834 dicemus,
1044 3770 1170 3839 quia
1206 3770 1483 3834 Thespide
1511 3778 1565 3824 et
1595 3768 1833 3841 Eschy-

235 3864 287 3916 lo
336 3862 645 3932 aliquanto
688 3871 787 3917 est-
814 3864 1091 3932 ignotior;
1144 3870 1259 3917 tum
1310 3873 1501 3937 autem
1552 3872 1610 3918 ut
1668 3865 1830 3934 quasi

232 3954 523 4020 specimen
542 3952 744 4006 demus
781 3952 946 4008 istius
979 3952 1188 4021 operis,
1213 3952 1374 4021 cujus
1409 3960 1568 4007 antea
1598 3952 1834 4009 fecimus

234 4044 607 4107 intentionem,
641 4058 750 4111 quo
778 4041 1047 4114 Reliquias
1102 4043 1276 4097 omnis
1331 4042 1531 4098 (ἔνιπτε
1587 4060 1830 4112 poeseos,

233 4136 668 4205 philosophicas,
701 4136 891 4204 epicae,
935 4135 1212 4201 elegincai,
1246 4134 1587 4202 dramaticar,
1629 4138 1837 4208 lyrica:-

230 4244 340 4296 qne
385 4228 665 4296 colligere
718 4225 1019 4281 voluimus.
1063 4223 1169 4279 Sed
1221 4224 1337 4279 haec
1380 4224 1622 4281 fuerunt.
1677 4227 1832 4282 Prin-

229 4321 381 4389 cipio
437 4326 634 4373 autem
691 4332 800 4372 non
848 4316 1050 4388 injuria
1103 4315 1275 4372 Chius
1316 4326 1508 4373 noster
1558 4334 1666 4374 una
1709 4334 1836 4375 cum

1933 3325 2048 3379 ριον
2091 3306 2406 3377 λαμϐάνων·
2449 3306 2544 3358 ἐὰν
2575 3304 2632 3356 δὲ
2664 3302 2966 3372 γελῶντας,
3012 3300 3174 3363 αὐτὸς
3208 3298 3520 3369 κλαύσομαι

1931 3398 2197 3471 ἀργύριον
2218 3396 2478 3460 ἀπολλύς.
2502 3396 2677 3451 Chius
2710 3398 2763 3450 in
2804 3395 2953 3449 omni
2991 3395 3298 3447 litterarum
3323 3405 3521 3461 genere

1932 3507 2190 3563 magnum
2226 3506 2422 3545 nomen
2463 3501 2546 3544 est
2592 3499 2927 3544 consecutus
2960 3505 2973 3541 :
3004 3485 3276 3556 Ephesius
3321 3492 3521 3553 praeter

1934 3584 2229 3638 llmnernm
2282 3582 2420 3636 nihil
2457 3582 2662 3636 doctus
2696 3590 2924 3635 cantare
2957 3597 2970 3632 :
3011 3579 3157 3632 sicut
3187 3576 3253 3629 de
3288 3589 3347 3629 se
3383 3573 3521 3626 l'..te-

1934 3683 2059 3743 tur;
2091 3691 2218 3730 cum
2251 3688 2280 3727 a
2320 3674 2552 3728 Socrate
2588 3673 2961 3741 interrogatus
3006 3679 3190 3722 utrum
3222 3666 3520 3720 Homerum

1933 3769 2114 3827 solum
2149 3766 2395 3833 calleret,
2420 3783 2491 3823 an
2517 3767 2681 3822 etiam
2704 3762 2997 3820 Hesiodum
3021 3770 3075 3816 et
3093 3761 3522 3821 Archilochum;

1933 3864 2240 3934 respondit,
2267 3862 2490 3917 minime
2513 3858 2734 3930 quidem
2762 3859 2924 3917 istos.
2957 3855 3051 3911 sed
3089 3853 3387 3908 Homerum
3427 3867 3524 3906 sn-

1935 3958 2047 4011 lum
2070 3975 2084 4011 :
2105 3965 2270 4026 atque
2300 3955 2404 4009 hoc
2439 3954 2576 4010 satis
2606 3968 2750 4009 esse.
2771 3950 2838 4004 Et
2864 3951 3148 4020 aliquanto
3180 3956 3331 4016 post:
3354 3946 3525 3999 Ὅταν

1940 4048 2041 4120 μέν
2061 4065 2165 4112 τις,
2202 4046 2296 4110 ait,
2322 4047 2450 4116 περὶ
2472 4044 2569 4098 τοῦ
2603 4043 2764 4098 ἄλλον
2787 4038 3014 4110 ποιητοῦ
3044 4037 3383 4107 διαλέγηται,
3401 4035 3525 4087 οὐδὲ
3546 4086 3549 4089 η

1937 4138 2195 4212 προσέχω
2225 4136 2375 4203 νοῦν,
2420 4135 2668 4190 ἀδυνατῶ
2696 4153 2755 4189 τε
2801 4135 2896 4188 καὶ
2926 4132 3107 4188 ὁτιοῦν
3149 4128 3523 4201 συμϐαλέσθαι

1937 4228 2095 4299 λόγου
2127 4228 2297 4295 ἄξιον,
2327 4226 2442 4281 ἀλλ’
2489 4226 2733 4297 ἀτεχνῶς
2774 4223 3043 4291 νυστάζω,
3080 4231 3133 4279 et
3184 4224 3290 4276 alia
3345 4222 3522 4290 pluria
3589 4262 3595 4268 .

1937 4322 2001 4377 in-
2059 4322 2205 4376 hanc
2266 4320 2614 4377 sententiam.
2665 4319 2759 4373 Sic
2820 4318 2989 4387 igitur
3038 4330 3358 4386 persuasum
3422 4312 3524 4365 ha-

229 4411 513 4482 IEschylo
553 4417 920 4474 memoratur,
957 4410 1047 4464 cui
1078 4408 1211 4464 olim
1239 4409 1484 4465 atnieitia
1518 4421 1570 4466 et
1596 4409 1838 4466 familia-
1938 4416 2063 4481 beo,
2087 4415 2225 4471 Chio
2258 4414 2334 4468 illi
2362 4420 2418 4468 et
2449 4411 2694 4483 Ephesio
2725 4410 2995 4482 patriam,
3017 4424 3212 4480 genus,
3246 4407 3520 4465 fortunas.

227 4505 403 4560 ritate
433 4503 783 4573 coniunctus
815 4501 952 4562 fuit;
989 4511 1050 4556 ut
1092 4519 1158 4558 ex
1191 4502 1491 4560 Plutarcho
1534 4513 1754 4558 constat
1781 4505 1836 4560 in
1940 4508 2242 4579 ingenium,
2293 4507 2501 4571 studia,
2533 4521 2735 4571 mores,
2793 4504 2980 4560 omnia
3027 4502 3267 4572 denique
3327 4509 3526 4570 praeter

228 4595 379 4647 libro
423 4594 531 4662 qui
593 4591 922 4647 inscribitur
954 4589 1080 4654 Πῶς
1134 4590 1201 4645 ἄν
1236 4608 1322 4655 τις
1368 4591 1608 4645 αἴσθοιτο
1640 4591 1817 4645 saturei

1920 4578 2137 4657 nomen
2156 4607 2210 4655 et
2232 4608 2448 4655 aetatem
2476 4598 2719 4669 disparia
2737 4578 2942 4653 luisse.
2963 4597 3021 4650 Et
3061 4604 3275 4650 atatem
3299 4593 3528 4664 quidem

224 4687 657 4757 προκόπτοντος
682 4683 771 4737 ἐπ’
804 4685 1001 4755 ἀρετῇ.
1030 4682 1316 4753 Αἰσχύλος,
1351 4684 1450 4747 ait,
1478 4681 1685 4754 Ἰσθμοί
1707 4683 1816 4747 θεώ

1945 4708 2069 4748 cum
2116 4692 2264 4755 dico,
2308 4707 2439 4765 cave
2465 4706 2590 4746 cum
2633 4689 2825 4746 Jonsio
2862 4701 2916 4745 et
2963 4686 3208 4743 Gerardo
3242 4685 3437 4741 Vossio
3474 4693 3531 4740 et

228 4795 400 4848 μενος
429 4777 635 4845 ἀγῶνα
665 4774 909 4839 πυκτῶν,
940 4776 1064 4829 ἐπεὶ
1089 4775 1388 4846 πληγέντος
1414 4775 1605 4846 ἐτέρου
1623 4779 1683 4831 τὸ
1714 4778 1817 4833 Θέα·

1944 4785 2194 4857 Menagio
2224 4784 2293 4840 ad
2332 4783 2553 4857 Olymp.
2604 4800 2752 4838 um
2801 4784 2986 4838 lonem
3020 4781 3223 4836 Chium
3277 4778 3529 4849 rejicias.

222 4886 359 4940 τρον
415 4868 725 4936 ἐξέκραγε,
759 4864 924 4931 νύξας
952 4868 1115 4920 Ἴωνα
1156 4866 1247 4919 τὸν
1290 4868 1442 4931 Χῖον,
1477 4867 1661 4939 Ὁρᾷς.
1712 4868 1815 4941 Egon

1944 4877 2036 4948 qui
2071 4877 2125 4931 in
2151 4874 2589 4932 erubescendum
2613 4890 2860 4929 errorem
2890 4873 3204 4928 inciderunt
3238 4872 3425 4934 inscii,

222 4959 340 5014 οἷον
376 4962 414 5031 ἡ
446 4958 695 5028 ἄσκησίς
722 4960 889 5011 ἐστιν’
928 4959 957 5011 ὁ
994 4957 1290 5028 πεπληγὼς
1314 4960 1516 5030 σιωπᾷ,
1546 4960 1594 5012 οἱ
1616 4959 1675 5013 δὲ
1706 4959 1812 5015 0εώ

2053 4969 2119 5023 Et
2150 4970 2385 5040 graviter
2408 4970 2588 5039 magni
2622 4984 2813 5039 magno
2843 4966 3079 5022 cecidere
3109 4967 3179 5020 ibi
3211 4981 3342 5019 casu
3376 4979 3396 5019 :

225 5071 355 5122 μενι
391 5051 603 5124 βοῶσι.
634 5047 864 5113 Iuvenis
896 5058 1084 5105 tamen
1117 5066 1242 5105 cum
1270 5066 1404 5106 sene
1432 5060 1685 5107 versatus
1719 5062 1803 5107 est

1945 5063 2015 5117 ab
2053 5062 2339 5117 hominum
2373 5060 2694 5117 {utilissimo
2720 5059 2947 5115 Emilio
2978 5059 3145 5115 Porto
3175 5059 3411 5128 decepti,
3434 5059 3531 5128 qui

221 5153 282 5202 et
311 5147 371 5201 in
408 5161 488 5201 eo
521 5144 748 5215 quidem
780 5159 892 5198 non
940 5143 1141 5199 leviter
1174 5158 1460 5214 peccatum
1490 5155 1576 5201 est
1611 5161 1639 5198 a
1668 5145 1817 5201 Joan

1947 5153 2131 5209 Suidte
2159 5154 2350 5219 verba,
2378 5148 2624 5223 Ἤρξατο
2666 5152 2767 5216 τὰς
2792 5150 3102 5223 τραγῳδίας
3130 5150 3406 5204 διδάσκειν
3434 5151 3530 5202 ἐπὶ

223 5254 322 5301 ne,
345 5237 513 5307 quod
536 5237 724 5290 lenem
746 5233 1012 5305 Eschylo
1037 5235 1395 5290 vetustiorem
1416 5236 1602 5292 faciat.
1623 5236 1817 5292 Utinan

1943 5243 2043 5314 τῆς
2068 5243 2157 5314 πβθ
2202 5244 2593 5316 Ὀλυμπιάδος,
2641 5244 2716 5297 ita
2760 5242 2953 5296 Latina
2991 5241 3141 5306 fecit,
3182 5250 3447 5315 tanquam
3479 5243 3529 5295 si

225 5343 367 5382 vero
424 5332 763 5397 superesset
794 5325 955 5380 hodie
1007 5324 1236 5381 Batonis
1271 5325 1605 5394 Sinopensis
1665 5328 1840 5383 liber!
1946 5333 2038 5389 Ion
2074 5333 2289 5406 Olymp.
2322 5351 2469 5389 Lxxn
2494 5335 2747 5389 scribere
2767 5334 3050 5403 coepisset.
3084 5332 3272 5402 Atqui,
3300 5348 3334 5387 ο
3362 5331 3528 5393 bone,

222 5417 401 5475 Plura
450 5417 534 5472 de
589 5416 737 5471 Ionis
793 5424 959 5471 uitale
986 5427 1042 5472 et
1067 5416 1414 5473 eVidenliora
1446 5417 1558 5472 dici
1593 5430 1841 5488 possent,
1947 5423 2037 5495 πβ¹
2068 5433 2197 5479 sunt
2223 5440 2419 5479 anxir
2452 5442 2464 5478 :
2508 5437 2559 5480 et
2592 5424 2930 5480 scholiastes
2961 5423 3158 5478 comici
3193 5438 3301 5476 non
3334 5437 3531 5477 nume-

225 5527 389 5566 nunc
444 5508 571 5567 soli
618 5509 677 5564 in
738 5508 985 5565 obscuro
1034 5509 1362 5578 lubricaque
1393 5511 1617 5566 tramite
1669 5514 1848 5584 magis
1945 5533 2133 5571 rerum
2187 5527 2373 5581 notas,
2402 5534 2592 5572 verum
2648 5518 2860 5588 integra
2917 5519 3083 5575 verba
3143 5515 3383 5580 exhibet,
3436 5513 3532 5568 ἐπὶ

222 5614 567 5671 reptamns,
597 5615 765 5670 qnam
811 5600 1144 5670 pedetentim
1187 5601 1549 5672 ingredimur.
1594 5604 1810 5660 Platoni

1945 5609 2312 5681 ὀγδοηκοστῆς
2343 5610 2437 5663 καὶ
2461 5608 2721 5681 δευτέρας
2737 5608 3122 5679 Ὀλυμπιάδος.
3151 5605 3333 5662 Facile
3364 5607 3532 5676 igitur

221 5700 314 5744 est
339 5690 785 5761 Dialogus.quo
814 5691 1082 5747 Socrates
1098 5707 1411 5748 sermonem
1444 5694 1684 5751 instituit
1718 5714 1842 5751 cum
1948 5716 2045 5771 per
2076 5710 2305 5756 aetatem»
2330 5703 2540 5757 licitum
2598 5710 2705 5767 est,
2756 5717 2917 5757 usum
2970 5710 3025 5754 et
3069 5700 3529 5755 consuetudinem

227 5779 366 5838 Ione
398 5782 662 5852 quodam
708 5782 983 5853 Ephesio;
1015 5800 1178 5855 quem
1206 5800 1233 5837 a
1270 5786 1405 5839 Chio
1441 5801 1551 5840 non
1585 5804 1710 5843 esse
1767 5791 1846 5843 di-
1949 5792 2063 5846 loni
2101 5794 2241 5848 Chio
2270 5808 2395 5848 cum
2451 5793 2680 5851 Socrate
2724 5793 2917 5848 fuisse.
2947 5790 3092 5858 Quin
3137 5793 3256 5860 ipse
3288 5790 3344 5844 in
3412 5791 3532 5845 suis

224 5891 467 5930 versum
511 5874 703 5941 Opinio
727 5884 810 5929 est
838 5876 957 5932 Lilii
983 5876 1227 5949 Cyl-aldi.
1252 5875 1378 5932 Julii
1414 5879 1702 5948 Scaligeri,
1726 5881 1843 5937 Dcl-
1950 5886 2174 5956 scriptis
2210 5886 2459 5942 Socratis
2494 5887 2828 5941 tuentioncm
2870 5886 3016 5940 fecit.
3047 5882 3319 5955 Diogenes
3344 5883 3532 5938 Lacrt.
