3966 6460
354 443 460 508 ’ἔξιτ’

1413 445 1783 508 EPISTULA
1831 445 2042 506 RICH.
2095 422 2483 506 BENTLEII.

3520 442 3628 507 758

353 561 476 615 ιδεῖν
515 558 630 630 βίον
675 559 892 632 ἀνέρος,
928 561 1207 634 πολιῆται.
1243 559 1466 632 licpone
1519 577 1584 618 ex
1617 561 1926 617 certissima

2046 557 2245 614 .issima
2283 557 2636 623 emendatio;
2679 569 2744 612 ea
2784 560 2916 610 sunt
2947 552 3190 610 canistra
3244 551 3498 621 virgultis
3527 563 3620 608 aut

351 649 672 722 conjectura
724 653 789 706 ὲκ
822 651 1069 718 Φοίνικος
1120 653 1154 724 ἢ
1201 654 1489 718 Καινέωςο
1527 664 1580 710 et
1613 668 1805 711 versus
1831 655 1936 710 iste

2046 647 2218 717 iuncis
2239 657 2520 705 contexta.
2544 646 2888 720 Hesychius:
2918 645 3136 716 Σῆστρα
3162 644 3392 698 κόσκινα
3423 644 3454 716 ἢ
3487 644 3628 715 κύμ-

353 740 615 796 Heroicus
641 750 750 807 est,
785 760 897 798 non
928 745 1144 801 alienus
1173 760 1202 799 a
1241 745 1533 816 tragtedia.

416 836 487 887 El
509 833 560 886 δ’
583 834 700 904 ἐγὼ
717 835 893 904 ὀρθὸς
921 834 1072 890 ἰδεῖν
1087 837 1235 900 ,βίον
1265 834 1505 905 ἀνέρος,
1523 831 1570 890 ὦ
1599 835 1903 904 πολιῆται.

354 927 431 982 sie
462 924 764 982 Athenaeus
797 927 892 980 lib.
917 943 979 982 ιιι
1010 935 1066 982 et
1085 944 1136 982 ιν
1175 944 1190 980 :
1228 929 1354 982 Ἴων
1385 929 1444 982 ὲν
1474 927 1762 1000 conixus
1798 929 1935 980 Και-

350 1021 445 1074 νεῖ.
473 1018 666 1090 Itaque
697 1028 783 1076 est
805 1021 1014 1086 Φοίνιξ
1054 1021 1092 1090 ἣ
1129 1021 1389 1086 Καινεύς
1423 1029 1478 1077 et
1498 1020 1706 1086 Φοίνιξ
1731 1018 1936 1075 δεύτε-

346 1127 472 1180 ρος.
507 1107 644 1164 Vide
673 1109 1008 1182 llesychium
1039 1111 1095 1166 in
1129 1111 1440 1182 Τιμαλφής.
1495 1111 1792 1167 Athenaeus
1833 1111 1939 1168 line

353 1201 443 1255 lib.
480 1216 529 1254 tv
567 1219 580 1254 :
616 1201 706 1254 Ἐν
736 1201 794 1254 δὲ
853 1201 932 1272 τῷ
961 1202 1198 1272 δευτέρῳ
1249 1203 1458 1258 Φοίνικι
1513 1205 1542 1257 ὁ
1578 1205 1703 1257 Ἴων
1749 1203 1934 1274 φησίν.

356 1291 630 1345 Ἐκτυπον
675 1291 824 1360 ἄγων
884 1293 1057 1366 βαρὺν
1095 1294 1257 1349 αὐλὸν
1284 1295 1532 1366 τρέχοντι
1568 1295 1778 1366 ῥυθμῷ,

353 1382 492 1435 οὕτω
543 1382 720 1450 λέγων
771 1383 850 1454 τῷ
877 1385 1121 1457 Φρυγίῳ.
1157 1383 1276 1440 Non
1313 1385 1378 1440 de
1441 1387 1614 1441 nihilo
1663 1396 1750 1441 est
1793 1385 1939 1456 quod

356 1471 513 1526 codd.
545 1487 680 1526 mss.
709 1480 1028 1528 constanter
1071 1473 1332 1528 exhibent
1365 1475 1628 1546 τρέχοντα
1649 1492 1663 1506 ·
1710 1475 1776 1530 ad
1802 1489 1942 1546 quo-

359 1577 472 1616 rum
499 1561 761 1616 indicium
785 1563 866 1619 sic
891 1564 1116 1634 legerim
1149 1581 1164 1618 :

566 1713 585 1728 .
619 1711 636 1727 .
669 1716 682 1728 .
719 1715 732 1726 .
765 1675 1104 1746 ἐκτύπουν,
1141 1677 1303 1746 ἄγων
1334 1678 1540 1746 βαρὺν

557 1745 780 1807 amor,
815 1745 1104 1814 τρέχοντα
1123 1745 1360 1818 ῥυθμόν
1383 1789 1396 1803 .
1422 1745 1446 1802 ί.
1480 1788 1492 1802 .
1521 1787 1537 1803 .

365 1845 422 1892 ut
449 1837 500 1892 in
535 1837 812 1906 Euripidis
843 1837 1045 1894 Rheso.

499 1927 792 1982 Πολλοῖσι
823 1927 948 1982 σὺν
978 1926 1251 1983 κώδωσιν
1281 1924 1529 1985 suam:
1555 1933 1763 2000 φόϐον.

290 2051 304 2066 ι
375 2019 635 2086 Τεύκρος.
666 2016 1012 2090 Hesychius:
1064 2019 1283 2090 'Aiepoi,
1306 2021 1532 2092 ἀίδριες,
1557 2023 1684 2076 Ἴων
1714 2021 1944 2094 Τεύκρῳ

372 2110 410 2181 ἰ’
447 2109 811 2181 ’Ᾱῖδροφῶντι,
848 2110 1070 2183 ἀϊδρίων
1095 2113 1448 2182 ἀναιρετικῷ,
1495 2114 1675 2168 scribe
1709 2113 1853 2178 Ἴων,
1889 2125 1944 2170 ct

381 2201 508 2257 illud
529 2201 752 2256 alterum
773 2201 1026 2272 llcsychii
1052 2212 1335 2272 peccatum
1355 2212 1437 2258 est
1460 2204 1673 2258 scutica
1695 2203 1940 2276 dignum.

385 2294 692 2364 Quicunque
730 2293 896 2348 fuerit
939 2292 1248 2361 interfector
1295 2295 1396 2350 iste
1429 2297 1742 2361 stultorum,
1783 2298 1944 2352 homo

379 2404 504 2446 sane
529 2386 871 2450 metuendus,
895 2385 1016 2441 sine
1039 2387 1211 2440 dubio
1252 2387 1588 2441 trucidasset
1615 2387 1943 2460 Hesychium

377 2479 420 2534 si
455 2479 796 2533 occasionem
830 2477 974 2532 hanc
1019 2489 1213 2535 nactus
1265 2477 1478 2533 fuisset.
1505 2477 1644 2534 Vera
1673 2481 1946 2549 scriptura

371 2579 451 2628 est
479 2569 882 2644 Ἀνδρειφδντῃ,
915 2570 1126 2644 ἀνδρῶν
1172 2571 1528 2643 ἀναιρετικῷ,
1558 2589 1624 2628 ex
1657 2571 1948 2630 llotuet'ico

373 2663 473 2719 isto
507 2679 522 2718 :

432 2754 740 2824 Μηριόνης
767 2753 1105 2822 ἀτάλαντος
1139 2755 1430 2820 Ἐνυαλίῳ
1459 2757 1876 2830 ἀνδρειφόντῃ.

382 2844 754 2916 ’Δμφιϐώτης,
793 2847 1118 2918 περιϐόητος
1142 2862 1156 2876 ·
1189 2848 1312 2901 Ἴων
1338 2848 1585 2922 Τεύκρῳ.
1621 2852 1766 2924 Lego
1797 2871 1950 2925 περι-

369 2935 582 3008 ϐοήτου.
637 2936 851 3001 Βώσας.
905 2937 1222 3008 βεϐωμένος
1284 2938 1546 2996 llerodot.
1610 2943 1736 2998 inde
1774 2944 1949 3016 ἀρ.φῖ-

369 3027 557 3091 ϐωτος.
614 3027 763 3083 Idem
816 3029 971 3091 alibi,
1018 3029 1378 3102 ’Λμφιρῶτις,
1439 3033 1784 3106 περισὸητος.
1844 3039 1948 3092 Ite-

370 3133 481 3174 rum
529 3119 654 3184 tibi,
689 3121 764 3174 mi
807 3121 1068 3191 llesychi,
1117 3137 1146 3176 a
1193 3123 1479 3178 stulticida
1526 3108 1617 3180 illo
1645 3129 1946 3184 cavendum

2036 740 2196 807 σαλα,
2227 740 2336 796 duo
2377 741 2538 796 verba
2568 739 2858 796 confundit
2891 736 3106 808 σῆστρα
3135 743 3189 790 et
3213 737 3458 808 σεῖστρα,
3493 751 3631 806 quo-

2038 852 2158 891 rum
2211 840 2315 892 hoc
2369 835 2478 889 ἀπὸ
2525 832 2620 888 τοῦ
2677 833 2846 886 σείειν
2894 831 3188 896 formatur,
3225 827 3360 882 illud
3387 830 3498 882 ἀπὸ
3531 825 3629 882 τοῦ

2040 929 2244 1002 σήοειν.
2273 928 2508 983 Achaeus
2538 935 2790 981 vetustus
2839 923 3084 995 tragicus
3106 921 3296 976 docuit
3323 919 3630 991 Omphalen

2039 1021 2332 1092 satyricam
2363 1035 2376 1075 :
2403 1034 2513 1089 quo
2535 1017 2602 1072 de
2622 1031 2823 1088 genere
2846 1029 3166 1085 persuasum
3191 1027 3422 1084 prorsus
3452 1013 3630 1068 habeo

2039 1114 2204 1169 etiam
2243 1111 2381 1165 hanc
2415 1110 2560 1163 louis
2593 1109 2784 1164 fuisse.
2825 1105 3089 1161 Hercules
3123 1104 3350 1160 servivit
3381 1103 3629 1173 Ompha-

2041 1207 2128 1271 lae,
2169 1203 2344 1258 Genio
2369 1212 2422 1256 et
2455 1201 2653 1256 Veneri
2680 1199 2902 1255 assidue
2933 1199 3114 1252 litavit
3148 1197 3376 1267 :jussus
3402 1207 3459 1252 et
3489 1197 3633 1250 inter

2042 1296 2366 1350 ancillarum
2403 1310 2597 1363 greges
2647 1307 2816 1362 pensa
2870 1276 3122 1362 carpere,
3178 1290 3354 1346 sicubi
3395 1289 3538 1344 duro
3577 1297 3633 1344 et

2043 1389 2263 1443 inducto
2309 1387 2504 1456 pollice
2543 1385 2628 1439 ﬁla
2684 1385 3000 1452 rumpebat,
3053 1398 3084 1438 e
3126 1384 3358 1453 vestigio
3385 1383 3631 1437 hominis

2041 1487 2208 1548 caput
2270 1478 2580 1534 sandalium
2643 1476 3078 1545 commitigabat.
3138 1473 3282 1528 Nihil
3329 1475 3417 1529 hic
3470 1475 3632 1529 triste

2044 1585 2222 1640 neque
2261 1570 2526 1639 tragicum
2562 1586 2576 1622 :
2639 1567 2804 1623 ludus
2848 1567 3121 1637 iocusque
3168 1565 3372 1620 omnia.
3428 1564 3632 1620 Faveut

2046 1663 2172 1717 huic
2225 1663 2518 1716 sententiae
2562 1659 2914 1730 fragmenta,
2972 1666 3246 1728 quotquot
3300 1667 3628 1726 supersunt,

2045 1769 2166 1823 qua:
2195 1753 2331 1807 nihil
2361 1752 2462 1807 nisi
2492 1749 2766 1814 convivia,
2819 1749 3253 1804 comessationes
3281 1756 3338 1802 et
3370 1747 3634 1818 sympho‘

2049 1843 2164 1897 nias
2188 1841 2535 1911 pollicentur.
2557 1839 2792 1912 Hesycb.
2817 1838 3197 1908 Μεσὸμφαλοι,
3221 1837 3428 1906 φιάλαι.
3453 1836 3628 1908 Etym.

1977 1902 2016 1956 Β
2045 1902 2512 1988 ΠῖῧιΙΠακτωλοῦ
2579 1902 2730 2004 ροέίς.
2791 1902 2986 1986 Pullus
3094 1902 3202 1984 Καὶ
3231 1902 3331 2000 τὴν
3371 1902 3632 1998 μέλαιναν

2047 2027 2274 2098 στίμμιν
2307 2025 2756 2097 ὀμματογράφον.
2794 2023 3090 2078 Athenaeus
3135 2038 3150 2074 :

2121 2161 2135 2175 .
2174 2160 2186 2173 .
2219 2158 2234 2173 .
2273 2160 2286 2174 .
2317 2156 2331 2171 .
2367 2115 2544 2184 Οἷνος
2567 2119 2679 2172 οὐκ
2711 2117 2804 2170 ἔνι

2129 2191 2229 2243 Ἐν
2258 2187 2338 2254 τῷ
2365 2189 2585 2257 σκύφει
2620 2228 2635 2242 .
2670 2227 2683 2257 τ
2719 2226 2740 2257 ,Α
2767 2225 2781 2239 .
2820 2225 2834 2240 .

2131 2255 2500 2311 Ἔνιοι-οἵαν
2519 2259 2628 2326 γὰρ
2659 2255 2752 2310 δεῖ
2767 2274 2844 2326 με
2863 2261 2978 2324 τὴν
2998 2256 3216 2324 ἑορτὴν
3245 2257 3434 2325 ἄγειν.

2118 2329 2314 2394 Λυδός
2353 2344 2416 2381 τε
2440 2327 2696 2397 μαγάδις
2733 2327 2922 2394 αὐλὸς
2952 2329 3210 2396 ἡγείσθω
3245 2326 3430 2396 βοῆς.

2049 2422 2112 2477 Ει
2141 2422 2237 2476 lib.
2284 2437 2356 2476 x:

2131 2513 2280 2569 Ἀλλ’
2310 2513 2403 2566 εἷα
2432 2511 2620 2566 Λυδαὶ
2651 2511 2956 2581 ψάλτριαι,
2985 2513 3362 2568 παλαιθέτων

2121 2585 2144 2603 "
2159 2587 2364 2654 Υμνων
2384 2581 2596 2646 ἀοιδοὶ,
2619 2585 2725 2636 τὸν
2757 2581 2940 2648 ξένον
2972 2583 3352 2652 κοσμήσατε.

2049 2674 2126 2730 ita
2156 2676 2292 2746 lege,
2322 2691 2432 2730 non
2476 2673 2618 2729 Ἀλλ’
2646 2677 2700 2728 αἱ
2731 2676 2922 2740 Λυδαὶ,
2967 2677 3115 2747 quod
3167 2690 3358 2732 versus
3392 2681 3630 2742 recusat.

2053 2767 2116 2821 Et
2144 2769 2333 2822 eodem
2367 2768 2507 2822 libro
2539 2783 2553 2820 :
2598 2767 2722 2822 Ἴων
2753 2767 2798 2822 δ’
2821 2769 2882 2820 ὲν
2920 2767 3173 2840 Ὀμφάλῃ
3201 2766 3507 2838 ἐμφανίσας
3535 2767 3634 2838 τὴν

2064 2856 2394 2928 Ἡρακλέους
2419 2855 2758 2926 ἀδδηφαγίαν
2785 2859 3042 2930 ἐπιφέρει
3067 2875 3080 2888 ·

2839 2950 2984 3004 Ὑπὸ
3009 2950 3078 3004 δὲ
3113 2951 3224 3020 τῆς
3259 2951 3580 3021 Εὐφημίας

2121 3016 2416 3073 Κατέπινε
2442 3019 2540 3074 καὶ
2571 3019 2642 3075 τὰ
2673 3018 2831 3077 κᾶλα
2857 3021 2956 3077 καὶ
2980 3021 3124 3088 τοὺς
3151 3016 3476 3091 ἄνθρακας.

2048 3111 2408 3168 Casaubonus
2439 3113 2718 3184 corrigere
2751 3121 2989 3169 conatus
3031 3121 3156 3178 est,
3199 3113 3299 3185 τῆς
3342 3111 3634 3182 εὐφαγίας.

365 3217 477 3275 est;
511 3225 639 3265 nam
673 3225 777 3265 cur
807 3227 917 3267 non
947 3228 1048 3284 ego
1081 3229 1182 3284 par
1207 3216 1324 3284 pari
1363 3215 1624 3284 referam,
1656 3229 1709 3273 et
1748 3221 1947 3274 harba-
1976 3245 2021 3304 ε
2052 3204 2261 3261 Nouem
2292 3203 2735 3304 faeluw-‘Ne‘lu?
2775 3205 2920 3260 enim
2974 3206 3272 3304 (ιυῑειιυειιξι
3315 3205 3389 3259 im
3417 3204 3634 3304 ιοθιξίυε

364 3297 498 3352 riam
557 3307 707 3354 tuam
750 3300 992 3356 ulciscar
1044 3317 1194 3357 nunc
1227 3303 1448 3358 demum
1492 3317 1623 3361 nato
1647 3309 1950 3364 voeabula?
1984 3296 2020 3304 ⁷
2049 3305 2164 3362 est;
2199 3312 2401 3366 ηυίιηθο
2433 3296 2480 3351 Si
2511 3296 2681 3352 fuerit
2712 3297 2932 3352 ιυευῑυε
2957 3339 2972 3364 ν
3011 3313 3076 3352 θο
3108 3297 3282 3368 magis
3313 3298 3636 3354 οοηνθηίτει

371 3391 668 3463 Ὀμφάλη.
729 3393 914 3449 Schol.
975 3395 1260 3466 Aristoph.
1308 3397 1732 3467 llarpocratiou.
1773 3403 1950 3474 Hesy-

359 3486 567 3542 chius:
615 3486 1050 3558 Ἐῤῥωπίζομεν,
1090 3489 1217 3548 Ἴων
1257 3491 1545 3562 ὐμφάλῃο
1601 3494 1748 3558 τινὲς
1778 3496 1950 3564 ῥωπί-

357 3577 470 3642 ζειν
531 3579 804 3632 ἀπέδοσαν
853 3578 916 3632 τὸ
955 3581 1382 3652 ἀτεχνεύεσθαι,
1441 3586 1536 3638 καὶ
1571 3586 1948 3656 ἀμαθεύεσθαι

356 3673 480 3740 {pro
514 3669 865 3740 ἀμαθαίνειν)
893 3671 1100 3736 κακῶς.
1156 3673 1314 3726 Ἐστι
1340 3675 1447 3746 γὰρ
1479 3677 1660 3746 ῥῶπος
1699 3680 1726 3732 6
1753 3677 1950 3745 λεπτὸς

355 3765 451 3817 καὶ
481 3761 733 3826 ποικίλος
757 3763 975 3832 φόρτος,
1009 3763 1104 3818 καὶ
1150 3763 1388 3834 βέϐαιος,
1443 3768 1536 3822 καὶ
1581 3768 1652 3822 τὰ
1693 3768 1803 3824 ἔσω
1839 3771 1950 3825 τῶν

356 3851 566 3923 ρωπῶν
597 3839 888 3923 πλέγματα
921 3854 1064 3907 κεινᾶ
1095 3855 1190 3907 καὶ⁵
1221 3857 1446 3928 asia-spat
1491 3859 1714 3928 κυρίως.
1748 3859 1896 3932 Lego
1931 3879 1946 3917 ς

353 3941 800 4013 ἀτεχνιτεύεσοαι
817 3959 831 3974 ο
877 3943 941 3997 Et
968 3961 983 3998 :
1021 3944 1177 3998 Ἔστι
1225 3947 1336 4018 γὰρ
1363 3947 1546 4016 ῥῶπος
1573 3953 1602 4004 ὁ
1629 3950 1826 4016 λεπτὸς
1852 3953 1949 4007 καὶ

355 4035 612 4100 ποικίλος
642 4037 864 4106 φόρτος,
895 4037 988 4090 καὶ
1041 4037 1254 4106 γέλγαι,
1289 4040 1379 4092 καὶ
1409 4040 1477 4093 τὰ
1509 4042 1573 4095 ὲκ
1604 4043 1712 4096 τῶν
1747 4043 1949 4116 ῥωπῶν

353 4125 654 4198 πλέγματα
706 4131 847 4182 κανᾶ
895 4131 988 4182 καὶ
1043 4129 1256 4202 σῆστρα
1310 4132 1535 4202 κυρίως.
1577 4133 1794 4201 Quanto
1833 4141 1948 4194 haec

355 4219 590 4274 meliora
615 4235 780 4289 quam
807 4221 897 4275 illa
918 4221 1170 4280 Palmerii
1194 4226 1206 4280 ι
1243 4225 1552 4294 Hesychius
1583 4227 1730 4284 alibi.
1751 4230 1946 4301 Ἐριω-

352 4311 620 4382 πιζὸμην,
646 4311 678 4384 ἤ
705 4321 1132 4390 τεχνητευόμην,
1167 4318 1200 4390 ἢ
1253 4319 1538 4390 σύμμικτα
1569 4323 1826 4391 σχήματα
1870 4320 1945 4378 εἷ-

351 4419 468 4472 χον.
519 4401 720 4459 lterum
761 4421 792 4460 a
834 4407 1078 4464 librariis
1117 4409 1378 4479 deceptus
1435 4419 1540 4466 est.
1601 4412 1747 4468 Sana
1785 4415 1947 4471 lectio

351 4503 488 4552 est:
562 4496 1008 4571 Ἐῥρωπίζομεν,
1052 4502 1511 4574 ἠτεχνιτεύομεν,
1570 4503 1602 4574 ἢ
1663 4504 1948 4576 σύμμικτοι

2032 3389 2180 3455 huic
2209 3390 2362 3456 loco;
2388 3389 2516 3460 quia
2545 3389 2754 3460 syllaba
2804 3387 3049 3446 secunda
3083 3389 3221 3444 foret
3251 3389 3456 3445 brevis.
3486 3386 3635 3444 Nihil

2050 3479 2230 3552 aptius
2267 3481 2568 3552 excogitari
2599 3489 2776 3551 potest
2820 3482 2921 3552 τῆς
2961 3481 3279 3554 βουλιμίας·
3321 3481 3461 3538 adeo
3499 3496 3637 3552 qua-

2049 3573 2212 3628 drant
2241 3572 2448 3637 omnia,
2482 3573 2808 3638 similitudo,
2839 3588 3120 3639 mensura,
3152 3575 3450 3630 sententia.
3479 3571 3637 3630 Libet

2049 3665 2182 3720 illud
2214 3663 2411 3722 ali‘crre
2463 3680 2590 3721 cum
2649 3665 2998 3736 probationis
3047 3674 3161 3721 tum
3209 3665 3345 3722 boni
3393 3665 3638 3724 hominis

2050 3773 2240 3824 causa,

2124 3850 2282 3916 Ἔξω
2307 3849 2418 3906 τὰν
2432 3851 2764 3920 βούλιμον,
2791 3849 2916 3906 ἔσω
2953 3849 3063 3904 τὰν
3093 3853 3548 3923 πλουθυγίειαν.

2049 3944 2232 4014 Atque
2265 3943 2625 4028 haee‘quidem
2669 3942 2739 3998 de
2763 3943 3030 4014 Omphale
3083 3945 3455 4014 scripseram;
3510 3959 3637 4000 cum

2052 4034 2252 4090 Strabo
2309 4034 2442 4088 mihi
2504 4035 2572 4088 ad
2625 4049 2848 4089 manum
2878 4050 2988 4091 non
3021 4044 3187 4092 esset.
3239 4034 3435 4092 Postea
3471 4051 3638 4108 quam

2049 4125 2204 4194 copia
2239 4123 2380 4179 facta
2411 4133 2498 4180 est
2529 4139 2655 4180 eum
2697 4124 2959 4190 adeundi,
2995 4125 3302 4183 delectatus
3348 4141 3471 4182 sum
3517 4127 3639 4198 ejus

2050 4215 2310 4286 suifragio
2343 4215 2658 4270 conﬁrmari
2695 4217 3023 4290 sententiam
3065 4232 3265 4271 meam.
3293 4216 3474 4274 Verba
3506 4227 3637 4273 sunt

2051 4301 2168 4375 [57]
2193 4303 2284 4358 lib.
2309 4320 2324 4359 ι
2350 4302 2424 4359 De
2446 4305 2661 4370 insulis,
2681 4321 2806 4376 qua:
2821 4307 3126 4362 continenti
3149 4307 3425 4378 quondam
3451 4307 3636 4364 adbaz-

2050 4401 2259 4456 rentes,
2289 4402 2480 4462 postea
2508 4393 2778 4451 interfusa
2810 4397 2946 4449 mari
2977 4397 3183 4452 avulsae
3233 4406 3382 4454 sunt.
3423 4399 3550 4453 Ἴων
3579 4399 3638 4455 δὲ

2050 4485 2179 4556 περὶ
2217 4487 2318 4555 τῆς
2347 4485 2576 4550 Εὐϐοίας
2608 4487 2776 4558 φησιν
2801 4491 2860 4542 ἐν
2883 4489 3134 4562 Ὀμφάλῃ
3171 4491 3455 4562 Σατυρεῖς.

353 4586 632 4659 χρώματα
659 4589 898 4660 εἴχομεν.
935 4591 1244 4664 Etymolog.
1270 4609 1528 4666 magnum
1559 4613 1574 4648 :
1611 4594 1945 4668 Ἐῤῥωπίζο-

2121 4578 2373 4668 Εὐϐοῖδα
2395 4577 2906 4668 μέν’γῆννλεπζὸς
2948 4581 3214 4668 βὺρίαξου
3253 4581 3496 4636 κλύδων

355 4695 483 4748 μεν,
517 4677 756 4750 εὕμικτα
804 4681 902 4736 καὶ
949 4676 1420 4757 ἆυμπεφορημένα
1441 4685 1736 4758 ἐποιοῦμεν
1763 4701 1778 4716 ⁸
1801 4688 1948 4759 quod

352 4770 489 4827 ferri
525 4773 748 4842 quidem
785 4781 1000 4844 potest;
1027 4776 1123 4832 sed
1149 4777 1500 4834 emendatius
1546 4778 1782 4836 fortasse
1821 4795 1951 4852 pro-
2021 4795 2030 4800 ·

355 4863 542 4920 fertur
575 4867 642 4922 ab
670 4867 964 4924 Eustathio
995 4884 1010 4922 :
1041 4869 1272 4940 Φέρεται
1302 4871 1359 4925 δὲ
1389 4871 1484 4926 καὶ
1515 4872 1668 4944 ῥῆμα
1690 4873 1750 4926 τὸ
1775 4875 1951 4946 ῥωπί-

353 4956 496 5022 ζειν,
525 4956 553 5012 ὃ
579 4957 730 5030 δηλοῖ
749 4959 811 5012 τὸ
845 4959 1128 5042 σύμμικτα
1157 4963 1252 5016 καὶ
1281 4967 1722 5036 συμπεφυρμένα
1753 4968 1952 5024 ποιεῖν.

353 5047 525 5115 Quod
559 5049 626 5102 ad
685 5048 902 5120 βέϐαιος
961 5052 1195 5117 attinet,
1243 5056 1562 5111 terminatio
1605 5074 1676 5124 ος
1706 5059 1760 5112 in
1793 5058 1952 5114 lihris

357 5155 503 5196 mss.
541 5140 752 5196 minuto
775 5141 936 5211 apice
959 5143 1214 5213 signatur
1244 5163 1258 5199 :
1299 5144 1390 5198 illa
1425 5161 1554 5202 vero
1589 5162 1696 5201 non
1745 5146 1950 5217 oppido

353 5229 658 5285 dissimilia
678 5231 874 5300 γέλγαι
902 5232 985 5288 vel
1006 5233 1198 5302 γέλγια
1220 5239 1276 5289 et
1296 5233 1474 5304 βέϐαι.
1498 5235 1637 5290 Aliis
1661 5245 1746 5291 est
1771 5237 1950 5306 potius

353 5318 536 5391 γέλγη
569 5335 803 5378 numero
829 5322 1124 5394 singulari.
1164 5323 1486 5382 Eustathius
1520 5342 1532 5378 :
1576 5325 1817 5393 Ῥῶπος,
1864 5329 1952 5382 λε-

355 5411 502 5474 πτὸς
529 5412 625 5464 καὶ
651 5411 847 5484 ἀτελὴς
881 5413 1008 5486 (leg.
1043 5414 1288 5488 εὐτελὴς)
1325 5417 1522 5488 φόρτος
1541 5459 1556 5482 ,
1583 5416 1660 5479 ὡς
1681 5417 1738 5471 δὲ
1770 5418 1950 5484 Αἴλιος

354 5501 642 5567 Διονύσιος
683 5502 856 5574 λέγει,
909 5506 1006 5560 καὶ
1059 5507 1334 5572 ποικίλος·
1395 5509 1596 5579 γέλγην
1628 5509 1708 5574 δὲ,
1761 5509 1949 5580 φησὶν,

356 5593 537 5664 αὐτὴν
567 5594 752 5663 ἔλεγον
783 5597 834 5649 οἱ
867 5597 1106 5653 παλαιοί.
1163 5597 1404 5670 Hesych.
1437 5601 1635 5670 Γὲλγη,
1682 5601 1711 5654 ὁ
1744 5601 1946 5670 ῥῶπος,

357 5683 459 5738 καὶ
491 5683 782 5756 βάμματα,
815 5687 908 5741 καὶ
939 5687 1202 5760 ἄτρακτοι
1229 5692 1322 5744 καὶ
1354 5692 1560 5756 κτένες.
1588 5693 1816 5750 Pholius
1851 5711 1947 5765 pa-

358 5775 607 5830 triarcha
649 5775 802 5851 [5G]:
868 5779 1098 5848 Ῥὦπος,
1135 5781 1362 5852 μηδενὸς
1401 5781 1568 5850 ἄξιον,
1613 5783 1822 5849 Ῥὡπος
1855 5785 1946 5838 καὶ

357 5865 560 5940 γέλγη,
585 5871 612 5924 ὁ
649 5871 909 5937 ποικίλος.
942 5871 1136 5937 λεπτος
1169 5874 1383 5946 φόρτος.
1421 5873 1538 5931 ].ιιιι
1584 5877 1789 5948 σῆττρα
1824 5894 1946 5935 rer-

2123 4648 2664 4722 Bortotiagézdtpw"
2693 4649 2904 4722 ἀκτῆς,
2936 4648 3200 4722 ἐκτεμὼν

2122 4719 2280 4789 Πρὸς
2307 4718 2503 4787 Κρῆτα
2531 4721 2820 4790 πορθμόν.

2049 4809 2248 4865 Locum
2287 4810 2444 4878 hunc,
2483 4813 2560 4866 ait
2585 4811 2971 4880 Casaubonus,
3008 4811 3353 4882 depravatum
3380 4831 3492 4870 esse
3517 4833 3633 4871 mo-

2051 4917 2170 4956 nere
2197 4917 2409 4972 possunt
2449 4917 2468 4956 :
2495 4901 2774 4956 eorendare
2802 4919 2906 4956 non
2942 4918 3159 4972 possum
3190 4907 3306 4960 sine
3339 4921 3433 4975 ope
3480 4909 3633 4961 codi-

2049 5011 2190 5051 cum.
2237 4995 2348 5066 Ego
2378 5011 2505 5050 vero
2535 4997 2699 5054 nullis
2725 4997 2944 5069 adjutus
2973 4998 3280 5065 codicibus,
3315 4999 3422 5054 nisi
3449 5007 3634 5054 tamen

2050 5087 2106 5142 in
2138 5089 2407 5160 integrum
2440 5091 2772 5157 restituere;
2811 5091 2944 5145 nihil
2975 5089 3262 5162 deprecor,
3300 5107 3368 5148 ne
3393 5089 3633 5148 dentatis

2051 5181 2368 5236 criticorum
2395 5181 2606 5238 chartis
2637 5191 2691 5238 et
2711 5183 2911 5238 canina
2932 5183 3248 5254 eloquentia
3277 5175 3636 5242 conscindar.‘

2049 5272 2193 5346 Lego
2218 5283 2398 5328 autem
2422 5275 2502 5330 sic
2539 5290 2554 5328 :

2113 5365 2371 5438 Εὐϐοῖδα
2391 5366 2525 5438 μὲν
2541 5367 2659 5438 γῆν
2685 5368 2910 5436 λεπτὸς
2937 5367 3208 5438 Εὐρίπου
3236 5369 3480 5426 κλύδων

2121 5437 2401 5512 ιξοιωᾼτίας
2421 5437 2693 5512 exspor,
2716 5440 2913 5511 ἀκτὴν
2930 5437 3196 5512 ἐκτεμὼν

2122 5505 2434 5575 Προϐλῆτα
2455 5505 2703 5579 πορθμῷ
2723 5525 2738 5541 ο

2049 5597 2318 5654 Homerus
2340 5599 2443 5654 0d.
2487 5617 2535 5655 ε.

2061 5714 2217 5770 Ἀλλ’
2247 5714 2424 5770 ἀκταὶ
2459 5717 2798 5786 προϐλῆτες
2849 5719 3020 5786 ἐστιν,
3073 5719 3372 5787 σπιλάδες
3395 5737 3477 5786 τε,
3515 5723 3626 5775 ari-

3365 5809 3433 5847 ὀι
3467 5807 3558 5848 τε.

2047 5887 2100 5936 et
2127 5879 2328 5954 ltynttto
2357 5881 2410 5938 in
2455 5880 2730 5938 Bacchum
2755 5899 2772 5938 :
3316 5790 3365 5866 [Ἰ
