3966 6448
291 406 386 473 761

392 521 487 605 ζ’ίέ
500 527 1078 605 καλλικρτςαᾷοῦντι
1103 535 1424 605 νικητήρια

389 594 618 663 Τίθημι,
645 597 745 651 καί
768 598 1027 660 βαλόντι
1049 594 1341 672 χάλκειον
1362 607 1538 677 κάρα.

284 687 397 743 Jum
440 687 487 741 si
522 695 702 757 potes,
760 690 975 755 dubita.
1030 708 1100 749 an
1132 695 1324 752 drama
1349 704 1651 773 satyricum
1704 705 1871 761 fuerit

246 795 475 835 .necne.
539 781 792 839 Profecto
842 785 934 856 qui
982 798 1163 857 potest
1192 792 1435 848 animum
1498 796 1780 862 inducere,
1813 808 1872 853 ut

285 887 471 928 versus
522 874 804 941 proximos
841 887 1090 934 autumet
1118 881 1171 934 in
1199 883 1466 953 tragoedia
1515 902 1680 957 posse
1727 890 1868 944 dici:

284 972 473 1018 auctor
523 979 625 1034 ego
656 980 802 1030 sum,
835 975 893 1022 ut
941 971 1095 1040 prius
1134 974 1264 1044 quid
1303 977 1374 1030 sit
1410 980 1699 1049 tragoedia,
1736 984 1869 1051 quid

283 1065 455 1127 satyra
485 1054 684 1123 discat,
713 1073 876 1128 quam
913 1062 981 1117 de
1011 1064 1177 1120 rebus
1208 1067 1553 1138 aliquantum
1581 1087 1612 1125 a
1655 1074 1866 1145 vulgari

283 1146 469 1202 notitia
505 1152 736 1205 remotis
768 1154 1099 1207 sententiam
1138 1155 1298 1210 ferat.

350 1236 651 1293 Undecima
708 1238 861 1296 Ionis
894 1242 1082 1298 fabula
1139 1248 1483 1316 Εὐρυτίδαι.
1542 1251 1865 1320 Athenians,

284 1330 372 1383 lib.
401 1345 452 1382 ιιι
494 1328 739 1402 llesyclt.
799 1332 961 1403 Ἰήῖος
1002 1334 1200 1407 θρῆνον
1248 1341 1530 1410 σημαίνει,
1587 1343 1663 1405 ὡς
1694 1346 1865 1414 Σοςοο

287 1421 407 1491 κλῆς
440 1421 673 1494 Τρωϊλῳ
700 1423 794 1477 καὶ
827 1427 951 1480 Ἴων
981 1428 1308 1499 Ἐρυτίδαις.
1341 1430 1486 1503 Lege
1516 1432 1864 1507 Εὕρυτίδαις.

298 1515 630 1586 Ἀθίκτορας,
662 1519 981 1587 ἀνεπάφους
1031 1524 1358 1594 παρθένους,
1402 1522 1514 1581 οἷον
1543 1529 1862 1599 Εὑρύτιδες.

287 1607 511 1662 Pulchre
541 1607 745 1665 fecisse
775 1612 878 1667 sibi
906 1612 1059 1669 visus
1087 1624 1207 1680 est,
1249 1616 1345 1686 qui
1377 1620 1718 1687 emendavit,
1752 1612 1866 1676 οἷον

286 1700 591 1771 Εὐριπίδης.
615 1700 695 1756 Tu
723 1718 857 1759 vero
880 1721 1003 1761 meo
1032 1707 1283 1776 periculo
1312 1726 1540 1780 repone,
1576 1713 1867 1779 Ἀθίκτους

287 1793 461 1864 κόρας,
491 1795 819 1867 ἀνεπάφους
846 1799 1169 1870 παρθένους,
1215 1804 1340 1857 Ἴων
1365 1803 1711 1875 Εὐρυτίδαις.
1753 1805 1863 1859 Eu-

287 1888 466 1957 rytidae
496 1899 703 1954 autem,
750 1906 817 1945 ne
845 1888 971 1962 quis
1025 1892 1168 1949 forte
1206 1897 1455 1961 nesciat,
1489 1906 1621 1952 sunt
1670 1897 1861 1969 Euryti
1898 1899 1938 1953 ll

285 1977 656 2037 (Echaliensis
719 1982 852 2048 lilii,
886 1998 1027 2053 quos
1084 1982 1350 2043 Hercules
1406 1990 1629 2045 occidit.
1684 1987 1864 2046 Habes

287 2071 558 2141 tragoedia:
606 2085 1020 2143 argumentum.
1069 2074 1188 2130 Non
1231 2079 1745 2147 prietermittendus
1780 2090 1866 2135 est

290 2161 511 2232 insignis
527 2162 687 2220 locus
706 2165 849 2236 apud
874 2166 1051 2221 schol.
1074 2165 1245 2238 Soph.
1266 2169 1334 2222 ad
1360 2168 1716 2237 Trachinias,
1736 2171 1863 2224 Δια-

298 2253 545 2320 φωνεῖται
586 2256 614 2306 ὀ
649 2253 754 2307 τῶν
800 2254 1112 2327 Εὐρυτιδῶν
1159 2258 1414 2330 ἀριθμός.
1487 2259 1732 2323 Ἡσίοδος
1761 2261 1862 2330 μὲν

298 2344 400 2417 γὰρ
441 2346 511 2415 (in
536 2347 763 2415 Ἠοίαις,
821 2356 880 2402 ιιι
918 2361 1068 2419 puto,
1104 2351 1190 2405 vel
1243 2352 1487 2424 Ἦρωικῇ
1519 2352 1862 2424 γενεαλογίᾳ)

293 2435 550 2513 τέσσαράς
599 2454 764 2509 φησιν
799 2439 858 2508 ἐξ
900 2440 1147 2512 Εὐρύτου
1191 2441 1289 2497 καὶ
1332 2443 1618 2516 Ἀντιόχης
1663 2444 1864 2508 παῖδας

286 2543 466 2590 ουτως.
1030 2578 1031 2583 η

297 2619 951 2698 -ιξποκυσοίαμένη
985 2626 1354 2698 καλλίζωνος
1387 2629 1753 2698 Στρατονίκη

285 2688 395 2764 [lii]
425 2693 692 2763 Εὔρυτον
735 2688 809 2749 ἐν
845 2688 1229 2766 μεγάροισιν·
1258 2688 1539 2770 ἐγείνατο
1570 2688 1862 2770 φίλτατον

286 2830 391 2909 ’ζοᾷ
412 2829 461 2909 ῥ’
483 2833 633 2909 υἱεῖς
660 2834 950 2909 ἐγένοντο
975 2838 1166 2909 Antoni-
1184 2855 1276 2909 τε,
1306 2769 1701 2907 menti:

286 2900 886 2979 Zc§£d§_t”daftlasoc,
922 2906 1016 2979 ἠδ’
1042 2900 1275 2979 Ἴφιτος
1299 2909 1441 2976 ὄξος
1463 2900 1696 2979 Ἀῥηοςῖο

282 2972 419 3046 Τοὺς
443 2972 512 3046 δὲ
536 2975 670 3043 μέθ’
704 2975 1065 3046 Αόπλοτάτην
1093 2972 1296 3033 ἑέκεέο
1334 2972 1570 3046 ξανΰῆν
1588 2972 1860 3035 ’Ἶολειαν

290 3042 553 3112 Ἀντιόχη
578 3044 890 3113 κρείουσα,
924 3042 1191 3103 παλαιὸν
1228 3042 1407 3120 γένος
1430 3042 1785 3105 Αὺϐολίδαο.

279 3131 568 3203 Κρεόφιλος
612 3136 671 3190 δὲ
707 3136 835 3191 δύοο
872 3138 1313 3213 Ἀριστοκράτης
1353 3142 1410 3195 δὲ
1446 3144 1619 3211 τρεῖς,
1660 3141 1856 3209 Τοξέα,

1485 425 1850 491 EPISTULA
1890 433 2098 496 RICH.
2139 438 2523 506 BENTLEII.

3462 458 3569 524 76?.

1904 552 1947 607 Α
1980 552 2313 623 Κρεώφυλος
2374 557 2660 624 Πολιτείας
2721 568 2771 615 ι’.
2820 563 2880 618 Ὀ
2936 565 3046 638 γὰρ
3109 568 3465 641 Κρεώφυλος,
3523 570 3569 631 ὦ

1975 644 2289 716 Σώκρατες.
2331 649 2463 712 ἴσως
2512 654 2541 704 ὁ
2583 653 2825 726 Ὀμήρου
2876 658 3133 729 ἑταῖρος’
3179 662 3369 716 τοῦτόν
3423 683 3569 730 τινες

1973 733 2068 787 καὶ
2130 734 2450 792 διδάσκαλον
2511 742 2755 814 Ὀμήρου
2812 746 2972 815 λέγου
2988 766 3031 802 τι
3092 752 3411 820 γεγονέναι,
3472 759 3567 810 καὶ

1971 826 2124 919 ἔστιν
2159 828 2327 882 αὐτοῦ
2363 831 2577 903 ποίημα
2613 837 2872 906 Οἰχαλίας
2910 840 3135 907 ἅλωσις.
3176 846 3433 916 Ἀρχαίος
3465 851 3565 919 μὲν

1970 912 2065 970 οὗν
2094 920 2234 985 ἐστι,
2275 919 2544 994 νεώτερος
2576 922 2633 977 δὲ
2671 927 2877 992 ἱκανῶς
2935 931 3197 1004 Ὀμήρου.
3247 912 3564 993 llausanias

1974 1009 2297 1071 Messenicis
2330 1035 2343 1069 ε
2391 1016 2664 1074 Θεσσαλοὶ
2703 1022 2762 1076 δὲ
2792 1025 2886 1078 καὶ
2929 1027 3151 1090 Εὐϐοεῖς
3202 1031 3477 1099 λέγουσιν,
3510 1037 3561 1088 cl

1973 1102 2072 1172 μὲν
2100 1104 2176 1166 ὡς
2213 1106 2272 1159 τὸ
2307 1106 2572 1176 Εὐρύτιον
2611 1112 2767 1176 πόλις
2812 1114 2872 1167 τὸ
2907 1116 3133 1188 ἀρχαῖον
3157 1116 3248 1191 ἦν,
3294 1124 3387 1175 καὶ
3428 1125 3560 1176 ἐκα-

1969 1194 2112 1249 λεῖτο
2134 1198 2361 1268 Οἰχαλία
2388 1218 2403 1232 ο
2456 1202 2537 1273 τῷ
2573 1202 2632 1256 δὲ
2669 1204 2921 1260 Εὐϐοέων
2956 1209 3098 1280 λόγῳ
3137 1213 3470 1283 Κρεώφυλος
3502 1220 3560 1270 ἐν

1981 1287 2281 1364 Ἡρακλείᾳ
2308 1295 2611 1367 πεποίηκεν
2639 1298 3030 1369 ὁμολογοῦντα.
3059 1303 3377 1361 Heracleam
3419 1310 3558 1364 hanc

1969 1380 2244 1437 diversam
2283 1382 2397 1458 [δὲ]
2435 1403 2560 1444 esse
2586 1397 2758 1445 totam
2795 1395 2865 1447 ab
2898 1395 3158 1466 Οἰχαλίας
3199 1398 3396 1454 ἁλώσει
3425 1417 3558 1457 sen-

1970 1473 2136 1527 tentia
2167 1484 2251 1529 est
2282 1475 2411 1532 Ger.
2462 1476 2667 1535 Vossii.
2695 1481 2953 1552 )Egidius
2982 1502 3113 1542 vero
3158 1488 3440 1561 Menagius
3467 1507 3531 1547 as

1969 1574 2291 1621 severanter
2333 1568 2572 1626 affirmat
2619 1590 2721 1644 pro
2753 1579 2810 1629 ἐν
2856 1577 3158 1654 Ἡρακλείᾳ
3194 1584 3556 1639 scribendum

1967 1671 2090 1711 esse
2122 1658 2183 1711 ἐν
2209 1660 2459 1733 Οἰχαλίᾳ.
2487 1662 2738 1719 Demiror
2760 1668 3015 1738 equidem
3040 1671 3190 1727 viros
3220 1674 3557 1731 excellentes

1968 1748 2190 1818 ingenio
2222 1763 2275 1806 et
2309 1752 2564 1810 doctrina
2589 1759 2783 1815 morbo
2810 1760 3034 1816 minime
3059 1764 3352 1833 desperato
3379 1766 3558 1821 medi-

1967 1838 2147 1891 cinam
2185 1854 2294 1895 non
2324 1845 2641 1912 reperisse:
2679 1864 2824 1918 quae,
2868 1850 2976 1904 nisi
3015 1866 3101 1907 me
3127 1853 3310 1908 omnia
3336 1853 3554 1921 fallunt,

1971 1936 2083 1992 haec
2100 1947 2221 1993 est:
2249 1938 2340 2010 Τῷ
2361 1939 2415 1992 δὲ
2447 1938 2699 1994 Εὐϐοέων
2725 1941 2871 2012 λόγῳ
2905 1940 3245 2012 Κρεώφυλος
3277 1944 3556 2014 Ἠρακλέα

1968 2030 2272 2101 πεποίηκεν
2327 2032 2714 2101 ὁμολογοῦντα.
2776 2032 3151 2089 Ειιὺιεειιδὶιιιη
3207 2045 3385 2090 autem
3434 2052 3555 2091 seno

1969 2121 2149 2175 lentim
2199 2120 2527 2193 Creophylus
2567 2121 2855 2178 Herculem
2909 2126 3124 2178 induxit
3176 2127 3555 2180 convenienter

1967 2214 2285 2285 loquentem.
2324 2214 2619 2272 Enimvero
2667 2233 2794 2287 pars
2838 2232 3041 2288 magna
3087 2218 3239 2273 illius
3276 2219 3553 2288 poematis

1966 2305 2069 2360 fuit
2107 2307 2416 2374 Hercules;
2461 2315 2523 2363 ut
2575 2309 2977 2379 propemodum
3010 2311 3127 2381 jam
3176 2310 3314 2366 illud
3357 2311 3555 2366 audire

1966 2397 2099 2451 mibi
2139 2398 2327 2453 videar
2354 2418 2367 2454 :

2112 2490 2222 2544 Τὸν
2244 2489 2297 2542 δ’
2325 2486 2472 2544 αὖτε
2497 2490 2820 2560 προσέειπε
2837 2491 2949 2561 ,ϐίη
2986 2490 3357 2562 Ἡρακληείη.

1966 2579 2175 2637 Similis
2200 2582 2409 2637 locutio
2439 2590 2524 2638 est
2550 2583 2605 2637 in
2648 2583 2773 2639 istis
2798 2624 2813 2649 ,
2848 2600 2970 2655 qum
2996 2585 3293 2641 occasione
3315 2586 3421 2640 alia
3456 2601 3554 2641 stt-

1962 2685 2062 2741 pra
2096 2671 2430 2726 adduximus
2468 2690 2483 2726 :
2521 2671 2612 2725 Ἐν
2643 2676 2760 2737 τοῖς
2794 2674 3010 2746 Κρησὶν
3050 2675 3357 2746 Εὐριπίδης
3393 2677 3551 2729 Ἴκα-

1964 2781 2063 2837 ρον
2113 2763 2461 2835 μονῳδοῦντα
2516 2766 2796 2838 εποίησεν,
2828 2775 2921 2821 et°
2955 2768 3047 2822 Ἐν
3095 2770 3218 2831 ταῖς
3263 2768 3552 2838 Κρήσσαις
3615 2764 3626 2773 ’

1962 2851 2235 2923 Ἀερόπην
2280 2855 2548 2924 εἰσήγαγε
2586 2855 2959 2926 πορνεύουσαν
2981 2872 2996 2887 ⁸
3046 2871 3229 2927 neque
3261 2872 3401 2926 opus
3434 2866 3546 2920 est,

1962 2952 2021 2997 ut
2046 2945 2235 3012 plures
2266 2953 2435 3000 testes
2463 2947 2790 3001 excitemus.
2831 2944 2971 3001 Sunt
2994 2948 3086 3017 qui
3115 2946 3377 3018 Οἰχαλίας
3400 2946 3548 3001 ἄλω-

1963 3054 2047 3090 σιν
2075 3037 2143 3090 ad
2170 3036 2469 3092 Homerum
2511 3038 2799 3104 referunt;
2829 3039 2977 3093 sicut
3013 3047 3204 3094 auctor
3243 3048 3330 3095 est
3380 3039 3549 3094 Calli-

1962 3126 2195 3182 machus
2246 3127 2391 3196 apud
2440 3126 2770 3182 Strabonem
2806 3136 2863 3183 et
2901 3126 3127 3182 Sextum
3163 3146 3177 3182 :

278 3223 521 3289 Κλύτιον,
550 3228 772 3299 Δηῖονα.
800 3230 950 3287 Satis
987 3230 1100 3300 jam
1128 3234 1402 3304 pernosti,
1433 3235 1527 3304 qui
1562 3235 1673 3287 sint
1705 3233 1853 3288 Ionis

1964 3236 2083 3312 Τοῦ
2112 3239 2336 3312 Σαμίου
2358 3240 2546 3304 πόνος
2570 3240 2709 3312 sip},
2747 3240 2908 3309 δόμῳ
2929 3239 3076 3312 ποτε
3102 3240 3262 3312 θεῖον
3285 3240 3551 3310 Ὅμηρον

275 3315 571 3390 Eurytidae.
616 3320 724 3376 Sed
758 3319 905 3378 haud
945 3324 1108 3393 plene
1148 3325 1493 3381 satisfactum
1541 3334 1690 3382 esset
1729 3341 1858 3396 pro-

269 3411 431 3466 misso
464 3420 705 3480 nostro;
757 3414 804 3469 si
844 3430 1038 3472 versus
1076 3430 1176 3471 eos
1217 3418 1622 3472 dimitteremus
1647 3433 1711 3472 ex
1748 3433 1858 3470 ma-

266 3501 443 3568 nibus,
468 3511 529 3559 et
558 3504 820 3559 mendum
870 3507 1220 3562 teterrimum
1265 3508 1488 3564 silentio
1531 3507 1857 3565 dissimula-

265 3608 463 3651 remus.
494 3595 788 3666 Principio
826 3597 1117 3669 legendum
1150 3601 1430 3671 Ἀντιόπη.
1467 3600 1658 3657 Schol.
1690 3602 1857 3669 Apol-

263 3687 391 3741 lonii
453 3706 468 3743 :
548 3689 784 3756 Κλύτιος
851 3693 947 3747 καὶ
1031 3693 1240 3761 Ἴφιτος
1296 3695 1346 3747 οἱ
1400 3696 1501 3765 τῆς
1560 3695 1854 3765 Ἀντιόπης

260 3780 464 3847 παῖδες.
500 3780 755 3855 Hyginus
787 3801 801 3841 :
837 3785 1050 3857 Clytius
1078 3795 1129 3843 et
1163 3786 1375 3857 Iphitus
1412 3787 1607 3859 Euryti
1645 3798 1695 3843 et
1742 3788 1858 3842 Au—

258 3872 423 3941 tiopes
469 3873 705 3946 Pylom's
746 3878 877 3945 Μία»
922 3879 1092 3947 ﬁlius.
1121 3878 1256 3946 Quae
1313 3881 1475 3950 quasi
1542 3894 1710 3935 manu
1754 3896 1857 3938 nos

257 3966 469 4022 ducunt
512 3969 586 4023 ad
639 3977 842 4026 cartera
891 3974 1241 4044 corrigenda.
1291 3973 1410 4029 Jam
1460 3974 1605 4029 enim
1660 3974 1854 4046 Hygini

256 4063 597 4117 auctoritate
633 4063 816 4118 scribo
860 4064 1114 4129 Πύλωνος
1141 4081 1240 4135 pro
1272 4064 1505 4119 παλαιὸν
1537 4065 1696 4134 γένος
1725 4082 1740 4098 ·
1777 4073 1858 4119 at-

254 4168 359 4220 que
390 4154 562 4217 adeo,
608 4163 667 4208 ut
702 4171 956 4226 pompam
1005 4164 1058 4212 et
1108 4158 1382 4227 prommia
1416 4158 1585 4211 missa
1629 4156 1855 4222 faciam,

253 4260 475 4302 versum
507 4247 952 4320 buncintegrum
985 4250 1283 4320 praestabo,
1337 4249 1481 4305 sicut
1516 4249 1587 4303 ab
1614 4247 1858 4305 Hesiodo

251 4338 547 4407 profectus
580 4348 689 4404 est,

369 4433 660 4501 Ἀντιόπη
694 4435 981 4504 κρείουσα
1008 4435 1291 4500 Πύλωνος
1314 4434 1715 4491 Ναυϐολίδαο.

251 4522 387 4579 Nam
432 4524 582 4581 eedo
624 4527 755 4580 mihi
807 4543 1017 4591 unum,
1051 4528 1148 4596 qui
1197 4527 1394 4582 Auboli
1441 4527 1526 4583 vel
1573 4527 1858 4582 Aubolidze

250 4617 530 4672 meminit.
554 4615 835 4674 Naubolus
852 4635 983 4674 vero
1011 4619 1221 4674 nemini
1249 4621 1473 4690 ignotus
1504 4634 1630 4677 esse
1659 4620 1853 4689 possit,

247 4709 339 4777 qni
377 4710 563 4765 labris
595 4712 931 4779 primoribus
951 4713 1195 4784 gustavit
1226 4713 1446 4769 litteras
1475 4713 1854 4768 humaniores.

248 4803 596 4873 Apollonius
631 4803 885 4885 Rhodius
920 4819 935 4856 :

322 4914 412 4981 Τῷ
433 4914 490 4967 δ’
528 4914 628 4970 ἐπὶ
655 4913 732 4983 δὴ
770 4913 953 4968 θείοιο
977 4913 1107 4968 κίεν
1128 4912 1378 4969 Δανάοιο
1412 4917 1664 4983 γενέθλη

318 4988 665 5053 Ναύπλιος,
687 4982 868 5056 effnde
885 4985 998 5052 ἐην
1027 4987 1381 5052 Κλυτονήου
1411 4982 1807 5051 Ναυϐολίδαο,

318 5051 652 5123 Ναύϐολος
683 5051 762 5112 ιιῦ
791 5051 1046 5124 Λέρνου.

245 5148 617 5217 Conveniunt
642 5156 796 5208 mtas,
830 5147 989 5201 locus
1024 5165 1037 5201 :
1080 5157 1156 5211 ut,
1201 5163 1518 5218 quanquam
1561 5148 1628 5204 de
1658 5148 1763 5202 hac
1802 5162 1861 5202 re

247 5242 474 5294 nullum
516 5237 744 5291 verbum
778 5236 986 5291 fat-iant
1022 5238 1113 5292 alii
1152 5238 1482 5307 scriptores.
1516 5239 1856 5292 nihiltamen

249 5333 553 5402 impediat,
582 5345 693 5398 quo
724 5330 905 5383 minus
940 5329 1108 5400 Pylon
1151 5329 1387 5383 Nanholi
1424 5331 1571 5385 filius
1611 5345 1737 5386 esse
1767 5346 1861 5397 ιιι)-

246 5427 442 5481 tuerit.
510 5423 759 5493 Denique
805 5437 904 5493 pro
958 5421 1265 5493 Κρεόφιλος
1312 5423 1429 5491 lege
1487 5422 1854 5494 Κρεώφυλος.

248 5516 345 5586 qui
390 5494 605 5587 poema
640 5516 960 5585 composuit
1008 5514 1273 5586 Οἰχαλίας
1317 5515 1562 5569 ἆλωσινι
1595 5517 1662 5570 ad
1709 5514 1854 5586 quod

250 5612 510 5682 respexit
567 5609 922 5665 scholiastes.
975 5608 1051 5664 De
1111 5609 1425 5682 Creophon
1491 5611 1860 5665 consolantur

248 5700 554 5768 Apuleius.
632 5700 996 5774 Porphyrius,
1075 5702 1311 5767 Strabo,
1362 5704 1567 5759 Sextus
1624 5701 1860 5772 Empiri-

247 5810 372 5855 cus,
418 5793 649 5856 Suidas.
688 5793 943 5864 Scriptor
995 5796 1318 5850 certaminis
1362 5794 1584 5850 llesiodi
1637 5802 1690 5849 et
1750 5793 1859 5847 llo-

249 5887 416 5952 tneri,
474 5887 632 5943 Plato
695 5887 989 5942 Πολιτειῶν
1037 5905 1089 5943 κ.
1146 5887 1377 5945 Ρζ;ο;ἰιιε
1424 5888 1476 5943 in
1511 5887 1710 5945 Lexico
1752 5903 1853 5945 ms.

2029 3307 2368 3375 Δεξαμένου
2389 3325 2402 3339 ο
2442 3307 2630 3362 male
2652 3310 2704 3363 δ’
2732 3307 3004 3376 Εὔρυτον
3036 3310 3175 3365 ὄσσ’
3211 3307 3397 3366 ἔπαθε

1958 3378 2078 3462 Kot'l~
2102 3376 2638 3462 £§r0i1r11'd.18tar_'
2680 3380 2994 3462 Ὀέιτζρειον
3011 3380 3079 3434 δὲ
3112 3382 3406 3462 aculeata.

2028 3450 2279 3518 Γράζιιμα
2298 3466 2311 3479 ·
2342 3451 2702 3519 Κρεωφύλφ,
2729 3451 2845 3506 Ζεῦ
2877 3451 3038 3520 φίλε,
3068 3451 3245 3506 τοῦτο
3263 3452 3440 3520 μέγα.

1960 3560 2161 3616 Suidas
2200 3561 2252 3614 iu
2291 3560 2567 3632 Ὅμηρος.
2615 3562 2979 3633 Ἀναφέρεται
3022 3563 3081 3616 δὲ
3121 3550 3201 3628 ἑίς
3244 3563 3409 3617 αὐτὸν
3452 3565 3548 3616 καὶ

1958 3653 2094 3707 ἄλλα
2138 3653 2258 3707 τινὰ
2314 3655 2618 3725 ποιήματα,
2656 3655 2981 3726 Ἀμαζόνια,
3009 3655 3172 3719 Ἰλιὰς
3211 3655 3404 3727 μικρὰ,
3435 3657 3547 3709 Νό-

1948 3760 2096 3807 .στοι,
2114 3743 2497 3816 Ἐπικιχλίδες,
2515 3745 2875 3810 ἨΘιέπακτος
2896 3747 3016 3818 ἦτοι
3030 3746 3271 3818 ἰαμϐοι,
3294 3747 3548 3810 Σικελίας

1960 3832 2179 3896 ἅλωσις.
2218 3832 2324 3889 Sed
2355 3850 2457 3903 pro
2498 3833 2749 3898 Σικελίας
2782 3837 2900 3891 sine
2924 3836 3032 3890 ulla
3076 3837 3424 3893 dubitatione
3468 3840 3547 3891 le-

1958 3924 2195 3995 gandum
2232 3932 2318 3978 est
2347 3925 2629 3996 Οἰχαλίας.
2665 3927 2873 3979 Addam
2901 3925 3037 3981 illud
3071 3943 3330 3997 quoque,
3369 3927 3546 3997 quod,

1959 4016 2006 4070 si
2041 4017 2178 4072 bene
2215 4015 2448 4071 Millium
2494 4032 2675 4072 meum
2726 4017 2890 4080 novi,
2940 4018 3367 4086 prmtermissum
3422 4034 3577 4085 esse,

1958 4109 2198 4178 graviter
2240 4111 2465 4166 tulisses
2498 4129 2511 4165 :
2551 4111 2811 4165 nimirum
2845 4110 3209 4176 Ἦοιέπακτος
3252 4127 3378 4166 esse
3424 4128 3548 4166 ver-

1961 4202 2087 4254 bum
2114 4202 2294 4262 nihili,
2320 4212 2374 4257 et
2412 4203 2698 4272 aliquanto
2745 4200 2979 4258 inferius
3007 4203 3090 4257 sic
3115 4202 3306 4267 scribi,
3347 4202 3548 4255 Ἐπτα-

1962 4293 2212 4357 πάκτιος.
2272 4295 2382 4347 Καὶ
2420 4295 2863 4360 Ἑπταπάκτιον,
2901 4295 3002 4359 ait,
3038 4295 3133 4348 καὶ
3174 4293 3547 4363 Ἐπικιχλίδας

1961 4384 2237 4455 ἐποίησεν.
2299 4384 2365 4438 Et
2412 4386 2593 4454 prima
2625 4384 2853 4454 quidem
2891 4387 3074 4454 specie
3121 4401 3185 4439 ea
3227 4385 3547 4453 conjectura

1961 4492 2088 4533 vera
2141 4477 2466 4542 videbatur,
2501 4479 2644 4531 ἑπτὰ
2688 4477 2905 4532 scilicet
2940 4476 3238 4547 Ἐπίγονοι.
3289 4476 3552 4531 Memine-

1889 4596 1933 4650 υ
1967 4581 2084 4621 ram
2107 4567 2253 4630 enim
2286 4575 2340 4622 et
2372 4577 2577 4637 septem
2607 4583 2734 4622 esse
2764 4567 3065 4637 Epigonos,
3089 4575 3146 4621 et
3177 4567 3244 4621 ad
3291 4566 3550 4621 Ilmneri-

1963 4673 2152 4714 eorum
2183 4668 2499 4727 poematum
2518 4675 2807 4715 numerum
2848 4660 3071 4714 ascribi.
3111 4658 3425 4714 Herodotus
3455 4675 3505 4713 tv
3533 4675 3547 4712 :

1957 4750 2102 4804 Ἀλλ’
2149 4751 2376 4823 Ἡσιόδῳ
2397 4751 2496 4821 μέν
2521 4755 2639 4805 ἐστι
2668 4753 2804 4824 περὶ
2848 4752 2978 4805 Ὺπε
2989 4752 3232 4824 ρ6ορέων
3260 4753 3548 4822 εἰρημένα,

1960 4844 2078 4897 ἐστὶ
2110 4843 2166 4897 δὲ
2200 4845 2295 4898 καὶ
2338 4844 2562 4916 Ὁμήρῳ
2590 4846 2646 4897 ὲν
2672 4845 3060 4914 Ἐπιγόνοισιν,
3096 4846 3145 4897 εἱ
3164 4845 3228 4912 δὴ
3247 4845 3323 4915 τῷ
3344 4844 3458 4897 ὄντι
3486 4862 3551 4913 γε

1960 4935 2210 5007 Ὄμηρος
2260 4935 2437 4990 ταῦτα
2496 4937 2567 4991 τὰ
2625 4936 2761 4990 ἔπεα
2810 4938 3063 5006 εποίησε.
3111 4936 3219 4991 Sed
3265 4936 3552 5007 repudiari

1959 5026 2224 5082 continuo
2252 5025 2400 5080 illam
2431 5028 2788 5092 sententiam,
2832 5027 2926 5082 ubi
2959 5027 3327 5082 animadverti
3356 5025 3549 5097 Epigo-

1961 5133 2060 5172 nos
2086 5133 2207 5173 esse
2231 5117 2338 5188 ἔπη
2383 5119 2478 5172 καὶ
2509 5120 2612 5173 οὐκ
2663 5118 2956 5189 Ἰάμὸους,
2988 5135 3099 5173 non
3133 5121 3415 5184 senarios,
3454 5118 3548 5174 sed

1961 5209 2332 5265 hexametros.
2379 5206 2635 5279 Scriptor
2688 5211 3013 5265 certaminis
3078 5209 3298 5267 llotneri
3342 5223 3396 5266 et
3445 5210 3556 5267 lle-

1958 5301 2100 5357 siodi
2139 5319 2152 5355 :
2199 5301 2257 5353 '0
2277 5300 2334 5354 δὲ
2372 5301 2624 5373 ’Όμηρος
2657 5300 2951 5372 ἀποτυχὼν
2990 5302 3090 5371 τῆς
3120 5302 3301 5373 νίκης,
3330 5319 3552 5372 περιερ.

1959 5397 2188 5468 χόμενος
2219 5390 2373 5466 ἔλεγε
2390 5388 2473 5451 ’τὰ
2503 5397 2804 5470 umquam"
2830 5396 3044 5469 πρῶτον
3069 5397 3168 5470 μὲν
3190 5398 3287 5471 τὴν
3310 5396 3553 5469 Θηϐαΐδα

1959 5491 2065 5562 ἔπη
2099 5489 2165 5555 ζ’.
2206 5484 2328 5561 ἧςή
2363 5489 2525 5561 ἀρχὴν
2803 5575 2811 5584 ι

1959 5603 2311 5678 μὶὃΓΑργος
2327 5605 2510 5670 ἄειδε,
2529 5604 2656 5672 θεὰ,
2689 5606 3082 5676 πολυδίψιον-ο
3105 5605 3251 5660 ἔνθα
3274 5603 3552 5669 ἄνακτες.

1962 5692 2094 5753 Εἶτα
2126 5697 2485 5767 ἐπτιγομένου
2526 5699 2669 5769 (lege
2702 5716 2813 5753 non
2849 5700 3172 5753 dubitanter
3211 5695 3555 5765 Ἐπιγόνους)

1960 5790 2064 5859 ἔπη
2092 5789 2134 5852 ζ’
2160 5782 2236 5841 ὧν
2340 5790 2503 5859 ἁρχὴ,

1962 5884 2089 5937 Νῦν
2136 5878 2268 5937 αὖθ’
2305 5884 2643 5953 ἐ.ῖ.κτῖέ,τ“ιο)ν
2669 5885 2903 5954 (ἱνῖρὼιυ
2930 5883 3261 5954 ἁρχιῖιμεθα,
3298 5882 3552 5939 Μοῦσαι.
