3966 6498
414 452 521 517 763

1301 453 1401 515 DE
1436 454 1761 516 JOANNIS
1804 454 2129 515 MALAL/E
2168 454 2829 517 CHRONOGRAPIIIA

3566 453 3667 516 7M

414 562 521 616 Alii
576 567 630 615 et
685 557 1023 617 Thebaidem
1090 569 1143 617 et
1193 561 1472 634 Epigonos
1536 564 1846 619 attribuunt
1897 564 2009 617 An-

2117 564 2492 634 καταλογάδην
2536 565 2631 618 καὶ
2692 560 3091 633 πρεσϐευτικδν
3136 560 3449 631 λεγόμενον.
3489 561 3668 622 Portus

414 652 660 707 timacho
695 653 1062 723 Colophonio.
1111 653 1189 711 De
1241 657 1333 709 illa
1367 655 1591 726 quidem
1635 671 1724 712 res
1757 663 1844 712 est
1888 656 2007 710 rul-

413 747 562 813 garis
606 762 619 798 :
661 745 729 801 de
753 745 841 802 his
878 755 1070 802 testem
1097 748 1274 804 habeo
1311 747 1679 804 Scholiastem
1710 748 2002 818 Aristoph.

413 835 480 890 ad
544 835 739 891 Pacem
798 857 812 893 :
871 839 998 894 Παι.
1045 839 1162 894 Νῦν
1232 838 1356 894 αἷθ’
1422 840 1735 912 ὁπλοτέρων
1791 840 2004 912 ἀνδρῶν

414 928 712 1000 ἀρχώμεθα
755 960 827 972 -
865 931 1013 1003 σχολ.
1056 932 1199 1003 ἀρχὴ
1253 932 1363 987 τῶν
1402 933 1707 1002 Ἐπιγόνων
1743 931 2004 1002 Ἀντιμὰ-

414 1037 531 1089 χου.
566 1019 770 1077 Verum
815 1033 968 1079 extra
1002 1039 1223 1079 omnem
1269 1025 1711 1080 controversiam
1750 1039 1860 1079 rem
1906 1039 2001 1094 po-

414 1113 525 1166 suit
548 1110 789 1170 Joannes
824 1114 1058 1171 Tzelzes
1083 1156 1097 1179 ,
1128 1117 1222 1186 qui
1258 1117 1553 1186 utriusque
1589 1116 1789 1186 scripti
1836 1116 2002 1170 simul

416 1203 753 1258 mentionem
790 1204 944 1271 facit,
979 1206 1032 1259 in
1082 1204 1262 1260 Iliade
1300 1207 1655 1275 interpretata
1694 1204 1999 1275 allegorice,

413 1308 536 1360 quia
566 1295 814 1349 nondum
847 1296 993 1351 edita
1021 1305 1104 1351 est
1136 1314 1150 1351 :

421 1405 551 1465 Τρία
586 1406 682 1459 καὶ
717 1406 865 1461 δέκα
897 1407 1154 1476 γέγραφε
1184 1406 1586 1475 μνημόσυνον
1607 1410 1836 1474 βιϐλία,

413 1476 718 1545 Μαργίτην
746 1494 830 1538 τε,
855 1475 953 1531 καὶ
976 1475 1137 1549 Αἷγά
1160 1494 1240 1541 τε,
1268 1480 1367 1532 καὶ
1399 1479 1517 1533 τῶν
1540 1480 1725 1549 Μυῶν
1746 1480 1862 1546 τὴν
1887 1477 2004 1548 μάν

422 1611 889 1687 ΤῂνἙπιγόνων
907 1616 1113 1687 μάχην
1143 1634 1208 1671 τε
1243 1596 1608 1687 γράφειξκαὶ
1633 1548 1926 1685 Θηὲξέἕα.

421 1684 542 1748 Τὴν
564 1686 873 1753 Οἰχαλίαν,
908 1684 1231 1755 Κέρκωπας
1249 1684 1340 1753 sit;
1356 1684 1505 1755 τοὺς
1537 1684 1722 1754 Θεούρ
1755 1707 1816 1744 τε
1857 1687 2003 1756 ’Ὑμ-

552 1822 695 1898 r_o_i1c
730 1824 916 1898 Ἐξττὰ
937 1826 1222 1881 ἐπάκτιον
1244 1826 1339 1881 καὶ
1368 1827 1471 1892 τὰς
1501 1760 1958 1898 Ἐπιὲἴιῗκῖἔίδας
1979 1870 1994 1890 .

413 1890 525 1946 Καὶ
574 1891 1018 1964 Ἐπιγράμματα
1073 1898 1279 1951 πολλὰ
1332 1890 1463 1950 σὺν(
1492 1890 1824 1990 Νγέιέξιρὶοῖς
1873 1890 2000 1965 τοῖς

414 2026 524 2082 ιιάῑ
553 2030 667 2098 τὴν
691 2032 1057 2089 Ὀδύσσειαν
1076 2037 1274 2106 αὐτὴν
1296 2039 1445 2108 μετὰ
1470 1968 1581 2108 τῆῐὲ

412 2118 473 2176 In
527 2121 613 2178 his
643 2123 809 2179 etiam
862 2124 1186 2182 OEchaliam
1233 2130 1404 2186 habes
1449 2148 1463 2184 :
1496 2132 1590 2187 sed
1624 2130 1773 2185 aliud
1811 2147 2002 2187 exem-

415 2211 534 2279 plar
557 2226 663 2267 non
690 2214 818 2277 τοὺς
847 2215 1033 2284 habet,
1072 2234 1263 2273 verum
1299 2220 1399 2291 τὴν
1419 2220 1562 2275 ἑπτὰ
1581 2221 1862 2278 ἐπάκτιον.
1895 2224 2005 2277 Aut

414 2314 514 2370 ego
540 2304 701 2373 plane
732 2303 966 2375 desipio,
1000 2316 1094 2362 aut
1126 2310 1413 2380 legendum
1448 2321 1553 2377 est,

484 2393 593 2448 Καὶ
613 2394 725 2461 τὴν
750 2395 1213 2453 Ἑπταεπάκτιον
1243 2400 1340 2453 καὶ
1364 2400 1471 2466 τὰς
1490 2403 1929 2472 Ἐπικιχλίὸαςσ

414 2490 750 2549 postremam
780 2488 927 2540 enim
962 2504 1153 2543 vocem
1188 2506 1298 2545 non
1334 2491 1532 2547 Suidas
1555 2500 1791 2557 tantum,
1825 2494 1919 2550 sed
1949 2502 2003 2549 et

418 2569 731 2629 Herodotus
772 2576 847 2629 ita
894 2578 1141 2645 exhibet,
1170 2589 1223 2634 et
1249 2580 1544 2637 Athenzeus
1587 2582 1686 2638 lib.
1722 2597 1758 2636 ιι
1791 2592 1844 2636 et
1887 2599 2000 2640 xrv.

417 2664 561 2728 Quin
585 2667 750 2721 etiam
784 2668 926 2739 apud
960 2670 1185 2725 Suidam
1224 2673 1358 2728 illud
1391 2675 1769 2729 ἑπταπάκτιον
1797 2678 1865 2731 ad
1896 2677 2002 2733 hoc

416 2757 728 2825 exemplum
774 2761 1163 2831 corrigendum
1206 2772 1290 2819 est
1340 2783 1353 2820 :
1420 2772 1474 2821 et
1520 2782 1622 2837 pro
1665 2767 2007 2837 ήθιέπακτος

416 2848 771 2903 scribendum
815 2852 1031 2907 videtur
1088 2856 1120 2925 ἡ
1172 2853 1496 2922 ξεπάκτιος,
1546 2859 1583 2913 i.
1623 2874 1673 2913 e.
1726 2861 1759 2929 ἡ
1799 2860 1999 2915 ἑπταε-

414 2937 666 3003 πάκτιος.
699 2938 832 2999 Nam
863 2941 910 3005 ζ’
938 2951 1095 2999 notat
1123 2945 1287 2998 ἑπτά.
1315 2945 1408 3001 Sic
1436 2947 1581 3017 apud
1612 2946 1944 3020 Hesychinm
1983 2967 1997 3004 :

413 3027 711 3101 Ἐννεωρὺς
747 3032 942 3103 θέτης’
975 3035 1092 3104 lege
1136 3034 1182 3089 θ’
1198 3037 1363 3108 ἑτης,
1392 3037 1428 3092 i.
1469 3053 1519 3093 e.
1549 3038 1837 3110 ὲνναέτης,
1871 3042 2000 3111 quia

415 3120 754 3192 0'siguiﬁcat
778 3125 938 3180 ὲννὲα
968 3143 982 3159 ο
1012 3137 1067 3182 et
1088 3130 1255 3185 verbo
1286 3145 1396 3185 uno
1414 3129 1726 3200 interjecto,
1745 3133 1995 3205 Ἐννηὴς,

415 3212 947 3318 σώφρυ›ν,.ἁληθὴς,
998 3220 1225 3289 ἀγαθὸς,
1285 3219 1561 3294 πατρῷος.
1612 3222 1873 3292 Librarii,
1937 3231 2068 3319 utc

413 3308 800 3375 compendium
852 3324 1034 3380 opera:
1093 3312 1331 3379 faciant,
1405 3332 1521 3386 πηρ
1593 3316 1843 3371 scribunt
1896 3331 1997 3387 pro

414 3397 618 3466 πατήρ,
652 3404 708 3451 et
750 3413 852 3468 pro
895 3400 1189 3473 πατρῷος,
1227 3400 1410 3474 πρῷος
1455 3405 1601 3472 quod
1647 3405 1701 3459 in
1748 3404 1854 3459 hoc
1882 3405 2002 3460 loco

413 3484 773 3553 depravatum
827 3495 913 3544 est
959 3505 1026 3544 ex
1087 3493 1281 3562 πρᾶος.
1316 3492 1439 3548 ride
1498 3493 1631 3549 Hes.
1674 3493 1729 3548 in
1780 3494 1997 3564 Ἐνηής.

410 3574 681 3633 Czeterum
707 3578 777 3634 de
806 3582 1035 3638 notione
1059 3584 1160 3654 τῆς
1199 3584 1662 3650 Ἑπταεπακτιου,
1700 3594 1759 3639 ut
1791 3595 1844 3641 et
1869 3585 2001 3639 illud

415 3670 711 3739 attingam,
741 3671 1063 3730 facillimum
1093 3687 1180 3732 est
1226 3680 1402 3733 multa
1443 3681 1791 3736 comminisci
1824 3698 1838 3737 :
1878 3698 2003 3751 pro-

412 3760 561 3815 xime
596 3769 801 3827 tamen,
834 3764 1031 3833 opinor
1056 3765 1195 3839 [64],
1232 3767 1307 3822 ad
1355 3784 1544 3823 verum
1589 3774 1876 3835 accedent,
1906 3772 1999 3842 qui

413 3850 715 3907 Homerum
761 3856 1083 3923 putaverint
1120 3859 1172 3912 in
1216 3860 1488 3929 opusculo
1532 3861 1628 3917 illo
1680 3862 1883 3919 lusisse
1932 3865 2003 3920 de

410 3942 729 3999 hominibus
781 3947 1111 4015 quibusdam
1168 3966 1399 4006 numero
1438 3962 1692 4023 septem,
1738 3956 1832 4024 qui
1908 3958 1998 4010 ἐπ’

409 4035 606 4105 ἀκτῆς,
628 4037 681 4090 in
712 4036 918 4105 littore,
947 4039 1071 4094 cibo
1093 4041 1179 4096 vel
1219 4056 1414 4097 somno
1448 4046 1719 4100 curabant
1743 4062 1998 4117 corpora,

412 4127 500 4181 vel
533 4127 679 4181 aliud
706 4129 841 4197 quid
869 4130 1047 4198 joeosi
1072 4142 1124 4186 et
1144 4132 1362 4188 ridiculi
1395 4133 1691 4191 faciebant.
1728 4135 1999 4196 Homerus

414 4214 534 4285 ipse
561 4216 617 4270 in
641 4216 945 4273 Certamina
970 4236 1090 4274 cum
1125 4222 1362 4278 Hesiodo
1397 4240 1416 4279 :
1445 4225 1698 4297 Ἀνδράσι
1741 4228 1999 4299 ληϊστῆρο

413 4325 498 4369 σιν
519 4309 610 4363 ἐπ’
638 4309 815 4381 ἀκτῆς
835 4311 1034 4384 δόρπον
1057 4310 1275 4370 ἑλέσθαι
1297 4333 1311 4349 ο
1348 4324 1402 4372 et
1435 4317 1631 4388 Odyss.
1658 4320 1735 4371 Υο

593 4402 706 4457 Τὸν
734 4403 786 4457 δ’
819 4403 911 4474 ἄρ’
937 4404 1031 4458 ἐπ’
1059 4406 1251 4477 ἀκτῆς
1265 4403 1412 4478 εὗρε
1434 4410 1795 4480 καθήμενον.

412 4491 480 4551 Et
509 4493 822 4551 Herodotus
871 4496 925 4551 in
956 4497 1068 4552 vita
1111 4498 1329 4555 Homeri
1371 4518 1385 4553 :
1421 4503 1532 4555 Καὶ
1577 4502 1751 4567 οὕτως
1791 4504 2000 4560 ἀναλα-

2102 658 2270 712 vertit
2314 657 2571 722 barbare,
2621 653 2689 707 Et
2712 650 3134 725 Epigrammata
3186 654 3431 708 oratione
3486 655 3666 711 soluta.

2104 747 2363 803 Libenter
2390 763 2521 802 vero
2565 747 2752 801 videre
2785 747 2979 801 vellem
3024 746 3235 801 nobilia
3284 745 3377 799 illa
3404 745 3666 815 epigram-

2102 848 2252 897 mata
2299 839 2541 909 pedestri
2583 853 2843 894 sermone
2891 837 3062 893 l‘acta.
3104 835 3253 891 Vah!
3301 837 3511 891 adeone
3552 854 3672 893 exa-

2103 938 2290 982 ruerat
2323 928 2546 997 penitus
2582 928 2816 998 benigna
2848 927 2937 980 illa
2962 942 3097 981 vena
3121 924 3443 995 ingeniiiet
3469 926 3670 979 exstin-

2101 1028 2187 1074 cta
2229 1030 2348 1075 erat
2380 1035 2608 1089 prorsus
2648 1035 2711 1075 ea
2759 1019 2966 1074 mentis
3005 1017 3400 1081 inﬂammatio,
3433 1017 3551 1072 sine
3570 1032 3671 1088 qua

2102 1125 2267 1165 nemo
2301 1111 2552 1166 tithonns
2578 1110 2775 1180 poeta?
2814 1110 3001 1176 Quid?
3036 1124 3219 1164 unane
3253 1117 3309 1162 et
3350 1122 3665 1178 generosum

2098 1201 2381 1258 Ariusium
2417 1203 2473 1257 in
2494 1204 2650 1258 cellis
2672 1211 2995 1266 evanuerat,
3016 1216 3123 1271 quo
3150 1209 3462 1255 memorant
3504 1200 3670 1256 Ionem

2100 1293 2239 1348 bene
2287 1294 2525 1349 libenter
2586 1294 2913 1364 plerumque
2965 1309 3093 1350 esse
3146 1291 3352 1346 usum?
3404 1291 3675 1346 enimvero

2100 1385 2455 1440 verissimum
2514 1400 2640 1441 esse
2691 1384 2997 1455 comperit,
3059 1381 3213 1454 quod
3278 1382 3410 1435 olim
3475 1380 3679 1437 dixerat

2103 1475 2508 1545 Epicharmus;

2246 1569 2368 1622 Οὐκ
2403 1568 2531 1623 ἕντι
2559 1568 2940 1639 διθύραμϐος,
2970 1569 3101 1637 ὅκχ’
3126 1565 3286 1635 ὕδωρ
3315 1565 3479 1634 πίῃς.

2102 1659 2208 1716 Sed
2240 1660 2377 1716 bene
2400 1668 2505 1724 est,
2551 1661 2696 1731 quod
2747 1658 3041 1715 commoda
3087 1659 3401 1713 mutatione
3457 1656 3674 1726 propul-

2099 1767 2224 1808 sare
2249 1768 2544 1822 possumus
2590 1754 2694 1807 hoc
2756 1750 2996 1806 dedecus
3035 1765 3066 1804 a
3107 1763 3330 1804 summo
3382 1757 3559 1818 poeta.
3593 1747 3674 1803 Sic

2099 1843 2245 1897 enim
2288 1842 2516 1896 Suidam
2549 1840 3082 1913 οιηθηιιοεἜγραψε
3113 1840 3169 1894 δέ
3205 1857 3260 1894 κ.
3297 1839 3395 1893 καὶ
3415 1838 3675 1909 ἐπιγράμ-

2036 1926 2076 1984 Β
2108 1950 2292 2003 ματα,
2334 1933 2429 1985 καὶ⁸
2487 1932 2867 2003 καταλογάδην
2926 1931 3329 2003 πρεσϐευτικδν
3377 1930 3671 2001 λεγόμενον.

2106 2022 2291 2077 Schol.
2320 2023 2747 2093 Aristophanis:
2791 2023 3040 2095 Ἔγραψε
3083 2023 3298 2089 σκόλια,
3334 2024 3431 2078 καὶ
3462 2022 3672 2090 ἐλεγεῖα,

2103 2116 2197 2169 καὶ
2238 2115 2614 2187 καταλογάδην
2656 2114 2749 2169 τὸν
2803 2116 3204 2187 πρεσϐευτικδν
3264 2116 3582 2184 λεγόμενον,
3624 2114 3675 2166 ὃν

2103 2207 2255 2261 v'd’Jov
2296 2207 2508 2274 ἀξιοῦσί
2547 2226 2691 2273 τινες
2722 2204 2883 2274 εἶναι,
2930 2209 3051 2279 οὐχὶ
3091 2210 3286 2265 αὑτοῦ.
3340 2208 3491 2264 Idem
3527 2206 3677 2263 Scho-

2105 2298 2296 2355 liastes
2329 2318 2342 2354 :
2374 2300 2630 2353 Φαίνεται
2658 2299 2715 2352 δὲ
2760 2297 2926 2351 αὐτοῦ
2963 2298 3057 2352 καὶ
3095 2299 3318 2366 Κτὶσις,
3356 2298 3450 2351 καὶ
3494 2298 3677 2367 Κοσμο·

2102 2389 2350 2459 λογικὸς,
2396 2392 2487 2445 καὶ
2527 2390 2953 2461 ὑπομνήματα,
2990 2393 3085 2446 καὶ
3131 2392 3270 2446 ἄλλα
3313 2393 3458 2447 τινά.
3494 2390 3677 2460 Depra-

2102 2492 2288 2536 vatum
2321 2483 2468 2538 hunc
2508 2483 2692 2538 locum
2720 2483 2803 2538 sic
2843 2485 3105 2555 corrige:
3142 2483 3408 2538 Φαίνεται
3432 2484 3489 2537 δὲ
3527 2479 3674 2538 αὑτοῦ

2102 2572 2248 2626 Χίου
2287 2573 2507 2639 κτίσις.
2543 2572 2960 2645 Etymologicon
3002 2589 3312 2645 magnum:
3347 2575 3565 2645 Λόγχας
3596 2589 3676 2643 με·

2104 2662 2255 2734 ρίδεις
2305 2664 2494 2727 Ἴωνες
2540 2663 2814 2733 λέγουσιν,
2871 2666 3000 2718 Ἴων
3050 2666 3110 2719 ὲν
3148 2665 3289 2720 Χίου
3334 2667 3562 2738 κτήσει·
3594 2665 3675 2717 Ἐκ

2100 2757 2196 2825 τῆς
2228 2755 2349 2810 Τέω
2380 2757 2582 2829 λόγχης
2610 2757 2811 2827 λόγχας
2844 2760 3039 2814 ποιεῖν.
3091 2759 3417 2815 Certissime
3448 2756 3565 2831 [65]
3601 2757 3667 2810 le-

2100 2847 2337 2918 gendum
2369 2858 2457 2903 est
2490 2850 2616 2903 Ἴων
2655 2849 2717 2901 ὲν
2749 2849 2895 2903 Χίου
2924 2850 3138 2917 Κτίσει,
3168 2849 3273 2905 Ion
3295 2852 3346 2905 in
3387 2848 3670 2920 Originibus

2100 2937 2240 2992 Chii.
2276 2937 2540 2993 Videlicet
2588 2938 2706 3010 ipse
2742 2940 2849 2994 fuit
2894 2938 3066 2995 Chius
3108 2941 3340 2996 natione
3366 2981 3385 3006 ,
3423 2947 3479 2995 et
3513 2936 3671 2994 insula

2100 3028 2242 3085 Teos
2273 3030 2410 3085 Chio
2429 3031 2736 3101 prOpinqua
2760 3042 2867 3097 est,
2901 3047 3009 3087 non
3028 3033 3150 3088 Cio.
3171 3033 3474 3088 Athenaeus
3502 3032 3592 3085 lib.
3613 3045 3667 3083 ιε

2100 3120 2237 3189 Περὶ⁵
2269 3120 2326 3173 δε
2354 3119 2562 3191 ταύτης
2594 3121 2695 3191 τῆς
2727 3122 2991 3194 Κράσεως
3028 3123 3156 3177 Ἴων
3199 3124 3229 3176 ὁ
3266 3122 3501 3194 ποιητὴς
3524 3123 3577 3175 ὲν
3605 3116 3671 3188 τῷ

2101 3212 2229 3282 περὶ
2266 3211 2400 3266 Χίου
2458 3215 2644 3285 φησὶν,
2701 3214 2783 3269 ὅτι
2826 3214 3003 3287 εὑρὼν
3041 3217 3071 3269 6
3110 3215 3311 3285 μάντις
3356 3212 3670 3284 Παλαμήδης

2102 3303 2476 3372 ἐμαντεύσατο
2531 3304 2701 3360 πλοῦν
2758 3306 2980 3361 ἔσεσθαι
3042 3311 3153 3372 τοῖς
3193 3308 3428 3380 Ἕλλησι
3475 3306 3671 3360 πίνουσι

2102 3397 2253 3465 τρεῖς
2296 3395 2433 3467 πρὸς
2468 3395 2564 3450 ἕνα
2610 3397 2870 3462 κυάθους.
2920 3398 3105 3455 Unum
3144 3399 3407 3472 idemque
3436 3408 3522 3455 est
3552 3397 3670 3453 scri-

2104 3493 2293 3553 ptum;
2339 3484 2436 3539 sed
2488 3484 2640 3542 rideo
2681 3501 2780 3543 eos
2830 3489 2926 3558 qui
2959 3488 3073 3546 hac
3106 3490 3344 3558 perinde
3392 3489 3667 3547 ediderunt

2103 3574 2260 3644 quasi
2304 3584 2492 3631 essent
2528 3592 2723 3633 versus
2751 3578 3001 3647 iambici,
3056 3596 3167 3637 non
3205 3582 3393 3637 oratio
3443 3581 3656 3638 soluta:

2102 3663 2171 3719 de
2201 3665 2398 3721 mendo
2432 3674 2639 3734 autem,
2674 3684 2787 3739 quo
2826 3671 3249 3726 contaminatus
3284 3680 3373 3728 est
3405 3672 3574 3733 locus,
3598 3667 3669 3722 ni-

2104 3756 2182 3811 hil
2207 3758 2480 3827 suspicati
2514 3769 2664 3814 sunt.
2690 3762 2975 3827 Quorsum
3002 3764 3149 3818 enim
3174 3765 3418 3837 pertinet
3445 3760 3573 3818 illud
3595 3759 3671 3812 εὑ-

2106 3848 2212 3917 ρῶν
2233 3849 2256 3902 ?
2277 3849 2419 3916 Quid
2446 3852 2638 3919 reperit
2664 3854 2691 3908 7
2712 3854 2861 3924 quod
2885 3854 3043 3925 pueri
3075 3856 3368 3913 clamitant
3398 3872 3458 3913 se
3484 3855 3536 3910 in
3561 3852 3671 3907 faba

2106 3941 2420 4013 reperisse?
2452 3943 2564 4016 Ego
2596 3960 2729 4000 vero
2760 3947 2938 4004 ausim
2969 3963 3297 4007 asseverare
3322 3951 3404 4008 sic
3428 3965 3458 4005 a
3491 3946 3671 4003 doctis-

2103 4036 2245 4091 simo
2282 4038 2796 4106 {grammaticorum
2865 4040 3040 4097 fuisse
3088 4042 3361 4113 scriptum
3408 4059 3439 4097 .:
3495 4041 3608 4094 Ὅτι
3645 4037 3671 4089 ὁ

2102 4126 2459 4198 οἰωνόμαντις
2486 4127 2838 4200 Παλαμήδης,
2862 4138 2966 4185 etc.
2994 4129 3304 4190 Pausanias
3342 4133 3397 4188 in
3425 4126 3668 4185 Achaicis

2106 4219 2256 4276 Ionis
2302 4220 2552 4291 quaedam
2601 4221 2759 4287 citat,
2805 4236 2872 4276 ex
2922 4223 3029 4293 hoc
3077 4223 3364 4296 Originum
3412 4225 3572 4288 libro,
3617 4228 3671 4272 ut

2097 4308 2322 4378 quidem
2358 4310 2604 4380 conjicio
2644 4326 2661 4364 :
2697 4325 2806 4364 non
2839 4320 3025 4369 tamen
3068 4330 3472 4387 usquequaque
3499 4322 3672 4367 serva-

2104 4401 2178 4454 vit
2211 4402 2379 4457 verba
2415 4403 2690 4458 auctoris.
2720 4401 2815 4458 Ion
2841 4403 3014 4472 enim,
3050 4415 3112 4462 ut
3168 4408 3450 4463 hominem
3483 4403 3665 4474 Chium

2103 4489 2287 4547 iacere
2310 4508 2407 4561 par
2434 4501 2573 4562 erat,
2601 4495 2654 4550 in
2682 4497 2953 4566 prosaicis
2984 4485 3207 4570 scriptis
3239 4498 3429 4555 ionica
3452 4495 3669 4551 dialecto

412 4581 602 4646 δόντες
637 4584 800 4637 αὐτὸν
839 4585 1182 4658 ἀνήχθησαν,
1234 4590 1330 4642 καὶ
1360 4590 1609 4660 ἴσχουσιν
1649 4594 1738 4646 ἐπ’
1784 4594 1994 4664 ἀκτῆς*

2102 4591 2185 4637 est
2226 4597 2376 4639 usus.
2424 4584 2654 4642 Constat
2691 4588 2795 4642 hoc
2832 4603 2899 4644 ex
2938 4591 3226 4659 superiore
3279 4591 3404 4646 loco
3450 4586 3664 4656 Etymo-

411 4670 464 4720 οἱ
503 4671 602 4741 μὲν
625 4672 688 4742 δὴ
717 4673 889 4737 ἁλιεῖς
919 4676 1056 4746 πρὸς
1088 4677 1251 4749 ἔργον
1280 4666 1623 4750 ἐτράπησαν,
1659 4683 1687 4734 6
1725 4681 1781 4735 δὲ
1819 4684 1998 4754 Ὄμη-

415 4778 508 4830 ρος
566 4763 666 4832 τὴν
707 4763 879 4817 νύκτα
940 4768 1034 4819 ἐπὶ
1091 4767 1186 4820 τοῦ
1240 4770 1490 4836 αἰγιαλοῦ
1539 4770 1883 4840 κατέμεινεν.
1930 4772 1997 4827 Ει

412 4855 695 4922 aliquanto
724 4854 996 4912 inferius:
1026 4859 1135 4911 Καὶ
1166 4860 1426 4929 ἀναχθεὶς
1459 4861 1599 4931 μετά
1628 4879 1792 4915 τινων
1822 4864 1997 4935 ἐγχω-

415 4947 546 5017 ρίων
595 4947 880 5017 ἀπηνέχθη
925 4951 1007 5015 εἰς
1061 4951 1161 5022 τὴν
1209 4953 1340 5005 "low
1398 4954 1491 5007 καὶ
1534 4954 1895 5027 ὡρμίσθησαν
1933 4960 1993 5011 οὐ

412 5037 554 5090 κατὰ
603 5038 782 5105 πόλιν,
827 5040 942 5093 ἀλλ’
984 5043 1072 5095 ἐπ’
1102 5043 1295 5112 ἀκτῆς.
1332 5043 1511 5112 Atque
1546 5046 1685 5097 hanc
1730 5048 1808 5099 vel
1842 5048 1993 5101 illam

411 5143 530 5184 rem
560 5129 862 5186 verisimile
887 5140 971 5187 est
1006 5145 1392 5203 argumentum
1415 5146 1465 5189 et
1482 5138 1831 5193 occasionem
1865 5154 1996 5206 pue-

415 5220 546 5273 mati
587 5219 830 5275 dedisse.
871 5220 1047 5278 Venio
1102 5225 1169 5277 ad
1212 5239 1275 5279 ea
1349 5241 1471 5295 quae
1513 5228 1757 5282 oratione
1829 5245 1992 5296 prosa

413 5309 507 5365 lon
563 5314 892 5383 composuit.
930 5313 1146 5370 Namin
1180 5332 1244 5369 eo
1278 5334 1479 5389 genere
1530 5321 1702 5395 libros
1753 5324 1992 5378 edidisse

411 5405 573 5459 testis
628 5418 708 5460 est
758 5407 1112 5477 Plutarchus,
1164 5408 1242 5464 De
1293 5414 1515 5481 fortuna
1583 5414 1991 5473 Romanorum:

413 5494 541 5549 Ἴων
572 5496 670 5565 μὲν
698 5498 793 5552 οὖν
821 5501 848 5552 ὁ
879 5502 1110 5572 ποιητῆς
1147 5504 1205 5555 ἐν
1230 5506 1343 5568 τοῖς
1377 5505 1501 5576 δίχα
1535 5507 1736 5577 μέτρου
1771 5510 1863 5561 καὶ
1889 5528 1991 5562 κα-

410 5588 711 5661 ταλογάδην
765 5591 912 5663 αὐτῷ
964 5595 1379 5667 γεγραμμένοις
1434 5600 1620 5665 φησιν,
1668 5600 1991 5669 ἀνομοιότα-

410 5693 503 5731 τον
537 5681 773 5750 πρᾶγμα
818 5686 883 5755 τῇ
915 5686 1076 5759 σοφίᾳ
1112 5687 1213 5758 τὴν
1247 5687 1417 5760 τύχην
1449 5686 1615 5743 οὖσαν
1655 5692 1991 5759 ὁμοιοτάτων

411 5787 611 5841 πραγμ
649 5790 756 5826 των
814 5777 1062 5844 γίνεσθαι
1123 5779 1481 5850 δημιουργόν.
1545 5781 1609 5833 Et
1669 5780 1869 5836 Snidas
1937 5784 1987 5837 in

409 5859 595 5930 Διθυρ.
660 5865 907 5936 Ἔγραψε
961 5868 1014 5939 δὲ
1075 5871 1365 5942 κωμῳδὶαν
1427 5871 1521 5925 καὶ
1592 5873 1988 5943 ἐπιγρὲμμὴτα

1194 6018 1211 6048 ο

2105 4674 2284 4743 logici,
2320 4684 2374 4731 et
2417 4674 2871 4745 Harpocrationis
2905 4680 3046 4746 alio,
3083 4691 3138 4737 et
3190 4683 3499 4758 fragmento
3537 4676 3663 4730 alius

2104 4764 2309 4831 operis,
2324 4767 2471 4834 quod
2498 4767 2841 4839 Ἐπιδημιάι
2865 4772 3215 4829 inscribitur.
3233 4775 3523 4829 Athenaeus
3543 4781 3659 4821 xm:

2107 4852 2232 4904 Ἴων
2265 4852 2357 4907 οὖν
2381 4854 2409 4907 6
2437 4855 2664 4927 ποιητὴς
2695 4859 2754 4912 ὲν
2781 4862 2903 4923 ταῖς
2937 4861 3409 4935 ἐπιγραφομέναις
3461 4856 3662 4925 Ἐπιδη-

2106 4943 2257 5012 μίαις
2314 4947 2516 5016 γράφει
2579 4949 2787 5014 οὕτως’
2869 4952 3133 5021 Σοφοκλεῖ
3204 4957 3283 5027 τῷ
3354 4952 3545 5020 ποιητῇ
3610 4948 3663 4998 ἐν

2102 5037 2218 5106 Χίῳ
2238 5040 2563 5110 συνήντησα,
2594 5042 2681 5096 ὅτε
2709 5043 2862 5096 ἔπλει
2904 5046 2984 5109 εἰς
3023 5046 3230 5102 Λέσϐον
3281 5042 3576 5120 στρατηγὸς
3614 5042 3663 5091 εί

2102 5144 2225 5196 qua:
2285 5143 2616 5202 sequuntur.
2676 5132 3002 5206 Quanquam
3047 5140 3194 5194 enim
3259 5152 3507 5209 magnam
3550 5142 3661 5202 par-

2101 5229 2208 5276 tem
2250 5226 2568 5293 perturbata
2615 5226 2689 5279 ibi
2724 5235 2856 5280 sunt
2897 5230 3088 5295 verba,
3151 5239 3205 5286 ct
3238 5233 3291 5287 in
3329 5232 3655 5285 communem

2102 5330 2411 5371 sermonem
2459 5317 2746 5372 immutata
2788 5336 2803 5373 :
2840 5335 2947 5372 non
2982 5321 3224 5376 obscura
3250 5330 3427 5377 tamen
3466 5314 3658 5370 resumi

2105 5406 2335 5476 vestigia
2389 5405 2619 5463 lonismi
2665 5427 2678 5463 :
2718 5419 2773 5463 ut
2822 5412 3003 5482 κάρτα
3049 5412 3270 5482 δοκέον,
3319 5407 3654 5480 ἀφαιρέοντσι

2098 5500 2368 5571 ἀσσοτέρα
2387 5539 2402 5565 ,
2442 5500 2690 5572 ἔπρησσε
2710 5542 2724 5566 ,
2770 5504 3057 5575 ῥεκτήριος
3080 5545 3095 5571 ,
3127 5507 3381 5579 ἐνωπήθη
3423 5504 3485 5571 τῇ
3512 5492 3655 5563 ἔπιρ⁶

2101 5592 2341 5664 ραπίσει.
2395 5594 2461 5649 Is.
2511 5594 2872 5651 Casaubonus
2914 5596 2980 5651 ad
3031 5598 3242 5668 locum;
3296 5585 3652 5652 Ἐγωπεῖσθαιο

2099 5686 2196 5747 ait,
2229 5687 2274 5737 si
2299 5685 2375 5738 ita
2404 5686 2617 5753 scripsit
2648 5697 2860 5751 auctor,
2889 5705 3017 5744 nove
3091 5690 3363 5759 usurparit
3397 5702 3489 5755 pro
3541 5679 3655 5730 δυσ·

2098 5784 2390 5839 ωπεῖσθαί·
2417 5785 2642 5856 Νί³¹¹¹ῐ³θν
2686 5787 2832 5856 (111οά
2858 5790 3095 5855 mireris,
3133 5777 3459 5845 existimavit
3502 5765 3649 5822 verba

2100 5875 2342 5929 Athenmi
2393 5892 2534 5939 csse,
2593 5893 2700 5932 non
2757 5878 2926 5934 Ionis.
2984 5881 3151 5951 Atqui
3197 5866 3515 5932 ὲνωπεῖσθαε
3554 5866 3645 5913 νοΐ
