3966 6442
339 391 443 456 765

1439 393 1805 453 EPISTULA
1852 393 2061 455 RICH.
2100 396 2490 460 BENTLEII.

3511 402 3618 465 706

343 508 491 567 nihili
524 518 652 565 est:
702 509 961 583 ἐνωπήθη
1012 524 1143 565 vero
1181 508 1387 577 ionica,
1433 519 1488 565 et
1539 502 1922 565 α’νωπείσθαι

2051 511 2242 566 latibus
2273 521 2328 568 et
2394 512 2802 585 coagmentatis
2849 519 3105 569 utuntur.
3138 510 3448 569 Demetrius
3482 514 3621 584 Περὶ

343 606 594 658 formata.
621 601 930 674 Hesychius
958 622 973 658 :
1000 601 1331 686 Ἐνώπηται,
1363 602 1785 656 τεταπείνωται.
1809 600 1925 655 An—

343 707 552 765 tiquam
583 695 845 760 obtinuit,
869 710 993 750 cum
1030 696 1390 766 depravatum
1423 695 1563 749 illud
1605 695 1835 765 protulit
1860 710 1922 747 ex

345 790 576 842 aliorum
623 789 746 852 lide,
796 788 934 842 nihil
993 788 1114 859 ipse
1151 787 1443 857 suspicans
1492 786 1574 841 vel
1626 785 1923 841 sollicitus.

344 874 483 943 Lege
520 888 648 926 vero
689 872 903 942 integre
954 871 1292 941 νενώνηται,
1337 873 1461 926 loco
1500 872 1682 924 mutili
1737 870 1922 925 istius.

348 964 487 1018 Idem
517 964 644 1018 alibi
680 965 1032 1036 Νενώνηται,
1070 965 1500 1025 τεταπείνωται,
1553 962 1928 1032 καταπέπλη-

346 1072 490 1109 κται.
505 1053 647 1125 Lege
665 1055 755 1108 hic
780 1070 999 1125 quoque
1013 1054 1343 1127 νενώπηται.
1361 1052 1682 1108 Patriarcha
1703 1051 1928 1105 Photius

344 1147 399 1200 in
428 1145 631 1201 Lexico
658 1162 762 1202 ms.
791 1146 1142 1217 Νενώπηται,
1161 1146 1624 1216 καταπέπληκται
1675 1143 1769 1197 καὶ
1797 1160 1920 1195 κατ⁸

345 1233 699 1305 εςτύγνακεν.
738 1232 1068 1290 Rectissime
1086 1236 1309 1305 quidem
1343 1232 1600 1302 Photius,
1624 1243 1684 1287 ut
1722 1249 1786 1285 ex
1823 1233 1929 1285 hoc

348 1322 491 1379 Ionis
540 1326 663 1380 loco
698 1327 1046 1397 perspicuum
1097 1335 1201 1382 est.
1253 1324 1393 1393 Quid
1428 1340 1529 1395 ego
1576 1326 1644 1380 de
1682 1325 1929 1378 Athenaei

348 1420 645 1489 interprete
697 1419 907 1483 dicam,
955 1412 1048 1488 qui
1098 1419 1423 1489 Ἐπιδημίας
1471 1419 1930 1489 Peregrinationes

350 1512 743 1580 interpretatur
778 1530 791 1565 :
829 1514 1057 1582 perinde
1104 1527 1167 1566 ac
1203 1513 1248 1565 si
1291 1511 1623 1581 Ἀποδημίαι
1661 1511 1930 1565 inseribe-

351 1610 541 1654 rentur
572 1598 728 1672 [66]?
758 1598 954 1655 Verum
1013 1602 1142 1654 alibi
1173 1617 1398 1671 quoque.
1449 1600 1775 1671 ἐπιδημιῶν
1821 1616 1933 1654 nie—

353 1692 505 1745 minit
528 1691 846 1756 Athenaeus,
877 1700 935 1745 ut
958 1692 994 1745 Ι.
1024 1709 1085 1746 ιιι
1107 1710 1120 1745 :
1146 1691 1269 1746 Τῶν
1292 1692 1346 1744 δὲ
1373 1691 1566 1763 χημῶν
1600 1693 1933 1761 μνημονεύει

2039 602 2391 676 Ἐρμηνείας.
2430 606 2682 677 Δηπτέον
2715 605 2771 659 δὲ
2802 605 2895 659 καὶ
2922 607 3157 660 σύνθετα
3188 606 3429 677 ὀνόματα
3454 607 3516 659 οὐ
3549 607 3619 659 τά

2027 692 2441 764 διθυραμϐικῶς
2468 694 2825 764 συγκείμενα,
2849 689 2960 749 οἷον
2979 685 3359 768 Θεοπεράτους
3386 696 3615 757 πλάνας.

2027 784 2149 837 οὐδὲ
2179 785 2431 855 Ἀστρων
2468 784 2777 857 δορύπυρον
2825 786 3080 856 στρατὸν,
3109 786 3224 840 ἀλλ’
3256 786 3475 840 ἐοικότα
3505 789 3619 849 τοῖς

2031 875 2256 946 ὑπὸτῆς
2307 875 2568 970 ἀληθείας
2620 878 3022 948 συγκειμένοις.
3056 877 3122 931 Ει
3174 876 3388 933 Horatii
3428 877 3563 933 illud
3602 894 3616 932 :

2245 978 2351 1035 Sen
2372 996 2464 1049 per
2501 980 2734 1051 audaces
2770 996 2899 1035 nova
2920 981 3287 1051 dithyrambos

2606 1049 2776 1104 Verba
2813 1049 3053 1106 devolvit.

2031 1150 2151 1220 Ipse
2180 1148 2379 1206 Suidas
2419 1148 2548 1204 alibi
2587 1166 2601 1203 :
2636 1149 3275 1220 Δυθυραμὸοδιδάσκαλοι
3335 1148 3462 1222 περὶ
3510 1147 3620 1202 τῶν

2035 1241 2324 1311 μετεώρων
2362 1242 2455 1294 καὶ
2479 1239 2590 1294 τῶν
2614 1239 2855 1308 νεφελῶν
2897 1241 3117 1308 λέγουσι
3144 1240 3334 1304 πολλὰ,
3369 1240 3461 1293 καὶ
3489 1255 3619 1292 συν-

2034 1333 2216 1396 θέτους
2254 1333 2310 1385 δὲ
2331 1333 2506 1398 λέξεις
2557 1332 2777 1385 ἐποίουν
2824 1332 2918 1385 καὶ
2964 1332 3151 1400 ἔλεγον
3198 1333 3620 1403 ἐνδιαεριανερι-

2032 1425 2327 1495 νηχέτους·
2387 1419 2499 1487 οἷος
2557 1420 2626 1495 ἦν
2681 1426 2804 1477 Ἴων
2847 1426 2876 1477 6
2923 1425 3055 1487 Χῖος
3093 1425 3341 1495 ποιητής.
3381 1421 3621 1477 Omnino

2036 1518 2155 1571 \ide
2178 1514 2606 1586 Aristophanem
2650 1515 2704 1568 in
2735 1514 2901 1580 Pace,
2942 1515 3171 1585 ejusque
3223 1523 3619 1568 enarratorem.

2034 1607 2352 1678 Itaqueiam
2391 1592 2682 1662 manifesto
2738 1615 3081 1677 compertum
3110 1616 3165 1662 et
3215 1605 3621 1677 deprehensum

2035 1708 2119 1767 est
2148 1699 2331 1753 Suidae
2370 1698 2741 1753 mendacium.
2778 1697 3087 1766 Τριατμόν.
3129 1694 3315 1751 Locus
3363 1703 3447 1751 est
3500 1693 3624 1747 illuc

355 1785 476 1837 Ἴων
516 1784 544 1836 6
582 1784 715 1846 Χῖος
739 1785 794 1836 ἐν
824 1782 1196 1854 Ἐπιδημίαις.
1227 1785 1471 1854 Intelligo
1518 1782 1597 1837 De
1621 1782 1934 1837 adventibus

2051 1791 2171 1862 stris
2201 1790 2344 1862 apud
2378 1788 2919 1860 Harpocrationem;
2971 1803 3138 1859 quem
3198 1803 3267 1842 ex
3302 1802 3403 1841 usu
3461 1785 3628 1841 fuerit

355 1880 619 1930 clarorum
670 1877 904 1929 uirorum
961 1877 1019 1930 in
1074 1872 1299 1937 Chium.
1345 1878 1462 1932 sive
1506 1875 1579 1931 De
1634 1876 1701 1931 iis
1741 1878 1830 1946 qui
1881 1876 1936 1929 in

2060 1854 2312 1952 integrum
2361 1854 2698 1938 describere.
2737 1882 2885 1937 Ἴων,
2953 1854 3273 1952 Ἰσοκράτης
3298 1882 3356 1933 ἐν
3378 1876 3454 1948 τῷ
3496 1891 3601 1945 περ

359 1966 482 2022 Chio
513 1966 695 2019 insula
739 1967 1057 2021 commorati
1098 1979 1243 2023 sunt.
1293 1965 1561 2022 Similiter
1609 1983 1674 2022 ac
1716 1968 1936 2021 Polemo

361 2059 551 2112 librum
585 2057 756 2112 edidit
789 2057 864 2111 De
894 2057 1264 2113 Eratosthenis
1296 2059 1520 2113 adventu
1572 2059 1641 2113 ad
1673 2059 1931 2113 Athenas.

364 2148 652 2203 Euarrator
679 2147 890 2203 Comici
910 2149 976 2204 ad
1001 2149 1148 2205 Aves
1182 2169 1196 2203 :
1226 2150 1486 2220 Πολέμων
1513 2151 1570 2203 ἐν
1592 2150 1671 2219 τῷ
1697 2149 1938 2222 δευτέρῳ

370 2240 491 2311 περὶ
535 2239 632 2310 τῆς
664 2239 953 2313 Ἀθήνῃσιν
1004 2240 1430 2311 Ἐρατοσθένους
1486 2240 1804 2312 ἐπιδημίας.
1856 2241 1932 2293 EI

373 2331 653 2403 Epidemiis
683 2332 849 2400 petita
905 2331 1158 2386 videntur
1209 2333 1291 2388 vel
1346 2331 1763 2403 Ὑπομνήμασι,
1813 2345 1939 2401 ηοω

371 2424 542 2478 laudat
597 2422 929 2480 Plutarchus
988 2425 1046 2479 in
1095 2423 1221 2478 Vita
1275 2422 1539 2489 Periclis;
1588 2431 1642 2477 et
1692 2422 1938 2478 Cimonis

364 2516 519 2571 etiam
549 2530 661 2571 non
691 2515 851 2586 longe
871 2530 900 2569 a
922 2514 1195 2587 principio
1226 2531 1242 2570 :
1282 2508 1395 2567 Ἦν
1436 2514 1495 2567 δὲ
1534 2512 1633 2569 καὶ
1669 2513 1770 2585 τὴν
1795 2513 1938 2567 ἰδέαν

360 2606 419 2659 οὐ
449 2607 716 2677 μεμπτὸς,
756 2605 833 2670 ῶς
881 2624 1047 2677 φησιν
1083 2608 1208 2661 Ἴων
1233 2606 1261 2659 6
1294 2605 1554 2678 ποιητὴς,
1593 2605 1731 2660 ἀλλὰ
1767 2607 1940 2675 μέγας

363 2698 483 2770 οὐλῇ
505 2700 598 2751 καὶ
620 2699 789 2770 πολλῇ
826 2701 972 2770 τριχὶ
1000 2700 1187 2770 κομῶν
1212 2700 1311 2771 τὴν
1354 2698 1621 2770 κεφαλήν.
1663 2697 1796 2764 Quae
1822 2699 1943 2752 sine

366 2792 527 2846 dubio
568 2796 653 2847 ρει
707 2795 886 2846 oratio
949 2794 1255 2865 pedestris,
1313 2800 1369 2849 et
1428 2793 1606 2862 magis
1655 2791 1940 2849 Plutarchi

364 2885 544 2947 verba,
593 2895 650 2938 ut
702 2885 1001 2955 suspicor,
1044 2901 1208 2955 quam
1255 2884 1423 2941 Ionis.
1473 2883 1707 2955 Magnus
1755 2892 1939 2940 tamen

362 2977 580 3031 Grotius
612 2978 676 3031 ad
709 2977 923 3032 iambos
965 2978 1210 3048 tragicos
1243 2977 1496 3047 redigere
1524 2985 1762 3032 conatus
1802 2981 1888 3032 est
1925 2994 1939 3030 :

411 3063 422 3076 ’
463 3068 590 3151 (iis:
603 3068 715 3151 γὰρ
747 3067 915 3151 ἰδέαις
935 3071 1014 3149 ρὺ
1031 3069 1320 3151 μεμπτὸς,
1355 3067 1495 3123 ἀλλ’
1528 3068 1639 3151 ἔηγ
1657 3068 1870 3151 perac:

464 3138 637 3207 Οὺλῇ
670 3156 732 3192 τε
755 3138 960 3208 πολλῇ
983 3155 1047 3192 τε
1072 3140 1227 3207 τριχὶ
1257 3138 1371 3206 τὴν
1404 3139 1683 3208 κεφαλὴν
1717 3140 1940 3208 κομῶν.

367 3228 613 3285 ilmccine
643 3238 827 3284 autem
859 3230 1062 3291 oratio,
1109 3237 1220 3282 tam
1249 3231 1398 3284 leves
1422 3229 1633 3283 muneri
1676 3230 1941 3299 tragicum

361 3321 489 3390 quid
532 3320 771 3390 spirant,
796 3328 849 3374 et
873 3320 1148 3374 cothurno
1184 3319 1443 3389 dignum?
1482 3318 1637 3373 Haud
1679 3318 1788 3373 vidi
1826 3333 1945 3373 ma-

361 3413 460 3478 gis.
502 3409 650 3476 Quid
676 3409 810 3465 illud
879 3411 1104 3476 ibidem,
1161 3411 1306 3465 bene
1354 3410 1544 3465 multis
1596 3409 1948 3478 interjectis?

372 3502 429 3556 '0
451 3503 517 3557 δὲ
549 3504 676 3556 Ἴων
717 3502 1164 3573 ἀπομνημονεύει
1191 3503 1286 3555 καὶ
1314 3500 1604 3569 τὸνλόγον,
1632 3493 1675 3568 ᾧ
1714 3500 1947 3570 μάλιστα

357 3596 478 3659 τοὺς
531 3594 850 3665 Ἀθηναίους
874 3595 1096 3664 ἐκίνησε
1137 3593 1376 3665 (Κίμων)
1427 3592 1764 3665 παρακαλῶν
1811 3594 1947 3665 μήτε

356 3684 703 3756 τὴνἙλλάδα
724 3684 924 3755 χωλὴν,
955 3685 1092 3756 μήτε
1123 3684 1223 3755 τὴν
1251 3685 1405 3737 πόλιν
1435 3684 1733 3756 ἑτερόζυγα
1765 3688 1947 3755 περιϊ-

355 3777 464 3830 δεῖν
510 3775 908 3847 γεγενημένην.
931 3774 1156 3830 Grotius
1181 3774 1406 3845 perinde
1424 3776 1540 3828 haec
1569 3774 1803 3844 accepit,
1824 3783 1949 3829 tan-

357 3880 531 3937 quam
558 3868 602 3921 si
648 3882 713 3921 es
752 3866 1031 3936 tragtedite
1083 3867 1256 3920 choro
1304 3865 1594 3935 desumpta
1658 3865 1946 3921 fuissent:

576 3957 743 4023 Μήτε
773 3956 890 4024 τὴν
924 3956 1192 4012 Ἐλλάδα
1223 3956 1452 4026 χωλὴν,

575 4027 740 4094 Μήτε
765 4027 880 4093 τὴν
907 4029 1090 4081 πόλιν
1132 4025 1444 4095 ἑτερόζυγα

577 4097 872 4167 Περιϊδεῖν
900 4098 1328 4167 γεγενημένην.

360 4191 471 4247 Nos
506 4189 696 4261 pusilli
742 4188 1060 4244 homunculi
1091 4190 1179 4242 vix
1201 4204 1498 4260 possumus
1533 4204 1722 4246 carere
1751 4189 1949 4258 venia;

359 4301 487 4338 cum
530 4282 694 4338 ctiam
759 4281 979 4335 maximi
1018 4281 1215 4337 heroes
1268 4281 1536 4337 labuntur
1565 4282 1865 4339 identidem
1895 4292 1951 4338 et

360 4370 781 4426 hallucinantur
814 4369 1149 4439 turpissime.
1183 4368 1419 4440 Scripsit
1453 4371 1547 4425 lon
1584 4380 1639 4425 et
1698 4370 1951 4425 Philoso-

359 4464 547 4531 plzica,
579 4470 635 4513 ut
667 4461 1125 4531 Κοσμολογικόν
1149 4476 1162 4490 °
1203 4460 1394 4516 Schol.
1427 4462 1712 4532 Aristoph.
1778 4470 1854 4527 et,
1907 4462 1954 4516 si

2036 1973 2137 2043 τῆς
2184 1971 2548 2035 Ἀντιδόσεως.
2588 1970 2775 2034 Ἴωνος
2804 1969 2899 2024 τοῦ
2927 1968 3030 2040 τῆς
3058 1969 3370 2041 τραγῳδίας
3397 1965 3624 2038 ποιητοῦ

2040 2062 2371 2134 μνημονεύοι
2430 2062 2497 2117 ἂν
2551 2061 2648 2116 νῦν
2691 2062 2720 2114 6
2760 2062 2947 2133 ῥήτωρ
2977 2061 3152 2132 (atqui
3180 2075 3282 2116 nec
3310 2061 3364 2116 in
3398 2074 3462 2115 ea
3491 2073 3625 2115 ora-

2035 2155 2185 2208 tione
2208 2168 2307 2208 nec
2330 2155 2386 2208 in
2414 2154 2643 2223 reliquis
2659 2168 2782 2223 qua:
2798 2169 2947 2208 nunc
2966 2161 3208 2218 exstant,
3235 2160 3319 2208 est
3340 2152 3454 2206 ulla
3472 2165 3627 2205 meu~

2039 2247 2116 2300 tio
2145 2246 2317 2309 Ionis,
2352 2245 2500 2315 quod
2567 2244 2770 2312 sciam)
2806 2243 2865 2308 ὃς
2896 2239 2966 2315 ἦν
3007 2246 3138 2308 Χῖος
3170 2243 3271 2315 μὲν
3306 2242 3481 2311 γένος,
3513 2241 3628 2303 υίὸς

2036 2336 2094 2389 δὲ
2140 2335 2525 2407 Ὀρθομένους,
2578 2333 2869 2405 ἐπίκλησιν
2916 2336 2973 2389 δὲ
3023 2334 3253 2390 Ξούθου.
3289 2332 3539 2401 Ἔγραψε
3572 2331 3630 2385 δὲ

2039 2427 2133 2480 καὶ
2191 2426 2329 2498 μέλη
2385 2425 2560 2480 πολλά
2600 2428 2697 2480 καὶ
2737 2425 3065 2499 τραγῳδίας,
3109 2425 3206 2479 καὶ
3250 2423 3545 2495 φιλόσοφόν
3575 2439 3630 2475 τι

2043 2517 2388 2589 σύγγραμμα
2412 2517 2502 2570 τὸν
2520 2517 2813 2601 Τριαγμὸν
2827 2516 3295 2588 ἐπιγραφόμενον,
3320 2514 3460 2581 ὅπερ
3480 2511 3630 2566 Καλ-

2039 2610 2274 2680 λίμαχος
2329 2608 2712 2678 άντιλέγεσθαί
2763 2600 2950 2679 ιρησιν,
3004 2607 3081 2671 ὡς
3147 2603 3490 2674 Ἐπιγένους.
3542 2600 3635 2656 Ἐν

2041 2701 2206 2763 ἐνίοις
2248 2700 2305 2752 δέ
2359 2699 2455 2753 καὶ
2502 2698 2883 2770 πληθυντικῶς
2926 2697 3296 2768 ἐπιγράφεται
3338 2693 3632 2765 Τριαγμοὶ,

2042 2791 2185 2845 καθὰ
2237 2792 2549 2863 Δημήτριος
2620 2794 2649 2845 6
2711 2791 2953 2861 Σκήψιος
3002 2789 3096 2844 καὶ
3157 2787 3549 2857 Ἀπολλωνίδης
3603 2785 3634 2839 6

2042 2880 2305 2945 Νικαεύς.
2366 2881 2770 2953 Ἀναγράφουσι
2814 2881 2870 2934 δὲ
2913 2881 2973 2934 ἐν
3000 2879 3149 2951 αὐτῷ
3175 2879 3331 2933 τάδε·
3376 2876 3545 2948 Ἀρχὴ
3577 2874 3636 2928 δέ

2046 2993 2135 3046 μοι
2161 2975 2253 3028 τοῦ
2284 2974 2447 3043 λόγου
2487 2977 2665 3030 πάντα
2724 2974 2874 3044 τρία,
2911 2973 3006 3028 καὶ
3052 2972 3214 3026 πλέον
3263 2971 3440 3036 τοῦδε,
3470 2968 3636 3021 πλέον

2043 3064 2290 3119 ἐλάσσων
2309 3064 2517 3119 τούτων
2570 3063 2739 3135 τριῶν
2787 3065 2927 3129 ἐνὸς,
2955 3054 3198 3117 ’ἑκάστου
3249 3059 3418 3134 ἁρετὴ
3452 3058 3634 3130 τριὰς,

2048 3155 2285 3216 σύνεσις,
2319 3153 2414 3206 καὶ
2445 3153 2673 3225 κράτος,
2730 3155 2826 3207 καὶ
2874 3152 3039 3222 τύχη.
3078 3150 3215 3206 Male
3248 3154 3352 3206 ista
3392 3149 3639 3220 percepit

2053 3246 2356 3314 interpres;
2389 3245 2484 3314 qui
2543 3245 2617 3298 ita
2644 3245 2805 3298 vertit
2835 3262 2849 3299 :
2908 3243 3058 3298 Velut
3085 3258 3150 3298 ea:
3196 3260 3256 3298 eo
3290 3241 3439 3295 Dem.
3469 3239 3558 3295 Sc.
3587 3248 3636 3292 et

2053 3336 2152 3404 Ap.
2184 3333 2255 3390 Ν.
2297 3335 2403 3389 ista
2434 3347 2872 3390 commemorant.
2906 3334 3022 3406 Ego
3051 3350 3179 3390 vero
3211 3334 3292 3389 sic
3349 3332 3637 3399 interpun-

2054 3426 2290 3497 geudum
2327 3440 2454 3480 esse
2495 3441 2697 3481 censeo
2731 3443 2747 3480 :
2776 3426 2920 3480 καθά
2970 3429 3029 3480 Δ.
3077 3427 3105 3478 6
3166 3426 3224 3479 Σ.
3261 3424 3355 3478 καὶ
3380 3424 3444 3477 Α.
3477 3424 3504 3476 6
3544 3422 3640 3475 Νιο

2054 3518 2769 3590 καεύς.Ἀναγράφουσιδὲ,
2825 3520 3084 3574 nimirum
3130 3516 3641 3572 autEratusthcncs

2056 3611 2108 3667 in
2137 3611 2599 3682 Descriptionibus
2662 3622 2977 3681 temporum,
3033 3621 3125 3667 aut
3162 3612 3345 3681 potius
3376 3608 3640 3663 Callima-

2057 3704 2194 3758 chus
2227 3703 2282 3757 in
2317 3700 2538 3757 Tabulis
2570 3703 2740 3757 omnis
2774 3703 2976 3773 generis
3010 3700 3292 3755 librorum.
3336 3698 3470 3753 Nam
3503 3699 3641 3752 ἁνα-

2056 3795 2288 3865 γράφειν
2318 3804 2405 3850 est
2434 3794 2489 3848 in
2522 3793 2741 3850 tabulas
2766 3808 3055 3849 recensere
3109 3801 3163 3848 et
3195 3792 3434 3855 mittere,
3470 3791 3525 3844 in
3551 3805 3644 3844 ca-

2058 3886 2298 3958 talogum
2342 3885 2571 3941 referre.
2612 3882 2736 3955 Ipse
2784 3883 3184 3955 [Iarpocration
3218 3881 3347 3936 alibi
3376 3897 3389 3931 :
3415 3878 3640 3951 Εὔηνος.

2057 3978 2162 4031 Δύο
2184 3978 2597 4048 ἀναγράφουσιν
2638 3977 2876 4049 Εὑήνους
2915 3975 3172 4045 ἐλεγείων
3206 3972 3464 4044 ποιητὰς,
3496 3974 3645 4042 ὁμω·

2057 4066 2263 4137 νύμους
2285 4066 2541 4138 ἀλλήλοις
2560 4084 2573 4097 ·
2604 4067 2860 4139 καθάπερ
2881 4064 3272 4138 Ἐρατοσθένης
3309 4067 3367 4117 ἐν
3404 4061 3484 4134 τῷ
3516 4062 3645 4132 περὶ

2059 4159 2507 4230 Χρονογραφιῶν.
2536 4158 2832 4215 Athenaeus
2854 4175 2923 4213 xv
2956 4177 2973 4215 :
3010 4159 3121 4213 Καὶ
3148 4159 3242 4211 τὸν
3271 4156 3425 4225 λόγον
3454 4153 3646 4208 τοῦτο)

2061 4248 2341 4323 ἀνέγραψε
2404 4249 2761 4319 Καλλίμαχος
2796 4251 2855 4303 ὲν
2895 4251 2961 4320 τῇ
2991 4248 3100 4302 τῶν
3141 4245 3474 4319 Ῥητορικῶν
3512 4246 3645 4299 ἀνα-ι

2060 4344 2271 4416 γραφῇ,
2306 4342 2362 4394 in
2403 4339 2663 4411 Catalogo
2727 4340 2982 4393 librorum
3020 4338 3441 4393 thetorirorum.
3485 4333 3656 4395 Hune,

2063 4444 2241 4489 autem
2271 4448 2477 4489 morem
2511 4433 2566 4487 in
2593 4432 2826 4488 Tabulis
2853 4432 2978 4487 istis
3004 4431 3220 4486 tenebat
3249 4428 3654 4491 Callimachus,

362 4521 557 4611 Suidae
588 4521 887 4619 credimus,
920 4521 992 4607 De
1019 4552 1297 4615 meteoris,
1321 4561 1375 4607 et
1392 4521 1712 4623 compositas
1732 4521 1960 4609 siveor-
1992 4559 2037 4614 Β
2068 4533 2129 4623 υξ
2163 4526 2437 4623 cuiusq“?
2465 4525 2617 4623 libri
2673 4526 2851 4623 prima
2902 4522 3475 4623 νεὼίξοδθδθνίδθτθῑῧ
3506 4521 3651 4623 Sicf“

362 4656 533 4702 natas
558 4645 839 4702 orationes
865 4663 879 4699 :
912 4636 1101 4707 Οὗτος,
1127 4644 1222 4708 ait,
1249 4643 1455 4714 ἔγραψε
1494 4646 1623 4714 περὶ
1650 4643 1959 4716 Μετεώρων

361 4738 460 4791 καὶ
502 4735 807 4798 Συνθέτους
834 4734 1048 4803 λόγους.
1084 4732 1205 4800 Quo
1249 4735 1389 4788 nihil
1448 4736 1691 4805 ineptius
1732 4736 1817 4790 vel
1860 4736 1963 4790 fal-

364 4832 491 4886 sius
539 4828 650 4884 dici
700 4827 897 4898 potuit.
950 4824 1062 4881 lino
1117 4841 1296 4895 neque
1332 4825 1507 4895 magis
1539 4827 1962 4893 contumeliose,

366 4926 414 4979 si
450 4923 585 4995 quis
628 4918 1010 4991 ἐπαριστέρως
1055 4926 1110 4972 et
1156 4919 1795 4988 perverseinterpretari
1835 4919 1967 4973 velit

368 5016 438 5070 de
475 5011 835 5070 sermonibus
867 5009 933 5064 ad
964 5008 1211 5063 fraudem
1233 5016 1289 5063 et
1314 5007 1587 5063 fallaciam
1615 5012 1960 5080 compositis,

369 5106 688 5164 secundum
728 5103 864 5159 illud
892 5100 1144 5173 Eschyli
1177 5102 1232 5156 in
1263 5102 1621 5158 Prometheo.

596 5257 612 5272 .
653 5258 667 5271 .
700 5257 715 5271 .
745 5215 910 5284 Μηδέ
933 5214 996 5285 μ’
1024 5215 1299 5281 οἰκτίσας

593 5288 916 5344 Ξὺνθαλπε
937 5287 1150 5355 μρθοις
1174 5285 1453 5354 ψευδέσι,
1470 5287 1726 5355 νόσημα
1756 5285 1863 5354 γὰρ

591 5358 923 5427 Αἷσχιστον
938 5352 1096 5410 εἶναι
1110 5352 1259 5426 φημι
1288 5354 1624 5423 συνθέτους
1641 5352 1893 5422 neme.

376 5453 555 5508 Error
584 5446 702 5524 [6η
739 5459 922 5505 autem
962 5458 1119 5504 ortus
1143 5455 1230 5504 est
1263 5462 1328 5501 ex
1369 5462 1653 5517 perperam
1690 5448 1969 5503 intellecto

374 5544 507 5599 loco
543 5542 869 5597 Scholiasta}
898 5540 1182 5610 Aristoph.
1236 5538 1303 5593 ad
1337 5539 1556 5594 Pacem.
1597 5539 1779 5595 Poetae
1819 5540 1969 5595 scili-

378 5641 472 5689 cet
506 5632 902 5701 dithyrambici
964 5632 1256 5685 verborum
1306 5618 1493 5684 amant
1526 5630 1847 5685 tralationes
1907 5632 1972 5683 ἐκ

378 5726 496 5780 τῶν
527 5725 839 5798 μετεώρων,
874 5741 938 5781 ex
973 5726 1165 5789 astris;
1206 5727 1470 5792 nubibus,
1504 5726 1735 5795 aliisque
1767 5742 1885 5795 qua:
1916 5727 1967 5780 in

381 5817 613 5872 sublimi
656 5819 827 5883 tlunt;
869 5817 1109 5873 libenter
1161 5816 1328 5872 etiam
1375 5817 1657 5873 vocabulis
1688 5817 1971 5888 sesquipe-

2067 4618 2159 4673 hic
2192 4620 2249 4671 tit
2276 4616 2420 4687 apud
2465 4616 2990 4687 Harpocrationem.
3054 4612 3230 4669 Unum
3266 4612 3650 4668 tantummodo

2066 4710 2375 4778 exemplum
2402 4706 2650 4771 atteram,
2679 4705 2797 4781 [68]
2829 4707 2954 4777 quia
2988 4706 3201 4778 pridem
3227 4705 3342 4759 haec
3376 4705 3446 4769 ab
3470 4704 3654 4759 erudi-

2071 4804 2140 4860 tis
2197 4812 2325 4859 sunt
2381 4809 2672 4875 occupata.
2711 4803 2909 4859 Athen.
2948 4802 3043 4858 lib.
3086 4817 3137 4855 vt
3182 4818 3195 4857 :
3250 4799 3358 4853 Τοῦ
3409 4800 3654 4870 Χαιρεφ-

2066 4896 2234 4960 ῶντος
2304 4896 2395 4949 καὶ
2434 4893 2777 4965 σύγγραμμα
2825 4892 3138 4964 ἀναγράφει
3192 4890 3545 4961 Καλλίμαχος
3598 4889 3656 4940 ἐν

2066 4985 2145 5058 τῷ
2196 4986 2306 5040 τῶν
2347 4984 2707 5039 παντοδαπῶν
2770 4983 3223 5055 συγγραμμάτων
3258 4981 3471 5045 πίνακι,
3520 4978 3658 5049 γρά-

2069 5096 2186 5147 φων
2215 5077 2417 5140 οὓτως·
2443 5078 2646 5129 Δεῖπνα
2673 5076 2787 5128 ὅσοι
2828 5073 3101 5146 ἔγραψαν.
3136 5072 3433 5144 Χαιρεφῶν
3467 5071 3659 5142 Κυρηο

2070 5171 2245 5225 δίωνι.
2272 5165 2385 5223 Εἴθ’
2412 5168 2538 5239 ἐξῆς
2562 5169 2661 5236 τὴν
2720 5167 2896 5239 ἀρχὴν
2953 5166 3263 5234 ὑπέθηκεν·
3297 5164 3517 5233 Ἐπειδὴ
3566 5179 3663 5232 μοι

2070 5263 2337 5326 πολλάκις
2366 5259 2709 5323 ἐπέστειλας.
2746 5260 2953 5328 Στίχων
2991 5265 3097 5314 τοε⁹
3123 5275 3137 5288 ·
3165 5257 3277 5315 Καὶ
3305 5258 3333 5309 6
3365 5252 3665 5327 Κυρηϐίων

2071 5353 2129 5406 δέ
2163 5353 2246 5405 ὅτι
2277 5350 2598 5422 παράσιτος,
2660 5348 3011 5419 προείρηται.
3045 5347 3124 5402 Ita
3159 5347 3317 5402 locus
3346 5346 3453 5401 istc
3481 5342 3656 5398 corri-a

2071 5444 2283 5517 gcndus
2337 5452 2445 5499 est.
2505 5442 2845 5511 Chaarephon
2906 5441 3185 5508 parasitus
3243 5438 3309 5492 ad
3360 5437 3665 5508 ὁμότεχνον,

2073 5552 2234 5593 suum
2284 5534 2644 5606 Cyrebionem
2698 5531 2993 5602 epistolam
3036 5532 3205 5594 misit,
3235 5530 3422 5598 inqua
3445 5526 3661 5580 deseris

2075 5612 2386 5682 bitcmnam
2415 5624 2697 5695 quondam
2731 5624 2848 5678 sine
2868 5623 3036 5679 dubio
3061 5623 3285 5692 Opipare
3314 5627 3631 5687 apparatam

2072 5718 2368 5789 Χαιρεφῶν
2420 5716 2777 5786 Κυρηϐίωνι·
2853 5714 3069 5786 Ἐπειδὴ
3114 5729 3205 5781 μοι
3262 5709 3524 5773 πηλλάκις
3562 5710 3659 5761 ex.

2078 5812 2344 5875 éstzziag,
2386 5820 2491 5865 etc.
2516 5808 2670 5877 Quod
2708 5808 2751 5861 si
2802 5808 3075 5877 vnléatam
3106 5805 3398 5866 lectionem
3434 5816 3663 5863 servare
