3966 6448
361 407 465 471 767

1270 407 1369 469 DE
1403 408 1730 471 JOANNIS
1766 408 2094 471 MALALB
2122 409 2806 473 CHRONOGRAPHIA.
3543 418 3637 480 768

364 526 505 583 velis
528 567 546 594 ,
588 524 903 597 Χαιρεφῶν,
927 521 1228 595 Κυρηϐίων
1249 564 1264 590 ,
1301 524 1416 595 jam
1447 541 1556 581 non
1584 524 1931 596 Chaercphon

2069 533 2158 581 tur
2185 523 2397 590 Αὐλέας
2455 528 2486 581 ό
2531 525 2848 597 σοφώτατος
2881 524 2951 581 de
3002 523 3364 597 Endymione.
3400 543 3558 597 quem
3587 537 3638 592 in

364 621 436 674 tis
494 619 662 675 verba
716 617 918 680 forent,
947 632 1071 687 quae
1108 616 1358 672 Athenmi
1393 618 1667 673 sententia
1692 628 1816 685 cst;
1857 617 1956 674 sed

362 709 710 781 Cyrebiouis.
747 710 885 764 Illud
917 716 1103 764 autem
1153 708 1450 764 exordium
1496 708 1953 781 Τριαγμοῦιιοιι-

361 805 490 855 dum
516 818 546 855 a
573 802 711 856 viris
739 801 921 857 doctis
954 799 1311 856 emendatum
1365 816 1490 857 esse
1521 802 1797 867 demiror;
1830 802 1949 872 qui,

360 891 463 946 etsi
495 891 850 946 dissimulant
895 898 952 944 et
1007 897 1282 954 mussant,
1326 889 1485 960 juxta
1516 889 1573 961 id
1611 890 1949 961 intelligunt,

360 999 424 1037 ac
455 985 503 1040 si
533 985 587 1038 in
618 982 798 1039 Ovidii
862 982 1051 1039 Getica
1104 983 1452 1038 incidissent.
1484 982 1568 1037 Me
1608 994 1839 1040 auctore
1866 983 1951 1036 sic

361 1079 479 1146 lege
516 1094 530 1130 :
559 1075 731 1149 Ἀρχὴ
761 1077 817 1129 δέ
848 1093 940 1146 μοι
972 1075 1068 1130 τοῦ
1099 1075 1262 1144 λόγου
1305 1076 1492 1129 Πάντα
1514 1079 1666 1145 τρία,
1703 1077 1794 1130 καὶ
1824 1075 1949 1129 οὔτε

358 1169 521 1223 πλέον
548 1168 671 1224 οὔτε
737 1169 966 1225 ἔλασσον
1033 1169 1243 1224 τούτων
1292 1170 1460 1240 τριῶν
1516 1170 1664 1233 Ἑνὸς
1714 1170 1946 1224 ἑκάστου

355 1262 546 1334 ἁρετὴ,
577 1263 772 1334 τριάςο
819 1262 1057 1327 σύνεσις,
1094 1261 1320 1333 κράτος,
1370 1262 1468 1315 καὶ
1505 1260 1667 1333 τύχη.
1704 1259 1806 1316 Ubi
1834 1263 1950 1316 sin-

354 1356 481 1427 gula
521 1354 744 1425 quidem
777 1354 943 1410 verba
991 1361 1121 1410 sunt
1139 1354 1458 1410 communia
1490 1371 1503 1408 :
1534 1354 1627 1424 qui
1662 1362 1846 1410 tamen
1878 1371 1947 1410 ex

354 1450 475 1518 ipso
521 1449 847 1502 charactere
879 1456 934 1502 et
976 1445 1153 1500 forma
1194 1446 1412 1501 dicendi
1452 1460 1562 1501 non
1600 1447 1769 1502 sentit
1796 1447 1942 1502 loni-

352 1554 554 1601 smum,
588 1537 939 1594 nihilsentit.
999 1535 1075 1592 De
1097 1535 1331 1608 Epigene
1373 1551 1525 1601 vero,
1558 1552 1668 1606 quo
1699 1552 1785 1591 me
1823 1546 1945 1593 ver-

351 1638 463 1685 tam
497 1630 711 1696 nescio,
743 1630 814 1684 ita
850 1645 941 1685 res
965 1637 1020 1698 et
1060 1630 1191 1684 hinc
1217 1637 1270 1684 et
1303 1630 1429 1684 inde
1463 1644 1720 1701 magnam
1780 1631 1944 1686 habet

351 1723 749 1780 difﬁcultatem.
777 1721 912 1776 Nam
943 1736 1075 1777 ecce
1110 1720 1209 1774 tibi
1250 1719 1454 1775 Suidas
1492 1739 1507 1775 :
1546 1721 1638 1791 qui
1668 1737 1778 1776 non
1811 1722 1941 1793 Epi-

347 1831 568 1887 genem,
602 1816 697 1872 sed
726 1813 1006 1884 Orpheum
1067 1821 1348 1867 auctorem
1405 1810 1573 1868 faciat
1614 1813 1939 1885 Τριαγμῶν.

348 1909 608 1979 Ὀρφεὺς,
644 1906 847 1976 inquit,
867 1904 1075 1977 ἔγραψε
1106 1905 1450 1976 Τριαγμοὺς,
1475 1904 1696 1974 λέγεται
1717 1906 1772 1961 δὲ
1800 1903 1940 1962 εἶναι

350 2001 539 2063 Ἴωνος
587 1999 682 2053 τοῦ
737 1998 1043 2072 Τραγικοῦ.
1117 1997 1368 2066 Cumque
1422 1996 1720 2069 Epigenem
1780 1999 1941 2055 video

346 2091 757 2149 enarrationem
792 2090 996 2160 Orphei
1038 2088 1260 2153 fecisse,
1282 2089 1556 2146 Clementi
1578 2100 1938 2145 memoratam

347 2185 566 2256 Στρωμ.
629 2202 670 2240 ι.
735 2183 1032 2255 Ἐπιγένης
1071 2184 1128 2236 ὲν
1183 2184 1300 2246 τοῖς
1329 2183 1460 2253 περὶ
1493 2182 1592 2253 τῆς
1624 2183 1705 2246 εἰς
1734 2182 1940 2252 Ὀρφέα

346 2278 623 2347 ποιήσεως
645 2276 957 2349 Κέρκωπος
983 2271 1123 2330 εἶναι
1138 2274 1288 2344 λέγει
1315 2274 1411 2329 τοῦ
1436 2274 1806 2347 Πυθαγορείου
1837 2274 1940 2345 τὴν

341 2369 424 2430 εἰς
451 2368 618 2441 ’ᾼδου
652 2366 978 2422 Κατάσασιν
1004 2366 1099 2421 καὶ
1131 2367 1224 2420 τὸν
1265 2366 1434 2439 Ἱερὸν
1479 2367 1657 2436 λόγον.
1685 2365 1937 2434 (Proclus

344 2466 527 2512 tamen
554 2459 608 2514 in
645 2457 902 2514 Timwum
935 2458 1031 2514 lib.
1062 2474 1116 2522 ν,
1149 2458 1329 2528 ipsum
1372 2457 1737 2529 Pythagoram
1769 2458 1935 2529 hujus

344 2557 627 2606 auctorem
657 2551 866 2606 laudat.
913 2553 985 2605 ’Ἀ
1011 2550 1144 2623 γὰρ,
1179 2551 1278 2616 ait,
1323 2550 1558 2623 Ὀρφεὺς
1592 2550 1659 2604 δι’
1693 2552 1936 2624 ἀττορρή-

341 2658 451 2695 των
471 2643 647 2711 λόγων
684 2642 965 2714 μυστικῶς
995 2641 1371 2716 παραδέδωκε,
1399 2642 1573 2697 ταῦτα
1610 2643 1935 2716 Πυθαγόρας

340 2733 631 2805 ἐξέμαθεν,
687 2735 1004 2807 όργιασθεὶς
1067 2737 1125 2790 ἐν
1168 2735 1494 2807 Λειὸήθροις
1521 2738 1633 2800 τοῖς
1671 2736 1934 2808 Θρᾳκίοις

339 2828 710 2900 Ἀγλαοφάμω
778 2829 1008 2883 τελεστὰ
1068 2828 1466 2901 μεταδιδόντος,
1515 2827 1583 2900 ἢν
1622 2829 1751 2898 περὶ
1780 2826 1932 2882 Θεῶν

340 2920 576 2995 Ὀρφεὺς
609 2919 804 2988 σοφίαν
836 2919 989 2989 παρὰ
1019 2908 1458 2990 Καλλιόπηςτῆς
1487 2918 1725 2991 μητέρος
1746 2918 1934 2975 ὲπινύς

339 3006 475 3077 σθηο
507 3006 694 3061 Ταῦτα
738 3007 847 3077 γάρ
905 3023 1072 3079 φησιν
1101 3010 1130 3062 6
1171 3006 1502 3081 Πυθαγόρας
1546 3011 1604 3062 ὲν
1641 3006 1719 3078 τῷ
1761 3007 1927 3080 λόγῳ.

340 3097 497 3154 Unde
523 3107 740 3154 constat
815 3100 1005 3172 Ἱερὸν,
1039 3109 1100 3154 ιιι
1155 3100 1261 3155 alia
1296 3102 1502 3173 scripta
1540 3100 1925 3173 Pythagorica,

338 3190 575 3247 «ἐξαιροιο
601 3191 798 3247 Dorica
837 3191 1011 3249 fuisse
1050 3194 1446 3262 compositum)
1471 3201 1600 3249 etv.
1634 3194 1930 3266 Ἐπιγένης
1954 3226 1999 3286 c

339 3285 396 3335 ὲν
433 3282 512 3352 τῷ
547 3284 794 3355 περὶτῆς
813 3283 1059 3353 Ὀρφέως
1084 3285 1357 3354 ποιήσεως
1397 3284 1467 3337 τὰ
1496 3284 1768 3349 ἰδιάζοντα
1796 3286 1929 3356 παρ’

338 3373 532 3442 Ὀρφεῖ
579 3372 933 3445 ὲκτιθέμενός
982 3390 1138 3444 φησι,
1184 3374 1422 3447 Κερκίσι
1469 3374 1924 3446 καμπυλόχρωσι,

335 3468 454 3529 τοῖς
513 3466 768 3536 ἀρότροις
814 3466 1140 3537 μηνύεσθαι,
1171 3476 1279 3522 etc.
1317 3466 1452 3522 Cum
1498 3467 1633 3531 hmc,
1677 3467 1922 3538 inquam,

340 3558 478 3628 lego,
512 3557 910 3628 propemodum
963 3558 1210 3614 adducor
1254 3558 1308 3613 in
1340 3573 1460 3615 eam
1497 3559 1832 3628 opinionem,
1866 3566 1927 3613 ut

339 3647 737 3720 llarpocration
773 3650 877 3705 hoc
897 3651 1150 3721 exemplo
1197 3650 1485 3721 scripserit
1521 3651 1692 3723 ιδπερ
1720 3651 1927 3705 Καλλί-

340 3761 511 3815 μαχος
535 3743 912 3813 ἀντιλέγεσθαι
937 3760 1125 3814 φησιν,
1153 3742 1230 3807 ὡς
1269 3748 1366 3797 καὶ
1396 3744 1708 3816 Ἐπιγένης.
1737 3742 1850 3817 [69]
1886 3744 1925 3799 Ε

335 3837 561 3891 diverso
611 3836 704 3892 ubi
758 3836 893 3891 illud
930 3837 1080 3891 venit
1123 3835 1178 3889 in
1229 3843 1492 3900 mentem,
1522 3834 1726 3906 Orphei
1750 3837 1924 3908 ipsius

334 3936 390 3982 cl
427 3927 750 3999 Pythagorae
801 3942 1023 3999 quoque
1086 3926 1424 3983 mentionem
1474 3926 1674 3982 factam
1707 3943 1833 3984 esse
1866 3929 1922 3984 in

336 4020 448 4077 illis
468 4020 795 4091 Τριαγμοῖς,
827 4020 1090 4075 continuo
1112 4007 1442 4074 sententiam
1467 4033 1588 4073 eam
1613 4019 1838 4090 abjicio,
1867 4028 1923 4075 ut

337 4112 614 4168 manifesti
666 4113 875 4169 erroris
940 4112 1169 4169 Suidam
1201 4126 1395 4182 arguo.
1433 4112 1684 4169 Clemens
1714 4114 1844 4186 Στρ.
1880 4130 1919 4169 ι.

341 4204 466 4256 Ἴων
495 4203 552 4256 δὲ
571 4204 600 4257 6
633 4204 764 4268 Χῖος
786 4206 855 4275 ’ὲν
884 4206 1000 4268 τοῖς
1034 4204 1345 4275 Τριαγμοῖς
1366 4205 1461 4259 καὶ
1489 4204 1813 4279 Πυθαγόραν
1838 4209 1922 4273 είς

332 4294 539 4365 Ὀρφέα
558 4297 874 4363 ἀνενεγκεῖν
900 4313 1024 4349 τινα
1087 4295 1312 4368 ἱστορεῖ.
1346 4305 1401 4353 et
1431 4298 1700 4368 Diogenes
1731 4297 1918 4356 Laert.

340 4387 465 4440 Ἴων
487 4388 544 4442 δὲ
568 4390 597 4442 6
611 4389 740 4453 Χῖος
765 4391 822 4442 ὲν
850 4389 963 4454 τοῖς
980 4390 1284 4461 Τριαγμοῖς
1300 4408 1467 4462 φησιν
1493 4392 1656 4448 αὑτὸν
1678 4393 1792 4465 (τὸν
1811 4395 1924 4449 Πυ-

336 4475 595 4549 θαγόραν)
616 4479 734 4533 ἔνια
768 4480 1074 4551 ποιήσαντα
1099 4482 1412 4552 ἀνενεγκεῖν
1452 4485 1531 4548 είς
1562 4483 1788 4556 Ὀρφέα.
1820 4484 1922 4540 lla-

2059 624 2249 672 monte
2272 618 2453 673 Cariae
2501 619 2629 673 luna
2666 617 3001 690 consopivit,
3036 627 3096 673 ut
3124 633 3250 673 eum
3289 618 3641 682 dormientem

2057 710 2429 765 oscularetur.
2489 708 2756 781 Suspicor
2809 720 2865 765 et
2925 711 3016 766 hic
3070 726 3293 782 quoque
3352 713 3641 783 significari

2056 797 2407 871 Escbylum,
2456 802 2549 871 qui
2606 802 2665 856 in
2713 800 2898 857 fabula
2964 800 3193 856 Curibus
3249 802 3365 857 sive
3437 804 3641 877 Europa

2057 906 2166 946 non
2188 893 2368 962 potuit
2394 908 2502 948 non
2523 909 2642 948 eam
2673 893 2960 950 historiam
2993 893 3288 964 attingere.
3309 893 3447 950 Illud
3468 908 3639 956 autem

2056 1000 2226 1057 quam
2258 988 2419 1059 longe
2450 988 2608 1043 abest
2640 1001 2671 1041 a
2721 1002 2874 1053 vero,
2904 985 3052 1056 quod
3090 985 3415 1057 Aisebylum
3458 1002 3641 1048 narrat

2054 1081 2295 1149 primum
2366 1080 2681 1135 instituisse
2739 1079 2945 1134 choros
2992 1078 3278 1150 tragicos?
3339 1078 3380 1133 E
3430 1081 3642 1140 diverso

2053 1180 2242 1243 partes
2274 1173 2454 1235 chori,
2489 1180 2651 1226 antea
2695 1186 2862 1242 quam
2890 1170 3190 1243 IEschylus
3237 1172 3535 1242 tragoadias
3564 1173 3641 1229 fa-

2050 1273 2225 1327 ceret,
2268 1273 2429 1319 erant
2479 1264 2654 1319 altero
2709 1271 2866 1318 tanto
2927 1263 3230 1333 longiores,
3282 1278 3450 1333 quam
3494 1272 3632 1334 post.

2052 1353 2158 1409 Sed
2194 1370 2257 1411 ea
2279 1371 2366 1411 res
2393 1356 2499 1411 nisi
2532 1355 2787 1425 pluribus
2811 1353 2995 1410 verbis
3017 1352 3281 1424 explicari
3315 1370 3421 1407 non
3442 1363 3629 1424 potest:

2050 1456 2163 1505 tota
2200 1448 2315 1505 fere
2367 1464 2548 1505 scenae
2579 1449 2721 1505 ratio
2777 1456 2832 1502 ct
2878 1448 3109 1502 historia
3143 1457 3229 1502 est
3261 1447 3584 1503 illustranda
3618 1466 3633 1504 :

2047 1540 2363 1609 complures
2401 1549 2696 1596 auctorum
2730 1540 2833 1594 loci
2865 1554 2974 1610 qua
3006 1533 3344 1607 corrigendi,
3370 1552 3477 1608 qua
3501 1553 3635 1593 novo

2046 1629 2211 1686 modo
2251 1631 2651 1702 interpretandi
2681 1648 2695 1686 :
2732 1630 2889 1686 multi
2940 1644 3162 1684 errores
3193 1628 3635 1705 amovendi,jam

2044 1723 2165 1794 ipsa
2201 1732 2479 1779 vetustate
2509 1724 2702 1780 cauiet
2723 1723 3088 1780 venerabiles.
3119 1719 3290 1778 Nemo
3320 1720 3466 1776 enim
3498 1736 3632 1776 unus

2042 1828 2108 1867 ex
2143 1813 2373 1869 cohorte
2402 1815 2773 1881 eruditorum,
2809 1812 2904 1882 qui
2949 1812 3004 1867 in
3042 1826 3111 1868 eo
3144 1818 3477 1882 argumento
3513 1820 3631 1865 tan-

2045 1915 2232 1976 topere
2263 1906 2605 1971 laborarunt,
2631 1906 2778 1962 scire
2795 1905 2977 1960 adhuc
3000 1905 3202 1975 potuit,
3222 1903 3358 1976 quid
3383 1901 3628 1974 Thespis.

2042 1997 2174 2069 quid
2218 1997 2519 2071 Eschylus
2551 2007 2608 2053 et
2641 1998 2948 2069 Sophocles
3000 1997 3243 2054 inventis
3283 1995 3630 2051 addiderunt.

2042 2090 2237 2161 Itaque
2265 2101 2371 2146 tam
2427 2091 2619 2146 odiosa
2675 2090 3081 2161 disceptatione
3128 2089 3409 2161 patienter
3451 2101 3631 2143 carere

2040 2182 2227 2252 possis
2253 2182 2309 2236 in
2334 2166 2629 2253 praesentia
2666 2197 2681 2237 :
2715 2183 2831 2237 imo
2863 2197 3065 2238 vereor
3095 2188 3154 2234 ut
3181 2180 3322 2235 citra
3356 2179 3635 2235 fastidium

2038 2272 2330 2343 epistolam
2362 2275 2637 2345 perlegas,
2663 2272 2781 2347 [70]
2829 2274 2996 2330 etiam
3030 2273 3241 2343 absque
3269 2273 3383 2327 ista
3407 2284 3629 2326 concer-

2038 2365 2250 2420 tatione
2272 2365 2504 2421 nimium
2535 2367 2846 2437 loquacem.
2871 2365 2957 2423 Me
2986 2366 3212 2439 quidem
3238 2372 3294 2421 et
3320 2379 3495 2421 morae
3519 2378 3635 2435 per-

2039 2462 2232 2511 taesum
2265 2464 2428 2513 estet
2457 2457 2814 2527 ineptiarum.

2106 2546 2240 2620 Pag.
2276 2549 2405 2604 214.
2436 2550 2773 2622 Στησίχορος
2797 2549 2895 2605 καὶ
2926 2550 3288 2621 Βακχυλίδης,
3309 2551 3368 2605 οἳ
3387 2544 3527 2623 ἦσαν
3547 2549 3636 2619 όρ-

2036 2642 2252 2715 χήσεως
2280 2643 2508 2714 εὑρεταὶ
2542 2644 2637 2698 καὶ
2661 2644 2908 2716 ποιηταί.
2940 2644 3082 2711 Quid
3099 2644 3347 2700 narras?
3378 2644 3639 2698 nimirum

2037 2743 2231 2791 nostra
2263 2749 2364 2790 nos
2396 2734 2587 2815 opinio
2622 2735 2836 2801 fefellit,
2856 2734 2954 2807 qui
2977 2734 3317 2791 credidimus
3359 2743 3413 2790 te
3446 2733 3635 2787 Antio-

2035 2823 2176 2880 chia:
2226 2839 2352 2881 esse
2401 2832 2617 2880 natum.
2657 2822 2944 2896 Siquidem
2987 2831 3182 2879 auctor
3223 2833 3308 2880 est
3360 2821 3635 2879 Lucianus

2033 2916 2439 2972 Antiochenses
2465 2915 2535 2972 de
2564 2916 2925 2974 saltatoribus
2953 2916 3161 2986 optime
3204 2919 3459 2972 omnium
3484 2913 3633 2987 judi-

2033 3020 2161 3063 care
2185 3006 2472 3077 potuisse:
2508 3014 2561 3065 te
2589 3015 2770 3063 autem
2800 3022 2925 3064 cum
2954 3008 3185 3062 aliarum
3215 3008 3494 3074 omnium,
3517 3012 3628 3061 tum

2033 3097 2200 3169 hujus
2229 3099 2365 3156 artis
2384 3097 2861 3170 imperitissimum
2888 3099 3168 3156 videmus.
3185 3097 3348 3170 Rogo
3369 3109 3443 3166 te,
3470 3100 3628 3154 homo

2033 3188 2315 3243 hominum
2346 3189 2727 3260 ignavissime.
2763 3179 3122 3259 nunquamne
3144 3203 3339 3245 sacras
3381 3188 3626 3259 Scriptu-

2036 3294 2130 3335 ras
2156 3280 2462 3337 lectitasti?
2498 3295 2684 3336 nonne
2720 3280 2793 3335 ibi
2823 3280 3089 3352 frequens
3120 3280 3443 3338 saltationis
3480 3292 3626 3334 meno

2037 3372 2113 3427 tio
2138 3371 2231 3426 diu
2258 3372 2489 3441 diuque,
2528 3379 2831 3442 antequam
2872 3370 3229 3440 Stesichorus
3264 3365 3625 3427 nasceretur?

2034 3461 2214 3532 quid?
2248 3477 2317 3518 ne
2347 3460 2648 3517 llomerum
2672 3462 2894 3533 quidem
2930 3477 3029 3534 per
3059 3473 3426 3519 transennam
3468 3472 3627 3530 aspe-

2034 3553 2165 3609 xisti
2186 3552 2340 3623 liam
2363 3567 2496 3624 ergo
2522 3567 2646 3608 eum
2681 3553 2876 3609 audias
2907 3553 3037 3608 licet
3056 3570 3084 3608 ες

2046 3645 2404 3715 Ὀρχηστὺς,
2431 3645 2641 3716 μολπή
2664 3662 2749 3710 τε,
2807 3645 2997 3717 τάπερ
3024 3643 3077 3700 τ’
3113 3645 3476 3717 ἀναθήματα
3492 3641 3626 3717 δαι-

2036 3786 2241 3851 ’Ἄλλῳ
2261 3786 2381 3857 μὲν
2403 3786 2515 3855 γὰρ
2537 3785 2724 3841 ἔδωκε
2750 3788 2885 3857 θεὸς
2907 3786 3208 3857 πολεμήϊα
3228 3715 3551 3856 ἔργωὶτός.

2034 3857 2239 3923 ’Ἄλλῳ
2262 3856 2316 3911 δ’
2338 3857 2667 3926 ὀρχηστὺν,
2685 3856 2867 3927 ἑτέρῳ
2894 3856 3131 3927 κίθαριν
3160 3858 3259 3913 καὶ
3279 3856 3524 3926 ἀοιδήν.

2032 3948 2159 4005 Scio
2190 3956 2373 4005 tamen
2411 3948 2545 4020 quid
2602 3950 2659 4004 in
2720 3949 2969 4006 fraudem
3012 3958 3066 4008 te
3126 3950 3374 4021 impulit,
3427 3963 3630 4020 nempe

2028 4056 2230 4097 nomen
2281 4039 2611 4107 Stesichori,
2656 4049 2920 4112 tanquam
2970 4043 3016 4099 si
3078 4042 3293 4113 primus
3353 4043 3619 4115 ἐστήσατο

2028 4130 2259 4204 χορούς·
2306 4138 2363 4186 et
2424 4142 2678 4201 poemata
2733 4132 2987 4204 quaedam
3039 4130 3429 4206 Bacchylidis,
3496 4147 3616 4203 qua:

2042 4222 2444 4294 Ὑπορχήματα
2469 4221 2735 4293 inscripta
2759 4232 2913 4288 sunt,
2955 4230 3011 4279 et
3042 4240 3073 4280 ιι
3102 4221 3323 4281 Stoban
3349 4227 3612 4285 citantur,

2026 4319 2083 4370 et
2135 4313 2401 4368 Athenaeo
2450 4312 2546 4368 lib.
2587 4330 2701 4368 xw.
2748 4313 2811 4367 Ἦ
2848 4314 2908 4368 δὲ
2958 4314 3388 4387 ὑπορχηματική
3446 4318 3614 4378 ἐστιν,

2026 4404 2087 4457 ὲν
2225 4402 2367 4474 ᾅδων
2408 4403 2437 4455 6
2499 4402 2657 4476 χορὸς
2695 4404 2971 4476 ὀρχεῖται·
3006 4406 3142 4476 φησὶ
3162 4404 3297 4474 γοῦν
3337 4407 3366 4461 6
3402 4407 3615 4475 Βακχυ-

2024 4490 2207 4564 λίδης·
2239 4492 2350 4562 Οὐχ
2379 4492 2535 4564 ἕδρος
2593 4495 2757 4564 ἔργον
2821 4494 2930 4548 οὐδ’
2973 4494 3244 4567 ἀμϐολᾶς.
3291 4495 3475 4552 Locus
3515 4494 3615 4548 ali-

333 4584 441 4638 que
474 4579 687 4625 constat
706 4571 933 4626 Suidam
964 4573 1285 4629 alterutrius
1321 4575 1487 4631 verba
1507 4590 1791 4646 perperam
1821 4593 1916 4657 ce-
1951 4592 1996 4647 ι)
2024 4590 2236 4654 quanto
2266 4582 2534 4654 integrior
2564 4592 2649 4641 est
2682 4585 2828 4655 apud
2885 4585 3210 4658 Dionysium
3251 4587 3609 4642 Halicarnas-

334 4660 483 4730 pissc
514 4678 529 4716 :
565 4670 619 4716 et
647 4663 1020 4732 praestabilius
1050 4673 1134 4721 est
1163 4674 1437 4735 receptam
1463 4665 1922 4737 llarpocrationis

335 4750 623 4806 lectionem
653 4759 859 4807 sartam
887 4762 943 4809 et
976 4762 1176 4810 tectam
1200 4756 1367 4811 tueri.
1409 4755 1615 4828 Nempe
1645 4769 1702 4813 ut
1740 4762 1923 4828 suspi-

333 4856 431 4894 cor
455 4841 576 4895 libri
624 4840 887 4913 Epigenis
917 4860 1042 4900 cum
1074 4843 1222 4903 Ionis
1266 4848 1493 4918 scriptis
1518 4849 1801 4919 conjuncti
1843 4853 1921 4909 fe-

338 4934 603 4989 rebantur
634 4935 722 4991 :is
755 4937 899 4991 enim
945 4939 1405 4994 commentarium
1439 4940 1644 4997 fecerat
1673 4944 1727 4998 in
1768 4944 1920 5002 Ionis

338 5018 689 5093 Tragoedias;
720 5027 865 5096 quod
896 5028 1046 5084 scias
1077 5029 1132 5083 in
1190 5032 1451 5087 Athenaeo
1491 5033 1587 5087 lib.
1610 5050 1687 5099 xl,
1714 5051 1834 5106 cap.
1861 5038 1915 5104 5,

333 5122 393 5171 ut
415 5116 548 5172 nihil
591 5118 711 5172 miri
743 5120 838 5184 sit,
859 5120 905 5177 si
936 5120 1311 5188 librariorum,
1345 5124 1439 5194 qui
1471 5126 1656 5180 omnia
1696 5138 1918 5197 pertur-

333 5208 467 5265 bant
497 5217 552 5264 et
572 5211 833 5281 miscent,
866 5213 960 5267 alii
987 5221 1251 5285 tanquam
1285 5214 1440 5272 Iunis
1487 5218 1806 5291 Τριαγμοὺς
1841 5222 1919 5278 in-

333 5302 686 5375 scripserint,
724 5306 819 5361 alii
850 5313 911 5362 ut
939 5305 1225 5378 Epigenis.

402 5397 532 5469 Pag.
573 5398 696 5455 181.
764 5400 877 5454 Καὶ
916 5399 1059 5468 μετὰ
1120 5402 1316 5459 Μίνωα
1369 5406 1579 5473 Λύλέας
1610 5413 1917 5482 τραγικοὺς

330 5489 531 5559 χοροὺς
562 5489 858 5562 δραμάτων
896 5494 1296 5566 συνεγράψατο.
1337 5495 1645 5555 Permirum
1679 5501 1916 5561 fortasse

330 5578 605 5646 videatur,
639 5579 772 5636 Milli
818 5581 1161 5651 doctissime,
1195 5588 1571 5645 tenebrionem
1606 5592 1758 5648 illum
1800 5595 1916 5649 Au-

333 5670 469 5724 leam
511 5687 612 5740 pro
640 5673 908 5749 [Eschylo
934 5692 963 5731 a
987 5675 1205 5735 Joanne
1239 5681 1368 5736 dici.
1406 5684 1549 5750 Quid
1591 5693 1773 5740 autem
1815 5686 1913 5739 ad-

333 5761 643 5819 mirationis
687 5765 870 5834 habet,
901 5784 1025 5823 cum
1064 5770 1117 5825 in
1164 5774 1425 5829 memoria
1468 5777 1593 5846 quis
1626 5784 1810 5831 teneat
1835 5787 1913 5831 ιι;ι

336 5850 473 5907 alias
508 5852 968 5915 hallucinationcs
1019 5859 1299 5917 hominis?
1333 5861 1509 5919 Etiam
1569 5880 1621 5934 p.
1652 5865 1738 5930 '75,
1779 5867 1914 5919 ("Ila-

2023 4690 2241 4731 sensem
2268 4692 2283 4731 :
2310 4677 2421 4749 Οὐχ
2448 4674 2611 4752 ἕδρας
2634 4679 2817 4750 ἔργον,
2848 4680 2960 4735 οὐδ’
2983 4680 3254 4752 ἀμϐολᾶς,
3275 4681 3414 4735 ἀλλὰ
3437 4697 3611 4752 χρυσ-

2022 4768 2231 4839 αίγιδος
2291 4770 2530 4836 Ἰτωνίας
2574 4773 2680 4844 χρὴ
2714 4774 2846 4847 παρ’
2867 4773 3184 4828 εὐδαίδαλον
3202 4775 3331 4829 ναὸν
3356 4774 3611 4836 ἐλθόντας

2021 4859 2193 4932 ἁϐρόν
2222 4879 2276 4915 τι
2298 4852 2495 4927 δεῖξαι.
2521 4860 2731 4919 Omnes
2758 4864 2964 4920 Cretici
2985 4873 3182 4936 praeter
3210 4881 3384 4920 unum
3418 4863 3609 4935 pedem

2020 4951 2116 5021 qui
2175 4953 2230 5007 in
2286 4967 2530 5023 paeonem
2590 4957 2812 5011 solutus
2839 4965 2961 5023 est;
2997 4957 3135 5029 adeo
3179 4963 3263 5019 ut,
3294 4960 3421 5012 cum
3463 4955 3609 5009 hunc

2020 5045 2206 5100 locum
2245 5047 2387 5118 lego,
2425 5063 2613 5103 curam
2646 5050 2827 5106 oculis
2856 5050 3047 5107 videre
3088 5050 3279 5107 videar
3334 5051 3577 5121 ὑπορχου

2021 5138 2218 5211 μένους
2246 5147 2301 5195 et
2338 5141 2740 5198 subsultantes.
2792 5142 2906 5199 Nec
2946 5153 3132 5199 tamen
3157 5142 3420 5215 princeps
3451 5152 3506 5196 et
3529 5140 3609 5194 in-

2016 5240 2215 5286 ventor
2239 5232 2736 5305 hyporchematum
2799 5234 3200 5308 Bacchylides;
3243 5237 3364 5300 sed,
3400 5244 3458 5292 ut
3487 5234 3608 5304 qni-

2016 5323 2250 5381 busdam
2313 5327 2557 5392 videtur,
2600 5326 2911 5394 Pindarus;
2945 5338 3008 5383 ut
3054 5329 3147 5384 alii
3181 5331 3395 5397 volunt,
3422 5328 3607 5383 Xeno-

2017 5416 2235 5472 damus.
2258 5417 2397 5474 Vide
2424 5420 2784 5486 Clementem,
2808 5420 3152 5488 Athenaeum,
3174 5430 3230 5478 et
3245 5422 3613 5479 Plutarchum

2017 5508 2147 5573 περὶ
2177 5508 2484 5580 Μουσικῆς.

2088 5596 2218 5666 l‘ag.
2277 5598 2400 5652 155.
2470 5599 2733 5666 Γλαῦκος,
2793 5601 3047 5673 ἰσχυρὸς,
3099 5601 3387 5674 φρόνιμος,
3445 5601 3602 5653 εὐσε-

2017 5687 2137 5759 ὃής.
2168 5690 2366 5760 Atqui,
2419 5708 2453 5747 ο
2500 5692 2713 5760 Malala,
2783 5703 2995 5750 tantum
3057 5696 3236 5759 abest,
3291 5703 3350 5750 ιιι
3390 5695 3601 5764 sapiens

2019 5779 2185 5835 fuerit
2239 5782 2339 5836 istc
2393 5782 2654 5850 Glaucus,
2695 5795 2753 5839 ιιι
2806 5786 2930 5857 ejus
2992 5802 3192 5841 nomen
3237 5786 3290 5840 in
3327 5785 3602 5855 proverbii

2017 5872 2473 5928 Consuetudinem
2538 5877 2770 5942 vcncril,
2826 5879 2891 5931 dc
2949 5877 3173 5932 homine
3224 5878 3400 5948 quam
3437 5883 3600 5936 lues,
