3966 6440
352 420 453 483 ξω

1452 413 1823 493 EPISTQLA
1852 412 2060 474 RICH.
2097 413 2482 475 BENTLEII.

3523 415 3629 477 ττο

346 537 448 610 qui
492 535 675 591 nescit
735 531 869 603 quid
922 532 995 587 sit
1034 530 1088 583 in
1125 544 1239 584 rem
1268 545 1461 587 suam:
1507 530 1602 599 qui
1662 536 1941 599 permutat

2063 531 2296 601 τοιητὴς,
2330 531 2471 599 ούχὸ
2492 534 2691 602 »ῥήτωρ
2780 539 2835 585 et
2887 529 3255 600 Hieronymus
3287 547 3300 582 :
3329 526 3629 585 Dinarchus

423 629 661 697 Χρυσέα
683 625 1000 696 χαλκείων,
1027 622 1358 693 ἑκατόμϐοι’
1376 623 1758 679 ἐννεαϐοίων.

356 720 461 775 Sed
483 726 568 774 est
624 717 743 791 171]
788 716 974 787 potius
1034 723 1096 770 ut
1150 714 1360 769 librarii
1415 714 1521 769 hoc
1565 729 1690 770 esse
1721 713 1936 769 faucinus

354 812 668 868 existimem
731 807 1079 879 (praisertim
1139 807 1185 862 si
1222 822 1330 861 non
1393 806 1537 860 idem
1586 805 1735 860 istud
1785 806 1939 874 ισχυ-

360 907 448 978 ρδς
481 884 793 973 iterasses),
824 910 879 956 et
909 902 1216 957 orationem
1249 914 1373 955 esse
1417 901 1847 954 continuandam
1875 897 1941 952 ad

356 998 460 1052 hoc
481 994 795 1063 exemplum
830 1010 843 1045 :
875 992 1091 1055 Αἰνείας
1113 988 1402 1059 εύπὼγων,
1435 990 1673 1058 γλαυκὸς
1702 988 1942 1059 (caesius)

359 1090 649 1163 φρόνιμος,
682 1086 941 1158 εὐσεϐής.
973 1087 1231 1156 Agnosco
1284 1089 1428 1154 pium
1476 1084 1740 1149 Eneam;
1785 1095 1836 1138 et
1871 1083 1945 1136 ita

354 1177 521 1249 plane
560 1173 805 1230 lsaacius
829 1172 1372 1245 Porphyrogenetus.

423 1266 567 1323 Illud
604 1282 657 1337 p.
690 1265 818 1332 529,
840 1266 953 1320 Καὶ
978 1267 1288 1338 κατηνέχθη
1309 1268 1338 1319 6
1363 1266 1549 1336 Σίμων
1571 1264 1662 1317 ἐπὶ
1686 1263 1784 1335 τὴν
1810 1263 1948 1317 πλα-

356 1360 508 1415 τείαν
570 1360 666 1413 καὶ
722 1358 990 1429 ὲψόφησε,
1042 1359 1182 1414 satis
1214 1359 1437 1429 quidem
1476 1365 1845 1428 congruenter
1882 1356 1948 1409 ad

362 1450 758 1507 Hellenismum
802 1450 966 1523 vertit
994 1449 1290 1519 interpres,
1319 1449 1417 1504 sed
1468 1465 1574 1503 non
1608 1450 1859 1519 apposite
1884 1445 1951 1501 ad

362 1545 722 1603 sententiam.
757 1543 899 1610 Quid
937 1542 987 1599 si
1012 1543 1445 1613 interpretemur
1478 1542 1540 1596 τὸ
1570 1543 1836 1613 ὲψόφησε,
1870 1548 1949 1606 ιιι,

364 1638 508 1709 quod
540 1637 595 1691 in
632 1634 699 1690 N.
732 1635 795 1691 T.
831 1636 899 1691 de
947 1634 1088 1690 Juda
1140 1635 1401 1691 lscariota
1441 1633 1648 1689 dictum
1680 1640 1787 1695 est,
1830 1631 1957 1686 ἐ.λά-

365 1747 500 1801 κησε
542 1731 730 1801 μέσος,
767 1729 974 1799 erepuit
1017 1727 1265 1784 medius?
1294 1725 1601 1798 Hesychius
1637 1742 1650 1779 :
1697 1724 1955 1783 Ἐλακεν,

2037 633 2213 691 poeta,
2258 638 2362 676 non
2412 623 2609 677 rhetor.
2652 622 2726 678 De
2771 638 2881 693 quo
2937 623 2991 676 in
3051 622 3300 676 diversas
3330 630 3632 677 sententias

2039 715 2222 769 ierunt
2249 716 2352 769 viri
2379 714 2547 771 docti.
2582 713 2756 768 Verba
2809 714 3064 769 Demetrii
3095 713 3358 783 Magnetis
3386 716 3439 767 in
3469 729 3635 783 opere

2039 804 2180 874 Περὶ
2198 805 2304 858 τῶν
2346 804 2683 875 Ὁμωνύμων
2709 805 2852 875 apud
2887 804 3207 876 Dionysium
3243 803 3416 859 llalic.
3445 823 3457 857 :
3486 807 3633 857 Δειν-

2050 896 2241 967 άρχοις
2285 895 2343 948 δὲ
2388 895 2712 965 ἐνετύχομεν
2738 897 3050 967 τέτταρσιν,
3101 887 3177 948 ὧν
3204 896 3350 947 ἐστιν
3376 897 3406 950 6
3438 897 3536 962 μὲν
3567 900 3634 949 ἐκ

2041 985 2150 1038 τῶν
2186 985 2434 1058 ῥητόρων
2484 985 2591 1039 τῶν
2626 986 2889 1039 ’Δττικῶν
2912 1001 2925 1016 ο
2967 986 2997 1038 6
3029 983 3087 1038 st
3127 985 3225 1046 τὰς
3252 986 3380 1055 περ).
3405 986 3631 1055 Κρήτην

2046 1080 2354 1148 συναγήοχε
2380 1075 2705 1147 μυθολογίας
2722 1094 2737 1107 ·
2759 1080 2787 1130 ὁ
2811 1076 2868 1130 δὲ
2901 1076 3272 1148 πρεσϐύτερος
3305 1076 3401 1146 μὲν
3427 1077 3635 1147 ἀμφοῖν

2043 1169 2278 1232 τούτοιν,
2301 1169 2491 1239 Δήλιος
2511 1168 2569 1221 δὲ
2591 1168 2651 1222 τὸ
2671 1169 2848 1236 γένος,
2876 1168 3446 1239 πεπραγματευμένος
3473 1168 3636 1221 τοῦτο

2052 1261 2149 1331 μὲν
2180 1261 2331 1326 ἔπος,
2359 1258 2518 1312 τοῦτο
2545 1259 2603 1312 δὲ
2630 1260 2892 1329 πρᾶγμα·
2925 1259 3182 1329 τέταρτος
3200 1258 3300 1311 δὲὸ
3319 1260 3447 1330 περὶ
3464 1258 3634 1328 Ὀμή-

2053 1368 2146 1421 ρου
2180 1350 2339 1419 λόγον
2397 1347 2782 1410 συντεθεικώς.
2818 1347 2884 1400 Et
2917 1348 3195 1405 Gcrardus
3250 1349 3473 1418 quidem
3493 1347 3636 1404 Vos-

2052 1442 2247 1497 siusin
2280 1441 2543 1511 praeclaro
2599 1455 2766 1509 opere
2817 1438 2892 1494 De
2947 1438 3632 1505 Historicis:Dinarchns,

2055 1533 2154 1598 ait,
2192 1531 2378 1587 Delius
2411 1531 2684 1586 Cretenses
2734 1530 2950 1599 fabulas
3004 1531 3236 1601 collegit,
3268 1542 3325 1583 ut
3362 1533 3637 1601 cognosci-

2056 1639 2172 1677 mus
2203 1637 2268 1676 ea:
2299 1622 2556 1693 Dionysio
2581 1620 2711 1676 Hal.
2761 1620 2974 1674 Videtur
3026 1621 3161 1674 idem
3202 1622 3404 1691 signari
3428 1621 3494 1674 ab
3520 1620 3637 1674 Eu-

2056 1714 2223 1779 sebio,
2293 1714 2384 1768 ubi
2413 1713 2477 1769 de
2506 1714 2703 1768 Bacchi
2728 1714 2888 1784 gestis
2925 1713 3163 1783 loquens,
3222 1713 3322 1775 ait,
3360 1713 3459 1775 Ὠς
3503 1730 3638 1783 φησι

368 1824 676 1894 ἐψόφησεν*
719 1828 775 1878 et
819 1821 1045 1886 Δακεῖν,
1095 1820 1364 1891 ψοφῆσαι.
1410 1819 1612 1891 Pagina
1665 1827 1850 1873 autem
1892 1815 1958 1870 16

2063 1806 2396 1877 Δείναρχοςὸ
2424 1804 2798 1877 ποιητὴς,·υύχ
2820 1807 2847 1857 6
2872 1806 3075 1876 ῥήτωρ.
3092 1804 3487 1859 Condonamus
3520 1805 3641 1873 qui-

372 1889 501 1973 sane
528 1889 858 1968 dormitavit
893 1889 1190 1982 interpres,
1220 1889 1279 1966 ut
1312 1912 1367 1966 in
1402 1889 1566 1982 opere
1591 1911 1756 1979 longo
1780 1916 1835 1979 et
1870 1907 1951 1961 in-

2063 1898 2179 1953 dem
2214 1899 2266 1954 ei
2295 1898 2602 1969 ἁμάρτημα
2658 1897 3028 1967 μνημονικόν·
3065 1912 3242 1966 neque
3271 1897 3419 1951 enim
3452 1895 3639 1952 Delius

373 2014 523 2076 grato
545 2004 702 2059 facile
722 2010 893 2075 queat
917 2017 1148 2060 somnus
1179 2002 1462 2072 obrepere.
1480 2002 1693 2072 Ἀχαΐα,
1716 1999 1949 2069 Πεληνὴ,

375 2101 412 2170 ἠ
441 2097 750 2169 καλουμένη
800 2094 1209 2166 Πελοπόννησος
1230 2111 1247 2128 ο
1268 2094 1482 2159 Acha'a,
1525 2094 1744 2155 Pelena,
1768 2108 1885 2163 qua:
1901 2099 1952 2146 et

385 2189 763 2259 Peloponnesus
792 2187 938 2241 dicta
960 2197 1061 2242 est.
1085 2187 1330 2244 Obsecro
1345 2187 1634 2259 quisistud
1675 2187 1756 2241 vel
1789 2186 1953 2240 fando

375 2268 633 2333 \audivit?
669 2279 859 2333 Scribe
910 2279 1124 2348 Ἀχαΐα,
1184 2279 1429 2350 Πελλήνη
1459 2286 1512 2333 et
1536 2286 1684 2333 verte
1735 2276 1950 2342 Achwa,

390 2369 610 2437 Pellene,
634 2380 681 2424 et
708 2387 827 2441 qua:
868 2368 1262 2441 Peloponnesus
1295 2382 1536 2441 vocatur.
1594 2369 1837 2440 Πελλήνη
1870 2379 1955 2425 est

383 2461 583 2515 Achaiae
645 2461 799 2516 urbs.
864 2458 1004 2516 Vide
1067 2460 1433 2533 geographos.
1482 2460 1809 2531 Apollonius
1835 2459 1955 2529 _Ar-

377 2566 498 2623 gon.
531 2569 545 2606 ι
575 2570 590 2608 ι

456 2642 758 2709 Ἀστέριος
777 2641 846 2695 δὲ
870 2643 969 2696 καὶ
1013 2641 1276 2711 Ἀμφίων
1303 2642 1664 2711 Ὑπερασίου
1689 2641 1836 2712 υἷες,

443 2713 766 2780 Πελλήνης
795 2713 1098 2782 ἀφίκανον
1141 2713 1459 2781 Ἀχαιίδος.

382 2801 582 2858 Vereor
623 2819 693 2860 ne
714 2804 962 2874 putidum
991 2804 1063 2861 sit
1092 2803 1378 2870 adnotare,
1408 2794 1686 2870 Βούθιιος,
1738 2805 1955 2871 lla-crto;

373 2904 428 2949 et
454 2896 694 2960 Βώττιος
716 2897 912 2952 vitiose
935 2897 1042 2952 dici
1071 2897 1215 2965 apud
1247 2896 1497 2952 Malalam
1531 2914 1628 2968 pro
1647 2898 1958 2970 Βρούττιος,

372 2990 488 3044 sive
525 2989 801 3060 Βρέττιος.
845 2988 961 3045 Hoc
1009 2989 1230 3058 quidem
1275 2989 1616 3059 exploratum
1661 2998 1781 3057 est;
1831 3007 1956 3046 cum

375 3081 617 3136 eamdem
646 3081 806 3149 plane
833 3079 1203 3136 narrationem
1229 3094 1294 3135 ex
1318 3079 1509 3135 Brutio
1543 3081 1961 3140 aﬂerauthor-

383 3174 496 3246 gius
530 3181 583 3228 et
602 3172 993 3242 Hieronymus.
1023 3170 1102 3226 Ita
1143 3187 1196 3243 p.
1226 3171 1355 3238 200,
1381 3172 1559 3243 Θάλης
1588 3174 1684 3227 καὶ
1722 3175 1959 3247 Κάστωρ

374 3267 462 3321 καὶ
484 3263 755 3329 Πολύϐιος
784 3263 1086 3334 depravata
1116 3279 1217 3342 pro
1250 3263 1479 3329 Θάλλος.
1528 3263 1793 3322 Similiter
1813 3268 1960 3322 enim

369 3357 682 3423 Castorem,
714 3357 973 3412 Thallum
1010 3362 1067 3412 et
1101 3356 1389 3428 Polybium
1409 3356 1478 3413 de
1508 3358 1673 3413 rebus
1700 3359 1959 3431 Assyria-

369 3450 450 3506 cis
481 3463 599 3503 una
628 3449 764 3504 citat
791 3439 1203 3519 Syncellus.'l:1t
1249 3447 1431 3504 adhuc
1462 3464 1518 3520 p.
1547 3449 1643 3505 ιει
1702 3450 1962 3506 Callima-

344 3541 511 3597 ochus
543 3543 601 3594 ὲν
622 3539 916 3610 Ἐτησίοις,
950 3554 1049 3610 pro
1076 3539 1301 3603 Αἰτίοις.
1356 3539 1546 3611 Neque
1603 3541 1750 3597 enim
1780 3543 1962 3599 Αἰτίαι

367 3631 782 3698 inscribuntur,
823 3646 894 3686 ne
920 3631 1044 3701 quis
1075 3640 1245 3697 erret,
1279 3632 1374 3688 sed
1434 3633 1595 3689 Δίτια
1641 3642 1701 3689 ιιι
1738 3636 1794 3689 in
1837 3634 1964 3707 Epi-

367 3732 684 3795 grammate
711 3724 807 3779 lib.
841 3723 1128 3789 tAnthol.,
1156 3739 1279 3794 cap.
1313 3724 1423 3778 67:
1838 3766 1850 3778 .

473 3816 874 3886 Καλλίμαχος
902 3814 971 3869 τὸ
992 3814 1283 3886 κάθαρμα,
1313 3814 1382 3871 τὸ
1419 3817 1714 3901 παίγνιον,
1744 3821 1777 3873 ό
1801 3819 1965 3901 ξύλ-

1529 3890 1675 3958 [ινος
1718 3891 1889 3957 νοῦς,

466 3956 678 4021 Attice
697 3958 730 4011 d
754 3953 992 4026 γράψας
1019 3955 1191 4010 Αῐτια
1215 3956 1628 4027 Καλλιμάχου.

365 4049 612 4122 Appello
650 4047 717 4102 ad
751 4047 1148 4117 elegantiorum
1190 4047 1476 4103 hominum
1512 4050 1742 4117 judicia,
1778 4065 1965 4105 annon

366 4144 576 4197 metior
626 4140 911 4211 aliquanto
946 4139 1018 4195 sit
1050 4139 1213 4194 lectio
1253 4155 1318 4195 ex
1363 4140 1687 4211 conjectura
1727 4152 1956 4200 nostra:

468 4232 700 4299 Αἲτιος,
736 4235 769 4286 ό
798 4231 1035 4300 γράψας
1056 4232 1243 4297 Αἴτια,
1274 4235 1680 4304 Καλλίμαχος.

364 4324 653 4380 Caeterum
700 4320 815 4394 [72]
857 4322 1019 4377 homo
1071 4322 1279 4378 Malala:
1334 4326 1786 4394 germanissimus
1833 4324 1963 4381 Ful-

366 4417 605 4488 gentius
658 4413 1010 4480 Planciades,
1046 4412 1425 4477 lentaculum,
1479 4417 1678 4485 inquit,
1731 4420 1964 4487 gustatio

363 4508 609 4563 dicitur.
643 4504 1008 4561 Callimachus
1061 4501 1265 4560 Intesia
1290 4522 1309 4559 :
1335 4505 1675 4562 Jentaculum
1726 4509 1965 4579 proferre

367 4600 519 4655 lavi.
587 4597 811 4653 Diceres
867 4596 1011 4651 hunc
1059 4612 1093 4652 a
1138 4597 1351 4654 Joanne
1391 4599 1616 4670 Ἔτήσια
1653 4600 1744 4653 illa
1776 4613 1965 4656 mutua

368 4693 633 4760 petiisse.
656 4690 793 4744 Illud
830 4704 958 4744 vero
990 4689 1314 4745 incredibile
1349 4690 1618 4756 videatur,
1644 4692 1964 4764 Cyrenaeum

369 4781 545 4835 illum
581 4780 775 4835 Latine
802 4779 954 4850 loqui
983 4791 1038 4836 et
1068 4780 1290 4850 quidem
1321 4796 1484 4837 versu
1517 4796 1531 4834 :
1569 4796 1694 4836 nam
1719 4784 1800 4837 sic
1824 4783 1965 4852 lego.

368 4869 690 4925 Jentaclum
736 4868 976 4939 proferre
1030 4867 1268 4926 loci.....
1318 4869 1428 4925 Sed
1478 4873 1677 4927 minuit
1732 4875 1971 4929 admira-

371 4966 616 5025 tionem,
651 4960 799 5032 quod
835 4959 1159 5033 Fulgentius
1187 4973 1241 5017 et
1280 4961 1516 5019 Mnasea?
1548 4963 1886 5035 Εὐρωπιακὰ
1914 4975 1969 5022 et

376 5053 773 5108 Demosthenis
811 5051 1137 5122 Philippica
1199 5052 1394 5107 viderit
1459 5053 1657 5109 Latino
1714 5069 1972 5110 sermone

372 5145 728 5215 conscripta.
785 5144 943 5200 Sicut
987 5143 1270 5215 Ovidiana:
1301 5144 1470 5202 Ibidis
1497 5156 1659 5204 vetus
1680 5158 1972 5205 enarrator

374 5237 779 5306 putidissimos
831 5252 1025 5293 versus
1076 5251 1285 5305 eosque
1334 5236 1557 5292 Latinos
1620 5237 1873 5308 Eupolidi
1920 5252 1973 5294 et

375 5327 718 5397 (jocnlarem
799 5327 1040 5381 hominis
1120 5326 1580 5398 conﬁdentiam!)
1661 5325 1973 5385 Democrito

374 5419 620 5488 aiﬁngit.

453 5532 602 5586 Illud
664 5540 929 5602 praeterea
983 5547 1108 5603 pag.
1143 5533 1233 5599 52,
1271 5532 1468 5599 Καθὼς
1500 5536 1788 5607 Δήμαρχος
1816 5540 1844 5592 6
1883 5558 1974 5594 σο-

378 5623 642 5694 φώτατος
672 5623 1051 5693 συνεγράψατο
1079 5627 1205 5694 περὶ
1237 5626 1331 5678 τοῦ
1354 5625 1518 5680 αὐτοῦ
1546 5628 1824 5694 Διονύσου,
1853 5647 1977 5686 cor-

379 5723 556 5784 rupte
605 5716 895 5769 exhibetur
945 5718 1065 5771 loco
1123 5717 1430 5788 Δείναρχος.
1503 5718 1636 5772 Nam
1710 5722 1977 5793 Georgius

378 5809 641 5867 eanrdetn
689 5811 974 5866 historiam
1042 5826 1391 5877 memorans,
1443 5813 1755 5883 Δείναρχος,
1813 5818 1907 5883 ait,
1949 5820 1977 5871 6

2056 1986 2162 2041 fuit
2197 1988 2545 2043 Cretensium
2601 1987 2910 2042 fabularum
2976 1987 3260 2051 collector,
3309 1986 3405 2044 sed
3437 2002 3642 2042 seeuu-
3703 2042 3713 2047 ,

2055 2080 2160 2136 dus
2189 2080 2295 2136 iste
2333 2082 2522 2136 nescio
2573 2081 2733 2150 quis;
2766 2094 2926 2149 quem
2966 2078 3056 2133 vix
3115 2088 3199 2133 cst
3235 2088 3289 2133 ut
3330 2080 3637 2135 existimem

2054 2184 2147 2224 eas
2175 2169 2429 2225 versibus
2457 2169 2723 2231 edidisse,
2780 2170 2973 2223 saltem
3020 2169 3124 2223 hoc
3154 2183 3262 2222 non
3289 2171 3636 2237 exploratum

2055 2271 2161 2315 est.
2194 2258 2437 2330 Scaliger
2461 2259 2516 2314 in
2547 2259 2736 2314 Graica
2774 2259 2995 2314 Eusebii
3032 2276 3084 2329 p.
3107 2260 3197 2313 5t.
3248 2258 3507 2319 Viderint,
3540 2262 3637 2319 ait,

2055 2353 2275 2417 eruliti,
2329 2368 2397 2406 an
2457 2352 2642 2406 tertius
2702 2350 3097 2404 Dinarchornm
3125 2351 3315 2421 Δήλιος
3356 2351 3419 2405 τὸ
3461 2351 3639 2420 γένος,

2057 2442 2633 2513 πεπραγματευμένος
2719 2441 2880 2495 τοῦτο
2965 2443 3065 2513 μὲν
3134 2442 3305 2511 ἔπος,
3374 2442 3531 2496 τοῦτο
3583 2442 3641 2495 δὲ

2059 2533 2314 2602 πρᾶγμα,
2345 2532 2419 2585 sit
2446 2536 2542 2586 iste
2578 2541 2759 2602 poeta,
2785 2547 2937 2603 quem
2977 2533 3149 2586 innuit
3186 2530 3469 2588 Eusebius.
3496 2531 3640 2585 Nam

2059 2641 2188 2679 sane
2207 2625 2337 2678 mihi
2362 2627 2575 2695 ignotus
2607 2635 2706 2681 est.
2742 2625 3019 2682 Hactenus
3052 2627 3275 2697 quidem
3325 2627 3549 2690 accedo,
3584 2632 3644 2679 ut

2060 2724 2155 2771 aut
2178 2716 2282 2771 iste
2310 2718 2381 2772 sit
2414 2727 2597 2787 poeta,
2633 2719 2698 2773 de
2725 2734 2836 2789 quo
2890 2718 3187 2780 Eusebius,
3228 2726 3323 2772 aut
3358 2720 3543 2774 nullus
3575 2734 3642 2772 ex

2060 2817 2318 2878 quatuor.
2350 2810 2455 2863 Sed
2489 2810 2708 2872 amabo,
2733 2811 2863 2880 quid
2906 2811 3013 2866 sibi
3051 2812 3166 2865 vult
3202 2811 3336 2865 illud
3368 2811 3644 2882 πρᾶγμαῖ

2060 2917 2212 2965 nam,
2246 2910 2515 2972 quantum
2552 2916 2655 2973 ego
2694 2903 2875 2966 video,
2914 2904 3061 2957 nulla
3099 2903 3149 2959 ei
3190 2906 3382 2959 subest
3428 2917 3645 2971 sentcn-

2062 2995 2134 3046 tia
2167 3008 2343 3062 neque
2399 2994 2652 3048 scientia.
2703 2994 2897 3048 Latine
2954 2994 3036 3049 sic
3078 3005 3308 3050 vertas:
3339 2994 3643 3051 Dinarchus

2062 3099 2245 3154 genere
2274 3083 2477 3148 Delius,
2503 3085 2593 3155 qui
2612 3084 2816 3154 aliquid
2833 3085 2995 3149 dixit,
3029 3094 3078 3139 et
3111 3086 3318 3156 aliquid
3348 3086 3473 3157 fecit
3504 3086 3640 3161 [73];

2064 3173 2200 3239 sive,
2237 3174 2327 3243 qui
2379 3173 2584 3242 aliquid
2631 3191 2783 3229 versu
2813 3176 2975 3240 dixit,
3017 3176 3220 3247 aliquid
3247 3193 3300 3230 re
3325 3178 3464 3247 ipsa.
3506 3178 3644 3241 Pro,-

2066 3262 2211 3317 fecto
2237 3279 2346 3317 non
2369 3264 2602 3318 multum
2635 3265 2688 3319 in
2716 3264 2990 3320 Demetrio
3009 3268 3370 3337 perdidimus,
3390 3270 3434 3324 si
3461 3272 3644 3324 omnia

2063 3355 2148 3411 sic
2179 3355 2334 3411 disit.
2360 3356 2466 3413 Sed
2491 3356 2687 3428 opinor
2711 3359 2984 3413 neminem
3017 3359 3232 3415 inﬁcias
3253 3361 3483 3427 iturum,
3510 3364 3642 3431 quin

2063 3448 2366 3503 mutatione
2401 3449 2691 3504 commoda
2717 3458 2770 3503 et
2808 3449 2886 3502 illi
2920 3463 3055 3505 suus
3085 3451 3281 3516 honos,
3312 3459 3366 3504 et
3411 3454 3644 3507 orationi

2063 3553 2163 3593 sua
2177 3540 2446 3594 sententia
2467 3540 2680 3595 restitui
2707 3540 2899 3610 possit,
2923 3542 2968 3595 si
2990 3541 3229 3611 legamus
3268 3559 3281 3596 :
3310 3559 3649 3615 πεπραγμαο

2061 3618 2324 3697 τευμένος
2373 3630 2530 3684 τοῦτο
2579 3631 2677 3702 μὲν
2733 3631 2898 3697 ἔπος,
2952 3631 3110 3686 τοῦτο
3152 3633 3211 3687 δὲ
3279 3634 3535 3704 γράμμα,
3591 3636 3642 3688 ἰιΙ

2061 3730 2167 3783 est,
2209 3720 2301 3790 qui
2329 3719 2575 3789 quietiam
2625 3720 2835 3775 heroico
2875 3721 3110 3774 carmine
3157 3723 3495 3791 conscripsit,
3535 3724 3645 3775 alia

2062 3813 2302 3864 oratione
2376 3827 2539 3881 prosa
2590 3828 2608 3866 :
2664 3814 2745 3867 vel
2796 3813 2960 3883 (quia
3006 3812 3067 3866 τὸ
3116 3814 3352 3882 γράμμα
3415 3816 3648 3884 quodvis

1998 3931 2001 3935 «
2064 3902 2255 3972 scripti
2315 3918 2488 3973 genus
2544 3919 2939 3974 nonnunquam
2998 3906 3328 3976 signiﬁcat),
3375 3907 3534 3961 τοῦτο
3591 3908 3648 3961 δὲ

2062 3991 2270 4062 δρᾶμα.
2303 3993 2393 4063 qui
2421 4001 2471 4047 et
2499 4002 2745 4062 poemata
2782 3995 2997 4049 hernica
3054 4005 3105 4050 et
3166 3996 3418 4051 dramata
3458 3999 3645 4053 edidit.

2137 4083 2443 4139 Domuinus
2475 4085 2577 4141 iste
2608 4089 2980 4158 χρονογράφος
3013 4104 3122 4142 non
3153 4089 3374 4143 aliunde
3415 4106 3581 4160 quam
3619 4109 3646 4147 a

2068 4175 2258 4229 Ilalala
2287 4178 2547 4247 cognosci
2585 4186 2784 4246 potest,
2822 4194 2852 4232 a
2883 4195 2996 4248 quo
3021 4181 3329 4249 saepissime
3361 4187 3427 4236 ιιιι
3466 4193 3649 4255 partes

2065 4277 2315 4323 vocatur.
2368 4269 2801 4325 Antiochensem
2864 4271 3039 4327 fuisse
3089 4274 3422 4329 certissimis
3474 4276 3650 4347 signis

2064 4357 2466 4426 deprehendes,
2512 4358 2604 4413 ubi
2659 4374 2757 4428 per
2813 4362 2989 4414 otium
3053 4361 3241 4416 licebit
3303 4364 3454 4419 locos
3513 4366 3650 4419 istos

2066 4448 2401 4502 consulere:
2446 4450 2809 4518 probabiliter
2834 4452 3004 4504 etiam
3057 4451 3297 4516 dixeris,
3353 4454 3653 4511 deduxisse

1999 4558 2041 4611 ι)
2070 4556 2194 4594 eum
2226 4540 2515 4594 historiam
2550 4542 2619 4595 ab
2652 4541 2883 4597 exordio
2925 4546 3113 4598 mundi
3159 4561 3335 4615 usque
3377 4548 3442 4601 ad
3475 4547 3653 4603 Justi-

2070 4630 2222 4684 niani
2252 4638 2523 4700 tempora.
2576 4630 2763 4701 Itaque
2808 4632 3038 4686 inclinat
3092 4635 3332 4699 animus,
3394 4647 3453 4692 ut
3507 4640 3654 4696 hunc

2071 4722 2242 4777 fuisse
2295 4721 2626 4777 Domuinum
2680 4724 2832 4777 illum
2885 4725 3221 4789 existimem,
3264 4729 3357 4797 qui
3401 4744 3464 4784 ea
3514 4740 3653 4785 tem-

2071 4822 2284 4882 pestate
2318 4813 2416 4869 luit
2453 4812 2713 4869 Ecclesiae
2737 4814 3134 4873 Antiochensis
3168 4819 3488 4890 episcopus.
3516 4821 3651 4876 Nam

2073 4920 2209 4960 sane
2236 4905 2381 4959 sicut
2406 4906 2497 4960 hic
2522 4921 2551 4960 a
2574 4905 2790 4963 Joanne
2820 4923 2874 4977 p.
2918 4908 3025 4963 265
3082 4907 3328 4966 Domnus
3372 4923 3604 4969 vocatur
3638 4933 3651 4969 :

2074 4996 2148 5049 ita
2181 4996 2348 5051 istum
2378 4999 2750 5067 patriarcham
2775 5000 2826 5052 hi
2859 4998 3156 5067 Domuum,
3186 5002 3265 5057 illi
3294 5001 3653 5071 Domninum,
3760 5002 3765 5007 ⁷

2074 5088 2373 5165 appellant.
2405 5087 2635 5143 Accedit
2668 5090 2797 5155 huc,
2823 5092 2976 5162 quod
3013 5092 3264 5163 plerique
3308 5111 3529 5161 omnes,
3557 5099 3655 5167 qui

2074 5180 2321 5250 aggressi
2377 5189 2505 5235 sunt
2547 5191 2793 5251 tempora
2842 5184 3197 5252 describere,
3268 5185 3494 5243 fuerunt
3537 5192 3657 5258 epi-

2077 5273 2273 5342 scopi;
2317 5271 2521 5335 Victor,
2576 5273 2832 5345 Prosgier,
2869 5275 3228 5345 Theophilus,
3271 5280 3562 5348 Eusebius,
3600 5293 3655 5339 et

2076 5362 2346 5435 Georgius
2369 5367 2664 5437 episcopus
2696 5368 3045 5440 designatus.

2150 5455 2416 5526 Equidem
2467 5459 2679 5524 nescio,
2725 5472 2846 5516 utra
2898 5478 2987 5519 res
3022 5463 3288 5533 majorem
3326 5465 3655 5523 admiratio-

2080 5563 2201 5599 nem
2254 5547 2535 5615 attulerit,
2595 5558 2675 5604 tot
2733 5553 2959 5607 nomina
3018 5554 3306 5610 hominum
3354 5560 3576 5628 propria
3626 5574 3658 5616 α

2068 5638 2290 5693 Joanne
2321 5648 2584 5709 corrupta
2626 5657 2774 5709 esse,
2821 5658 2890 5698 an
2928 5660 2990 5699 ea
3038 5648 3238 5702 menda
3265 5664 3296 5702 a
3332 5648 3659 5708 doctissimo

2083 5733 2382 5800 interprete
2433 5734 2772 5790 dissimulata
2815 5737 2989 5795 fuisse
3034 5749 3089 5796 et
3141 5743 3367 5798 silentio
3425 5755 3659 5813 praeter-

2081 5823 2286 5883 missa:
2339 5825 2489 5881 verbi
2526 5828 2702 5897 gratia
2739 5844 2791 5899 p.
2834 5828 2931 5884 101
2979 5840 3032 5887 ct
3074 5833 3169 5889 l7l
3225 5835 3523 5907 Τυνδάριος
3559 5853 3660 5910 pro
