3966 6446
249 383 345 451 773

1340 373 1705 435 EPISTULA
1739 375 1948 435 RICH.
1991 374 2382 435 BENTLEII.

3409 372 3521 440 ’ΠΙ

256 496 455 566 pilanus
485 500 551 543 ex
580 486 923 557 conjectura,
944 490 1214 555 quantum
1239 498 1343 555 ego
1369 500 1434 539 ex
1464 500 1523 540 re
1555 486 1674 556 ipsa
1697 499 1830 539 con-
1866 497 1905 552 Α
2005 485 2412 541 Constitueram
2446 484 2535 539 hic
2572 481 2834 554 Epistolre
2866 482 3028 538 linem
3057 481 3340 554 imponere
3372 503 3388 541 :
3423 485 3522 540 sed

249 590 503 655 jcctnram
532 578 698 634 facio.
725 576 953 633 Veteres
981 577 1258 631 editiones
1299 584 1699 645 repraesentant
1733 578 1827 630 καὶ

252 672 472 748 ἁρμονίη
501 688 566 741 γε
603 670 874 742 μερῶπις.
922 669 1113 739 Itaque
1156 668 1245 723 hic
1285 683 1505 738 quoque
1537 668 1824 738 legendum

250 779 325 828 est
396 765 633 837 ἁρμονίη
710 762 1049 835 οεμερῶπις.
1138 761 1376 833 llesych.
1458 762 1824 834 Θεμερῶπις,

251 859 499 934 ἐρασμίαι
534 856 763 928 ἀγχόνη.
805 855 950 926 Lege
981 855 1224 927 ἐρασμία
1271 856 1542 927 ἁρμονίη,
1580 857 1828 911 auctori-

249 963 352 1009 tate
389 948 785 1019 Empedoclis:
839 946 947 1002 nisi
994 947 1039 1002 si
1081 946 1255 1000 mavis
1300 947 1541 1020 ἐρασμία
1595 947 1827 1019 αἰσχύνη

250 1061 307 1101 ex
329 1041 576 1112 IEschyli
606 1039 938 1095 Prometheo
961 1059 975 1095 :
1011 1040 1106 1093 Ἐκ
1124 1039 1168 1092 δ’
1186 1039 1387 1109 ἔπληξέ
1418 1058 1517 1111 μου
1544 1042 1641 1110 τὴν
1667 1041 1828 1110 Οεμε-

254 1134 415 1206 ρῶπιν
446 1130 616 1207 αἰδῶ.
670 1127 845 1193 Λξδὼς
899 1138 985 1186 cst
1038 1130 1294 1201 αἰσχύνη.
1351 1131 1645 1199 Perpcratn
1701 1131 1827 1186 huic

253 1226 456 1283 lectioni
502 1222 855 1287 scholiastes,
902 1237 955 1278 et
992 1221 1355 1293 Etymologici
1399 1232 1594 1277 auctor
1633 1222 1828 1293 θερμε-

256 1318 414 1390 ρῶπιν
471 1331 665 1370 vocem
719 1314 876 1369 nihili
938 1323 1311 1385 anteponunt,
1372 1326 1634 1386 tanquam
1702 1315 1828 1385 θερ-

259 1408 542 1481 μαίνουσαν
572 1405 672 1477 τὴν
707 1399 855 1460 ὦπα.
888 1407 1056 1477 Atqui
1090 1420 1154 1461 eo
1178 1416 1337 1477 pacto
1369 1405 1654 1478 Οερμῶπις
1684 1419 1831 1464 esset

256 1499 533 1555 dicendum
563 1514 577 1552 :
611 1513 790 1567 neque
811 1499 958 1552 enim
986 1499 1068 1553 vel
1114 1498 1280 1553 fando
1318 1502 1566 1555 auditum
1596 1510 1683 1555 est
1710 1503 1831 1575 (ιέρ-

258 1608 426 1663 μερος.
453 1588 652 1643 Pollux
683 1597 871 1644 tamen
914 1590 1013 1644 lib.
1042 1606 1113 1656 vt,
1146 1606 1195 1645 c.
1228 1590 1298 1644 40
1331 1607 1345 1646 :
1377 1592 1448 1645 Τὸ
1474 1593 1529 1645 δὲ
1558 1593 1830 1665 οερμερύ-

253 1682 424 1736 νεσοαι
455 1680 552 1733 καὶ
594 1679 867 1751 κιχλεδιᾷν
908 1683 1166 1751 κωμικάο
1221 1698 1324 1738 ms.
1371 1683 1580 1755 χλιδιᾷν
1612 1686 1692 1740 vel
1729 1703 1828 1737 xu-

256 1773 501 1844 χλοεδιᾷν,
538 1772 658 1839 lege
692 1770 1090 1842 Θεμερύνεσοαι
1121 1774 1214 1827 καὶ
1246 1774 1450 1847 χλιδᾷν,
1476 1778 1557 1831 vel
1588 1778 1826 1849 χλοιδᾷν,

1937 578 2233 635 intervenit
2259 579 2474 634 amicus
2509 592 2685 644 meus,
2716 578 2935 631 aurium
2965 577 3219 632 convicio
3249 578 3523 635 rationem

1934 672 2263 742 clllagitans,
2297 685 2398 725 cur
2432 669 2675 726 Joannes
2715 668 2945 724 Malelas
2987 671 3124 725 mihi
3156 672 3397 737 dicatur,
3430 675 3524 745 qui

1935 779 1965 818 a
2006 765 2333 820 Vossiot'nm
2384 775 2643 834 utroque,
2682 763 2931 829 Usserio,
2976 763 3215 833 aliisque
3265 765 3528 822 omnibus

1935 856 2027 926 qui
2062 856 2117 910 in
2152 857 2297 909 hunc
2324 872 2502 926 usque
2533 856 2679 909 diem
2720 856 2839 925 ejus
2884 856 3220 910 mentionem
3250 854 3539 932 fecerunt,

1934 947 2139 1001 Malela
2181 948 2523 1002 nominatur.
2562 946 2675 1019 Ego
2713 963 2867 1012 vero,
2899 948 3148 1018 inquam,
3183 964 3252 1003 ne
3283 949 3337 1003 in
3370 950 3519 1005 viro-

1937 1056 2055 1094 rum
2100 1040 2318 1109 quidem
2378 1040 2745 1094 maximorum
2797 1038 2910 1113 [78]
2948 1042 3113 1096 verba
3162 1042 3515 1112 juravcrim:

1936 1131 2031 1185 sed
2063 1132 2118 1185 in
2148 1132 2311 1184 aliam
2346 1131 2696 1194 sententiam,
2726 1131 2814 1185 ubi
2840 1134 3189 1187 commodum
3218 1142 3323 1197 est,
3348 1149 3528 1206 quan-

1937 1239 2101 1293 quam
2163 1224 2415 1291 invitus,
2474 1238 2597 1277 meo
2645 1223 2772 1293 jure
2830 1224 3079 1279 discedo.
3139 1224 3312 1297 Roget
3361 1228 3531 1295 igitur

1936 1318 2236 1386 quispiam,
2290 1331 2390 1370 cur
2432 1313 2639 1369 Mulela
2671 1316 2855 1385 potius
2906 1317 2981 1371 sit
3012 1317 3390 1373 vocitandus?
3426 1320 3529 1371 hoc

1937 1406 2151 1459 scilicet
2179 1405 2246 1459 ab
2288 1404 2355 1459 iis
2384 1421 2717 1471 responsum
2765 1404 2973 1471 ferret;
3025 1407 3168 1474 apud
3209 1408 3529 1461 Constanti-

1938 1514 2070 1550 ttum
2106 1497 2187 1551 sic
2236 1497 2523 1567 appellari,
2557 1497 2809 1550 Ἰωάννου
2859 1496 2955 1550 τοῦ
3011 1498 3240 1570 ἐπίκλην
3279 1499 3526 1563 Μαλέλα,

1937 1598 1993 1644 et
2032 1590 2175 1659 apud
2224 1589 2651 1655 llauzasccnum,
2687 1589 2932 1642 Ἰωάννου
2968 1591 3063 1643 τοῦ
3116 1595 3211 1642 καὶ
3257 1590 3525 1643 διαλαλα·

1939 1697 2211 1751 nusquam
2269 1681 2397 1735 alibi
2453 1682 2916 1744 commemorari,
2970 1690 3336 1751 prtcterquam
3383 1681 3529 1750 apud

1940 1770 2191 1827 Tzetzem
2229 1773 2483 1841 Ἰωάννης
2514 1789 2599 1834 τις
2633 1770 2899 1840 Μελέλης.
2933 1772 3121 1843 Atqui,
3159 1772 3203 1826 si
3238 1773 3311 1824 ita
3349 1788 3436 1825 res
3471 1785 3531 1824 se

259 1866 333 1919 vel
364 1864 656 1934 κυλοιδιᾷν.
698 1861 1015 1935 Hesychius
1047 1881 1060 1916 :
1091 1864 1358 1936 Θέμερον,
1394 1869 1613 1938 σεμνὸν,
1651 1869 1744 1938 ἀφ’
1771 1863 1831 1922 οὗ

1937 1863 2119 1928 habet,
2162 1863 2325 1933 vulgo
2369 1871 2423 1917 et
2471 1863 2677 1933 passim
2727 1865 2968 1932 reperias
3015 1864 3109 1916 τοῦ
3158 1863 3383 1928 Σουίδα,
3433 1863 3528 1915 τοῦ

258 1959 344 2010 καὶ
371 1956 428 2009 τὸ
460 1954 844 2026 σεμνύνεσθαι,
878 1955 1297 2028 θεμερύνεσθαι.
1343 1959 1584 2032 Θεμὲρη,
1616 1961 1829 2032 βεϐαία,

258 2047 460 2119 σεμνὴ,
499 2045 789 2117 εὐσταθὴς.
823 2046 1268 2119 Θεμερόφρονας,
1312 2054 1589 2118 συνετοὺς,
1620 2052 1833 2125 σώφρο-

258 2156 368 2202 νας.
386 2138 488 2192 Sed
509 2145 570 2191 ut
594 2136 918 2207 planissime
935 2146 1192 2206 constet,
1220 2156 1361 2211 opus
1380 2149 1537 2197 estut
1569 2147 1831 2215 struphen

264 2239 316 2283 ct
340 2227 709 2296 antistrophen
741 2228 887 2282 inter
927 2243 989 2283 se
1013 2228 1372 2288 conferamus
1405 2251 1419 2289 :
1455 2232 1509 2288 in
1542 2235 1747 2305 quibus
1778 2237 1832 2292 hi

267 2332 452 2373 versus
483 2317 812 2388 respondent
849 2332 915 2372 ex
948 2319 1182 2375 adverso

346 2432 436 2483 Ἐκ
459 2431 509 2483 δ’
532 2427 761 2502 ξπνζηξέ
778 2448 901 2499 μου
930 2429 1042 2485 τὰν
1066 2431 1400 2502 θεμερῶπιν
1419 2435 1584 2491 αἰδῶ.

324 2499 602 2569 Νεοχμοῖς
624 2499 693 2554 δὲ
713 2502 923 2570 νόμοις
941 2502 1095 2569 Ζεὺς
1118 2499 1390 2571 ἆθέσμως
1413 2508 1693 2573 κρατύνει

256 2608 352 2667 Ubi
386 2627 478 2682 pro
506 2609 623 2683 [77]
658 2611 917 2682 ἀθέσμως
954 2629 1020 2667 ex
1055 2615 1390 2670 necessitate
1422 2618 1580 2673 metri
1623 2623 1833 2691 conieci

257 2704 530 2775 legendum
568 2720 693 2759 esse
732 2705 963 2768 ἁθετῶς.
1002 2705 1181 2773 Quam
1230 2710 1608 2779 c0njecturam
1659 2714 1836 2769 ﬁrma-

258 2796 331 2848 vit
387 2794 707 2867 Hesychius.
764 2796 1026 2865 Ἀθετῶς,
1070 2800 1351 2871 ἁΟέσμως,
1397 2802 1430 2873 ἢ
1489 2820 1831 2875 συγκατατε-

257 2884 527 2956 θειμένως.
578 2887 869 2957 Αἰσχύλος.
922 2890 1207 2962 Προμηθεῖ
1245 2892 1535 2965 δεσμώτῃ·
1584 2897 1723 2965 lege,
1770 2898 1830 2950 ού

256 2991 404 3044 συγκ.
460 2977 577 3030 sine
630 2993 890 3032 consensu
951 2990 1001 3033 et
1064 2981 1448 3051 approbatione
1504 2985 1830 3056 reliquorum

254 3066 479 3121 deorum.
523 3067 789 3139 Respexit
847 3071 916 3125 ad
964 3072 1113 3129 hunc
1158 3075 1339 3130 locum
1383 3094 1397 3131 :
1451 3092 1630 3148 neque
1682 3080 1829 3134 enim

256 3159 376 3214 alibi
406 3162 457 3215 in
506 3174 571 3215 ea
609 3160 796 3216 fabula
846 3166 1114 3221 occurrit.
1168 3165 1337 3223 Plane
1378 3167 1492 3238 jam
1541 3170 1831 3240 imperitus

255 3249 321 3305 sit
342 3259 576 3321 oportet,
605 3259 701 3307 aut
727 3254 797 3309 ab
834 3255 1144 3312 invidentia
1184 3259 1416 3325 laboret,
1449 3262 1539 3332 qui
1569 3265 1634 3317 de
1663 3261 1828 3334 Θεμεο

250 3338 414 3411 ρῶπιν
437 3349 639 3398 contra
679 3345 881 3399 veniat.
915 3344 1306 3416 Experiamur,
1330 3350 1465 3420 quid
1506 3351 1560 3405 in
1602 3352 1829 3407 alteram

249 3442 451 3498 partem
494 3433 674 3509 possjt
722 3431 841 3489 haec
869 3434 1211 3491 observatio.
1262 3437 1574 3510 Hesychius
1619 3439 1834 3495 ςἝνα-

246 3540 435 3596 στρος,
482 3528 505 3547 ‘
535 3524 875 3595 ὡστεμένας,
917 3527 1135 3597 Ἀχαιὸς
1173 3529 1547 3599 Ἀλφεσίὸοιαι
1581 3532 1706 3588 ἀντὶ
1736 3533 1832 3587 τοῦ

243 3615 443 3679 ὗαστὰς
467 3615 585 3687 γὰρ
621 3617 831 3687 βάκχας
856 3619 1024 3684 ὑάδας
1052 3621 1261 3691 ἔλεγον.
1307 3621 1630 3695 Prodigiosa
1672 3626 1834 3696 plane

239 3708 435 3761 oratio.
478 3706 645 3763 Nunc
686 3709 933 3764 vicissim
964 3728 990 3763 ε
1020 3722 1173 3766 muta
1199 3713 1254 3766 in
1286 3731 1365 3777 αι,
1395 3722 1450 3769 et
1482 3715 1601 3786 lege
1625 3736 1638 3772 :
1664 3718 1832 3772 Ἐνα-

238 3814 395 3869 στρος
423 3797 575 3852 ὥστε
615 3800 834 3863 Μαινάς
853 3817 867 3832 ’
895 3799 1117 3872 Ἀχαιὸς
1150 3803 1522 3876 Ἀλφεσιϐοίᾳ.
1545 3808 1694 3861 ’Δντὶ
1737 3807 1832 3862 τοῦ

248 3887 398 3954 ’Υάς.
433 3890 555 3954 Τὰς
590 3890 702 3961 γὰρ
754 3892 975 3963 Βάκχας
1026 3892 1222 3958 Ὑάδας
1282 3894 1487 3964 ἔλεγον.
1541 3896 1830 3966 Agnoscis,

234 3981 448 4051 opinor,
479 3983 818 4053 principium
851 3984 1058 4039 senarii
1094 4001 1157 4040 ex
1190 3985 1377 4042 Achaei
1413 3988 1599 4042 fabula
1628 3989 1831 4059 Alphe-

233 4075 429 4131 siboea.
467 4076 748 4132 Similiter
772 4093 822 4130 οι
857 4078 1066 4147 passim
1089 4079 1211 4134 loco
1238 4097 1289 4132 υ.
1322 4078 1560 4151 Hcsych.
1587 4082 1830 4152 Κοίημα,

232 4165 471 4239 γένημα,
507 4182 612 4238 pro
644 4166 870 4239 Κύημα,
904 4175 958 4223 et
995 4169 1117 4223 vice
1157 4184 1316 4225 versa
1350 4170 1671 4242 Στυχιοῦσι,
1719 4174 1833 4226 δια-

230 4257 460 4313 τυποῦσι
483 4301 500 4326 ,
545 4273 646 4329 pro
680 4258 1040 4329 Στοιχειοῦσι.
1073 4259 1224 4314 Idem
1255 4252 1284 4315 :~
1307 4262 1680 4332 Στοιχείωσις,
1711 4262 1831 4316 δια-

226 4353 504 4419 τύπωσις,
540 4355 574 4425 ὴ
606 4354 800 4425 πρώτη
829 4355 1087 4427 μάθησις.
1119 4356 1308 4427 itaque
1331 4358 1531 4415 Suidas
1552 4360 1607 4413 in
1631 4359 1832 4417 Lexico

226 4447 613 4518 diphthongos
641 4464 698 4503 αι
720 4458 775 4503 et
797 4465 849 4500 οι
880 4449 1061 4504 alieno
1096 4449 1217 4504 loco
1243 4452 1495 4521 proxime
1523 4462 1652 4508 ante
1676 4470 1704 4506 ε
1728 4462 1781 4509 et
1800 4472 1831 4507 υ

225 4539 551 4593 collocavit.
579 4536 770 4592 Exstat
792 4539 847 4593 in
865 4538 1214 4596 Bibliotheca
1240 4542 1459 4610 publica
1476 4541 1673 4598 Oxonii
1698 4546 1835 4599 liber
1866 4559 1912 4615 ι)

222 4631 449 4700 antiqua
494 4642 668 4683 manu
706 4638 948 4697 notatus,
980 4633 1275 4687 continens
1319 4634 1470 4688 mille
1513 4636 1731 4706 regulas
1769 4635 1836 4691 de

223 4732 374 4774 recta
400 4719 695 4775 scribendi
728 4721 945 4778 ratione
977 4740 990 4775 :
1027 4738 1266 4793 quarum
1300 4741 1369 4779 tu.
1395 4725 1595 4781 docent
1618 4731 1837 4799 quando

223 4829 280 4865 αι
314 4813 584 4869 Scribere
623 4821 902 4883 oporteat,
958 4823 1013 4871 et
1068 4816 1298 4884 quando
1351 4835 1379 4870 ε
1428 4836 1443 4873 :
1503 4820 1839 4892 totidemque

225 4904 316 4957 ubi
356 4923 435 4969 ot,
480 4913 542 4959 et
582 4904 672 4959 ubi
706 4923 760 4960 υ.
798 4906 937 4961 Eum
992 4906 1284 4976 codicem,
1335 4925 1462 4965 cum
1508 4924 1636 4967 ante
1695 4914 1839 4968 inter

221 4997 578 5062 ἀδεσπότους
612 4999 872 5067 ferretur,
923 5001 1263 5072 deprehendi
1296 5021 1363 5059 ex
1410 5006 1676 5076 prooemio
1710 5023 1837 5061 ver-

222 5092 389 5146 sibus
443 5092 692 5148 senariis
738 5094 954 5164 scripto
1003 5095 1201 5150 litteris
1236 5112 1349 5166 prae
1394 5108 1670 5155 vetustate
1702 5116 1840 5171 pene

222 5182 639 5253 ell‘ugientibus
684 5184 941 5240 obtutum
993 5188 1314 5253 oculorum,
1360 5188 1671 5261 Theognoti
1719 5208 1842 5247 esse

221 5274 592 5341 grammatici
647 5291 811 5345 quem
870 5276 1056 5331 laudat
1128 5279 1433 5349 aliquoties
1487 5280 1840 5353 Etymologici

224 5365 511 5435 scriptor.
568 5362 633 5419 Et
684 5367 909 5437 quidem
964 5370 1152 5424 omnia
1202 5371 1279 5426 ibi
1321 5374 1524 5443 reperi,
1566 5392 1686 5445 quae
1736 5377 1841 5431 iste

224 5454 573 5528 Theognoto
642 5467 869 5530 accepta
941 5463 1154 5516 retulit.
1225 5461 1301 5518 De
1374 5475 1535 5520 aetate
1593 5467 1838 5523 hominis

224 5549 516 5605 rescisces
548 5566 614 5606 ex
663 5550 1009 5621 praefatione,
1051 5556 1211 5624 cujus
1246 5555 1461 5611 initium
1497 5568 1601 5624 est,

338 5663 438 5756 ξιξ)
465 5663 740 5756 δεσπόζῃ
764 5685 906 5736 μου,
922 5670 1031 5747 grai
1064 5670 1237 5756 σε)ρῷ
1266 5675 1628 5756 cessari-gedon

335 5734 585 5811 ῥέοντι,
623 5734 700 5801 τῷ
726 5734 1043 5811 κρατοῦντι
1074 5734 1319 5794 πάντων
1337 5734 1406 5795 ea?
1430 5734 1657 5811 .lo'fotc,

339 5806 698 5877 Θεύγνωτος
720 5809 1019 5878 εῠγνωτός
1046 5828 1135 5876 τις
1170 5813 1247 5878 ὡς
1273 5811 1356 5864 ὢν
1380 5806 1636 5881 ciuilium:

1935 1955 2143 2026 Θωμᾶ,
2188 1955 2281 2009 τοῦ
2325 1955 2603 2027 Ἀριστέα,
2639 1955 2734 2009 τοῦ
2776 1957 3005 2026 Φιλητᾶ,
3036 1955 3129 2009 τοῦ
3167 1955 3401 2027 Τριόπα,
3429 1955 3526 2008 τοῦ

1936 2048 2149 2111 Σκόπα,
2205 2048 2300 2101 τοῦ
2347 2048 2649 2118 Κρατεύα·
2698 2066 2800 2104 nec
2854 2057 3036 2103 tamen
3088 2058 3379 2119 propterea
3439 2047 3524 2102 vel

1936 2139 2106 2193 Suida
2140 2141 2538 2210 grammaticus
2571 2140 2794 2203 dicitur,
2831 2140 2918 2194 vel
2969 2139 3173 2194 Tltoma
3214 2140 3523 2210 apostolus,

1937 2233 2020 2287 vel
2057 2232 2268 2287 Aristea
2312 2233 2375 2287 de
2406 2224 2601 2287 LXXII
2637 2233 3036 2303 interpretibus.
3068 2233 3240 2302 .Ratio
3273 2234 3526 2289 videlicet

1936 2325 2138 2394 lingua:
2164 2323 2367 2379 Graeca:
2405 2326 2497 2379 vix
2531 2336 2627 2380 aut
2662 2326 2817 2380 nullo
2860 2325 3025 2380 modo
3058 2325 3317 2393 patiatur,
3362 2335 3421 2379 ut
3467 2328 3523 2380 in

1935 2416 1976 2469 A
2009 2417 2246 2470 litteram
2284 2418 2461 2470 virilia
2496 2418 2719 2472 nomina
2748 2433 2882 2472 casu
2932 2430 3083 2473 recto
3135 2419 3521 2473 terminentur.

1934 2505 2114 2573 Atque
2139 2520 2202 2560 ea
2234 2521 2401 2560 causa
2431 2514 2540 2572 est,
2569 2522 2671 2560 cur
2694 2507 2980 2577 peregrina
3010 2508 3252 2562 virorum
3277 2508 3525 2569 nomina,

1936 2613 2059 2666 quae
2111 2598 2167 2652 in
2215 2599 2258 2651 A
2308 2607 2530 2662 exeunt,
2580 2613 2611 2652 a
2672 2598 2881 2655 Graecis
2933 2599 3290 2655 inﬂectantur
3340 2601 3392 2654 in
3436 2617 3523 2666 ας,

1935 2689 2168 2755 Γάλϐας,
2191 2687 2419 2753 Σύλλας,
2449 2690 2696 2759 Νουμᾶς,
2723 2689 2981 2757 Σενέκας,
3015 2691 3347 2761 ’Δγρίππαικ
3372 2689 3527 2757 Quod

1936 2781 1983 2836 si
2008 2780 2145 2836 adeo
2172 2782 2285 2850 jam
2312 2782 2657 2852 exploratum
2695 2790 2800 2849 est,
2838 2783 3245 2838 nominativum
3275 2781 3525 2838 Crtecum

1934 2886 2056 2925 esse
2084 2871 2341 2935 Μαλέλας
2361 2888 2376 2903 ·
2404 2873 2574 2926 nolim
2603 2887 2701 2940 ego
2725 2871 2920 2927 Latine
2942 2882 3159 2928 vertens
3187 2883 3525 2944 postremam

1935 2959 2174 3013 litteram
2214 2959 2456 3029 abjicere
2489 2970 2688 3031 praeter
2726 2976 2936 3016 ntorem
2976 2971 3031 3017 et
3061 2962 3524 3018 consuetudinem

1933 3066 2126 3105 eorum
2169 3058 2504 3120 temporum,
2540 3051 2746 3122 quibus
2786 3053 3021 3108 maxime
3060 3054 3234 3125 viguit
3264 3054 3438 3109 honos
3468 3065 3524 3109 et

1935 3141 2112 3211 gratia
2169 3141 2353 3198 Latini
2407 3144 2705 3201 sermonis.
2763 3142 3107 3202 Vctustiores
3166 3146 3423 3217 quidem,
3466 3156 3525 3201 ut

1937 3245 2130 3289 auctor
2165 3244 2249 3290 est
2272 3234 2650 3302 Quintilianus
2681 3237 2774 3291 lib.
2816 3254 2854 3302 ι,
2901 3252 2953 3292 c.
2993 3237 3048 3306 5,
3086 3255 3188 3293 non
3224 3240 3278 3293 in
3313 3258 3347 3293 a
3402 3249 3451 3294 et
3495 3257 3523 3295 δ

1937 3325 2145 3381 litteras
2178 3318 2324 3381 exire
2361 3336 2551 3383 temere
2579 3329 2879 3384 masculina
2909 3328 3099 3385 (ἔνατα
3123 3337 3344 3385 nomina
3382 3344 3524 3386 recta

1938 3436 2069 3473 casu
2102 3420 2465 3489 patiebantur.
2503 3419 2730 3493 Ideoque
2751 3434 2799 3477 et
2840 3423 2982 3492 apud
3014 3423 3239 3479 Cwlium
3280 3425 3525 3496 legimus,

1938 3510 2087 3567 Pelia
2125 3512 2528 3580 Cincinnatus;
2582 3525 2633 3568 et
2676 3514 2818 3583 apud
2861 3514 3211 3585 Messallam,
3246 3517 3525 3574 Benel'ecit

1938 3602 2174 3673 Euthia;
2216 3612 2265 3659 et
2303 3605 2444 3675 apud
2475 3604 2815 3675 Ciceronem,
2858 3607 3235 3679 Hermagora:
3271 3626 3334 3664 ne
3363 3611 3525 3663 mire-

1939 3713 2081 3760 mur,
2098 3699 2237 3767 quod
2264 3699 2328 3752 ab
2357 3700 2696 3769 antiquorum
2722 3700 2983 3772 plerisque
3002 3700 3178 3757 IEnea
3203 3711 3254 3757 et
3279 3702 3523 3758 Anchisa

1938 3791 2009 3844 sit
2049 3790 2247 3845 dictus.
2288 3790 2615 3847 Priscianus
2647 3792 2743 3847 lib.
2773 3809 2851 3847 v:
2897 3795 3047 3862 Apud
3085 3794 3297 3850 Crwcos
3342 3797 3399 3850 in
3457 3814 3523 3860 ας

1939 3882 2258 3949 desinentia,
2293 3885 2433 3954 apud
2460 3903 2555 3941 nos
2590 3887 2698 3941 ina
2724 3887 3118 3955 terminantur;
3144 3897 3202 3942 ut
3228 3889 3520 3961 Μαρσύας,

1940 3973 2184 4041 Σωσίας,
2244 3976 2483 4048 Βυρῤίας
2542 3977 2825 4048 Χαιρέας,
2878 3978 3145 4050 Τουρίας,
3199 3980 3520 4051 Βαγράδαςῖ

1940 4064 2184 4136 Marsya,
2216 4066 2399 4134 Sosia,
2432 4068 2688 4140 Byrrhia,
2729 4069 2970 4139 Cltmrea,
3019 4070 3204 4138 Turio,
3243 4071 3519 4143 Bagrada.

1939 4156 2088 4213 Libri
2131 4169 2314 4214 autem
2363 4176 2447 4225 vi,
2494 4177 2548 4231 p.
2579 4161 2679 4216 68l
2724 4169 2780 4217 et
2831 4162 2955 4229 701,
3008 4163 3316 4232 plerumque
3352 4166 3428 4220 ait
3466 4174 3522 4219 et

1939 4250 2236 4320 frequenter
2261 4251 2365 4305 hoc
2394 4251 2510 4307 ﬁeri
2550 4252 2749 4307 solere.
2795 4252 2860 4306 Et
2904 4252 2988 4308 his
3028 4251 3286 4309 fortassis
3323 4261 3520 4308 auctu-

1941 4343 2093 4398 ribus
2151 4342 2291 4396 tueri
2339 4358 2402 4397 se
2434 4358 2597 4412 posse
2647 4343 3009 4410 arbitrentur,
3038 4344 3133 4414 qui
3168 4360 3199 4401 e
3234 4346 3518 4400 contraria

1939 4442 2095 4503 parte
2125 4433 2337 4488 dicunt.
2376 4433 2504 4488 Mihi
2549 4451 2680 4489 vero
2717 4435 2878 4506 longe
2911 4436 3129 4490 videtur
3175 4451 3338 4491 secus
3374 4453 3387 4491 :
3421 4438 3518 4492 sed

1939 4536 2157 4597 oportet
2192 4526 2335 4580 haud
2379 4526 2571 4597 jejnne
2609 4527 2676 4583 de
2704 4528 2803 4582 hac
2853 4542 3041 4594 causa,
3083 4537 3136 4583 et
3167 4537 3426 4598 tanquam
3464 4530 3519 4583 in

1940 4619 2197 4684 transitu,
2223 4619 2317 4673 sed
2345 4620 2503 4689 plene
2531 4620 2864 4691 capioseque
2898 4621 3203 4691 disputare.
3238 4619 3521 4692 Principio

1940 4714 2092 4768 nulla
2149 4713 2529 4769 controversia
2566 4722 2673 4777 est,
2716 4714 2849 4784 quin
2898 4715 3155 4785 indigena
3197 4714 3522 4771 Latinorum

1940 4820 2124 4859 sermo
2173 4806 2383 4859 nullum
2435 4805 2695 4861 habuerit
2752 4806 3153 4861 nominativum
3198 4807 3253 4861 in
3299 4825 3360 4861 as
3394 4826 3523 4863 cum

1940 4897 2184 4965 genitivo
2240 4897 2603 4967 ἱσοσυλλάὄῳ.
2659 4896 3012 4969 Quapropter
3039 4898 3371 4969 antiquitus.
3406 4901 3527 4956 sive

1939 4990 2168 5046 Graecus
2202 4991 2478 5060 quispiam
2534 4991 2591 5045 in
2642 4988 2841 5045 Latina
2878 4991 3105 5046 civitate
3138 4992 3374 5058 viveret,
3405 4993 3525 5049 sive

1941 5080 2131 5136 Graeca
2154 5081 2362 5150 scripta
2394 5080 2447 5134 in
2483 5079 2743 5135 Latinum
2780 5089 3263 5146 converterentur,
3303 5083 3523 5151 ejusce-
3596 5074 3600 5079 ’

1941 5172 2090 5227 modi
2124 5174 2343 5227 nomina
2380 5187 2480 5243 per
2507 5189 2538 5225 α
2563 5173 2888 5243 plerumque
2913 5172 3161 5230 scribere
3194 5183 3248 5229 et
3276 5189 3523 5245 pronun-

1942 5267 2083 5320 tiare
2113 5265 2320 5336 placuit
2352 5262 2492 5337 ['79].
2526 5266 2704 5334 Atque
2740 5265 2843 5320 hoc
2868 5265 3090 5334 quidem
3122 5281 3189 5322 ex
3224 5266 3444 5337 ingenio
3467 5275 3523 5322 ct

1942 5356 2349 5413 consuetudine
2392 5357 2595 5426 lingua:
2625 5357 2937 5412 vernacula:
2974 5358 3044 5411 ab
3080 5358 3149 5413 iis
3187 5367 3274 5413 est
3303 5358 3523 5413 factita-

1941 5460 2077 5505 tum.
2110 5450 2321 5505 Comici
2362 5451 2530 5521 igitur
2574 5450 2628 5504 in
2664 5450 2873 5506 Graecis
2927 5451 3360 5522 interpretandis
3398 5469 3520 5507 eam

1940 5544 2209 5598 rationem
2281 5548 2615 5608 tenuerunt;
2677 5531 2932 5607 (Πριηνέα,

1943 5633 2161 5701 Plania,
2210 5632 2410 5701 Clinia,
2456 5633 2676 5697 Demea,
2721 5633 2997 5701 Pluedria,
3027 5633 3396 5703 proferentes.
3431 5638 3526 5693 Μ-

1942 5727 2143 5780 tt.it'tttn
2197 5725 2425 5781 auribus
2480 5726 2625 5795 vulgi
2685 5727 2789 5780 ista
2845 5724 3138 5779 dabantur.
3189 5723 3300 5780 Nec
3342 5735 3522 5789 tamen

1943 5819 2170 5874 deerant
2205 5819 2368 5872 etian
2418 5819 2642 5889 antiqua
2682 5817 2775 5872 illa
2828 5818 3094 5873 memoria
3138 5818 3310 5889 (pace
3349 5822 3521 5889 Quin-

3014 5542 3173 5598 Soaia
3188 5585 3202 5609 ,
3265 5543 3522 5614 Byrrhia,
3618 5580 3627 5587 ς
