3966 6446
498 346 604 409 ’175

1399 337 1495 399 DE
1548 338 1868 399 JOANNiS
1904 330 2227 397 MALALE
2259 328 2913 404 CHRONOGRAPHIA
3652 340 3710 404 ’Π

500 452 682 507 ttttani
713 448 992 520 dixerim),
1024 447 1119 518 qui
1153 444 1220 501 ad
1245 445 1562 501 Graecorum
1594 445 1904 515 exemplum
1938 443 2095 498 insti-
2126 463 2167 516 Α
2199 437 2417 508 Lysias,
2445 445 2500 493 et
2530 438 2575 493 si
2598 452 2704 508 qua
2741 438 2969 494 similia.
3008 433 3143 489 Nam
3172 434 3240 491 de
3274 434 3584 510 llerntagora
3609 446 3746 504 (λινε.

507 553 726 601 tuerent
761 541 907 612 loqui
952 558 967 593 :
1009 546 1274 610 quantum
1316 553 1382 593 ex
1424 551 1612 591 eorum
1665 536 1916 605 reliquiis
1948 548 2084 588 cou-

504 636 718 706 jectura
772 631 1037 702 consequi
1085 645 1330 701 possum.
1385 628 1544 699 Apud
1576 626 1810 682 Gellium
1866 626 1961 679 lib.
2005 640 2084 691 ιιι,

507 744 556 782 c.
596 728 646 791 7,
681 726 847 781 verba
896 734 1024 779 sunt
1066 722 1295 777 Catonis
1337 720 1625 784 Censoris,
1657 720 1780 789 qui,
1830 733 1893 773 ea
1946 727 2084 772 tem-

505 828 718 889 pestate
772 818 830 870 in
881 815 1016 885 Rep.
1072 813 1295 877 ﬂoruit,
1336 828 1442 883 qua
1485 812 1712 867 Plautus
1755 811 1811 865 in
1874 825 2083 866 scena:

504 906 767 960 Leonidas
805 904 1232 958 Lucedwmonius
1255 903 1544 968 laudatur;
1582 902 1779 956 Plauto
1812 909 1994 955 tamen
2031 902 2083 953 in

502 999 757 1053 Asinaria
793 1012 989 1053 servus
1023 997 1229 1051 dicitur
1259 993 1519 1049 Leonida.
1543 993 1813 1048 Claudius
1847 991 2086 1058 Quadri-

504 1092 693 1160 garius
724 1089 863 1158 apud
897 1087 1132 1143 Gellium
1168 1087 1207 1141 l.
1244 1103 1324 1150 ttt,
1362 1101 1411 1142 c.
1454 1089 1529 1141 8:
1569 1083 1651 1140 Ad
1683 1099 1779 1138 nos
1810 1083 1946 1138 venit
1983 1080 2083 1135 Ni—

499 1186 613 1236 cias
646 1180 937 1249 familiaris
971 1188 1115 1235 tuus.
1149 1178 1396 1232 Lucilius
1437 1175 1581 1246 apud
1624 1176 1894 1229 Donatum
1925 1191 1939 1228 :

571 1271 707 1325 Ante
732 1272 878 1341 fores
896 1280 1071 1324 autem
1108 1280 1158 1324 et
1194 1269 1405 1341 triclini‘
1422 1268 1607 1341 limina
1632 1267 1853 1341 quidam

570 1336 811 1395 Perdi'tu‘
840 1339 1042 1395 Tiresia
1071 1342 1208 1395 tussi
1236 1338 1543 1410 grandazvu’
1571 1336 1832 1409 gemebat.

500 1450 604 1507 Ubi
631 1450 919 1520 legendum
946 1457 1031 1506 est
1056 1448 1287 1503 Tiresias
1319 1465 1337 1503 :
1366 1449 1472 1504 nisi
1502 1449 1549 1505 si
1581 1448 1848 1521 syllabam
1885 1456 2081 1502 natura

499 1539 720 1594 brevem
744 1549 969 1608 prepter
985 1554 1252 1594 caesuram
1269 1540 1499 1609 produci
1518 1540 1824 1595 existimas.
1846 1540 2083 1594 Priscia-

500 1645 607 1683 nus
653 1631 748 1684 lib.
780 1647 829 1685 vt
861 1649 874 1684 :
908 1629 1013 1685 llic
1064 1630 1315 1698 Calchas,
1339 1631 1693 1698 Calchantis;
1722 1634 1960 1703 quamvis
1999 1635 2082 1687 hic

500 1719 751 1783 Cale/tas,
788 1722 947 1789 hujus
1001 1720 1247 1787 Cati-hae,
1317 1724 1675 1793 antiquissimi
1720 1723 2078 1777 declinabant.

2196 532 2372 594 ronis,
2400 545 2597 586 vereor
2636 546 2705 585 ne
2765 529 2966 584 vitioso
3001 528 3195 584 codice
3223 545 3356 585 usus
3389 529 3457 584 sit
3483 532 3746 597 Quintilis.

2192 639 2319 678 nus.
2348 620 2605 678 Profecto
2638 621 2787 676 enim
2837 634 3031 674 omnes
3073 620 3323 684 omnino,
3362 622 3455 689 qui
3490 639 3627 679 nunc
3664 644 3747 682 su-

2194 726 2445 787 persunt,
2476 730 2610 772 mss.
2638 722 2967 770 constanter
3004 714 3212 770 habent
3261 713 3637 787 Hermagoras-
3658 721 3749 777 Sed

2192 810 2394 865 tuelius
2448 817 2534 863 est
2584 823 2652 863 ex
2700 808 2835 877 ipsis
2897 806 3037 862 locis
3088 807 3524 875 experimentum
3575 811 3748 880 iudicii

2192 917 2412 972 capere,
2442 902 2586 955 libro
2631 901 2811 969 primo
2839 898 2918 953 De
2948 899 3242 953 inventione
3267 914 3286 953 :
3312 897 3484 961 Huius
3514 906 3750 959 constitit.

2192 993 2353 1046 tionis
2407 990 2769 1061 Hermagoras
2826 990 3068 1044 inventor
3119 1006 3231 1045 esse
3280 991 3610 1047 existimatur
3650 1012 3667 1049 :
3705 1010 3746 1051 e'

2193 1083 2394 1138 ibidem
2434 1101 2447 1137 :
2498 1080 2654 1148 Quod
2690 1082 2737 1135 si
2783 1096 3033 1151 magnam
3068 1082 3122 1134 in
3168 1081 3250 1134 his
3293 1079 3641 1153 Hermagoras
3668 1091 3751 1142 ha-

2193 1174 2391 1228 buisset
2436 1172 2771 1242 facultatem.
2817 1170 3047 1241 ilepone
3079 1171 3172 1226 hic
3205 1172 3509 1243 paulisper,
3546 1172 3751 1230 Herma-

2190 1283 2322 1337 gora
2354 1267 2614 1328 inventor,
2648 1272 2703 1319 et
2734 1264 3068 1336 Hermagora
3094 1266 3367 1323 habuisset
3389 1288 3411 1332 ,·
3447 1285 3553 1325 non
3599 1276 3750 1330 sentis

2191 1355 2464 1410 vocalium
2496 1369 2831 1409 concursum
2872 1364 3025 1412 vaste
3065 1356 3349 1411 hiantem?
3384 1356 3496 1429 Ego
3526 1375 3645 1415 vero
3674 1362 3751 1417 Ci-

2192 1460 2450 1500 ceronem
2499 1445 2573 1498 ita
2629 1445 2929 1515 scripsisse
2958 1462 3029 1502 ne
3079 1447 3186 1517 ipsi
3241 1448 3465 1518 quidem
3525 1449 3749 1508 Ciceroni

2190 1535 2481 1591 aliirmanti
2509 1536 2864 1591 crediderim.
2908 1536 3052 1602 Quid
3080 1536 3263 1594 dicam
3295 1537 3364 1594 de
3414 1542 3750 1611 scriptoribus

2190 1630 2291 1685 aevi
2348 1628 2676 1699 Augustini?
2722 1629 2853 1699 quid
2910 1629 2978 1684 de
3049 1630 3460 1701 insequentium
3524 1634 3752 1689 aetatum?

2191 1737 2388 1792 nempe
2436 1721 2629 1776 eadem
2676 1729 2792 1775 tum
2837 1722 3181 1776 consuetudo
3231 1708 3497 1789 invaluit,
3540 1732 3596 1778 ut
3625 1725 3672 1779 in
3698 1744 3750 1791 ας

503 1813 607 1867 Sed
638 1813 690 1865 iu
724 1813 808 1866 his
835 1814 970 1868 locis
992 1814 1225 1869 fortasse
1243 1813 1378 1870 tides
1398 1815 1802 1885 exemplarium
1824 1823 2080 1884 SIISpCCla
2115 1833 2153 1886 Β
2185 1812 2447 1866 caderent
2476 1809 2666 1866 Graeca
2702 1811 2947 1866 nomina.
2976 1810 3154 1882 Spero
3187 1812 3324 1866 mihi
3357 1811 3519 1868 fidem
3555 1816 3683 1884 apud
3709 1827 3750 1869 te

498 1916 621 1955 esse
644 1907 821 1971 possit
857 1922 869 1957 :
902 1904 958 1956 in
993 1903 1086 1957 illo
1116 1902 1277 1958 Plinii
1324 1904 1424 1959 lib.
1474 1920 1640 1970 xxxv,
1671 1920 1721 1961 c.
1762 1905 1850 1970 ill,
1897 1906 2080 1959 nullus

498 1996 665 2047 datur
699 1994 997 2063 suspicioai
1023 1995 1178 2050 locus
1208 2012 1223 2050 :
1251 1994 1412 2050 Decet
1438 2013 1541 2050 non
1574 1996 1724 2051 sileri
1751 2007 1801 2051 et
1832 1996 2080 2050 Ardentis

500 2084 678 2153 templi
705 2085 981 2154 pictorem,
1030 2088 1329 2156 prwsertint
1376 2088 1589 2142 civitate
1634 2087 1892 2142 donatum
1927 2088 1999 2140 ibi
2032 2095 2081 2140 et

498 2179 753 2243 carmine,
788 2177 929 2247 quod
960 2187 1039 2233 est
1064 2179 1117 2233 in
1154 2180 1267 2247 ipsa
1297 2180 1510 2247 pictura
1547 2178 1630 2232 his
1660 2178 1897 2234 uersibus
1929 2191 1948 2230 :

611 2293 795 2362 Dignis
817 2294 981 2363 digna
1012 2292 1129 2346 loca
1158 2293 1380 2358 picturis
1412 2292 1779 2363 condecoravit

602 2363 815 2431 Regina:
841 2362 1059 2432 lunoni‘
1085 2363 1330 2431 Supremi
1360 2363 1590 2432 conjugi‘
1620 2362 1871 2431 templum

608 2434 826 2486 Murcus
855 2431 1059 2486 Ludius
1093 2432 1279 2487 Elotas
1311 2431 1819 2499 rEtolia’oriundus,

502 2502 669 2570 Quem
692 2519 829 2556 nunc
845 2513 891 2557 et
906 2513 1023 2566 post
1039 2519 1241 2571 semper
1254 2504 1315 2555 ob
1335 2513 1503 2556 artem
1527 2504 1663 2557 hanc
1680 2503 1856 2557 Ardea
1874 2501 2081 2556 laudat.

502 2615 587 2669 Ea
615 2623 736 2669 sunt
782 2614 982 2682 scripta
1019 2614 1251 2683 antiquis
1284 2613 1474 2668 litteris
1505 2612 1735 2667 Latinis.
1783 2611 1971 2668 Elotas
2002 2618 2086 2667 est

503 2707 766 2771 Εἱλώτας,
799 2706 1051 2777 εἱλώτης.
1097 2705 1370 2762 Gruterus
1416 2706 1763 2778 Epigramma
1804 2707 1908 2759 hoc
1959 2719 2086 2775 pro-

504 2800 630 2862 fert,
652 2808 915 2867 tanquam
942 2813 971 2850 a
994 2797 1300 2854 Boissardo
1324 2799 1500 2853 visunt
1539 2798 1594 2851 in
1623 2797 1802 2852 hortis
1827 2796 1961 2851 Julii
1994 2794 2080 2860 lli,

500 2891 708 2947 Pontif.
737 2890 1010 2947 Romani:

569 2983 738 3054 Digne
777 2982 1126 3053 doctiloqueis
1170 2983 1449 3049 pictureis,
1491 2991 1545 3037 et
1584 2997 1707 3052 quae
1750 2993 2081 3052 sequuntur.

500 3075 631 3132 Sine
654 3077 818 3131 dubio
849 3074 1113 3131 falsarius
1138 3076 1341 3146 aliquis
1369 3076 1425 3130 in
1464 3075 1644 3145 lapide
1671 3076 2081 3131 inscribendum

2183 1919 2346 1971 esse;
2400 1919 2470 1957 ne
2526 1918 2756 1959 necesse
2809 1903 3041 1959 habeam
3109 1900 3481 1960 inllnita'hic
3536 1907 3748 1978 exempla

2183 2009 2534 2051 enumerare.
2591 1993 2754 2059 Quod
2794 2002 2980 2049 tamen
3028 2010 3155 2050 cum
3199 1998 3528 2068 exceptione
3571 1999 3748 2054 dictum

2186 2086 2388 2152 velim;
2418 2094 2499 2151 ut,
2538 2100 2860 2156 quanquam
2891 2086 3096 2141 eruditi
3146 2087 3405 2144 homines
3438 2105 3583 2155 eum,
3616 2106 3747 2160 quem

2184 2174 2338 2243 dixi,
2394 2192 2601 2232 morem
2664 2187 3050 2245 servaverunt,
3076 2181 3302 2235 nomina
3371 2189 3548 2236 tamen
3595 2197 3748 2238 servo-

2186 2281 2344 2330 rum,
2399 2273 2494 2318 aut
2548 2265 2902 2338 quicunque,
2960 2276 3024 2322 ut
3073 2269 3357 2340 principio
3392 2270 3531 2334 dixi,
3572 2272 3623 2325 itt
3666 2270 3747 2325 La»

2188 2356 2302 2409 tina
2334 2356 2563 2410 civitate
2583 2357 2790 2423 vixere,
2818 2353 2933 2430 [8i]
2953 2359 3196 2428 vulgaris
3228 2377 3391 2426 usus,
3429 2377 3595 2433 penes
3620 2378 3744 2433 quem

2181 2445 2276 2516 jus
2314 2457 2399 2503 est
2433 2446 2719 2517 loquendi,
2758 2448 3082 2521 plerumque
3125 2451 3509 2509 immutaverit
3537 2454 3603 2509 ad
3634 2437 3777 2507 Lati-'

2186 2552 2314 2590 nam
2370 2538 2857 2592 consuetudinem.
2912 2539 3042 2595 Inde
3096 2547 3184 2596 est
3242 2543 3396 2612 apud
3439 2544 3734 2604 Ciceronem.

2186 2625 2397 2681 Phania
2446 2626 2607 2697 Appii
2654 2627 2909 2683 libertus.
2964 2626 3194 2684 Frustra
3246 2633 3401 2686 enim
3442 2634 3740 2704 griccissaret

2186 2719 2485 2783 dominus,
2543 2735 2669 2774 cum
2732 2720 2799 2774 ab
2856 2720 3115 2777 omnibus
3176 2725 3469 2780 conservis
3520 2736 3572 2781 et
3629 2725 3742 2779 notis

2186 2813 2305 2866 sine
2348 2829 2377 2876 ς
2432 2812 2614 2867 littera
2644 2812 2857 2865 Phania
2900 2813 2948 2867 is
2982 2814 3307 2869 vocabatur.
3367 2814 3473 2871 Sed
3528 2834 3555 2872 a
3601 2815 3742 2871 Plinio

2188 2911 2525 2959 memoratur
2558 2903 2795 2958 Phanias
2841 2904 3089 2975 physicus
3120 2921 3138 2959 :
3167 2921 3367 2977 nempe
3400 2909 3446 2964 is
3486 2909 3539 2963 in
3569 2907 3741 2964 Graecia

2186 2996 2355 3050 vitam
2411 3004 2639 3068 egerat,
2695 2996 2911 3051 nullum
2943 2995 3213 3052 habuerat
3259 2996 3447 3054 Romae
3501 3000 3741 3056 dominum

2188 3094 2282 3139 aut
2315 3095 2632 3155 patronum.
2677 3084 2808 3140 Inde
2853 3084 2988 3139 illud
3038 3085 3278 3154 Horatii,
3315 3088 3511 3143 Credat
3557 3088 3743 3145 ludam

499 3179 814 3232 curaverat,
875 3184 906 3223 a
960 3168 1143 3223 Plinio
1202 3168 1255 3223 id
1302 3178 1605 3225 mutuatus.
1643 3168 1902 3224 Profecto
1947 3170 2085 3223 male
2112 3190 2154 3248 ο
2187 3176 2397 3246 Apella,
2432 3177 2486 3231 id
2523 3184 2629 3242 est,
2668 3177 2851 3247 quivis
2889 3175 3114 3232 Judaaus
3148 3194 3161 3232 :
3197 3186 3257 3232 ttt
3285 3180 3466 3235 locum
3497 3182 3743 3251 explanettt

501 3280 722 3333 operam
783 3262 916 3317 lusit
952 3263 1009 3316 in
1060 3278 1224 3318 versu
1280 3264 1459 3333 primo
1508 3262 1860 3332 corrigendo.
1902 3260 2084 3315 Editio

504 3354 708 3410 Veneta
736 3355 865 3408 anni
905 3359 1285 3410 ICCCCLxxxtIt
1341 3354 1508 3410 habet
1538 3352 1726 3425 Dignis
1750 3353 1911 3424 digna
1945 3353 2080 3409 loco.

500 3444 646 3514 Lego
682 3445 850 3515 igitur
883 3462 896 3499 :

608 3560 722 3634 i801

502 3652 781 3710 Lucilius:

833 3560 1016 3633 Digitis
1038 3556 1218 3633 dignu‘
1234 3563 1349 3617 loco
1370 3562 1597 3632 picturis
1615 3561 2008 3617 condecoravit.

825 3722 1040 3778 Samnis
1064 3740 1289 3794 spurcus
1327 3724 1482 3779 homo
1525 3727 1631 3779 vita
1656 3725 1755 3780 illa
1780 3724 1965 3867 digtlm’
1999 3726 2081 3778 lo-

1898 3810 2080 3864 coque.

1898 3810 2080 3864 coque.

504 3885 708 3956 Dignus
736 3886 848 3941 loco
875 3897 959 3942 est
984 3885 1106 3940 Τῶν
1125 3885 1308 3957 μέσων
1329 3901 1341 3915 ·
1371 3893 1428 3941 et
1454 3886 1509 3941 in
1539 3887 1736 3942 bonam
1766 3888 1849 3942 vel
1884 3889 2080 3941 malam

502 3986 713 4045 partem
744 3979 867 4049 capi
909 3986 1113 4048 potest.
1148 3978 1297 4033 Nihil
1327 3978 1514 4035 verius
1543 3982 1646 4034 hac
1672 3979 2079 4036 emendatione.

502 4067 558 4120 In
595 4067 785 4122 eadem
829 4078 914 4124 est
949 4069 1196 4124 editione
1224 4068 1729 4135 Etoliaoriundus,
1768 4072 1931 4142 longe
1959 4073 2083 4142 qni-

500 4160 624 4213 tlem
672 4161 893 4223 melius,
930 4177 1095 4231 quam
1137 4163 1283 4233 quod
1329 4163 1385 4217 in
1421 4162 1602 4219 indice
1653 4163 1921 4235 Scaligeri
1973 4173 2078 4230 est,

500 4247 707 4304 AEtiola
734 4251 1012 4306 oriundus.
1048 4249 1340 4310 Lucretius
1372 4253 1468 4309 lib.
1506 4270 1578 4309 tt:

574 4361 803 4432 Denique
825 4361 1020 4417 caelesti
1049 4380 1232 4420 sumus
1257 4380 1435 4422 omnes
1463 4369 1657 4423 semine
1686 4369 1900 4423 arundi.

501 4470 627 4526 Sive
682 4475 853 4528 mavis
899 4489 1025 4529 cum
1084 4475 1323 4546 vulgatis
1375 4478 1563 4544 libris,
1617 4481 1883 4536 oriundi:
1929 4492 2081 4539 certe

2186 3285 2380 3340 parum
2415 3269 2519 3325 hac
2540 3270 2807 3325 memoria
2846 3269 3215 3325 intellectum.
3254 3268 3431 3328 Judaei
3460 3272 3746 3328 habitabant

2184 3369 2338 3416 trans
2367 3358 2635 3424 Tiberim,
2684 3370 2742 3416 et
2790 3361 2966 3416 multo
3008 3362 3311 3418 maximam
3363 3375 3572 3436 partem
3614 3371 3745 3420 erant

2185 3452 2449 3516 libertini,
2493 3460 2553 3506 ut
2586 3450 2790 3506 fatetur
2831 3452 2990 3506 Philo
3027 3453 3081 3508 in
3126 3450 3432 3526 Legatione
3464 3457 3530 3512 ad
3559 3456 3741 3512 Caium.

2182 3544 2373 3614 Apella
2407 3551 2594 3599 autem
2657 3543 3043 3600 libertinorum
3079 3554 3163 3600 est
3208 3562 3414 3603 nomen
3437 3588 3453 3615 ,
3501 3548 3627 3606 satis
3659 3546 3746 3600 fre—

2182 3654 2358 3708 quens
2400 3640 2455 3694 in
2508 3637 2977 3709 inscriptionibus
3020 3642 3277 3697 vetustis.
3315 3644 3434 3700 Cic.
3472 3644 3627 3717 epist.
3671 3640 3746 3707 ‘23,

2185 3730 2282 3786 lib.
2338 3744 2409 3786 vtt
2450 3748 2464 3784 :
2515 3728 2597 3785 Ne
2638 3730 2845 3799 Apella:
2896 3732 3110 3803 quidem
3174 3734 3368 3791 liberto
3422 3745 3511 3792 tuo
3553 3735 3746 3789 dixeris.

2181 3821 2371 3891 Itaque
2394 3819 2588 3893 Credat
2616 3819 2845 3878 Judants
2867 3823 3072 3891 Apella,
3103 3828 3266 3894 quasi
3295 3836 3353 3882 tu
3380 3829 3553 3892 dicas,
3576 3822 3747 3884 Credat

2181 3913 2610 3983 superstitiosus
2642 3915 2845 3985 aliquis
2882 3915 3111 3973 Judaeus
3133 3916 3606 3978 Transtiberinus.
3639 3921 3747 3975 Inde

2183 4005 2319 4059 illud
2354 4005 2609 4071 alterum,
2651 4006 2937 4061 Obeundus
2968 4006 3192 4080 Marsya
3215 4026 3234 4064 :
3259 4028 3372 4083 quo
3415 4012 3572 4068 modo
3604 4016 3744 4068 etiam

2180 4097 2484 4167 loquuntur
2513 4096 2767 4162 Ovidius,
2791 4096 2982 4164 Silius,
3006 4099 3288 4158 Lucanus.
3327 4102 3539 4176 Marsya
3562 4105 3748 4162 scilicet

2182 4185 2236 4240 in
2266 4186 2387 4241 foro
2405 4186 2712 4242 collocatus
2738 4197 2791 4242 et
2814 4187 3055 4246 donatus
3076 4195 3479 4263 quasicivitate
3508 4196 3744 4259 Romana.

2181 4291 2292 4331 non
2337 4277 2514 4347 potuit
2555 4294 2663 4332 non
2709 4278 2765 4333 in
2809 4295 2905 4335 ore
2937 4283 3083 4352 vulgi
3137 4287 3387 4355 quotidie
3437 4291 3667 4353 versari;
3703 4297 3748 4341 et

2183 4377 2444 4438 praeterea
2471 4384 2537 4424 eo
2561 4371 2785 4425 nomine
2811 4372 3038 4429 fuerunt
3057 4380 3199 4431 servi
3232 4377 3500 4453 Phryges.
3521 4381 3574 4437 In
3595 4378 3745 4435 veteri

2184 4473 2489 4523 marmore,
2534 4477 2595 4516 tt.
2634 4478 2861 4520 necvms
2903 4479 2962 4521 tt.
3004 4483 3057 4522 ι..
3102 4484 3333 4525 usus“.
3370 4471 3530 4544 Vulgi
3583 4482 3744 4527 autem

500 4565 818 4636 ".isyuabon
862 4566 932 4620 είι
986 4528 1213 4621 necas;
1251 4575 1357 4622 en.
1389 4568 1480 4623 Sic
1512 4570 1677 4640 igitur
1703 4572 1936 4627 γριηειίε
1970 4574 2080 4628 mis
2114 4528 2156 4583 θ
2186 4553 2574 4606 auctoritatem
2618 4554 2857 4612 libenter
2892 4558 2982 4613 hic
3013 4563 3191 4616 secuti
3229 4573 3362 4618 sunt
3399 4577 3597 4636 poetae;
3636 4580 3743 4619 cum

499 4672 617 4709 mos
651 4667 791 4720 erat,
831 4667 888 4710 ut
928 4658 1204 4713 interdum
1241 4661 1463 4729 quidem
1499 4662 1553 4716 in
1585 4663 1695 4728 AS,
1730 4661 2079 4734 frequentius

497 4746 551 4800 iit
584 4747 627 4800 Α
660 4745 850 4800 (ἓνειεοθ
887 4751 1110 4803 nomina
1140 4751 1340 4805 vellent
1386 4754 1558 4808 exire.
1592 4752 1789 4809 Postea
1834 4772 1989 4819 vero,
2019 4768 2080 4812 ut

497 4843 572 4893 ait
639 4842 1046 4908 Quintilianus,
1108 4846 1422 4900 recentiores
1472 4848 1815 4903 instituerunt
1879 4849 2077 4907 Graecis

496 4932 790 4986 nominibus
821 4932 1033 4988 Grazcas
1056 4935 1435 4992 declinationes
1459 4942 1634 5007 potius
1661 4941 1811 5001 dare.
1837 4942 2078 5000 Proinde

496 5025 600 5079 hoc
631 5023 942 5080 institutum
977 5036 1274 5081 tenuerunt

497 5136 806 5203 Lucretius,
860 5138 925 5193 Id
952 5143 1090 5211 quod
1115 5141 1469 5215 Anaxagoras
1500 5148 1603 5203 sibi
1629 5153 1790 5204 sumit
1822 5167 1840 5206 .°

497 5248 669 5305 Varro
712 5252 786 5307 De
839 5251 906 5308 Β.
961 5253 1027 5309 Β.
1074 5255 1287 5327 antiqui
1339 5266 1521 5315 tamen
1575 5273 1633 5316 ttt
1687 5265 1778 5333 qui
1814 5268 2071 5333 maxime,

495 5355 705 5398 amator
729 5346 1003 5401 sermonis
1036 5366 1048 5401 :
1075 5348 1357 5420 Archytas,
1387 5350 1659 5422 Hegesias,
1685 5356 2071 5429 Athenagoras,

493 5433 767 5501 Etruscas,
802 5448 857 5492 et
906 5440 1053 5509 apud
1100 5440 1334 5497 Nonium
1368 5445 1422 5499 in
1462 5445 1750 5504 Scaturcx.
1785 5449 2071 5520 Ismenias,

496 5526 824 5599 Thebogenes
856 5528 978 5598 [luit
1020 5530 1284 5589 Scaturea:
1305 5573 1320 5599 ,
1354 5536 1473 5607 lege
1507 5537 1867 5611 Thebagenes,
1905 5544 2075 5617 θησα-

492 5620 677 5690 γενής.
714 5619 777 5673 Et
804 5622 1062 5678 similiter
1087 5625 1302 5689 Cicero,
1333 5630 1473 5698 apud
1497 5647 1658 5701 quem
1686 5637 1847 5705 vulgo
1874 5653 2073 5692 occur-

493 5718 625 5763 runt
665 5713 911 5777 Archias,
958 5713 1207 5785 Gorgias,
1260 5717 1504 5789 Phidias,
1553 5722 1765 5788 Cineas,
1819 5727 2068 5796 Prusias,

496 5803 782 5870 Arcesilas,
821 5803 1175 5877 Charmadas,
1214 5809 1437 5880 Critias,
1497 5813 1782 5886 Diagoras,
1822 5818 2066 5889 Hippias,

2184 4643 2492 4728 secundum
2554 4643 2803 4701 Graecam
2860 4654 3370 4719 pronuntiationem
3421 4656 3660 4728 Marsyas
3697 4656 3742 4709 itt

2180 4726 2503 4785 hexametro
2534 4746 2643 4785 non
2673 4743 2868 4791 staret.
2907 4737 2998 4793 Sic
3022 4739 3238 4798 Cassius
3264 4743 3481 4801 Clum-ea
3514 4726 3743 4801 tribunus

2179 4820 2379 4889 plebis,
2413 4822 2738 4881 notissimus
2777 4828 2847 4882 ob
2888 4828 3005 4884 Caii
3061 4832 3298 4888 Caesaris
3343 4837 3541 4893 caedent
3579 4856 3591 4891 :
3624 4837 3745 4889 alter

2179 4911 2323 4981 apud
2350 4911 2591 4967 Plinium
2626 4918 2955 4985 statuarius,
2979 4922 3071 4989 qui
3107 4939 3411 4995 nunquam,
3439 4927 3617 4994 credo,
3648 4925 3742 4978 Itao

2179 5006 2311 5059 liam
2376 5006 2633 5075 viderat;
2692 5018 2749 5065 et
2809 5014 2952 5082 apud
3000 5012 3303 5073 Varronem
3363 5022 3556 5076 tettius
3589 5020 3741 5073 Athe-

2180 5097 2413 5161 niensis,
2463 5099 2558 5167 qui
2616 5100 2687 5155 de
2733 5117 2791 5157 re
2829 5105 3037 5161 rustica
3085 5109 3342 5179 scripsit,
3379 5111 3634 5169 Cltwreas.
3680 5108 3741 5162 Ita

2179 5187 2403 5245 Persius
2437 5191 2786 5262 (priusquam
2822 5195 3371 5260 Cornttttts'Stoicus
3416 5221 3626 5260 versum
3654 5203 3741 5256 im-

2178 5289 2492 5336 mutaverat
2525 5295 2675 5339 metu
2708 5285 2996 5356 Neronis),
3020 5292 3307 5351 Auriculas
3337 5299 3477 5351 asini
3503 5295 3644 5351 Hida
3664 5306 3742 5347 rex

2177 5372 2371 5438 habet;
2415 5383 2471 5429 ct
2498 5376 2564 5430 ad
2598 5377 2652 5432 id
2682 5382 2989 5450 exemplum
3021 5382 3275 5443 Justinus
3315 5406 3328 5442 :
3365 5390 3565 5444 nullam
3598 5388 3740 5442 aliam

2176 5464 2247 5517 ob
2273 5478 2524 5533 causam,
2550 5479 2914 5541 prmterquam
2945 5475 3092 5544 quod
3132 5478 3185 5532 id
3224 5493 3422 5535 nomen
3450 5479 3739 5550 frequenter

2176 5554 2471 5625 mancipiis
2487 5566 2570 5613 est
2595 5558 2852 5625 inditum,
2876 5567 3184 5634 praesertim
3204 5584 3265 5623 ex
3288 5568 3523 5643 Phrygia
3539 5567 3738 5638 emptis.

2175 5646 2469 5705 Terentius
2514 5650 2850 5711 Phormione
2889 5677 2902 5712 :
2937 5658 3083 5716 Puer
3102 5663 3171 5717 ad
3205 5680 3285 5717 me
3322 5666 3546 5719 occurrit
3582 5661 3736 5718 Mida.

2175 5736 2347 5796 Vetus
2378 5742 2519 5811 lapis
2551 5745 2696 5814 apud
2725 5745 2993 5819 Sponium
3043 5770 3097 5824 p.
3131 5754 3271 5823 289,
3326 5771 3453 5813 sum
3478 5770 3737 5812 ουνιοωλ-

2173 5845 2316 5886 nats.
2353 5833 2575 5903 Nequeo
2606 5847 2788 5895 tamen
2822 5844 3143 5915 conjectura
3181 5850 3475 5920 augurari,
3521 5864 3615 5904 cur
3658 5841 3733 5914 qui
