3966 6450
245 435 347 501 777

1349 436 1717 498 EPISTULA
1750 437 1959 498 RICII.
1992 436 2398 497 BENTLEll.‘

3395 434 3502 497 ’ῖῖὲ

242 549 427 623 Nepoti
454 547 762 613 PerdiCcas,
813 546 1004 604 Curtio
1051 560 1104 605 et
1137 547 1355 605 Justino
1393 560 1447 606 et
1486 552 1812 622 quibusdam

1937 551 2114 622 lima;
2147 567 2177 604 ει
2214 550 2559 621 Μηνόδωρος.
2617 546 2682 600 D.
2724 546 2928 600 Lollius
2978 544 3155 600 Mena.
3204 547 3432 616 Μητρᾶς
3473 565 3502 600 a

240 645 360 701 aliis
390 641 644 698 Perdicca
670 643 1005 698 nominetur.
1035 641 1316 712 Siquidem
1344 644 1490 714 apud
1520 652 1814 713 utrumque

1937 641 2299 712 νίητρὸδωρος.
2331 640 2392 695 C.
2422 639 2670 711 Fyrmius
2707 639 2931 693 Metras.
2962 639 3178 702 Νικίας.
3206 636 3504 692 M.Annius

238 743 430 790 νειοῖο
462 734 651 787 omnia
687 733 876 789 Graeco
927 749 1077 790 more
1120 733 1499 804 proferuntur,
1530 738 1811 806 Amyntas,

1920 732 2103 787 Nicia.
2157 732 2374 787 Cluvius
2436 736 2500 787 A.
2551 732 2615 787 L.
2667 732 2850 789 Nicia.
2901 733 2964 786 A.
3019 733 3270 787 Plautius
3320 729 3501 784 Nicia.

196 856 214 871 ι
239 828 465 901 Bagoas,
498 824 763 893 Philotas,
800 826 1075 895 Ophellas,
1100 826 1301 892 Jollas,
1319 825 1581 897 Gobryas,
1604 830 1815 880 Alcetas

1937 826 2186 895 Ἲικήτοις.
2245 825 2376 880 Aur.
2436 824 2646 879 Nicetu.
2710 827 2939 895 ’θνησᾶς
2995 827 3064 879 ali
3123 824 3501 895 Ὀνησίφνιρος.

243 912 425 977 frater-
460 919 759 975 Perdiccas.
820 917 935 991 [8‘2]
990 917 1189 974 Nullus
1246 919 1470 973 memini
1525 917 1818 973 Perdiccas

241 1017 376 1071 inter
393 1013 656 1069 Italorum
682 1026 872 1067 servos
899 1019 993 1065 aut
1024 1011 1285 1067 libertos:
1308 1026 1486 1081 neque
1516 1012 1816 1081 quidquam

241 1107 381 1163 aliud
427 1121 610 1161 causzc
663 1105 911 1159 invenire
968 1119 1217 1174 possum.
1268 1103 1410 1158 Nam
1453 1087 1819 1174 cognomenta

241 1184 641 1258 Libertinorum
675 1200 760 1267 (ea
794 1197 930 1266 ipsis
970 1196 1192 1250 nomina
1220 1194 1465 1258 fuerunt,
1498 1195 1819 1265 priusquam

242 1307 397 1348 manu
426 1276 831 1357 mitterentur),
862 1288 906 1345 si
934 1282 1119 1369 Crines
1150 1286 1202 1340 in
1232 1291 1317 1353 Ας
1343 1286 1635 1351 caderent,
1670 1284 1820 1338 Lati-

245 1401 361 1442 nam
419 1383 871 1439 terminationem
944 1382 1274 1451 plerumque
1348 1386 1636 1450 ceperunt.
1701 1377 1821 1433 Non

246 1483 415 1531 tamen
453 1486 856 1542 usquequaque
892 1469 1240 1525 increbuisse
1285 1485 1403 1525 eam
1459 1468 1824 1525 consuetudi-

247 1582 360 1624 nem
390 1580 460 1622 ex
489 1565 738 1634 antiquis
774 1562 1237 1631 inscriptionibus
1265 1562 1655 1615 animadverti.
1688 1560 1823 1613 Nam

249 1676 365 1717 ecce
402 1660 497 1715 tibi
537 1660 653 1712 haec
684 1658 911 1712 nomina
948 1670 1012 1709 ex
1052 1655 1312 1721 Grutero,
1368 1654 1647 1717 Reinesio,
1681 1652 1825 1723 Spo-

253 1755 353 1809 nio.
379 1751 649 1823 Ἀχιλλᾶς.
702 1748 781 1803 Μ.
829 1748 1108 1803 Cornelius
1166 1748 1431 1802 Achillas.
1480 1745 1540 1801 ι..
1596 1746 1822 1800 Pontius

252 1844 472 1901 Achilas.
528 1842 791 1909 Ἀλεξᾶς,
865 1841 1288 1911 ὑποκοριστικὸν
1343 1841 1413 1894 ab
1450 1838 1821 1907 Ἀλέξανδρος.

1922 916 1987 981 Q.
2019 917 2197 970 Virius
2229 916 2452 972 Onesas.
2484 917 2721 980 Παπίας.
2757 915 2817 969 C.
2845 914 3084 969 Marcius
3116 915 3178 969 C.
3210 913 3275 968 F.
3311 912 3503 982 Papia.

1922 1008 2201 1063 Munatius
2232 1007 2383 1076 Papa
2434 1008 2927 1079 (an‘depravatam
2960 1008 3082 1061 loco
3124 1006 3319 1074 Papia,
3363 1020 3429 1058 an
3477 1019 3505 1056 a

1922 1100 2174 1170 Πάπας).
2223 1099 2300 1158 Μ.
2339 1101 2545 1154 Plutius
2574 1100 2649 1155 Μ.
2688 1100 2748 1153 L.
2782 1099 2973 1169 Papia.
3015 1082 3371 1155 CJPurellius
3404 1096 3505 1150 Pa-

1922 1194 2031 1261 pia.
2070 1191 2131 1248 L.
2183 1192 2426 1247 Valerius
2464 1191 2655 1261 Papia.
2686 1193 2950 1255 Φιλώτας.
2986 1193 3048 1245 A.
3080 1192 3281 1244 Annius
3323 1189 3506 1242 Philo—

1926 1294 2030 1339 tas.
2060 1285 2224 1347 Φιλᾶς
2255 1300 2282 1336 a
2320 1283 2642 1353 Φιλόδημος.
2686 1281 2762 1335 Μ.
2811 1282 3048 1346 Hirrius,
3082 1280 3260 1335 Phila.
3286 1278 3507 1339 Φιλέας.

1925 1376 1988 1431 L.
2016 1376 2225 1446 Magius
2248 1375 2486 1430 Phileas.
2517 1375 2737 1437 Φανίας.
2776 1373 2984 1427 Phania
3019 1374 3159 1441 apud
3192 1371 3508 1425 Terentium

1924 1469 2315 1523 ctCiceronem
2340 1485 2353 1521 :
2377 1466 2464 1522 Fl.
2486 1465 2837 1521 l’hancasJL
2863 1463 3146 1519 TilliusM.
3165 1463 3226 1517 L.
3252 1463 3508 1516 I’ltanias.

1924 1563 2132 1624 Θευδᾶς
2163 1563 2243 1616 vel
2270 1561 2470 1626 Θεοδᾶς
2499 1577 2527 1615 a
2555 1561 2853 1630 Θεόδωρος.
2886 1561 2949 1611 Α.
2985 1558 3261 1612 Fwsanius
3301 1557 3510 1610 Thuda.

1927 1650 1999 1719 ρ.
2051 1653 2299 1708 Veianius
2359 1653 2561 1707 Tcuda.
2596 1653 2835 1715 Θεωνᾶς.
2894 1640 3246 1706 Alexandria!
3294 1652 3515 1719 episco-

1925 1762 2071 1816 pus,
2135 1746 2379 1800 Theonas
2443 1745 2586 1815 apud
2654 1746 2712 1800 S.
2778 1744 3002 1798 Hieron.
3070 1743 3250 1797 Livius
3306 1742 3514 1796 Theona

1929 1840 2061 1910 Aug.
2083 1838 2144 1894 L.
2171 1848 2224 1893 et
2248 1839 2426 1893 Livius
2462 1838 2674 1893 Thoona
2698 1837 2761 1891 ab
2795 1837 3054 1907 Epistulis
3086 1834 3255 1891 erc.
3282 1835 3510 1897 Ζάΰδας.

255 1935 317 2003 ρ,
344 1935 673 1990 Hortensius.
720 1931 786 1999 Ω.
822 1930 884 1984 L.
922 1930 1112 1985 Alexa.
1152 1927 1453 1984 Suarettius
1488 1927 1677 1982 Alcxa.
1708 1927 1827 1979 Ἀν-
1861 1926 1900 1979 Β
1931 1929 2202 1985 llierosol.
2241 1930 2562 2000 episcopus,
2605 1927 2818 1981 Zabtlas
2857 1927 2915 1982 S.
2944 1927 3172 1981 Hieron.
3225 1937 3276 1980 et
3315 1924 3514 1979 Zabdu:

253 2025 425 2097 δρὲας.
469 2020 534 2080 C.
581 2019 864 2088 Quinctius
920 2017 1153 2073 Andrea.
1197 2017 1467 2080 Ἀπελλᾶς
1521 2015 1824 2087 (Ἀπολλᾶς

258 2116 391 2187 apud
446 2111 810 2179 Athenaeum)
874 2111 943 2165 ab
1032 2109 1455 2179 Ἀπολλόδωρος.
1523 2104 1586 2163 Τ.
1656 2106 1822 2159 Clau-

263 2206 374 2259 dius
405 2203 924 2272 ΑρεΗα.Ἀρποκρᾶς
976 2201 1044 2254 ab
1082 2200 1465 2270 Ἀρποκράτης
1517 2199 1599 2251 vel
1628 2197 1825 2268 Ἀρπο-

267 2292 509 2363 κρατξων.
541 2290 613 2342 Μ.
645 2288 850 2343 Lollius
891 2288 1208 2357 Arphocras.
1249 2287 1310 2342 C.
1344 2288 1642 2341 Herennius
1686 2290 1826 2339 Har-

267 2399 433 2453 pocra.
458 2381 724 2452 Ἀρτεμᾶς
765 2381 833 2434 ab
859 2378 1281 2450 Ἀρτεμίδωρος.
1330 2378 1391 2433 C.
1440 2376 1691 2431 chilius
1732 2376 1828 2428 Ar—

206 2466 211 2471 ’
266 2486 430 2529 (emas.
461 2472 686 2528 Cecilius
735 2471 930 2526 Dexter
952 2481 1000 2525 et
1029 2471 1265 2525 Artimas
1320 2470 1537 2540 fratres.
1733 2464 1823 2520 Fl.

260 2568 480 2621 Artema.
501 2566 564 2620 L.
607 2564 867 2620 Laberius
890 2565 1151 2618 Artentas.
1180 2562 1576 2633 Ἀθηναγόρας.
1618 2560 1827 2614 Vircius

258 2660 627 2730 Athenagoras.
665 2657 936 2721 Κλεόπας,
967 2658 1024 2711 in
1072 2655 1210 2711 Nov.
1258 2657 1410 2711 Test.
1451 2656 1534 2709 vel
1590 2653 1828 2709 fortasse

260 2754 492 2816 Κλεοπᾶς
511 2767 540 2807 a
565 2751 817 2806 Κλεόπας
827 2767 941 2821 ρος,
970 2752 1053 2805 vel
1082 2748 1402 2818 Κλεόφελος.
1433 2747 1517 2801 Ti.
1542 2745 1827 2816 Cleuphas.

260 2843 493 2909 Κλεινίας
524 2843 612 2898 vel
641 2842 889 2905 Κλινίας.
935 2841 1071 2896 Juli.
1125 2840 1353 2895 Clinias.
1384 2840 1449 2904 ρ.
1484 2839 1669 2909 Pomp.
1717 2840 1830 2896 Cli-

257 2940 389 2991 nias.
426 2934 690 3005 Κτησίας.
737 2932 816 2988 Μ.
850 2933 983 2986 Aur.
1036 2933 1263 2989 Ctesias.
1322 2930 1413 2986 Sic
1455 2930 1631 2985 Dama
1681 2931 1826 3000 apud

257 3024 513 3089 Persium,
552 3025 598 3080 si
628 3023 877 3079 Graecum
922 3031 1006 3078 est
1045 3038 1074 3076 a
1104 3024 1293 3093 Δαμᾶς
1325 3022 1411 3077 vel
1444 3022 1635 3091 Δημᾶς
1681 3018 1826 3089 quod

258 3129 337 3173 est
396 3118 783 3172 diminutivum
847 3131 878 3171 a
931 3116 1269 3186 Δημήτριος.
1326 3113 1545 3168 Mettius
1598 3113 1823 3167 Damus.

273 3211 537 3278 Ἐπαφρᾶς
589 3211 662 3265 ab
715 3209 1126 3280 Ἐπαφρόδιτος.
1168 3207 1233 3262 C.
1273 3208 1501 3262 Asillius
1555 3206 1823 3276 Epapltra.

258 3301 329 3357 Μ.
354 3303 629 3359 Cornelius
673 3302 942 3373 Epaphra.
976 3300 1036 3357 C.
1066 3299 1284 3356 Curtius
1326 3300 1602 3371 Epaphra.
1636 3300 1696 3355 C.
1729 3298 1830 3352 Ju-

256 3396 349 3449 lius
380 3394 658 3465 Epaphra.
686 3393 751 3450 P.
776 3393 827 3447 Ν
832 3396 983 3449 cuius
1012 3393 1284 3462 Epaphra.
1314 3391 1376 3448 C.
1408 3391 1664 3446 Pricilius
1701 3390 1835 3459 Epa-

242 3486 395 3553 phra.
450 3484 510 3539 S.
575 3482 885 3554 Propertius
924 3482 1198 3551 Epaphra.
1244 3480 1305 3536 C.
1360 3479 1600 3535 νεῖαι-τις.
1653 3480 1715 3535 C.
1766 3479 1829 3536 L.

251 3577 514 3648 Epaphra.
556 3577 622 3631 Et
651 3592 681 3633 e
707 3576 949 3641 diverso,
999 3573 1277 3643 Epaphras
1321 3585 1647 3641 postremum
1694 3589 1835 3641 pra:-

247 3672 376 3725 stitit
425 3671 676 3740 oﬂ'icium.
735 3668 1033 3731 Γλαυκίας.
1106 3665 1358 3721 Glaucias
1411 3665 1530 3721 Lib.
1579 3666 1832 3736 Γοργίας.

249 3760 468 3832 Gorgias
502 3761 626 3817 Lib.
659 3759 723 3815 L.
754 3760 1014 3813 Abuccius
1041 3757 1257 3829 Gorgia.
1298 3758 1473 3830 Spon.
1497 3757 1623 3813 288.
1666 3759 1836 3829 Ἦρᾶς

241 3857 311 3910 ab
347 3854 677 3923 Ἡρόδωρος.
739 3850 803 3905 L.
864 3850 1128 3905 Abuccius
1182 3850 1346 3904 Hera.
1413 3847 1490 3902 Μ.
1551 3848 1835 3904 Petronius

247 3945 435 4002 Heras.
471 3945 536 3999 P.
566 3943 837 4012 Sulpicius
878 3943 1038 3996 Hera.
1070 3943 1135 3996 P.
1177 3940 1424 3997 Valerius
1466 3947 1631 3997 Hora.
1672 3944 1838 4015 Ἦρα-

243 4041 378 4103 κλᾶς
405 4040 475 4093 ab
503 4035 956 4106 Ἡρακλεόδωρος
987 4036 1158 4090 Clem.
1191 4035 1452 4091 Stromat.
1486 4052 1535 4089 v.
1568 4035 1628 4090 L.
1655 4036 1837 4090 Ᾰῖιηὶο

245 4134 343 4187 lius
383 4128 644 4185 lleracla.
680 4126 743 4183 C.
788 4127 995 4181 Annius
1026 4127 1275 4181 Heracla.
1320 4128 1379 4183 C.
1421 4127 1691 4182 Camelius
1726 4129 1835 4181 lle-

208 4283 214 4290 _
246 4227 409 4280 raela.
541 4220 764 4278 Clodius
813 4218 1069 4274 Ileracla.
1122 4218 1184 4272 L.
1214 4218 1533 4289 Corniﬁcius
1580 4219 1832 4274 [lerat-la.

244 4318 309 4384 ρ.
342 4314 631 4372 Cornelius
666 4311 918 4364 Heracla.
954 4309 1013 4365 L.
1042 4309 1320 4379 Creperius
1355 4311 1609 4366 Hcracla.
1652 4311 1709 4364 L.
1750 4310 1836 4364 Li-

243 4411 415 4462 cinius
450 4405 717 4461 lleracla.
751 4401 817 4457 F.
851 4402 1124 4474 Longinus
1162 4403 1417 4457 Heracla.
1453 4401 1515 4457 C.
1554 4403 1835 4457 Stiminius

241 4498 490 4555 Heracla.
528 4497 600 4563 ρ.
646 4495 911 4549 Petinius.
963 4493 1028 4559 ρ.
1076 4491 1139 4548 L.
1186 4492 1468 4548 Heraclas.
1511 4495 1720 4564 Ἑρμᾶς
1767 4496 1837 4548 ab

1929 2021 1985 2076 in
2020 2031 2380 2075 monumento
2429 2022 2491 2075 L.
2518 2019 2723 2075 Valerii
2763 2037 2776 2073 :
2812 2020 3060 2088 Saufeius
3098 2019 3301 2073 Subda.
3335 2020 3515 2087 Ζηνᾶς

1929 2128 1957 2167 a
1994 2113 2328 2183 Ζηνόδωρος.
2366 2111 2430 2166 L.
2468 2110 2793 2180 Calpurnius
2840 2110 3006 2166 Zena.
3063 2112 3356 2165 Enimvero
3400 2111 3514 2177 jam

1930 2205 2242 2276 percontari
2272 2219 2369 2260 eos
2405 2205 2604 2269 velim,
2661 2204 2754 2274 qui
2805 2205 2921 2257 sine
2973 2204 3033 2257 S.
3087 2204 3266 2257 littera
3314 2200 3517 2257 Malela

1930 2295 2317 2364 prommtiant.
2351 2309 2461 2362 quo
2486 2301 2710 2347 auctore
2742 2291 3043 2346 didicerint
3076 2284 3343 2345 lcannem
3371 2292 3518 2345 hunc
3604 2324 3607 2325 ν

1930 2379 2364 2435 Antiochensem
2401 2382 2682 2450 captivum
2721 2381 2772 2435 in
2814 2380 3026 2434 Italiam
3068 2382 3369 2436 abductum
3400 2397 3521 2437 ser-

1930 2470 2161 2525 vitutem
2187 2471 2263 2526 ibi
2295 2471 2592 2537 serviisse;
2627 2471 2844 2525 tandem
2875 2479 3093 2536 autem,
3127 2480 3319 2540 postea
3354 2489 3518 2542 quam

1930 2563 2240 2618 libertatem
2291 2571 2597 2633 receperat,
2630 2564 2699 2618 ad
2746 2563 3035 2619 historiam
3083 2565 3436 2619 scribendam
3462 2580 3525 2621 se

1931 2652 2272 2709 contulisse?
2319 2652 2415 2707 Sin
2453 2662 2670 2719 autem;
2706 2668 2808 2708 cur
2837 2654 3088 2720 obsecro,
3126 2669 3250 2709 eum
3281 2654 3520 2711 Evandri

1932 2753 2110 2800 matre
2141 2753 2195 2801 et
2235 2747 2416 2802 eascis
2469 2745 2578 2801 illis
2621 2746 2813 2823 allium
2844 2746 3231 2813 obolentibus,
3274 2758 3366 2803 aut
3393 2765 3520 2805 cum

1932 2838 2064 2894 faece
2106 2838 2323 2894 Romuli
2368 2840 2519 2909 loqui
2570 2839 2816 2905 malunt;
2869 2854 3029 2909 quam
3069 2856 3195 2896 eum
3229 2842 3520 2909 Cicerone,

1930 2940 1985 2985 et
2017 2932 2177 2986 bonis
2217 2933 2537 2988 auctoribus
2569 2932 2940 2989 Latinitatis?
2978 2932 3109 2988 Mihi
3152 2935 3370 3005 quidem
3411 2952 3521 2991 non

1933 3021 2092 3091 longa
2121 3022 2584 3084 deliberatioest,
2609 3033 2765 3079 utros
2793 3024 3002 3079 imitari
3039 3026 3222 3081 velim.
3261 3026 3368 3080 Sed
3406 3027 3523 3083 hanc

1935 3114 2162 3167 nimium
2199 3112 2432 3171 fortasse
2470 3116 2719 3172 studiose
2755 3124 2920 3186 atque
2969 3119 3132 3171 anxie
3178 3136 3190 3170 :
3233 3119 3342 3173 nisi
3377 3121 3522 3189 quod

1937 3204 2163 3258 omnino
2193 3204 2640 3275 respondendum
2674 3205 2779 3260 luit
2811 3207 2901 3270 iis,
2937 3222 2965 3260 a
2994 3207 3205 3277 quibus
3234 3225 3357 3262 sum
3394 3225 3524 3276 pro-

1937 3304 2188 3350 vocatus.
2240 3295 2529 3367 Siquidem
2588 3295 2869 3353 Gerardus
2906 3295 3282 3368 Vossius,qui
3334 3302 3527 3356 nescio

1937 3404 2006 3444 an
2049 3388 2118 3443 ab
2174 3390 2471 3460 interprete
2513 3389 2836 3445 Damasceni
2888 3390 2944 3444 in
3001 3406 3247 3445 errorem
3292 3393 3410 3463 ipse
3444 3394 3529 3447 in-

1937 3482 2135 3536 ductus
2166 3480 2236 3534 sit
2261 3521 2274 3543 ,
2328 3491 2480 3534 certe
2515 3481 2638 3536 aliis
2672 3480 2925 3549 exemplo
2970 3495 3070 3535 suo
3103 3488 3157 3533 et
3202 3482 3529 3538 auctoritate

1937 3574 2082 3628 viam
2120 3572 2187 3627 ad
2225 3573 2562 3626 errationem
2614 3571 2873 3633 munivit,
2929 3586 3038 3624 non
3094 3580 3247 3624 certo
3287 3572 3527 3641 judicio,

1941 3663 2035 3719 sed
2071 3662 2481 3719 inconsiderate
2512 3672 2821 3732 praeterque
2844 3677 3055 3717 morem
3082 3662 3301 3718 videtur
3325 3666 3524 3736 egisse.

1939 3755 2150 3826 Quippe
2177 3756 2271 3826 qui
2302 3770 2584 3824 nunquam
2616 3754 2751 3809 alios
2773 3753 2887 3826 [8'3]
2917 3756 3175 3821 altjeccrit
3202 3755 3277 3811 S:
3315 3775 3383 3813 ne
3411 3767 3528 3813 tum

1940 3852 2165 3921 quidem
2198 3865 2321 3904 cum
2361 3856 2623 3902 auctores
2653 3847 2905 3912 haberet,
2932 3862 3071 3914 quos
3106 3848 3209 3902 etsi
3245 3846 3527 3919 perverse,

1942 3943 2135 3997 saltem
2170 3940 2522 4009 aliquatenus
2549 3937 2885 3992 imitaretur.
2914 3938 3066 4009 Apud
3092 3955 3252 4009 quem
3283 3940 3529 3998 Chaereas

1940 4043 2165 4087 vocatur
2196 4031 2508 4087 llistoricus
2529 4039 2583 4085 et
2616 4031 2848 4095 Clinias,
2868 4029 3119 4101 Marsyas
3141 4033 3531 4091 Macedonica-

1942 4143 2062 4181 rum
2099 4142 2282 4180 rerum
2333 4124 2574 4194 scriptor
2602 4131 2657 4178 et
2696 4122 3084 4194 ltelplticarum
3128 4126 3342 4195 Apollas
3375 4145 3393 4181 :
3429 4144 3531 4184 uec

1942 4226 2120 4272 tamen
2150 4214 2368 4271 Chaerea
2408 4227 2461 4270 et
2492 4213 2668 4268 Clinia
2696 4216 2751 4269 in
2784 4216 3093 4283 Commdia,
3121 4234 3298 4287 neque
3324 4218 3531 4275 Horatii

1942 4308 2163 4378 Marsya
2214 4316 2268 4363 ct
2313 4305 2502 4376 Apella
2558 4306 2970 4362 tenacissimum
3021 4309 3143 4378 ejus
3208 4313 3530 4367 memoriam

1941 4404 2130 4471 fugere
2164 4408 2482 4471 potuerunt.

2010 4492 2253 4548 Tantum
2280 4489 2445 4560 ;quod
2490 4492 2607 4545 haec
2659 4491 3022 4560 scripseram,
3055 4491 3189 4546 Milli
3234 4493 3532 4561 jucundis-

253 4592 625 4665 Ἑρμόδωρος.
688 4587 887 4641 Henna
948 4584 1396 4639 nccommodator.
1445 4583 1509 4637 L.
1575 4582 1833 4640 {Emilius
1869 4599 1914 4654 Ῑ)
1943 4588 2129 4643 sime:
2174 4600 2298 4641 cum
2330 4598 2467 4639 ecce
2501 4583 2640 4637 mihi
2700 4599 2965 4643 novares
3015 4594 3181 4655 atque
3233 4589 3534 4658 improvisa

245 4687 501 4744 Hermas.
567 4682 635 4737 P.
692 4681 896 4735 Annius
948 4678 1163 4733 "arma.
1219 4678 1279 4732 C.
1337 4675 1556 4732 Cassius
1617 4676 1837 4731 "eruta.

241 4780 525 4838 Cornelius
566 4776 769 4830 Hcrnia
810 4774 1034 4845 (vitiose
1068 4788 1168 4842 pro
1229 4761 1471 4841 Ilernta).
1509 4770 1588 4825 Μ.
1639 4756 1838 4827 Junius

243 4872 451 4927 Hernia
500 4870 650 4939 (lege
687 4862 1033 4932 Hernia).'Q.
1074 4861 1278 4916 Lollius
1320 4866 1541 4917 Herma.
1582 4862 1657 4918 Μ.
1695 4862 1836 4933 Mog.

243 4961 467 5016 Herma.
533 4956 785 5012 Octavius
866 4949 1085 5006 Iicrmu.
1149 4951 1223 5006 Cx
1268 4954 1549 5018 Quinctius
1614 4951 1836 5011 Ilernta.

247 5056 310 5110 P.
343 5054 562 5111 Statius
599 5048 826 5103 Henna.
850 5046 917 5100 P.
950 5045 1254 5099 Turannius
1286 5045 1508 5099 Henna.
1555 5047 1620 5110 Q.
1662 5046 1840 5101 Vibius

241 5150 465 5204 Henna.
493 5142 575 5198 Μ.
602 5131 790 5211 Ulpius
811 5138 948 5210 Aug.
974 5138 1089 5192 Lib.
1112 5138 1330 5193 Herma.
1358 5137 1471 5212 [85]
1492 5138 1841 5213 Ἑρμαγόρας

242 5237 306 5292 L.
332 5236 588 5291 Marcius.
628 5230 690 5284 L.
735 5228 800 5283 F.
838 5234 1215 5298 Hermagoras.
1258 5227 1539 5298 Ἑρμείας.
1596 5231 1840 5285 Aurelius

245 5326 502 5384 Hermias
540 5323 677 5393 Aug.
712 5321 827 5378 Lib.
864 5319 928 5374 T.
971 5320 1156 5373 Didius
1196 5319 1466 5374 Hermias.
1504 5319 1583 5374 Μ.
1624 5321 1840 5376 Helvius
1873 5358 1880 5364 -

246 5417 526 5474 Hermias.
559 5413 620 5468 C.
652 5411 834 5467 Julius
874 5408 1112 5463 Hermia.
1166 5407 1295 5464 Sex.
1361 5408 1666 5477 Pompeius.
1715 5409 1839 5465 Sex.

246 5512 491 5567 Hermia.
536 5507 710 5577 Spun.
769 5505 912 5567 2‘21,
967 5503 1070 5571 leg.
1120 5501 1243 5559 Sex.
1302 5501 1365 5557 L.
1422 5501 1553 5557 Her.
1606 5480 1845 5566 Λεοε)τᾶς

247 5602 490 5657 fortasse
520 5593 945 5668 ὑποκοριστικὸν
976 5606 1005 5645 a
1026 5592 1310 5658 -Λεόντιος,
1355 5591 1414 5645 L.
1448 5592 1636 5647 Arcius
1676 5591 1844 5646 Leon-

249 5703 354 5749 tas.
380 5692 446 5753 Ο.
476 5688 663 5745 Julius
690 5686 941 5742 Leontas.
975 5683 1051 5738 Μ.
1087 5686 1403 5739 Herennius.
1434 5684 1513 5738 Μ.
1536 5683 1597 5739 L.
1618 5674 1842 5739 Leonta.

249 5787 493 5847 Λεωνὶς.
533 5782 917 5836 Artemidorus
953 5794 1005 5848 p.
1053 5778 1179 5832 249.
1222 5777 1444 5845 Asturii;
1478 5779 1505 5829 ὁ
1541 5779 1713 5848 Σύρος
1745 5797 1848 5831 πα-

248 5879 501 5950 λαιστής.
545 5874 750 5927 Fabius
783 5872 1009 5927 Leonas.
1041 5872 1105 5928 C.
1141 5873 1364 5943 Oppius.
1402 5870 1473 5929 'C.
1523 5872 1585 5928 L.
1619 5873 1841 5929 Leonas.

600 5969 867 6030 PATROL.
908 5968 1021 6030 Gn.
1068 5967 1303 6031 XCVII.

1945 4682 2252 4746 nuntiatur,
2287 4695 2410 4750 qua:
2439 4679 2505 4733 de
2532 4678 2824 4732 sententiae
2853 4694 2943 4734 me
2978 4696 3113 4734 mete
3144 4688 3292 4735 statu
3332 4698 3534 4753 prope-

1944 4774 2167 4831 modum
2221 4772 2444 4843 dejecit.
2492 4769 2794 4836 Enimvero,
2815 4771 2956 4841 quod
2997 4773 3048 4823 iu
3071 4775 3343 4840 superiore
3365 4791 3535 4829 causa

1942 4866 2215 4935 probanda
2256 4875 2524 4935 tantopere
2577 4863 2912 4930 destillarem,
2953 4863 3087 4918 nihil
3125 4866 3321 4936 fuisse;
3355 4884 3535 4937 meque

1946 4961 2000 5013 in
2042 4977 2104 5012 ea
2157 4958 2541 5026 disceptatione
2587 4972 2806 5024 prorsus
2856 4958 3072 5010 ἄσκοπα
3134 4959 3531 5023 τετοξευκέναι.

1949 5048 2093 5106 Nam
2133 5054 2270 5118 apud
2318 5051 2728 5107 Constantinum
2756 5060 2805 5103 et
2838 5049 3229 5105 Damascenum
3287 5050 3380 5105 τοῦ
3416 5054 3535 5106 Mat-

1944 5142 2073 5195 λέλα
2097 5159 2248 5212 posse
2278 5158 2463 5195 nomen
2498 5140 2870 5194 indeclinabile
2893 5158 3006 5194 esse
3029 5155 3046 5191 :
3069 5157 3231 5210 neque
3255 5142 3535 5195 abhorrere

1948 5235 2012 5287 ab
2044 5251 2143 5289 usu
2190 5232 2532 5293 Graecorum,
2576 5244 2631 5285 ut
2672 5234 2886 5285 nomina
2937 5232 3169 5286 barbara
3204 5234 3315 5287 sine
3362 5236 3539 5286 υίινίη-

1950 5328 2089 5380 tione
2119 5341 2339 5379 casuum
2364 5327 2727 5395 proferantur,
2764 5322 2859 5376 τοῦ
2893 5323 3166 5392 Ἀιιμοῦν,
3194 5325 3283 5376 τὸν
3318 5323 3532 5385 Ἀνοὺϐ,

1947 5416 2024 5486 τῷ
2057 5417 2321 5485 Ἀσκοὺμ,
2378 5416 2471 5468 τοῦ
2529 5416 2696 5485 Βλὰχ,
2731 5415 2825 5467 τοῦ
2859 5415 3098 5485 "Aluus,
3130 5425 3264 5481 etc.,
3290 5425 3536 5469 sexcenta

1947 5511 2068 5563 dari
2103 5509 2405 5564 masculina
2445 5508 2501 5561 in
2533 5507 2598 5570 A,
2618 5517 2673 5560 ut
2708 5510 2736 5560 ὁ
2766 5508 2995 5576 Σισάρα.
3017 5510 3045 5561 ὁ
3069 5508 3237 5570 Eolla,
3266 5509 3294 5559 ὁ
3319 5509 3483 5568 diana,
3509 5511 3537 5560 ὁ

1948 5593 2083 5649 Σιϐὰ
2113 5597 2167 5649 in
2211 5594 2326 5650 Vel.
2364 5593 2509 5650 Test.
2541 5596 2569 5647 6
2607 5597 2776 5665 Ζαρὰ,
2813 5597 2841 5648 ὁ
2870 5594 3029 5649 Ἀϐία
3056 5597 3108 5649 in
3146 5594 3296 5649 Nora
3322 5612 3339 5649 :
3370 5593 3537 5664 Syra-

1951 5707 2068 5743 ruut
2102 5689 2370 5743 nationem
2407 5688 2641 5761 (Syrum
2675 5699 2851 5743 autem
2896 5706 3009 5743 esse
3055 5690 3192 5743 hunc
3235 5689 3537 5755 .ilalalam)

1951 5797 2132 5834 amare
2160 5782 2375 5835 nomina
2408 5780 2458 5831 in
2490 5778 2531 5830 A
2566 5779 2797 5831 litteram
2821 5780 3092 5844 exeuntia,
3123 5780 3364 5843 Marum,
3404 5781 3542 5834 liam

1951 5890 2123 5941 somn,
2180 5884 2230 5927 et
2270 5874 2521 5942 pleraque
2571 5874 2804 5926 omnia:
2858 5875 2932 5926 sic
2987 5885 3034 5928 et
3081 5876 3288 5928 Arabas
3344 5891 3542 5943 quoius

3042 5970 3223 6058 .23)
