3966 6442
476 405 587 471 779

1326 398 1440 460 ‘DE
1481 397 1804 461 JOANNIS
1843 397 2166 458 MALALE
2199 398 2864 463 CIIRONOGRAPHIA

3620 406 3720 473 783

477 511 734 577 Abdalia,
778 508 1070 570 Maenade,
1128 505 1395 575 Taplzala,
1423 515 1474 560 et
1507 505 1555 560 si
1602 523 1707 577 qua
1743 512 1865 560 sunt
1892 504 2015 567 ,aiia
2039 521 2058 558 :

2174 505 2544 578 στρατηλάτου
2602 505 2895 576 Ῥωμαίων
2919 480 3017 561 'let
3048 501 3173 570 202,
3205 506 3345 561 κατὰ
3384 508 3609 569 Saevire;
3638 519 3720 573 ut

478 619 755 660 occurrere
792 602 1015 663 denique
1045 597 1186 670 apud
1208 597 1641 655 Cantacuzenum
1671 599 1931 666 Ἰωάννης
1959 598 2064 650 Πε-

481 698 672 768 ράλτα,
724 706 772 750 et
827 692 972 764 apud
1028 691 1397 761 Theophanem
1447 691 1705 762 Ἰωάννης
1759 693 1788 743 6
1836 689 2065 760 ἐπίκλην

485 786 754 858 Ἧμοῦλα,
784 784 1050 853 Joannem
1104 792 1450 853 cognomento
1480 782 1734 846 llemula,
1777 783 2067 836 secundum

485 876 748 934 Victorem
783 878 1172 932 Tununensem.
1212 874 1330 946 Ego
1376 890 1533 939 vero,
1580 890 1901 946 quanquam
1949 874 2068 930 for-

476 980 628 1029 tasse
660 970 1038 1042 praestabilius
1077 978 1252 1035 esset,
1284 978 1345 1024 ut
1381 983 1447 1024 ex
1481 968 1791 1023 amicorum
1828 966 2069 1023 consilio

477 1060 902 1134 super-sederem
939 1060 1129 1116 labore
1158 1059 1561 1131 respondendi,
1598 1059 1779 1114 libera
1821 1073 1942 1114 esse
1976 1057 2070 1127 ju-

476 1154 627 1210 dicia
653 1153 894 1210 sinerem
927 1171 939 1207 :
975 1153 1242 1208 constitui
1280 1160 1464 1208 tamen
1489 1151 1761 1206 devorare
1786 1164 1911 1205 eam
1946 1163 2071 1202 mo-

476 1247 737 1314 lestiam;
770 1253 827 1302 et
860 1260 929 1301 eo
954 1246 1175 1317 quidem
1208 1246 1419 1311 animo,
1452 1244 1667 1299 nullum
1702 1250 1763 1298 ut
1785 1250 2069 1297 certamen

472 1337 789 1398 instituam,
832 1351 1014 1407 neque
1043 1336 1192 1392 enim
1219 1342 1526 1405 temperato
1564 1334 1779 1389 calamo
1804 1347 1896 1387 res
1935 1347 2069 1402 age-

480 1438 600 1495 tur;
658 1428 754 1484 sed
810 1439 872 1481 ut
910 1427 1081 1483 semel
1126 1424 1419 1495 defungar,
1476 1438 1579 1479 nec
1632 1421 1868 1478 tacendo
1919 1436 2071 1476 com-

470 1521 733 1584 .mittam',
789 1526 850 1574 ut
902 1519 1114 1573 odiosa:
1164 1517 1302 1571 mihi
1356 1516 1425 1572 de
1487 1516 1616 1570 lana
1657 1515 1889 1586 caprina
1943 1513 2071 1569 lites

470 1622 846 1670 succrescant
878 1611 935 1665 in
965 1621 1276 1682 posterum.
1319 1606 1455 1663 Dico
1485 1608 1674 1677 itaque
1719 1622 1899 1678 neque
1946 1621 2073 1661 esse

490 1707 652 1770 illud,
684 1705 752 1760 de
781 1720 894 1776 quo
941 1703 1048 1757 viri
1115 1702 1262 1758 docti
1298 1707 1642 1764 asseverant,
1675 1715 1853 1770 neque
1885 1714 2069 1770 posse.

480 1797 618 1852 Nam
656 1811 785 1851 ecce
853 1796 955 1851 tibi
998 1794 1242 1851 Joannes
1290 1790 1537 1853 Tzetzes,
1583 1793 1678 1862 qui
1725 1806 1849 1845 eum
1901 1791 2072 1843 Ἰωνιο

2167 597 2389 669 Σίμμαο
2423 606 2478 653 et
2518 598 2638 664 ill,
2672 598 2811 670 μετά
2839 597 2933 651 τοῦ
2957 598 3171 669 ἡνιόχου
3204 599 3519 657 Καλλιὸτυιθ
3539 615 3591 662 et
3612 608 3723 677 tes,

2169 690 2312 762 μετὰ
2362 691 2460 745 τοῦ
2504 690 2785 762 φυλάρχου
2836 690 3071 762 Ἀρέθα·
3119 692 3278 758 plane
3307 703 3370 747 ιιι
3412 698 3553 765 apud
3594 700 3728 757 Con.

2167 784 2478 840 stantinum
2510 794 2594 841 est
2625 784 2723 837 τοῦ
2764 784 2998 854 ἐπίκλην
3031 783 3275 843 Μαλέλα.
3312 784 3565 845 Placetne
3602 793 3726 862 jam,

2168 882 2231 929 ut
2293 872 2564 930 Joannem
2635 876 2815 945 ipsum
2877 875 3042 930 nobis
3097 877 3368 932 arbitrum
3431 882 3730 950 capiamus!

2167 979 2345 1034 requa,
2375 966 2599 1036 opinor,
2633 975 2686 1020 et
2736 965 2969 1022 honesta
3010 966 3314 1036 postulatio
3359 978 3467 1025 est.
3511 971 3727 1031 Senteno

2169 1055 2300 1110 tiam
2335 1070 2470 1110 vero
2502 1056 2549 1109 is
2577 1070 2734 1111 suam
2766 1056 3008 1110 ostendit
3038 1072 3091 1126 p.
3124 1056 3231 1111 204
3259 1075 3272 1109 :
3297 1057 3489 1124 Ὅστις
3513 1061 3728 1129 Τζίτας·

2171 1143 2302 1208 205.
2338 1145 2602 1209 Σουνίκας
2634 1145 2692 1199 δὲ
2729 1145 2824 1199 καὶ
2859 1145 3080 1215 Σίμμας
3102 1164 3115 1178 ο
3152 1146 3273 1211 HO,
3322 1148 3629 1227 Καλλιόπας
3656 1172 3731 1221 τις

2169 1235 2418 1305 ⁴ἡνίοχος·
2465 1233 2588 1302 166,
2625 1235 2857 1310 Ἀρέθας
2904 1253 2993 1299 τις
3040 1239 3070 1290 6
3115 1237 3392 1309 φύλαρχος
3444 1243 3538 1295 καὶ
3584 1243 3732 1299 Γνού-

2170 1344 2298 1397 φας.
2331 1326 2396 1381 Ει
2427 1329 2610 1384 adhuc
2641 1328 2913 1394 dubitent,
2964 1330 3010 1385 si
3042 1342 3302 1400 possunt,
3360 1341 3611 1391 utrumne
3651 1340 3732 1408 qui

2172 1417 2289 1473 haec
2326 1417 2441 1490 [86]
2491 1419 2800 1490 scripserit.
2863 1419 2973 1473 ullo
3010 1420 3173 1475 modo
3219 1434 3304 1476 est
3347 1432 3408 1478 ut
3456 1425 3485 1477 6
3532 1425 3734 1483 Μαλέλα

2172 1524 2409 1566 vocatus
2435 1510 2623 1565 fuerit.
2657 1508 2781 1565 Jam
2809 1510 3021 1583 Σισάρα
3047 1521 3103 1566 et
3145 1513 3290 1567 Φουά
3314 1528 3483 1583 quam
3512 1515 3660 1572 inviti
3686 1530 3733 1575 et

2173 1602 2515 1659 recusantes
2545 1606 2600 1659 in
2653 1604 3038 1674 argumentum
3079 1606 3402 1662 ducuntur!
3437 1606 3600 1665 Recte
3623 1614 3735 1682 qui-

2174 1692 2298 1748 dem
2333 1692 2537 1748 l‘actum
2572 1709 2600 1748 a
2633 1692 2822 1749 LXXII
2858 1696 3023 1762 viris;
3061 1698 3212 1768 quod
3238 1713 3370 1752 cum
3407 1711 3619 1757 vetusta
3655 1704 3733 1759 illa

2175 1792 2229 1840 et
2280 1785 2489 1857 Ogygia
2548 1790 2772 1842 nomina
2842 1788 3046 1845 litteris
3122 1788 3334 1846 Graecis
3388 1794 3730 1861 mandarent,

482 1886 755 1957 κωτέρως
810 1902 927 1949 πως
998 1884 1291 1954 protulerit
1340 1882 1615 1953 Μελέλης,
1661 1888 1811 1936 certe
1868 1894 2072 1934 secun-

2176 1879 2243 1933 ad
2296 1880 2568 1950 syllabam
2624 1881 2693 1937 de
2734 1896 2994 1938 sermone
3043 1882 3285 1937 barbaro
3341 1896 3730 1956 expresserunt.

482 1978 615 2033 dum
677 1992 768 2032 me
826 1975 1115 2047 judicasse
1173 1974 1451 2030 videatur.
1503 1973 1714 2028 Crebro
1775 1971 1924 2026 enim
1996 1984 2073 2024 eae

483 2068 709 2139 syllabae
750 2076 1138 2138 permutantur
1174 2067 1321 2120 inter
1351 2080 1431 2128 se,
1467 2063 1736 2125 Λεωνίδας
1770 2061 2069 2129 Λεωνίδης,

497 2162 705 2231 Ἑρμᾶς
742 2160 976 2231 Ἑρμῆς,
1013 2158 1284 2222 Ἀπελλᾶς
1327 2155 1615 2227 ’Δπελλῆς,
1651 2152 1904 2216 Μαλέλας
1950 2153 2073 2205 M1-

480 2250 666 2323 λέλης.
721 2250 925 2306 Eodem
991 2248 1229 2312 accedit.
1268 2248 1416 2318 quod
1469 2248 1526 2301 in
1568 2245 1778 2317 syllaba
1825 2243 2072 2299 secunda

482 2340 756 2399 statuitur
795 2352 1081 2405 accentus,
1114 2339 1211 2419 τοῦ
1235 2339 1464 2395 Μαλέλα
1494 2346 1756 2409 tanquam
1790 2338 1859 2392 ab
1896 2337 1923 2390 6
1952 2337 2072 2391 Μα-

484 2434 645 2497 λέλας
686 2449 798 2489 non
828 2431 1051 2488 Μάλελα
1092 2446 1272 2501 neque
1326 2429 1577 2497 Μαλελὰ,
1625 2437 1685 2484 ut
1742 2429 2071 2499 plerumque

487 2525 694 2581 assolet
727 2524 786 2579 in
839 2520 1127 2578 vocabulis
1172 2519 1486 2591 peregrinis
1517 2517 1653 2592 L85].
1690 2516 1895 2573 Verum
1935 2516 2071 2571 illud

488 2621 542 2672 in
586 2616 783 2687 primis
836 2622 925 2670 est
982 2612 1351 2669 admiratione
1397 2610 1662 2681 dignum,
1700 2609 1848 2681 quod
1900 2617 1961 2664 ut
2004 2609 2073 2665 de

483 2709 681 2763 Graeco
728 2705 953 2761 nomine
986 2703 1234 2775 cognitio
1282 2702 1575 2766 habeatur,
1626 2700 1713 2754 tn’
1746 2700 2074 2770 ἀλλοθρόους

487 2796 811 2873 ἀνθρώπους
865 2804 919 2852 et
978 2797 1043 2849 ad
1103 2793 1380 2849 Barbaras
1433 2792 1689 2847 nationes
1742 2800 2069 2863 provocant.

486 2889 772 2961 Siquidem
824 2902 892 2943 ex
948 2886 1273 2940 Hunnorum
1330 2891 1494 2954 gente
1546 2891 1679 2938 sunt
1729 2882 1976 2953 ’Δσκοὺμ
2020 2891 2075 2935 et

485 2980 655 3051 Βλάχ,
682 2979 749 3034 de
776 2977 980 3049 quibus
1006 2976 1130 3033 vide
1160 2975 1341 3047 ipsum
1372 2972 1621 3028 Malalam
1650 2989 1705 3043 p.
1738 2972 1836 3027 l59
1866 2980 1919 3025 et
1948 2971 2069 3025 170.

485 3074 694 3130 Verum
726 3087 824 3141 age
847 3068 1297 3141 quandoquidem
1326 3067 1407 3123 sic
1431 3067 1517 3137 agi
1552 3067 1751 3135 placet,
1774 3066 1911 3120 cedo
1934 3080 2072 3132 quos

2173 1970 2311 2026 Nam
2357 1974 2451 2043 qui
2495 1974 2658 2029 annis
2691 1982 2820 2030 ante
2840 1976 3131 2045 permultis
3160 1987 3528 2035 excesserant
3557 1995 3589 2037 ο
3616 1982 3729 2047 vita,

2176 2064 2346 2126 nulla,
2374 2064 2561 2130 credo,
2596 2064 2666 2121 iis
2693 2065 2880 2121 futura
2914 2078 3038 2123 erat
3065 2070 3424 2126 consuetudo
3453 2086 3574 2127 cum
3602 2072 3728 2129 Gre

2174 2152 2279 2208 eis.
2310 2152 2467 2219 Quod
2498 2155 2544 2210 si
2586 2155 2681 2209 alii
2709 2156 2987 2226 iuniores.
3037 2159 3241 2227 quibus
3283 2160 3481 2215 eadem
3517 2178 3631 2231 qua:
3656 2177 3729 2218 ve-

2175 2244 2383 2301 teribus
2435 2245 2547 2303 illis
2604 2247 2856 2313 nomina,
2889 2264 3051 2303 usum
3082 2260 3138 2305 et
3183 2253 3585 2309 commercium
3608 2246 3728 2311 ’θυι

2175 2334 2380 2392 Graecis
2414 2337 2748 2403 habuerunt,
2803 2340 2924 2396 sine
2967 2341 3138 2397 dubio
3177 2357 3376 2397 eorum
3417 2344 3728 2401 nominatio-

2174 2424 2377 2483 clinata
2436 2439 2566 2484 sunt
2619 2432 2687 2487 ad
2752 2447 3009 2488 normam
3082 2434 3257 2491 Graeci
3320 2436 3618 2493 sermonis.
3659 2434 3727 2492 Sic

2174 2520 2194 2574 ι
2230 2520 2466 2593 Paralip.
2497 2538 2618 2594 cap.
2652 2535 2877 2590 vtu,est
2910 2526 3137 2596 quidam
3163 2527 3411 2595 Ἀνανία,
3446 2537 3503 2587 et
3530 2545 3645 2599 cap.
3673 2545 3718 2584 nt

2176 2613 2399 2684 Βερχεα,
2436 2615 2541 2683 vel,
2572 2624 2632 2670 ut
2679 2616 2735 2671 in
2768 2632 2875 2675 ms.
2912 2620 3084 2690 Regio
3119 2627 3223 2684 est,
3256 2621 3530 2692 Βαραχία.
3556 2621 3725 2678 Eadem

2175 2714 2477 2761 occurrunt
2541 2708 2770 2764 nomina
2822 2710 2879 2765 in
2929 2709 3080 2766 Test.
3135 2710 3293 2767 Novo
3358 2712 3559 2785 (Syrus
3610 2713 3727 2767 coita

2176 2796 2449 2866 interpres
2477 2807 2530 2854 et
2567 2800 2657 2853 hic
2701 2808 2758 2854 et
2792 2800 2909 2855 illic
2941 2800 3254 2869 Hbananio,
3303 2804 3557 2875 Brachia)
3584 2823 3597 2859 :
3628 2818 3728 2858 cuta

2175 2888 2365 2943 Graeca
2419 2897 2602 2944 tamen
2656 2892 3071 2957 terminatione,
3123 2894 3413 2961 ’Δνανίας,
3465 2895 3726 2966 Βαραχίας.

2177 2980 2446 3035 Similiter
2480 2982 2693 3052 antiqui
2734 2984 2814 3037 illi
2866 2984 3087 3051 Ἰακὼϐ,
3148 2986 3375 3059 Ἰωσὴφ,
3417 2989 3586 3042 Σαοὺλ
3626 3000 3731 3057 per-

2178 3080 2345 3141 petuo
2374 3072 2776 3127 nominantur:
2801 3073 3058 3143 juniorcs
3088 3091 3239 3139 vero,
3272 3078 3523 3146 quicum
3555 3074 3731 3131 Graecis

486 3165 673 3220 volent
710 3164 976 3217 arbitros.
1020 3160 1305 3214 Stahimus
1343 3158 1510 3213 etiam
1552 3156 1882 3211 Hunnorum
1918 3154 2071 3225 judi-

2181 3179 2292 3217 rem
2328 3165 2660 3229 habuerunt,
2712 3166 2991 3229 Ἰάκωϐος,
3028 3166 3329 3237 Ἰώσηπος,
3386 3168 3602 3233 Σαῦλος.
3633 3167 3732 3232 Quo

488 3255 617 3308 cio:
656 3267 836 3323 neque
876 3249 1127 3305 homines
1164 3248 1385 3319 plebeii,
1421 3245 1516 3302 sed
1554 3262 1715 3317 reges
1765 3254 1820 3299 et
1848 3245 2072 3315 regibus

488 3341 727 3413 proximi
755 3337 1225 3419 propuntiabunt.
1259 3335 1441 3393 Verba
1470 3346 1609 3392 sunt
1642 3335 1852 3390 Malalae
1878 3350 1933 3405 p.
1961 3333 2030 3389 59
2057 3352 2071 3389 :

489 3436 600 3489 Καὶ
629 3435 859 3505 ἤνεγκεν
888 3430 1004 3501 ἅμα
1032 3428 1200 3483 αὑτοῦ
1247 3428 1391 3483 κατὰ
1425 3428 1667 3481 ’Λττιλᾶ.
1705 3425 1942 3482 Maxime
1988 3440 2077 3480 rc-

490 3543 640 3599 gum,
676 3527 818 3581 bona
852 3532 944 3578 tua
968 3522 1127 3578 venia
1148 3521 1385 3576 libenter
1419 3523 1750 3593 rogaverim,
1773 3520 1866 3590 qui
1887 3517 2076 3574 Greece

488 3619 709 3675 vocaris
740 3633 874 3673 casu
918 3622 1098 3671 recto.
1141 3614 1254 3670 Cur
1307 3621 1490 3668 autem
1550 3622 1821 3683 occupato
1852 3611 2075 3667 molesti

490 3712 726 3771 sumus?
771 3708 1151 3780 Respondebit
1182 3722 1280 3780 pro
1306 3722 1373 3763 eo
1399 3706 1629 3761 Malalas
1658 3706 1859 3761 ibidem
1889 3722 1903 3759 :
1951 3704 2075 3758 Ὠσ-

488 3808 671 3870 αύτως
705 3803 762 3858 δὲ
799 3801 1172 3873 καὶῙΑττιλᾶς
1220 3797 1567 3870 ἐτελεύτησε.
1604 3796 1697 3851 Sic
1733 3812 1928 3853 omnes
1965 3811 2076 3851 uno

490 3912 611 3953 ore.
644 3893 802 3966 Apud
832 3894 1084 3948 Priscum
1114 3891 1386 3947 Thracem
1418 3893 1473 3946 in
1510 3890 1883 3946 Collectaneis
1932 3888 2077 3944 Con-

491 3989 728 4047 stantini
768 3986 1273 4058 Porphyrogeniti;
1324 3982 1691 4055 corrigendos
1722 3980 1900 4037 obiter
1952 3980 2078 4037 Sui-

490 4083 615 4148 das,
666 4081 766 4151 qui
827 4080 1069 4150 Πρίσκος
1118 4078 1195 4131 ait
1242 4075 1483 4146 Πανίτης
1536 4073 1777 4146 ἔγραψεν
1832 4074 2076 4146 ἱστορίαν

489 4172 833 4246 Βυξαντικὴν
868 4172 963 4227 καὶ
991 4170 1137 4226 κατὰ
1166 4169 1454 4233 Ἄτταλον,
1476 4169 1598 4240 lege
1627 4166 1771 4222 haud
1804 4175 2074 4222 cunctan-

488 4278 592 4333 ter,
627 4263 1007 4337 Βυζαντιακὴν
1040 4264 1136 4316 καὶ
1186 4262 1329 4316 κατὰ
1359 4260 1627 4332 Ἀττήλαν
1671 4260 1756 4315 vel
1800 4259 2071 4330 Ἀττήλαο

489 4360 633 4431 apud
682 4358 957 4423 Priscum,
999 4357 1249 4426 inquam,
1288 4354 1584 4425 aliquoties
1619 4353 1773 4423 legas
1805 4352 2073 4423 Ἀττήλας

489 4456 582 4509 καὶ
615 4452 846 4523 Βλήδας.
878 4450 930 4507 ls
952 4449 1134 4504 Attila:
1164 4448 1338 4504 frater
1372 4454 1513 4514 erat,
1542 4462 1571 4500 a
1598 4443 1885 4501 Jornaude
1914 4443 2073 4498 Bleta

2174 3256 2428 3325 exemplo
2460 3257 2624 3311 etiam
2668 3257 2910 3328 Σισάρας
2939 3267 2995 3314 et
3044 3259 3223 3324 Σάλας
3274 3270 3333 3316 et
3362 3260 3540 3325 Φούας
3571 3264 3734 3315 essent

2176 3347 2347 3414 dicti;
2398 3348 2447 3403 si
2501 3349 2808 3403 Antiochia:
2854 3351 3123 3405 vixissent
3165 3355 3249 3406 vel
3299 3352 3354 3406 in
3400 3354 3509 3409 alia
3565 3351 3734 3423 quavis

2176 3437 2403 3491 civitate
2431 3435 2646 3501 Greece,
2680 3446 2738 3491 et
2782 3440 3108 3492 memoriam
3152 3456 3338 3495 mrum
3370 3450 3639 3512 gestarum
3662 3440 3725 3494 lit-

2177 3531 2312 3587 teris
2338 3530 2790 3601 consignassent.
2833 3532 3024 3601 Neque
3051 3548 3183 3587 vero
3225 3533 3445 3589 inﬁciur
3476 3532 3733 3604 Syrorum,

2178 3633 2344 3695 atque
2372 3624 2611 3679 Arabum
2642 3626 2864 3681 nomina
2900 3627 3219 3697 frequenter
3250 3627 3307 3680 in
3339 3628 3384 3681 A
3424 3627 3603 3681 littera
3637 3630 3735 3677 ter-

2177 3718 2376 3770 minari
2413 3733 2428 3771 :
2472 3725 2748 3771 servatam
2779 3733 2901 3774 esse
2933 3733 2963 3771 a
3014 3718 3224 3774 Grecis
3258 3732 3382 3772 eam
3419 3712 3733 3774 terminatio-

2180 3822 2305 3863 nem
2332 3823 2593 3879 pernego.
2635 3808 2887 3873 Abdalla,
2918 3808 3179 3874 Musaua,
3217 3807 3481 3879 Taplzala.
3522 3807 3595 3861 Ita
3621 3802 3728 3874 qui-

2178 3900 2303 3956 dem
2337 3901 2573 3956 Arabes.
2597 3899 2886 3968 Quomodo
2912 3908 3097 3955 autem
3129 3899 3349 3954 Graeci?
3375 3899 3734 3968 Theophanes,

2177 4007 2236 4064 p.
2265 3992 2373 4048 294
2398 4012 2411 4047 :
2455 3993 2719 4063 Μουαμὲδ
2749 3994 2777 4045 6
2815 3992 2910 4046 τοῦ
2942 3992 3189 4046 Ἀϐδελᾶ.
3227 3991 3377 4045 Perii
3408 3989 3667 4062 equidem,
3690 3985 3737 4037 in

2175 4086 2222 4139 A
2272 4086 2374 4140 hoc
2398 4085 2535 4150 exit,
2587 4093 2643 4139 et
2697 4093 2892 4138 contra
2933 4100 3022 4140 me
3055 4084 3208 4138 facit.
3260 4082 3371 4137 Sed
3410 4085 3536 4137 nolo
3579 4093 3665 4134 eos
3689 4077 3737 4129 in

2186 4175 2439 4230 laetitiam
2494 4173 2705 4229 frustra
2734 4173 3041 4243 conjicere.
3076 4172 3213 4227 lllttd
3252 4174 3402 4228 enim
3452 4172 3739 4241 perincom-

2180 4266 2343 4321 mode
2383 4266 2683 4322 intervenit
2737 4266 2943 4322 ibidem
2997 4266 3028 4319 6
3059 4265 3321 4332 ’Λὸὃελᾶς
3367 4268 3503 4334 υἱός,
3525 4274 3579 4321 et
3610 4261 3737 4334 apud

2176 4356 2448 4413 Zonaram
2489 4358 2798 4428 Μασάλμας
2824 4360 2855 4412 6
2880 4357 2989 4413 τῶν
3019 4357 3271 4430 Ἀράϐων
3318 4358 3579 4431 ἀρχηγός,
3607 4353 3736 4426 apud

2179 4446 2435 4503 Malalam
2492 4449 2759 4519 Ταφαρᾶς
2811 4451 2840 4503 6
2894 4449 3190 4521 φύλαρχος.
3237 4448 3446 4506 Eadem
3502 4448 3630 4504 mihi
3679 4444 3739 4500 de

487 4545 693 4610 dictus,
728 4557 759 4595 a
793 4538 1068 4611 Prospero
1101 4538 1400 4609 depravata
1430 4538 1618 4602 Bleba,
1657 4551 1688 4590 a
1729 4535 2071 4605 The0phane
2101 4532 2146 4588 D
2176 4535 2423 4608 Syriacis
2448 4540 2765 4597 nominibus
2795 4540 3071 4596 sententia
3100 4548 3208 4596 est.
3238 4539 3579 4612 Porphyrius
3608 4534 3737 4607 apud

489 4635 689 4695 Βδὲλας
707 4648 721 4661 ο
756 4632 1028 4694 Ἀττιλᾶς,
1053 4631 1256 4700 inquit,
1293 4627 1607 4700 Ὀμνουδίου
1633 4629 1763 4690 παῖς
1789 4620 2080 4679 ἀποϐαλὼν

2176 4627 2475 4685 Eusebium
2519 4628 2782 4701 Scaligeri
2816 4649 2828 4685 :
2864 4632 3204 4703 Πτολεμαῖος
3234 4633 3294 4687 δὲ
3348 4632 3735 4702 ἀγανακτήσας.

488 4726 693 4780 Βδέλαν
722 4723 814 4777 τὸν
842 4722 1218 4793 πρεσϐύτερον
1244 4722 1499 4790 ἀδελφόν.
1529 4721 1770 4777 Verbum
1814 4718 1952 4774 illud
1992 4717 2077 4773 di-

489 4817 712 4873 viduum
751 4815 938 4879 iecito,
972 4825 1029 4869 et
1059 4815 1245 4870 scribe
1272 4815 1299 4866 6
1354 4814 1625 4867 Μνουδίου
1675 4812 1803 4876 παῖς
1832 4809 1917 4865 vel
1957 4808 2074 4863 for-

489 4917 637 4963 tasse
694 4905 1024 4971 Μουνδζίου.
1083 4901 1395 4960 Jornandes
1456 4902 1603 4957 enim
1672 4900 2071 4956 Mundzuccum

489 5001 761 5063 nominat,
800 5008 857 5056 et
882 4997 1207 5070 Sigebertus
1246 4994 1583 5059 Muudzueb,
1610 5008 1899 5064 perperam
1941 4994 2074 5049 vero

488 5088 832 5162 Nicephorus
878 5090 1146 5146 Callistus
1202 5085 1526 5157 Νουμίδιον.
1566 5084 1712 5152 Quid
1754 5083 1944 5139 Attilae
1974 5099 2074 5154 pa-

489 5193 673 5248 truus,
718 5182 884 5238 Ῥούα
931 5198 1002 5239 ne
1057 5180 1391 5237 declinabile
1437 5175 1775 5241 an.'P06a;?
1832 5176 1907 5231 De
1968 5177 2074 5233 hoc

488 5280 696 5329 statuet
727 5272 873 5329 idem
915 5271 1006 5327 ille
1042 5270 1311 5338 Priscus;
1336 5270 1496 5341 cujus
1520 5268 1689 5323 verba
1720 5275 1870 5333 sunt,
1910 5266 2073 5321 Ῥούα

489 5362 868 5433 βασιλεύοντος
897 5363 1008 5417 τῶν
1036 5361 1258 5419 Οῠννων
1291 5367 1348 5416 et
1393 5359 1548 5432 παρά
1575 5357 1667 5412 τὸν
1725 5355 1923 5412 Ῥούαν
1961 5358 2072 5427 ἀφ·-

487 5455 777 5511 ικνεῖσθαι,
809 5456 890 5511 Ita
927 5454 1109 5519 Βάλας
1150 5453 1261 5509 dux
1298 5451 1628 5508 Hunnorum
1680 5449 1826 5521 apud
1869 5447 2073 5505 Proco-

486 5546 663 5615 pium,
695 5543 1070 5603 Vandalorum
1106 5546 1417 5618 ’Λμμάτας,
1447 5542 1779 5603 Gottborum
1813 5542 2073 5615 Γρὶππας

484 5645 540 5693 et
593 5636 822 5704 Βέσσας,
876 5647 933 5693 et
968 5635 1196 5710 Μόρῤας
1224 5644 1279 5693 et
1314 5633 1592 5707 Μαρκίας,
1632 5642 1690 5690 et
1731 5630 1982 5696 ’Δλϐίλας
2016 5638 2071 5687 et

483 5713 809 5797 υςζισδρὶλας.
844 5726 988 5784 Eant
1039 5745 1191 5785 nunc
1220 5738 1274 5785 et
1335 5725 1406 5784 ab
1448 5723 1664 5781 Hunnis
1712 5724 1919 5785 malum
1963 5721 2067 5778 sibi

485 5819 1021 5906 mendicent._Apud
1054 5819 1306 5876 Malalam
1339 5818 1551 5889 reperio
1588 5833 1644 5889 p.
1675 5815 1818 5871 elo:
1861 5812 2068 5881 Τζίττα

2176 4721 2260 4774 ὅτι
2288 4718 2367 4790 τῷ
2391 4720 2682 4793 Πηλουσίῳ
2714 4724 3052 4797 προσέϐαλεν
3083 4726 3114 4778 6
3156 4726 3489 4798 Δημήτριος,
3521 4725 3613 4780 ἅτε
3642 4720 3739 4775 τῶν

2179 4813 2305 4866 κατ’
2337 4810 2616 4880 Αἴγυπτον
2656 4816 3003 4887 πραγμάτων
3033 4816 3317 4888 ἐχόμενος,
3354 4816 3561 4887 πέμπει
3599 4813 3736 4885 βασι-

2176 4903 2274 4957 λέα
2304 4904 2403 4974 τῆς
2430 4904 2619 4969 Ἀσίας
2641 4905 3018 4977 Ἀλέξανδρον,
3051 4908 3128 4973 ὡς
3155 4908 3268 4962 υἱὸν
3303 4906 3664 4978 Ἀλεξάνδρου,
3686 4902 3735 4963 ὃς

2174 4994 2262 5048 διὰ
2292 4995 2353 5048 τὸ
2387 4996 2465 5060 ὡς
2493 4997 2803 5067 ἀγοραστὸς
2833 4994 2976 5051 εἶναι
3017 4996 3114 5052 τοῦ
3156 4998 3494 5070 Πτολεμαίου
3521 4992 3736 5054 Σαϐινᾶς

2174 5087 2455 5158 ἐπεγλήθη
2496 5089 2633 5159 πρὸς
2660 5088 2771 5142 τῶν
2814 5086 3025 5160 Σύρων,
3055 5095 3110 5143 ct
3148 5087 3466 5161 Josepltus:
3506 5084 3735 5150 'AMEW‘

2173 5179 2298 5251 δρον
2326 5181 2417 5235 τὸν
2464 5180 2692 5236 Ζεϐινᾶν
2735 5180 3240 5252 ὲπιλεγόμενον.Ει
3291 5182 3485 5238 eodem
3527 5175 3733 5234 nomine

2173 5271 2574 5329 Antiochensis
2604 5275 2902 5345 episcopus
2936 5272 3161 5338 Ze6ivor;
3199 5272 3528 5345 Nicephoro,
3558 5264 3733 5323 Ζέὄεν-

2172 5376 2264 5424 νος
2290 5358 2562 5418 Zebennus
2588 5362 2829 5420 Eusebio
2859 5371 2913 5419 et
2937 5363 3280 5435 Hieronymo
3310 5369 3554 5418 vocatur.
3577 5349 3728 5425 Atqui

2174 5451 2497 5522 ἀγοραστός.
2517 5462 2745 5524 emptus,
2778 5453 3006 5525 Syriace
3026 5462 3113 5511 est
3130 5453 3302 5510 th‘no
3328 5455 3411 5510 vel
3437 5449 3620 5506 Zbina.
3662 5442 3729 5495 Ita

2172 5543 2367 5600 Graece
2398 5546 2610 5602 dixeris
2652 5545 2792 5619 [87],
2835 5547 3093 5619 Ἰωάννης
3121 5550 3150 5602 6
3197 5545 3523 5618 Ἀντιοχεὺς,
3562 5539 3618 5601 ὃς
3652 5529 3733 5586 διὰ

2172 5636 2233 5690 τὸ
2271 5637 2559 5707 φιλολόγος
2583 5634 2725 5693 εἶναι
2749 5638 3008 5703 Μαλέλας
3043 5639 3324 5710 ἐπεκλήθη
3351 5635 3485 5704 πρδς
3511 5629 3614 5684 τῶν
3642 5623 3728 5680 Σύ·

2177 5743 2304 5796 ρων»
2358 5728 2463 5793 νει,
2506 5735 2566 5782 ιιι
2626 5729 2861 5799 prapius
2916 5726 3187 5799 Syrorum
3239 5720 3722 5801 pronuntiationem

2174 5820 2532 5891 subsequitur
2594 5819 2970 5878 Damascenus
3027 5821 3173 5896 ipse‘
3208 5820 3416 5889 Syrus,
3465 5806 3724 5870 Μαλάλας.
