3966 6438
287 407 390 476 ’181

1384 390 1750 456 EPISTOLA
1782 389 1988 453 RICH.
2018 376 2406 449 BENTLEII.

3442 370 3553 438 78!

291 522 426 578 Nam
458 515 663 573 Hatolo
698 512 785 568 rei
837 504 1044 567 Matuta
1084 512 1169 564 est
1214 514 1426 569 orator,
1469 505 1758 575 eloquens,
1797 504 1873 557 io-
1901 507 1947 565 Α
1972 501 2084 572 ψας
2108 509 2163 555 et
2209 497 2432 569 Βάρκας
2467 498 2595 548 sunt
2635 490 2793 556 dicti,
2826 489 2923 553 qui
2950 503 2980 541 ιι
3011 486 3228 542 Latinis
3247 485 3411 552 Juba,
3458 486 3558 546 lii-

292 628 460 685 quax.
494 609 617 665 Non
656 602 875 660 difﬁcile
903 609 989 657 est.
1031 598 1354 670 conjectura
1402 596 1648 667 assequi,
1690 604 1870 648 utram

291 707 363 762 ob
395 714 623 760 causam
652 700 1022 767 cognomento
1057 692 1153 745 illo
1183 698 1379 745 auctus
1409 688 1576 745 fuerit
1602 686 1869 753 Joannes,

292 794 488 853 Λαλεϊν
514 792 759 862 ἄριστος,
796 781 1208 847 ἀδυνατώτατος
1235 782 1442 850 λέγειν.
1478 779 1600 852 ipse
1629 779 1875 849 Porphy-

296 887 413 942 rius
442 899 472 938 a
496 878 859 953 pepuleribus
902 875 1022 931 suis
1060 873 1214 945 Syris
1249 870 1464 926 Malcho
1510 871 1626 926 sive
1656 866 1876 922 Malcha

297 967 860 1031 vocabatur:Graee
888 980 1018 1021 vero
1066 980 1174 1019 non
1214 964 1434 1033 Μάλχα,
1482 962 1581 1016 sed
1628 959 1873 1030 Μάλχος.

296 1066 372 1123 ita
402 1065 571 1134 Cipha
602 1076 797 1119 suum
832 1060 1051 1131 Κηφᾶς,
1096 1056 1298 1111 Thema
1335 1054 1607 1125 gemellus
1650 1053 1873 1122 Θωμᾶς,

297 1167 349 1215 et
370 1160 419 1216 si
441 1170 553 1228 qua
581 1162 713 1211 sunt
742 1154 873 1207 alia.
895 1151 1023 1205 Mal.
1046 1162 1099 1219 ρ.
1129 1149 1219 1204 di.
1244 1147 1518 1218 Ἀντίοχον
1534 1147 1627 1202 τὸν
1649 1144 1878 1216 ἐπίκλην

298 1250 576 1315 Χούζωνα.
608 1244 807 1302 Mirum
856 1246 911 1298 ni
963 1259 1029 1298 es
1080 1242 1297 1296 illorum
1340 1239 1614 1294 sententia
1668 1212 1907 1308 cognovi

303 1354 542 1399 mentum
598 1336 857 1393 Antiochi
908 1334 1012 1389 fuit
1072 1332 1331 1389 Clauzona
1382 1345 1515 1385 casu
1574 1339 1764 1392 recto,
1822 1336 1881 1382 ut

304 1431 506 1490 Mutata
534 1447 555 1485 :
594 1446 727 1487 eum
772 1427 939 1483 ambo
965 1427 1079 1481 sint
1109 1425 1535 1480 Antiochenses.
1560 1420 1703 1488 Quid
1749 1435 1880 1490 ergo

304 1528 404 1584 sibi
434 1525 629 1580 volunt
661 1524 767 1575 ista
799 1535 854 1590 p.
903 1519 994 1573 65.
1037 1517 1314 1588 Ἀντίοχον
1353 1516 1445 1570 τὸν
1472 1515 1737 1578 Χούζωνα
1788 1512 1880 1565 τὸν

306 1617 523 1686 ἔγγονον
571 1614 854 1683 Ἀντιόχου
887 1610 984 1666 τοῦ
1018 1608 1346 1674 Χούζωνοςῖ
1375 1605 1530 1674 Quod
1574 1608 1620 1665 si
1672 1620 1880 1675 usque-

311 1721 520 1779 quaque
600 1703 831 1775 Syriaca
893 1702 1123 1756 nomina
1179 1700 1383 1753 imitari
1450 1706 1503 1752 et
1568 1697 1881 1766 exprimere

310 1799 602 1859 debemus,
665 1808 786 1859 cur,
834 1793 1110 1858 obsecro,
1172 1789 1428 1859 Ἰωάννης
1476 1787 1718 1850 dicitur,
1770 1800 1881 1839 non

1981 590 2158 660 cipsa,
2189 587 2382 650 Barea.
2415 585 2523 640 Nec
2564 592 2750 638 tamen
2798 582 2911 639 haec
2941 598 3065 654 quae
3096 584 3344 654 proxime
3374 586 3558 641 nomi-

1983 680 2132 743 navi,
2168 680 2237 734 de
2283 676 2492 733 Graecia
2525 676 2693 746 petita
2730 682 2895 739 sunt;
2944 674 3039 730 sed
3081 690 3147 729 ex
3193 675 3378 731 Africa
3405 685 3558 732 recto

1982 772 2180 826 itinere
2205 771 2490 839 deportata
2532 775 2660 822 sunt
2688 767 2743 822 in
2785 765 3019 822 italiam.
3047 765 3193 832 Quid
3222 767 3396 833 enim,
3431 782 3558 823 eum

1984 861 2066 915 illi
2104 861 2397 931 ’Δμξλκας,
2431 858 2682 921 Ἀννίϐας
2717 855 3028 927 proferunt,
3069 856 3123 911 hi
3183 857 3462 913 Hamilcar
3505 864 3563 915 et

1985 951 2295 1016 Hannibal;
2329 965 2441 1005 non
2487 949 2629 1019 signi
2674 948 2782 1003 hoc
2823 948 2959 1004 satis
2988 957 3096 1014 est,
3149 947 3295 1003 unde
3328 957 3565 1021 utraque

1985 1055 2115 1102 sunt
2149 1044 2464 1100 accersita?
2486 1042 2693 1113 Nempe
2722 1042 2777 1096 hi
2811 1042 3118 1097 masculina
3156 1043 3380 1098 nomina
3412 1043 3562 1098 Afri—

1985 1153 2122 1193 cana
2176 1138 2229 1191 in
2279 1138 2325 1190 Α
2365 1136 2600 1191 libenter
2654 1134 3002 1202 retinebant;
3050 1135 3366 1190 Grzccorum
3401 1140 3566 1192 aures

1988 1239 2250 1301 tanquam
2298 1230 2509 1285 absona
2544 1236 2597 1283 et
2648 1227 2981 1282 inconcinna
3030 1227 3423 1298 repudiabant.
3454 1225 3566 1283 Sed

1988 1332 2049 1377 ut
2077 1322 2381 1378 concedam
2403 1320 2541 1376 illud
2565 1318 2814 1391 Ἠμοῦλα
2842 1334 2872 1373 a
2895 1318 3229 1389 Theophane
3259 1318 3567 1390 profectum

1987 1429 2152 1469 esse:
2188 1429 2299 1468 non
2330 1426 2433 1483 ego
2482 1411 2813 1466 monachum
2851 1412 3093 1482 aliquem
3139 1400 3407 1488 adversus
3449 1429 3570 1469 om-

1989 1506 2140 1560 nium
2173 1502 2527 1559 abtoritatem
2560 1502 2879 1572 magistrum
2902 1501 3121 1559 dicendi
3144 1517 3341 1575 capere
3366 1505 3569 1572 velim;

1988 1598 2085 1656 sed
2140 1598 2299 1654 illum
2368 1597 2553 1669 ipsum
2616 1597 2685 1650 ad
2747 1595 2993 1651 nationis
3059 1611 3174 1651 suae
3236 1597 3569 1667 exemplum,

1989 1690 2134 1745 addo
2188 1689 2355 1744 etiam
2430 1702 2617 1752 suum,
2688 1701 3039 1757 componere.
3104 1684 3201 1742 Vir
3281 1686 3569 1757 multiplici

1988 1783 2258 1837 doctrina:
2310 1779 2469 1849 copia
2508 1777 2773 1849 praeditus
2827 1776 3154 1836 Eustathius
3211 1778 3574 1835 Thessaloni-

293 1868 540 1943 ’Ἰωανάν
596 1883 867 1940 Μαλὰλαῖ
909 1898 1036 1938 nam
1085 1881 1241 1953 Syris
1294 1889 1380 1936 est
1441 1876 1772 1941 Juhhanon,
1830 1887 1887 1930 ut
1919 1874 2174 1929 Bcensis
2238 1872 2416 1943 episc.
2475 1878 2737 1925 accurate
2792 1870 3084 1940 disputans
3144 1871 3212 1927 de
3255 1872 3573 1928 Homericis

316 1978 495 2035 LXXII
531 1978 669 2033 viris
696 1975 948 2029 Ἰωανάν.
988 1972 1097 2029 Sed
1141 1989 1270 2028 ecce
1308 1971 1406 2027 tibi
1439 1971 1883 2034 Cantacuzcuus,

318 2073 405 2143 qui
453 2086 505 2141 p.
548 2068 674 2123 874.
730 2067 982 2120 Λατίνων
1026 2081 1142 2128 τις,
1180 2065 1289 2137 ait,
1339 2061 1594 2131 Ἰωάννης
1637 2059 1889 2131 Περάλτα

323 2160 873 2234 προσαγορευόμενος.
936 2156 1093 2212 Scias
1131 2165 1313 2209 autem
1344 2154 1398 2209 in
1447 2164 1686 2223 quantas
1717 2167 1891 2222 angu-

329 2256 457 2311 Stias
480 2252 691 2307 adducti
726 2258 881 2315 sunt,
929 2264 1056 2303 cum
1110 2247 1366 2300 homines
1397 2244 1524 2315 χθὲς
1567 2245 1663 2298 καὶ
1697 2243 1891 2316 πρώην

333 2345 607 2415 γεγονότας
632 2342 837 2397 εωειιιο
858 2341 1080 2395 deruunt
1108 2354 1220 2401 xw,
1254 2346 1376 2407 post
1397 2336 1677 2391 Christum
1698 2342 1889 2389 natum

330 2438 617 2491 inveterata
655 2432 796 2500 ‘jam
865 2429 1158 2493 barbaria,
1209 2441 1393 2482 causa:
1449 2442 1563 2483 sua:
1630 2435 1893 2497 patronos

292 2525 600 2597 \adoptant.
629 2522 765 2579 Rem
808 2537 942 2578 sane
970 2521 1209 2591 lepidam
1252 2526 1307 2573 et
1353 2520 1628 2591 jocomm.
1653 2516 1894 2572 Joannes

319 2616 407 2673 hic
444 2615 841 2671 Antiochensis
868 2615 1009 2670 bene
1050 2613 1240 2683 Graece
1270 2610 1492 2665 Μαλέλα
1550 2609 1657 2665 dici
1692 2617 1892 2679 potest,

228 2732 237 2735 -
321 2710 446 2780 quia
479 2707 616 2762 italo
653 2706 874 2761 cuidam
916 2719 1119 2761 nomen
1154 2712 1278 2758 erat
1342 2700 1608 2756 Giouanni
1646 2699 1892 2755 Peralta.

322 2800 406 2854 Sic
426 2798 571 2854 enim
596 2799 1020 2852 Cautacuzenus
1047 2814 1099 2865 p.
1128 2794 1250 2849 174.
1278 2794 1598 2849 Mamaeae}.
1626 2792 1897 2857 Ντζιουὰν

321 2890 568 2964 Περάλτα
596 2891 626 2943 ὀ
664 2888 873 2943 τούτων
905 2887 1151 2960 ἡγεμών.
1187 2885 1413 2942 Grtccus
1453 2887 1559 2941 istc
1598 2894 1681 2940 est
1712 2900 1899 2940 sermo

319 2982 657 3037 hodiernus:
693 2982 768 3036 ita
789 2982 998 3052 giostra
1029 2979 1323 3049 τζοῦστρα,
1346 2979 1564 3049 gingiva
1596 2975 1895 3043 τξιντςίσα,

319 3076 463 3146 jecur
496 3075 850 3146 ντζητάριον.
886 3071 1037 3127 Vah!
1068 3087 1234 3145 quam
1268 3071 1427 3126 velim
1470 3070 1900 3142 progrediantur
1939 3055 1947 3062 ’

326 3169 554 3239 longius,
592 3178 763 3237 atque
805 3180 927 3245 una,
973 3180 1140 3235 opera
1197 3165 1432 3235 probent
1466 3161 1739 3226 Ντζιουάν
1774 3162 1899 3216 Μα-

312 3258 438 3315 ,λέλα
464 3260 769 3315 dieendum
796 3272 923 3314 esse
954 3275 967 3310 :
1008 3256 1229 3311 facinus
1276 3256 1365 3326 pol
1407 3270 1666 3327 magnum
1699 3262 1753 3309 et
1785 3270 1900 3308 me-

1989 1964 2100 2019 illis
2154 1964 2436 2035 ἱππήλατα
2468 1962 2683 2033 Πηλεὺς
2730 1971 2783 2017 et
2825 1962 3087 2033 Ἑρμείας
3128 1963 3404 2035 ἀκάκητα,
3438 1971 3572 2027 etc.,
3665 2012 3674 2026 ,

1990 2072 2101 2111 non
2130 2056 2337 2128 Σισὰρα
2362 2063 2418 2111 et
2446 2056 2614 2120 Σάλα,
2643 2070 2754 2109 non
2786 2055 3035 2127 ’Πμοῦλα-
3065 2056 3132 2111 ad
3165 2066 3352 2127 partes
3377 2065 3572 2124 vocat;

1991 2164 2118 2203 nam
2156 2146 2413 2203 Giovanni
2448 2148 2666 2201 Peralta
2695 2148 2788 2219 qui
2826 2149 3026 2217 potuit.
3050 2149 3372 2220 priusquam
3403 2151 3452 2207 is
3477 2166 3578 2207 na-

1993 2242 2282 2296 sceretur?
2313 2242 2465 2310 quod
2491 2251 2684 2297 contra
2721 2257 2788 2297 ex
2813 2241 2959 2295 omni
2993 2242 3259 2298 memoria
3288 2244 3398 2298 duo
3435 2243 3578 2299 dun-

1994 2337 2148 2383 taxat
2181 2337 2451 2384 memorat
2501 2330 2811 2386 mascnlina
2856 2329 3048 2385 Graeca
3078 2331 3132 2386 in
3167 2333 3231 2398 Α,
3266 2348 3443 2403 eaque
3473 2335 3578 2391 mi-

1995 2421 2147 2477 nime
2179 2436 2208 2474 a
2255 2437 2313 2476 se
2348 2422 2512 2489 lecta,
2568 2422 2665 2477 sed
2708 2420 3061 2478 Eudzemonis
3108 2424 3213 2479 fide
3246 2424 3577 2493 Pelusiotae;

1996 2514 2119 2584 ejus
2146 2514 2363 2584 opinor,
2389 2514 2551 2584 cujus
2583 2514 2784 2567 librum
2811 2514 2878 2569 de
2906 2513 3311 2587 Orthograpbia
3345 2518 3579 2590 Stepha-

1998 2621 2104 2660 nus
2135 2604 2460 2677 Byzantius,
2492 2613 2556 2660 et
2599 2605 2801 2661 Suidas
2832 2614 2886 2661 et
2925 2606 3285 2679 Etymologici
3339 2611 3583 2684 scriptor

2000 2699 2404 2753 citant.ilorum
2434 2715 2605 2754 unum
2637 2699 2915 2771 Illyricum
2949 2716 3072 2756 esse
3106 2718 3328 2769 nomen,
3352 2720 3420 2760 ex
3468 2706 3586 2778 epi-

2001 2800 2308 2860 grammate
2331 2792 2593 2862 quodam,
2616 2791 2868 2863 Πατὴρδ’
2885 2790 2975 2862 ἔμ’
2999 2791 3115 2864 [89]
3132 2793 3299 2864 ἔφυσε
3323 2795 3583 2861 κόπαινα,

2002 2882 2121 2950 ἦτοι
2188 2883 2511 2951 Κοπαίνης·
2580 2882 2994 2953 Syracusanum
3048 2883 3283 2940 alterum
3339 2900 3406 2940 ex
3477 2886 3585 2942 So-

2005 2973 2238 3042 phronc,
2273 2974 2301 3027 ὁ
2354 2973 2629 3045 Μύριλλα.
2679 2972 3047 3044 Democopuut
3081 2974 3339 3031 videlicet
3395 2977 3586 3032 archi-

2006 3069 2229 3128 tectum,
2285 3078 2411 3118 cum
2472 3064 2756 3131 theatrum
2819 3063 3220 3120 cxaediticasset
3266 3064 3582 3137 Syracusis.

2005 3157 2208 3229 populo
2240 3154 2446 3209 viritim
2486 3163 2829 3226 unguentum
2861 3154 3237 3220 distribuisse,
3261 3163 3314 3211 et
3341 3173 3406 3212 ex
3437 3174 3498 3212 ea
3526 3172 3587 3212 re

2005 3256 2376 3321 cognomento
2430 3256 2682 3303 vocatum
2723 3262 2846 3303 esse
2876 3245 3191 3321 Myrillam:
3246 3265 3440 3322 nempe
3480 3249 3591 3304 ἀπὸ

321 3353 590 3409 morabile
642 3351 897 3407 fecerint.
951 3348 1087 3403 illud
1127 3362 1257 3403 vero
1302 3350 1523 3411 durum,
1575 3346 1722 3417 quod
1758 3343 1899 3417 apud

2004 3341 2094 3396 τοῦ
2129 3341 2302 3412 μύρου
2334 3339 2642 3413 Μύριλλαν.
2678 3337 2789 3409 Ego
2829 3355 2956 3394 vero
3006 3337 3395 3395 Eudaemonem
3435 3340 3587 3397 illum

319 3444 711 3531 Theophanem
744 3455 830 3499 est
861 3442 1119 3512 Ἰωάννης
1155 3442 1183 3494 ὀ
1212 3440 1443 3510 ἐπίκλην
1486 3439 1750 3508 Ἠμοῦλα.
1792 3437 1899 3492 Nec

2004 3434 2170 3503 iubeo
2188 3432 2442 3505 ,κρόμμυ’
2467 3431 2696 3496 ἐσθίειν,
2727 3437 2786 3485 ut
2813 3430 3092 3485 hominem
3136 3429 3442 3487 infortunio
3475 3447 3594 3489 ma-

319 3552 347 3590 a
385 3530 619 3593 Victore
668 3536 845 3590 solum
884 3542 1115 3588 vocatur
1181 3531 1430 3595 lfemula,
1468 3531 1564 3586 sed
1607 3530 1906 3585 Anastasio

316 3627 525 3693 etiam,
593 3625 688 3696 qui
757 3623 1145 3692 Theophanem
1217 3622 1268 3675 in
1339 3621 1598 3674 Latinum
1674 3633 1908 3674 conver-

316 3719 437 3773 tit:
506 3732 538 3770 a
603 3714 858 3770 Liberata
935 3714 1178 3767 Diacono
1249 3710 1490 3766 Joannes
1558 3709 1739 3774 Mela;
1800 3710 1906 3764 nisi

319 3810 568 3864 fortasse
619 3805 904 3875 depravati
963 3810 1096 3859 sunt
1130 3803 1377 3859 codices.
1420 3802 1500 3856 Ex
1538 3798 1746 3857 Graecis
1778 3812 1908 3855 verr

317 3898 699 3969 scriptoribus
734 3897 890 3952 solus
931 3892 1299 3965 Theophanes
1341 3904 1393 3947 et
1440 3893 1607 3949 semel
1645 3894 1911 3946 duntaxat

318 3989 677 4062 cognominis
705 3988 831 4056 ejus
861 3987 1197 4042 mentionem
1233 3984 1367 4038 facit
1406 4002 1419 4038 :
1459 3985 1675 4039 czeteris
1700 3983 1913 4052 simpli-

318 4085 457 4138 citer
485 4081 743 4136 Joannes
767 4087 1022 4143 vocatur,
1059 4077 1370 4147 Nicephoro
1399 4073 1511 4147 [88]
1555 4074 1908 4138 Patriarchze,

319 4169 638 4240 Nicepiioro
698 4167 965 4232 Callisto;
1020 4166 1163 4220 sicut
1217 4174 1271 4218 et
1328 4164 1558 4219 Leontio
1622 4163 1909 4235 Byzantio,

319 4260 724 4329 Chronicoque
782 4257 1073 4313 Orientali.
1124 4256 1247 4323 Quo
1289 4256 1464 4326 magis
1521 4254 1809 4319 adducor,
1853 4262 1913 4309 ut

322 4353 589 4430 vitiosum
618 4366 744 4406 esse
797 4348 933 4405 illud
985 4349 1215 4405 verbum
1257 4348 1602 4413 existimem;
1650 4355 1705 4401 et
1746 4347 1912 4401 istum

318 4445 566 4513 apicem,
609 4442 704 4513 qui
743 4443 800 4496 in
842 4441 1003 4496 libris
1057 4455 1192 4497 mss.
1241 4438 1690 4494 terminationem
1726 4453 1789 4501 ας
1836 4437 1915 4491 si-

2006 3535 2213 3584 ctetn:
2281 3524 2558 3594 siquidem
2614 3524 2813 3594 religio
2880 3531 3001 3579 erat
3063 3523 3361 3580 Pelusiotis
3425 3541 3593 3598 cepas

2007 3629 2255 3689 gustare.
2290 3618 2428 3673 Nam
2470 3615 2723 3688 profecto
2774 3603 3313 3688 de'Syracusiorum
3358 3618 3593 3676 dialccto

2011 3728 2135 3767 cras
2165 3711 2355 3775 credo,
2398 3710 2561 3765 hodie
2613 3709 2770 3763 nihil.
2806 3707 3137 3764 Theocritus
3184 3708 3593 3781 Syracusanus,

2011 3804 2103 3874 qui
2139 3804 2398 3859 idiomate
2431 3801 2726 3856 vernaculo
2762 3808 3028 3871 perpetuo
3069 3810 3152 3856 est
3191 3818 3325 3857 usus
3351 3802 3596 3869 (Μοῦσαν

2011 3894 2058 3946 δ’
2084 3892 2301 3961 ὀθνείην
2335 3890 2520 3944 οὔποτ’
2563 3891 3001 3961 ἐφειλκοσάμην)
3030 3907 3217 3947 annon
3269 3895 3309 3945 Σ
3355 3895 3595 3951 litteram

2013 3985 2223 4067 ubique
2248 3991 2457 4049 servat,
2486 3984 2782 4054 Δαμοὶτας,
2814 3983 3129 4049 Μενάλκας,
3159 3983 3453 4057 Ἀμύντας,
3479 3988 3601 4041 Διο-

2013 4076 2269 4140 κλείδαςῗ
2318 4074 2435 4129 Non
2480 4076 2678 4146 Apollo
2716 4075 2988 4146 Δαφνίτας
3040 4075 3333 4148 Syracusis
3378 4079 3599 4137 coleba-

2014 4168 2143 4222 tur?
2174 4166 2292 4222 Non
2346 4166 2570 4223 Hicetas
2601 4166 2936 4240 Syracusius
2960 4166 3326 4239 philosophus
3357 4185 3388 4224 a
3434 4169 3595 4227 Cice-

2014 4276 2149 4316 rone
2176 4261 2440 4317 laudatur
2474 4261 2528 4315 in
2574 4260 2952 4315 Academicis?
2981 4277 3085 4316 non
3117 4277 3309 4315 eorum
3343 4278 3598 4321 sermone

2016 4353 2272 4420 γαφάγας
2308 4352 2595 4406 lumbricus
2632 4351 2773 4421 apud
2807 4349 3209 4422 Elymologicon
3230 4348 3259 4406 .9"
3289 4368 3399 4407 non
3430 4353 3598 4411 dissi-

2019 4447 2167 4501 mulo
2225 4446 2369 4516 apud
2442 4444 2775 4517 ilcsychium
2837 4445 3107 4514 scriptum
3167 4461 3293 4501 esse
3344 4447 3596 4517 Γαφάτα,

320 4552 491 4608 guare
536 4537 700 4602 solet,
748 4535 818 4591 ab
849 4533 1160 4605 indiligenti
1210 4531 1442 4588 librario
1466 4539 1739 4587 mutatum
1790 4546 1913 4587 esse
1945 4547 1989 4600 ι)
2021 4538 2272 4609 σκώληξ’
2326 4537 2420 4594 scd
2456 4554 2584 4592 vero
2629 4537 2834 4609 duplici
2876 4551 3090 4592 errore.
3141 4533 3276 4591 Nam
3321 4540 3528 4595 excidit
3560 4541 3601 4594 Σ

318 4631 407 4685 vel
433 4627 893 4699 praetermissum.
920 4624 1234 4681 Praesertim
1266 4641 1391 4680 cum
1420 4631 1625 4680 cuncta
1657 4623 1710 4677 id
1735 4638 1899 4694 genus

2016 4632 2224 4694 littera,
2268 4638 2327 4683 ut
2360 4646 2461 4685 usu
2508 4629 2695 4685 venire
2730 4631 2893 4696 solet,
2936 4647 3062 4686 cum
3118 4633 3366 4701 proxime
3398 4635 3591 4692 subsc-

322 4724 554 4775 nomina
582 4728 779 4791 praeter
802 4720 909 4775 hoc
933 4732 1101 4773 unum
1131 4717 1198 4769 ali
1221 4717 1342 4786 ipso
1366 4712 1700 4785 Theophane
1727 4729 1826 4785 per
1847 4729 1915 4776 ας
2016 4732 2224 4793 quatur
2253 4723 2424 4776 altera
2453 4742 2465 4777 :
2501 4722 2544 4774 T
2583 4732 2765 4778 autem
2801 4722 3063 4778 facillime
3092 4730 3336 4780 mutatur
3362 4727 3415 4781 in
3452 4726 3514 4790 Γ.
3546 4741 3605 4784 ιιι

322 4816 489 4872 scribi
520 4814 771 4879 videam;
794 4811 1047 4883 Ἀρέοας,
1069 4802 1339 4875 Ἀττῐλας,
1363 4809 1698 4879 Μασάλμας,
1721 4806 1914 4861 Ἀϐου-

323 4909 524 4972 λάῦας,
569 4902 896 4970 Κουτζίνας,
942 4902 1051 4957 alia
1083 4901 1514 4973 quamplurima.
1564 4901 1755 4971 itaque
1812 4899 1916 4953 hoc

326 5000 382 5053 in
418 4999 563 5064 loco,
591 5008 652 5051 nt
704 5010 828 5051 mea
880 4993 989 5050 fert
1036 4995 1250 5065 Opinio,
1280 4992 1428 5049 facta
1466 5002 1551 5049 est
1589 4990 1919 5063 Theophani

328 5092 560 5162 injuria.
614 5089 749 5153 Nec,
787 5089 935 5159 quod
984 5089 1316 5145 Anastasius
1352 5094 1407 5141 et
1440 5085 1635 5142 Victor
1687 5085 1919 5141 iiemula

331 5184 531 5239 Latine
564 5187 916 5251 nuncupant,
944 5195 1058 5235 non
1099 5177 1403 5244 Hemulas;
1432 5178 1607 5250 magis
1642 5179 1697 5234 id
1730 5193 1922 5248 quem—

333 5289 505 5345 quam
534 5287 759 5328 moverc
786 5270 1154 5343 debet,quam
1190 5271 1338 5341 quod
1366 5270 1577 5325 Attilaa
1604 5269 1816 5324 Latinis
1836 5268 1924 5322 di-

333 5367 504 5433 citur,
537 5365 633 5436 qui
656 5363 868 5421 Graecis
886 5373 971 5419 est
992 5363 1265 5427 Ἀττῐλας.
1289 5362 1426 5417 Nam
1464 5363 1751 5434 peregrina
1773 5362 1921 5433 ejus.

335 5457 553 5514 remedi
586 5456 809 5511 nomina
840 5452 1015 5511 Graeci
1042 5453 1340 5525 Latinique
1384 5455 1570 5509 neutri
1609 5452 1682 5508 ab
1713 5453 1922 5517 alteris,

337 5549 435 5605 sed
466 5549 698 5619 a‘bipsis
722 5546 986 5603 Barbaris
1012 5549 1231 5620 utrique
1259 5544 1612 5617 acceperunt.
1655 5542 1796 5601 Toto
1822 5546 1926 5616 igi—

339 5650 431 5697 tur
461 5644 609 5700 cmlo
626 5642 836 5699 erravit
870 5640 1217 5707 Priscianus,
1244 5654 1374 5699 eum
1406 5636 1573 5699 Turio
1591 5650 1647 5698 et
1674 5640 1928 5712 Bagrada

268 5758 275 5763 ι
340 5733 569 5801 (Africa:
602 5741 739 5791 sunt
775 5734 881 5790 ista
927 5733 1181 5804 ilumlna)
1217 5734 1486 5791 declinari
1515 5741 1674 5804 putat
1721 5749 1750 5787 a
1787 5733 1926 5787 Tou-

1954 5200 1967 5221 \

2021 4816 2155 4870 alibi
2193 4815 2515 4886 Στὲνυτρον,
2552 4815 3054 4889 εὖρυπωδέστερον,
3097 4818 3456 4888 συριγγῶδες,
3504 4836 3605 4891 pro

2022 4908 2347 4977 Στενυγρὸν,
2379 4906 2708 4979 εὐριπῶδες,
2747 4908 2957 4974 στενὸν,
2992 4909 3351 4981 συριγγῶδες.
3384 4909 3462 4967 Ne
3490 4912 3608 4984 ipse

2022 5001 2245 5071 quidem
2310 4998 2564 5070 Sophron
2636 5000 2798 5055 aliter
2854 5001 3072 5057 locutus
3146 5012 3252 5057 est.
3307 5003 3606 5062 Athenaeus

2021 5092 2123 5147 lib.
2148 5109 2222 5147 vu
2251 5109 2265 5145 ε
2303 5093 2415 5146 Καὶ
2466 5093 2620 5166 παρὰ
2651 5092 2896 5162 Σώφρονι
2932 5095 2959 5147 ὁ
2991 5091 3349 5166 Θυννοθήρας,
3380 5106 3436 5153 et
3465 5114 3607 5170 καρ-

2027 5183 2226 5255 χαρίας
2261 5183 2547 5253 aliquanto
2586 5183 2843 5247 inferius.
2874 5199 2928 5255 p.
2964 5182 3092 5250 506,
3126 5185 3388 5257 Σώφρων,
3424 5186 3609 5242 θυννο-

2028 5273 2231 5345 θηραία
2260 5272 2317 5328 δὲ
2340 5273 2555 5343 γαστὴρ
2585 5274 2891 5344 καρχαρίας
2916 5273 2945 5325 ὁ
2967 5275 3185 5340 κάτινος
3204 5275 3390 5346 δῆσθε.
3411 5275 3607 5332 Priora

2028 5365 2192 5421 verba
2254 5381 2377 5434 qua!
2430 5362 2764 5420 Casaubono
2816 5364 3125 5421 molestiam
3178 5368 3477 5435 creabant,
3524 5369 3609 5427 sic

2028 5454 2148 5527 iege
2191 5474 2204 5510 :
2249 5455 2491 5527 Σώφρων
2522 5453 2886 5527 θυννοθήρα.
2924 5456 2984 5511 Ἀ
3019 5458 3075 5512 δὲ
3122 5459 3357 5534 γαστὴρ,
3410 5459 3463 5515 id
3497 5471 3606 5525 est,

2032 5546 2358 5621 θυννοθήρᾳ.
2404 5545 2675 5603 Nimirum
2706 5546 2811 5605 iste
2842 5548 2980 5605 liber
3028 5547 3380 5623 Θυννοθήρας
3408 5551 3609 5607 inseri-

2031 5649 2157 5711 ptus
2184 5638 2546 5713 est.-Etymal.
2573 5639 2629 5695 in
2653 5641 2805 5696 Ἥῖα.
2834 5641 2930 5705 ’Ὡς
2959 5658 3092 5712 φησι
3119 5639 3364 5714 Σώφρων
3380 5643 3442 5696 ὲν
3468 5641 3609 5697 Θυν-

2032 5732 2254 5803 νοθήρᾳ.
2298 5731 2435 5788 Male
2466 5732 2593 5787 alibi
2630 5733 2687 5785 ἐν
2719 5731 3107 5804 Θυννοθήριις.
3146 5732 3302 5801 Quod
3328 5735 3375 5788 si
3419 5749 3607 5792 verum

345 5822 467 5894 ρίας
496 5833 554 5881 et
593 5822 907 5895 Βαγράδας.
942 5825 990 5880 Α
1035 5820 1245 5882 Gracia
1267 5824 1492 5897 quidem
1533 5821 1730 5892 Ἰόϐας,
1762 5824 1899 5879 Μικέ

2031 5822 2281 5914 οςιὶιιιιά
2302 5822 2750 5907 ⁵ιίιχῐλιι-ιιοιιοῖιο,
2781 5825 2926 5895 vulgi
2954 5826 3079 5897 joco
3108 5841 3417 5897 cognomen
3445 5840 3605 5883 suum
