3966 6464
311 383 335 409 ”
390 392 523 456 U83.

1277 385 1377 446 DE
1410 383 1734 445 JOANNIS
1770 383 2093 443 ΜΑΙΑΙηίΕ
2125 381 2478 446 CHRONOG
2492 380 2787 443 RAPHIA

3536 385 3659 451 ’ἷδῆ

385 504 616 573 adeptus
642 514 766 557 esse
787 496 1067 560 videatur,
1090 494 1220 565 quia
1258 495 1517 552 fortassis
1545 510 1608 550 ea
1637 501 1965 563 tempestate
1994 499 2036 553 Α
2065 501 2331 564 tanquam
2363 494 2408 548 si
2456 495 2485 546 6
2533 493 2687 545 Κάτο
2732 488 2925 546 dicens
2976 497 3031 544 et
3058 491 3087 542 ὁ
3119 491 3349 563 Κίκερο,
3403 507 3462 549 se
3490 509 3664 564 egre-

390 592 689 665 Syracusis
736 597 927 646 scorto
1001 589 1246 658 cuipiam
1311 602 1421 641 non
1478 585 1709 657 ignobili
1769 600 1970 640 nomen

390 687 561 741 fuerit
611 683 847 754 Myrilla.
906 684 1040 736 Nam
1096 681 1346 734 mulieris
1397 678 1453 732 id
1493 679 1718 747 quidem
1767 692 1970 733 nomen

389 792 515 834 esse
576 776 863 846 proprium
921 774 1191 828 certiores
1228 787 1334 826 nos
1393 769 1523 823 facit
1573 776 1730 838 poeta
1781 768 1971 821 nescio

389 869 517 939 quis
548 869 692 923 inter
727 866 960 937 Lyricos
997 863 1063 918 ll.
1101 863 1384 933 Stephani.
1431 859 1786 930 Στρατόκλεις
1820 858 1973 926 φίλος

300 1004 311 1009 -
389 957 686 1029 Rufin-911;,
747 954 1113 1028 Στρατόκλεις
1152 954 1305 1023 φίλος
1352 952 1656 1021 Μυρίλλης.
1718 949 1823 1003 Ἴδε
1874 949 1973 1020 τὴν

390 1049 550 1119 φίλην
594 1050 856 1118 γυναῖκα,
924 1046 1173 1116 Κομόιει,
1230 1043 1461 1113 τέθηλε,
1509 1043 1737 1112 λάμπει.
1796 1039 1973 1094 Ῥόδον

389 1140 598 1193 ἀνθέων
651 1140 903 1204 ἀνάσσει,
949 1138 1131 1191 Ῥόδον
1176 1139 1233 1190 ἐν
1273 1137 1466 1206 κόραις
1508 1134 1779 1205 Μυρίλ).α.
1813 1133 1973 1199 Quod

391 1231 457 1284 ad
495 1231 749 1285 Κόπαινα
779 1231 999 1293 attinet,
1029 1230 1135 1285 etsi
1172 1245 1280 1284 non
1316 1226 1480 1282 facile
1525 1228 1686 1281 iidem
1718 1226 1972 1287 habeam,

389 1320 594 1376 viderit
623 1321 690 1377 de
723 1336 789 1377 eo
819 1322 988 1376 verbo
1030 1320 1446 1390 epigrammatis
1477 1330 1707 1382 auctor;
1740 1317 1832 1387 qui
1866 1316 1977 1369 for-

390 1421 559 1476 tasse,
588 1427 715 1466 cum
745 1412 1044 1468 barbarum
1086 1412 1330 1483 Illyrian
1375 1409 1779 1482 βαρϐαρίζοντα
1814 1408 1978 1461 indu-

391 1504 575 1569 xerit,
631 1504 774 1559 beue
828 1514 1104 1558 moratum
1160 1518 1383 1557 carmen
1445 1502 1642 1555 fecisse
1696 1500 1973 1554 videatur.

392 1594 551 1660 Quod
588 1598 632 1650 si
668 1598 792 1665 quis
822 1594 935 1669 [90]
969 1596 1282 1667 Illyriorum
1334 1595 1588 1663 exemplo
1638 1592 1895 1663 Ἰωάννης
1947 1592 1975 1644 ὁ

391 1685 620 1741 Μαλέλα
666 1687 912 1759 proferre
959 1688 1121 1747 velit:
1179 1687 1232 1742 id
1291 1684 1511 1757 quidem
1556 1685 1783 1756 perinde
1845 1691 1973 1748 est,

2074 584 2163 655 gie
2220 586 2371 654 loqui
2422 584 2612 639 Graece
2667 581 3005 647 contendat;
3044 585 3172 652 quia
3232 585 3377 653 apud
3439 586 3665 639 Aristo-

2074 677 2313 746 phanem
2342 677 2501 731 Caris
2548 675 2842 729 Cantilcna
2879 682 2985 737 est,
3021 675 3352 745 Θρεττανελὺ
3403 676 3491 732 τὸν
3542 675 3703 730 liti--

2075 768 2302 822 κλωπα·
2337 776 2391 823 et
2424 768 2642 838 Scythte
2674 769 2837 822 istius
2868 768 3050 822 Attica
3089 768 3356 837 elegantia
3389 787 3403 823 :

2192 884 2286 950 Ὦς
2301 882 2565 950 ἐλαπρός
2581 882 2785 949 ὥσπερ
2810 882 3020 949 ψύλλο
3048 882 3198 935 κατὰ
3222 883 3289 934 τὸ
3312 881 3510 937 κώδιο.

2180 949 2256 1006 Ὦ
2281 952 2467 1021 γρᾴδι’
2493 953 2570 1016 ὠς
2596 953 2875 1019 καρίεντό
2896 968 3001 1021 por
3028 952 3096 1004 τὸ
3126 953 3427 1020 τυγάτριο,

2180 1026 2302 1077 Κοὺ
2327 1022 2580 1076 δύσκολ’
2605 1023 2765 1076 ἀλλὰ
2796 1020 2952 1090 πρᾶο
2972 1037 2986 1050 ·
3023 1021 3143 1074 ποῦ
3176 1023 3241 1074 τὸ
3266 1021 3490 1090 γρᾴδιο.

2078 1134 2185 1190 Sed
2223 1136 2455 1189 nimium
2487 1136 2603 1201 diu,
2644 1137 2716 1188 mi
2740 1135 2918 1201 .Milli,
2959 1136 3014 1189 in
3047 1136 3284 1206 litigiosa
3333 1137 3435 1192 hac
3466 1138 3669 1208 dispu-

2076 1228 2286 1281 tatione
2325 1237 2377 1279 te
2426 1226 2747 1281 demoratus
2808 1243 2955 1281 sum.
3011 1227 3176 1280 Dabis
3224 1234 3404 1282 autem
3443 1231 3667 1286 veniam

2077 1318 2436 1384 necessitati;
2464 1333 2589 1372 nam
2620 1332 2831 1388 postea,
2857 1333 2954 1388 per
2975 1334 3061 1372 me
3094 1318 3243 1381 licet,
3266 1320 3359 1373 alii
3392 1328 3449 1374 ut
3476 1321 3671 1378 volent

2080 1411 2400 1481 loquentur,
2436 1426 2544 1465 non
2575 1410 2832 1480 equidem
2867 1411 3106 1477 invideo,
3134 1426 3317 1480 neque
3351 1411 3663 1468 intercedo.

2073 1503 2185 1557 imo
2209 1503 2491 1557 enimvero
2528 1503 2894 1557 invitissimus
2921 1503 3038 1556 haec
3073 1502 3298 1574 scripsi,

2195 1616 2292 1681 Ὠς
2313 1617 2427 1685 οὐχ
2459 1615 2771 1684 ὑπάρχων,
2800 1614 2959 1670 ἀλλὰ
2985 1617 3445 1686 τιμωρούμενος.

1706 2066 2317 2153 ADDENDA.

457 2412 602 2469 Ecce
625 2413 824 2469 iterum
848 2410 1160 2483 Crispinus.
1182 2410 1317 2466 Cum
1349 2410 1493 2465 enim
1517 2409 1699 2465 adhuc
1723 2409 1963 2480 supersit
1997 2416 2036 2472 Β
2067 2424 2187 2465 mor
2210 2409 2481 2465 Arundel.
2513 2407 2757 2479 (Edipus
2788 2422 2918 2463 vero
2942 2417 3210 2478 tyrannus
3239 2406 3516 2464 secundas
3539 2415 3671 2461 tan-

391 2497 599 2559 chartze
639 2504 1068 2575 aliquantulum,
1108 2510 1167 2556 ut
1212 2512 1405 2556 narrat
1439 2500 1858 2572 typographus;
1895 2501 1973 2555 ni-

394 2596 596 2650 mirum
625 2595 675 2650 ei
704 2609 932 2665 parcere
956 2594 1148 2660 stulta,
1178 2600 1241 2647 ut
1261 2593 1335 2646 ait
1359 2592 1469 2657 ille,
1492 2591 1632 2646 foret
1655 2591 1968 2646 clementia.

394 2685 725 2742 Pereurram
775 2685 944 2755 igitur
999 2683 1300 2755 Epistulam
1353 2667 1547 2748 totam,
1600 2682 1971 2737 adnotaturus

388 2777 718 2841 identidem,
742 2777 787 2831 si
814 2792 924 2848 qua
946 2776 1030 2831 vel
1061 2775 1350 2831 retractari
1379 2773 1702 2845 diligentius
1731 2774 1816 2828 vel
1847 2786 1972 2827 cor-

395 2870 494 2941 rigi
531 2870 791 2924 debeant.

413 3014 416 3017 Α
456 2959 763 3030 Principio,
797 2959 937 3016 bene
959 2958 1180 3029 quidem
1214 2957 1416 3012 factum
1449 2956 1595 3027 quod
1626 2956 1772 3028 (pag.
1812 2956 1867 3026 4)
1904 2954 1972 3010 de

391 3052 722 3125 etymologia
766 3050 862 3105 τοῦ
901 3048 1261 3122 Ἠρικεπαιου
1313 3049 1605 3119 supersedi
1661 3049 1968 3117 inquirere.

390 3143 655 3210 Quamvis
694 3142 840 3197 enim
887 3141 1011 3211 Ἥρι
1048 3141 1101 3194 in
1130 3140 1446 3196 Graecorum
1491 3140 1788 3195 verborum
1822 3154 1972 3194 com-

390 3233 670 3303 positione
703 3245 814 3285 non
836 3228 1168 3299 infrequens
1197 3229 1293 3295 sit,
1345 3229 1635 3300 Ἢριπόλη,
1666 3228 1969 3297 ἠριγένεια,

389 3324 691 3394 ήριγέρων,
750 3319 1045 3391 ὴριθαλέςο
1106 3319 1285 3375 nihilo
1342 3328 1524 3374 tamen
1579 3320 1762 3374 minus
1824 3334 1972 3389 pere-

392 3416 609 3485 grinam
640 3428 766 3469 esse
793 3426 985 3469 vocem
1027 3411 1160 3465 inihi
1195 3410 1386 3465 videor
1417 3418 1571 3465 certo
1606 3409 1968 3479 comperisse.

393 3502 680 3575 Siquidem
730 3519 837 3555 κεπ
881 3500 1116 3572 syllaba,
1161 3501 1308 3571 quod
1355 3499 1481 3570 jure
1531 3499 1771 3564 mireris,
1813 3499 1972 3568 plane

391 3597 568 3652 aliena
597 3606 683 3651 est
705 3604 870 3666 atque
892 3596 1172 3650 absona-a
1198 3592 1603 3649 consuetudine
1635 3607 1761 3647 cum
1794 3589 1968 3645 Graeci

391 3676 510 3744 tum
555 3687 737 3742 Latini
792 3687 1088 3742 sermonis.
1142 3688 1314 3740 Σκεπ.
1362 3684 1584 3755 quidem
1645 3685 1698 3738 iu
1753 3682 1967 3748 σκέπω,

390 3781 759 3853 περισκεπὴς,
799 3779 1132 3852 σκέπαρνον,
1168 3787 1300 3845 etc.,
1329 3796 1457 3832 κεπ.
1491 3788 1673 3832 autem
1709 3790 1973 3845 nusquam

392 3873 668 3936 occurrit,
695 3872 842 3942 quod
874 3873 1068 3935 sciam,
1102 3878 1473 3940 praeterquam.
1492 3870 1546 3923 in
1572 3869 1816 3936 Κέπφος.
1844 3870 1973 3922 Eam

392 3978 497 4035 ego
543 3969 773 4027 vocem,‘
815 3976 941 4017 cum
999 3961 1249 4016 solitaria
1299 3960 1372 4015 sit
1417 3968 1581 4027 atque
1621 3958 1821 4023 unica,
1881 3959 1973 4012 vix

391 4055 608 4121 dubito,
646 4054 781 4124 quin
814 4053 944 4107 olim
979 4051 1460 4123 pronuntiaverint
1489 4048 1671 4120 Ke/fos
1707 4065 1813 4104 non
1841 4047 1976 4118 Kep-

393 4149 478 4220 {os
499 4165 518 4203 :
547 4140 710 4218 prout
743 4146 909 4201 hodie
934 4142 1144 4212 Σαπφὼ
1172 4142 1322 4213 Sa/fo
1357 4142 1613 4208 dicimus,
1650 4157 1755 4196 nou
1786 4140 1970 4212 Sap/‘o.

340 4309 350 4318 ν
391 4242 549 4315 Apud
581 4240 811 4296 Latinos
841 4246 1026 4293 autem
1063 4253 1173 4290 κεπ
1208 4236 1473 4307 syllabam
1506 4235 1727 4290 brevem
1766 4233 1972 4289 frustra

391 4336 736 4405 quaesiveris.
800 4326 1413 4401 Conceptiofperceptio
1465 4336 1521 4383 et
1568 4327 1806 4391 similia,
1856 4345 1974 4398 κηπ

391 4428 596 4483 habent
652 4423 977 4496 productam
1033 4435 1062 4474 a
1102 4421 1334 4491 percepi,
1390 4419 1714 4488 concepi.-—-
1746 4424 1968 4487 Anceps,

390 4533 600 4590 auceps,
640 4518 882 4587 princeps
930 4513 1036 4582 κεψ
1071 4513 1127 4567 in
1185 4514 1465 4583 scriptura
1516 4511 1816 4574 exhibent,
1860 4525 1974 4563 non

390 4628 498 4667 κεπ
533 4626 546 4663 :
584 4623 762 4678 neque
794 4620 925 4661 vero
960 4603 1190 4659 casibus
1225 4603 1469 4673 obliquis
1516 4600 1729 4656 faciunt
1763 4602 1973 4669 aucepis

390 4709 486 4757 aut
514 4699 807 4769 priurepis.

458 4790 559 4861 Ep.
592 4805 646 4859 p.
682 4790 767 4842 12.
802 4783 919 4857 [91]
960 4783 1034 4839 Ut
1068 4791 1286 4854 egomet
1331 4784 1513 4839 vineta
1577 4797 1697 4838 mea
1743 4781 1971 4846 caedam,

390 4886 531 4941 falso
583 4880 793 4937 credidi
842 4890 956 4934 tres
991 4878 1130 4932 istas
1170 4875 1468 4947 Sophoclis
1519 4875 1736 4932 fabulas
1763 4892 1826 4929 ex
1867 4892 1975 4929 una

389 4972 677 5044 tetralogia
738 4969 930 5033 fuisse,
987 4966 1417 5021 continuatione
1484 4966 1739 5035 serieque
1797 4966 1975 5021 histo-

388 5066 486 5121 ria:
524 5065 580 5118 in
645 5077 766 5117 eam
823 5060 1143 5131 opinionem
1200 5057 1492 5113 adductus.
1527 5058 1669 5111 ’Λλὶα
1694 5059 1753 5112 οὐ
1792 5057 1973 5112 πεσών

388 5172 453 5227 γε
480 5155 730 5224 ἐκείμην.
769 5150 942 5219 Culpa
971 5149 1118 5205 enim
1153 5147 1421 5217 postridie
1444 5148 1785 5219 deprehensa
1814 5149 1974 5204 etiam

389 5244 631 5301 amoveri
658 5243 820 5298 facile
837 5242 1035 5312 potuit,
1051 5243 1096 5294 si
1117 5241 1565 5311 pertypothetam
1590 5241 1978 5297 lieuisset.‘A).-

386 5339 452 5392 λὰ
471 5336 531 5391 τὸ
567 5336 665 5407 μὲν
694 5330 1063 5404 προτετύχθαι
1094 5330 1331 5403 ἐάσομεν
1356 5331 1662 5404 ’ἀχνύμενοί
1690 5349 1815 5404 περ.
1847 5332 1977 5388 Cer-

389 5439 504 5483 tum
540 5437 624 5482 est
677 5443 771 5483 eas
801 5423 1100 5495 tragcedias
1149 5423 1311 5494 longo
1362 5425 1652 5494 interjecto
1684 5427 1975 5483 intervallo

391 5516 783 5575 fuisse’editas.
821 5518 1133 5587 Antigonen
1171 5518 1244 5570 ita
1272 5518 1545 5587 placuisse
1583 5520 1787 5585 ferunt,
1817 5528 1876 5574 ut
1910 5534 1974 5574 ea

388 5613 565 5681 gratia
594 5606 832 5683 praetura
874 5609 1138 5679 Sophocli
1179 5609 1571 5666 decerneretur
1606 5612 1658 5666 iu
1693 5613 1835 5668 bello
1878 5616 1974 5668 ad-

389 5717 580 5759 versus
615 5703 856 5759 Samios.
915 5701 1056 5772 Ergo
1106 5711 1229 5757 aeta
1278 5718 1403 5758 esse
1457 5704 1675 5758 videtur
1704 5720 1849 5759 anno
1885 5721 1966 5771 Ill,

394 5791 599 5866 'lemp.
641 5809 863 5859 Lxxxw,
898 5794 1077 5849 tetatis
1114 5794 1281 5867 Soph.
1315 5811 1427 5863 LVI,
1476 5799 1781 5852 secundum
1825 5796 1972 5852 Mar-

2081 2510 2193 2555 tum
2231 2501 2490 2566 obtinuit,
2526 2510 2581 2556 et
2607 2502 2786 2555 victus
2812 2506 2896 2555 est
2918 2515 2948 2554 a
2971 2498 3218 2555 Philocle
3251 2516 3264 2552 :
3295 2499 3429 2569 quin
3459 2507 3517 2554 et
3556 2499 3673 2553 οε-

2079 2592 2270 2664 dipum
2309 2592 2635 2659 Coloneum,
2677 2607 2838 2662 quem
2892 2599 3141 2645 extrema
3200 2600 3490 2645 senectute
3534 2588 3672 2645 fecit

2079 2685 2324 2739 omnium
2363 2684 2749 2749 novissimam,
2775 2681 3036 2737 editionis
3059 2690 3303 2748 tempore
3336 2681 3667 2736 antecessit.

2078 2775 2474 2845 Argumentum
2503 2772 2640 2829 OEd.
2672 2773 2805 2845 Tyr.
2841 2773 2963 2826 Εἰσὶ
2984 2772 3041 2825 δὲ
3073 2773 3166 2826 καὶ
3186 2772 3232 2824 οἱ
3266 2772 3542 2843 Πρότερον
3571 2773 3667 2825 αὑ-

2078 2866 2192 2928 τὸν,
2235 2866 2295 2918 οὐ
2345 2865 2622 2937 Τύραννον
2667 2864 3089 2934 ἐπιγράφοντες,
3138 2862 3227 2917 διὰ
3269 2864 3394 2925 τοὺς
3438 2863 3669 2934 χρόνους

2077 2961 2186 3013 τῶν
2211 2959 2572 3015 διδασκαλιῶν
2606 2960 2698 3013 καὶ
2727 2959 2815 3013 διὰ
2842 2959 2911 3011 τὰ
2944 2958 3267 3031 πράγματα.
3298 2956 3380 3010 lla
3411 2959 3667 3012 scriben-

2079 3050 2183 3105 dus
2217 3062 2303 3105 est
2339 3051 2445 3105 iste
2475 3050 2652 3114 locus,
2697 3064 2858 3119 quem
2898 3048 3080 3102 minus
3110 3047 3381 3101 intellexit
3433 3061 3666 3115 magnus

2077 3140 2454 3196 Camerarius.
2527 3141 2668 3195 Sunt
2726 3141 2819 3211 qui
2880 3139 3023 3193 hanc
3093 3137 3331 3192 fabulam
3388 3137 3662 3208 (Edipum

2079 3232 2324 3287 Priorem
2384 3232 2712 3297 inscribunt,
2767 3246 2880 3284 non
2926 3229 3064 3284 (Ed.
3122 3228 3481 3301 Tyrannum:
3534 3232 3663 3301 quia

2077 3323 2230 3392 prior
2258 3329 2378 3377 erat
2417 3338 2543 3375 eum
2577 3330 2822 3388 tempore
2856 3320 3112 3382 actionis,
3148 3329 3261 3374 tum
3296 3322 3446 3377 serie
3480 3336 3663 3377 rerum

2080 3422 2382 3482 gestarum.
2419 3411 2492 3464 Ea
2520 3410 2685 3480 hujus
2714 3410 2818 3465 loci
2852 3411 3123 3465 sententia
3167 3421 3272 3466 est.

2150 3503 2250 3573 Ep.
2273 3505 2442 3573 p.14,
2461 3519 2607 3558 vers.
2630 3503 2684 3557 5.
2703 3503 2877 3570 Auget
2906 3502 3261 3557 vehementer
3292 3504 3663 3575 suspicionem

2077 3604 2324 3649 nostram
2380 3595 2493 3663 ipse
2533 3593 2791 3648 Clemens
2835 3593 2887 3647 in
2926 3591 3293 3662 Protreptico,
3324 3597 3414 3663 qui
3449 3607 3663 3664 postea-

2079 3700 2240 3754 quam
2276 3700 2469 3740 versus
2512 3701 2608 3739 eos
2642 3694 2900 3753 tanquam
2935 3682 3271 3753 SophoeJeos
3290 3688 3663 3755 protulit,00-

2078 3779 2197 3833 τοσὶ
2240 3778 2359 3849 μὲν,
2402 3778 2500 3842 ait,
2538 3777 2637 3847 ἤδη
2666 3777 2761 3830 καὶ
2789 3775 3427 3847 παρακεκινδυνευμένος
3447 3781 3539 3831 ἐπὶ
3566 3780 3662 3850 τῆς

2078 3870 2286 3941 σκηνῆς
2341 3871 2442 3941 τὴν
2497 3870 2755 3940 ἀλήθειαν
2811 3872 2925 3933 τοῖς
2975 3867 3194 3931 θεαταῖς
3230 3872 3655 3942 παρεισήγαγεν.

2076 3962 2221 4035 Ergo
2252 3972 2306 4019 et
2333 3963 2634 4018 Clementis
2668 3963 2878 4032 judicio
2928 3960 2981 4013 itt
3015 3960 3216 4029 capitis
3268 3963 3514 4017 venisset
3545 3963 3659 4037 dis-

2076 4057 2303 4122 crimen,
2334 4057 2657 4126 quicunque
2691 4070 2786 4110 cos
2820 4054 2952 4109 olim
2991 4052 3048 4106 in
3090 4067 3309 4108 scenam
3352 4055 3658 4112 detulisset.

2075 4145 2112 4200 li
2149 4146 2278 4201 alibi
2312 4148 2554 4200 citantur
2578 4145 2682 4201 hoc
2715 4144 2964 4214 exemplo
2998 4164 3011 4200 :

2216 4280 2430 4352 8mm}
2460 4279 2530 4352 δε
2564 4282 3003 4349 πουλυκερδείᾳ
3027 4282 3405 4352 πλανώμενοι

2229 4351 2668 4421 Ἰδρυσάμεσθα
2690 4354 2977 4420 πημάτων
3003 4351 3398 4421 παραψυχὴν.

2219 4419 2381 4473 Θεῶν
2411 4421 2703 4488 ἀγάλματ’
2734 4419 2802 4474 ἐκ
2834 4423 3023 4476 ,λίθων
3047 4419 3111 4475 τε
3140 4419 3238 4478 καὶ
3260 4419 3479 4487 ξύλων

2222 4492 2297 4543 ’Ἠ
2322 4492 2783 4558 χρυσοτεύκτων
2809 4491 2847 4561 ἢ
2883 4493 3277 4561 ’λεφαντίνων
3303 4495 3555 4558 τύπους.

2075 4601 2465 4669 Quamobrem,
2495 4604 2622 4673 quia
2648 4604 2829 4657 nullus
2849 4605 2962 4669 jam
2999 4605 3150 4659 locus
3176 4612 3260 4659 est
3288 4620 3541 4660 censura:
3567 4620 3663 4659 no-

2076 4703 2202 4750 ειιω
2237 4695 2288 4747 in
2314 4694 2512 4749 πολλὸν
2550 4703 2608 4749 et
2643 4694 2912 4765 χαλκέων,
2942 4697 3048 4749 alia
3081 4695 3303 4752 aderam
3338 4705 3665 4767 argumenta

2075 4795 2316 4856 oportet.
2353 4801 2453 4840 cur
2483 4788 2757 4841 subdititii
2800 4789 2935 4843 sint.
2969 4787 3153 4843 Multis
3182 4804 3313 4842 sane
3346 4790 3659 4842 nominibus

2080 4893 2186 4931 non
2217 4877 2395 4946 placet
2435 4876 2567 4931 illud
2605 4877 3021 4949 πουλυκερδείᾳ.
3051 4877 3184 4932 Nam
3212 4878 3365 4946 quid,
3402 4878 3656 4940 obsecro,

2080 4967 2209 5023 facit
2240 4968 2411 5022 πουλὺ
2440 4969 2495 5023 in
2522 4969 2805 5039 tragoedia:
2840 4969 3237 5025 diverbio?est
3268 4970 3414 5024 enim
3447 4984 3514 5025 ex
3545 4969 3658 5023 dia-

2003 5094 2046 5150 ο
2080 5062 2220 5117 lecto
2270 5061 2472 5117 Ionica.
2523 5061 2705 5131 Neque
2756 5076 2887 5115 vero
2932 5062 3049 5115 δεια
3103 5062 3395 5130 spondmus
3441 5061 3494 5114 iu
3535 5061 3662 5115 sede

2084 5152 2199 5227 [92]
2233 5163 2431 5224 quarta
2463 5154 2592 5209 ferri
2632 5162 2812 5224 potest
2838 5164 3026 5209 contra
3066 5170 3273 5210 morem
3305 5152 3690 5229 consuetudi-g

2085 5262 2317 5315 nemqtte
2345 5245 2727 5316 Tragicorum.
2785 5247 3147 5302 Theocritus:
3182 5247 3293 5300 Καὶ
3322 5245 3663 5318 φιλοκερδείῃ

2084 5338 2464 5409 βεϐλαμμένον
2506 5338 2677 5409 ἄνδρα
2730 5338 3040 5409 παρελθεῖν.
3067 5337 3256 5409 Neque
3274 5353 3436 5407 porro
3467 5336 3662 5391 πουλυ-

2081 5429 2305 5499 κερδεία
2339 5431 2405 5484 de
2458 5430 2691 5483 avaritia
2727 5430 2906 5501 possis
2925 5430 3179 5498 accipere
3206 5445 3327 5483 eum
3366 5429 3663 5498 interprete
3738 5472 3741 5475 ς

2080 5520 2384 5576 Clemeutis
2421 5538 2434 5574 :
2465 5537 2657 5575 verum
2704 5536 2793 5593 eaq
2824 5522 3097 5575 sententia
3160 5520 3387 5574 nimium
3439 5519 3660 5587 quidem

2079 5618 2259 5682 inepta
2294 5623 2459 5681 atque
2482 5614 2717 5681 inlieeta,
2751 5615 2907 5684 quasi
2937 5616 2980 5667 si
3011 5612 3295 5684 prudentia
3314 5611 3431 5666 sive
3457 5610 3663 5665 astutia

2079 5706 2327 5761 homines
2362 5706 2417 5759 in
2460 5720 2704 5760 errorem
2740 5704 3059 5760 inciderint.
3110 5702 3480 5774 Πολυκέρδεια
3516 5700 3659 5756 enim

2076 5809 2160 5855 est
2193 5798 2525 5870 πολυῖδρεια⁶
2559 5808 2617 5854 ut
2644 5799 2866 5871 Ulysses
2904 5798 3229 5853 Homericus
3261 5815 3276 5854 :
