3966 6436
318 426 424 491 785

318 536 436 606 οὐκ
454 532 538 606 ea
564 534 889 606 sixéttsrat,
923 537 1337 606 πολυϊδρείῃσι
1364 542 1546 603 νόοιο,

310 603 467 658 Ἀλλ’
497 606 529 657 ό
554 604 671 673 μὲν
703 604 783 673 ἣν
816 604 1046 675 ἄλοχον
1076 603 1585 677 πολυκερδείῃσιν
1600 609 1810 679 ἄνωγε.

244 729 254 738 ‘
311 716 417 772 Sed
449 725 501 771 et
550 718 658 771 alia
702 717 873 773 fertur
904 720 1178 788 scriptura
1219 722 1390 776 nihilo
1418 723 1655 778 melior:
1688 723 1887 791 θνητοὶ

306 809 361 863 δὲ
392 807 578 862 πολλοὶ
620 811 816 880 καρδία
850 811 1215 881 πλανώμενοι.
1252 813 1384 867 Mihi
1439 814 1679 882 quidem,
1734 815 1887 869 salvo

307 900 538 953 aliorum
591 900 822 968 judicio,
866 918 960 955 nos
1017 904 1173 956 multi
1220 904 1495 967 mortales,
1544 918 1736 973 parum
1789 920 1885 957 or-

304 1000 434 1047 nate
487 993 596 1048 dici
654 993 872 1047 videtur
915 1010 1016 1065 pro
1065 996 1335 1066 elegantia
1400 996 1655 1065 Ἀττικῆς
1707 995 1886 1067 μελίτ-

304 1100 424 1153 της.
447 1083 551 1136 Sed
571 1091 850 1154 utcunque
862 1087 930 1139 de
955 1102 1017 1140 ea
1040 1102 1099 1141 re
1114 1090 1293 1142 visum
1326 1086 1489 1142 fuerit
1505 1088 1765 1143 eruditis:
1796 1103 1884 1141 ro-

304 1183 460 1243 gatos
493 1190 590 1245 eos
611 1176 907 1246 velim,qui
935 1179 1237 1233 luculenter
1256 1180 1441 1234 Graece
1474 1180 1675 1245 sciunt,
1704 1189 1883 1233 utrum

303 1265 506 1335 καρδίᾳ
564 1265 908 1336 πλανώμενοι
975 1270 1311 1324 domesticus
1389 1270 1463 1323 sit
1525 1272 1887 1337 sincerusque

305 1370 487 1410 sermo
532 1355 780 1420 Graecus,
838 1373 905 1412 an
951 1359 1134 1428 potius
1172 1360 1519 1429 peregrinus.
1550 1368 1607 1415 et
1646 1357 1884 1426 πονηροῦ

307 1443 913 1514 κύμματοςῖΝἱιηίΓιιιη
946 1464 1049 1503 suo
1078 1463 1137 1503 se
1157 1449 1363 1503 indicio
1395 1448 1639 1518 prodidit
1665 1447 1886 1502 Judaeus

307 1536 408 1590 iste
459 1551 643 1591 sorex.
684 1537 874 1608 Neque
925 1540 1068 1593 enim
1129 1539 1500 1595 Hellenismus
1540 1547 1648 1605 est,
1697 1555 1884 1594 verum

309 1628 666 1684 Ilebraisntus
700 1647 872 1700 purus
912 1639 1077 1700 putus
1120 1648 1183 1687 ev
1230 1648 1390 1688 sacra
1438 1632 1724 1702 Scriptura
1772 1642 1886 1687 tra-

310 1718 446 1774 latus
489 1728 658 1789 atque
716 1737 1037 1790 expressus.
1102 1721 1247 1779 Psal.
1311 1738 1458 1791 xcrv,
1496 1731 1571 1793 (et
1596 1722 1772 1791 Epist.
1815 1724 1884 1776 ad

318 1810 583 1878 Hebrteos)
617 1811 734 1864 Ἀεὶ
763 1812 1072 1867 πλανῶνται
1098 1817 1165 1885 τῇ
1207 1814 1429 1886 καρδίᾳ·
1463 1815 1560 1867 καὶ
1584 1815 1739 1868 αὐτοὶ
1784 1814 1885 1867 οὐκ

1358 430 1725 492 EPISTOLA
1766 427 1974 490 RICII.
2013 422 2401 485 BENTIJZII.

1909 535 2312 604 Aparativum,
2363 533 2668 588 absolutum
2720 545 2848 585 vero
2898 528 3182 598 εὗήροτον.
3210 523 3352 590 Quid
3404 524 3573 593 igitur-

3454 412 3564 476 78b

1990 627 2118 681 lict?
2151 628 2233 679 An
2261 625 2490 695 supplex
2520 624 2585 678 ad
2608 622 2938 693 Hesychium
2972 619 3186 684 adeam,
3220 632 3412 689 pacem
3449 615 3571 685 ejus

1989 727 2202 771 oratum
2247 726 2301 772 et
2348 716 2557 785 peccati
2585 714 2836 770 veniam?
2882 714 2996 767 lmo
3033 713 3174 767 enitr
3210 710 3347 764 satis
3380 716 3570 762 osten-

1989 808 2126 862 dunt
2154 823 2218 863 ea
2257 809 2424 862 verba
2454 816 2511 862 et
2548 808 2731 860 utendi
2798 814 3151 868 vetustatem,
3198 810 3254 857 et
3304 800 3567 856 emenda-

1990 898 2158 953 tionis
2192 914 2323 952 metc
2350 900 2747 967 praestantiam.
2767 896 2981 967 Quippe
3012 896 3120 951 nisi
3157 908 3256 965 ego
3279 894 3442 964 plane
3475 893 3572 946 de-

1989 989 2184 1057 Sipio,
2248 988 2328 1043 sic
2395 989 2466 1042 in-
2507 988 2922 1057 comparatione
2991 986 3287 1041 dicendum
3376 988 3567 1046 esset,

1986 1082 2298 1152 Εὐήροτον,
2349 1080 2782 1154 εὐηροτὼτερον,
2830 1079 3258 1151 εὐηροτώτατον.
3306 1076 3465 1145 Quod
3523 1075 3571 1129 si

1988 1188 2256 1242 reponere
2311 1175 2453 1228 velis
2510 1172 2915 1243 εὑηροτώτατον
2967 1171 3110 1240 apud
3154 1169 3380 1224 Suidatu
3417 1184 3432 1219 :
3456 1168 3569 1237 jaut

1986 1282 2050 1321 ea
2100 1283 2202 1321 vox
2252 1268 2474 1321 inverso
2518 1268 2713 1320 ordine
2754 1274 2876 1336 pest
2930 1266 3202 1334 Εὐήροτον
3248 1260 3568 1317 collocanda

1986 1366 2155 1413 esset.
2190 1358 2336 1429 Ergo
2363 1374 2696 1428 quocunque
2725 1368 2776 1412 te
2806 1364 3014 1420 vertas,
3042 1355 3402 1409 halluciuatio
3438 1354 3569 1406 Sui-

1986 1446 2068 1501 dae
2097 1457 2201 1513 est,
2230 1449 2325 1518 qui
2357 1449 2475 1502 sine
2505 1447 2671 1502 dubio
2700 1462 2798 1501 sua
2840 1446 2982 1499 male
3012 1445 3277 1499 conﬁnxit
3304 1458 3371 1496 ex
3402 1440 3572 1512 Hesy-

1985 1536 2227 1603 (ltianis,
2259 1538 2340 1593 vel
2373 1553 2438 1591 ex
2464 1537 2572 1593 illis
2602 1536 2746 1592 unde
2772 1551 2873 1593 sua
2905 1535 3183 1591 transtulit
3236 1533 3567 1605 Hesychius.

2060 1630 2289 1685 Ibidem.
2345 1630 2565 1696 Ἀντινι,
2597 1627 3066 1699 ἁντιδιενὲγμεθα.
3108 1625 3342 1697 Liquido
3394 1623 3572 1694 possis

1985 1719 2260 1789 dejerare,
2290 1719 2629 1792 Hesychium
2660 1720 2952 1791 scripsisse
2984 1720 3182 1782 ἁντινι,
3223 1717 3275 1772 id
3294 1716 3450 1772 enim
3482 1730 3574 1772 se-

1987 1813 2098 1866 ries
2125 1812 2432 1867 litterarum
2465 1812 2767 1883 elllagitat;
2808 1822 2863 1867 et
2899 1810 3031 1866 illud
3060 1809 3239 1865 ἁντιδι
3278 1823 3350 1865 ex
3388 1820 3575 1863 corre-

312 1899 545 1967 εγνωσαν
593 1901 693 1964 τὰς
724 1902 878 1966 ὁδούς
935 1921 1062 1974 μου.
1125 1905 1296 1960 Isaias
1344 1922 1483 1960 xvi:
1558 1906 1623 1959 Ἦ
1687 1906 1884 1977 καρδία

1996 1910 2139 1957 ctare
2162 1914 2349 1958 uatum
2374 1919 2514 1968 esse,
2551 1904 2831 1975 (λιιι-κακῷ
2848 1903 3017 1957 κακὸν
3042 1902 3249 1957 ἰάσατο.
3284 1901 3571 1970 Scriptura

317 2007 415 2059 μου
463 1991 754 2046 πλανᾶται.
789 1993 905 2049 1ηιο
939 1997 1218 2052 enimvero
1265 2012 1530 2065 negamus
1567 1998 1690 2065 ista,

317 2080 382 2132 Ἦ
403 2084 858 2148 χρυσοτεύκτων
884 2085 921 2153 ἣ
957 2086 1349 2154 ’λεφαντίνων
1377 2088 1607 2153 τύπους

320 2171 386 2224 ab
413 2172 623 2227 homine
651 2174 842 2230 Graeco
868 2178 1066 2230 nedum
1097 2193 1125 2231 a
1158 2179 1432 2249 Sephoele
1460 2181 1731 2249 proﬁcisci
1762 2196 1887 2250 pos-

326 2275 406 2315 se.
429 2262 606 2326 Τύπος
633 2265 802 2320 hocin
836 2268 955 2322 loco
985 2279 1069 2322 est
1101 2271 1218 2339 ipsa
1239 2279 1445 2336 statua,
1470 2272 1602 2324 αὐτὸ
1632 2272 1691 2325 τὸ
1716 2272 1888 2340 ἄγα).-

333 2354 536 2422 μα,οὑκ
567 2351 702 2418 εἶδος
738 2357 833 2409 τοῦ
864 2358 1202 2428 ἀγάλματος,
1237 2369 1298 2414 ιιι
1327 2362 1467 2431 apud
1504 2360 1799 2417 Isocratem
1832 2364 1886 2418 in

230 2460 238 2468 ·
323 2443 425 2495 line
449 2444 729 2510 Evagoraa:
755 2448 881 2512 τοὺς
913 2449 1010 2519 μὲν
1043 2449 1244 2513 τύπους
1275 2453 1570 2520 ἀναγκαῖον
1592 2453 1743 2524 παρὰ
1766 2454 1891 2508 τούο

315 2546 419 2593 τοις
446 2528 581 2586 εἶναι
619 2536 749 2605 παρ’
777 2532 857 2600 οἷς
892 2538 956 2592 ἂν
989 2539 1247 2594 σταοῶσι.
1286 2541 1539 2596 Dicerent
1563 2557 1692 2597 vero
1713 2543 1888 2598 Graeci

280 2648 287 2651 -
314 2620 381 2672 Ἦ
405 2624 836 2690 χρυσοτεὺκτονς
867 2626 899 2698 ἦ
954 2628 1323 2698 ’λεφαντίνους
1355 2630 1560 2695 τύπους
1579 2631 1748 2696 θεῶν,
1782 2648 1889 2688 ιιοη

314 2714 742 2781 χρυσοτεύκτων.
780 2716 939 2771 Velut
974 2721 1188 2785 εἰκόνας
1222 2722 1414 2777 dicunt
1446 2724 1652 2793 χαλκᾶς
1684 2725 1888 2793 Ὀλυμ-

319 2806 588 2874 πιονικῶν,
621 2824 730 2863 non
780 2810 1018 2880 χαλκῶν.
1048 2813 1430 2871 Artemidorus
1468 2834 1482 2869 :
1516 2815 1746 2886 χάλκεαι.
1779 2817 1888 2887 γὰρ

312 2897 514 2960 εἰκόνες
552 2899 663 2953 τῶν
710 2902 1012 2974 ἐλευθέρων
1059 2906 1424 2962 ἀνατίθενται.
1482 2905 1558 2961 Ita
1604 2910 1805 2977 passim
1834 2915 1889 2963 et

311 2995 491 3065 vulgo,
527 3008 585 3049 ut
621 2999 841 3068 quidem
883 3003 1215 3057 testimoniis
1248 3005 1321 3056 uti
1360 3002 1765 3073 putidissimunt
1806 3001 1892 3057 loc

311 3095 407 3141 ret.
438 3085 635 3158 Neque
689 3105 821 3145 vero
866 3092 1028 3147 aliter
1058 3092 1260 3149 Latini.
1309 3093 1641 3149 Lucretius:
1697 3092 1886 3147 Sinon

1990 2006 2019 2045 a
2050 1993 2223 2062 prima
2254 2008 2419 2049 manu
2452 1994 2555 2050 fuit
2587 1996 2641 2050 in
2667 1996 2813 2050 hunc
2848 1995 3064 2051 modum
3089 1990 3571 2063 εἈντιηνέγμεθα,

1986 2086 2385 2157 ἡναντιώμεοα.
2420 2087 2723 2158 Hesychius
2755 2089 3173 2159 autem,qui,ut
3200 2086 3437 2152 videtur,
3459 2101 3569 2139 non

1990 2176 2187 2231 leviter
2231 2187 2341 2231 tum
2369 2178 2649 2247 lippiclmt,
2682 2179 2763 2233 sic
2798 2179 2927 2249 legit
2957 2187 3011 2234 et
3045 2178 3305 2249 scripsit:
3342 2176 3572 2231 Ἀντινι-

1988 2274 2248 2343 νέγμεθα,
2291 2293 2341 2329 νι
2372 2286 2426 2329 et
2464 2293 2496 2347 η
2528 2276 2747 2345 paulum
2794 2273 2998 2343 oppido
3035 2274 3180 2328 inter
3200 2289 3262 2329 se
3289 2272 3566 2335 diﬁ'erunt,

1988 2373 2043 2420 et
2080 2363 2195 2437 [9t]
2231 2366 2498 2421 facillima
2527 2381 2659 2422 sane
2688 2365 2898 2421 erratio
2924 2374 3028 2420 est.
3071 2364 3218 2427 Nihil
3240 2365 3340 2419 hac
3380 2362 3571 2433 conje-
3604 2346 3623 2359 ‘

1989 2471 2147 2514 ctura
2178 2460 2521 2529 probabilius
2546 2460 2652 2516 dici
2683 2468 2882 2531 potest.
2921 2460 3349 2531 ’Avtt'qvéypeiia
3378 2459 3448 2515 ab
3474 2460 3570 2513 ἀν-

1987 2555 2304 2627 τιφέρομαι,
2337 2555 2740 2626 ὴναντιώμεϐα.
2770 2555 2890 2626 Ipse
2917 2554 3568 2627 IIesycb.‘Avrtcpépscat.

1988 2653 2349 2721 ἐναντιοῦται,
2383 2662 2436 2708 et
2464 2653 2880 2725 Ἀντιφέρεσθαι
2906 2650 3305 2713 ἐναντιοῦσθαι,
3335 2661 3390 2704 et
3441 2647 3571 2703 Sui-

1989 2746 2131 2801 das:
2178 2746 2609 2815 Ἀντιφέρονται,
2642 2746 3035 2802 ἐναντιοῦνται.
3083 2744 3189 2800 Sed
3231 2744 3571 2810 Ἀντιδιαφέ-

1993 2854 2158 2907 ρομαι
2196 2853 2473 2906 nusquam
2511 2840 2651 2908 lego.

2062 2928 2157 2996 Ep.
2188 2944 2239 2997 p.
2272 2929 2362 2989 47,
2395 2945 2446 2982 v.
2480 2930 2534 2982 4.
2590 2927 2838 2992 Πέπλους
2868 2944 2927 2980 τε
2957 2927 3119 2996 νῆσαι
3158 2923 3495 2984 λινοπλυνεῖς
3525 2923 3569 2973 τ’

1988 3019 2307 3083 ὲπενδύτας.
2330 3018 2443 3073 Vox
2469 3035 2531 3074 ea
2566 3019 2821 3073 bifariam
2848 3019 3019 3084 accipi
3050 3023 3247 3086 potest.
3278 3018 3385 3068 Aut
3408 3013 3572 3082 νῆσαι

1988 3110 2096 3165 erit
2128 3110 2349 3179 ΰφᾶναιο
2390 3112 2846 3180 quemadmodum
2885 3108 3079 3162 πέπλοι
3118 3107 3333 3176 ὲΰνητοι
3365 3106 3433 3160 ab
3458 3103 3571 3157 Ilo-

310 3195 465 3236 aurea
496 3193 621 3237 sunt
643 3186 898 3254 juvenum
924 3188 1219 3243 simulacra
1243 3205 1337 3258 per
1367 3188 1527 3252 ardes,
1565 3204 1673 3242 non
1703 3204 1885 3242 aureo-

1996 3216 2143 3255 mero
2172 3209 2464 3266 vocantur,
2497 3200 2645 3253 Ἔνθ’
2680 3200 2761 3254 ὲνὶ
2787 3198 2982 3253 πέπλοι
3005 3199 3212 3252 Λεπτοὶ
3239 3197 3455 3267 ὲΰνητοι
3483 3195 3571 3264 βε-

308 3286 438 3328 rum.
497 3275 706 3333 Plinius
747 3295 936 3347 χχχιιι,
965 3280 1038 3336 7:
1090 3281 1291 3350 Lignea
1335 3282 1509 3348 potius
1555 3290 1648 3334 aut
1695 3280 1887 3350 ﬁctilia

304 3363 530 3419 deorum
564 3369 880 3424 simulacra.
929 3370 1207 3428 Iuvenalis
1245 3390 1262 3429 τ.
1302 3372 1508 3442 Effigies
1564 3374 1704 3427 sacri
1757 3374 1887 3427 nitet

301 3476 463 3529 aurea
526 3466 900 3534 cercopitheci.
946 3467 1256 3524 Horatius:
1303 3470 1444 3534 Quid
1477 3468 1725 3537 referant,
1785 3484 1886 3539 quo

297 3565 452 3623 pacto
477 3557 538 3609 in
560 3557 788 3628 imagine
812 3576 962 3613 cerea
986 3561 1188 3630 largior
1214 3562 1408 3616 arserit
1425 3562 1582 3631 ignis.
1598 3560 1788 3631 Itaque
1803 3567 1892 3614 τύ-

299 3664 433 3709 πους
467 3649 843 3718 ἐλεφαντίνων
888 3650 1026 3705 θεῶν
1058 3653 1193 3707 nihil
1228 3654 1411 3708 minus
1436 3663 1521 3708 est
1550 3670 1715 3723 quam
1742 3652 1896 3708 Grae-

295 3751 358 3790 ca
385 3739 615 3794 oratio:
649 3756 711 3794 ea
744 3749 927 3797 tamen
969 3745 1143 3797 utitur
1176 3744 1386 3816 Sibylla
1418 3746 1516 3801 lib.
1540 3761 1600 3800 ιιι
1627 3762 1640 3800 :
1667 3743 1890 3810 ξυλίνων

296 3827 433 3882 θεῶν
473 3830 679 3885 εἴδωλα
710 3833 901 3890 dicens
942 3851 1040 3907 pro
1076 3835 1281 3901 ξύλινα.

297 3923 541 3989 Οἵτινες
562 3926 674 3978 οὐκ
702 3925 967 3994 ἀπάτῃσι
996 3929 1220 3995 κεναῖς,
1246 3928 1372 3982 οὐδ’
1395 3928 1512 4052 ἔρεξ’
1539 3929 1886 3998 ἀνθρώπων,

297 3993 546 4052 Χρύσεη
576 3995 671 4047 καὶ
697 3994 962 4052 χάλκειοι.
1001 4000 1097 4052 καὶ
1121 4000 1382 4052 dominoet
1412 4001 1448 4052 vi
1493 4002 1504 4017 ‘
1536 4000 1886 4052 ἐλέφαντος.

292 3993 671 4069 ξρῷοςξηνιαὶ
694 3993 962 4063 χάλκειοι,
1001 4000 1097 4052 καὶ
1121 3993 1382 4069 ἀργύρου
1412 3993 1504 4067 ἧδ’
1536 3993 1886 4069 ἐλέξοαντος.

290 4062 399 4137 Καὶ
441 4062 722 4128 ξυλίνων
754 4069 1002 4119 λιθίνων
1034 4086 1097 4121 τε
1125 4062 1282 4137 asciti}
1306 4062 1523 4123 εἷδώλα
1556 4062 1885 4137 καλιόντωιξ

290 4134 563 4207 (pigra,
596 4137 1014 4207 μιλτόχριστιι.
1044 4132 1369 4207 (coniugalem
1397 4132 1747 4205 τυποειδεῖς,

296 4202 586 4271 Τιμῶσιν.
614 4203 733 4258 ὅσα
762 4205 868 4258 κέν·
894 4223 957 4259 τε
997 4202 1202 4275 ~(ipost)!
1228 4202 1815 4278 ἆιενέόεοροιηιβούλῆ.

287 4295 499 4349 Eadem
564 4296 728 4351 habet
756 4297 1138 4368 I’rotrepticus
1168 4301 1490 4356 Clementis.
1525 4300 1662 4368 Quis
1727 4317 1891 4372 porro

289 4388 649 4443 intleiabitur
672 4392 725 4443 in
766 4391 959 4446 eodem
987 4393 1179 4448 doctos
1211 4410 1335 4449 esse
1361 4393 1489 4447 ludo
1522 4395 1887 4463 snlijectorem

287 4480 441 4533 hunc
500 4476 901 4543 Oraculorum,
936 4493 991 4535 et
1039 4486 1477 4538 commentitium
1528 4485 1681 4539 illum
1714 4485 1891 4541 lleca-

1991 3292 2216 3362 6λήατο,
2242 3292 2381 3362 ἔργα
2415 3284 2707 3361 γυναικῶν.
2738 3292 2841 3358 Qui
2867 3309 2896 3347 a
2925 3291 3196 3360 Sophocle
3232 3290 3454 3358 εὺῦφεῖς
3479 3301 3573 3341 vo-

1989 3394 2189 3440 cantur
2233 3386 2287 3439 iu
2323 3384 2635 3440 Tracbittiis
2671 3404 2686 3441 :
2726 3387 2917 3450 Ὅπως
2964 3386 3154 3458 φέρεις
3210 3401 3301 3454 μοι
3342 3382 3490 3437 τόνδε
3519 3381 3571 3450 γ’

1990 3477 2163 3547 εὑῢφῆ
2194 3476 2419 3532 πέπλον.
2447 3478 2555 3532 Aut
2575 3478 2680 3533 erit
2696 3479 2879 3548 νῆσαι,
2903 3479 3199 3552 σωρεῦσαι,
3224 3476 3572 3531 accumulare

1987 3570 2291 3638 vestem,in
2316 3570 2460 3627 arcis
2493 3580 2863 3641 reponere,ut
2891 3586 3010 3627 mos
3041 3581 3161 3627 erat
3192 3571 3569 3640 antiquorum.

1989 3659 2260 3717 Ilomerus
2297 3679 2311 3715 :

2006 3750 2103 3817 Ὧς
2152 3751 2310 3820 φάτό
2365 3754 2399 3807 ὁ
2456 3752 2830 3823 δ’ὐψόροςοον
2880 3752 3155 3822 θάλαμον
3196 3750 3572 3823 κατεϐήσατο

1991 3890 2213 3957 Εὐρὺν,
2250 3891 2341 3946 ὅθι
2368 3890 2552 3958 νητὸς
2583 3892 2811 3958 χρυσὸς
2840 3892 2938 3945 καὶ
2968 3822 3469 3959 χιιλκὸςὲίῗέῖἷιοός

2005 3961 2226 4028 Ἐσθής
2253 3964 2302 4014 τ’
2337 3963 2404 4017 ἐν
2432 3962 2738 4031 χηλοῖσιν,
2780 3962 2917 4027 ἅλις
2948 3965 2996 4015 τ’
3024 3961 3245 4027 εὑῶδες
3274 3963 3501 4015 ἔλαιον.

1991 4070 2056 4127 Ει
2078 4070 2207 4127 alibi
2249 4088 2263 4125 :

2350 4202 2362 4215 .
2453 4160 2667 4226 Ἐλένη
2700 4160 2768 4213 δὲ
2787 4160 3119 4228 παρίστατο
3158 4162 3573 4231 φωριαμοῖσιν,

2064 4200 2079 4215 ο
2159 4198 2174 4216 ο
2254 4202 2268 4217 ο
2350 4202 2362 4215 α
2469 4198 2647 4216 ιυνιῡιι
2700 4198 2764 4213 VG
2787 4198 2867 4214 ειυι
2913 4198 3119 4216 ιυιισιυ
3204 4198 3339 4215 ιυλιιι
3370 4198 3531 4216 ιυιυιι

1994 4233 2152 4287 Ἔνθ’
2201 4232 2359 4286 ἕσαν
2402 4234 2456 4285 οι
2498 4198 2720 4285 πέπλοι
2770 4198 3198 4300 nuit/zamia;
3232 4198 3367 4372 épcf
3386 4203 3578 4315 κᾴμεί·

2480 4340 2487 4345 ς
3293 4317 3467 4367 αυτη.

2480 4340 2487 4345 .
3269 4317 3467 4367 ιαυτη.

1994 4393 2179 4449 Possis
2210 4395 2397 4460 etiam,
2431 4405 2486 4450 et
2530 4398 2705 4465 magis
2735 4398 2959 4467 quidem
2994 4396 3245 4467 apposite
3277 4395 3345 4447 ad
3377 4410 3575 4449 nomen

1995 4486 2306 4555 Tragmdiae
2337 4488 2661 4556 Πλνντρίας,
2697 4490 2848 4559 νίψαι
2878 4504 3168 4559 reponere,
3210 4486 3440 4549 Lavato,
3464 4486 3574 4541 etc.

286 4572 497 4624 ttetnn?
536 4570 689 4635 Quod
732 4571 777 4624 si
826 4572 1014 4626 vicero
1060 4575 1123 4627 tle
1165 4574 1418 4629 versibus
1454 4575 1587 4629 falso
1619 4573 1880 4644 Sophocli

1996 4575 2267 4640 Πέπλους
2303 4594 2367 4630 τε
2398 4578 2568 4646 νίψαι
2599 4579 2991 4643 λινοπλυνεῖς
3022 4577 3071 4631 τ’
3110 4575 3468 4640 ἐπενδύτας.

283 4662 611 4723 attrihntis,
635 4663 803 4716 etiam
837 4664 971 4717 illud
994 4664 1406 4721 evidentissima
1423 4669 1719 4730 constabit,
1744 4669 1890 4735 quod

282 4753 417 4806 olitn
459 4753 624 4807 Philo
647 4751 950 4809 llerennius
980 4762 1035 4809 et
1069 4766 1288 4825 patrum
1320 4758 1581 4812 memoria
1610 4757 1723 4812 .los.
1759 4757 1892 4811 Sea-

293 4847 438 4913 liger
476 4846 752 4913 suspicati
799 4854 929 4900 sunt
963 4866 976 4900 :
1013 4863 1209 4918 nempe
1255 4849 1454 4902 librum
1492 4848 1641 4903 illum
1681 4849 1754 4903 De
1789 4849 1892 4903 Ju-

295 4937 455 4999 dwis,
484 4939 588 5006 qui
625 4937 727 4991 sub
764 4937 996 4993 llecata‘i
1029 4941 1253 4994 nomine
1296 4940 1593 5001 ferebatur,
1636 4958 1664 4995 a
1705 4942 1894 4998 Juda-o

294 5031 553 5102 quodam
589 5030 889 5086 Ilellenista
940 5031 1111 5087 fuisse
1167 5033 1503 5087 conﬁctum:
1567 5036 1712 5089 velut
1763 5036 1895 5089 Ari-

287 5132 472 5175 steam
500 5122 659 5174 illum
697 5122 814 5191 pari
845 5120 1111 5187 facinore,
1142 5140 1304 5193 quem
1332 5126 1743 5194 supposititium
1773 5144 1895 5183 esse

286 5213 640 5267 cenvincunt
668 5220 791 5281 post
809 5213 1063 5267 eumdem
1084 5213 1421 5284 Scaligerum
1446 5216 1536 5271 alii
1562 5217 1696 5271 hene
1716 5216 1891 5286 multi,

289 5304 345 5358 in
379 5305 599 5373 quibus
618 5305 864 5358 omnium
893 5306 1209 5361 doctissime
1239 5314 1293 5359 et
1323 5305 1704 5374 copiosissime
1725 5304 1894 5360 llum-

290 5395 493 5451 l'rcdus
534 5395 763 5464 Hodius,
797 5398 883 5453 cui
935 5398 1163 5453 multum
1210 5398 1339 5453 olim
1385 5398 1601 5453 debebit
1651 5398 1890 5453 llistoria

291 5488 714 5545 ecclesiastica.

365 5579 475 5651 Ep.
532 5597 586 5649 p.
627 5583 714 5636 53.
757 5583 1119 5653 Εὑηρὸτατον.
1155 5584 1353 5638 Suidas
1405 5584 1456 5638 iu
1495 5584 1694 5639 chico
1735 5604 1746 5638 :
1785 5586 1889 5638 Εὐ-

290 5674 574 5743 ηρότατον
604 5674 662 5726 τὸ
695 5675 866 5741 καλὴν
898 5676 1018 5745 ἕχον
1052 5678 1177 5748 γῆν,
1208 5678 1269 5730 τὸ
1315 5677 1600 5731 κάλλιστον
1628 5678 1725 5747 τῆς
1768 5678 1890 5747 γῆς.

290 5760 581 5835 Εὐήροτον
597 5765 656 5818 τὸ
675 5766 855 5829 καλῶς
878 5769 1302 5839 ὴροτριωμένον.
1326 5768 1489 5824 Vides
1522 5785 1648 5823 eum
1684 5779 1893 5824 utrum-

294 5868 404 5923 que
423 5856 757 5911 vocabulum
795 5873 1118 5929 agnoscere,
1141 5861 1235 5931 eor,
1248 5860 1470 5929 ρότατον
1487 5862 1703 5931 quidem
1735 5877 1889 5917 com-

2066 4668 2242 4738 Epist.
2288 4686 2341 4738 p.
2396 4669 2488 4732 60,
2538 4685 2588 4724 v.
2640 4669 2732 4734 29,
2792 4671 2969 4724 adde:
3013 4671 3158 4724 Idem
3220 4666 3575 4737 Hesychius:

1980 4762 2227 4828 Κυδρὸς,
2252 4761 2484 4825 ἔνδοξος,
2534 4763 2626 4814 καὶ
2652 4761 2720 4814 τὰ
2743 4762 2924 4831 ὃμοια,
2950 4762 3215 4830 γαυριῶν,
3250 4758 3527 4812 πεποιοῶν
3562 4760 3572 4775 ⁸

1996 4853 2251 4924 supinat;
2282 4853 2552 4922 σνγκοπὸν
2579 4853 2635 4906 δὲ
2664 4852 2757 4906 τοῦ
2792 4855 2989 4924 κύδρος
3037 4851 3446 4920 Καλλίστρατος
3477 4867 3577 4902 πε-

1997 4945 2220 5007 ποιθώς.
2244 4946 2536 5015 Nunquam
2560 4945 2869 5016 quidquam
2903 4946 3011 4998 vidi
3041 4944 3406 5013 inquittatius.
3439 4941 3581 5009 Lege

1996 5036 2260 5107 γαυριῶν,
2289 5036 2583 5101 πεποιθὼς,
2618 5037 2743 5089 Ἴων
2770 5036 3098 5107 Εὑριτίδαις·
3125 5034 3371 5103 συγκοπῇ
3397 5031 3453 5084 δὲ
3486 5031 3580 5084 τοῦ

1988 5128 2227 5195 ρκῦδος.
2279 5128 2707 5199 Καλλίστρατος.
2750 5129 2974 5182 verbum
3024 5128 3169 5180 enim
3218 5125 3579 5179 novissimum

1996 5221 2273 5283 πεποιθὼς
2299 5229 2384 5275 est
2416 5221 2729 5275 emendatio
2767 5220 2861 5273 τοῦ
2898 5218 3196 5273 πεποιθῶν.
3238 5216 3372 5273 Vide
3403 5217 3580 5286 Epist.

1980 5298 2118 5379 'pag.
2161 5310 2250 5373 55,
2296 5311 2384 5372 δι,
2435 5309 2525 5364 59.
2580 5309 2645 5363 Et
2686 5308 3037 5365 Callistratus
3083 5309 3303 5378 quidem
3344 5306 3505 5371 κῦδος
3549 5325 3578 5361 a

1996 5401 2191 5471 κυδρλς
2218 5400 2440 5455 deducit
2471 5403 2720 5470 συγκοπῇ
2751 5400 2843 5453 τοῦ
2871 5419 2933 5468 μ,
2965 5399 3056 5453 alii
3091 5398 3330 5454 vicissim
3386 5397 3579 5466 κυδρὸς

1996 5508 2025 5545 tt
2059 5493 2216 5556 κῦδος
2242 5493 2495 5547 derivant
2516 5492 2798 5545 ὲπενϐἐσει
2826 5493 2920 5546 τοῦ
2945 5510 3006 5559 ρ.
3042 5492 3216 5561 Etytu.
3258 5505 3437 5560 magn.
3466 5488 3581 5542 Κῦ-

1994 5584 2100 5646 ὃις,
2132 5584 2438 5655 κνδὸτερος,
2470 5584 2783 5650 maritatae,
2820 5583 3142 5652 πλεονασμῷ
3171 5582 3228 5633 δὲ
3250 5579 3343 5635 τοῦ
3368 5597 3409 5649 ρ
3434 5581 3581 5648 τίνει

1994 5692 2085 5729 ται
2111 5675 2329 5746 κυδρός.

2071 5768 2169 5836 Ep.
2228 5784 2281 5837 p.
2333 5768 2423 5827 78.
2472 5784 2522 5820 ν.
2579 5769 2673 5827 50,
2726 5769 2863 5822 adde
2916 5786 2929 5822 :
2986 5766 3292 5821 lllartianus
3354 5765 3578 5835 Capella

1995 5860 2246 5929 lib.,trt,
2296 5875 2417 5930 cap.
2461 5860 2527 5915 de
2574 5859 2842 5932 Analogia
2881 5879 2894 5914 :
2944 5859 3173 5926 Afueas,
3242 5857 3577 5930 Pythagoras
