3966 6440
462 395 570 458 737

1396 408 1492 467 DE
1524 409 1846 471 JOANNIS
1881 412 2200 471 unus
2242 380 2901 478 etmouoetupnu
3610 419 3703 488 733

460 514 636 587 Lycas
687 517 901 622 faciunt
947 518 1157 590 linea,
1192 521 1537 592 Pythagorae,
1578 523 1756 597 Lycas.
1816 528 2051 593 Quando
2084 566 2122 619 Α
2157 528 2785 625 tuum'Testamentum,
2812 533 2926 605 jam
2961 534 3075 591 fere
3104 534 3172 591 ad
3212 535 3529 595 umbilicum
3552 553 3706 606 usque

463 618 656 664 nostra
689 609 902 665 ratione
932 612 1182 677 nomina,
1214 626 1336 681 quae
1362 615 1628 684 genitivo
1665 618 1717 671 in
1744 616 1791 670 E
1822 626 2049 682 exeunt,

464 700 804 755 nominativo
834 700 879 753 Α
915 700 1223 771 liniuntur;
1255 711 1315 759 ut
1345 703 1604 761 Catilina:
1628 706 1894 764 Catilina.
1944 707 2051 763 Sed

462 790 580 845 haec
610 789 799 845 Graeca
829 800 978 860 sunt,
1003 793 1125 850 ideo
1150 795 1205 849 in
1240 797 1591 851 nominativo
1624 795 1663 851 S
1695 797 1932 851 litteram
1967 814 2053 853 re—

462 883 663 938 tinent.
702 882 963 959 Quasdam
999 893 1184 940 tamen
1236 887 1478 956 perdunt
1516 887 1555 943 S
1582 888 1821 943 litteram
1864 890 1921 943 in
1952 905 2055 945 no-

461 972 752 1037 minativo,
796 985 855 1028 ut
891 973 1103 1040 Nirea,
1144 976 1375 1032 Medum.
1408 978 1559 1048 Ergo
1596 981 1650 1034 in
1682 980 1770 1037 his
1800 981 2056 1036 nomina-

461 1066 590 1118 tivis
625 1069 970 1123 consuetudo
1000 1070 1273 1125 servanda
1305 1080 1411 1126 est.
1456 1071 1561 1127 Ubi
1605 1073 1897 1144 legendum
1942 1082 2051 1141 est,

463 1153 627 1211 Nicia
658 1171 713 1213 et
735 1159 955 1215 Demea.
980 1160 1114 1216 Vide
1143 1161 1322 1232 Epist.
1353 1178 1477 1234 pag.
1508 1164 1598 1218 85.

535 1249 632 1318 Ep.
664 1258 719 1321 ι).
750 1252 837 1318 75,
870 1270 922 1307 ν.
949 1253 1038 1307 55.
1067 1252 1173 1308 Sed
1193 1271 1470 1325 nusquam
1490 1257 1618 1311 alibi
1659 1265 1770 1312 tam
1796 1257 2054 1328 frequens

458 1355 656 1397 earum
685 1346 959 1400 vocalium
991 1345 1104 1418 [95]
1132 1348 1281 1403 inter
1308 1363 1366 1403 se
1392 1350 1724 1417 permutatio
1753 1357 1859 1414 est,
1886 1366 2052 1421 quam

465 1433 596 1489 iit-2
620 1435 786 1491 codd.
820 1452 959 1493 mss.
994 1439 1159 1509 longe
1202 1440 1636 1510 antiquissimis,
1681 1441 2055 1499 Alexandrino

462 1542 577 1584 uno
605 1528 662 1583 in
696 1529 1031 1587 bibliotheca
1066 1534 1366 1604 ltegia,qui
1396 1535 1608 1605 integra
1632 1537 1856 1591 exhibet
1883 1535 2056 1592 Biblia

462 1628 521 1674 et
548 1618 829 1689 Epistolas
858 1620 918 1676 S.
949 1622 1252 1679 Clementis
1300 1626 1371 1681 ad
1426 1626 1756 1683 Corinthios
1794 1644 1806 1681 :
1854 1627 2056 1683 Canta-

464 1710 730 1781 brigiensi
780 1720 965 1768 autem
1020 1715 1220 1781 altero,
1274 1717 1471 1771 mutilo
1505 1717 1729 1787 quidem
1773 1725 1828 1772 et
1860 1717 2057 1773 decur-

464 1810 613 1869 tata;
655 1806 859 1876 quippe
895 1808 989 1878 qui
1024 1810 1163 1863 Acta
1204 1808 1476 1864 duntaxat
1505 1810 1700 1865 habeat
1732 1816 1790 1866 et
1817 1825 2056 1880 evange-

2157 621 2481 690 perdn‘ctum
2523 642 2537 679 :
2589 641 2699 694 quo
2730 626 2785 681 in
2826 641 3016 696 Opere,
3043 628 3151 683 nisi
3196 642 3625 695 vererechoram
3656 632 3705 688 in

2153 726 2217 765 os
2246 722 2301 766 te
2337 713 2583 783 laudare,
2609 716 2849 771 dicerem
2879 733 3045 787 quam
3088 719 3256 789 longo
3287 721 3568 776 intervallo
3586 721 3708 778 allo-

2155 818 2274 856 rum
2303 806 2550 861 omnium
2589 808 2642 861 in
2674 823 2746 863 eo
2767 824 2968 880 genere
3005 811 3226 865 labores
3252 814 3377 883 p'ost
3404 818 3458 866 te
3496 812 3709 881 relique-

2155 897 2251 950 ris.
2291 894 2365 949 Ea
2400 906 2659 967 typorutn
2686 902 2959 970 elegantia
2988 909 3075 957 est
3101 908 3155 957 et
3204 901 3628 973 magniﬁcentia;
3655 918 3708 958 ea

2155 984 2211 1038 in
2236 986 2692 1044 adnotationibus
2708 991 2951 1047 eruditio
2981 992 3185 1055 elucet,
3212 993 3266 1046 in
3296 992 3464 1046 variis
3485 992 3711 1047 lectioni-

2155 1077 2259 1132 bus
2296 1077 2577 1134 industria
2611 1098 2626 1134 :
2653 1082 2853 1151 quippe
2876 1084 3082 1137 etenim
3107 1084 3173 1137 ad
3201 1097 3320 1137 eam
3349 1085 3556 1153 copiam
3579 1098 3712 1137 eom-

2155 1170 2459 1237 parandarn
2490 1173 2675 1225 omnia
2729 1171 2792 1226 S.
2826 1171 3054 1227 Patrum
3101 1175 3333 1244 scripta,
3377 1162 3562 1227 omnes
3585 1173 3713 1228 anti-

2153 1275 2299 1329 quas
2347 1265 2655 1331 versiones,
2704 1273 2759 1319 et
2805 1265 3079 1320 inﬂuitam
3122 1268 3233 1319 vim
3267 1266 3426 1321 codd.
3473 1280 3599 1319 mss.
3635 1278 3716 1318 cn-

2155 1353 2306 1407 riose
2336 1356 2662 1411 cxcossisti.
2701 1356 2998 1412 Enimvero
3046 1358 3180 1412 mihi
3221 1357 3559 1412 stomachum
3600 1355 3715 1410 sub-

2159 1443 2286 1498 inde
2310 1454 2533 1501 movent
2560 1447 2797 1516 imperiti
2832 1446 3057 1518 quidam
3091 1448 3344 1502 homines
3376 1457 3428 1500 et
3452 1446 3595 1500 nullo
3626 1459 3714 1501 usu

2156 1536 2424 1592 bonarum
2463 1538 2776 1592 litterarum
2827 1539 3066 1609 praediti,
3102 1538 3200 1608 qui
3229 1552 3449 1592 omnem
3494 1550 3713 1606 operam,

2156 1643 2281 1697 quia:
2312 1628 2367 1682 in
2403 1631 2574 1685 variis
2621 1630 2961 1685 lectionibus
3006 1631 3336 1700 colligendis
3385 1628 3714 1697 impenditur,

2157 1730 2253 1772 aut
2290 1719 2542 1775 inutilem
2564 1736 2691 1776 esse
2716 1722 3039 1775 existimant
3062 1730 3156 1775 aut
3184 1720 3449 1775 Ecclesia
3476 1719 3716 1789 periculo-

2156 1825 2299 1864 sam.
2337 1811 2540 1866 Eorum
2571 1828 2671 1883 ego
2699 1827 3007 1876 sermones,
3032 1828 3349 1884 quanquam
3386 1812 3585 1881 indigni
3605 1820 3717 1866 sunt

465 1895 663 1963 listas;
708 1912 899 1953 verum
932 1900 1077 1954 idem
1118 1918 1147 1955 e
1188 1903 1415 1971 regione
1444 1909 1690 1957 ostentat
1722 1900 2056 1971 interpreta-
2090 1902 2133 1956 Β
2162 1917 2399 1971 quorum
2455 1904 2566 1957 ulla
2618 1905 2762 1959 ratio
2814 1904 3108 1968 habeatur,
3170 1920 3281 1960 uno
3334 1905 3390 1958 in
3454 1902 3714 1972 praesentia

465 1987 673 2043 tionem
715 1998 961 2045 veterem
1002 1991 1252 2048 Latinam
1280 1993 1349 2047 ad
1382 1995 1611 2049 verbum
1642 1994 1713 2050 de
1735 1993 1929 2049 Graeco
1955 2009 2055 2049 ett-

464 2095 740 2150 pressam,
768 2083 1159 2154 dignissimam
1185 2100 1321 2141 sane
1345 2102 1469 2155 quae
1494 2102 1562 2141 ex
1588 2087 1871 2142 oblivione
1891 2095 2059 2156 atque

467 2174 713 2232 tenebris
745 2156 995 2232 tandem]
1016 2179 1323 2248 aliquando
1355 2180 1408 2233 in
1441 2179 1619 2233 lucem
1651 2180 1871 2234 edatur.
1921 2179 2055 2234 Ser-

467 2275 669 2322 vantur
716 2270 883 2323 etiam
922 2268 1122 2325 Oxonii
1163 2270 1306 2325 Acta
1344 2272 1742 2341 apostolorum,
1776 2278 2058 2327 vetustate

464 2361 693 2428 quidem
736 2363 876 2431 pari,
912 2364 1008 2418 sed
1049 2364 1307 2418 versione
1332 2364 1584 2439 multum
1615 2364 1876 2431 diversa;
1903 2373 1958 2418 et
2002 2365 2057 2418 in

463 2449 645 2505 Gallia
676 2450 917 2521 denique
944 2451 1203 2521 Epistolas
1227 2454 1410 2508 sancti
1445 2452 1628 2519 Pauli,
1658 2454 1753 2524 qui
1798 2453 1975 2509 codex
2003 2463 2058 2508 et

467 2543 801 2612 antiquitate
832 2552 887 2599 ct
915 2542 1114 2599 Latina
1145 2545 1401 2600 versione
1443 2552 1609 2615 atque
1628 2545 1768 2600 adeo
1801 2546 2056 2616 Scriptu-

466 2650 541 2694 ra:
570 2643 625 2689 et
648 2636 949 2694 voluminis
971 2636 1148 2693 forma
1180 2637 1627 2709 Cantabrigiensi
1661 2648 1851 2695 nostro
1875 2640 2056 2696 simil-

465 2716 635 2784 limus
694 2735 781 2785 est
837 2736 893 2785 et
936 2731 1422 2799 germanissimus.
1454 2732 1636 2802 Atque
1684 2732 1803 2787 haec
1832 2734 2054 2803 quidem

465 2821 595 2873 talia
624 2821 1123 2891 exemplaria,cuin
1150 2824 1273 2879 aliis
1301 2826 1559 2881 omnibus
1584 2825 1764 2881 ubivis
1786 2824 2051 2896 gentium,

464 2911 612 2982 quod
642 2912 918 2980 sciamus,
955 2916 1118 2985 longe
1154 2916 1421 2986 longeque
1455 2925 1509 2971 et
1535 2917 1809 2986 dignitate
1837 2926 1890 2970 et
1919 2925 2058 2971 tem-

464 3020 596 3072 pore
634 3008 990 3072 antecedant,
1037 3022 1218 3078 neque
1252 3007 1557 3078 quidquam
1594 3008 1759 3063 hodie
1808 3008 2055 3078 supersit

461 3095 647 3152 simile
669 3105 767 3152 aut
783 3098 1124 3165 secundum,
1141 3116 1267 3155 cum
1290 3100 1456 3155 tineis
1476 3101 1805 3171 (prohdolor
1827 3102 1867 3172 ι)
1887 3111 2055 3171 atque

460 3190 719 3245 muribus
747 3191 1053 3257 luctantur,
1079 3200 1136 3248 et
1152 3200 1277 3263 utut
1307 3194 1377 3248 iis
1398 3193 1653 3249 incendia
1684 3193 2051 3263 pepercerim,

462 3284 586 3353 ipso
608 3286 769 3341 senio
807 3286 956 3340 intra
988 3304 1169 3343 annos
1196 3256 1425 3359 [paucos
1456 3305 1566 3344 non
1601 3289 1765 3345 dubie
1805 3289 2052 3360 peritura

463 3382 614 3430 sunt.
639 3374 721 3431 Tu
754 3390 908 3444 vero,
935 3377 1069 3433 Milli
1109 3378 1460 3445 doctissime,
1495 3381 1590 3452 qui
1618 3381 1864 3435 omnium
1902 3394 2051 3437 mor-

462 3465 657 3521 talium
692 3468 935 3525 maxime
967 3470 1023 3525 in
1054 3486 1122 3526 eo
1174 3472 1366 3527 studio
1408 3481 1664 3528 versatus
1698 3488 1783 3536 es,
1813 3488 1920 3529 non
1956 3489 2055 3543 pa-

460 3559 619 3615 tieris
657 3560 803 3617 hanc
834 3561 1053 3617 laudem
1083 3564 1184 3619 tibi
1216 3565 1458 3635 praeripi,
1492 3566 1589 3621 sed
1623 3566 1931 3621 maturabis
1960 3580 2054 3621 ve-

460 3652 707 3707 neranda
764 3654 858 3709 illa
900 3656 1136 3725 pignora
1178 3665 1232 3711 et
1265 3667 1628 3713 monumenta
1672 3658 1971 3714 vetustatis
2020 3673 2054 3713 ιι

458 3742 572 3798 situ
601 3756 655 3800 et
695 3745 929 3801 interitu
985 3746 1296 3802 vindicare.
1322 3746 1546 3804 Scimus
1588 3750 1735 3803 enim
1772 3758 1830 3803 te
1854 3751 2053 3805 borum

459 3831 707 3889 ottinium
744 3834 1043 3891 editionem
1081 3837 1422 3904 instituere,l_
1455 3853 1579 3911 quae
1600 3855 1709 3894 una
1752 3840 1952 3910 pagina
2001 3848 2056 3896 et

459 3924 516 3978 in
545 3939 658 3979 uno
684 3937 992 3999 conspectu
1029 3927 1280 3986 codicem
1320 3928 1481 3986 Alex.
1527 3931 1625 4000 qui
1657 3930 1921 3985 familiam
1949 3932 2055 3986 du-

458 4023 568 4082 cet,
611 4024 665 4073 et
703 4018 1228 4090 Cantabrigiensem
1274 4034 1401 4075 eum
1440 4023 1700 4077 versione
1730 4036 1852 4085 sua,
1889 4029 2056 4091 atque

458 4106 554 4163 ubi
585 4109 673 4165 hic
701 4108 914 4177 deﬁcit,
947 4110 1322 4169 Oxoniensem
1365 4113 1629 4185 deinceps
1674 4122 1844 4183 atque
1883 4110 2057 4168 Galli-

438 4217 587 4265 ,cum
623 4213 987 4273 repraesentet
1014 4222 1028 4260 :
1061 4223 1185 4279 quae
1213 4206 1462 4278 singulas
1493 4206 1710 4265 litteras
1741 4215 1907 4277 atque
1938 4207 2055 4277 api-

456 4311 553 4354 ces
583 4299 1007 4369 exemplarium,
1041 4301 1210 4356 etiam
1262 4299 1355 4356 ubi
1397 4314 1429 4355 a
1474 4299 1720 4354 librariis
1761 4309 2052 4368 peccatum

455 4401 562 4458 est,
588 4402 849 4449 accurate
869 4405 923 4450 et
945 4395 1205 4466 religiose
1230 4396 1629 4466 subsequatur.
1652 4391 1800 4447 Nihil
1828 4394 1902 4447 illi
1924 4408 2056 4463 pur-

457 4501 609 4555 pura
640 4495 901 4543 assuetur
929 4486 1175 4544 discolor
1212 4496 1312 4555 aut
1334 4489 1650 4553 diversum;
1680 4486 1847 4539 nulla:
1876 4486 2053 4539 inter-

459 4578 813 4648 punctiones,
848 4579 1014 4634 nulla:
1038 4587 1185 4635 notae
1210 4586 1569 4643 accentuum,
1603 4591 1839 4646 quorum
1871 4575 2053 4630 omnis
2088 4595 2130 4651 ι)

460 4669 625 4726 hodie
647 4669 795 4725 ratio
826 4678 1164 4740 praepostera
1190 4677 1274 4724 est
1302 4678 1470 4741 atque
1498 4682 1759 4738 perversa
1791 4683 1805 4720 :
1831 4666 1968 4721 adeo
1996 4673 2058 4720 ut

459 4761 553 4832 qui
605 4771 754 4815 tuam
787 4759 1090 4818 editionem
1143 4760 1251 4818 sibi
1303 4758 1733 4831 comparaverit,
1790 4757 1911 4828 ipsa
1966 4756 2058 4810 illa

459 4852 865 4922 propemodum
920 4852 1222 4924 archetypa
1292 4867 1521 4908 versare
1573 4849 1841 4905 manibus
1894 4856 2060 4918 atque

459 4945 642 5000 oculis
673 4959 944 5014 usurpare
977 4943 1254 5000 videatur.
1288 4944 1363 5001 Ea
1416 4959 1505 5000 res
1557 4942 1714 5006 olim,
1758 4951 1818 4994 nt
1848 4951 2056 4997 certum

457 5044 546 5092 est
578 5036 902 5105 augurium,
935 5046 989 5091 et
1018 5034 1316 5090 Britannia
1350 5042 1554 5090 nostra
1587 5030 1873 5103 splendori
1933 5030 2058 5090 erit.

458 5136 517 5183 et
552 5128 815 5183 Ecclesiae
871 5128 1136 5198 prtesidio
1176 5146 1189 5181 :
1240 5135 1551 5182 tuos'vero
1592 5124 1789 5195 utique
1841 5123 2063 5178 labores

461 5219 829 5293 amplissimis
885 5222 1127 5292 praemiis
1169 5217 1284 5294 [96]
1324 5228 1492 5290 atque
1535 5216 1842 5274 immortali
1888 5215 2061 5287 gloria

462 5314 871 5388 compensabit.
905 5312 1083 5369 Macte
1124 5312 1229 5368 ista
1273 5313 1476 5384 pietate
1497 5321 1552 5367 et
1578 5308 1865 5380 diligentia
1916 5314 2058 5364 esto.

464 5410 522 5464 ln
557 5420 817 5466 teemnes
835 5423 931 5463 ora
968 5415 1137 5477 atque
1163 5406 1359 5461 oculos
1381 5404 1785 5467 convertimus,
1816 5410 1873 5481 tt;
1894 5416 2059 5456 unum

466 5504 521 5557 in
554 5502 660 5558 hoc
701 5500 1047 5555 curriculum
1088 5512 1351 5553 vocamus
1386 5515 1397 5549 :
1437 5497 1538 5566 ipsi
1572 5494 1795 5551 codices
1822 5492 2060 5548 celerem

466 5603 620 5650 tuam
655 5606 815 5663 opem
852 5590 1149 5658 implorant
1177 5595 1232 5643 et
1259 5586 1507 5655 ﬂagitant
1539 5606 1551 5638 :
1580 5584 1712 5654 quid
1738 5597 1930 5639 cessas
1968 5597 2067 5651 per

469 5685 683 5742 medias
751 5685 948 5739 laudes
1013 5691 1065 5738 et
1137 5680 1442 5736 faventium
1517 5679 1752 5749 plausus
1816 5676 2065 5731 secundo

472 5787 695 5831 rumore
750 5774 998 5845 ingredi?
1036 5772 1118 5827 Tu
1158 5787 1310 5833 vero,
1366 5778 1428 5824 ut
1468 5766 1720 5839 polliceri
1756 5770 1825 5821 de
1858 5775 1914 5822 te
1938 5780 2065 5836 pos-

473 5884 619 5934 sum,
659 5866 829 5925 facies
866 5868 918 5924 id
976 5868 1208 5935 scdulo;
1242 5866 1409 5923 simul
1445 5872 1613 5932 atque
1660 5860 1829 5918 exibit
1853 5860 2064 5915 Novum

2158 1998 2410 2065 exemplo
2441 1998 2777 2053 retundam:
2836 2013 2948 2068 quo
2994 1999 3346 2069 perspicuum
3390 1998 3491 2052 erit
3535 1996 3713 2051 minuta

2159 2088 2410 2159 quaedam
2458 2097 2511 2143 et
2558 2090 2737 2160 prima
2789 2091 2982 2159 utique
3022 2091 3210 2161 specie
3248 2090 3527 2145 levissima
3578 2102 3716 2158 posse

2160 2195 2389 2250 magnas
2416 2179 2771 2237 dilllcultates
2816 2182 3097 2249 expedire.
3124 2181 3306 2237 Locus
3337 2192 3421 2236 est
3442 2196 3560 2250 cap.
3596 2194 3641 2234 tv
3669 2179 3712 2233 in

2159 2271 2335 2340 EpiSt.
2368 2273 2435 2326 ad
2475 2270 2725 2337 Galatas,
2755 2274 2853 2344 qui
2879 2274 2948 2329 ab
2980 2278 3205 2329 ineunte
3242 2274 3362 2328 fere
3410 2271 3713 2327 Christiani-

2158 2378 2485 2434 smonsque
2533 2365 2599 2419 ad
2650 2367 2797 2420 hanc
2828 2367 3149 2421 memoriam
3203 2366 3556 2419 doctissimos
3596 2364 3714 2418 viros
3780 2414 3785 2417 .

2159 2456 2407 2508 exercuit
2439 2454 2569 2510 :‘2'2.
2603 2456 2919 2524 Γέγραπται
2948 2457 3058 2528 γὰρ
3080 2459 3162 2511 ὅτι
3184 2456 3441 2527 Ἀϐραὰμ
3476 2453 3567 2508 δύο
3595 2454 3714 2528 uicit;

2159 2541 2337 2612 ἔσχεν·
2371 2543 2465 2596 ἕνα
2497 2546 2560 2597 ὲκ
2590 2547 2688 2614 τῆς
2724 2525 3044 2614 παιδίσκης-ξ
3071 2548 3166 2599 καὶ
3194 2525 3300 2599 ἕνα
3325 2525 3515 2616 ἐκτῆς
3534 2525 3707 2596 Hebet-

2160 2651 2282 2705 ρας.
2326 2634 2420 2689 25.
2454 2634 2595 2688 Ἀλλ’
2627 2637 2654 2689 ὁ
2682 2637 2779 2706 μὲν
2814 2639 2878 2691 ὲκ
2910 2639 3010 2708 τῆς
3040 2638 3361 2707 παιδίσκης,
3396 2636 3538 2689 κατὰ
3566 2635 3713 2704 σάρκα

2156 2724 2500 2795 γεγέννηται·
2528 2728 2557 2779 ὁ
2588 2726 2648 2781 δὲ
2675 2729 2741 2780 ὲκ
2772 2728 2874 2799 τῆς
2918 2728 3230 2799 ἐλευθέρας,
3263 2728 3353 2781 διὰ
3382 2727 3482 2797 τῆς
3511 2729 3716 2793 ἐπαγγε-

2156 2815 2297 2878 λίας.
2348 2814 2440 2869 24.
2486 2816 2684 2870 Ἀτινά
2714 2819 2864 2871 ἐστιν
2922 2810 3395 2893 ἀλληγορὸύμεναο
3432 2811 3586 2870 αὗται
3628 2813 3715 2884 γάρ

2156 2908 2293 2960 εἰσιν
2322 2909 2379 2960 αἱ
2405 2906 2501 2961 δύο
2530 2907 2814 2979 διαθῆκαιο
2852 2910 2950 2980 μία
3002 2910 3102 2981 μὲν
3133 2910 3243 2964 ἀπὸ
3294 2910 3456 2979 ὅρους
3489 2909 3626 2969 Σινᾶ,
3652 2906 3714 2968 εἰς

2154 2998 2400 3064 δουλείαν
2423 2999 2692 3068 γεννῶσα,
2709 3003 2835 3073 ἣτις
2852 3004 3209 3075 ἐστὶνἊγαρ.
3235 3003 3329 3057 25.
3353 3003 3429 3055 Τὸ
3457 2999 3715 3070 γὰρἈγαρ

2157 3090 2287 3144 Σινᾶ
2314 3091 2440 3162 ὅρος
2464 3091 2616 3159 ἐστὶν
2644 3093 2705 3146 ἐν
2745 3094 2812 3163 τῆ
2849 3093 3100 3166 Ἀραϐίᾳ,
3150 3097 3434 3164 συστοιχεῖ
3461 3092 3516 3145 δὲ
3550 3093 3611 3163 τῇ
3639 3088 3715 3142 νῦν

2172 3182 2549 3255 Ἰερουσαλὴμ,
2592 3185 2836 3240 δουλεύει
2871 3188 2928 3240 δὲ
2980 3187 3120 3258 μετὰ
3165 3187 3278 3241 τῶν
3303 3189 3511 3242 τέκνων
3552 3181 3713 3251 αὐτῆς.

2159 3274 2251 3329 26.
2285 3275 2350 3331 Ἡ
2378 3275 2437 3330 δὲ
2458 3276 2573 3330 ἄνω
2603 3276 2963 3350 Ἰερουσαλὴμ
2988 3278 3257 3350 ἐλευθέρα
3282 3281 3450 3341 ἐστὶν,
3485 3277 3599 3348 ἥτις
3622 3272 3717 3327 ἐστὶ

2165 3367 2351 3438 μήτηρ
2397 3366 2617 3421 πάντων
2661 3368 2842 3439 ἡμῶν.
2875 3368 3103 3425 Memini
3148 3371 3438 3439 equidem,
3473 3366 3614 3426 Milli,
3645 3377 3717 3418 me

2159 3475 2270 3516 non
2311 3461 2386 3514 ita
2410 3459 2621 3529 pridem
2659 3475 2691 3515 a
2720 3469 2775 3517 te
2804 3473 3086 3532 rogatum,
3112 3472 3172 3515 ut
3209 3465 3282 3516 de
3314 3458 3608 3530 perdaﬂicili
3635 3456 3718 3508 hoc

2160 3552 2285 3605 loco
2328 3549 2600 3621 judicium
2651 3567 2839 3607 meum
2909 3554 3347 3623 interponerent,
3399 3554 3719 3608 vehementer

2161 3646 2511 3714 approbasse
2530 3646 2864 3701 sententiam
2895 3653 3071 3710 tuam,
3110 3660 3277 3716 quam
3313 3647 3367 3700 in
3395 3646 3595 3700 illatua
3619 3639 3718 3696 edi-

2162 3739 2314 3793 tione
2362 3738 2622 3809 posuisti.
2688 3736 2880 3809 Neque
2912 3738 3058 3792 enim
3108 3739 3369 3793 eumdem
3410 3747 3634 3790 inontem
3676 3737 3720 3785 et

2162 3830 2397 3899 Agarem
2433 3838 2687 3885 vocatum
2713 3845 2836 3887 esse
2861 3839 2919 3884 et
2951 3829 3163 3892 Sinam,
3190 3842 3372 3901 neque
3399 3845 3523 3885 vero
3576 3826 3719 3880 ullum

2162 3935 2400 3989 usquam
2447 3920 2696 3991 gentium
2736 3935 2804 3975 eo
2837 3921 3061 3977 nomine
3092 3928 3344 3978 notatum
3377 3933 3519 3979 esse,
3569 3929 3721 3983 neque

2162 4025 2332 4085 porro
2358 4012 2594 4081 Agarem
2619 4024 2833 4067 servam
2862 4011 2932 4083 (si
2965 4009 3034 4064 de
3057 4026 3214 4065 serva
3248 4011 3403 4064 malit
3436 4007 3546 4082 [97]
3573 4004 3722 4076 ~qnis-

2163 4104 2335 4175 piam,
2365 4120 2530 4174 quant
2558 4103 2624 4157 de
2644 4112 2832 4157 monte
2869 4103 3141 4173 accipere)
3178 4103 3234 4156 in
3271 4103 3460 4159 eadem
3488 4098 3722 4169 allegoria

2161 4205 2217 4252 et
2250 4197 2421 4251 monti
2462 4196 2805 4268 respondere
2848 4212 3034 4265 posse,
3064 4202 3118 4250 et
3161 4196 3265 4265 legi
3300 4210 3423 4267 quae
3460 4210 3522 4248 ex
3561 4200 3724 4244 monte

2165 4290 2508 4360 promulgata
2534 4297 2618 4345 est
2648 4307 2660 4344 :
2694 4300 2866 4359 atque
2892 4289 2979 4344 his
2998 4289 3067 4345 de
3091 4290 3354 4343 causisin
3379 4288 3585 4342 diversa
3604 4297 3724 4340 con-

2163 4383 2288 4438 silia
2320 4382 2456 4437 itum
2492 4397 2618 4438 esse
2658 4382 2730 4436 ab
2777 4381 3044 4452 antiquis,
3069 4397 3308 4451 quorum
3341 4381 3432 4433 alii
3471 4377 3610 4439 Σινᾶ,
3640 4372 3742 4457 sed,

2164 4475 2349 4543 Plures
2410 4472 2485 4526 Τὸ
2508 4473 2619 4544 γὰρ
2650 4474 2828 4543 ’Ἅγαρ
2851 4489 2884 4529 e
2909 4472 3067 4528 libris
3092 4472 3439 4528 sustulerunt
3467 4488 3482 4525 :
3510 4481 3624 4538 quac
3637 4478 3723 4518 au-

2164 4571 2275 4618 tem
2294 4572 2487 4619 nostra
2510 4573 2565 4617 et
2591 4561 2817 4617 Patrum
2846 4562 3115 4618 memoria
3139 4562 3240 4617 viri
3272 4559 3450 4631 magni
3476 4566 3722 4613 commen-

2163 4656 2261 4711 tati
2299 4665 2449 4724 sunt,
2479 4663 2692 4709 tantum
2727 4658 2927 4711 abesse
2965 4664 3024 4710 ut
3052 4654 3234 4709 locum
3267 4652 3473 4708 faciant
3509 4646 3717 4718 explica-

2162 4748 2386 4815 tiorem,
2431 4756 2491 4801 ut
2523 4746 2686 4802 novis
2733 4748 2902 4803 etiam
2960 4744 3405 4802 obscuritatibus
3446 4741 3718 4797 involvant-

2163 4842 2285 4908 Qua
2328 4840 2551 4911 quidem
2582 4839 2896 4904 occasione.
2926 4854 2998 4894 ne
3044 4837 3273 4894 omnino
3315 4830 3612 4905 ἀσύμσολος
3646 4840 3722 4881 θε-

2164 4952 2306 5004 sem,
2340 4934 2744 5003 conjecturam,
2782 4941 2845 4988 ut
2879 4932 3019 4997 scis,
3058 4929 3490 5001 extemporalem
3536 4926 3588 4979 in
3625 4932 3722 4973 me-

2164 5028 2315 5083 dimn
2351 5026 2533 5090 attuli,
2564 5038 2688 5096 quae
2726 5025 2894 5081 etiam
2942 5033 3060 5079 tum
3085 5025 3205 5080 visa
3248 5032 3333 5079 est
3369 5020 3437 5076 ad
3463 5017 3717 5075 veritatem

2168 5116 2418 5188 proxime
2471 5113 2759 5170 accedere.
2819 5110 3045 5167 Scilicet
3082 5127 3113 5167 e
3159 5110 3387 5181 regione
3426 5103 3572 5163 verbi

2167 5186 2468 5262 adnotasse
2496 5206 2628 5261 olim
2666 5205 2981 5275 quempiam
3008 5200 3379 5257 enarrationls
3398 5209 3586 5257 causa,
3606 5186 3720 5244 Σινᾶ

2166 5299 2292 5366 ὅρος
2325 5296 2473 5352 ἐστὶν
2495 5298 2554 5350 ἐν
2599 5298 2667 5368 τῇ
2707 5294 3117 5366 ‘ApaStqt,Siu
3145 5293 3458 5364 ista,~quent
3483 5285 3717 5341 memorat

2168 5391 2482 5463 Apostolus,
2512 5405 2663 5444 mons
2695 5388 2912 5442 Arabiae
2940 5398 3057 5451 est;
3087 5400 3153 5441 ea
3192 5395 3382 5441 autem
3410 5377 3572 5436 verba
3624 5382 3714 5473 non

2170 5485 2347 5539 multo
2407 5489 2554 5550 post,
2585 5489 2646 5535 ut
2695 5495 2841 5550 smpe
2893 5495 2992 5534 usu
3030 5478 3202 5544 venit,
3228 5478 3294 5533 de
3333 5473 3457 5530 libri
3497 5471 3717 5557 margine

2171 5578 2224 5630 in
2290 5548 2596 5631 orationem
2652 5548 2828 5643 ipsam
2897 5570 3192 5642 irrepsisse
3254 5588 3267 5623 :
3327 5581 3451 5623 nam
3497 5548 3713 5629 Apostuli

2168 5672 2388 5738 quidem
2421 5682 2483 5724 ea
2512 5680 2624 5722 non
2662 5679 2810 5730 esse,
2851 5665 2944 5721 sed
2980 5658 3587 5745 παρεμδεδλημέναοθδ
3612 5645 3716 5745 ‘8?"

2170 5731 2354 5817 statim
2385 5759 2538 5815 vultu
2569 5768 2624 5814 et
2654 5759 2841 5813 colore
2868 5731 3155 5829 totiusque
3196 5756 3333 5810 adeo
3367 5743 3601 5819 corporis
3635 5731 3712 5829 ίξιο

2172 5854 2430 5928 cognosci
2476 5867 2641 5924 posse
2671 5868 2685 5906 :
2714 5858 2769 5909 et
2811 5852 3041 5923 proinde
3064 5826 3160 5909 ‘me
3192 5856 3433 5924 paratum
3466 5852 3581 5899 esse
3606 5826 3711 5886 ὁσι-
