3966 6446
421 476 525 541 807

1619 461 1681 520 S.
1706 455 2037 523 ANDRE/E
2086 454 2510 515 CRETENSlS

3575 445 3703 509 803

424 592 529 635 nos
572 573 962 631 beneliciorum
1025 584 1243 629 summa
1299 577 1429 625 est:
1484 568 1602 624 haec
1660 566 1990 625 sacramenti

2128 566 2315 635 οὖτοή
2364 561 2701 617 κενωθεῖσα¹
2742 560 2923 628 ιεύσις,
2958 556 3090 620 Θεὸς
3122 557 3213 610 καὶ
3244 554 3555 625 ἄνθρωπος,
3593 552 3706 606 καὶ

424 665 840 722 manifestatio:
903 664 1021 717 haec
1076 671 1288 717 natura:
1339 658 1675 724 cxinanitio,
1750 657 1894 712 Deus
1945 664 2001 712 ct

425 759 628 823 homo,
679 756 1058 826 assumptique
1089 755 1335 807 hominis
1378 752 1673 807 deiﬁcatio.
1709 750 2002 805 Enimvero

425 850 501 904 ita
530 857 585 903 et
619 848 897 919 splendidi
931 854 984 900 et
1019 861 1181 915 quam
1228 847 1464 899 maxime
1492 844 1777 912 conspicui
1805 843 1902 898 Dei
1936 842 2003 897 ad

425 939 683 996 homines
706 940 1016 1003 adventus,
1052 937 1279 991 omnino
1330 937 1496 990 etiam
1532 935 1721 1004 gaudii
1755 936 2005 989 introdu-

426 1033 662 1087 ctorium
694 1032 773 1101 (5)
818 1031 1064 1098 aliquid,
1107 1044 1217 1098 quo
1260 1044 1517 1097 magnum
1571 1029 1625 1082 ir.
1672 1041 1770 1082 nos
1810 1027 2006 1083 salutis

428 1123 636 1180 donum
687 1122 1054 1193 procederet,
1107 1129 1229 1177 esse
1280 1122 1546 1190 oportuit.
1581 1119 1636 1173 ld
1675 1135 1839 1188 porro
1868 1135 2008 1188 pra:-

430 1230 560 1272 sens
587 1223 674 1270 est
711 1214 1049 1269 celebritas:
1085 1214 1172 1266 cui
1201 1211 1486 1268 exordium
1521 1212 1768 1280 Deipara:
1805 1211 2009 1265 nativi-

430 1312 519 1363 tas
544 1315 632 1362 est
659 1323 674 1373 ;
700 1301 988 1361 conclusio
1024 1312 1205 1359 autem
1246 1313 1299 1358 et
1348 1304 1616 1357 terminus
1638 1343 1653 1369 ,
1684 1301 1848 1357 Verbi
1883 1317 2006 1356 cum

432 1411 598 1453 carne
638 1397 915 1453 destinata
947 1396 1256 1467 compactio
1287 1394 1400 1465 (4):
1454 1410 1562 1464 qua
1583 1432 1599 1459 ,
1630 1410 1744 1463 prm
1774 1392 2011 1447 miracu-

434 1487 506 1543 lis
528 1488 789 1543 omnibus
811 1528 826 1552 ,
862 1502 1002 1542 nova
1052 1488 1290 1541 maxime
1323 1487 1568 1555 expetita
1610 1501 1823 1554 semper
1858 1486 2013 1539 audi-

438 1579 520 1633 tio
546 1578 646 1648 (5).
701 1579 938 1635 dillicilis
988 1580 1390 1648 comprehenso
1428 1577 1756 1647 occultaque
1784 1587 2010 1631 manet:

438 1684 506 1727 eo
537 1684 598 1724 se
628 1684 890 1739 promens
937 1684 1002 1723 ac
1055 1670 1439 1733 innotescens,
1474 1683 1583 1738 quo
1618 1670 1868 1723 celatur:
1917 1685 2014 1723 eo-

440 1776 550 1832 que
588 1760 917 1818 delitescens
939 1800 953 1826 ,
990 1775 1102 1830 quo
1154 1761 1453 1816 innotescit
1482 1776 1547 1815 ac
1579 1761 1869 1831 promitur.

517 1850 655 1907 Hinc
695 1868 864 1918 sane,
903 1853 1089 1906 divine
1113 1851 1442 1921 gravissima
1470 1852 1762 1931 primaque
1794 1852 1906 1906 hate
1935 1851 2015 1907 fc-

444 1950 527 1998 sta
565 1942 720 2009 dies,
756 1943 1095 2014 virginitatis
1148 1943 1334 1997 lumen
1388 1943 1574 1998 ferens
1607 1943 1663 1997 in
1699 1943 1910 2010 capite,
1942 1944 2017 1997 si-

442 2033 647 2105 bique,
697 2035 852 2089 velut
901 2049 967 2087 ex
1012 2032 1245 2087 illibatis
1294 2033 1667 2104 spiritualium
1717 2032 2019 2102 Scriptura:

444 2136 726 2199 pratorum
783 2125 1050 2190 ﬂoribus,
1111 2125 1343 2180 collecto
1417 2135 1603 2190 serto,
1670 2140 2017 2180 communem

445 2220 651 2274 creatis
685 2219 932 2274 lzetitiam
979 2218 1278 2287 proponit,
1333 2217 1409 2273 ita
1437 2218 1669 2272 dicens:
1707 2217 2018 2282 Conﬁdize;

445 2308 705 2365 Natalitia
758 2310 1054 2365 celebritas
1100 2319 1218 2375 est,
1279 2323 1345 2365 ac
1407 2307 1732 2364 reformatio
1779 2307 2018 2378 generis.

451 2401 611 2456 Modo
639 2400 784 2456 enim
813 2399 982 2471 Virgo
1007 2401 1280 2461 nascitur,
1327 2408 1380 2455 et
1421 2401 1674 2465 laetatur,
1707 2407 1761 2455 et
1799 2398 2025 2467 ﬁngitur

450 2508 516 2548 ac
544 2492 789 2547 omnium
848 2492 1178 2547 seculorum
1235 2490 1369 2563 Regi
1423 2490 1534 2546 Deo
1581 2497 1757 2545 mater
1782 2498 2021 2560 aptatur.

452 2585 587 2651 Quae
609 2584 773 2641 nobis
799 2598 926 2651 res,
960 2599 1025 2640 ex
1059 2582 1231 2638 David
1265 2598 1388 2638 cum
1440 2582 1642 2638 Davide
1678 2582 2025 2653 spiritualcm

453 2677 655 2732 indixit
708 2683 1043 2730 conventum
1078 2691 1092 2729 :
1128 2675 1275 2728 illam
1317 2672 1543 2745 quidem
1567 2713 1581 2737 ,
1635 2682 1899 2743 tanquam
1931 2673 2027 2728 Dei

455 2775 654 2831 matre,
682 2782 837 2821 suam
867 2766 1045 2837 ipsius
1072 2764 1339 2820 divinitus
1371 2779 1693 2820 concessam
1714 2764 2029 2834 proferente

456 2857 800 2912 nativitatem
829 2874 843 2909 :
878 2857 985 2910 hoc
1033 2865 1215 2911 autem
1239 2896 1252 2921 ,
1290 2857 1506 2925 generis
1545 2855 1872 2911 ostendente
1906 2856 2028 2911 l'eli-

456 2949 718 3011 citatem,
780 2961 844 3001 ac
895 2946 993 3002 Dei
1048 2962 1174 3002 cum
1252 2946 1569 3001 hominibus
1627 2946 2033 3015 jucundissime

457 3055 659 3098 novam
689 3041 1089 3111 cognationem.
1115 3040 1275 3109 Papa:
1299 3040 1656 3095 miraculum!
1690 3040 1782 3093 Illa
1810 3039 2031 3109 quidem

457 3134 694 3190 mediam
742 3134 855 3203 agit
886 3132 1247 3188 sublimitatis
1279 3132 1405 3195 Dei,
1460 3139 1514 3187 et
1544 3132 1879 3201 abjeetionis
1914 3147 2036 3186 car-

2100 653 2253 727 ήτοῦ
2289 654 2720 724 προσλήμματος
2768 650 2983 715 θέωσις.
3047 646 3212 701 Ἀλλὰ
3243 648 3340 717 τῆς
3373 645 3519 698 οὕτω
3546 645 3711 714 λαμ-

2104 748 2248 817 πρᾶς
2275 763 2333 798 τε
2368 746 2463 798 καὶ
2494 744 2973 813 περιφανεστάτης
3008 739 3141 793 Θεοῦ
3176 739 3313 810 πρὸς
3362 736 3710 808 ἀνθρώπους

2104 836 2420 905 ἐπιδημίας,
2474 834 2582 887 ἔδει
2612 851 2663 886 τι
2695 834 2917 895 πάντως
2952 827 3092 885 εἶναι
3140 832 3235 883 καὶ
3265 831 3441 899 χαρᾶς
3476 827 3714 881 ἐπεισά-

2103 926 2236 990 διον,
2269 926 2333 978 δι’
2364 918 2424 977 οἶ)
2454 922 2514 979 τὸ
2551 925 2697 995 μέγα
2734 924 2833 993 τῆς
2870 921 3151 991 σωτηρίας
3181 922 3262 983 εἰς
3292 922 3439 990 ἡμᾶς
3471 920 3712 989 πρόεισι

2106 1018 2298 1089 δῶρον.
2330 1018 2401 1070 Τὸ
2429 1017 2484 1070 δέ
2510 1018 2713 1086 ἐστινὴ
2748 1015 3001 1083 παροῦσα
3035 1016 3363 1084 πανήγυρις,
3398 1011 3711 1082 προοίμιον

2109 1109 2306 1179 ἔχουσα
2329 1111 2428 1179 τῆς
2456 1109 2723 1161 Θεοτόκου
2746 1107 2842 1176 τὴν
2871 1108 3123 1178 γέννησιν
3143 1123 3156 1136 ·
3206 1106 3580 1175 συμπέρασμα
3609 1104 3711 1167 δὲ,

2107 1202 2206 1270 τῆς
2241 1199 2335 1252 τοῦ
2356 1200 2532 1268 Λόγου
2557 1199 2693 1268 πρὸς
2718 1199 2898 1268 σάρκα
2923 1198 3253 1267 συμπήξεως
3269 1196 3369 1265 τὴν
3400 1193 3709 1257 ἁπόταξιν,

2109 1288 2232 1340 καθ’
2255 1290 2321 1359 ἣν
2349 1288 2408 1340 τὸ
2427 1288 2746 1341 καινότατον
2776 1287 3032 1340 ἁπάντων
3061 1289 3120 1339 ὲν
3138 1285 3412 1355 θαύμασιν
3439 1285 3717 1353 ἄκουσμα

2111 1377 2404 1441 διαπαντῦς
2430 1377 2853 1448 ὲκκαλούμενον,
2883 1377 3190 1446 δύσληπτον
3241 1374 3393 1445 μένει
3436 1377 3532 1427 καὶ
3564 1375 3716 1427 δυσ-

2114 1470 2419 1538 θεώρητον⁸
2463 1469 2573 1539 ὅσῳ
2612 1468 2915 1539 κρύπτεται
2950 1466 3391 1538 φανερούμενον,
3448 1466 3543 1517 καὶ.
3587 1466 3715 1534 ὅσῳ

2118 1559 2448 1630 φανεροῦται
2484 1560 2883 1631 κρυπτόμενον.

2202 1827 2483 1882 Ἐντεῦθεν
2508 1828 2616 1899 ἄρα
2640 1829 2737 1899 τῆς
2770 1828 3066 1899 παρθενίας
3097 1829 3155 1881 τὸ
3181 1829 3297 1897 φῶς
3332 1829 3476 1899 ὑπὲρ
3524 1846 3716 1900 κεφα-

2053 1898 2092 1953 "
2118 1923 2213 1993 λῆς
2237 1924 2494 1994 φέρουσα,
2514 1898 2607 1976 καὶ
2637 1898 2748 1976 οἷον
2771 1923 2830 1987 ἐξ
2853 1898 3148 1993 ἀκηράτων
3170 1922 3378 1977 ἀνθέων
3409 1924 3518 1976 τῶν
3544 1898 3718 1977 πνευ-

2123 2016 2368 2084 ματικῶν
2394 2016 2493 2084 τῆς
2520 2015 2745 2085 Γραφῆς
2776 2015 3059 2085 λειμώνων
3087 2015 3444 2089 ἐρανιζομένη
3467 2017 3557 2070 τὸν
3583 2019 3717 2071 στέο

2120 2122 2288 2174 φανον
2318 2109 2350 2175 ή
2384 2106 2776 2177 θεοχαρίτωτος
2801 2106 2938 2177 αὕτη
2974 2108 3068 2161 καὶ
3119 2107 3313 2178 πρώτη
3360 2108 3471 2161 τῶν
3500 2109 3717 2179 ἑορτῶν

2122 2197 2324 2269 ἡμέρα,
2367 2196 2554 2267 κοινὴν
2581 2200 2644 2268 τῇ
2668 2182 2845 2249 κτίσει
2867 2199 2967 2268 τὴν
2991 2196 3334 2268 εὐφροσύνην
3362 2199 3715 2269 προτῖθεταιι

2123 2290 2409 2360 Θαρσεῖτε,
2436 2289 2694 2357 λέγουσα,
2727 2288 3009 2353 Γενέθλιος
3042 2293 3074 2360 ἡ
3106 2292 3440 2363 πανήγυρις,
3477 2292 3582 2344 καὶ
3625 2293 3716 2347 τοῦ

2124 2380 2314 2448 γένους
2342 2382 2671 2445 ἀνάπλασις.
2703 2382 2981 2453 Παρθένος
3032 2382 3140 2453 γὰρ
3173 2385 3300 2454 ἄρτι
3326 2387 3597 2453 γεννᾶται
3624 2389 3714 2440 καὶ

2124 2472 2428 2542 τιθηνεῖται
2458 2474 2551 2526 καὶ
2575 2474 2897 2549 πλάττεται,
2938 2475 3033 2528 καὶ
3074 2475 3152 2545 τῷ
3178 2475 3299 2546 Θεῷ
3323 2476 3403 2546 τῷ
3426 2479 3705 2549 παμϐασι-

2126 2562 2209 2615 λεῖ
2238 2562 2349 2615 τῶν
2380 2561 2595 2645 αἰώνων
2622 2566 2975 2634 ὲτοιμάξεται
3005 2566 3210 2636 μήτηρ.
3253 2567 3364 2620 Καὶ
3393 2567 3559 2622 τοῦτο
3591 2571 3700 2640 ημῖν

2129 2658 2194 2709 ἐκ
2239 2655 2406 2709 Δασὶδ
2437 2658 2533 2710 σὺν
2577 2658 2741 2709 Δαὸὶδ
2775 2658 2836 2711 τὸ
2884 2658 3254 2728 πνευματικὸν
3298 2663 3717 2732 συγκεκρότηται

2130 2748 2358 2821 θέατρον
2377 2767 2390 2780 ·
2430 2752 2463 2819 ἡ
2493 2750 2612 2820 μὲν,
2646 2749 2720 2812 ὡς
2754 2748 3057 2821 Θεομὴτωρ
3086 2752 3187 2823 τὴν
3216 2754 3420 2823 ἑαυτῆς
3445 2754 3719 2824 προθεῖσα

2132 2842 2376 2905 θεόδοτον
2398 2843 2654 2911 γέννησιν
2680 2858 2695 2873 ο
2744 2844 2772 2894 ὁ
2801 2842 2879 2906 δὲ,
2911 2843 3004 2895 τοῦ
3050 2844 3242 2912 γένους
3275 2845 3374 2914 τὴν
3416 2845 3721 2915 εὐκληρίαν

2135 2936 2521 3007 παραδεικνὺς,
2553 2936 2646 2988 καὶ
2676 2935 2775 3005 τὴν
2803 2934 2937 2988 Θεοῦ
2989 2938 3124 3006 πρὸς
3160 2937 3486 3008 ἀνθρώπους
3530 2956 3724 2993 καινο-

2136 3027 2524 3095 πρεπεστόιτην
2577 3026 2916 3093 συγγένειαν.
2948 3027 3123 3079 Βαὸαὶ
3173 3028 3267 3080 τοῦ
3292 3028 3612 3097 θαύματοςί
3655 3029 3723 3083 'H

2139 3120 2239 3189 μὲν
2264 3118 2541 3189 μεσιτεύει
2565 3116 2816 3187 θεότητος
2843 3117 2967 3186 ὕψει
2994 3119 3085 3170 καὶ
3114 3123 3317 3189 σαρκὸς
3346 3123 3719 3191 ταπεινότητι,

460 3226 581 3289 nis,
615 3240 679 3283 ac
721 3225 935 3280 lictoris
966 3223 1200 3280 edicitur
1244 3232 1422 3278 mater
1451 3240 1465 3277 :
1515 3223 1607 3278 hic
1638 3232 1851 3287 autem,
1883 3224 2021 3278 futu-

2138 3210 2233 3261 καὶ
2262 3209 2470 3276 γίνεται
2500 3209 2680 3278 μήτηρ
2702 3207 2795 3261 τοῦ
2828 3208 3164 3273 πλάσαντος’
3192 3213 3220 3263 ὁ
3264 3210 3341 3275 δὲ,
3382 3213 3724 3285 προφητεύει

461 3329 586 3369 rum
637 3313 972 3368 vaticinatur
1028 3322 1286 3381 tanquam
1344 3325 1622 3380 praesens,
1677 3310 2036 3379 jurequeju-

460 3402 676 3469 rando,
717 3402 964 3458 inclitam
1004 3417 1035 3455 a
1066 3401 1176 3456 Deo
1222 3402 1439 3471 generis
1483 3415 1549 3455 ex
1599 3400 1805 3455 lumbis
1834 3415 2035 3470 peren-

483 3495 694 3551 nitatem
749 3509 816 3548 ac
861 3493 1335 3548 conservationem
1374 3492 1597 3562 accipit.
1647 3490 1839 3547 Merito
1870 3491 2039 3559 igitur

467 3584 663 3642 festive
693 3584 1082 3639 celebrandum
1128 3582 1236 3636 diei
1273 3589 1680 3637 sacramentum
1704 3620 1720 3647 ,
1762 3578 2039 3650 Verbique

468 3676 623 3732 Matri
676 3674 752 3746 (6)
788 3674 937 3728 dono
970 3671 1254 3728 offerenda
1293 3672 1411 3741 ipsa
1466 3672 1632 3725 verba
1663 3670 1810 3740 quod
1844 3679 2041 3740 praeter

469 3767 739 3830 Verbum,
793 3771 847 3820 et
882 3780 1047 3835 quem
1105 3763 1290 3818 verbis
1349 3764 1673 3820 exhibemus
1739 3760 2038 3823 honorem,

469 3857 605 3912 nihil
640 3856 834 3911 habeat
883 3861 1192 3926 acceptum.
1238 3852 1473 3920 Quando
1513 3854 1679 3909 etiam
1708 3853 1908 3922 duplex
1938 3866 2041 3906 no-

2136 3300 2198 3350 τὸ
2223 3298 2439 3369 μέλλον,
2471 3298 2546 3361 ὡς
2576 3299 2678 3367 ἤδη
2712 3299 2914 3368 παρόψ
2971 3300 3066 3351 καὶ
3091 3300 3238 3370 ὅρκῳ
3265 3300 3535 3370 λαμϐάνει
3564 3303 3719 3374 παρά

2138 3389 2273 3443 Θεοῦ
2300 3390 2398 3460 τὴν
2429 3390 2630 3443 εὐκλεᾶ
2659 3389 2754 3444 τοῦ
2781 3391 2972 3458 γένους
2992 3392 3049 3457 ἐξ
3081 3392 3283 3461 ὀσφύος
3308 3394 3568 3466 διαμονὴν
3622 3398 3716 3449 καὶ

2142 3481 2492 3550 συντήρησιν.
2525 3482 2968 3551 Πανηγυριστέον
2994 3479 3086 3536 οὖν
3116 3484 3345 3547 εἰκότως
3368 3485 3429 3537 τὸ
3455 3486 3556 3555 τῆς
3584 3488 3726 3555 ἠμέ-

2146 3588 2244 3642 ρας
2274 3576 2592 3643 μυστήριον,
2630 3574 2725 3625 καὶ
2761 3574 3169 3645 δωροφορητέον
3196 3578 3259 3646 τῇ
3281 3576 3376 3629 τοῦ
3402 3577 3576 3645 Λόγου
3605 3578 3727 3648 Μη-

2147 3665 2236 3737 τρὶ
2255 3666 2380 3727 τοὺς
2402 3664 2590 3734 λόγους
2613 3667 2836 3732 αὐτοὺς,
2860 3668 2940 3720 ὅτι
2972 3667 3046 3737 μὴ
3076 3669 3226 3735 φίλον
3250 3669 3385 3740 αὐτῇ
3416 3670 3526 3722 τῶν
3548 3671 3726 3724 ἄλλων

2147 3756 2320 3814 οὐδὲν.
2369 3757 2508 3826 πλὴν
2533 3758 2694 3825 λόγου
2743 3758 2838 3811 καὶ
2877 3758 2978 3828 τῆς
3035 3760 3098 3811 ὲκ
3127 3758 3302 3827 λόγων
3338 3762 3525 3830 τιμῆς.
3567 3760 3726 3814 Ἐπεὶ

2148 3849 2241 3904 καὶ
2269 3848 2492 3903 διπλοῦν
2518 3850 2768 3904 ἐντεῦθεν
2806 3851 2937 3921 ἡμῖν
2968 3838 3263 3920 προσέσται
3295 3852 3636 3921 ποιουμένοις
3661 3853 3729 3904 τὸ

1744 4026 1975 4082 VARl/E
2011 4026 2414 4083 LECTIONES.

454 4194 461 4201 ι
544 4124 561 4156 ¹
591 4120 802 4179 Mallem
840 4122 1193 4188 καινωθεῖσα,
1226 4124 1496 4176 innovate.

1741 4284 2128 4342 COMBEFISII
2172 4283 2409 4340 NOTAE.

547 4401 624 4472 (3)
657 4396 853 4455 (ἔτικάἱὶ
881 4400 1353 4472 introductorium,
1378 4400 1556 4469 χαρᾶς
1586 4401 1908 4453 ἐπεισόδιον.
1950 4398 2052 4452 So-

475 4473 552 4527 let
582 4472 804 4540 exponi,
850 4471 1055 4540 aliquid
1087 4480 1237 4525 extra
1274 4476 2052 4540 argumentumassumptum

475 4558 539 4596 ac
584 4538 995 4609 prmambulum,
1049 4542 1211 4608 quale
1260 4539 1363 4593 fuit
1406 4539 1482 4591 illi
1533 4538 1813 4609 adventui,
1864 4538 2055 4589 Matris

478 4599 756 4669 nati'vitas,
788 4626 894 4663 non
930 4599 1001 4662 ita
1035 4599 1240 4678 abipso
1265 4620 1526 4664 extranea
1551 4617 1605 4659 et
1629 4607 2056 4678 inconsequens,
2095 4599 2134 4651 D
2166 4618 2314 4661 ratus
2343 4676 2349 4678 _
2379 4599 2612 4676 gentium

477 4682 571 4737 sed
618 4680 802 4745 divina
849 4676 1217 4742 ordinatione,
1267 4681 1429 4748 plane
1476 4690 1840 4743 consequens,
1896 4676 2055 4744 eique

478 4751 621 4805 velut
664 4759 938 4801 conserta.

548 4820 624 4889 (ι)
668 4816 819 4871 Verbi
855 4832 971 4889 cunt
1008 4833 1163 4870 carne
1192 4817 1464 4889 destinata
1484 4814 1796 4882 compactio,
1827 4816 2055 4889 συμπή-

479 4884 614 4953 Este:
636 4890 732 4957 τὴν
760 4887 1023 4950 ἀπόταξιν
1052 4902 1114 4941 ea
1174 4886 1578 4957 signiﬁcatione
1614 4900 1773 4957 :rqua
1825 4884 2055 4939 Budauts

479 4952 543 5013 ex
584 4952 773 5027 Polyb.
820 4958 949 5018 τοὺς
1001 4959 1081 5018 εἰς
1130 4952 1379 5025 φυλακὴν
1426 4954 1856 5027 ἀποταχθέντας,
1922 4956 2057 5010 bene

479 5025 724 5098 exponit,
770 5027 1341 5098 detoptspévoe;,ad
1373 5025 1661 5098 custodias
1699 5035 1958 5098 set-ictos
2004 5030 2058 5098 et

481 5093 712 5151 sent-sim
760 5093 1087 5151 destinatos.
1137 5096 1298 5147 Nulla
1344 5095 1488 5147 enim
1545 5093 1630 5147 hic
1663 5094 1767 5147 alia
1803 5097 2056 5161 congruit

483 5169 631 5222 illius
674 5169 824 5222 vocis
871 5167 1205 5235 signilieatio
1244 5183 1258 5219 :
1294 5164 1582 5235 cum_li:ec
1623 5166 2059 5235 congruentissi-

483 5252 569 5290 ma
626 5238 714 5290 sit.
769 5232 966 5291 Eadem
1022 5251 1152 5288 voce
1206 5235 1381 5287 utitur
1421 5232 1690 5303 Georgius
1739 5234 1948 5289 Nicom.
2004 5242 2055 5287 et

482 5309 599 5375 ipse
652 5307 1055 5360 disertissimus
1109 5312 1251 5357 orat.
1304 5305 1357 5367 5,
1409 5304 1461 5357 in
1514 5304 2058 5375 hlarimiconceptio-

484 5373 643 5442 nem;
676 5378 791 5429 sive
830 5384 889 5428 ut
935 5376 1234 5440 loquuntur
1264 5382 1320 5428 et
1359 5375 1641 5429 celebrant
1684 5373 1882 5434 Graeci,
1915 5374 2058 5426 Con-

482 5447 788 5527 ceptionem
934 5445 1134 5527 arma};
1169 5446 1689 5527 ‘nempeﬂactivain:
1740 5458 2056 5527 quanquam

485 5516 627 5569 alius
655 5517 827 5570 codex
863 5516 1026 5569 habet
1072 5514 1191 5566 ἀντὶ
1223 5513 1560 5578 ἁποτάξεως,
1586 5513 1917 5577 ἀποτέξεως,
1962 5527 2060 5564 nec

485 5584 626 5639 forte
656 5587 742 5639 hic
766 5586 926 5639 aliter
959 5585 1247 5651 legendum
1278 5586 1347 5637 sit
1385 5602 1397 5637 :
1436 5585 1714 5653 quomodo
1755 5591 1900 5653 esset
1934 5582 2058 5635 red-

410 5664 415 5675 '
485 5656 723 5709 dandum
759 5671 774 5710 1
816 5653 970 5708 Verbi
1026 5653 1301 5711 lncarnati
1344 5667 1551 5717 partus.
1587 5652 1723 5709 Vide
1767 5652 1967 5708 Onom.
2000 5666 2057 5717 η,

483 5725 805 5790 Θεοφανεία.

557 5795 634 5861 (5)
690 5794 811 5850 Prw
854 5796 1130 5849 miraculis
1181 5795 1421 5848 omnibus
1477 5795 1704 5848 maxime
1762 5810 1921 5858 nona,
1967 5808 2060 5847 ex-

485 5865 651 5929 petita
685 5883 887 5935 semper
920 5868 1146 5932 auditio,
1195 5865 1598 5935 ἐκκαλούμενον
1649 5865 1902 5933 ἄκουσμα
1948 5864 2064 5917 δια-

2160 4399 2381 4461 παντός.
2411 4397 2600 4463 Quasi,
2651 4399 2895 4452 narratio
2923 4413 3047 4467 quae
3087 4398 3309 4453 assidue
3340 4398 3651 4468 pelliciatur
3680 4409 3739 4456 et

2159 4480 2489 4538 provocetur
2519 4506 2535 4532 ,
2570 4468 2621 4520 id
2644 4537 2648 4538 ί
2669 4478 2774 4527 est,
2806 4484 2927 4535 qua:
2959 4484 3176 4538 semper
3216 4468 3319 4538 fuit
3349 4470 3579 4523 auribus
3608 4485 3738 4538 gra-

2163 4535 2413 4602 tissima;
2455 4540 2535 4592 sie
2567 4537 2711 4590 enim
2752 4538 2956 4591 dicitur
2990 4535 3251 4591 nummus
3281 4535 3466 4600 Jesus,
3519 4535 3745 4593 Deside-

2662 4623 2679 4659 :
2743 4622 3054 4676 sponsaque
3106 4607 3381 4661 desiderio
3439 4608 3742 4676 impatiens

2160 4680 2287 4743 Quis
2318 4676 2400 4730 det
2435 4686 2481 4729 le
2512 4678 2735 4744 fratrem
2766 4693 2961 4741 meum,
2995 4678 3195 4745 inquit,
3250 4686 3521 4746 augentem
3572 4679 3743 4733 ubera

2157 4749 2344 4801 matris
2367 4762 2492 4800 meae
2515 4750 2538 4801 ?
2571 4756 2677 4798 etc.

2228 4818 2302 4886 (6)
2341 4815 2596 4884 Verbique
2632 4814 2819 4870 Matri.
2852 4813 3038 4871 Scitus
3076 4816 3311 4886 lususin
3345 4831 3477 4869 voce
3512 4817 3601 4871 illa
3634 4818 3744 4873 Δό-

2156 4884 2253 4953 γος
2286 4902 2300 4918 ο
2333 4902 2399 4940 eo
2433 4902 2599 4954 porro
2631 4901 2820 4950 sensu,
2864 4886 2976 4939 sola
3010 4884 3173 4939 verba
3218 4895 3439 4951 accepta
3473 4890 3541 4939 ait
3577 4889 3741 4941 matri

2157 4956 2343 5018 Verbi,
2395 4957 2541 5025 quod
2591 4954 2827 5007 Verbum
2882 4958 3086 5022 ipsum,
3122 4957 3296 5007 solam
3336 4956 3588 5026 laudem,
3619 4973 3743 5026 qua:

2157 5026 2339 5079 verbis
2396 5033 2501 5097 est,
2555 5026 2765 5097 videtur
2816 5027 3035 5095 exigere
3060 5042 3081 5097 :4
3105 5041 3212 5078 non
3257 5024 3383 5097 quia
3420 5041 3528 5078 non
3559 5024 3743 5097 exi—gat

2159 5111 2343 5163 opera,
2386 5096 2477 5147 sed
2513 5098 2638 5160 quia
2672 5096 2716 5148 is
2737 5094 2971 5148 maxime
2998 5095 3181 5147 cultus
3210 5104 3267 5146 tit
3294 5094 3744 5162 spiritualiorfet

2160 5167 2338 5236 ipsum
2372 5167 2683 5236 deceat,_et
2732 5165 3000 5236 colentem
3035 5182 3048 5219 :
3095 5166 3236 5236 unde
3280 5179 3389 5216 non
3430 5175 3587 5218 vacat
3616 5182 3745 5236 pro-

2160 5235 2463 5297 babilitate,
2502 5233 2710 5287 nullum
2744 5235 2907 5288 talem
2942 5234 3187 5287 futurum
3214 5233 3266 5284 in
3299 5242 3445 5286 statu
3481 5233 3748 5290 innocen-

2160 5305 2266 5367 tiae,
2305 5306 2523 5372 qualem
2553 5311 2645 5355 aut
2665 5302 2834 5357 Jndtei
2865 5304 3016 5364 olim,
3061 5311 3153 5356 aut
3184 5317 3284 5355 nos
3317 5303 3420 5372 ipsi
3448 5305 3743 5368 habemus,

2161 5375 2397 5443 positiva
2428 5374 2714 5426 inductum
2759 5374 2897 5441 lege,
2930 5374 2986 5426 in
3017 5377 3179 5426 rebus
3210 5373 3594 5438 senstbilibus,
3634 5391 3743 5429 non

2162 5446 2281 5497 sine
2328 5444 2512 5513 aliqua
2569 5443 2873 5513 servitute,
2932 5444 3242 5513 aliquando
3286 5444 3550 5503 tollenda.
3617 5461 3744 5499 cum

2164 5511 2471 5567 libertatein
2506 5512 2821 5584 perfectam
2862 5514 3099 5584 _li_liorutn
3154 5511 3248 5584 Dei
3275 5583 3282 5584 ί
3307 5527 3743 5584 consequemur.

2164 5585 2254 5636 Sic
2291 5592 2475 5637 noster
2504 5582 2833 5636 Franciscus
2862 5581 3427 5653 Victoria,tlieologia:
3459 5581 3515 5637 in
3546 5584 3748 5653 llispa—

2165 5654 2251 5706 nio
2292 5653 2627 5722 instaurator
2669 5663 2723 5705 et
2756 5656 2905 5705 velut
2951 5652 3273 5721 primarium
3323 5654 3533 5715 lumen,
3563 5652 3743 5722 palam

2164 5725 2324 5793 dooet
2350 5721 2418 5775 de
2443 5722 2755 5783 sacrificiis,
2804 5723 2994 5777 relect.
3020 5723 3072 5782 9,
3112 5722 3185 5776 De
3220 5731 3433 5790 temper.
3464 5721 3613 5793 quod
3647 5723 3738 5793 alii

2167 5788 2274 5845 non
2318 5802 2542 5860 gravate
2584 5794 2994 5861 amplcctuntur'
3036 5793 3103 5846 de
3136 5788 3540 5861 sacramentis;
3588 5802 3644 5847 ut
3675 5792 3741 5846 de

2168 5863 2275 5918 illis
2305 5864 2376 5917 sit
2405 5866 2717 5917 communis
2753 5863 3041 5917 sententia.
3301 5864 3309 5871 '
