  <div class='ocr_page' id='page_1' title='image "/cluster/home/n/w/nwhite01/storage/ocr_20150623/97/coo.31924054870013/428.png"; bbox 0 0 3966 6442; ppageno 0'>
   <div class='ocr_carea' id='block_1_1' title="bbox 258 350 367 418">
    <p class='ocr_par' dir='ltr' id='par_1_1' title="bbox 258 350 367 418">
     <span class='ocr_line' id='line_1_1' title="bbox 258 350 367 418; baseline 0.009 -1"><span class='ocrx_word' id='word_1_1' title='bbox 258 350 367 418; x_wconf 82' lang='lat'><strong>809</strong></span> 
     </span>
    </p>
   </div>
   <div class='ocr_carea' id='block_1_2' title="bbox 1280 344 2456 410">
    <p class='ocr_par' dir='ltr' id='par_1_2' title="bbox 1280 344 2456 410">
     <span class='ocr_line' id='line_1_2' title="bbox 1280 344 2456 410; baseline 0.001 -2"><span class='ocrx_word' id='word_1_2' title='bbox 1280 346 1366 410; x_wconf 83' lang='lat' dir='ltr'><strong>IN</strong></span> <span class='ocrx_word' id='word_1_3' title='bbox 1408 344 1936 409; x_wconf 71' lang='lat' dir='ltr'><strong>NATIVITATEM</strong></span> <span class='ocrx_word' id='word_1_4' title='bbox 1978 345 2042 404; x_wconf 80' lang='grc' dir='ltr'><strong>Β.</strong></span> <span class='ocrx_word' id='word_1_5' title='bbox 2080 345 2371 409; x_wconf 74' lang='lat' dir='ltr'><strong>MARLE.</strong></span> <span class='ocrx_word' id='word_1_6' title='bbox 2408 348 2456 409; x_wconf 87' lang='grc' dir='ltr'><strong>Ι.</strong></span> 
     </span>
    </p>
   </div>
   <div class='ocr_carea' id='block_1_3' title="bbox 3430 350 3527 416">
    <p class='ocr_par' dir='ltr' id='par_1_3' title="bbox 3430 350 3527 416">
     <span class='ocr_line' id='line_1_3' title="bbox 3430 350 3527 416; baseline 0.041 -3"><span class='ocrx_word' id='word_1_7' title='bbox 3430 350 3527 416; x_wconf 79' lang='lat'><strong>810</strong></span> 
     </span>
    </p>
   </div>
   <div class='ocr_carea' id='block_1_4' title="bbox 252 460 1833 538">
    <p class='ocr_par' dir='ltr' id='par_1_4' title="bbox 252 461 1833 538">
     <span class='ocr_line' id='line_1_4' title="bbox 252 461 1833 538; baseline -0.003 -17"><span class='ocrx_word' id='word_1_8' title='bbox 252 462 441 538; x_wconf 66' lang='grc' dir='ltr'><strong>κέρδος</strong></span> <span class='ocrx_word' id='word_1_9' title='bbox 462 479 475 496; x_wconf 89' lang='grc'><strong>·</strong></span> <span class='ocrx_word' id='word_1_10' title='bbox 505 462 568 518; x_wconf 74' lang='lat' dir='ltr'><strong>rb</strong></span> <span class='ocrx_word' id='word_1_11' title='bbox 595 461 697 535; x_wconf 67' lang='grc' dir='ltr'><strong>μέν</strong></span> <span class='ocrx_word' id='word_1_12' title='bbox 714 480 770 518; x_wconf 87' lang='grc' dir='ltr'><strong>τι</strong></span> <span class='ocrx_word' id='word_1_13' title='bbox 793 462 931 537; x_wconf 79' lang='grc' dir='ltr'><strong>προς</strong></span> <span class='ocrx_word' id='word_1_14' title='bbox 975 463 1078 537; x_wconf 77' lang='grc' dir='ltr'><strong>τήν</strong></span> <span class='ocrx_word' id='word_1_15' title='bbox 1096 462 1355 534; x_wconf 81' lang='grc' dir='ltr'><strong>ἀλήθειαν</strong></span> <span class='ocrx_word' id='word_1_16' title='bbox 1375 464 1525 535; x_wconf 73' lang='grc' dir='ltr'><strong>ἡμᾶς</strong></span> <span class='ocrx_word' id='word_1_17' title='bbox 1544 462 1833 530; x_wconf 63' lang='grc' dir='ltr'><strong>ὲπανάγον</strong></span> 
     </span>
    </p>
   </div>
   <div class='ocr_carea' id='block_1_5' title="bbox 1940 460 3535 538">
    <p class='ocr_par' dir='ltr' id='par_1_5' title="bbox 1950 460 3535 533">
     <span class='ocr_line' id='line_1_5' title="bbox 1950 460 3535 533; baseline 0.003 -21"><span class='ocrx_word' id='word_1_18' title='bbox 1950 460 2034 515; x_wconf 89' lang='lat' dir='ltr'><strong>bis</strong></span> <span class='ocrx_word' id='word_1_19' title='bbox 2069 478 2134 516; x_wconf 79' lang='lat' dir='ltr'><strong>ex</strong></span> <span class='ocrx_word' id='word_1_20' title='bbox 2194 478 2263 517; x_wconf 74' lang='lat' dir='ltr'><strong>eo</strong></span> <span class='ocrx_word' id='word_1_21' title='bbox 2310 462 2527 517; x_wconf 64' lang='lat' dir='ltr'><strong>ltusrum</strong></span> <span class='ocrx_word' id='word_1_22' title='bbox 2564 462 2913 520; x_wconf 86' lang='lat' dir='ltr'><strong>accesserit:</strong></span> <span class='ocrx_word' id='word_1_23' title='bbox 2956 475 3019 518; x_wconf 92' lang='lat' dir='ltr'><strong>ea</strong></span> <span class='ocrx_word' id='word_1_24' title='bbox 3068 460 3297 533; x_wconf 84' lang='lat' dir='ltr'><strong>quidem</strong></span> <span class='ocrx_word' id='word_1_25' title='bbox 3338 476 3535 532; x_wconf 78' lang='lat' dir='ltr'><strong>prove-</strong></span> 
     </span>
    </p>
   </div>
   <div class='ocr_carea' id='block_1_6' title="bbox 251 555 1845 628">
    <p class='ocr_par' dir='ltr' id='par_1_6' title="bbox 251 555 1845 628">
     <span class='ocr_line' id='line_1_6' title="bbox 251 555 1845 628; baseline -0.003 -17"><span class='ocrx_word' id='word_1_26' title='bbox 251 558 315 612; x_wconf 84' lang='grc' dir='ltr'><strong>τδ</strong></span> <span class='ocrx_word' id='word_1_27' title='bbox 339 557 397 612; x_wconf 80' lang='grc' dir='ltr'><em>δέ</em></span> <span class='ocrx_word' id='word_1_28' title='bbox 428 573 484 610; x_wconf 88' lang='grc' dir='ltr'><strong>τι</strong></span> <span class='ocrx_word' id='word_1_29' title='bbox 515 556 618 628; x_wconf 83' lang='grc' dir='ltr'><strong>τῆς</strong></span> <span class='ocrx_word' id='word_1_30' title='bbox 646 557 881 628; x_wconf 81' lang='grc' dir='ltr'><strong>νομικῆς</strong></span> <span class='ocrx_word' id='word_1_31' title='bbox 908 557 967 611; x_wconf 75' lang='grc' dir='ltr'><strong>ἐν</strong></span> <span class='ocrx_word' id='word_1_32' title='bbox 1014 562 1310 628; x_wconf 68' lang='grc' dir='ltr'><strong>γράμματι</strong></span> <span class='ocrx_word' id='word_1_33' title='bbox 1337 556 1589 619; x_wconf 80' lang='grc' dir='ltr'><strong>δουλείας</strong></span> <span class='ocrx_word' id='word_1_34' title='bbox 1620 555 1716 609; x_wconf 72' lang='grc' dir='ltr'><strong>καὶ</strong></span> <span class='ocrx_word' id='word_1_35' title='bbox 1747 571 1845 607; x_wconf 87' lang='grc' dir='ltr'><strong>πο-</strong></span> 
     </span>
    </p>
   </div>
   <div class='ocr_carea' id='block_1_7' title="bbox 252 648 724 718">
    <p class='ocr_par' dir='ltr' id='par_1_7' title="bbox 252 648 724 718">
     <span class='ocr_line' id='line_1_7' title="bbox 252 648 724 718; baseline -0.004 -14"><span class='ocrx_word' id='word_1_36' title='bbox 252 648 461 713; x_wconf 84' lang='grc' dir='ltr'><strong>λιτείας</strong></span> <span class='ocrx_word' id='word_1_37' title='bbox 486 649 724 718; x_wconf 76' lang='grc' dir='ltr'><strong>ἀπάγου.</strong></span> 
     </span>
    </p>
   </div>
   <div class='ocr_carea' id='block_1_8' title="bbox 322 736 1845 811">
    <p class='ocr_par' dir='ltr' id='par_1_8' title="bbox 322 736 1845 811">
     <span class='ocr_line' id='line_1_8' title="bbox 322 736 1845 811; baseline -0.001 -19"><span class='ocrx_word' id='word_1_38' title='bbox 322 738 470 805; x_wconf 85' lang='grc' dir='ltr'><strong>Πῶς,</strong></span> <span class='ocrx_word' id='word_1_39' title='bbox 499 740 597 793; x_wconf 79' lang='grc' dir='ltr'><strong>καὶ</strong></span> <span class='ocrx_word' id='word_1_40' title='bbox 624 740 745 793; x_wconf 86' lang='grc' dir='ltr'><strong>τίνα</strong></span> <span class='ocrx_word' id='word_1_41' title='bbox 770 740 1009 811; x_wconf 85' lang='grc' dir='ltr'><strong>τρόπον;</strong></span> <span class='ocrx_word' id='word_1_42' title='bbox 1053 736 1482 809; x_wconf 79' lang='grc' dir='ltr'><strong>’Υποχωρούσής</strong></span> <span class='ocrx_word' id='word_1_43' title='bbox 1515 737 1716 810; x_wconf 81' lang='grc' dir='ltr'><strong>δηλαδὴ</strong></span> <span class='ocrx_word' id='word_1_44' title='bbox 1745 738 1845 807; x_wconf 78' lang='grc' dir='ltr'><strong>τῆς</strong></span> 
     </span>
    </p>
   </div>
   <div class='ocr_carea' id='block_1_9' title="bbox 255 830 1846 905">
    <p class='ocr_par' dir='ltr' id='par_1_9' title="bbox 255 830 1846 905">
     <span class='ocr_line' id='line_1_9' title="bbox 255 830 1846 905; baseline -0.005 -17"><span class='ocrx_word' id='word_1_45' title='bbox 255 834 413 897; x_wconf 79' lang='grc' dir='ltr'><strong>σκιᾶς</strong></span> <span class='ocrx_word' id='word_1_46' title='bbox 432 836 500 905; x_wconf 77' lang='grc' dir='ltr'><strong>τῇ</strong></span> <span class='ocrx_word' id='word_1_47' title='bbox 531 832 626 886; x_wconf 84' lang='grc' dir='ltr'><strong>τοῦ</strong></span> <span class='ocrx_word' id='word_1_48' title='bbox 668 833 851 902; x_wconf 77' lang='grc' dir='ltr'><strong>φωτὸς</strong></span> <span class='ocrx_word' id='word_1_49' title='bbox 885 831 1200 905; x_wconf 73' lang='grc' dir='ltr'><strong>παρουσίᾳ,</strong></span> <span class='ocrx_word' id='word_1_50' title='bbox 1259 832 1353 885; x_wconf 73' lang='grc' dir='ltr'><strong>καὶ</strong></span> <span class='ocrx_word' id='word_1_51' title='bbox 1380 830 1481 902; x_wconf 81' lang='grc' dir='ltr'><strong>τὴν</strong></span> <span class='ocrx_word' id='word_1_52' title='bbox 1528 830 1846 901; x_wconf 71' lang='grc' dir='ltr'><strong>ἐλευθερίαν</strong></span> 
     </span>
    </p>
   </div>
   <div class='ocr_carea' id='block_1_10' title="bbox 254 916 1843 998">
    <p class='ocr_par' dir='ltr' id='par_1_10' title="bbox 254 916 1843 998">
     <span class='ocr_line' id='line_1_10' title="bbox 254 916 1843 998; baseline -0.004 -17"><span class='ocrx_word' id='word_1_53' title='bbox 254 926 345 981; x_wconf 76' lang='grc' dir='ltr'><strong>τοῦ</strong></span> <span class='ocrx_word' id='word_1_54' title='bbox 373 926 708 998; x_wconf 76' lang='grc' dir='ltr'><strong>γράμματος</strong></span> <span class='ocrx_word' id='word_1_55' title='bbox 757 923 1226 995; x_wconf 74' lang='grc' dir='ltr'><strong>ἀντεισφερούσης</strong></span> <span class='ocrx_word' id='word_1_56' title='bbox 1270 924 1372 993; x_wconf 83' lang='grc' dir='ltr'><strong>τῆς</strong></span> <span class='ocrx_word' id='word_1_57' title='bbox 1413 924 1674 995; x_wconf 82' lang='grc' dir='ltr'><strong>χάριτος·</strong></span> <span class='ocrx_word' id='word_1_58' title='bbox 1700 916 1775 975; x_wconf 83' lang='grc' dir='ltr'><strong>ὧν</strong></span> <span class='ocrx_word' id='word_1_59' title='bbox 1810 925 1843 994; x_wconf 85' lang='grc' dir='ltr'><strong>ἠ</strong></span> 
     </span>
    </p>
   </div>
   <div class='ocr_carea' id='block_1_11' title="bbox 254 1018 1845 1093">
    <p class='ocr_par' dir='ltr' id='par_1_11' title="bbox 254 1018 1845 1093">
     <span class='ocr_line' id='line_1_11' title="bbox 254 1018 1845 1093; baseline -0.003 -19"><span class='ocrx_word' id='word_1_60' title='bbox 254 1019 507 1093; x_wconf 81' lang='grc' dir='ltr'><strong>παροῦσα</strong></span> <span class='ocrx_word' id='word_1_61' title='bbox 528 1020 840 1093; x_wconf 83' lang='grc' dir='ltr'><strong>πανήγυρις</strong></span> <span class='ocrx_word' id='word_1_62' title='bbox 872 1020 1129 1091; x_wconf 78' lang='grc' dir='ltr'><strong>μεθόριος</strong></span> <span class='ocrx_word' id='word_1_63' title='bbox 1160 1018 1399 1082; x_wconf 80' lang='grc' dir='ltr'><strong>ἵσταται,</strong></span> <span class='ocrx_word' id='word_1_64' title='bbox 1432 1019 1531 1091; x_wconf 80' lang='grc' dir='ltr'><strong>τὴν</strong></span> <span class='ocrx_word' id='word_1_65' title='bbox 1580 1019 1845 1091; x_wconf 81' lang='grc' dir='ltr'><strong>ἀλήθειαν</strong></span> 
     </span>
    </p>
   </div>
   <div class='ocr_carea' id='block_1_12' title="bbox 251 1106 1846 1179">
    <p class='ocr_par' dir='ltr' id='par_1_12' title="bbox 251 1106 1846 1179">
     <span class='ocr_line' id='line_1_12' title="bbox 251 1106 1846 1179; baseline -0.002 -16"><span class='ocrx_word' id='word_1_66' title='bbox 251 1109 361 1163; x_wconf 82' lang='grc' dir='ltr'><strong>τῶν</strong></span> <span class='ocrx_word' id='word_1_67' title='bbox 405 1108 657 1163; x_wconf 86' lang='grc' dir='ltr'><strong>τυπικῶν</strong></span> <span class='ocrx_word' id='word_1_68' title='bbox 698 1109 985 1179; x_wconf 78' lang='grc' dir='ltr'><strong>συμϐόλων</strong></span> <span class='ocrx_word' id='word_1_69' title='bbox 1016 1108 1592 1179; x_wconf 75' lang='grc' dir='ltr'><strong>ἀντιπαραζευγνῦσα,</strong></span> <span class='ocrx_word' id='word_1_70' title='bbox 1629 1109 1726 1161; x_wconf 79' lang='grc' dir='ltr'><strong>καὶ</strong></span> <span class='ocrx_word' id='word_1_71' title='bbox 1775 1106 1846 1160; x_wconf 79' lang='grc' dir='ltr'><strong>τὰ</strong></span> 
     </span>
    </p>
   </div>
   <div class='ocr_carea' id='block_1_13' title="bbox 249 1199 1845 1273">
    <p class='ocr_par' dir='ltr' id='par_1_13' title="bbox 249 1199 1845 1273">
     <span class='ocr_line' id='line_1_13' title="bbox 249 1199 1845 1273; baseline -0.001 -20"><span class='ocrx_word' id='word_1_72' title='bbox 249 1199 344 1253; x_wconf 82' lang='grc' dir='ltr'><strong>νέα</strong></span> <span class='ocrx_word' id='word_1_73' title='bbox 368 1199 480 1253; x_wconf 86' lang='grc' dir='ltr'><strong>τῶν</strong></span> <span class='ocrx_word' id='word_1_74' title='bbox 521 1199 768 1254; x_wconf 82' lang='grc' dir='ltr'><strong>παλαιῶν</strong></span> <span class='ocrx_word' id='word_1_75' title='bbox 798 1202 1256 1273; x_wconf 78' lang='grc' dir='ltr'><strong>ἀντεισφέρουσα.</strong></span> <span class='ocrx_word' id='word_1_76' title='bbox 1309 1200 1482 1254; x_wconf 81' lang='grc' dir='ltr'><strong>Τοῦτο</strong></span> <span class='ocrx_word' id='word_1_77' title='bbox 1517 1200 1613 1255; x_wconf 77' lang='grc' dir='ltr'><strong>καὶ</strong></span> <span class='ocrx_word' id='word_1_78' title='bbox 1639 1201 1668 1253; x_wconf 85' lang='grc' dir='ltr'>ὁ</span> <span class='ocrx_word' id='word_1_79' title='bbox 1694 1199 1845 1254; x_wconf 79' lang='grc' dir='ltr'><strong>Παῦ-</strong></span> 
     </span>
    </p>
   </div>
   <div class='ocr_carea' id='block_1_14' title="bbox 203 1264 1841 1365">
    <p class='ocr_par' dir='ltr' id='par_1_14' title="bbox 203 1264 1841 1365">
     <span class='ocr_line' id='line_1_14' title="bbox 203 1264 1841 1365; baseline 0.001 -20"><span class='ocrx_word' id='word_1_80' title='bbox 203 1264 217 1345; x_wconf 59' lang='grc' dir='ltr'>Ῐ</span> <span class='ocrx_word' id='word_1_81' title='bbox 250 1293 359 1356; x_wconf 85' lang='grc' dir='ltr'><strong>λος,</strong></span> <span class='ocrx_word' id='word_1_82' title='bbox 384 1294 419 1363; x_wconf 86' lang='grc' dir='ltr'><strong>ή</strong></span> <span class='ocrx_word' id='word_1_83' title='bbox 440 1291 561 1346; x_wconf 82' lang='grc' dir='ltr'><strong>θεία</strong></span> <span class='ocrx_word' id='word_1_84' title='bbox 586 1291 683 1346; x_wconf 80' lang='grc' dir='ltr'><strong>τοῦ</strong></span> <span class='ocrx_word' id='word_1_85' title='bbox 708 1264 1030 1365; x_wconf 66' lang='grc' dir='ltr'><strong>Πνεύματος</strong></span> <span class='ocrx_word' id='word_1_86' title='bbox 1059 1264 1317 1362; x_wconf 75' lang='grc' dir='ltr'><strong>σάλπιγξ,</strong></span> <span class='ocrx_word' id='word_1_87' title='bbox 1344 1292 1622 1365; x_wconf 69' lang='grc' dir='ltr'><strong>ἀνέκραγε</strong></span> <span class='ocrx_word' id='word_1_88' title='bbox 1644 1292 1841 1362; x_wconf 78' lang='grc' dir='ltr'><strong>λέγων’</strong></span> 
     </span>
    </p>
   </div>
   <div class='ocr_carea' id='block_1_15' title="bbox 212 1383 1840 1455">
    <p class='ocr_par' dir='ltr' id='par_1_15' title="bbox 212 1383 1840 1455">
     <span class='ocr_line' id='line_1_15' title="bbox 212 1383 1840 1455; baseline -0.001 -15"><span class='ocrx_word' id='word_1_89' title='bbox 212 1391 217 1399; x_wconf 91' lang='grc'><em>’</em></span> <span class='ocrx_word' id='word_1_90' title='bbox 255 1384 321 1440; x_wconf 76' lang='lat' dir='ltr'><strong>EI</strong></span> <span class='ocrx_word' id='word_1_91' title='bbox 370 1401 464 1451; x_wconf 78' lang='grc' dir='ltr'><strong>τις</strong></span> <span class='ocrx_word' id='word_1_92' title='bbox 495 1384 570 1437; x_wconf 71' lang='grc' dir='ltr'><strong>ἐν</strong></span> <span class='ocrx_word' id='word_1_93' title='bbox 600 1383 836 1455; x_wconf 80' lang='grc' dir='ltr'><strong>Χριστῷ</strong></span> <span class='ocrx_word' id='word_1_94' title='bbox 899 1384 1080 1454; x_wconf 78' lang='grc' dir='ltr'><strong>καινὴ</strong></span> <span class='ocrx_word' id='word_1_95' title='bbox 1126 1388 1347 1452; x_wconf 81' lang='grc' dir='ltr'><strong>κτίσις,</strong></span> <span class='ocrx_word' id='word_1_96' title='bbox 1400 1385 1840 1449; x_wconf 74' lang='grc' dir='ltr'><strong>ἀνακαινίζεσθε.</strong></span> 
     </span>
    </p>
   </div>
   <div class='ocr_carea' id='block_1_16' title="bbox 201 1455 1846 1545">
    <p class='ocr_par' dir='ltr' id='par_1_16' title="bbox 201 1455 1846 1545">
     <span class='ocr_line' id='line_1_16' title="bbox 201 1455 1846 1545; baseline -0.001 -15"><span class='ocrx_word' id='word_1_97' title='bbox 201 1455 219 1545; x_wconf 50' lang='grc' dir='ltr'><em>ξ</em></span> <span class='ocrx_word' id='word_1_98' title='bbox 259 1479 330 1530; x_wconf 79' lang='grc' dir='ltr'><strong><em>Τὰ</em></strong></span> <span class='ocrx_word' id='word_1_99' title='bbox 359 1475 583 1545; x_wconf 78' lang='grc' dir='ltr'><strong>ἀρχαῖα</strong></span> <span class='ocrx_word' id='word_1_100' title='bbox 610 1473 946 1544; x_wconf 70' lang='grc' dir='ltr'><strong>παρῆλθεν,</strong></span> <span class='ocrx_word' id='word_1_101' title='bbox 980 1474 1111 1529; x_wconf 73' lang='grc' dir='ltr'><strong>ἰδοὺ</strong></span> <span class='ocrx_word' id='word_1_102' title='bbox 1140 1476 1351 1545; x_wconf 74' lang='grc' dir='ltr'><strong>γέγονε</strong></span> <span class='ocrx_word' id='word_1_103' title='bbox 1380 1476 1453 1530; x_wconf 80' lang='grc' dir='ltr'><strong>τὰ</strong></span> <span class='ocrx_word' id='word_1_104' title='bbox 1496 1475 1697 1530; x_wconf 78' lang='grc' dir='ltr'><strong>πάντα</strong></span> <span class='ocrx_word' id='word_1_105' title='bbox 1719 1491 1846 1531; x_wconf 83' lang='grc' dir='ltr'><strong>και-</strong></span> 
     </span>
    </p>
   </div>
   <div class='ocr_carea' id='block_1_17' title="bbox 201 1543 1847 1641">
    <p class='ocr_par' dir='ltr' id='par_1_17' title="bbox 201 1543 1847 1641">
     <span class='ocr_line' id='line_1_17' title="bbox 201 1543 1847 1641; baseline 0.002 -20"><span class='ocrx_word' id='word_1_106' title='bbox 201 1543 210 1641; x_wconf 34' lang='grc' dir='ltr'><em>ῗ</em></span> <span class='ocrx_word' id='word_1_107' title='bbox 252 1568 344 1623; x_wconf 78' lang='lat' dir='ltr'><strong>rd.</strong></span> <span class='ocrx_word' id='word_1_108' title='bbox 376 1543 599 1638; x_wconf 55' lang='grc' dir='ltr'><strong>’ἐπειδὴ</strong></span> <span class='ocrx_word' id='word_1_109' title='bbox 616 1543 727 1638; x_wconf 71' lang='grc' dir='ltr'><strong>γὰρ</strong></span> <span class='ocrx_word' id='word_1_110' title='bbox 741 1543 947 1637; x_wconf 79' lang='grc' dir='ltr'><strong>Μηδὲν</strong></span> <span class='ocrx_word' id='word_1_111' title='bbox 973 1543 1331 1624; x_wconf 71' lang='grc' dir='ltr'><strong>ἐτελείωσεν</strong></span> <span class='ocrx_word' id='word_1_112' title='bbox 1351 1571 1384 1624; x_wconf 84' lang='grc' dir='ltr'><strong>ό</strong></span> <span class='ocrx_word' id='word_1_113' title='bbox 1404 1568 1615 1638; x_wconf 76' lang='grc' dir='ltr'><strong>νόμος,</strong></span> <span class='ocrx_word' id='word_1_114' title='bbox 1642 1570 1847 1624; x_wconf 81' lang='grc' dir='ltr'><strong>ἐπεισ-</strong></span> 
     </span>
    </p>
   </div>
   <div class='ocr_carea' id='block_1_18' title="bbox 251 1656 1845 1732">
    <p class='ocr_par' dir='ltr' id='par_1_18' title="bbox 251 1656 1845 1732">
     <span class='ocr_line' id='line_1_18' title="bbox 251 1656 1845 1732; baseline 0.001 -19"><span class='ocrx_word' id='word_1_115' title='bbox 251 1657 445 1729; x_wconf 72' lang='grc' dir='ltr'><strong>αγωγὴ</strong></span> <span class='ocrx_word' id='word_1_116' title='bbox 478 1658 550 1712; x_wconf 77' lang='grc' dir='ltr'><strong>δὲ</strong></span> <span class='ocrx_word' id='word_1_117' title='bbox 600 1658 947 1729; x_wconf 76' lang='grc' dir='ltr'><strong>κρείττονος</strong></span> <span class='ocrx_word' id='word_1_118' title='bbox 971 1660 1255 1726; x_wconf 78' lang='grc' dir='ltr'><strong>ἐλπίδος,</strong></span> <span class='ocrx_word' id='word_1_119' title='bbox 1291 1660 1366 1714; x_wconf 84' lang='grc' dir='ltr'><strong>δι’</strong></span> <span class='ocrx_word' id='word_1_120' title='bbox 1414 1656 1492 1732; x_wconf 79' lang='grc' dir='ltr'><strong>ἧς</strong></span> <span class='ocrx_word' id='word_1_121' title='bbox 1536 1660 1845 1731; x_wconf 73' lang='grc' dir='ltr'><strong>ἐγγίζομεν</strong></span> 
     </span>
    </p>
   </div>
   <div class='ocr_carea' id='block_1_19' title="bbox 254 1749 1840 1828">
    <p class='ocr_par' dir='ltr' id='par_1_19' title="bbox 254 1749 1840 1828">
     <span class='ocr_line' id='line_1_19' title="bbox 254 1749 1840 1828; baseline 0.001 -21"><span class='ocrx_word' id='word_1_122' title='bbox 254 1752 330 1818; x_wconf 84' lang='grc' dir='ltr'><strong>τῷ</strong></span> <span class='ocrx_word' id='word_1_123' title='bbox 362 1749 504 1818; x_wconf 78' lang='grc' dir='ltr'><strong>Θεῷ,</strong></span> <span class='ocrx_word' id='word_1_124' title='bbox 553 1752 656 1823; x_wconf 78' lang='grc' dir='ltr'><strong>τῆς</strong></span> <span class='ocrx_word' id='word_1_125' title='bbox 678 1752 907 1823; x_wconf 79' lang='grc' dir='ltr'><strong>χάριτος</strong></span> <span class='ocrx_word' id='word_1_126' title='bbox 942 1752 1213 1823; x_wconf 75' lang='grc' dir='ltr'><strong>ὲξεφάνθη</strong></span> <span class='ocrx_word' id='word_1_127' title='bbox 1245 1754 1463 1825; x_wconf 80' lang='grc' dir='ltr'>τρανῶς</span> <span class='ocrx_word' id='word_1_128' title='bbox 1491 1757 1525 1828; x_wconf 85' lang='grc' dir='ltr'><strong>ή</strong></span> <span class='ocrx_word' id='word_1_129' title='bbox 1575 1755 1804 1826; x_wconf 83' lang='grc' dir='ltr'><strong>ἀλήθεια</strong></span> <span class='ocrx_word' id='word_1_130' title='bbox 1826 1772 1840 1788; x_wconf 77' lang='grc' dir='ltr'><strong>ο</strong></span> 
     </span>
    </p>
   </div>
   <div class='ocr_carea' id='block_1_20' title="bbox 255 1844 1839 1918">
    <p class='ocr_par' dir='ltr' id='par_1_20' title="bbox 255 1844 1839 1918">
     <span class='ocr_line' id='line_1_20' title="bbox 255 1844 1839 1918; baseline 0.002 -21"><span class='ocrx_word' id='word_1_131' title='bbox 255 1844 411 1907; x_wconf 71' lang='grc' dir='ltr'><strong>αὐτὸς</strong></span> <span class='ocrx_word' id='word_1_132' title='bbox 453 1844 652 1898; x_wconf 73' lang='grc' dir='ltr'><strong>ἑαυτὸν</strong></span> <span class='ocrx_word' id='word_1_133' title='bbox 693 1844 882 1909; x_wconf 76' lang='grc' dir='ltr'><strong>καθεὶς</strong></span> <span class='ocrx_word' id='word_1_134' title='bbox 915 1846 944 1897; x_wconf 89' lang='grc' dir='ltr'><strong>ὀ</strong></span> <span class='ocrx_word' id='word_1_135' title='bbox 973 1844 1068 1898; x_wconf 83' lang='grc' dir='ltr'><strong>τοῦ</strong></span> <span class='ocrx_word' id='word_1_136' title='bbox 1117 1846 1286 1916; x_wconf 83' lang='grc' dir='ltr'><strong>νόμου</strong></span> <span class='ocrx_word' id='word_1_137' title='bbox 1321 1845 1488 1918; x_wconf 80' lang='grc' dir='ltr'><strong>δοτὴρ</strong></span> <span class='ocrx_word' id='word_1_138' title='bbox 1539 1847 1839 1918; x_wconf 76' lang='grc' dir='ltr'><strong>ἀφράστως</strong></span> 
     </span>
    </p>
   </div>
   <div class='ocr_carea' id='block_1_21' title="bbox 257 1936 1843 2012">
    <p class='ocr_par' dir='ltr' id='par_1_21' title="bbox 257 1936 1843 2012">
     <span class='ocr_line' id='line_1_21' title="bbox 257 1936 1843 2012; baseline 0.003 -22"><span class='ocrx_word' id='word_1_139' title='bbox 257 1939 331 2001; x_wconf 80' lang='grc' dir='ltr'><strong>είς</strong></span> <span class='ocrx_word' id='word_1_140' title='bbox 350 1936 599 2001; x_wconf 74' lang='grc' dir='ltr'><strong>κένωσιν,</strong></span> <span class='ocrx_word' id='word_1_141' title='bbox 633 1937 999 2009; x_wconf 77' lang='grc' dir='ltr'><strong>οἰκονομικῶς</strong></span> <span class='ocrx_word' id='word_1_142' title='bbox 1021 1937 1310 2008; x_wconf 82' lang='grc' dir='ltr'><strong>ἄνθρωπος</strong></span> <span class='ocrx_word' id='word_1_143' title='bbox 1343 1939 1736 2012; x_wconf 77' lang='grc' dir='ltr'><strong>προελήλυθεν,</strong></span> <span class='ocrx_word' id='word_1_144' title='bbox 1756 1941 1843 1995; x_wconf 82' lang='grc' dir='ltr'><strong>ἵνα</strong></span> 
     </span>
    </p>
   </div>
   <div class='ocr_carea' id='block_1_22' title="bbox 257 2026 1844 2103">
    <p class='ocr_par' dir='ltr' id='par_1_22' title="bbox 257 2026 1844 2103">
     <span class='ocr_line' id='line_1_22' title="bbox 257 2026 1844 2103; baseline 0.003 -20"><span class='ocrx_word' id='word_1_145' title='bbox 257 2029 515 2102; x_wconf 77' lang='grc' dir='ltr'><strong>πληρώσῃ</strong></span> <span class='ocrx_word' id='word_1_146' title='bbox 546 2028 610 2083; x_wconf 81' lang='grc' dir='ltr'><strong>τὸ</strong></span> <span class='ocrx_word' id='word_1_147' title='bbox 664 2026 875 2093; x_wconf 84' lang='grc' dir='ltr'><strong>λεῖπον,</strong></span> <span class='ocrx_word' id='word_1_148' title='bbox 912 2029 1008 2084; x_wconf 75' lang='grc' dir='ltr'><strong>καὶ</strong></span> <span class='ocrx_word' id='word_1_149' title='bbox 1047 2028 1248 2101; x_wconf 83' lang='grc' dir='ltr'><strong>ἀντιδῷ</strong></span> <span class='ocrx_word' id='word_1_150' title='bbox 1284 2030 1395 2084; x_wconf 83' lang='grc' dir='ltr'><strong>τῶν</strong></span> <span class='ocrx_word' id='word_1_151' title='bbox 1461 2032 1724 2103; x_wconf 83' lang='grc' dir='ltr'><strong>χειρόνων</strong></span> <span class='ocrx_word' id='word_1_152' title='bbox 1774 2033 1844 2088; x_wconf 76' lang='grc' dir='ltr'><strong>τὰ</strong></span> 
     </span>
    </p>
   </div>
   <div class='ocr_carea' id='block_1_23' title="bbox 258 2119 1843 2195">
    <p class='ocr_par' dir='ltr' id='par_1_23' title="bbox 258 2119 1843 2195">
     <span class='ocr_line' id='line_1_23' title="bbox 258 2119 1843 2195; baseline 0.002 -20"><span class='ocrx_word' id='word_1_153' title='bbox 258 2121 539 2193; x_wconf 85' lang='grc' dir='ltr'><strong>κρείττονα</strong></span> <span class='ocrx_word' id='word_1_154' title='bbox 563 2119 661 2176; x_wconf 76' lang='grc' dir='ltr'><strong>καὶ</strong></span> <span class='ocrx_word' id='word_1_155' title='bbox 688 2120 1027 2192; x_wconf 76' lang='grc' dir='ltr'><strong>τελειότερα.</strong></span> <span class='ocrx_word' id='word_1_156' title='bbox 1079 2122 1145 2175; x_wconf 84' lang='lat'><strong>&#39;0</strong></span> <span class='ocrx_word' id='word_1_157' title='bbox 1171 2121 1237 2192; x_wconf 76' lang='grc' dir='ltr'><strong>δὴ</strong></span> <span class='ocrx_word' id='word_1_158' title='bbox 1281 2122 1378 2175; x_wconf 76' lang='grc' dir='ltr'><strong>καὶ</strong></span> <span class='ocrx_word' id='word_1_159' title='bbox 1402 2123 1432 2177; x_wconf 88' lang='grc' dir='ltr'><strong>ό</strong></span> <span class='ocrx_word' id='word_1_160' title='bbox 1476 2123 1680 2194; x_wconf 71' lang='grc' dir='ltr'><strong>ὑψηλὸς</strong></span> <span class='ocrx_word' id='word_1_161' title='bbox 1714 2124 1843 2195; x_wconf 80' lang='grc' dir='ltr'><strong>βού-</strong></span> 
     </span>
    </p>
   </div>
   <div class='ocr_carea' id='block_1_24' title="bbox 262 2213 1839 2289">
    <p class='ocr_par' dir='ltr' id='par_1_24' title="bbox 262 2213 1839 2289">
     <span class='ocr_line' id='line_1_24' title="bbox 262 2213 1839 2289; baseline 0.004 -23"><span class='ocrx_word' id='word_1_162' title='bbox 262 2213 391 2268; x_wconf 75' lang='grc' dir='ltr'><strong>λοιτ’</strong></span> <span class='ocrx_word' id='word_1_163' title='bbox 437 2213 502 2268; x_wconf 78' lang='grc' dir='ltr'><strong>ἂν</strong></span> <span class='ocrx_word' id='word_1_164' title='bbox 564 2213 837 2283; x_wconf 76' lang='grc' dir='ltr'><strong>Ἰωάννης,</strong></span> <span class='ocrx_word' id='word_1_165' title='bbox 872 2214 905 2284; x_wconf 88' lang='grc' dir='ltr'><strong>ή</strong></span> <span class='ocrx_word' id='word_1_166' title='bbox 958 2213 1210 2284; x_wconf 86' lang='grc' dir='ltr'><strong>θεολόγος</strong></span> <span class='ocrx_word' id='word_1_167' title='bbox 1242 2214 1339 2268; x_wconf 75' lang='grc' dir='ltr'><strong>τοῦ</strong></span> <span class='ocrx_word' id='word_1_168' title='bbox 1373 2215 1550 2284; x_wconf 84' lang='grc' dir='ltr'>Λόγου</span> <span class='ocrx_word' id='word_1_169' title='bbox 1604 2217 1839 2289; x_wconf 84' lang='grc' dir='ltr'><strong>βροντὴ,</strong></span> 
     </span>
    </p>
   </div>
   <div class='ocr_carea' id='block_1_25' title="bbox 268 2305 1841 2379">
    <p class='ocr_par' dir='ltr' id='par_1_25' title="bbox 268 2305 1841 2379">
     <span class='ocr_line' id='line_1_25' title="bbox 268 2305 1841 2379; baseline 0.002 -18"><span class='ocrx_word' id='word_1_170' title='bbox 268 2305 628 2378; x_wconf 81' lang='grc' dir='ltr'><strong>διασημαίνειν</strong></span> <span class='ocrx_word' id='word_1_171' title='bbox 652 2307 1001 2375; x_wconf 76' lang='grc' dir='ltr'><strong>σαφέσταταο</strong></span> <span class='ocrx_word' id='word_1_172' title='bbox 1047 2306 1144 2360; x_wconf 79' lang='grc' dir='ltr'><strong>Ἐκ</strong></span> <span class='ocrx_word' id='word_1_173' title='bbox 1174 2307 1283 2362; x_wconf 83' lang='grc' dir='ltr'><strong>τοῦ</strong></span> <span class='ocrx_word' id='word_1_174' title='bbox 1315 2308 1714 2379; x_wconf 72' lang='grc' dir='ltr'><strong>πληρώματος</strong></span> <span class='ocrx_word' id='word_1_175' title='bbox 1732 2312 1841 2364; x_wconf 77' lang='grc' dir='ltr'><strong>αὑ-</strong></span> 
     </span>
    </p>
   </div>
   <div class='ocr_carea' id='block_1_26' title="bbox 271 2397 1844 2474">
    <p class='ocr_par' dir='ltr' id='par_1_26' title="bbox 271 2397 1844 2474">
     <span class='ocr_line' id='line_1_26' title="bbox 271 2397 1844 2474; baseline 0.002 -19"><span class='ocrx_word' id='word_1_176' title='bbox 271 2398 393 2463; x_wconf 83' lang='grc' dir='ltr'><strong>τοῦ,</strong></span> <span class='ocrx_word' id='word_1_177' title='bbox 433 2399 622 2468; x_wconf 77' lang='grc' dir='ltr'><strong>λέγων,</strong></span> <span class='ocrx_word' id='word_1_178' title='bbox 672 2398 849 2469; x_wconf 76' lang='grc' dir='ltr'><strong>ἡμεῖς</strong></span> <span class='ocrx_word' id='word_1_179' title='bbox 886 2397 1112 2465; x_wconf 71' lang='grc' dir='ltr'><strong>πάντες</strong></span> <span class='ocrx_word' id='word_1_180' title='bbox 1154 2399 1475 2469; x_wconf 75' lang='grc' dir='ltr'><strong>ἐλάϐομεν,</strong></span> <span class='ocrx_word' id='word_1_181' title='bbox 1531 2401 1633 2457; x_wconf 74' lang='grc' dir='ltr'><strong>καὶ</strong></span> <span class='ocrx_word' id='word_1_182' title='bbox 1663 2402 1844 2474; x_wconf 74' lang='grc' dir='ltr'><strong>χάριν</strong></span> 
     </span>
    </p>
   </div>
   <div class='ocr_carea' id='block_1_27' title="bbox 263 2488 1841 2561">
    <p class='ocr_par' dir='ltr' id='par_1_27' title="bbox 263 2488 1841 2561">
     <span class='ocr_line' id='line_1_27' title="bbox 263 2488 1841 2561; baseline 0.004 -15"><span class='ocrx_word' id='word_1_183' title='bbox 263 2491 391 2547; x_wconf 70' lang='grc' dir='ltr'><strong>ἀντὶ</strong></span> <span class='ocrx_word' id='word_1_184' title='bbox 430 2490 693 2561; x_wconf 76' lang='grc' dir='ltr'><strong>χάριτος.</strong></span> <span class='ocrx_word' id='word_1_185' title='bbox 748 2488 925 2545; x_wconf 80' lang='grc' dir='ltr'><strong>Αὑτοῦ</strong></span> <span class='ocrx_word' id='word_1_186' title='bbox 985 2489 1095 2560; x_wconf 76' lang='grc' dir='ltr'><strong>γὰρ</strong></span> <span class='ocrx_word' id='word_1_187' title='bbox 1151 2492 1486 2557; x_wconf 84' lang='grc' dir='ltr'><strong>κενωθέντος</strong></span> <span class='ocrx_word' id='word_1_188' title='bbox 1511 2532 1526 2556; x_wconf 90' lang='grc'><strong>,</strong></span> <span class='ocrx_word' id='word_1_189' title='bbox 1567 2490 1690 2550; x_wconf 80' lang='grc' dir='ltr'><strong>εἷτα</strong></span> <span class='ocrx_word' id='word_1_190' title='bbox 1745 2497 1841 2552; x_wconf 74' lang='grc' dir='ltr'><strong>καὶ</strong></span> 
     </span>
    </p>
   </div>
   <div class='ocr_carea' id='block_1_28' title="bbox 258 2582 1841 2659">
    <p class='ocr_par' dir='ltr' id='par_1_28' title="bbox 258 2582 1841 2659">
     <span class='ocr_line' id='line_1_28' title="bbox 258 2582 1841 2659; baseline 0.004 -22"><span class='ocrx_word' id='word_1_191' title='bbox 258 2583 631 2655; x_wconf 72' lang='grc' dir='ltr'><strong>μορφωθέντος</strong></span> <span class='ocrx_word' id='word_1_192' title='bbox 659 2582 958 2653; x_wconf 71' lang='grc' dir='ltr'><strong>ὑπερφυῶς</strong></span> <span class='ocrx_word' id='word_1_193' title='bbox 990 2584 1051 2647; x_wconf 75' lang='grc' dir='ltr'>ἐξ</span> <span class='ocrx_word' id='word_1_194' title='bbox 1075 2585 1107 2653; x_wconf 94' lang='grc' dir='ltr'><strong>ή</strong></span> <span class='ocrx_word' id='word_1_195' title='bbox 1117 2583 1234 2653; x_wconf 82' lang='grc' dir='ltr'><strong>μῶν</strong></span> <span class='ocrx_word' id='word_1_196' title='bbox 1261 2583 1323 2638; x_wconf 79' lang='grc' dir='ltr'><strong>τὸ</strong></span> <span class='ocrx_word' id='word_1_197' title='bbox 1356 2585 1647 2658; x_wconf 76' lang='grc' dir='ltr'><strong>ἡμέτερον,</strong></span> <span class='ocrx_word' id='word_1_198' title='bbox 1677 2589 1841 2659; x_wconf 79' lang='grc' dir='ltr'><strong>ἡμεῖς</strong></span> 
     </span>
    </p>
   </div>
   <div class='ocr_carea' id='block_1_29' title="bbox 253 2675 1839 2754">
    <p class='ocr_par' dir='ltr' id='par_1_29' title="bbox 253 2675 1839 2754">
     <span class='ocr_line' id='line_1_29' title="bbox 253 2675 1839 2754; baseline 0.003 -25"><span class='ocrx_word' id='word_1_199' title='bbox 253 2677 314 2730; x_wconf 80' lang='grc' dir='ltr'><strong>τὸ</strong></span> <span class='ocrx_word' id='word_1_200' title='bbox 336 2676 537 2748; x_wconf 80' lang='grc' dir='ltr'><strong>πλῆρες</strong></span> <span class='ocrx_word' id='word_1_201' title='bbox 588 2675 883 2747; x_wconf 69' lang='grc' dir='ltr'><strong>ἐλάϐομεν,</strong></span> <span class='ocrx_word' id='word_1_202' title='bbox 940 2675 1038 2729; x_wconf 80' lang='grc' dir='ltr'><strong>καὶ</strong></span> <span class='ocrx_word' id='word_1_203' title='bbox 1068 2675 1169 2746; x_wconf 77' lang='grc' dir='ltr'><strong>τὴν</strong></span> <span class='ocrx_word' id='word_1_204' title='bbox 1202 2677 1577 2733; x_wconf 80' lang='grc' dir='ltr'><strong>ἀντιδοθεϊσαν</strong></span> <span class='ocrx_word' id='word_1_205' title='bbox 1610 2683 1706 2733; x_wconf 83' lang='grc' dir='ltr'><strong>τοῦ</strong></span> <span class='ocrx_word' id='word_1_206' title='bbox 1742 2682 1839 2754; x_wconf 86' lang='grc' dir='ltr'><strong>λη-</strong></span> 
     </span>
    </p>
   </div>
   <div class='ocr_carea' id='block_1_30' title="bbox 256 2764 1841 2838">
    <p class='ocr_par' dir='ltr' id='par_1_30' title="bbox 256 2764 1841 2838">
     <span class='ocr_line' id='line_1_30' title="bbox 256 2764 1841 2838; baseline 0.005 -20"><span class='ocrx_word' id='word_1_207' title='bbox 256 2766 548 2835; x_wconf 79' lang='grc' dir='ltr'><strong>φθέντοςφυ</strong></span> <span class='ocrx_word' id='word_1_208' title='bbox 557 2764 801 2837; x_wconf 83' lang='grc' dir='ltr'><strong>ρὰματος</strong></span> <span class='ocrx_word' id='word_1_209' title='bbox 827 2764 1373 2838; x_wconf 80' lang='grc' dir='ltr'><strong>κατεπλουτίσθημεν</strong></span> <span class='ocrx_word' id='word_1_210' title='bbox 1389 2768 1607 2824; x_wconf 84' lang='grc' dir='ltr'><strong>θέωσιν.</strong></span> <span class='ocrx_word' id='word_1_211' title='bbox 1629 2771 1841 2826; x_wconf 73' lang='grc' dir='ltr'><strong>Οὐκοῦν</strong></span> 
     </span>
    </p>
   </div>
   <div class='ocr_carea' id='block_1_31' title="bbox 256 2857 1840 2937">
    <p class='ocr_par' dir='ltr' id='par_1_31' title="bbox 256 2857 1840 2937">
     <span class='ocr_line' id='line_1_31' title="bbox 256 2857 1840 2937; baseline -0.004 -24"><span class='ocrx_word' id='word_1_212' title='bbox 256 2857 599 2927; x_wconf 83' lang='grc' dir='ltr'><strong>ἁγαλλιάσθω</strong></span> <span class='ocrx_word' id='word_1_213' title='bbox 627 2858 698 2912; x_wconf 79' lang='grc' dir='ltr'><strong>τὰ</strong></span> <span class='ocrx_word' id='word_1_214' title='bbox 722 2857 1014 2929; x_wconf 78' lang='grc' dir='ltr'><strong>σύμπαντα</strong></span> <span class='ocrx_word' id='word_1_215' title='bbox 1035 2859 1299 2929; x_wconf 84' lang='grc' dir='ltr'><strong>σήμερον,</strong></span> <span class='ocrx_word' id='word_1_216' title='bbox 1317 2861 1411 2915; x_wconf 70' lang='grc' dir='ltr'><strong>καὶ</strong></span> <span class='ocrx_word' id='word_1_217' title='bbox 1431 2863 1465 2931; x_wconf 88' lang='grc' dir='ltr'><strong>ή</strong></span> <span class='ocrx_word' id='word_1_218' title='bbox 1490 2860 1651 2930; x_wconf 76' lang='grc' dir='ltr'><strong>φύσις</strong></span> <span class='ocrx_word' id='word_1_219' title='bbox 1685 2882 1840 2937; x_wconf 79' lang='grc' dir='ltr'><strong>σκιρ-</strong></span> 
     </span>
    </p>
   </div>
   <div class='ocr_carea' id='block_1_32' title="bbox 250 2954 1841 3024">
    <p class='ocr_par' dir='ltr' id='par_1_32' title="bbox 250 2954 1841 3024">
     <span class='ocr_line' id='line_1_32' title="bbox 250 2954 1841 3024; baseline 0.004 -16"><span class='ocrx_word' id='word_1_220' title='bbox 250 2957 423 3010; x_wconf 85' lang='grc' dir='ltr'><strong>τάτω·</strong></span> <span class='ocrx_word' id='word_1_221' title='bbox 478 2954 912 3024; x_wconf 73' lang='grc' dir='ltr'><strong>Εὑφραινέσθω</strong></span> <span class='ocrx_word' id='word_1_222' title='bbox 962 2956 996 3008; x_wconf 88' lang='grc' dir='ltr'><strong>ό</strong></span> <span class='ocrx_word' id='word_1_223' title='bbox 1025 2954 1284 3023; x_wconf 83' lang='grc' dir='ltr'><strong>οὐρανὸς</strong></span> <span class='ocrx_word' id='word_1_224' title='bbox 1328 2954 1599 3023; x_wconf 76' lang='grc' dir='ltr'><strong>ἀνωθεν,</strong></span> <span class='ocrx_word' id='word_1_225' title='bbox 1640 2961 1736 3014; x_wconf 73' lang='grc' dir='ltr'><strong>καὶ</strong></span> <span class='ocrx_word' id='word_1_226' title='bbox 1780 2962 1841 3014; x_wconf 86' lang='lat' dir='ltr'><strong>al</strong></span> 
     </span>
    </p>
   </div>
   <div class='ocr_carea' id='block_1_33' title="bbox 250 3042 1839 3114">
    <p class='ocr_par' dir='ltr' id='par_1_33' title="bbox 250 3042 1839 3114">
     <span class='ocr_line' id='line_1_33' title="bbox 250 3042 1839 3114; baseline 0.005 -17"><span class='ocrx_word' id='word_1_227' title='bbox 250 3042 489 3114; x_wconf 68' lang='grc' dir='ltr'><strong>νεφέλαι</strong></span> <span class='ocrx_word' id='word_1_228' title='bbox 503 3042 867 3113; x_wconf 57' lang='lat' dir='ltr'><strong>oar-dtan</strong></span> <span class='ocrx_word' id='word_1_229' title='bbox 893 3042 1297 3114; x_wconf 76' lang='grc' dir='ltr'><strong>δικαιοσύνην</strong></span> <span class='ocrx_word' id='word_1_230' title='bbox 1315 3064 1330 3078; x_wconf 89' lang='grc'><strong>·</strong></span> <span class='ocrx_word' id='word_1_231' title='bbox 1381 3048 1742 3114; x_wconf 71' lang='grc' dir='ltr'><strong>σταλαξάτω</strong></span> <span class='ocrx_word' id='word_1_232' title='bbox 1768 3053 1839 3105; x_wconf 71' lang='grc' dir='ltr'><strong>τὰ</strong></span> 
     </span>
    </p>
   </div>
   <div class='ocr_carea' id='block_1_34' title="bbox 1951 553 3536 629">
    <p class='ocr_par' dir='ltr' id='par_1_34' title="bbox 1951 553 3536 629">
     <span class='ocr_line' id='line_1_34' title="bbox 1951 553 3536 629; baseline 0.003 -23"><span class='ocrx_word' id='word_1_233' title='bbox 1951 553 2088 607; x_wconf 85' lang='lat' dir='ltr'><strong>hens</strong></span> <span class='ocrx_word' id='word_1_234' title='bbox 2150 556 2217 608; x_wconf 86' lang='lat' dir='ltr'><strong>ad</strong></span> <span class='ocrx_word' id='word_1_235' title='bbox 2272 557 2600 622; x_wconf 71' lang='lat' dir='ltr'><strong>veritatem,</strong></span> <span class='ocrx_word' id='word_1_236' title='bbox 2642 573 2703 612; x_wconf 82' lang='lat' dir='ltr'><strong>ea</strong></span> <span class='ocrx_word' id='word_1_237' title='bbox 2755 569 2938 612; x_wconf 81' lang='lat' dir='ltr'><strong>autem</strong></span> <span class='ocrx_word' id='word_1_238' title='bbox 2997 570 3027 611; x_wconf 85' lang='lat' dir='ltr'><strong>a</strong></span> <span class='ocrx_word' id='word_1_239' title='bbox 3076 553 3234 629; x_wconf 76' lang='lat' dir='ltr'><strong>legali</strong></span> <span class='ocrx_word' id='word_1_240' title='bbox 3265 556 3324 611; x_wconf 84' lang='lat' dir='ltr'><strong>in</strong></span> <span class='ocrx_word' id='word_1_241' title='bbox 3354 555 3536 612; x_wconf 77' lang='lat' dir='ltr'><strong>littera</strong></span> 
     </span>
    </p>
   </div>
   <div class='ocr_carea' id='block_1_35' title="bbox 1947 649 3114 708">
    <p class='ocr_par' dir='ltr' id='par_1_35' title="bbox 1947 649 3114 708">
     <span class='ocr_line' id='line_1_35' title="bbox 1947 649 3114 708; baseline 0.004 -9"><span class='ocrx_word' id='word_1_242' title='bbox 1947 649 2217 703; x_wconf 83' lang='lat' dir='ltr'><strong>servitute</strong></span> <span class='ocrx_word' id='word_1_243' title='bbox 2246 665 2311 704; x_wconf 90' lang='lat' dir='ltr'><strong>ac</strong></span> <span class='ocrx_word' id='word_1_244' title='bbox 2340 653 2768 708; x_wconf 85' lang='lat' dir='ltr'><strong>conversatione</strong></span> <span class='ocrx_word' id='word_1_245' title='bbox 2809 652 3114 708; x_wconf 86' lang='lat' dir='ltr'><strong>abducens.</strong></span> 
     </span>
    </p>
   </div>
   <div class='ocr_carea' id='block_1_36' title="bbox 2019 739 3540 814">
    <p class='ocr_par' dir='ltr' id='par_1_36' title="bbox 2019 739 3540 814">
     <span class='ocr_line' id='line_1_36' title="bbox 2019 739 3540 814; baseline 0 -21"><span class='ocrx_word' id='word_1_246' title='bbox 2019 739 2140 806; x_wconf 84' lang='lat' dir='ltr'><strong>Quo</strong></span> <span class='ocrx_word' id='word_1_247' title='bbox 2176 742 2228 795; x_wconf 89' lang='lat' dir='ltr'><strong>id</strong></span> <span class='ocrx_word' id='word_1_248' title='bbox 2275 742 2472 809; x_wconf 89' lang='lat' dir='ltr'><strong>modo,</strong></span> <span class='ocrx_word' id='word_1_249' title='bbox 2535 760 2714 814; x_wconf 73' lang='lat' dir='ltr'><strong>quave</strong></span> <span class='ocrx_word' id='word_1_250' title='bbox 2768 744 3029 799; x_wconf 82' lang='lat' dir='ltr'><strong>ratione?</strong></span> <span class='ocrx_word' id='word_1_251' title='bbox 3082 741 3390 806; x_wconf 82' lang='lat' dir='ltr'><strong>Nimirum,</strong></span> <span class='ocrx_word' id='word_1_252' title='bbox 3445 754 3540 794; x_wconf 80' lang='lat' dir='ltr'><strong>ce-</strong></span> 
     </span>
    </p>
   </div>
   <div class='ocr_carea' id='block_1_37' title="bbox 1947 831 3537 905">
    <p class='ocr_par' dir='ltr' id='par_1_37' title="bbox 1947 831 3537 905">
     <span class='ocr_line' id='line_1_37' title="bbox 1947 831 3537 905; baseline -0.001 -21"><span class='ocrx_word' id='word_1_253' title='bbox 1947 831 2114 886; x_wconf 88' lang='lat' dir='ltr'><strong>dente</strong></span> <span class='ocrx_word' id='word_1_254' title='bbox 2146 832 2342 885; x_wconf 87' lang='lat' dir='ltr'><strong>umbra</strong></span> <span class='ocrx_word' id='word_1_255' title='bbox 2384 834 2643 889; x_wconf 89' lang='lat' dir='ltr'><strong>adventui</strong></span> <span class='ocrx_word' id='word_1_256' title='bbox 2679 835 2855 900; x_wconf 79' lang='lat' dir='ltr'><strong>lucis,</strong></span> <span class='ocrx_word' id='word_1_257' title='bbox 2906 836 3195 905; x_wconf 81' lang='lat' dir='ltr'><strong>gratiaque</strong></span> <span class='ocrx_word' id='word_1_258' title='bbox 3224 832 3537 885; x_wconf 86' lang='lat' dir='ltr'><strong>libertatem</strong></span> 
     </span>
    </p>
   </div>
   <div class='ocr_carea' id='block_1_38' title="bbox 1950 923 3538 998">
    <p class='ocr_par' dir='ltr' id='par_1_38' title="bbox 1950 923 3538 998">
     <span class='ocr_line' id='line_1_38' title="bbox 1950 923 3538 998; baseline -0.002 -20"><span class='ocrx_word' id='word_1_259' title='bbox 1950 923 2223 979; x_wconf 77' lang='lat' dir='ltr'><strong>inferente</strong></span> <span class='ocrx_word' id='word_1_260' title='bbox 2254 940 2355 996; x_wconf 89' lang='lat' dir='ltr'><strong>pro</strong></span> <span class='ocrx_word' id='word_1_261' title='bbox 2386 927 2571 981; x_wconf 83' lang='lat' dir='ltr'><strong>littera</strong></span> <span class='ocrx_word' id='word_1_262' title='bbox 2598 942 2613 979; x_wconf 87' lang='lat'><strong>:</strong></span> <span class='ocrx_word' id='word_1_263' title='bbox 2643 942 2880 998; x_wconf 86' lang='lat' dir='ltr'><strong>quorum</strong></span> <span class='ocrx_word' id='word_1_264' title='bbox 2912 928 3236 983; x_wconf 88' lang='lat' dir='ltr'><strong>solemnitas</strong></span> <span class='ocrx_word' id='word_1_265' title='bbox 3264 924 3377 978; x_wconf 67' lang='lat' dir='ltr'><strong>haec</strong></span> <span class='ocrx_word' id='word_1_266' title='bbox 3405 937 3538 976; x_wconf 84' lang='lat' dir='ltr'><strong>cou-</strong></span> 
     </span>
    </p>
   </div>
   <div class='ocr_carea' id='block_1_39' title="bbox 1951 1020 3539 1096">
    <p class='ocr_par' dir='ltr' id='par_1_39' title="bbox 1951 1020 3539 1096">
     <span class='ocr_line' id='line_1_39' title="bbox 1951 1020 3539 1096; baseline 0.001 -22"><span class='ocrx_word' id='word_1_267' title='bbox 1951 1020 2144 1074; x_wconf 87' lang='lat' dir='ltr'><strong>linium</strong></span> <span class='ocrx_word' id='word_1_268' title='bbox 2176 1030 2296 1083; x_wconf 86' lang='lat' dir='ltr'><strong>est,</strong></span> <span class='ocrx_word' id='word_1_269' title='bbox 2342 1020 2670 1093; x_wconf 75' lang='lat' dir='ltr'><strong>ﬁguralibus</strong></span> <span class='ocrx_word' id='word_1_270' title='bbox 2706 1024 2974 1096; x_wconf 81' lang='lat' dir='ltr'><strong>symbolis</strong></span> <span class='ocrx_word' id='word_1_271' title='bbox 3003 1024 3291 1079; x_wconf 78' lang='lat' dir='ltr'><strong>veritatem</strong></span> <span class='ocrx_word' id='word_1_272' title='bbox 3336 1036 3539 1077; x_wconf 89' lang='lat' dir='ltr'><strong>succe-</strong></span> 
     </span>
    </p>
   </div>
   <div class='ocr_carea' id='block_1_40' title="bbox 1947 1112 3537 1187">
    <p class='ocr_par' dir='ltr' id='par_1_40' title="bbox 1947 1112 3537 1187">
     <span class='ocr_line' id='line_1_40' title="bbox 1947 1112 3537 1187; baseline -0.002 -19"><span class='ocrx_word' id='word_1_273' title='bbox 1947 1112 2182 1168; x_wconf 89' lang='lat' dir='ltr'><strong>daneatu</strong></span> <span class='ocrx_word' id='word_1_274' title='bbox 2232 1114 2473 1186; x_wconf 70' lang='lat' dir='ltr'><strong>iungens</strong></span> <span class='ocrx_word' id='word_1_275' title='bbox 2499 1157 2515 1181; x_wconf 90' lang='lat'><strong>,</strong></span> <span class='ocrx_word' id='word_1_276' title='bbox 2566 1132 2822 1187; x_wconf 87' lang='lat' dir='ltr'><strong>novaque</strong></span> <span class='ocrx_word' id='word_1_277' title='bbox 2852 1118 3134 1172; x_wconf 88' lang='lat' dir='ltr'><strong>veteribus</strong></span> <span class='ocrx_word' id='word_1_278' title='bbox 3164 1115 3537 1169; x_wconf 87' lang='lat' dir='ltr'><strong>subslitnens.</strong></span> 
     </span>
    </p>
   </div>
   <div class='ocr_carea' id='block_1_41' title="bbox 1949 1202 3539 1273">
    <p class='ocr_par' dir='ltr' id='par_1_41' title="bbox 1949 1202 3539 1273">
     <span class='ocr_line' id='line_1_41' title="bbox 1949 1202 3539 1273; baseline 0.001 -18"><span class='ocrx_word' id='word_1_279' title='bbox 1949 1202 2003 1256; x_wconf 88' lang='lat' dir='ltr'><strong>Id</strong></span> <span class='ocrx_word' id='word_1_280' title='bbox 2038 1218 2263 1273; x_wconf 81' lang='lat' dir='ltr'><strong>quoque</strong></span> <span class='ocrx_word' id='word_1_281' title='bbox 2310 1204 2498 1259; x_wconf 85' lang='lat' dir='ltr'><strong>divina</strong></span> <span class='ocrx_word' id='word_1_282' title='bbox 2537 1204 2783 1273; x_wconf 78' lang='lat' dir='ltr'><strong>Spiritus</strong></span> <span class='ocrx_word' id='word_1_283' title='bbox 2833 1208 2965 1263; x_wconf 86' lang='lat' dir='ltr'><strong>tuba</strong></span> <span class='ocrx_word' id='word_1_284' title='bbox 3012 1205 3220 1260; x_wconf 86' lang='lat' dir='ltr'><strong>Paulus</strong></span> <span class='ocrx_word' id='word_1_285' title='bbox 3273 1206 3539 1260; x_wconf 78' lang='lat' dir='ltr'><strong>clamavit</strong></span> 
     </span>
    </p>
   </div>
   <div class='ocr_carea' id='block_1_42' title="bbox 1947 1294 3539 1368">
    <p class='ocr_par' dir='ltr' id='par_1_42' title="bbox 1947 1294 3539 1368">
     <span class='ocr_line' id='line_1_42' title="bbox 1947 1294 3539 1368; baseline 0 -20"><span class='ocrx_word' id='word_1_286' title='bbox 1947 1294 2141 1350; x_wconf 91' lang='lat' dir='ltr'><strong>dicens</strong></span> <span class='ocrx_word' id='word_1_287' title='bbox 2172 1314 2183 1349; x_wconf 96' lang='lat'><strong>:</strong></span> <span class='ocrx_word' id='word_1_288' title='bbox 2226 1294 2287 1351; x_wconf 84' lang='lat' dir='ltr'><strong>Si</strong></span> <span class='ocrx_word' id='word_1_289' title='bbox 2315 1313 2422 1368; x_wconf 85' lang='lat' dir='ltr'><strong>qua</strong></span> <span class='ocrx_word' id='word_1_290' title='bbox 2461 1299 2515 1351; x_wconf 86' lang='lat' dir='ltr'><strong>in</strong></span> <span class='ocrx_word' id='word_1_291' title='bbox 2567 1297 2785 1353; x_wconf 83' lang='lat' dir='ltr'><strong>Christo</strong></span> <span class='ocrx_word' id='word_1_292' title='bbox 2824 1315 2958 1353; x_wconf 78' lang='lat' dir='ltr'><strong>nova</strong></span> <span class='ocrx_word' id='word_1_293' title='bbox 2989 1306 3238 1352; x_wconf 82' lang='lat' dir='ltr'><strong>creatura</strong></span> <span class='ocrx_word' id='word_1_294' title='bbox 3262 1339 3276 1360; x_wconf 89' lang='lat'><strong>,</strong></span> <span class='ocrx_word' id='word_1_295' title='bbox 3306 1310 3539 1351; x_wconf 83' lang='lat' dir='ltr'><strong>renova-</strong></span> 
     </span>
    </p>
   </div>
   <div class='ocr_carea' id='block_1_43' title="bbox 1946 1388 3540 1462">
    <p class='ocr_par' dir='ltr' id='par_1_43' title="bbox 1946 1388 3540 1462">
     <span class='ocr_line' id='line_1_43' title="bbox 1946 1388 3540 1462; baseline -0.001 -20"><span class='ocrx_word' id='word_1_296' title='bbox 1946 1389 2106 1442; x_wconf 84' lang='lat' dir='ltr'><strong>tnini.</strong></span> <span class='ocrx_word' id='word_1_297' title='bbox 2180 1388 2367 1445; x_wconf 79' lang='lat' dir='ltr'><strong>Vetera</strong></span> <span class='ocrx_word' id='word_1_298' title='bbox 2420 1392 2799 1447; x_wconf 84' lang='lat' dir='ltr'><strong>transierunt:</strong></span> <span class='ocrx_word' id='word_1_299' title='bbox 2843 1409 2961 1448; x_wconf 85' lang='lat' dir='ltr'><strong>ecce</strong></span> <span class='ocrx_word' id='word_1_300' title='bbox 2985 1392 3136 1462; x_wconf 80' lang='lat' dir='ltr'><strong>facta</strong></span> <span class='ocrx_word' id='word_1_301' title='bbox 3178 1402 3303 1445; x_wconf 83' lang='lat' dir='ltr'><strong>sunt</strong></span> <span class='ocrx_word' id='word_1_302' title='bbox 3355 1390 3540 1444; x_wconf 82' lang='lat' dir='ltr'><strong>omnia</strong></span> 
     </span>
    </p>
   </div>
   <div class='ocr_carea' id='block_1_44' title="bbox 1947 1482 3538 1555">
    <p class='ocr_par' dir='ltr' id='par_1_44' title="bbox 1947 1482 3538 1555">
     <span class='ocr_line' id='line_1_44' title="bbox 1947 1482 3538 1555; baseline 0.002 -22"><span class='ocrx_word' id='word_1_303' title='bbox 1947 1498 2082 1537; x_wconf 81' lang='lat' dir='ltr'><strong>noua</strong></span> <span class='ocrx_word' id='word_1_304' title='bbox 2106 1483 2160 1536; x_wconf 68' lang='grc'><strong>1³.</strong></span> <span class='ocrx_word' id='word_1_305' title='bbox 2211 1482 2355 1549; x_wconf 84' lang='lat' dir='ltr'><strong>Quia</strong></span> <span class='ocrx_word' id='word_1_306' title='bbox 2410 1484 2562 1539; x_wconf 84' lang='lat' dir='ltr'><strong>enim</strong></span> <span class='ocrx_word' id='word_1_307' title='bbox 2624 1484 2783 1540; x_wconf 80' lang='lat' dir='ltr'><strong>Nihil</strong></span> <span class='ocrx_word' id='word_1_308' title='bbox 2837 1485 2911 1540; x_wconf 82' lang='lat' dir='ltr'><strong>ad</strong></span> <span class='ocrx_word' id='word_1_309' title='bbox 2957 1485 3252 1555; x_wconf 75' lang='lat' dir='ltr'><strong>perfectum</strong></span> <span class='ocrx_word' id='word_1_310' title='bbox 3308 1482 3538 1537; x_wconf 75' lang='lat' dir='ltr'><strong>adduxit</strong></span> 
     </span>
    </p>
   </div>
   <div class='ocr_carea' id='block_1_45' title="bbox 1948 1571 3538 1646">
    <p class='ocr_par' dir='ltr' id='par_1_45' title="bbox 1948 1571 3538 1646">
     <span class='ocr_line' id='line_1_45' title="bbox 1948 1571 3538 1646; baseline 0.001 -22"><span class='ocrx_word' id='word_1_311' title='bbox 1948 1571 2415 1635; x_wconf 73' lang='lat' dir='ltr'><strong>lex;introductio</strong></span> <span class='ocrx_word' id='word_1_312' title='bbox 2449 1591 2571 1630; x_wconf 81' lang='lat' dir='ltr'><strong>vero</strong></span> <span class='ocrx_word' id='word_1_313' title='bbox 2605 1576 2841 1631; x_wconf 75' lang='lat' dir='ltr'><strong>melioris</strong></span> <span class='ocrx_word' id='word_1_314' title='bbox 2875 1578 3007 1643; x_wconf 82' lang='lat' dir='ltr'><strong>spei,</strong></span> <span class='ocrx_word' id='word_1_315' title='bbox 3028 1593 3124 1646; x_wconf 79' lang='lat' dir='ltr'><strong>per</strong></span> <span class='ocrx_word' id='word_1_316' title='bbox 3157 1591 3316 1646; x_wconf 81' lang='lat' dir='ltr'><strong>quant</strong></span> <span class='ocrx_word' id='word_1_317' title='bbox 3350 1575 3538 1645; x_wconf 82' lang='lat' dir='ltr'><strong>proxi-</strong></span> 
     </span>
    </p>
   </div>
   <div class='ocr_carea' id='block_1_46' title="bbox 1946 1666 3535 1742">
    <p class='ocr_par' dir='ltr' id='par_1_46' title="bbox 1946 1666 3535 1742">
     <span class='ocr_line' id='line_1_46' title="bbox 1946 1666 3535 1742; baseline 0.002 -26"><span class='ocrx_word' id='word_1_318' title='bbox 1946 1679 2155 1719; x_wconf 79' lang='lat' dir='ltr'><strong>mamus</strong></span> <span class='ocrx_word' id='word_1_319' title='bbox 2218 1666 2288 1720; x_wconf 83' lang='lat' dir='ltr'><strong>ad</strong></span> <span class='ocrx_word' id='word_1_320' title='bbox 2347 1666 2517 1722; x_wconf 84' lang='lat' dir='ltr'><strong>Deum</strong></span> <span class='ocrx_word' id='word_1_321' title='bbox 2548 1679 2601 1732; x_wconf 76' lang='grc' dir='ltr'>ο,</span> <span class='ocrx_word' id='word_1_322' title='bbox 2654 1669 2779 1724; x_wconf 90' lang='lat' dir='ltr'><strong>ideo</strong></span> <span class='ocrx_word' id='word_1_323' title='bbox 2834 1671 3029 1742; x_wconf 68' lang='lat' dir='ltr'><strong>gratia</strong></span> <span class='ocrx_word' id='word_1_324' title='bbox 3092 1673 3300 1725; x_wconf 84' lang='lat' dir='ltr'><strong>veritas</strong></span> <span class='ocrx_word' id='word_1_325' title='bbox 3354 1668 3535 1739; x_wconf 81' lang='lat' dir='ltr'><strong>palam</strong></span> 
     </span>
    </p>
   </div>
   <div class='ocr_carea' id='block_1_47' title="bbox 1945 1757 3540 1832">
    <p class='ocr_par' dir='ltr' id='par_1_47' title="bbox 1945 1757 3540 1832">
     <span class='ocr_line' id='line_1_47' title="bbox 1945 1757 3540 1832; baseline -0.001 -20"><span class='ocrx_word' id='word_1_326' title='bbox 1945 1757 2159 1813; x_wconf 75' lang='lat' dir='ltr'><strong>eluxit:</strong></span> <span class='ocrx_word' id='word_1_327' title='bbox 2215 1758 2358 1828; x_wconf 78' lang='lat' dir='ltr'><strong>legis</strong></span> <span class='ocrx_word' id='word_1_328' title='bbox 2414 1761 2535 1831; x_wconf 89' lang='lat' dir='ltr'><strong>ipse</strong></span> <span class='ocrx_word' id='word_1_329' title='bbox 2592 1761 2859 1817; x_wconf 87' lang='lat' dir='ltr'><strong>conditor</strong></span> <span class='ocrx_word' id='word_1_330' title='bbox 2908 1763 3334 1832; x_wconf 79' lang='lat' dir='ltr'><strong>seipsum,qua</strong></span> <span class='ocrx_word' id='word_1_331' title='bbox 3376 1774 3540 1817; x_wconf 83' lang='lat' dir='ltr'><strong>nemo</strong></span> 
     </span>
    </p>
   </div>
   <div class='ocr_carea' id='block_1_48' title="bbox 1947 1845 3537 1916">
    <p class='ocr_par' dir='ltr' id='par_1_48' title="bbox 1947 1845 3537 1916">
     <span class='ocr_line' id='line_1_48' title="bbox 1947 1845 3537 1916; baseline 0.004 -20"><span class='ocrx_word' id='word_1_332' title='bbox 1947 1845 2164 1900; x_wconf 87' lang='lat' dir='ltr'><strong>ratione</strong></span> <span class='ocrx_word' id='word_1_333' title='bbox 2233 1847 2412 1916; x_wconf 81' lang='lat' dir='ltr'><strong>possit</strong></span> <span class='ocrx_word' id='word_1_334' title='bbox 2477 1848 2700 1913; x_wconf 89' lang='lat' dir='ltr'><strong>dicere,</strong></span> <span class='ocrx_word' id='word_1_335' title='bbox 2763 1850 3141 1906; x_wconf 72' lang='lat' dir='ltr'><strong>exinauiendo</strong></span> <span class='ocrx_word' id='word_1_336' title='bbox 3214 1851 3537 1910; x_wconf 87' lang='lat' dir='ltr'><strong>demittens.</strong></span> 
     </span>
    </p>
   </div>
   <div class='ocr_carea' id='block_1_49' title="bbox 1946 1931 3535 2010">
    <p class='ocr_par' dir='ltr' id='par_1_49' title="bbox 1946 1931 3535 2010">
     <span class='ocr_line' id='line_1_49' title="bbox 1946 1931 3535 2010; baseline 0.002 -25"><span class='ocrx_word' id='word_1_337' title='bbox 1946 1931 2368 2001; x_wconf 82' lang='lat' dir='ltr'><strong>dispensatione</strong></span> <span class='ocrx_word' id='word_1_338' title='bbox 2420 1940 2694 2008; x_wconf 81' lang='lat' dir='ltr'><strong>processit</strong></span> <span class='ocrx_word' id='word_1_339' title='bbox 2755 1938 2954 2004; x_wconf 84' lang='lat' dir='ltr'><strong>homo,</strong></span> <span class='ocrx_word' id='word_1_340' title='bbox 3006 1939 3342 2010; x_wconf 78' lang='lat' dir='ltr'><strong>impleturus</strong></span> <span class='ocrx_word' id='word_1_341' title='bbox 3386 1936 3535 2006; x_wconf 88' lang='lat' dir='ltr'><strong>quod</strong></span> 
     </span>
    </p>
   </div>
   <div class='ocr_carea' id='block_1_50' title="bbox 1946 2023 3540 2101">
    <p class='ocr_par' dir='ltr' id='par_1_50' title="bbox 1946 2023 3540 2101">
     <span class='ocr_line' id='line_1_50' title="bbox 1946 2023 3540 2101; baseline 0.001 -22"><span class='ocrx_word' id='word_1_342' title='bbox 1946 2023 2201 2081; x_wconf 78' lang='lat' dir='ltr'><strong>defectus</strong></span> <span class='ocrx_word' id='word_1_343' title='bbox 2225 2035 2346 2081; x_wconf 89' lang='lat' dir='ltr'><strong>erat</strong></span> <span class='ocrx_word' id='word_1_344' title='bbox 2370 2066 2387 2091; x_wconf 87' lang='lat'><strong>,</strong></span> <span class='ocrx_word' id='word_1_345' title='bbox 2430 2030 2884 2101; x_wconf 89' lang='lat' dir='ltr'><strong>deteriorumque</strong></span> <span class='ocrx_word' id='word_1_346' title='bbox 2932 2030 3057 2085; x_wconf 88' lang='lat' dir='ltr'><strong>loco</strong></span> <span class='ocrx_word' id='word_1_347' title='bbox 3093 2029 3323 2085; x_wconf 83' lang='lat' dir='ltr'><strong>meliora</strong></span> <span class='ocrx_word' id='word_1_348' title='bbox 3352 2028 3540 2082; x_wconf 78' lang='lat' dir='ltr'><strong>illatu-</strong></span> 
     </span>
    </p>
   </div>
   <div class='ocr_carea' id='block_1_51' title="bbox 1945 2120 3538 2192">
    <p class='ocr_par' dir='ltr' id='par_1_51' title="bbox 1945 2120 3538 2192">
     <span class='ocr_line' id='line_1_51' title="bbox 1945 2120 3538 2192; baseline 0.001 -20"><span class='ocrx_word' id='word_1_349' title='bbox 1945 2133 2042 2175; x_wconf 91' lang='lat' dir='ltr'><strong>rus</strong></span> <span class='ocrx_word' id='word_1_350' title='bbox 2096 2130 2151 2174; x_wconf 86' lang='lat' dir='ltr'><strong>et</strong></span> <span class='ocrx_word' id='word_1_351' title='bbox 2191 2121 2548 2192; x_wconf 82' lang='lat' dir='ltr'><strong>perfectiora.</strong></span> <span class='ocrx_word' id='word_1_352' title='bbox 2591 2121 2750 2190; x_wconf 85' lang='lat' dir='ltr'><strong>Quod</strong></span> <span class='ocrx_word' id='word_1_353' title='bbox 2784 2138 2924 2181; x_wconf 81' lang='lat' dir='ltr'><strong>sane</strong></span> <span class='ocrx_word' id='word_1_354' title='bbox 2976 2130 3032 2177; x_wconf 90' lang='lat' dir='ltr'><strong>et</strong></span> <span class='ocrx_word' id='word_1_355' title='bbox 3087 2122 3340 2179; x_wconf 77' lang='lat' dir='ltr'><strong>sublimis</strong></span> <span class='ocrx_word' id='word_1_356' title='bbox 3367 2120 3538 2177; x_wconf 78' lang='lat' dir='ltr'><strong>Joan-</strong></span> 
     </span>
    </p>
   </div>
   <div class='ocr_carea' id='block_1_52' title="bbox 1946 2212 3540 2286">
    <p class='ocr_par' dir='ltr' id='par_1_52' title="bbox 1946 2212 3540 2286">
     <span class='ocr_line' id='line_1_52' title="bbox 1946 2212 3540 2286; baseline 0.003 -21"><span class='ocrx_word' id='word_1_357' title='bbox 1946 2226 2083 2275; x_wconf 84' lang='lat' dir='ltr'><strong>nes,</strong></span> <span class='ocrx_word' id='word_1_358' title='bbox 2122 2212 2284 2269; x_wconf 87' lang='lat' dir='ltr'><strong>Verbi</strong></span> <span class='ocrx_word' id='word_1_359' title='bbox 2333 2214 2472 2270; x_wconf 89' lang='lat' dir='ltr'><strong>illud</strong></span> <span class='ocrx_word' id='word_1_360' title='bbox 2522 2215 2955 2272; x_wconf 85' lang='lat' dir='ltr'><strong>diviniverbium</strong></span> <span class='ocrx_word' id='word_1_361' title='bbox 3009 2216 3220 2277; x_wconf 88' lang='lat' dir='ltr'><strong>tonitru</strong></span> <span class='ocrx_word' id='word_1_362' title='bbox 3247 2254 3264 2277; x_wconf 84' lang='lat'><strong>,</strong></span> <span class='ocrx_word' id='word_1_363' title='bbox 3298 2215 3540 2286; x_wconf 83' lang='lat' dir='ltr'><strong>apertis-</strong></span> 
     </span>
    </p>
   </div>
   <div class='ocr_carea' id='block_1_53' title="bbox 1946 2304 3537 2377">
    <p class='ocr_par' dir='ltr' id='par_1_53' title="bbox 1946 2304 3537 2377">
     <span class='ocr_line' id='line_1_53' title="bbox 1946 2304 3537 2377; baseline 0.003 -18"><span class='ocrx_word' id='word_1_364' title='bbox 1946 2304 2085 2360; x_wconf 88' lang='lat' dir='ltr'><strong>sime</strong></span> <span class='ocrx_word' id='word_1_365' title='bbox 2133 2306 2450 2377; x_wconf 80' lang='lat' dir='ltr'><strong>signiﬁcare</strong></span> <span class='ocrx_word' id='word_1_366' title='bbox 2503 2308 2764 2371; x_wconf 86' lang='lat' dir='ltr'><strong>voluerit,</strong></span> <span class='ocrx_word' id='word_1_367' title='bbox 2800 2307 2998 2364; x_wconf 88' lang='lat' dir='ltr'><strong>dicens</strong></span> <span class='ocrx_word' id='word_1_368' title='bbox 3028 2326 3041 2362; x_wconf 93' lang='lat'><strong>:</strong></span> <span class='ocrx_word' id='word_1_369' title='bbox 3071 2308 3150 2364; x_wconf 89' lang='lat' dir='ltr'><strong>De</strong></span> <span class='ocrx_word' id='word_1_370' title='bbox 3173 2309 3537 2377; x_wconf 66' lang='lat' dir='ltr'><strong>~ptenitudine</strong></span> 
     </span>
    </p>
   </div>
   <div class='ocr_carea' id='block_1_54' title="bbox 1943 2394 3533 2471">
    <p class='ocr_par' dir='ltr' id='par_1_54' title="bbox 1943 2394 3533 2471">
     <span class='ocr_line' id='line_1_54' title="bbox 1943 2394 3533 2471; baseline 0.002 -23"><span class='ocrx_word' id='word_1_371' title='bbox 1943 2394 2059 2465; x_wconf 79' lang='lat' dir='ltr'><strong>ejus</strong></span> <span class='ocrx_word' id='word_1_372' title='bbox 2085 2413 2182 2451; x_wconf 81' lang='lat' dir='ltr'><strong>nos</strong></span> <span class='ocrx_word' id='word_1_373' title='bbox 2215 2414 2396 2453; x_wconf 82' lang='lat' dir='ltr'><strong>omnes</strong></span> <span class='ocrx_word' id='word_1_374' title='bbox 2437 2400 2766 2469; x_wconf 75' lang='lat' dir='ltr'><strong>accepimus.</strong></span> <span class='ocrx_word' id='word_1_375' title='bbox 2791 2408 2844 2454; x_wconf 90' lang='lat' dir='ltr'><strong>et</strong></span> <span class='ocrx_word' id='word_1_376' title='bbox 2889 2400 3123 2470; x_wconf 80' lang='lat' dir='ltr'><strong>gratiam</strong></span> <span class='ocrx_word' id='word_1_377' title='bbox 3149 2416 3247 2471; x_wconf 82' lang='lat' dir='ltr'><strong>pro</strong></span> <span class='ocrx_word' id='word_1_378' title='bbox 3273 2401 3454 2471; x_wconf 88' lang='lat' dir='ltr'><strong>gratia</strong></span> <span class='ocrx_word' id='word_1_379' title='bbox 3480 2398 3533 2451; x_wconf 69' lang='grc' dir='ltr'><strong>ά.</strong></span> 
     </span>
    </p>
   </div>
   <div class='ocr_carea' id='block_1_55' title="bbox 1944 2487 3536 2564">
    <p class='ocr_par' dir='ltr' id='par_1_55' title="bbox 1944 2487 3536 2564">
     <span class='ocr_line' id='line_1_55' title="bbox 1944 2487 3536 2564; baseline 0.003 -23"><span class='ocrx_word' id='word_1_380' title='bbox 1944 2487 2071 2559; x_wconf 87' lang='lat' dir='ltr'><strong>Ipso</strong></span> <span class='ocrx_word' id='word_1_381' title='bbox 2121 2490 2272 2546; x_wconf 86' lang='lat' dir='ltr'><strong>enim</strong></span> <span class='ocrx_word' id='word_1_382' title='bbox 2328 2491 2647 2555; x_wconf 80' lang='lat' dir='ltr'><strong>exinanito,</strong></span> <span class='ocrx_word' id='word_1_383' title='bbox 2697 2500 2930 2564; x_wconf 88' lang='lat' dir='ltr'><strong>tumque</strong></span> <span class='ocrx_word' id='word_1_384' title='bbox 2976 2501 3227 2549; x_wconf 88' lang='lat' dir='ltr'><strong>nostram</strong></span> <span class='ocrx_word' id='word_1_385' title='bbox 3268 2509 3334 2548; x_wconf 77' lang='lat' dir='ltr'><strong>ex</strong></span> <span class='ocrx_word' id='word_1_386' title='bbox 3370 2491 3536 2547; x_wconf 84' lang='lat' dir='ltr'><strong>nobis</strong></span> 
     </span>
    </p>
   </div>
   <div class='ocr_carea' id='block_1_56' title="bbox 1945 2582 3536 2656">
    <p class='ocr_par' dir='ltr' id='par_1_56' title="bbox 1945 2582 3536 2656">
     <span class='ocr_line' id='line_1_56' title="bbox 1945 2582 3536 2656; baseline 0.001 -20"><span class='ocrx_word' id='word_1_387' title='bbox 1945 2582 2273 2637; x_wconf 84' lang='lat' dir='ltr'><strong>mirabiliter</strong></span> <span class='ocrx_word' id='word_1_388' title='bbox 2340 2584 2533 2639; x_wconf 85' lang='lat' dir='ltr'><strong>induto</strong></span> <span class='ocrx_word' id='word_1_389' title='bbox 2596 2583 2868 2650; x_wconf 80' lang='lat' dir='ltr'><strong>formam,</strong></span> <span class='ocrx_word' id='word_1_390' title='bbox 2945 2584 3351 2656; x_wconf 81' lang='lat' dir='ltr'><strong>plenitudinem</strong></span> <span class='ocrx_word' id='word_1_391' title='bbox 3425 2583 3536 2653; x_wconf 88' lang='lat' dir='ltr'><strong>ipsi</strong></span> 
     </span>
    </p>
   </div>
   <div class='ocr_carea' id='block_1_57' title="bbox 1942 2675 3537 2749">
    <p class='ocr_par' dir='ltr' id='par_1_57' title="bbox 1942 2675 3537 2749">
     <span class='ocr_line' id='line_1_57' title="bbox 1942 2675 3537 2749; baseline 0.001 -21"><span class='ocrx_word' id='word_1_392' title='bbox 1942 2676 2287 2745; x_wconf 83' lang='lat' dir='ltr'><strong>accepimus,</strong></span> <span class='ocrx_word' id='word_1_393' title='bbox 2342 2692 2553 2749; x_wconf 86' lang='lat' dir='ltr'><strong>proque</strong></span> <span class='ocrx_word' id='word_1_394' title='bbox 2595 2685 2884 2749; x_wconf 86' lang='lat' dir='ltr'><strong>assumpta</strong></span> <span class='ocrx_word' id='word_1_395' title='bbox 2929 2677 3362 2747; x_wconf 87' lang='lat' dir='ltr'><strong>conspersionc,</strong></span> <span class='ocrx_word' id='word_1_396' title='bbox 3391 2675 3537 2732; x_wconf 86' lang='lat' dir='ltr'><strong>divi-</strong></span> 
     </span>
    </p>
   </div>
   <div class='ocr_carea' id='block_1_58' title="bbox 1944 2768 3534 2842">
    <p class='ocr_par' dir='ltr' id='par_1_58' title="bbox 1944 2768 3534 2842">
     <span class='ocr_line' id='line_1_58' title="bbox 1944 2768 3534 2842; baseline 0.001 -22"><span class='ocrx_word' id='word_1_397' title='bbox 1944 2768 2136 2823; x_wconf 82' lang='lat' dir='ltr'><strong>nitatis</strong></span> <span class='ocrx_word' id='word_1_398' title='bbox 2162 2768 2388 2825; x_wconf 77' lang='lat' dir='ltr'><strong>divitias</strong></span> <span class='ocrx_word' id='word_1_399' title='bbox 2438 2770 2623 2841; x_wconf 82' lang='lat' dir='ltr'><strong>adepti</strong></span> <span class='ocrx_word' id='word_1_400' title='bbox 2649 2785 2872 2826; x_wconf 88' lang='lat' dir='ltr'><strong>sumus.</strong></span> <span class='ocrx_word' id='word_1_401' title='bbox 2915 2768 3117 2827; x_wconf 80' lang='lat' dir='ltr'><strong>Omnia</strong></span> <span class='ocrx_word' id='word_1_402' title='bbox 3144 2770 3315 2842; x_wconf 79' lang='lat' dir='ltr'><strong>igitur</strong></span> <span class='ocrx_word' id='word_1_403' title='bbox 3339 2771 3534 2825; x_wconf 79' lang='lat' dir='ltr'><strong>exsul-</strong></span> 
     </span>
    </p>
   </div>
   <div class='ocr_carea' id='block_1_59' title="bbox 1942 2859 3532 2933">
    <p class='ocr_par' dir='ltr' id='par_1_59' title="bbox 1942 2859 3532 2933">
     <span class='ocr_line' id='line_1_59' title="bbox 1942 2859 3532 2933; baseline 0.004 -23"><span class='ocrx_word' id='word_1_404' title='bbox 1942 2866 2059 2913; x_wconf 82' lang='lat' dir='ltr'><strong>lcnt</strong></span> <span class='ocrx_word' id='word_1_405' title='bbox 2125 2859 2324 2925; x_wconf 87' lang='lat' dir='ltr'><strong>hodie,</strong></span> <span class='ocrx_word' id='word_1_406' title='bbox 2391 2861 2669 2933; x_wconf 85' lang='lat' dir='ltr'><strong>saliatque</strong></span> <span class='ocrx_word' id='word_1_407' title='bbox 2727 2870 2974 2918; x_wconf 86' lang='lat' dir='ltr'><strong>natura:</strong></span> <span class='ocrx_word' id='word_1_408' title='bbox 3038 2862 3278 2919; x_wconf 69' lang='lat' dir='ltr'><strong>Lartetur</strong></span> <span class='ocrx_word' id='word_1_409' title='bbox 3339 2863 3532 2918; x_wconf 72' lang='lat' dir='ltr'><strong>emtum</strong></span> 
     </span>
    </p>
   </div>
   <div class='ocr_carea' id='block_1_60' title="bbox 1940 2953 3533 3025">
    <p class='ocr_par' dir='ltr' id='par_1_60' title="bbox 1940 2953 3533 3025">
     <span class='ocr_line' id='line_1_60' title="bbox 1940 2953 3533 3025; baseline 0.005 -22"><span class='ocrx_word' id='word_1_410' title='bbox 1940 2954 2189 3021; x_wconf 76' lang='lat' dir='ltr'><strong>desuper,</strong></span> <span class='ocrx_word' id='word_1_411' title='bbox 2230 2964 2279 3007; x_wconf 86' lang='lat' dir='ltr'><strong>et</strong></span> <span class='ocrx_word' id='word_1_412' title='bbox 2309 2954 2473 3010; x_wconf 78' lang='lat' dir='ltr'><strong>nubes</strong></span> <span class='ocrx_word' id='word_1_413' title='bbox 2523 2964 2783 3025; x_wconf 83' lang='lat' dir='ltr'><strong>spargant</strong></span> <span class='ocrx_word' id='word_1_414' title='bbox 2800 2955 3078 3022; x_wconf 82' lang='lat' dir='ltr'><strong>justitiam</strong></span> <span class='ocrx_word' id='word_1_415' title='bbox 3107 2971 3127 3011; x_wconf 76' lang='lat'><strong>.&#39;</strong></span> <span class='ocrx_word' id='word_1_416' title='bbox 3156 2953 3368 3011; x_wconf 74' lang='lat' dir='ltr'><strong>Montes</strong></span> <span class='ocrx_word' id='word_1_417' title='bbox 3408 2957 3533 3011; x_wconf 85' lang='lat' dir='ltr'><strong>stil-</strong></span> 
     </span>
    </p>
   </div>
   <div class='ocr_carea' id='block_1_61' title="bbox 1943 3044 3529 3118">
    <p class='ocr_par' dir='ltr' id='par_1_61' title="bbox 1943 3044 3529 3118">
     <span class='ocr_line' id='line_1_61' title="bbox 1943 3044 3529 3118; baseline 0.003 -20"><span class='ocrx_word' id='word_1_418' title='bbox 1943 3045 2050 3098; x_wconf 80' lang='lat' dir='ltr'><strong>lent</strong></span> <span class='ocrx_word' id='word_1_419' title='bbox 2080 3044 2439 3111; x_wconf 70' lang='lat' dir='ltr'><strong>duicedinem,</strong></span> <span class='ocrx_word' id='word_1_420' title='bbox 2481 3054 2536 3102; x_wconf 90' lang='lat' dir='ltr'><strong>ct</strong></span> <span class='ocrx_word' id='word_1_421' title='bbox 2565 3047 2737 3103; x_wconf 88' lang='lat' dir='ltr'><strong>colles</strong></span> <span class='ocrx_word' id='word_1_422' title='bbox 2764 3048 3226 3104; x_wconf 78' lang='lat' dir='ltr'><strong>exsultationem:</strong></span> <span class='ocrx_word' id='word_1_423' title='bbox 3260 3048 3529 3118; x_wconf 85' lang='lat' dir='ltr'><strong>quoniam</strong></span> 
     </span>
    </p>
   </div>
   <div class='ocr_carea' id='block_1_62' title="bbox 254 3137 1833 3223">
    <p class='ocr_par' dir='ltr' id='par_1_62' title="bbox 254 3137 1832 3209">
     <span class='ocr_line' id='line_1_62' title="bbox 254 3137 1832 3209; baseline 0.004 -19"><span class='ocrx_word' id='word_1_424' title='bbox 254 3137 354 3205; x_wconf 83' lang='grc' dir='ltr'><strong>ὅρη</strong></span> <span class='ocrx_word' id='word_1_425' title='bbox 386 3137 790 3207; x_wconf 66' lang='grc' dir='ltr'><strong>τλυκασμὸν,</strong></span> <span class='ocrx_word' id='word_1_426' title='bbox 850 3137 946 3190; x_wconf 77' lang='grc' dir='ltr'><strong>καὶ</strong></span> <span class='ocrx_word' id='word_1_427' title='bbox 995 3137 1047 3190; x_wconf 75' lang='grc' dir='ltr'><strong>οἱ</strong></span> <span class='ocrx_word' id='word_1_428' title='bbox 1105 3138 1285 3209; x_wconf 72' lang='grc' dir='ltr'><strong>βουνοὶ</strong></span> <span class='ocrx_word' id='word_1_429' title='bbox 1334 3139 1696 3209; x_wconf 86' lang='grc' dir='ltr'><strong>ἀγαλλίασιν·</strong></span> <span class='ocrx_word' id='word_1_430' title='bbox 1753 3143 1832 3198; x_wconf 82' lang='grc' dir='ltr'><strong>ὅτι</strong></span> 
     </span>
    </p>
   </div>
   <div class='ocr_carea' id='block_1_63' title="bbox 1940 3137 3531 3223">
    <p class='ocr_par' dir='ltr' id='par_1_63' title="bbox 1943 3138 3531 3210">
     <span class='ocr_line' id='line_1_63' title="bbox 1943 3138 3531 3210; baseline 0.003 -20"><span class='ocrx_word' id='word_1_431' title='bbox 1943 3138 2205 3191; x_wconf 81' lang='lat' dir='ltr'><strong>misertus</strong></span> <span class='ocrx_word' id='word_1_432' title='bbox 2255 3147 2342 3194; x_wconf 86' lang='lat' dir='ltr'><strong>est</strong></span> <span class='ocrx_word' id='word_1_433' title='bbox 2396 3138 2666 3195; x_wconf 88' lang='lat' dir='ltr'><strong>Dominus</strong></span> <span class='ocrx_word' id='word_1_434' title='bbox 2711 3139 2900 3210; x_wconf 89' lang='lat' dir='ltr'><strong>populi</strong></span> <span class='ocrx_word' id='word_1_435' title='bbox 2971 3140 3092 3203; x_wconf 84' lang='lat' dir='ltr'><strong>sui,</strong></span> <span class='ocrx_word' id='word_1_436' title='bbox 3145 3149 3322 3195; x_wconf 82' lang='lat' dir='ltr'><strong>erecto</strong></span> <span class='ocrx_word' id='word_1_437' title='bbox 3375 3140 3531 3195; x_wconf 83' lang='lat' dir='ltr'><strong>nobis</strong></span> 
     </span>
    </p>
   </div>
   <div class='ocr_carea' id='block_1_64' title="bbox 251 3225 1835 3302">
    <p class='ocr_par' dir='ltr' id='par_1_64' title="bbox 251 3225 1835 3302">
     <span class='ocr_line' id='line_1_64' title="bbox 251 3225 1835 3302; baseline 0.004 -19"><span class='ocrx_word' id='word_1_438' title='bbox 251 3229 435 3301; x_wconf 77' lang='grc' dir='ltr'><strong>ἠλέησε</strong></span> <span class='ocrx_word' id='word_1_439' title='bbox 468 3228 679 3299; x_wconf 79' lang='grc' dir='ltr'><strong>Κύριος</strong></span> <span class='ocrx_word' id='word_1_440' title='bbox 705 3227 797 3283; x_wconf 85' lang='grc' dir='ltr'><strong>τόν</strong></span> <span class='ocrx_word' id='word_1_441' title='bbox 824 3229 953 3284; x_wconf 76' lang='grc' dir='ltr'><strong>λαὸν</strong></span> <span class='ocrx_word' id='word_1_442' title='bbox 977 3228 1168 3294; x_wconf 77' lang='grc' dir='ltr'><strong>αὐτοῦ,</strong></span> <span class='ocrx_word' id='word_1_443' title='bbox 1211 3225 1480 3301; x_wconf 49' lang='grc' dir='ltr'><strong>Ἐμείρας</strong></span> <span class='ocrx_word' id='word_1_444' title='bbox 1515 3231 1693 3302; x_wconf 83' lang='grc' dir='ltr'><strong>κέρας</strong></span> <span class='ocrx_word' id='word_1_445' title='bbox 1717 3249 1835 3289; x_wconf 86' lang='grc' dir='ltr'><strong>σω-</strong></span> 
     </span>
    </p>
   </div>
   <div class='ocr_carea' id='block_1_65' title="bbox 246 3322 1832 3394">
    <p class='ocr_par' dir='ltr' id='par_1_65' title="bbox 246 3322 1832 3394">
     <span class='ocr_line' id='line_1_65' title="bbox 246 3322 1832 3394; baseline 0.002 -15"><span class='ocrx_word' id='word_1_446' title='bbox 246 3327 443 3394; x_wconf 77' lang='grc' dir='ltr'><strong>τηρίας</strong></span> <span class='ocrx_word' id='word_1_447' title='bbox 488 3322 635 3394; x_wconf 74' lang='grc' dir='ltr'><strong>ἡμῖν</strong></span> <span class='ocrx_word' id='word_1_448' title='bbox 670 3325 741 3378; x_wconf 78' lang='grc' dir='ltr'><strong>ἐν</strong></span> <span class='ocrx_word' id='word_1_449' title='bbox 794 3324 942 3390; x_wconf 61' lang='lat' dir='ltr'><strong>circa)</strong></span> <span class='ocrx_word' id='word_1_450' title='bbox 966 3323 1149 3379; x_wconf 73' lang='grc' dir='ltr'><strong>Δαόίδ</strong></span> <span class='ocrx_word' id='word_1_451' title='bbox 1195 3324 1304 3379; x_wconf 86' lang='grc' dir='ltr'><strong>τοῦ</strong></span> <span class='ocrx_word' id='word_1_452' title='bbox 1352 3323 1569 3392; x_wconf 78' lang='grc' dir='ltr'><strong>παιδὸς</strong></span> <span class='ocrx_word' id='word_1_453' title='bbox 1622 3327 1832 3391; x_wconf 84' lang='grc' dir='ltr'><strong>αὐτοῦ,</strong></span> 
     </span>
    </p>
   </div>
   <div class='ocr_carea' id='block_1_66' title="bbox 244 3416 1837 3492">
    <p class='ocr_par' dir='ltr' id='par_1_66' title="bbox 244 3416 1837 3492">
     <span class='ocr_line' id='line_1_66' title="bbox 244 3416 1837 3492; baseline 0.003 -21"><span class='ocrx_word' id='word_1_454' title='bbox 244 3417 334 3488; x_wconf 71' lang='grc' dir='ltr'><strong>τὴν</strong></span> <span class='ocrx_word' id='word_1_455' title='bbox 362 3418 747 3487; x_wconf 83' lang='grc' dir='ltr'><strong>ὑπεράμωμον</strong></span> <span class='ocrx_word' id='word_1_456' title='bbox 776 3416 984 3487; x_wconf 78' lang='grc' dir='ltr'><strong>ταύτην</strong></span> <span class='ocrx_word' id='word_1_457' title='bbox 1013 3416 1286 3488; x_wconf 75' lang='grc' dir='ltr'><strong>παρθένον</strong></span> <span class='ocrx_word' id='word_1_458' title='bbox 1338 3418 1433 3472; x_wconf 73' lang='grc' dir='ltr'><strong>καὶ</strong></span> <span class='ocrx_word' id='word_1_459' title='bbox 1467 3417 1748 3492; x_wconf 85' lang='grc' dir='ltr'><strong>ἄνανδρον,</strong></span> <span class='ocrx_word' id='word_1_460' title='bbox 1776 3420 1837 3487; x_wconf 79' lang='grc' dir='ltr'>ἐξ</span> 
     </span>
    </p>
   </div>
   <div class='ocr_carea' id='block_1_67' title="bbox 240 3504 1835 3585">
    <p class='ocr_par' dir='ltr' id='par_1_67' title="bbox 240 3504 1835 3585">
     <span class='ocr_line' id='line_1_67' title="bbox 240 3504 1835 3585; baseline 0.002 -21"><span class='ocrx_word' id='word_1_461' title='bbox 240 3504 304 3585; x_wconf 73' lang='grc' dir='ltr'><strong>ἧς</strong></span> <span class='ocrx_word' id='word_1_462' title='bbox 330 3511 360 3564; x_wconf 81' lang='grc' dir='ltr'><strong>ό</strong></span> <span class='ocrx_word' id='word_1_463' title='bbox 382 3508 629 3581; x_wconf 76' lang='grc' dir='ltr'><strong>Χριστὸς</strong></span> <span class='ocrx_word' id='word_1_464' title='bbox 657 3510 691 3578; x_wconf 86' lang='grc' dir='ltr'><strong>ή</strong></span> <span class='ocrx_word' id='word_1_465' title='bbox 756 3508 1003 3579; x_wconf 83' lang='grc' dir='ltr'><strong>σωτηρία</strong></span> <span class='ocrx_word' id='word_1_466' title='bbox 1034 3509 1145 3562; x_wconf 84' lang='grc' dir='ltr'><strong>τῶν</strong></span> <span class='ocrx_word' id='word_1_467' title='bbox 1175 3509 1369 3575; x_wconf 79' lang='grc' dir='ltr'><strong>ἐθνῶν,</strong></span> <span class='ocrx_word' id='word_1_468' title='bbox 1408 3511 1504 3566; x_wconf 57' lang='grc' dir='ltr'><strong>καὶΙ</strong></span> <span class='ocrx_word' id='word_1_469' title='bbox 1537 3514 1570 3583; x_wconf 83' lang='grc' dir='ltr'><strong>ἡ</strong></span> <span class='ocrx_word' id='word_1_470' title='bbox 1601 3514 1835 3583; x_wconf 84' lang='grc' dir='ltr'><strong>προσδο-</strong></span> 
     </span>
    </p>
   </div>
   <div class='ocr_carea' id='block_1_68' title="bbox 239 3597 1833 3673">
    <p class='ocr_par' dir='ltr' id='par_1_68' title="bbox 239 3597 1833 3673">
     <span class='ocr_line' id='line_1_68' title="bbox 239 3597 1833 3673; baseline -0.004 -20"><span class='ocrx_word' id='word_1_471' title='bbox 239 3599 347 3654; x_wconf 76' lang='grc' dir='ltr'><strong>κία.</strong></span> <span class='ocrx_word' id='word_1_472' title='bbox 366 3598 668 3671; x_wconf 77' lang='grc' dir='ltr'><strong>Χορευέτω</strong></span> <span class='ocrx_word' id='word_1_473' title='bbox 690 3597 843 3651; x_wconf 76' lang='grc' dir='ltr'><strong>πᾶσα</strong></span> <span class='ocrx_word' id='word_1_474' title='bbox 862 3597 958 3652; x_wconf 78' lang='grc' dir='ltr'><strong>νῦν</strong></span> <span class='ocrx_word' id='word_1_475' title='bbox 978 3597 1281 3668; x_wconf 78' lang='grc' dir='ltr'><strong>εὐγνώμων</strong></span> <span class='ocrx_word' id='word_1_476' title='bbox 1309 3599 1479 3672; x_wconf 83' lang='grc' dir='ltr'><strong>ψυχὴ,</strong></span> <span class='ocrx_word' id='word_1_477' title='bbox 1499 3603 1594 3657; x_wconf 76' lang='grc' dir='ltr'><strong>καὶ</strong></span> <span class='ocrx_word' id='word_1_478' title='bbox 1621 3620 1833 3673; x_wconf 80' lang='grc' dir='ltr'><strong>συγκα-</strong></span> 
     </span>
    </p>
   </div>
   <div class='ocr_carea' id='block_1_69' title="bbox 235 3688 1833 3765">
    <p class='ocr_par' dir='ltr' id='par_1_69' title="bbox 235 3688 1833 3765">
     <span class='ocr_line' id='line_1_69' title="bbox 235 3688 1833 3765; baseline 0.003 -20"><span class='ocrx_word' id='word_1_479' title='bbox 235 3692 392 3746; x_wconf 86' lang='grc' dir='ltr'><strong>λείτω</strong></span> <span class='ocrx_word' id='word_1_480' title='bbox 444 3689 553 3763; x_wconf 74' lang='grc' dir='ltr'><strong>τὴν</strong></span> <span class='ocrx_word' id='word_1_481' title='bbox 587 3688 827 3760; x_wconf 82' lang='grc' dir='ltr'><strong>κτίσινή</strong></span> <span class='ocrx_word' id='word_1_482' title='bbox 879 3689 1065 3759; x_wconf 84' lang='grc' dir='ltr'><strong>φύσις,</strong></span> <span class='ocrx_word' id='word_1_483' title='bbox 1101 3689 1239 3765; x_wconf 80' lang='grc' dir='ltr'><strong>πρὸς</strong></span> <span class='ocrx_word' id='word_1_484' title='bbox 1291 3693 1580 3765; x_wconf 85' lang='grc' dir='ltr'><strong>καινισμδν</strong></span> <span class='ocrx_word' id='word_1_485' title='bbox 1630 3695 1833 3765; x_wconf 82' lang='grc' dir='ltr'><strong>ἑαυτῆς</strong></span> 
     </span>
    </p>
   </div>
   <div class='ocr_carea' id='block_1_70' title="bbox 236 3780 1831 3858">
    <p class='ocr_par' dir='ltr' id='par_1_70' title="bbox 236 3780 1831 3858">
     <span class='ocr_line' id='line_1_70' title="bbox 236 3780 1831 3858; baseline 0.003 -21"><span class='ocrx_word' id='word_1_486' title='bbox 236 3784 327 3837; x_wconf 80' lang='grc' dir='ltr'><strong>καὶ</strong></span> <span class='ocrx_word' id='word_1_487' title='bbox 343 3780 680 3837; x_wconf 77' lang='grc' dir='ltr'><strong>ἀνάπλασιν.</strong></span> <span class='ocrx_word' id='word_1_488' title='bbox 709 3781 928 3853; x_wconf 80' lang='grc' dir='ltr'><strong>Στεῖραῐ</strong></span> <span class='ocrx_word' id='word_1_489' title='bbox 954 3780 1226 3845; x_wconf 76' lang='grc' dir='ltr'>συντόνως</span> <span class='ocrx_word' id='word_1_490' title='bbox 1255 3783 1637 3854; x_wconf 72' lang='grc' dir='ltr'><strong>τρεχέτωσαψ</strong></span> <span class='ocrx_word' id='word_1_491' title='bbox 1657 3787 1692 3857; x_wconf 84' lang='grc' dir='ltr'><strong>ή</strong></span> <span class='ocrx_word' id='word_1_492' title='bbox 1721 3786 1831 3858; x_wconf 77' lang='grc' dir='ltr'><strong>γὰρ</strong></span> 
     </span>
    </p>
   </div>
   <div class='ocr_carea' id='block_1_71' title="bbox 231 3872 1830 3946">
    <p class='ocr_par' dir='ltr' id='par_1_71' title="bbox 231 3872 1830 3946">
     <span class='ocr_line' id='line_1_71' title="bbox 231 3872 1830 3946; baseline 0.001 -15"><span class='ocrx_word' id='word_1_493' title='bbox 231 3877 396 3940; x_wconf 73' lang='grc' dir='ltr'><strong>ἄπαις</strong></span> <span class='ocrx_word' id='word_1_494' title='bbox 429 3875 533 3928; x_wconf 78' lang='grc' dir='ltr'><strong>καὶ</strong></span> <span class='ocrx_word' id='word_1_495' title='bbox 587 3876 794 3945; x_wconf 79' lang='grc' dir='ltr'><strong>στεῖρα,</strong></span> <span class='ocrx_word' id='word_1_496' title='bbox 834 3876 934 3945; x_wconf 85' lang='grc' dir='ltr'><strong>τὴν</strong></span> <span class='ocrx_word' id='word_1_497' title='bbox 977 3872 1237 3928; x_wconf 82' lang='grc' dir='ltr'><strong>θεόπαιδα</strong></span> <span class='ocrx_word' id='word_1_498' title='bbox 1282 3875 1559 3946; x_wconf 82' lang='grc' dir='ltr'><strong>Παρθένον</strong></span> <span class='ocrx_word' id='word_1_499' title='bbox 1608 3877 1830 3933; x_wconf 83' lang='grc' dir='ltr'><strong>ἐπαιδο-</strong></span> 
     </span>
    </p>
   </div>
   <div class='ocr_carea' id='block_1_72' title="bbox 148 3962 1826 4042">
    <p class='ocr_par' dir='ltr' id='par_1_72' title="bbox 148 3962 1826 4042">
     <span class='ocr_line' id='line_1_72' title="bbox 148 3962 1826 4042; baseline 0.01 -21"><span class='ocrx_word' id='word_1_500' title='bbox 148 3982 152 3987; x_wconf 77' lang='lat'><strong>&#39;</strong></span> <span class='ocrx_word' id='word_1_501' title='bbox 232 3968 443 4040; x_wconf 81' lang='grc' dir='ltr'><strong>ποίησε.</strong></span> <span class='ocrx_word' id='word_1_502' title='bbox 472 3962 731 4038; x_wconf 83' lang='grc' dir='ltr'><strong>Μητέρες</strong></span> <span class='ocrx_word' id='word_1_503' title='bbox 764 3966 1177 4037; x_wconf 82' lang='grc' dir='ltr'><strong>σκιρτάτωσαν·</strong></span> <span class='ocrx_word' id='word_1_504' title='bbox 1205 3968 1240 4037; x_wconf 86' lang='grc' dir='ltr'><strong>ή</strong></span> <span class='ocrx_word' id='word_1_505' title='bbox 1267 3966 1376 4035; x_wconf 82' lang='grc' dir='ltr'><strong>γὰρ</strong></span> <span class='ocrx_word' id='word_1_506' title='bbox 1402 3967 1594 4037; x_wconf 79' lang='grc' dir='ltr'><strong>ἄτονος</strong></span> <span class='ocrx_word' id='word_1_507' title='bbox 1619 3971 1826 4042; x_wconf 81' lang='grc' dir='ltr'><strong>μήτηρ.</strong></span> 
     </span>
    </p>
   </div>
   <div class='ocr_carea' id='block_1_73' title="bbox 227 4060 1828 4138">
    <p class='ocr_par' dir='ltr' id='par_1_73' title="bbox 227 4060 1828 4138">
     <span class='ocr_line' id='line_1_73' title="bbox 227 4060 1828 4138; baseline 0.002 -21"><span class='ocrx_word' id='word_1_508' title='bbox 227 4064 325 4135; x_wconf 80' lang='grc' dir='ltr'><strong>τὴν</strong></span> <span class='ocrx_word' id='word_1_509' title='bbox 363 4062 614 4135; x_wconf 81' lang='grc' dir='ltr'><strong>ἄφθορον</strong></span> <span class='ocrx_word' id='word_1_510' title='bbox 654 4060 867 4133; x_wconf 79' lang='grc' dir='ltr'><strong>μητέρα</strong></span> <span class='ocrx_word' id='word_1_511' title='bbox 900 4060 997 4114; x_wconf 77' lang='grc' dir='ltr'><strong>καὶ</strong></span> <span class='ocrx_word' id='word_1_512' title='bbox 1041 4060 1317 4132; x_wconf 75' lang='grc' dir='ltr'><strong>παρθένον</strong></span> <span class='ocrx_word' id='word_1_513' title='bbox 1359 4063 1616 4119; x_wconf 80' lang='grc' dir='ltr'><strong>ἀπέτεκε.</strong></span> <span class='ocrx_word' id='word_1_514' title='bbox 1675 4066 1828 4138; x_wconf 68' lang='grc' dir='ltr'><strong>Παρι-</strong></span> 
     </span>
    </p>
   </div>
   <div class='ocr_carea' id='block_1_74' title="bbox 228 4152 1829 4230">
    <p class='ocr_par' dir='ltr' id='par_1_74' title="bbox 228 4152 1829 4230">
     <span class='ocr_line' id='line_1_74' title="bbox 228 4152 1829 4230; baseline 0.002 -20"><span class='ocrx_word' id='word_1_515' title='bbox 228 4156 368 4210; x_wconf 80' lang='grc' dir='ltr'><strong>θένοι</strong></span> <span class='ocrx_word' id='word_1_516' title='bbox 393 4154 748 4227; x_wconf 78' lang='grc' dir='ltr'><strong>χαιρέτωσαν</strong></span> <span class='ocrx_word' id='word_1_517' title='bbox 766 4169 782 4184; x_wconf 78' lang='grc' dir='ltr'><strong>ο</strong></span> <span class='ocrx_word' id='word_1_518' title='bbox 812 4155 847 4224; x_wconf 86' lang='grc' dir='ltr'><strong>ή</strong></span> <span class='ocrx_word' id='word_1_519' title='bbox 888 4152 997 4224; x_wconf 84' lang='grc' dir='ltr'><strong>γὰρ</strong></span> <span class='ocrx_word' id='word_1_520' title='bbox 1019 4153 1261 4223; x_wconf 78' lang='grc' dir='ltr'><strong>ἄσπορος</strong></span> <span class='ocrx_word' id='word_1_521' title='bbox 1287 4153 1383 4225; x_wconf 86' lang='grc' dir='ltr'><strong>γῆ,</strong></span> <span class='ocrx_word' id='word_1_522' title='bbox 1411 4154 1500 4209; x_wconf 78' lang='grc' dir='ltr'><strong>τὸν</strong></span> <span class='ocrx_word' id='word_1_523' title='bbox 1526 4157 1592 4211; x_wconf 82' lang='grc' dir='ltr'><strong>ὲκ</strong></span> <span class='ocrx_word' id='word_1_524' title='bbox 1614 4157 1829 4230; x_wconf 78' lang='grc' dir='ltr'><strong>[ἰατρὸς</strong></span> 
     </span>
    </p>
   </div>
   <div class='ocr_carea' id='block_1_75' title="bbox 224 4246 1827 4322">
    <p class='ocr_par' dir='ltr' id='par_1_75' title="bbox 224 4246 1827 4322">
     <span class='ocr_line' id='line_1_75' title="bbox 224 4246 1827 4322; baseline 0.001 -19"><span class='ocrx_word' id='word_1_525' title='bbox 224 4248 536 4319; x_wconf 79' lang='grc' dir='ltr'><strong>ἀρεύστως.</strong></span> <span class='ocrx_word' id='word_1_526' title='bbox 565 4246 863 4317; x_wconf 76' lang='grc' dir='ltr'><strong>ἀφράστως</strong></span> <span class='ocrx_word' id='word_1_527' title='bbox 890 4246 1151 4301; x_wconf 82' lang='grc' dir='ltr'><strong>ἀπέτικε.</strong></span> <span class='ocrx_word' id='word_1_528' title='bbox 1216 4246 1480 4313; x_wconf 81' lang='grc' dir='ltr'><strong>Γυναῖκες</strong></span> <span class='ocrx_word' id='word_1_529' title='bbox 1525 4252 1827 4322; x_wconf 83' lang='grc' dir='ltr'><strong>κρατείτω-</strong></span> 
     </span>
    </p>
   </div>
   <div class='ocr_carea' id='block_1_76' title="bbox 226 4328 1826 4416">
    <p class='ocr_par' dir='ltr' id='par_1_76' title="bbox 226 4328 1826 4416">
     <span class='ocr_line' id='line_1_76' title="bbox 226 4328 1826 4416; baseline 0.009 -29"><span class='ocrx_word' id='word_1_530' title='bbox 226 4360 323 4395; x_wconf 60' lang='lat' dir='ltr'><strong>ne</strong></span> <span class='ocrx_word' id='word_1_531' title='bbox 345 4359 359 4373; x_wconf 82' lang='lat'><em>-</em></span> <span class='ocrx_word' id='word_1_532' title='bbox 391 4341 544 4411; x_wconf 80' lang='grc' dir='ltr'><strong>γυνὴ</strong></span> <span class='ocrx_word' id='word_1_533' title='bbox 572 4340 680 4411; x_wconf 73' lang='grc' dir='ltr'><strong>γὰρ</strong></span> <span class='ocrx_word' id='word_1_534' title='bbox 715 4340 749 4410; x_wconf 83' lang='grc' dir='ltr'><strong>ή</strong></span> <span class='ocrx_word' id='word_1_535' title='bbox 776 4338 945 4393; x_wconf 72' lang='grc' dir='ltr'><strong>πάλαι</strong></span> <span class='ocrx_word' id='word_1_536' title='bbox 973 4339 1076 4409; x_wconf 81' lang='grc' dir='ltr'><strong>τῆς</strong></span> <span class='ocrx_word' id='word_1_537' title='bbox 1124 4328 1401 4412; x_wconf 80' lang='grc' dir='ltr'><strong>ἁμαρτίας</strong></span> <span class='ocrx_word' id='word_1_538' title='bbox 1426 4340 1527 4412; x_wconf 80' lang='grc' dir='ltr'><strong>τὴν</strong></span> <span class='ocrx_word' id='word_1_539' title='bbox 1568 4344 1826 4416; x_wconf 78' lang='grc' dir='ltr'><strong>ἀφορμὴν</strong></span> 
     </span>
    </p>
   </div>
   <div class='ocr_carea' id='block_1_77' title="bbox 223 4431 1824 4507">
    <p class='ocr_par' dir='ltr' id='par_1_77' title="bbox 223 4431 1824 4507">
     <span class='ocr_line' id='line_1_77' title="bbox 223 4431 1824 4507; baseline 0 -18"><span class='ocrx_word' id='word_1_540' title='bbox 223 4433 589 4504; x_wconf 80' lang='grc' dir='ltr'><strong>σχεδιάσασα,</strong></span> <span class='ocrx_word' id='word_1_541' title='bbox 616 4434 717 4504; x_wconf 72' lang='grc' dir='ltr'><strong>τῆς</strong></span> <span class='ocrx_word' id='word_1_542' title='bbox 740 4431 1014 4504; x_wconf 82' lang='grc' dir='ltr'><strong>σωτηρίας</strong></span> <span class='ocrx_word' id='word_1_543' title='bbox 1036 4431 1163 4505; x_wconf 84' lang='grc' dir='ltr'><strong>ἄρτι</strong></span> <span class='ocrx_word' id='word_1_544' title='bbox 1207 4433 1311 4504; x_wconf 80' lang='grc' dir='ltr'><strong>τὴν</strong></span> <span class='ocrx_word' id='word_1_545' title='bbox 1344 4434 1604 4505; x_wconf 81' lang='grc' dir='ltr'><strong>ἀπαρχὴν</strong></span> <span class='ocrx_word' id='word_1_546' title='bbox 1638 4438 1824 4507; x_wconf 63' lang='grc' dir='ltr'><strong>εἰσκρ-</strong></span> 
     </span>
    </p>
   </div>
   <div class='ocr_carea' id='block_1_78' title="bbox 1939 3228 3531 3301">
    <p class='ocr_par' dir='ltr' id='par_1_78' title="bbox 1939 3228 3531 3301">
     <span class='ocr_line' id='line_1_78' title="bbox 1939 3228 3531 3301; baseline 0.003 -19"><span class='ocrx_word' id='word_1_547' title='bbox 1939 3245 2106 3282; x_wconf 84' lang='lat' dir='ltr'><strong>cormt</strong></span> <span class='ocrx_word' id='word_1_548' title='bbox 2135 3228 2331 3285; x_wconf 77' lang='lat' dir='ltr'><strong>salutis</strong></span> <span class='ocrx_word' id='word_1_549' title='bbox 2380 3232 2435 3283; x_wconf 85' lang='lat' dir='ltr'><strong>in</strong></span> <span class='ocrx_word' id='word_1_550' title='bbox 2458 3229 2618 3285; x_wconf 85' lang='lat' dir='ltr'><strong>domo</strong></span> <span class='ocrx_word' id='word_1_551' title='bbox 2653 3231 2830 3286; x_wconf 85' lang='lat' dir='ltr'><strong>David</strong></span> <span class='ocrx_word' id='word_1_552' title='bbox 2859 3232 3011 3301; x_wconf 78' lang='lat' dir='ltr'><strong>pueri</strong></span> <span class='ocrx_word' id='word_1_553' title='bbox 3045 3231 3133 3287; x_wconf 72' lang='lat' dir='ltr'><strong>sui</strong></span> <span class='ocrx_word' id='word_1_554' title='bbox 3155 3273 3170 3298; x_wconf 91' lang='lat'><strong>,</strong></span> <span class='ocrx_word' id='word_1_555' title='bbox 3201 3233 3531 3289; x_wconf 81' lang='lat' dir='ltr'><strong>immacula-</strong></span> 
     </span>
    </p>
   </div>
   <div class='ocr_carea' id='block_1_79' title="bbox 1940 3321 3533 3397">
    <p class='ocr_par' dir='ltr' id='par_1_79' title="bbox 1940 3321 3533 3397">
     <span class='ocr_line' id='line_1_79' title="bbox 1940 3321 3533 3397; baseline 0.003 -22"><span class='ocrx_word' id='word_1_556' title='bbox 1940 3321 2154 3376; x_wconf 83' lang='lat' dir='ltr'><strong>tissima</strong></span> <span class='ocrx_word' id='word_1_557' title='bbox 2198 3336 2264 3377; x_wconf 88' lang='lat' dir='ltr'><strong>ac</strong></span> <span class='ocrx_word' id='word_1_558' title='bbox 2307 3323 2410 3377; x_wconf 73' lang='lat' dir='ltr'><strong>viri</strong></span> <span class='ocrx_word' id='word_1_559' title='bbox 2467 3325 2657 3381; x_wconf 87' lang='lat' dir='ltr'><strong>nescia</strong></span> <span class='ocrx_word' id='word_1_560' title='bbox 2704 3324 2937 3397; x_wconf 79' lang='lat' dir='ltr'><strong>Virgine</strong></span> <span class='ocrx_word' id='word_1_561' title='bbox 2978 3324 3126 3389; x_wconf 88' lang='lat' dir='ltr'><strong>hac,</strong></span> <span class='ocrx_word' id='word_1_562' title='bbox 3160 3341 3227 3381; x_wconf 77' lang='lat' dir='ltr'><strong>ex</strong></span> <span class='ocrx_word' id='word_1_563' title='bbox 3254 3341 3364 3396; x_wconf 85' lang='lat' dir='ltr'><strong>qua</strong></span> <span class='ocrx_word' id='word_1_564' title='bbox 3399 3342 3533 3397; x_wconf 80' lang='lat' dir='ltr'><strong>geu-</strong></span> 
     </span>
    </p>
   </div>
   <div class='ocr_carea' id='block_1_80' title="bbox 1937 3415 3530 3487">
    <p class='ocr_par' dir='ltr' id='par_1_80' title="bbox 1937 3415 3530 3487">
     <span class='ocr_line' id='line_1_80' title="bbox 1937 3415 3530 3487; baseline 0.002 -18"><span class='ocrx_word' id='word_1_565' title='bbox 1937 3415 2074 3469; x_wconf 90' lang='lat' dir='ltr'><strong>tium</strong></span> <span class='ocrx_word' id='word_1_566' title='bbox 2130 3415 2284 3470; x_wconf 89' lang='lat' dir='ltr'><strong>salus</strong></span> <span class='ocrx_word' id='word_1_567' title='bbox 2339 3425 2395 3472; x_wconf 91' lang='lat' dir='ltr'><strong>et</strong></span> <span class='ocrx_word' id='word_1_568' title='bbox 2446 3417 2817 3487; x_wconf 81' lang='lat' dir='ltr'><strong>exspectatio.</strong></span> <span class='ocrx_word' id='word_1_569' title='bbox 2873 3418 3046 3474; x_wconf 84' lang='lat' dir='ltr'><strong>Ducat</strong></span> <span class='ocrx_word' id='word_1_570' title='bbox 3090 3433 3239 3474; x_wconf 88' lang='lat' dir='ltr'><strong>nunc</strong></span> <span class='ocrx_word' id='word_1_571' title='bbox 3291 3418 3530 3475; x_wconf 83' lang='lat' dir='ltr'><strong>choreas</strong></span> 
     </span>
    </p>
   </div>
   <div class='ocr_carea' id='block_1_81' title="bbox 1937 3508 3526 3581">
    <p class='ocr_par' dir='ltr' id='par_1_81' title="bbox 1937 3508 3526 3581">
     <span class='ocr_line' id='line_1_81' title="bbox 1937 3508 3526 3581; baseline 0.004 -21"><span class='ocrx_word' id='word_1_572' title='bbox 1937 3514 2095 3578; x_wconf 74' lang='lat' dir='ltr'><strong>grata</strong></span> <span class='ocrx_word' id='word_1_573' title='bbox 2151 3508 2337 3562; x_wconf 91' lang='lat' dir='ltr'><strong>omnis</strong></span> <span class='ocrx_word' id='word_1_574' title='bbox 2402 3522 2468 3579; x_wconf 68' lang='lat' dir='ltr'><strong>ac.</strong></span> <span class='ocrx_word' id='word_1_575' title='bbox 2525 3509 2787 3565; x_wconf 86' lang='lat' dir='ltr'><strong>benevola</strong></span> <span class='ocrx_word' id='word_1_576' title='bbox 2841 3510 3069 3565; x_wconf 83' lang='lat' dir='ltr'><strong>anima:</strong></span> <span class='ocrx_word' id='word_1_577' title='bbox 3117 3521 3429 3581; x_wconf 87' lang='lat' dir='ltr'><strong>naturaque</strong></span> <span class='ocrx_word' id='word_1_578' title='bbox 3457 3512 3526 3567; x_wconf 91' lang='lat' dir='ltr'><strong>ad</strong></span> 
     </span>
    </p>
   </div>
   <div class='ocr_carea' id='block_1_82' title="bbox 1935 3599 3527 3675">
    <p class='ocr_par' dir='ltr' id='par_1_82' title="bbox 1935 3599 3527 3675">
     <span class='ocr_line' id='line_1_82' title="bbox 1935 3599 3527 3675; baseline 0.005 -20"><span class='ocrx_word' id='word_1_579' title='bbox 1935 3614 2052 3655; x_wconf 62' lang='lat' dir='ltr'><strong>suae</strong></span> <span class='ocrx_word' id='word_1_580' title='bbox 2078 3599 2256 3669; x_wconf 81' lang='lat' dir='ltr'><strong>ipsius</strong></span> <span class='ocrx_word' id='word_1_581' title='bbox 2288 3602 2668 3658; x_wconf 85' lang='lat' dir='ltr'><strong>renovationis</strong></span> <span class='ocrx_word' id='word_1_582' title='bbox 2697 3601 3222 3675; x_wconf 77' lang='lat' dir='ltr'><strong>reformationisque</strong></span> <span class='ocrx_word' id='word_1_583' title='bbox 3253 3605 3527 3671; x_wconf 72' lang='lat' dir='ltr'><strong>laetitiam.</strong></span> 
     </span>
    </p>
   </div>
   <div class='ocr_carea' id='block_1_83' title="bbox 1935 3684 3523 3757">
    <p class='ocr_par' dir='ltr' id='par_1_83' title="bbox 1935 3684 3523 3757">
     <span class='ocr_line' id='line_1_83' title="bbox 1935 3684 3523 3757; baseline 0.007 -15"><span class='ocrx_word' id='word_1_584' title='bbox 1935 3684 2247 3745; x_wconf 79' lang='lat' dir='ltr'><strong>creaturam</strong></span> <span class='ocrx_word' id='word_1_585' title='bbox 2299 3686 2592 3749; x_wconf 79' lang='lat' dir='ltr'><strong>convocet.</strong></span> <span class='ocrx_word' id='word_1_586' title='bbox 2625 3691 2883 3757; x_wconf 85' lang='lat' dir='ltr'><strong>Steriles,</strong></span> <span class='ocrx_word' id='word_1_587' title='bbox 2917 3695 3137 3751; x_wconf 90' lang='lat' dir='ltr'><strong>concite</strong></span> <span class='ocrx_word' id='word_1_588' title='bbox 3173 3707 3478 3753; x_wconf 87' lang='lat' dir='ltr'><strong>accurrant</strong></span> <span class='ocrx_word' id='word_1_589' title='bbox 3507 3718 3523 3753; x_wconf 93' lang='lat'><strong>:</strong></span> 
     </span>
    </p>
   </div>
   <div class='ocr_carea' id='block_1_84' title="bbox 1934 3782 3525 3851">
    <p class='ocr_par' dir='ltr' id='par_1_84' title="bbox 1934 3782 3525 3851">
     <span class='ocr_line' id='line_1_84' title="bbox 1934 3782 3525 3851; baseline 0.006 -16"><span class='ocrx_word' id='word_1_590' title='bbox 1934 3796 2060 3836; x_wconf 87' lang='lat' dir='ltr'><strong>nam</strong></span> <span class='ocrx_word' id='word_1_591' title='bbox 2117 3797 2243 3851; x_wconf 71' lang='lat' dir='ltr'><strong>quae</strong></span> <span class='ocrx_word' id='word_1_592' title='bbox 2294 3782 2416 3839; x_wconf 89' lang='lat' dir='ltr'><strong>sine</strong></span> <span class='ocrx_word' id='word_1_593' title='bbox 2479 3783 2610 3838; x_wconf 86' lang='lat' dir='ltr'><strong>Iiliis</strong></span> <span class='ocrx_word' id='word_1_594' title='bbox 2643 3793 2699 3840; x_wconf 89' lang='lat' dir='ltr'><strong>et</strong></span> <span class='ocrx_word' id='word_1_595' title='bbox 2747 3785 2954 3842; x_wconf 85' lang='lat' dir='ltr'><strong>sterilis</strong></span> <span class='ocrx_word' id='word_1_596' title='bbox 2994 3794 3156 3851; x_wconf 87' lang='lat' dir='ltr'><strong>erat,</strong></span> <span class='ocrx_word' id='word_1_597' title='bbox 3207 3788 3300 3845; x_wconf 88' lang='lat' dir='ltr'><strong>Dei</strong></span> <span class='ocrx_word' id='word_1_598' title='bbox 3355 3790 3525 3846; x_wconf 79' lang='lat' dir='ltr'><strong>tiliam</strong></span> 
     </span>
    </p>
   </div>
   <div class='ocr_carea' id='block_1_85' title="bbox 1933 3874 3528 3947">
    <p class='ocr_par' dir='ltr' id='par_1_85' title="bbox 1933 3874 3528 3947">
     <span class='ocr_line' id='line_1_85' title="bbox 1933 3874 3528 3947; baseline 0.008 -20"><span class='ocrx_word' id='word_1_599' title='bbox 1933 3874 2203 3946; x_wconf 79' lang='lat' dir='ltr'><strong>virginem</strong></span> <span class='ocrx_word' id='word_1_600' title='bbox 2247 3876 2496 3947; x_wconf 88' lang='lat' dir='ltr'><strong>suscepit</strong></span> <span class='ocrx_word' id='word_1_601' title='bbox 2535 3876 2730 3932; x_wconf 79' lang='lat' dir='ltr'><strong>ﬁliam.</strong></span> <span class='ocrx_word' id='word_1_602' title='bbox 2794 3877 3009 3933; x_wconf 87' lang='lat' dir='ltr'><strong>Saliant</strong></span> <span class='ocrx_word' id='word_1_603' title='bbox 3056 3887 3306 3938; x_wconf 87' lang='lat' dir='ltr'><strong>matres:</strong></span> <span class='ocrx_word' id='word_1_604' title='bbox 3344 3894 3528 3940; x_wconf 89' lang='lat' dir='ltr'><strong>mater</strong></span> 
     </span>
    </p>
   </div>
   <div class='ocr_carea' id='block_1_86' title="bbox 1930 3967 3529 4045">
    <p class='ocr_par' dir='ltr' id='par_1_86' title="bbox 1930 3967 3529 4045">
     <span class='ocr_line' id='line_1_86' title="bbox 1930 3967 3529 4045; baseline 0.006 -25"><span class='ocrx_word' id='word_1_605' title='bbox 1930 3968 2081 4021; x_wconf 88' lang='lat' dir='ltr'><strong>enim</strong></span> <span class='ocrx_word' id='word_1_606' title='bbox 2113 3967 2271 4037; x_wconf 89' lang='lat' dir='ltr'><strong>prole</strong></span> <span class='ocrx_word' id='word_1_607' title='bbox 2300 3981 2523 4033; x_wconf 88' lang='lat' dir='ltr'><strong>carens,</strong></span> <span class='ocrx_word' id='word_1_608' title='bbox 2560 3977 2792 4024; x_wconf 83' lang='lat' dir='ltr'><strong>matrem</strong></span> <span class='ocrx_word' id='word_1_609' title='bbox 2840 3968 3109 4027; x_wconf 82' lang='lat' dir='ltr'><strong>intactam</strong></span> <span class='ocrx_word' id='word_1_610' title='bbox 3141 3979 3198 4028; x_wconf 89' lang='lat' dir='ltr'><strong>et</strong></span> <span class='ocrx_word' id='word_1_611' title='bbox 3247 3974 3529 4045; x_wconf 75' lang='lat' dir='ltr'><strong>virginem</strong></span> 
     </span>
    </p>
   </div>
   <div class='ocr_carea' id='block_1_87' title="bbox 1929 4054 3525 4128">
    <p class='ocr_par' dir='ltr' id='par_1_87' title="bbox 1929 4054 3525 4128">
     <span class='ocr_line' id='line_1_87' title="bbox 1929 4054 3525 4128; baseline 0.008 -17"><span class='ocrx_word' id='word_1_612' title='bbox 1929 4056 2166 4128; x_wconf 82' lang='lat' dir='ltr'><strong>peperit.</strong></span> <span class='ocrx_word' id='word_1_613' title='bbox 2197 4054 2487 4114; x_wconf 85' lang='lat' dir='ltr'><strong>Gaudeant</strong></span> <span class='ocrx_word' id='word_1_614' title='bbox 2533 4059 2822 4128; x_wconf 74' lang='lat' dir='ltr'><strong>virgines:</strong></span> <span class='ocrx_word' id='word_1_615' title='bbox 2878 4069 3028 4116; x_wconf 85' lang='lat' dir='ltr'><strong>terra</strong></span> <span class='ocrx_word' id='word_1_616' title='bbox 3066 4064 3215 4119; x_wconf 81' lang='lat' dir='ltr'><strong>enim</strong></span> <span class='ocrx_word' id='word_1_617' title='bbox 3254 4080 3362 4121; x_wconf 89' lang='lat' dir='ltr'><strong>non</strong></span> <span class='ocrx_word' id='word_1_618' title='bbox 3404 4079 3525 4124; x_wconf 85' lang='lat' dir='ltr'><strong>sata</strong></span> 
     </span>
    </p>
   </div>
   <div class='ocr_carea' id='block_1_88' title="bbox 1927 4144 3525 4223">
    <p class='ocr_par' dir='ltr' id='par_1_88' title="bbox 1927 4144 3525 4223">
     <span class='ocr_line' id='line_1_88' title="bbox 1927 4144 3525 4223; baseline 0.008 -20"><span class='ocrx_word' id='word_1_619' title='bbox 1927 4165 2052 4203; x_wconf 88' lang='lat' dir='ltr'><strong>eum</strong></span> <span class='ocrx_word' id='word_1_620' title='bbox 2086 4151 2347 4221; x_wconf 88' lang='lat' dir='ltr'><strong>peperit,</strong></span> <span class='ocrx_word' id='word_1_621' title='bbox 2393 4150 2487 4221; x_wconf 90' lang='lat' dir='ltr'><strong>qui</strong></span> <span class='ocrx_word' id='word_1_622' title='bbox 2535 4160 2622 4207; x_wconf 82' lang='lat' dir='ltr'><strong>est</strong></span> <span class='ocrx_word' id='word_1_623' title='bbox 2656 4152 2783 4209; x_wconf 85' lang='lat' dir='ltr'><strong>sine</strong></span> <span class='ocrx_word' id='word_1_624' title='bbox 2822 4144 3069 4209; x_wconf 68' lang='lat' dir='ltr'><strong>llu&#39;xione</strong></span> <span class='ocrx_word' id='word_1_625' title='bbox 3111 4170 3139 4210; x_wconf 92' lang='lat' dir='ltr'><strong>a</strong></span> <span class='ocrx_word' id='word_1_626' title='bbox 3174 4155 3372 4223; x_wconf 84' lang='lat' dir='ltr'><strong>Patre,</strong></span> <span class='ocrx_word' id='word_1_627' title='bbox 3431 4175 3525 4216; x_wconf 84' lang='lat' dir='ltr'><strong>ra-</strong></span> 
     </span>
    </p>
   </div>
   <div class='ocr_carea' id='block_1_89' title="bbox 1927 4242 3524 4315">
    <p class='ocr_par' dir='ltr' id='par_1_89' title="bbox 1927 4242 3524 4315">
     <span class='ocr_line' id='line_1_89' title="bbox 1927 4242 3524 4315; baseline 0.01 -21"><span class='ocrx_word' id='word_1_628' title='bbox 1927 4242 2082 4297; x_wconf 87' lang='lat' dir='ltr'><strong>tione</strong></span> <span class='ocrx_word' id='word_1_629' title='bbox 2111 4257 2278 4314; x_wconf 84' lang='lat' dir='ltr'><strong>supra</strong></span> <span class='ocrx_word' id='word_1_630' title='bbox 2327 4257 2496 4314; x_wconf 88' lang='lat' dir='ltr'><strong>quam</strong></span> <span class='ocrx_word' id='word_1_631' title='bbox 2550 4243 2661 4300; x_wconf 88' lang='lat' dir='ltr'><strong>dici</strong></span> <span class='ocrx_word' id='word_1_632' title='bbox 2691 4253 2876 4315; x_wconf 86' lang='lat' dir='ltr'><strong>potest</strong></span> <span class='ocrx_word' id='word_1_633' title='bbox 2919 4248 3189 4304; x_wconf 87' lang='lat' dir='ltr'><strong>mirabili.</strong></span> <span class='ocrx_word' id='word_1_634' title='bbox 3251 4250 3524 4309; x_wconf 85' lang='lat' dir='ltr'><strong>Plaudant</strong></span> 
     </span>
    </p>
   </div>
   <div class='ocr_carea' id='block_1_90' title="bbox 1928 4332 3519 4413">
    <p class='ocr_par' dir='ltr' id='par_1_90' title="bbox 1928 4332 3519 4413">
     <span class='ocr_line' id='line_1_90' title="bbox 1928 4332 3519 4413; baseline 0.009 -27"><span class='ocrx_word' id='word_1_635' title='bbox 1928 4332 2228 4388; x_wconf 86' lang='lat' dir='ltr'><strong>mulieres:</strong></span> <span class='ocrx_word' id='word_1_636' title='bbox 2291 4333 2493 4388; x_wconf 88' lang='lat' dir='ltr'><strong>mulier</strong></span> <span class='ocrx_word' id='word_1_637' title='bbox 2526 4334 2676 4390; x_wconf 85' lang='lat' dir='ltr'><strong>enim</strong></span> <span class='ocrx_word' id='word_1_638' title='bbox 2723 4349 2850 4405; x_wconf 69' lang='lat' dir='ltr'><strong>qua!</strong></span> <span class='ocrx_word' id='word_1_639' title='bbox 2887 4336 3020 4391; x_wconf 91' lang='lat' dir='ltr'><strong>olim</strong></span> <span class='ocrx_word' id='word_1_640' title='bbox 3064 4352 3259 4395; x_wconf 86' lang='lat' dir='ltr'><strong>ansam</strong></span> <span class='ocrx_word' id='word_1_641' title='bbox 3305 4347 3519 4413; x_wconf 79' lang='lat' dir='ltr'><strong>peccati</strong></span> 
     </span>
    </p>
   </div>
   <div class='ocr_carea' id='block_1_91' title="bbox 1927 4424 3519 4502">
    <p class='ocr_par' dir='ltr' id='par_1_91' title="bbox 1927 4424 3519 4502">
     <span class='ocr_line' id='line_1_91' title="bbox 1927 4424 3519 4502; baseline 0.008 -24"><span class='ocrx_word' id='word_1_642' title='bbox 1927 4424 2301 4481; x_wconf 87' lang='lat' dir='ltr'><strong>inconsultius</strong></span> <span class='ocrx_word' id='word_1_643' title='bbox 2361 4426 2626 4498; x_wconf 75' lang='lat' dir='ltr'><strong>pnebnit,</strong></span> <span class='ocrx_word' id='word_1_644' title='bbox 2681 4429 2883 4487; x_wconf 85' lang='lat' dir='ltr'><strong>salutis</strong></span> <span class='ocrx_word' id='word_1_645' title='bbox 2926 4444 3077 4485; x_wconf 88' lang='lat' dir='ltr'><strong>nunc</strong></span> <span class='ocrx_word' id='word_1_646' title='bbox 3118 4434 3396 4502; x_wconf 87' lang='lat' dir='ltr'><strong>primitias</strong></span> <span class='ocrx_word' id='word_1_647' title='bbox 3427 4437 3519 4491; x_wconf 88' lang='lat' dir='ltr'><strong>iu-</strong></span> 
     </span>
    </p>
   </div>
   <div class='ocr_carea' id='block_1_92' title="bbox 222 4512 1833 4599">
    <p class='ocr_par' dir='ltr' id='par_1_92' title="bbox 222 4524 1819 4599">
     <span class='ocr_line' id='line_1_92' title="bbox 222 4524 1819 4599; baseline 0 -17"><span class='ocrx_word' id='word_1_648' title='bbox 222 4528 421 4599; x_wconf 81' lang='grc' dir='ltr'><strong>κόμικε</strong></span> <span class='ocrx_word' id='word_1_649' title='bbox 441 4545 457 4559; x_wconf 90' lang='grc'><strong>·</strong></span> <span class='ocrx_word' id='word_1_650' title='bbox 513 4527 610 4581; x_wconf 77' lang='grc' dir='ltr'><strong>καὶ</strong></span> <span class='ocrx_word' id='word_1_651' title='bbox 632 4529 667 4598; x_wconf 85' lang='grc' dir='ltr'><strong>ή</strong></span> <span class='ocrx_word' id='word_1_652' title='bbox 702 4525 871 4580; x_wconf 86' lang='grc' dir='ltr'><strong>πάλαι</strong></span> <span class='ocrx_word' id='word_1_653' title='bbox 893 4526 1246 4596; x_wconf 78' lang='grc' dir='ltr'><strong>κατάκριτος,</strong></span> <span class='ocrx_word' id='word_1_654' title='bbox 1265 4524 1478 4597; x_wconf 70' lang='grc' dir='ltr'><strong>ἐδείχθη</strong></span> <span class='ocrx_word' id='word_1_655' title='bbox 1501 4525 1784 4599; x_wconf 85' lang='grc' dir='ltr'><strong>θεόκριτος</strong></span> <span class='ocrx_word' id='word_1_656' title='bbox 1804 4547 1819 4561; x_wconf 73' lang='grc' dir='ltr'><strong>ο</strong></span> 
     </span>
    </p>
   </div>
   <div class='ocr_carea' id='block_1_93' title="bbox 1940 4512 3520 4599">
    <p class='ocr_par' dir='ltr' id='par_1_93' title="bbox 1940 4518 3520 4591">
     <span class='ocr_line' id='line_1_93' title="bbox 1940 4518 3520 4591; baseline 0.008 -18"><span class='ocrx_word' id='word_1_657' title='bbox 1940 4518 2087 4573; x_wconf 65' lang='grc' dir='ltr'><strong>ιιιιὶιε</strong></span> <span class='ocrx_word' id='word_1_658' title='bbox 2145 4531 2377 4590; x_wconf 69' lang='lat' dir='ltr'><strong>quaeque</strong></span> <span class='ocrx_word' id='word_1_659' title='bbox 2428 4519 2733 4591; x_wconf 85' lang='lat' dir='ltr'><strong>aliquando</strong></span> <span class='ocrx_word' id='word_1_660' title='bbox 2791 4536 2887 4578; x_wconf 87' lang='lat' dir='ltr'><strong>rea</strong></span> <span class='ocrx_word' id='word_1_661' title='bbox 2935 4522 3080 4591; x_wconf 81' lang='lat' dir='ltr'><strong>fuit,</strong></span> <span class='ocrx_word' id='word_1_662' title='bbox 3116 4540 3268 4583; x_wconf 90' lang='lat' dir='ltr'><strong>nunc</strong></span> <span class='ocrx_word' id='word_1_663' title='bbox 3290 4539 3520 4585; x_wconf 84' lang='lat' dir='ltr'><strong>ostensa</strong></span> 
     </span>
    </p>
   </div>
   <div class='ocr_carea' id='block_1_94' title="bbox 223 4613 1819 4690">
    <p class='ocr_par' dir='ltr' id='par_1_94' title="bbox 223 4613 1819 4690">
     <span class='ocr_line' id='line_1_94' title="bbox 223 4613 1819 4690; baseline 0 -18"><span class='ocrx_word' id='word_1_664' title='bbox 223 4619 410 4690; x_wconf 81' lang='grc' dir='ltr'><strong>μήτηρ</strong></span> <span class='ocrx_word' id='word_1_665' title='bbox 425 4616 726 4688; x_wconf 86' lang='grc' dir='ltr'><strong>ἄνανδρος,</strong></span> <span class='ocrx_word' id='word_1_666' title='bbox 758 4613 1128 4687; x_wconf 72' lang='grc' dir='ltr'><strong>ἑκλιλεγμένή</strong></span> <span class='ocrx_word' id='word_1_667' title='bbox 1156 4614 1237 4688; x_wconf 80' lang='grc' dir='ltr'><strong>τῷ</strong></span> <span class='ocrx_word' id='word_1_668' title='bbox 1272 4614 1568 4682; x_wconf 77' lang='grc' dir='ltr'><strong>Πλάσαντι,</strong></span> <span class='ocrx_word' id='word_1_669' title='bbox 1600 4618 1698 4671; x_wconf 75' lang='grc' dir='ltr'><strong>καὶ</strong></span> <span class='ocrx_word' id='word_1_670' title='bbox 1726 4618 1819 4672; x_wconf 77' lang='grc' dir='ltr'><strong>τοῦ</strong></span> 
     </span>
    </p>
   </div>
   <div class='ocr_carea' id='block_1_95' title="bbox 219 4708 771 4781">
    <p class='ocr_par' dir='ltr' id='par_1_95' title="bbox 219 4708 771 4781">
     <span class='ocr_line' id='line_1_95' title="bbox 219 4708 771 4781; baseline -0.005 -16"><span class='ocrx_word' id='word_1_671' title='bbox 219 4712 412 4780; x_wconf 74' lang='grc' dir='ltr'><strong>γένους</strong></span> <span class='ocrx_word' id='word_1_672' title='bbox 443 4708 771 4781; x_wconf 83' lang='grc' dir='ltr'><strong>ἀνόρθωσις.</strong></span> 
     </span>
    </p>
   </div>
   <div class='ocr_carea' id='block_1_96' title="bbox 288 4797 1823 4871">
    <p class='ocr_par' dir='ltr' id='par_1_96' title="bbox 288 4797 1823 4871">
     <span class='ocr_line' id='line_1_96' title="bbox 288 4797 1823 4871; baseline -0.004 -12"><span class='ocrx_word' id='word_1_673' title='bbox 288 4804 453 4859; x_wconf 80' lang='grc' dir='ltr'><strong>Πᾶσα</strong></span> <span class='ocrx_word' id='word_1_674' title='bbox 474 4800 659 4856; x_wconf 82' lang='grc' dir='ltr'><strong>τοίνυν</strong></span> <span class='ocrx_word' id='word_1_675' title='bbox 692 4803 725 4871; x_wconf 80' lang='grc' dir='ltr'><strong>ή</strong></span> <span class='ocrx_word' id='word_1_676' title='bbox 758 4797 939 4860; x_wconf 81' lang='grc' dir='ltr'><strong>κτίσις</strong></span> <span class='ocrx_word' id='word_1_677' title='bbox 968 4797 1216 4869; x_wconf 83' lang='grc' dir='ltr'><strong>ὑμνείτω</strong></span> <span class='ocrx_word' id='word_1_678' title='bbox 1241 4801 1336 4854; x_wconf 76' lang='grc' dir='ltr'><strong>καὶ</strong></span> <span class='ocrx_word' id='word_1_679' title='bbox 1373 4800 1671 4871; x_wconf 75' lang='grc' dir='ltr'><strong>χορευέτω,</strong></span> <span class='ocrx_word' id='word_1_680' title='bbox 1724 4801 1823 4863; x_wconf 68' lang='grc' dir='ltr'><strong>καὶ</strong></span> 
     </span>
    </p>
   </div>
   <div class='ocr_carea' id='block_1_97' title="bbox 222 4890 1823 4965">
    <p class='ocr_par' dir='ltr' id='par_1_97' title="bbox 222 4890 1823 4965">
     <span class='ocr_line' id='line_1_97' title="bbox 222 4890 1823 4965; baseline 0.001 -17"><span class='ocrx_word' id='word_1_681' title='bbox 222 4892 632 4965; x_wconf 83' lang='grc' dir='ltr'><strong>συνεισφερέτω</strong></span> <span class='ocrx_word' id='word_1_682' title='bbox 658 4909 711 4946; x_wconf 86' lang='grc' dir='ltr'><strong>τι</strong></span> <span class='ocrx_word' id='word_1_683' title='bbox 754 4890 864 4944; x_wconf 84' lang='grc' dir='ltr'><strong>τῶν</strong></span> <span class='ocrx_word' id='word_1_684' title='bbox 889 4892 991 4962; x_wconf 75' lang='grc' dir='ltr'><strong>τῆς</strong></span> <span class='ocrx_word' id='word_1_685' title='bbox 1034 4891 1251 4962; x_wconf 78' lang='grc' dir='ltr'><strong>ἡμέρας</strong></span> <span class='ocrx_word' id='word_1_686' title='bbox 1288 4891 1540 4959; x_wconf 67' lang='grc' dir='ltr'><strong>ἐπάξιον.</strong></span> <span class='ocrx_word' id='word_1_687' title='bbox 1573 4894 1823 4950; x_wconf 81' lang='grc' dir='ltr'><strong>Γενέσθω</strong></span> 
     </span>
    </p>
   </div>
   <div class='ocr_carea' id='block_1_98' title="bbox 220 4980 1823 5060">
    <p class='ocr_par' dir='ltr' id='par_1_98' title="bbox 220 4980 1823 5060">
     <span class='ocr_line' id='line_1_98' title="bbox 220 4980 1823 5060; baseline -0.001 -19"><span class='ocrx_word' id='word_1_688' title='bbox 220 4986 318 5056; x_wconf 78' lang='grc' dir='ltr'><strong>μία</strong></span> <span class='ocrx_word' id='word_1_689' title='bbox 344 4986 511 5055; x_wconf 83' lang='grc' dir='ltr'>κοινὴ</span> <span class='ocrx_word' id='word_1_690' title='bbox 545 4984 788 5055; x_wconf 82' lang='grc' dir='ltr'><strong>σήμερον</strong></span> <span class='ocrx_word' id='word_1_691' title='bbox 816 4980 1088 5053; x_wconf 77' lang='grc' dir='ltr'><strong>οὐρανίων</strong></span> <span class='ocrx_word' id='word_1_692' title='bbox 1138 4984 1232 5036; x_wconf 69' lang='grc' dir='ltr'><strong>καὶ</strong></span> <span class='ocrx_word' id='word_1_693' title='bbox 1265 4984 1526 5052; x_wconf 74' lang='grc' dir='ltr'><strong>ἐπιγείων</strong></span> <span class='ocrx_word' id='word_1_694' title='bbox 1576 4987 1823 5060; x_wconf 82' lang='grc' dir='ltr'><strong>πανήγυ-</strong></span> 
     </span>
    </p>
   </div>
   <div class='ocr_carea' id='block_1_99' title="bbox 219 5074 1821 5150">
    <p class='ocr_par' dir='ltr' id='par_1_99' title="bbox 219 5074 1821 5150">
     <span class='ocr_line' id='line_1_99' title="bbox 219 5074 1821 5150; baseline -0.002 -17"><span class='ocrx_word' id='word_1_695' title='bbox 219 5096 337 5150; x_wconf 75' lang='grc' dir='ltr'><strong>ρις’</strong></span> <span class='ocrx_word' id='word_1_696' title='bbox 373 5080 476 5133; x_wconf 80' lang='grc' dir='ltr'><strong>καὶ</strong></span> <span class='ocrx_word' id='word_1_697' title='bbox 533 5075 943 5146; x_wconf 74' lang='grc' dir='ltr'><strong>συνεορταζέτω</strong></span> <span class='ocrx_word' id='word_1_698' title='bbox 976 5076 1086 5129; x_wconf 80' lang='grc' dir='ltr'><strong>πᾶν</strong></span> <span class='ocrx_word' id='word_1_699' title='bbox 1125 5074 1250 5128; x_wconf 84' lang='grc' dir='ltr'>ὅσον</span> <span class='ocrx_word' id='word_1_700' title='bbox 1292 5074 1587 5145; x_wconf 81' lang='grc' dir='ltr'><strong>ὲγκόσμιόν</strong></span> <span class='ocrx_word' id='word_1_701' title='bbox 1624 5093 1685 5129; x_wconf 88' lang='grc' dir='ltr'><strong>τε</strong></span> <span class='ocrx_word' id='word_1_702' title='bbox 1724 5076 1821 5130; x_wconf 82' lang='grc' dir='ltr'><strong>καὶ</strong></span> 
     </span>
    </p>
   </div>
   <div class='ocr_carea' id='block_1_100' title="bbox 220 5165 1817 5242">
    <p class='ocr_par' dir='ltr' id='par_1_100' title="bbox 220 5165 1817 5242">
     <span class='ocr_line' id='line_1_100' title="bbox 220 5165 1817 5242; baseline 0 -20"><span class='ocrx_word' id='word_1_703' title='bbox 220 5171 602 5242; x_wconf 79' lang='grc' dir='ltr'><strong>ὐπερκόσμιον</strong></span> <span class='ocrx_word' id='word_1_704' title='bbox 631 5166 936 5241; x_wconf 84' lang='grc' dir='ltr'><strong>σύγκριμα.</strong></span> <span class='ocrx_word' id='word_1_705' title='bbox 967 5167 1217 5238; x_wconf 82' lang='grc' dir='ltr'><strong>Σήμερον</strong></span> <span class='ocrx_word' id='word_1_706' title='bbox 1246 5165 1357 5237; x_wconf 82' lang='grc' dir='ltr'><strong>γὰρ</strong></span> <span class='ocrx_word' id='word_1_707' title='bbox 1386 5167 1483 5220; x_wconf 81' lang='grc' dir='ltr'><strong>τοῦ</strong></span> <span class='ocrx_word' id='word_1_708' title='bbox 1515 5167 1817 5222; x_wconf 88' lang='grc' dir='ltr'><strong>Παντοκτί-</strong></span> 
     </span>
    </p>
   </div>
   <div class='ocr_carea' id='block_1_101' title="bbox 218 5258 1813 5332">
    <p class='ocr_par' dir='ltr' id='par_1_101' title="bbox 218 5258 1813 5332">
     <span class='ocr_line' id='line_1_101' title="bbox 218 5258 1813 5332; baseline -0.001 -16"><span class='ocrx_word' id='word_1_709' title='bbox 218 5278 348 5316; x_wconf 87' lang='grc' dir='ltr'><strong>στου</strong></span> <span class='ocrx_word' id='word_1_710' title='bbox 371 5262 435 5316; x_wconf 72' lang='grc' dir='ltr'><strong>τὸ</strong></span> <span class='ocrx_word' id='word_1_711' title='bbox 459 5260 681 5315; x_wconf 86' lang='grc' dir='ltr'><strong>κτιστδν</strong></span> <span class='ocrx_word' id='word_1_712' title='bbox 709 5258 1059 5332; x_wconf 77' lang='grc' dir='ltr'><strong>ᾠκοδόμηται</strong></span> <span class='ocrx_word' id='word_1_713' title='bbox 1081 5258 1310 5329; x_wconf 73' lang='grc' dir='ltr'><strong>τέμενος</strong></span> <span class='ocrx_word' id='word_1_714' title='bbox 1328 5275 1342 5288; x_wconf 72' lang='grc' dir='ltr'><strong>ο</strong></span> <span class='ocrx_word' id='word_1_715' title='bbox 1376 5260 1471 5313; x_wconf 77' lang='grc' dir='ltr'><strong>καὶ</strong></span> <span class='ocrx_word' id='word_1_716' title='bbox 1498 5259 1560 5313; x_wconf 79' lang='grc' dir='ltr'><strong>τὸ</strong></span> <span class='ocrx_word' id='word_1_717' title='bbox 1589 5260 1813 5331; x_wconf 83' lang='grc' dir='ltr'><strong>κτίσμα,</strong></span> 
     </span>
    </p>
   </div>
   <div class='ocr_carea' id='block_1_102' title="bbox 215 5345 1818 5424">
    <p class='ocr_par' dir='ltr' id='par_1_102' title="bbox 215 5345 1818 5424">
     <span class='ocr_line' id='line_1_102' title="bbox 215 5345 1818 5424; baseline -0.001 -20"><span class='ocrx_word' id='word_1_718' title='bbox 215 5351 296 5424; x_wconf 78' lang='grc' dir='ltr'><strong>τῷ</strong></span> <span class='ocrx_word' id='word_1_719' title='bbox 323 5352 546 5422; x_wconf 73' lang='grc' dir='ltr'><strong>κτίστῃ</strong></span> <span class='ocrx_word' id='word_1_720' title='bbox 584 5349 726 5405; x_wconf 80' lang='grc' dir='ltr'><strong>θεῖον</strong></span> <span class='ocrx_word' id='word_1_721' title='bbox 777 5347 1080 5417; x_wconf 73' lang='grc' dir='ltr'><strong>ὲναῦλισμα</strong></span> <span class='ocrx_word' id='word_1_722' title='bbox 1109 5348 1498 5419; x_wconf 82' lang='grc' dir='ltr'><strong>καινοπρεπῶς</strong></span> <span class='ocrx_word' id='word_1_723' title='bbox 1533 5345 1818 5417; x_wconf 76' lang='grc' dir='ltr'><strong>ἑτοιμάζε-</strong></span> 
     </span>
    </p>
   </div>
   <div class='ocr_carea' id='block_1_103' title="bbox 215 5438 1818 5514">
    <p class='ocr_par' dir='ltr' id='par_1_103' title="bbox 215 5438 1818 5514">
     <span class='ocr_line' id='line_1_103' title="bbox 215 5438 1818 5514; baseline -0.003 -18"><span class='ocrx_word' id='word_1_724' title='bbox 215 5460 329 5498; x_wconf 90' lang='grc' dir='ltr'><strong>ται.</strong></span> <span class='ocrx_word' id='word_1_725' title='bbox 383 5444 643 5514; x_wconf 78' lang='grc' dir='ltr'><strong>Σήμερον</strong></span> <span class='ocrx_word' id='word_1_726' title='bbox 677 5444 713 5511; x_wconf 79' lang='grc' dir='ltr'><strong>ἡ</strong></span> <span class='ocrx_word' id='word_1_727' title='bbox 758 5442 890 5513; x_wconf 71' lang='grc' dir='ltr'><strong>πρὶν</strong></span> <span class='ocrx_word' id='word_1_728' title='bbox 942 5440 1356 5510; x_wconf 82' lang='grc' dir='ltr'><strong>ἀπογαιωθείσα</strong></span> <span class='ocrx_word' id='word_1_729' title='bbox 1391 5438 1590 5509; x_wconf 76' lang='grc' dir='ltr'><strong>φύσις.</strong></span> <span class='ocrx_word' id='word_1_730' title='bbox 1639 5439 1818 5510; x_wconf 77' lang='grc' dir='ltr'><strong>ἀρχὴν</strong></span> 
     </span>
    </p>
   </div>
   <div class='ocr_carea' id='block_1_104' title="bbox 214 5530 1816 5605">
    <p class='ocr_par' dir='ltr' id='par_1_104' title="bbox 214 5530 1816 5605">
     <span class='ocr_line' id='line_1_104' title="bbox 214 5530 1816 5605; baseline -0.001 -18"><span class='ocrx_word' id='word_1_731' title='bbox 214 5532 493 5605; x_wconf 77' lang='grc' dir='ltr'><strong>λαμῦἀνει</strong></span> <span class='ocrx_word' id='word_1_732' title='bbox 524 5534 775 5597; x_wconf 80' lang='grc' dir='ltr'><strong>θεὼσεως</strong></span> <span class='ocrx_word' id='word_1_733' title='bbox 797 5549 812 5563; x_wconf 91' lang='grc'><strong>·</strong></span> <span class='ocrx_word' id='word_1_734' title='bbox 849 5533 945 5586; x_wconf 70' lang='grc' dir='ltr'><strong>καὶ</strong></span> <span class='ocrx_word' id='word_1_735' title='bbox 968 5532 1104 5603; x_wconf 74' lang='grc' dir='ltr'><strong>προς</strong></span> <span class='ocrx_word' id='word_1_736' title='bbox 1124 5533 1285 5598; x_wconf 78' lang='grc' dir='ltr'><strong>δόξαν</strong></span> <span class='ocrx_word' id='word_1_737' title='bbox 1312 5534 1342 5586; x_wconf 82' lang='grc' dir='ltr'>ὁ</span> <span class='ocrx_word' id='word_1_738' title='bbox 1365 5531 1528 5603; x_wconf 79' lang='grc' dir='ltr'><strong>χνοῦς</strong></span> <span class='ocrx_word' id='word_1_739' title='bbox 1553 5530 1652 5602; x_wconf 77' lang='grc' dir='ltr'><strong>τὴν</strong></span> <span class='ocrx_word' id='word_1_740' title='bbox 1674 5533 1816 5586; x_wconf 85' lang='grc' dir='ltr'><strong>ἀνω-</strong></span> 
     </span>
    </p>
   </div>
   <div class='ocr_carea' id='block_1_105' title="bbox 215 5622 1817 5698">
    <p class='ocr_par' dir='ltr' id='par_1_105' title="bbox 215 5622 1817 5698">
     <span class='ocr_line' id='line_1_105' title="bbox 215 5622 1817 5698; baseline -0.002 -20"><span class='ocrx_word' id='word_1_741' title='bbox 215 5624 390 5689; x_wconf 83' lang='grc' dir='ltr'><strong>τάτω,</strong></span> <span class='ocrx_word' id='word_1_742' title='bbox 423 5625 721 5698; x_wconf 69' lang='grc' dir='ltr'><strong>μετάρσιος</strong></span> <span class='ocrx_word' id='word_1_743' title='bbox 751 5622 1079 5696; x_wconf 78' lang='grc' dir='ltr'><strong>ἀνατρέχειν</strong></span> <span class='ocrx_word' id='word_1_744' title='bbox 1124 5625 1427 5691; x_wconf 84' lang='grc' dir='ltr'><strong>ἐπείγεται.</strong></span> <span class='ocrx_word' id='word_1_745' title='bbox 1479 5624 1728 5694; x_wconf 75' lang='grc' dir='ltr'><strong>Σήμερον</strong></span> <span class='ocrx_word' id='word_1_746' title='bbox 1758 5622 1817 5687; x_wconf 79' lang='grc' dir='ltr'>ἐξ</span> 
     </span>
    </p>
   </div>
   <div class='ocr_carea' id='block_1_106' title="bbox 288 5802 1818 5871">
    <p class='ocr_par' dir='ltr' id='par_1_106' title="bbox 288 5802 1818 5871">
     <span class='ocr_line' id='line_1_106' title="bbox 288 5802 1818 5871; baseline -0.003 -10"><span class='ocrx_word' id='word_1_747' title='bbox 288 5806 317 5849; x_wconf 75' lang='grc' dir='ltr'><strong>δ</strong></span> <span class='ocrx_word' id='word_1_748' title='bbox 347 5805 393 5862; x_wconf 84' lang='lat' dir='ltr'><strong>ll</strong></span> <span class='ocrx_word' id='word_1_749' title='bbox 420 5807 555 5863; x_wconf 90' lang='lat' dir='ltr'><strong>Cor.</strong></span> <span class='ocrx_word' id='word_1_750' title='bbox 588 5823 643 5869; x_wconf 77' lang='grc' dir='ltr'><strong>ν,</strong></span> <span class='ocrx_word' id='word_1_751' title='bbox 696 5807 784 5861; x_wconf 85' lang='lat' dir='ltr'><strong>l7.</strong></span> <span class='ocrx_word' id='word_1_752' title='bbox 864 5817 886 5846; x_wconf 73' lang='grc' dir='ltr'><strong>ε</strong></span> <span class='ocrx_word' id='word_1_753' title='bbox 919 5805 1085 5862; x_wconf 86' lang='lat' dir='ltr'><strong>llebr.</strong></span> <span class='ocrx_word' id='word_1_754' title='bbox 1128 5806 1316 5868; x_wconf 64' lang='lat'><strong>&quot;1.19</strong></span> <span class='ocrx_word' id='word_1_755' title='bbox 1411 5808 1439 5845; x_wconf 66' lang='grc' dir='ltr'><em>ἀ</em></span> <span class='ocrx_word' id='word_1_756' title='bbox 1468 5803 1632 5861; x_wconf 82' lang='lat' dir='ltr'><strong>Joan.</strong></span> <span class='ocrx_word' id='word_1_757' title='bbox 1660 5820 1699 5871; x_wconf 88' lang='lat' dir='ltr'><strong>t,</strong></span> <span class='ocrx_word' id='word_1_758' title='bbox 1737 5802 1818 5857; x_wconf 88' lang='lat' dir='ltr'><strong>l6.</strong></span> 
     </span>
    </p>
   </div>
   <div class='ocr_carea' id='block_1_107' title="bbox 551 5900 1257 5965">
    <p class='ocr_par' dir='ltr' id='par_1_107' title="bbox 551 5900 1257 5965">
     <span class='ocr_line' id='line_1_107' title="bbox 551 5900 1257 5965; baseline 0 -2"><span class='ocrx_word' id='word_1_759' title='bbox 551 5904 828 5965; x_wconf 71' lang='grc' dir='ltr'><strong>Ριτιιοι..</strong></span> <span class='ocrx_word' id='word_1_760' title='bbox 864 5900 983 5965; x_wconf 79' lang='lat' dir='ltr'><strong>Gn.</strong></span> <span class='ocrx_word' id='word_1_761' title='bbox 1016 5902 1257 5965; x_wconf 13' lang='lat' dir='ltr'><strong>XCVII.</strong></span> 
     </span>
    </p>
   </div>
   <div class='ocr_carea' id='block_1_108' title="bbox 1921 4609 3516 4689">
    <p class='ocr_par' dir='ltr' id='par_1_108' title="bbox 1921 4609 3516 4689">
     <span class='ocr_line' id='line_1_108' title="bbox 1921 4609 3516 4689; baseline 0.008 -25"><span class='ocrx_word' id='word_1_762' title='bbox 1921 4615 2011 4664; x_wconf 90' lang='lat' dir='ltr'><strong>est</strong></span> <span class='ocrx_word' id='word_1_763' title='bbox 2068 4609 2260 4665; x_wconf 76' lang='lat' dir='ltr'><strong>divino</strong></span> <span class='ocrx_word' id='word_1_764' title='bbox 2314 4609 2548 4680; x_wconf 88' lang='lat' dir='ltr'><strong>probata</strong></span> <span class='ocrx_word' id='word_1_765' title='bbox 2591 4611 2847 4681; x_wconf 83' lang='lat' dir='ltr'><strong>judicio:</strong></span> <span class='ocrx_word' id='word_1_766' title='bbox 2904 4622 3087 4672; x_wconf 88' lang='lat' dir='ltr'><strong>mater</strong></span> <span class='ocrx_word' id='word_1_767' title='bbox 3135 4618 3245 4673; x_wconf 88' lang='lat' dir='ltr'><strong>viri</strong></span> <span class='ocrx_word' id='word_1_768' title='bbox 3287 4623 3516 4689; x_wconf 81' lang='lat' dir='ltr'><strong>nescia,</strong></span> 
     </span>
    </p>
   </div>
   <div class='ocr_carea' id='block_1_109' title="bbox 1922 4699 3135 4780">
    <p class='ocr_par' dir='ltr' id='par_1_109' title="bbox 1922 4699 3135 4780">
     <span class='ocr_line' id='line_1_109' title="bbox 1922 4699 3135 4780; baseline 0.009 -25"><span class='ocrx_word' id='word_1_769' title='bbox 1922 4699 2133 4757; x_wconf 86' lang='lat' dir='ltr'><strong>Fictori</strong></span> <span class='ocrx_word' id='word_1_770' title='bbox 2162 4701 2339 4757; x_wconf 88' lang='lat' dir='ltr'><strong>electa</strong></span> <span class='ocrx_word' id='word_1_771' title='bbox 2367 4741 2382 4766; x_wconf 92' lang='lat'><strong>,</strong></span> <span class='ocrx_word' id='word_1_772' title='bbox 2423 4717 2489 4758; x_wconf 88' lang='lat' dir='ltr'><strong>ac</strong></span> <span class='ocrx_word' id='word_1_773' title='bbox 2528 4708 2863 4761; x_wconf 87' lang='lat' dir='ltr'><strong>restauratio</strong></span> <span class='ocrx_word' id='word_1_774' title='bbox 2892 4709 3135 4780; x_wconf 76' lang='lat' dir='ltr'><strong>generis.</strong></span> 
     </span>
    </p>
   </div>
   <div class='ocr_carea' id='block_1_110' title="bbox 1995 4790 3515 4878">
    <p class='ocr_par' dir='ltr' id='par_1_110' title="bbox 1995 4790 3515 4878">
     <span class='ocr_line' id='line_1_110' title="bbox 1995 4790 3515 4878; baseline 0.011 -30"><span class='ocrx_word' id='word_1_775' title='bbox 1995 4790 2195 4849; x_wconf 88' lang='lat' dir='ltr'><strong>Omnia</strong></span> <span class='ocrx_word' id='word_1_776' title='bbox 2242 4810 2374 4865; x_wconf 81' lang='lat' dir='ltr'><strong>ergo</strong></span> <span class='ocrx_word' id='word_1_777' title='bbox 2422 4806 2614 4852; x_wconf 84' lang='lat' dir='ltr'><strong>creata</strong></span> <span class='ocrx_word' id='word_1_778' title='bbox 2663 4797 3003 4868; x_wconf 88' lang='lat' dir='ltr'><strong>decantent,</strong></span> <span class='ocrx_word' id='word_1_779' title='bbox 3061 4802 3515 4878; x_wconf 86' lang='lat' dir='ltr'><strong>tripudientqne.</strong></span> 
     </span>
    </p>
   </div>
   <div class='ocr_carea' id='block_1_111' title="bbox 1926 4885 3517 4965">
    <p class='ocr_par' dir='ltr' id='par_1_111' title="bbox 1926 4885 3517 4965">
     <span class='ocr_line' id='line_1_111' title="bbox 1926 4885 3517 4965; baseline 0.009 -26"><span class='ocrx_word' id='word_1_780' title='bbox 1926 4900 1993 4940; x_wconf 87' lang='lat' dir='ltr'><strong>ac</strong></span> <span class='ocrx_word' id='word_1_781' title='bbox 2024 4885 2234 4959; x_wconf 86' lang='lat' dir='ltr'><strong>aliquid</strong></span> <span class='ocrx_word' id='word_1_782' title='bbox 2281 4886 2393 4944; x_wconf 90' lang='lat' dir='ltr'><strong>diei</strong></span> <span class='ocrx_word' id='word_1_783' title='bbox 2450 4888 2653 4945; x_wconf 66' lang='lat' dir='ltr'><strong>laetitia:</strong></span> <span class='ocrx_word' id='word_1_784' title='bbox 2696 4905 3006 4965; x_wconf 76' lang='lat' dir='ltr'><strong>congruum</strong></span> <span class='ocrx_word' id='word_1_785' title='bbox 3032 4894 3354 4954; x_wconf 81' lang='lat' dir='ltr'><strong>conferant.</strong></span> <span class='ocrx_word' id='word_1_786' title='bbox 3399 4899 3517 4956; x_wconf 75' lang='lat' dir='ltr'><strong>Una</strong></span> 
     </span>
    </p>
   </div>
   <div class='ocr_carea' id='block_1_112' title="bbox 1925 4976 3518 5054">
    <p class='ocr_par' dir='ltr' id='par_1_112' title="bbox 1925 4976 3518 5054">
     <span class='ocr_line' id='line_1_112' title="bbox 1925 4976 3518 5054; baseline 0.011 -24"><span class='ocrx_word' id='word_1_787' title='bbox 1925 4976 2091 5033; x_wconf 88' lang='lat' dir='ltr'><strong>hodie</strong></span> <span class='ocrx_word' id='word_1_788' title='bbox 2145 4977 2456 5035; x_wconf 80' lang='lat' dir='ltr'><strong>cmlestium</strong></span> <span class='ocrx_word' id='word_1_789' title='bbox 2543 4982 3008 5054; x_wconf 84' lang='lat' dir='ltr'><strong>terrestriumque</strong></span> <span class='ocrx_word' id='word_1_790' title='bbox 3069 4985 3145 5044; x_wconf 91' lang='lat' dir='ltr'><strong>sit</strong></span> <span class='ocrx_word' id='word_1_791' title='bbox 3201 4994 3518 5048; x_wconf 76' lang='lat' dir='ltr'><strong>communis</strong></span> 
     </span>
    </p>
   </div>
   <div class='ocr_carea' id='block_1_113' title="bbox 1923 5069 3516 5153">
    <p class='ocr_par' dir='ltr' id='par_1_113' title="bbox 1923 5069 3516 5153">
     <span class='ocr_line' id='line_1_113' title="bbox 1923 5069 3516 5153; baseline 0.01 -27"><span class='ocrx_word' id='word_1_792' title='bbox 1923 5069 2257 5138; x_wconf 87' lang='lat' dir='ltr'><strong>celebritas,</strong></span> <span class='ocrx_word' id='word_1_793' title='bbox 2326 5072 2605 5145; x_wconf 78' lang='lat' dir='ltr'><strong>simulque</strong></span> <span class='ocrx_word' id='word_1_794' title='bbox 2659 5087 2786 5148; x_wconf 76' lang='lat' dir='ltr'><strong>agat</strong></span> <span class='ocrx_word' id='word_1_795' title='bbox 2860 5077 3063 5135; x_wconf 79' lang='lat' dir='ltr'><strong>festum</strong></span> <span class='ocrx_word' id='word_1_796' title='bbox 3123 5082 3393 5153; x_wconf 85' lang='lat' dir='ltr'><strong>quidquid</strong></span> <span class='ocrx_word' id='word_1_797' title='bbox 3459 5088 3516 5142; x_wconf 90' lang='lat' dir='ltr'><strong>in</strong></span> 
     </span>
    </p>
   </div>
   <div class='ocr_carea' id='block_1_114' title="bbox 1924 5161 3516 5235">
    <p class='ocr_par' dir='ltr' id='par_1_114' title="bbox 1924 5161 3516 5235">
     <span class='ocr_line' id='line_1_114' title="bbox 1924 5161 3516 5235; baseline 0.009 -20"><span class='ocrx_word' id='word_1_798' title='bbox 1924 5161 2133 5216; x_wconf 91' lang='lat' dir='ltr'><strong>mundo</strong></span> <span class='ocrx_word' id='word_1_799' title='bbox 2175 5173 2229 5218; x_wconf 91' lang='lat' dir='ltr'><strong>et</strong></span> <span class='ocrx_word' id='word_1_800' title='bbox 2268 5180 2436 5235; x_wconf 89' lang='lat' dir='ltr'><strong>supra</strong></span> <span class='ocrx_word' id='word_1_801' title='bbox 2487 5167 2755 5223; x_wconf 85' lang='lat' dir='ltr'><strong>mundum</strong></span> <span class='ocrx_word' id='word_1_802' title='bbox 2802 5164 3123 5227; x_wconf 84' lang='lat' dir='ltr'><strong>coalitionis</strong></span> <span class='ocrx_word' id='word_1_803' title='bbox 3170 5184 3276 5230; x_wconf 89' lang='lat' dir='ltr'><strong>est.</strong></span> <span class='ocrx_word' id='word_1_804' title='bbox 3339 5176 3516 5232; x_wconf 62' lang='lat' dir='ltr'><strong>llotlie</strong></span> 
     </span>
    </p>
   </div>
   <div class='ocr_carea' id='block_1_115' title="bbox 1918 5255 3516 5325">
    <p class='ocr_par' dir='ltr' id='par_1_115' title="bbox 1918 5255 3516 5325">
     <span class='ocr_line' id='line_1_115' title="bbox 1918 5255 3516 5325; baseline 0.012 -18"><span class='ocrx_word' id='word_1_805' title='bbox 1918 5255 2069 5308; x_wconf 88' lang='lat' dir='ltr'><strong>enim</strong></span> <span class='ocrx_word' id='word_1_806' title='bbox 2099 5256 2343 5310; x_wconf 90' lang='lat' dir='ltr'><strong>omnium</strong></span> <span class='ocrx_word' id='word_1_807' title='bbox 2373 5258 2652 5315; x_wconf 86' lang='lat' dir='ltr'><strong>Creatoris</strong></span> <span class='ocrx_word' id='word_1_808' title='bbox 2676 5269 2928 5316; x_wconf 88' lang='lat' dir='ltr'><strong>creatum</strong></span> <span class='ocrx_word' id='word_1_809' title='bbox 2964 5263 3258 5323; x_wconf 88' lang='lat' dir='ltr'><strong>deiubrtun</strong></span> <span class='ocrx_word' id='word_1_810' title='bbox 3294 5272 3516 5325; x_wconf 58' lang='lat' dir='ltr'><strong>castru-</strong></span> 
     </span>
    </p>
   </div>
   <div class='ocr_carea' id='block_1_116' title="bbox 1919 5356 3513 5431">
    <p class='ocr_par' dir='ltr' id='par_1_116' title="bbox 1919 5356 3513 5431">
     <span class='ocr_line' id='line_1_116' title="bbox 1919 5356 3513 5431; baseline 0.011 -29"><span class='ocrx_word' id='word_1_811' title='bbox 1919 5358 2070 5402; x_wconf 82' lang='lat' dir='ltr'><strong>cmm</strong></span> <span class='ocrx_word' id='word_1_812' title='bbox 2103 5361 2186 5405; x_wconf 89' lang='lat' dir='ltr'><strong>est</strong></span> <span class='ocrx_word' id='word_1_813' title='bbox 2214 5365 2228 5402; x_wconf 91' lang='lat'><strong>:</strong></span> <span class='ocrx_word' id='word_1_814' title='bbox 2267 5365 2333 5405; x_wconf 91' lang='lat' dir='ltr'><strong>ac</strong></span> <span class='ocrx_word' id='word_1_815' title='bbox 2367 5360 2624 5407; x_wconf 86' lang='lat' dir='ltr'><strong>creatura</strong></span> <span class='ocrx_word' id='word_1_816' title='bbox 2647 5396 2663 5419; x_wconf 92' lang='lat'><strong>,</strong></span> <span class='ocrx_word' id='word_1_817' title='bbox 2709 5371 2848 5413; x_wconf 88' lang='lat' dir='ltr'><strong>nova</strong></span> <span class='ocrx_word' id='word_1_818' title='bbox 2899 5356 3231 5431; x_wconf 87' lang='lat' dir='ltr'><strong>deccntique</strong></span> <span class='ocrx_word' id='word_1_819' title='bbox 3263 5364 3474 5419; x_wconf 76' lang='lat' dir='ltr'><strong>ratione</strong></span> <span class='ocrx_word' id='word_1_820' title='bbox 3495 5409 3513 5431; x_wconf 86' lang='lat'><strong>,</strong></span> 
     </span>
    </p>
   </div>
   <div class='ocr_carea' id='block_1_117' title="bbox 1920 5445 3513 5526">
    <p class='ocr_par' dir='ltr' id='par_1_117' title="bbox 1920 5445 3513 5526">
     <span class='ocr_line' id='line_1_117' title="bbox 1920 5445 3513 5526; baseline 0.011 -30"><span class='ocrx_word' id='word_1_821' title='bbox 1920 5457 2126 5496; x_wconf 84' lang='lat' dir='ltr'><strong>novum</strong></span> <span class='ocrx_word' id='word_1_822' title='bbox 2160 5445 2377 5500; x_wconf 89' lang='lat' dir='ltr'><strong>auctori</strong></span> <span class='ocrx_word' id='word_1_823' title='bbox 2420 5456 2652 5516; x_wconf 87' lang='lat' dir='ltr'><strong>paratur</strong></span> <span class='ocrx_word' id='word_1_824' title='bbox 2710 5449 3042 5522; x_wconf 87' lang='lat' dir='ltr'><strong>hospitium.</strong></span> <span class='ocrx_word' id='word_1_825' title='bbox 3101 5452 3316 5519; x_wconf 78' lang='lat' dir='ltr'><strong>Hodie,</strong></span> <span class='ocrx_word' id='word_1_826' title='bbox 3356 5461 3513 5526; x_wconf 87' lang='lat' dir='ltr'><strong>prius</strong></span> 
     </span>
    </p>
   </div>
   <div class='ocr_carea' id='block_1_118' title="bbox 1921 5537 3515 5619">
    <p class='ocr_par' dir='ltr' id='par_1_118' title="bbox 1921 5537 3515 5619">
     <span class='ocr_line' id='line_1_118' title="bbox 1921 5537 3515 5619; baseline 0.012 -34"><span class='ocrx_word' id='word_1_827' title='bbox 1921 5542 2072 5587; x_wconf 85' lang='lat' dir='ltr'><strong>terra</strong></span> <span class='ocrx_word' id='word_1_828' title='bbox 2106 5537 2265 5591; x_wconf 78' lang='lat' dir='ltr'><strong>exsul</strong></span> <span class='ocrx_word' id='word_1_829' title='bbox 2304 5537 2445 5593; x_wconf 77' lang='lat' dir='ltr'><strong>facla</strong></span> <span class='ocrx_word' id='word_1_830' title='bbox 2500 5547 2740 5607; x_wconf 89' lang='lat' dir='ltr'><strong>natura,</strong></span> <span class='ocrx_word' id='word_1_831' title='bbox 2789 5542 3142 5602; x_wconf 87' lang='lat' dir='ltr'><strong>divinitatem</strong></span> <span class='ocrx_word' id='word_1_832' title='bbox 3193 5553 3373 5619; x_wconf 86' lang='lat' dir='ltr'><strong>primo</strong></span> <span class='ocrx_word' id='word_1_833' title='bbox 3419 5564 3515 5604; x_wconf 70' lang='grc' dir='ltr'><strong>ορ·-</strong></span> 
     </span>
    </p>
   </div>
   <div class='ocr_carea' id='block_1_119' title="bbox 1921 5626 3510 5710">
    <p class='ocr_par' dir='ltr' id='par_1_119' title="bbox 1921 5626 3510 5710">
     <span class='ocr_line' id='line_1_119' title="bbox 1921 5626 3510 5710; baseline 0.013 -31"><span class='ocrx_word' id='word_1_834' title='bbox 1921 5626 2055 5697; x_wconf 83' lang='lat' dir='ltr'><strong>cipit</strong></span> <span class='ocrx_word' id='word_1_835' title='bbox 2107 5646 2122 5685; x_wconf 94' lang='lat'><strong>:</strong></span> <span class='ocrx_word' id='word_1_836' title='bbox 2185 5631 2477 5699; x_wconf 79' lang='lat' dir='ltr'><strong>pulvisque</strong></span> <span class='ocrx_word' id='word_1_837' title='bbox 2535 5631 2603 5688; x_wconf 88' lang='lat' dir='ltr'><strong>ad</strong></span> <span class='ocrx_word' id='word_1_838' title='bbox 2665 5649 2988 5708; x_wconf 84' lang='lat' dir='ltr'><strong>supremum</strong></span> <span class='ocrx_word' id='word_1_839' title='bbox 3038 5637 3231 5710; x_wconf 67' lang='lat' dir='ltr'><strong>gloria:</strong></span> <span class='ocrx_word' id='word_1_840' title='bbox 3297 5640 3510 5708; x_wconf 79' lang='lat' dir='ltr'><strong>apicem</strong></span> 
     </span>
    </p>
   </div>
   <div class='ocr_carea' id='block_1_120' title="bbox 3341 5868 3374 5881">
    <p class='ocr_par' dir='ltr' id='par_1_120' title="bbox 3341 5868 3374 5881">
     <span class='ocr_line' id='line_1_120' title="bbox 3341 5868 3374 5881; baseline 0 0"><span class='ocrx_word' id='word_1_841' title='bbox 3341 5868 3374 5881; x_wconf 49' lang='grc' dir='ltr'><strong>κ</strong></span> 
     </span>
    </p>
   </div>
   <div class='ocr_carea' id='block_1_121' title="bbox 3154 5914 3233 5979">
    <p class='ocr_par' dir='ltr' id='par_1_121' title="bbox 3154 5914 3233 5979">
     <span class='ocr_line' id='line_1_121' title="bbox 3154 5914 3233 5979; baseline -0.025 0"><span class='ocrx_word' id='word_1_842' title='bbox 3154 5914 3233 5979; x_wconf 78' lang='lat'><strong>26</strong></span> 
     </span>
    </p>
   </div>
  </div>
