3966 6436
530 402 633 469 ξ15

1727 411 1788 471 S.
1832 410 2162 472 ANDREAE
2192 410 2623 471 CRETENSIS
3665 420 3747 487 8i6

527 516 875 572 nativitatem
928 519 983 570 ct
1042 515 1320 570 ﬁctionem
1383 517 1782 574 succedaneam
1844 520 2116 575 voluisset

2231 518 2497 583 Βείξασθαι
2541 520 2644 590 τῆς
2704 518 2979 588 προτέρας
3008 518 3262 589 γέννησιν
3325 521 3414 574 καὶ
3460 524 3749 591 ἀνάπλασιν,

526 610 837 673 exhibere,
897 608 1371 678 quemadmodum
1426 610 1545 667 illic
1582 612 1703 666 luto
1754 621 1986 684 accepto
2047 628 2113 666 ex

529 703 739 759 illibata
770 703 985 772 virgine
1017 713 1164 759 terra
1203 692 1444 775 primum
1481 705 1741 760 formavit
1782 707 1958 760 Adam
1983 746 1996 767 .
2035 706 2117 760 sic

526 805 582 849 et
611 795 705 850 hic
768 794 959 859 modo,
995 809 1151 851 suam
1197 796 1316 865 ipse
1343 797 1787 852 incarnationem
1822 806 2112 866 operatus,

526 902 629 957 pro
657 886 767 941 alia
807 895 955 941 terra
983 928 1000 955 ,
1054 897 1115 941 ut
1170 887 1244 941 ita
1300 886 1481 942 dicam
1508 931 1520 949 ,
1558 887 1762 941 munda
1820 887 1921 941 hac
1954 902 2115 957 pror-

527 996 735 1051 susque
764 981 1150 1046 immaculata,
1181 981 1249 1036 de
1285 992 1486 1035 natura
1513 991 1629 1037 tota
1663 984 1838 1037 electa
1866 980 2114 1051 Virgine,

528 1088 781 1145 novoque
810 1073 1015 1136 modo,
1058 1074 1204 1143 quod
1253 1083 1336 1129 est
1370 1082 1624 1128 nostrum
1657 1091 1723 1129 ex
1760 1074 1927 1129 nobis
1967 1075 2021 1128 in
2053 1089 2116 1127 ea

530 1167 697 1230 tlcto,
752 1181 935 1221 novus
970 1164 1146 1219 Adam
1186 1164 1317 1220 Adae
1367 1164 1528 1219 ﬁctor
1558 1166 1774 1227 evasit;
1804 1168 1883 1219 ut‘
1919 1179 2117 1219 recens

525 1259 620 1313 ille
648 1265 703 1314 ct
734 1257 1021 1328 antiquior
1048 1257 1302 1324 saeculis,
1337 1257 1546 1323 veteri,
1579 1258 1746 1313 saluti
1780 1264 1949 1312 esset.
1983 1255 2118 1322 Qua:

529 1360 744 1414 autem,
779 1359 836 1405 et
870 1351 1077 1421 quibus
1127 1360 1279 1407 esset
1316 1358 1440 1404 orta
1490 1351 1837 1421 parentibus,
1874 1366 1992 1418 age.
2033 1351 2118 1404 di-

526 1458 723 1500 camus
763 1444 1052 1500 succincte
1077 1483 1091 1509 ,
1122 1442 1362 1499 decursa
1401 1453 1460 1498 ut
1496 1444 1720 1499 licuerit
1747 1444 2007 1498 historia.

598 1618 740 1675 Nata
767 1621 940 1693 igitur
969 1632 1055 1677 est
1088 1624 1482 1678 universorum
1517 1622 1777 1693 gloriatio
1819 1623 1935 1679 lucc
1959 1666 1973 1689 ,
2013 1622 2119 1676 Da-

529 1712 676 1767 vidis
701 1712 926 1782 quidem
961 1712 1095 1776 ﬁlia,
1130 1711 1343 1769 Joacim
1401 1721 1585 1769 autem
1638 1731 1861 1770 semen:
1915 1725 1969 1771 et
2000 1715 2123 1770 Evte

530 1803 754 1873 quidem
818 1803 1043 1873 gentilis
1070 1844 1084 1866 ,
1115 1805 1289 1861 Anna
1322 1821 1453 1863 vero
1484 1794 1692 1877 proles.
1724 1806 1937 1862 Joacim
1972 1808 2120 1862 enim

2223 611 2414 681 ὥσπερ
2445 613 2560 664 ἐκεῖ
2602 613 2866 683 πρότερον
2917 612 2980 663 ἐκ
3008 611 3337 682 παρθενικῆς
3363 613 3620 684 ἀνεπάφου
3652 625 3750 693 τῆς,

2227 703 2398 770 πηλὸν
2437 703 2781 775 ἀνελόμενος,
2812 703 2903 755 τὸν
2944 702 3160 774 πρῶτον
3199 704 3369 774 Ἀδὰμ
3399 707 3753 782 ἐπλαστούργη-

2228 812 2340 859 σεν,
2370 796 2515 850 οὕτω
2545 798 2639 849 καὶ
2663 796 2757 849 νῦν
2780 794 3015 849 ἐνταῦθα
3051 795 3152 867 τὴν
3172 797 3375 850 οἰκείαν
3415 800 3661 870 σάρκωσιν
3679 804 3755 857 οὖν

2224 888 2496 959 τουργῶν,
2536 889 2652 941 ἀντ’
2690 888 2879 959 ἄλλης,
2921 887 2997 950 ὡς
3034 886 3103 942 ἂν
3132 889 3402 960 εἴποιμεν,
3440 894 3660 965 ﬁgi:qu
3680 913 3753 950 u-

2226 980 2400 1049 θαρᾰιν
2426 997 2484 1033 τε
2511 981 2605 1032 καὶ
2627 981 3006 1051 ὑπεράμωμον
3039 982 3245 1050 ταύτην
3272 982 3529 1054 παρθένον
3548 986 3634 1057 τῆς
3655 989 3757 1059 ὅλης

2227 1072 2443 1141 φύσεως
2477 1071 2862 1142 ἐκλεξάμενος,
2893 1073 2953 1125 τὸ
2977 1073 3101 1126 καθ’
3131 1076 3279 1144 ἡμᾶς
3310 1074 3368 1140 ἐξ
3396 1077 3547 1147 ἡμῶν
3566 1080 3616 1131 ἐν
3648 1080 3756 1152 αὐτῇ

2226 1164 2640 1233 καινοποιήσας,
2683 1164 2802 1223 νέος
2841 1163 3016 1235 Ἀδὰμ
3043 1166 3071 1218 ὀ
3110 1165 3480 1237 πλαστουργὸς
3502 1168 3588 1221 τοῦ
3624 1171 3760 1241 Ἀδὰμ

2226 1255 2616 1325 ἐχρημάτισεν,
2636 1254 2724 1306 in
2758 1254 2850 1306 τὸν
2878 1254 3112 1307 παλαιὸν
3134 1256 3163 1308 ὁ
3195 1256 3503 1325 πρόσφατος
3518 1258 3600 1312 καὶ
3626 1260 3761 1331 ὑπέρ.

2226 1363 2419 1419 χρονος
2450 1345 2816 1415 ἀνασὼσηται.
2865 1346 3029 1399 Ἀλλά
3057 1347 3142 1410 τίς
3167 1343 3324 1405 οὖσα.
3351 1349 3444 1402 καὶ
3494 1350 3641 1405 τίνων
3681 1353 3758 1421 ἔφυ

2226 1438 2448 1507 γονέων,
2477 1438 2605 1509 φέρε
2631 1438 2879 1506 λέγωμεν
2909 1439 3297 1511 ἐπιτροχάδην,
3320 1441 3416 1511 τὴν
3438 1442 3760 1513 ίστορίανέπι-

2227 1532 2531 1602 δραμόντες
2561 1534 2641 1596 είς
2671 1532 2924 1601 δύναμιν.

2299 1625 2449 1696 Αὕτη
2478 1625 2751 1692 τοίνυν,τὸ
2786 1626 3003 1678 πάντων
3038 1625 3284 1697 αεχημα,
3321 1626 3560 1699 θυγάτηρ
3587 1629 3669 1699 μέν
3686 1630 3760 1699 ίφν

2228 1718 2321 1773 τοῦ
2346 1719 2530 1785 Δαδιδ,
2564 1718 2788 1789 σπέρμα
2827 1720 2885 1773 δὲ
2929 1719 3023 1772 τοῦ
3072 1720 3333 1790 ἰωακείμ
3358 1736 3372 1750 ’
3420 1721 3662 1789 ἀπόγονος
3688 1721 3759 1786 μὲν

2229 1814 2329 1883 τῆς
2377 1810 2546 1875 Εὔας.
2597 1812 2843 1883 γέννημα
2874 1811 2932 1865 δὲ
2985 1812 3083 1882 τῆς
3121 1813 3342 1882 ’Δννης.
3387 1811 3626 1883 Ἶωακεὶμ
3662 1814 3756 1884 γὰρ.

528 1897 620 1950 vir
652 1895 840 1961 mitis,
876 1896 1213 1962 modestus,
1270 1912 1335 1953 ac
1378 1898 1585 1955 divinis
1643 1898 1960 1953 innutritus
1993 1898 2126 1968 legi-

2231 1902 2366 1972 ἀνὴρ
2419 1903 2616 1973 πρᾶος.
2673 1901 2963 1972 ἐπιεικὴς,
2996 1903 3091 1955 καὶ
3137 1901 3325 1970 νόμοις
3381 1901 3758 1973 ἐντεθραμμένος

528 1988 656 2053 bus,
687 2002 813 2043 cum
841 1989 1033 2045 sobrie
1067 1990 1300 2046 vixisset
1327 1990 1552 2062 Deoque
1578 2000 1843 2047 constans
1872 1991 2123 2046 adhaere-

531 2090 654 2149 ret,
697 2097 764 2137 ac
806 2082 891 2138 sic
943 2092 1369 2153 perseveraret,
1428 2093 1807 2142 consenuerat
1855 2086 2028 2140 orbus
2058 2083 2123 2139 ll-

534 2176 657 2243 liis,
696 2184 895 2231 natura
952 2177 1180 2247 quidem
1231 2184 1463 2247 vegeta,
1519 2177 1688 2247 cujus
1724 2186 1909 2233 tamen
1942 2176 2122 2246 vigori

534 2283 643 2321 non
696 2267 1065 2337 responderet
1116 2266 1326 2321 donum
1383 2267 1634 2337 generis.
1696 2268 1804 2323 Sed
1850 2277 1906 2323 et
1962 2271 2125 2323 Anna

535 2358 631 2415 Dei
666 2374 883 2426 amans,
931 2360 1116 2416 sobria
1163 2360 1390 2430 quidem
1436 2368 1493 2414 et
1524 2360 1816 2416 continens
1838 2401 1853 2425 ,
1892 2360 1987 2416 sed
2020 2371 2128 2415 ste-

535 2450 695 2506 ritis:
748 2449 853 2505 viri
899 2465 1122 2509 amans.
1181 2450 1278 2506 sed
1332 2465 1534 2506 carens
1565 2450 1799 2507 liberis:
1845 2466 1945 2507 nec
1977 2452 2126 2506 aliud

536 2556 706 2611 quam
740 2550 800 2596 ut
853 2541 961 2611 legi
1015 2539 1238 2596 Domini
1294 2542 1559 2596 honorem
1611 2542 1877 2603 haberet,
1937 2542 2127 2596 animo

537 2636 817 2707 cogitans,
878 2622 1305 2690 stimulantibus
1341 2649 1437 2703 per
1482 2634 1601 2690 dies
1640 2634 1957 2689 sterilitatis
1995 2650 2128 2688 acu-

538 2726 666 2787 leis,
702 2734 778 2791 et,
807 2732 868 2779 ut
921 2739 1023 2794 par
1048 2734 1136 2780 est
1180 2723 1317 2780 allici
1357 2725 1562 2795 quibus
1602 2740 1711 2780 non
1742 2734 1872 2780 sunt
1903 2727 2089 2797 proles
2110 2764 2125 2792 ,

537 2819 776 2876 moleste
807 2817 1044 2883 ferebat,
1102 2817 1460 2880 tristabatur,
1502 2816 1748 2884 dolebat,
1795 2834 1903 2874 non
1942 2819 2128 2877 ferens

518 2912 781 2975 Vtiliurum
833 2910 1154 2966 orbitatem.
1204 2908 1342 2965 Cum
1386 2911 1469 2964 sic
1498 2920 1687 2967 autem
1710 2910 1927 2967 Joacim
1955 2927 2129 2967 uxor-

536 3020 645 3074 que
674 3002 1058 3064 tristarentur,
1113 3002 1262 3070 quod
1297 3002 1447 3058 Illius
1499 3005 1737 3069 deesset,
1775 3004 1868 3075 qui
1906 3003 2130 3058 l'.unili:e

534 3095 779 3159 adesset,
815 3092 1061 3148 nondum
1100 3101 1286 3149 tamen
1334 3095 1636 3150 scintillam
1675 3094 1793 3166 spei
1837 3097 2127 3151 exstinxe-

535 3176 704 3245 rant:
742 3189 1004 3259 utrinque
1050 3202 1216 3255 vero,
1263 3196 1324 3242 ut
1381 3190 1449 3243 ad
1498 3189 1883 3245 suscitandnm
1941 3205 2125 3246 semen

540 3282 687 3337 Illius
723 3283 1085 3352 pra‘berctur,
1143 3284 1399 3336 orabant.
1454 3282 1634 3337 Ambo
1683 3283 1871 3354 itaque
1913 3283 2127 3337 Annam

540 3376 693 3430 illam
724 3374 954 3436 imitati,
996 3373 1193 3428 factam
1226 3374 1338 3428 voti
1363 3382 1675 3445 compotem
1704 3383 1759 3430 et
1785 3375 2127 3437 exauditam,

539 3470 755 3523 assidui
794 3469 846 3522 in
899 3468 1108 3536 templo
1140 3476 1334 3531 erant,
1402 3467 1686 3537 Deumque
1728 3467 1873 3522 votis
1922 3465 2133 3535 suppli-

538 3564 723 3625 t-ibns,
756 3570 818 3615 ut
855 3560 1152 3615 orbitatem
1187 3560 1468 3624 solveret,
1538 3558 1895 3629 fructumque
1925 3555 2131 3613 sterili-

539 3655 636 3709 ιιῑί
671 3653 1031 3714 concederet,
1075 3652 1479 3724 provocabant.
1545 3648 1656 3705 Nec
1710 3650 1866 3721 prius
1893 3658 2129 3704 conten-

537 3750 743 3802 tionem
810 3743 1168 3810 remiserunt,
1220 3758 1403 3815 quam'
1451 3745 1567 3800 sint
1633 3741 1770 3797 facti
1835 3749 2129 3812 compotes

538 3838 675 3891 voti.
711 3836 776 3891 Et
808 3851 942 3891 vero
977 3843 1279 3891 evaserunt
1312 3836 1422 3891 voti
1480 3843 1793 3905 compotes.
1831 3833 1950 3888 Non
1984 3834 2130 3888 enim

538 3930 657 3998 spei
700 3927 946 3997 neglexit
978 3928 1185 3983 donum
1223 3928 1401 3999 ipsius
1432 3927 1562 3982 doni
1591 3935 1809 3981 auctor.
1850 3926 1941 3980 Sic
1978 3942 2135 3980 nam-

536 4037 650 4090 que
700 4021 1250 4091 quiritantibus,'ac
1300 4021 1410 4075 Deo
1467 4020 1936 4090 supplicantibus,
1973 4020 2133 4074 ocius

540 4114 723 4167 adfuit
754 4129 862 4167 non
896 4113 1053 4167 tarda
1084 4113 1305 4168 virtus:
1346 4112 1538 4183 illique
1568 4113 1636 4167 ad
1679 4111 1900 4167 fructus
1931 4112 2135 4175 editio,-

540 4223 691 4269 nem,
726 4207 855 4261 huic
891 4206 955 4261 ad
997 4205 1211 4275 prolem
1254 4205 1671 4276 suscipiendam
1702 4204 1849 4261 vires
1885 4206 2129 4262 addidit:

542 4302 936 4369 hactenusque
972 4298 1199 4353 siccatis
1243 4298 1571 4368 genitalium
1614 4311 1951 4368 organorum
1984 4310 2137 4352 mea-

539 4390 713 4453 tibus,
757 4388 963 4443 inl‘uso'
992 4387 1351 4443 fecunditatis
1379 4387 1635 4449 humore,
1674 4403 1740 4442 ex
1785 4402 1892 4441 non
1919 4387 2135 4458 genita-

542 4482 714 4543 libus.
752 4480 1026 4551 genitales
1079 4470 1432 4537 ac'l'etiﬁcos
1487 4479 1770 4557 reddidit:
1826 4494 1893 4534 ac
1917 4480 2032 4549 jam
2065 4494 2132 4534 ex

2225 1992 2385 2057 Θεοῦ,
2416 1991 2713 2063 σωφρόνως
2747 1991 2846 2063 μὲν
2900 1991 3071 2062 βιοὺς,
3119 1991 3240 2063 Θεῷ
3265 1991 3323 2045 δὲ
3369 1991 3755 2062 προσκαρτερῶν,

2224 2082 2368 2135 οὕτω
2413 2082 2471 2137 δὲ
2500 2083 2785 2147 διατελῶν,
2813 2082 2981 2147 ἄπαις
3014 2084 3297 2154 κατεγήρα
3322 2082 3417 2136 τὸν
3459 2081 3565 2152 βίον
3583 2099 3596 2113 ·
3623 2083 3754 2150 ἀκμα-

2225 2173 2429 2244 ζούσης
2468 2175 2569 2243 τῆς
2600 2174 2850 2242 φύσεως,
2889 2174 3006 2229 ἀλλ’
3041 2175 3143 2226 οὐκ
3191 2174 3427 2245 ἐχούσης
3478 2174 3569 2228 τοῦ
3618 2174 3754 2242 γένους

2225 2268 2543 2338 ἀντίδωρον.
2599 2268 2769 2320 Ἀννα
2808 2267 2901 2320 καὶ
2932 2265 3071 2336 αὐτὴ
3104 2267 3374 2335 φιλόθεος,
3437 2268 3651 2338 σώφρων
3674 2267 3748 2336 μὲν,

2227 2359 2365 2414 ἁλλά
2394 2362 2586 2431 στείρα
2606 2375 2619 2388 ·
2654 2358 2975 2430 φίλανδρος,
3034 2359 3152 2413 ἀλλ’
3182 2359 3413 2425 ἄτεκνος
3437 2374 3451 2389 ’
3501 2360 3589 2413 καὶ
3624 2358 3746 2429 μηδὲν.

2227 2453 2308 2505 ὅτι
2342 2452 2483 2523 πλὴν
2515 2452 2606 2505 τὸν
2630 2452 2796 2521 νόμον
2843 2450 3052 2521 Κυρίου
3083 2454 3274 2522 τιμᾷν,
3329 2451 3671 2523 ἐμμελέτημα
3687 2451 3743 2519 φέ-

2230 2563 2417 2616 ρουσα.
2451 2543 2598 2615 Αὕτη
2630 2545 2730 2613 τῆς
2752 2542 3095 2613 στειρώσεως
3122 2545 3553 2615 περινυττομένη
3576 2544 3732 2606 τοῖςιέμ

2226 2654 2379 2709 τροις
2424 2635 2738 2707 ὁσημέραι,
2804 2637 2899 2690 καὶ
2952 2630 3043 2691 οἷα
3074 2637 3307 2708 πάσχειν
3362 2638 3461 2697 τὰς
3495 2634 3737 2694 citam-3:1;

2228 2730 2396 2794 εἰκὸς,
2452 2729 2781 2802 ἐδυσψόρει,
2835 2731 3053 2799 ἠνιᾶτο,
3088 2729 3364 2802 ήσχαλλε,
3422 2729 3519 2801 τὴν
3568 2726 3747 2784 ἀπαιδίαν

2226 2826 2289 2879 οὐ
2343 2825 2607 2896 φέρουσα.
2644 2822 2804 2878 Οὕτω
2833 2823 2890 2877 δὲ
2920 2824 3069 2899 λύπῃ
3120 2825 3523 2896 κατεσχημένοι
3566 2820 3751 2888 Ἰωαιιεὶμ

2229 2919 2325 2972 καὶ
2355 2917 2624 2981 σύνοικος,
2677 2916 2760 2970 ὅτι
2790 2916 2867 2987 μὴ
2912 2918 3040 2980 παῖς
3079 2916 3223 2987 ὑπῆν
3252 2918 3490 2981 ἐκείνοις
3519 2914 3604 2970 τοῦ
3626 2914 3756 2983 γένους

2229 3010 2543 3080 ἐπίκουρος,
2580 3008 2720 3071 τέως
2756 3008 2854 3078 μὲν
2885 3006 2986 3077 τῆς
3006 3007 3222 3072 ἐλπίδος
3251 3009 3444 3072 αὐτοῖς
3466 3009 3562 3062 οὐκ
3588 3001 3759 3058 ἀπεσθέ-

2231 3101 2332 3173 σθη
2369 3102 2587 3165 τελείως
2631 3102 2665 3172 ἠ
2715 3099 3005 3172 θρυαλλίς·
3043 3101 3178 3171 εὐχὴ
3212 3100 3270 3154 δέ
3300 3095 3375 3172 ἦν
3406 3095 3756 3171 ἀμφοτέρωθεν.

2232 3193 2644 3266 παρασχεθῆναι
2675 3191 2865 3246 τέκνον
2889 3191 3076 3256 αὐτοῖς
3108 3193 3189 3255 είς
3224 3192 3527 3247 ἀνάστασιν
3570 3190 3760 3259 σπέρμα·

2230 3300 2344 3346 τος.
2384 3282 2488 3334 Καὶ
2518 3281 2582 3352 δὴ
2613 3281 2713 3353 τὴν
2758 3281 3090 3346 ἐξάκουστον
3139 3284 3348 3336 Ἀνναν
3387 3278 3763 3355 παραζηλοῦντες

2232 3378 2507 3447 ἑκάτεροι,
2541 3373 2619 3446 τῷ
2651 3373 2782 3447 ἱερῷ
2815 3376 3203 3446 προσανεῖχονο
3250 3375 3434 3440 λιταῖς
3466 3392 3524 3428 τε
3561 3375 3637 3428 τὸν
3669 3369 3763 3423 Otii

2233 3467 2629 3539 ἐξεμείλισσον,
2652 3466 2838 3521 δοῦναι
2862 3467 3018 3520 λύσιν
3041 3470 3106 3537 τῇ
3136 3467 3392 3539 ἀτεκνίᾳ,
3415 3469 3508 3523 καὶ
3532 3464 3707 3537 καρπὸν
3719 3462 3764 3530 τῇ

2234 3557 2540 3630 στειρὼσει,
2575 3560 2624 3612 οἳ
2654 3559 2716 3613 οὐ
2762 3560 3032 3631 πρότερον
3059 3560 3293 3629 ἀνῆκαν,
3357 3561 3486 3632 πρὶν
3511 3558 3599 3614 τοῦ
3622 3555 3765 3610 meo».

2238 3651 2399 3720 μένου
2430 3650 2657 3721 τύχωσι.
2690 3651 2801 3704 Καὶ
2819 3650 2884 3721 δὴ
2911 3651 3006 3704 καὶ
3034 3652 3437 3722 τετυχήκασιν.
3466 3652 3538 3706 Οὐ
3565 3650 3657 3720 γὰρ
3680 3643 3767 3717 μιθ-

2230 3747 2333 3816 ἦκε
2362 3746 2460 3815 τῆς
2489 3744 2704 3809 ἐλπίδος
2741 3745 2802 3797 τὸ
2824 3743 2999 3815 δῶρον
3023 3745 3051 3797 ὁ
3083 3743 3181 3796 τοῦ
3224 3742 3409 3816 δώρου
3443 3742 3615 3813 δοτήρ.
3658 3735 3769 3792 Οὕτω

2234 3837 2346 3907 γὰρ
2397 3835 2791 3907 ποτνιωμένοις
2818 3834 2915 3887 καὶ
2965 3833 3260 3904 λιπαροῦσι
3312 3836 3381 3891 τὸ
3405 3835 3585 3897 Θεῖον,
3616 3829 3767 3893 ἐπέστη

2236 3930 2431 3993 θᾶττον
2460 3928 2648 3992 αὐτοῖς
2673 3928 2705 3998 ἡ
2735 3927 2810 3998 μὴ
2840 3924 3177 3997 βραδύνουσα
3195 3924 3433 3998 δύναμις
3451 3942 3465 3956 ·
3500 3927 3587 3978 καὶ
3607 3921 3683 3975 τὸν
3703 3916 3770 3988 μὲν

2235 4023 2317 4084 είς
2346 4022 2740 4093 καρπογονίαν,
2772 4020 2873 4089 τὴν
2904 4017 2959 4069 δὲ
3009 4019 3090 4081 είς
3133 4016 3486 4071 παιδοποιίαν
3528 4013 3768 4082 ὲνεύρωσε·

2236 4113 2478 4176 καὶτοὺς
2500 4111 2919 4183 ἐξηραμμένους
2940 4111 3080 4175 τέως
3107 4109 3217 4164 τῶν
3228 4108 3562 4181 γεννητικῶν
3583 4103 3772 4176 ὀργάνων

2238 4208 2463 4277 πόρους,
2498 4205 2691 4275 ίκμάσι
2716 4205 3123 4275 σπερμογονίας
3148 4205 3489 4269 ἐπινοτίσας,
3520 4198 3573 4264 ἐξ
3614 4195 3772 4263 ἁγίννων

2235 4301 2495 4372 γονίμους
2538 4300 2857 4369 εἰργάσατο.
2893 4297 3003 4351 Καὶ
3056 4297 3121 4368 δὴ
3159 4296 3353 4350 λοιπὸν
3391 4296 3449 4363 ἐξ
3476 4294 3710 4364 ἀκάρπων
3734 4298 3772 4335 τε

2237 4394 2333 4448 καὶ
2361 4393 2563 4463 ξηρῶν,
2591 4391 2667 4455 ὡς
2698 4390 2757 4455 ἐξ
2777 4388 3024 4459 ἐνύγρων
3054 4388 3230 4454 ξύλων
3257 4387 3470 4457 καρπὸς
3498 4380 3717 4448 εὐκλεὴς,
3749 4373 3771 4437 ἡ

2238 4486 2584 4555 πανάμωμος
2634 4480 2773 4552 αὕτη
2806 4480 3088 4552 Παρθένος
3118 4481 3251 4551 ἡμῖν
3282 4478 3653 4544 egestam”.
3697 4464 3774 4555 KG}

543 4572 865 4629 infccundis
913 4573 1337 4642 arcntibusque,
1395 4587 1495 4627 ceu
1533 4554 1765 4642 irriguis
1807 4571 2127 4632 arboribus,

2236 4554 2426 4630 λέλυτο
2452 4574 2517 4645 δὴ
2560 4572 2632 4627 τὰ
2658 4573 2836 4645 δεσμά
2871 4573 2972 4643 τῆς
3007 4569 3379 4643 στειρώσεως,
3409 4569 3501 4623 καὶ
3528 4565 3720 4635 γόνιμος
3752 4554 3772 4621 ἡ

543 4680 851 4735 generosus
900 4665 1063 4721 nobis
1103 4663 1322 4720 fructus
1363 4663 1536 4734 Virgo
1577 4664 1694 4718 lucc
1730 4664 2134 4719 immaculatis-

544 4758 689 4811 sima
759 4757 1109 4827 germinavit.
1181 4757 1324 4812 Sunt
1373 4755 1553 4811 soluta
1628 4754 1951 4809 sterilitatis
2009 4756 2135 4810 vin-

2239 4668 2376 4739 εὐχὴ
2415 4665 2545 4737 παρ’
2577 4665 2801 4731 ἐλπίδας
2829 4665 3125 4731 ἐδείκνυτο,
3158 4664 3255 4718 καὶ
3282 4660 3592 4721 παιδοτόκος
3622 4657 3651 4725 ή
3676 4651 3770 4717 ἄτθ’

2243 4778 2356 4824 νος,
2381 4758 2476 4813 καὶ
2505 4755 2797 4820 καλλίπαις
2831 4758 2867 4829 ἡ
2898 4758 3145 4821 ἄτεκνος.

545 4857 702 4918 cuia,
744 4870 809 4909 ac
846 4865 1046 4926 printer
1093 4870 1244 4923 spem
1278 4854 1464 4911 oratio
1508 4852 1773 4925 genitalis
1816 4854 2117 4933 apparuit:
2158 4855 2607 4928 infecundaquc,
2663 4846 2838 4927 prolis
2890 4870 3126 4926 parens,
3192 4871 3258 4911 ac
3307 4853 3436 4909 ﬁliis
3476 4849 3620 4910 orba,
3676 4849 3769 4910 pr0'

547 4951 653 5004 lcnt
688 4948 920 5005 habens.

617 5040 889 5108 Quoniam
928 5050 1113 5096 autem
1141 5057 1206 5095 ex
1258 5039 1562 5095 infecunda
1620 5049 1794 5094 matre
1830 5039 2135 5108 prodierat,

544 5149 612 5189 cx
669 5132 828 5202 cujus
858 5134 1023 5187 vulva
1063 5133 1500 5187 immortalitatis
1554 5132 1709 5202 spica
1746 5132 1971 5201 prodiit,
2016 5148 2135 5191 eam

544 5235 808 5300 piretttcs
849 5241 976 5280 cum
1043 5226 1282 5294 primum
1348 5223 1574 5280 ﬂoreret
1612 5225 1795 5280 aetatis
1839 5224 2051 5289 liorem,
2082 5228 2135 5283 in

539 5320 810 5391 templum
837 5320 1059 5373 ductam
1085 5316 1194 5372 Deo
1218 5318 1509 5372 donarium
1555 5315 1831 5373 fecerunt.
1875 5318 1926 5375 Is
1952 5329 2133 5374 autem

539 5415 636 5480 qui
688 5410 745 5465 id
796 5411 1065 5479 temperie
1116 5409 1418 5466 sacerdotii
1467 5411 1767 5480 peragebat
1822 5410 2019 5474 vicem,
2077 5419 2136 5465 ut

546 5516 659 5557 ιιιιιι
690 5503 1055 5573 praeeuntium
1096 5510 1211 5554 tum
1271 5516 1413 5571 pone
1458 5500 1813 5572 sequentium
1855 5501 2133 5571 virginum

541 5594 684 5650 vidit
724 5594 992 5663 tripudia,
1033 5591 1258 5662 gavisus
1285 5602 1393 5654 ρει,
1442 5605 1510 5645 ac
1561 5590 1860 5661 plurimum
1890 5592 2133 5645 CXStlila-

541 5690 641 5749 vit,
695 5687 845 5744 velut
905 5686 996 5755 qui
1022 5701 1218 5741 eorum
1252 5700 1375 5753 qua:
1418 5693 1611 5739 essent
1652 5685 1703 5738 in
1751 5699 1869 5755 spe,
1906 5684 2135 5741 divinos

542 5782 917 5855 jatngcventus
948 5779 1206 5834 manifest
1222 5794 1275 5835 )s
1305 5781 1577 5850 aspiceret
1616 5795 1629 5831 :
1667 5794 1768 5833 nec
1800 5779 1961 5831 aliter
1992 5777 2134 5832 divi-

539 5886 679 5929 num
737 5869 848 5927 Deo
903 5871 1223 5934 donarium,
1288 5888 1353 5925 ac
1386 5870 1840 5939 acceptissimum
1878 5871 2136 5941 dignant-

2324 5037 2544 5110 Ἐπειδὴ
2566 5037 2624 5092 δὲ
2658 5038 2935 5110 προῆλθεν
2975 5039 3038 5091 ἐκ
3075 5038 3174 5110 τῆς
3223 5038 3421 5107 ἀγόνου
3469 5032 3652 5105 μητρὸς
3678 5030 3703 5099 ἦ
3726 5028 3769 5077 ἐκ

2243 5133 2459 5206 μήτρας
2509 5133 2605 5185 τὸν
2664 5133 2870 5203 στάχυν
2925 5132 3026 5202 τῆς
3076 5130 3386 5203 ἀφθαρσίας
3416 5115 3770 5197 ἐκφύσασα,τῷ

2239 5225 2354 5296 ναῷ
2405 5225 2636 5294 ταύτην,
2697 5225 2797 5295 τῆς
2854 5224 3074 5295 ἡλικίας
3096 5224 3160 5277 τὸ
3185 5223 3402 5295 πρῶτον
3453 5222 3671 5287 ἄγουσαν
3700 5210 3768 5264 ἇν-

2242 5318 2367 5385 θος,
2415 5320 2464 5371 οἱ
2506 5318 2761 5381 τεκόντες
2825 5318 3277 5388 προσαγαγόντες
3351 5313 3617 5368 ἀνέθεσαν.
3652 5297 3768 5364 Ἦςό

2241 5409 2342 5477 τὴν
2399 5408 2713 5480 ἐφημερίσιν
2740 5408 2862 5461 τότε
2893 5407 2990 5479 τῆς
3027 5408 3303 5479 ἱερατείας
3338 5402 3590 5460 ἐπιτελῶν
3614 5394 3765 5466 ἱερεὺς.

2243 5503 2342 5564 τὰς
2402 5490 2746 5572 παρθενικὰς
2784 5499 2859 5563 ὡς
2895 5497 3005 5553 εἶδε
3049 5501 3269 5570 χορείας
3325 5495 3638 5566 ἐπίπροσθεν
3667 5498 3767 5553 προ-

2245 5592 2624 5663 πορευομένας
2667 5609 2727 5645 τε
2771 5591 2865 5645 καί
2902 5595 3382 5663 συνεφεπομένας,
3437 5586 3568 5660 ἥσθη
3616 5597 3663 5634 τε
3700 5574 3765 5627 καὶ

2241 5686 2366 5739 λίαν
2397 5684 2770 5755 ἐγεγὴθει,ὼς
2793 5684 2903 5738 τῶν
2938 5687 2997 5737 ἐν
3024 5684 3201 5738 ἐλπίδι
3229 5684 3327 5756 ἤδη
3360 5682 3457 5745 τὰς
3486 5678 3622 5737 θείας
3650 5672 3766 5756 3"“?

2230 5781 2358 5846 ’γεῖς
2406 5777 2665 5843 ἐκϐάσεις
2714 5777 3055 5847 τεθεαμένας
3077 5793 3090 5805 ⁸
3123 5777 3217 5830 καὶ
3240 5770 3349 5828 οἶόν
3384 5791 3437 5827 τι
3469 5764 3643 5823 σεπτὸν

2241 5872 2504 5944 λιέρημα,
2536 5870 2595 5923 τὸ
2631 5870 2773 5924 θεῖον
2831 5869 3091 5941 ἀνάθημα
3113 5868 3191 5940 τῷ
3214 5865 3332 5935 Θεῷ
3360 5861 3684 5934 καθιέρωσεν,
3703 5842 3761 5903 ⁵ίῖ
