3966 6464
247 499 346 564 ΒΠ

1276 503 1358 563 IN
1386 496 1913 563 NATIVITATEM
1955 500 2023 561 Β.
2065 499 2356 561 MARUE.
2400 502 2452 562 Ῑ.

3416 491 3522 551 818

244 614 378 669 αντα
405 612 473 666 τὰ
509 611 620 666 τῶν
650 612 825 682 ἁγίων
886 613 1054 667 ἄδυτα
1108 613 1268 667 τοῦτο
1303 614 1365 667 τὸ
1391 616 1535 684 μέγα
1586 613 1686 682 τῆς
1723 630 1824 664 σω-

1946 628 2036 681 ιυο
2070 612 2429 666 veneratione
2456 609 2692 665 hostiam
2722 609 2934 673 litavit,
2969 621 3170 677 magno
3194 604 3299 659 hoc
3326 603 3527 659 salutis

244 707 432 778 τηρίας
466 705 824 778 θησαύρισμα
853 705 1231 776 καταθέμενος
1258 721 1271 734 ·
1308 708 1366 759 ὲν
1396 701 1478 769 οἷς
1505 706 1605 775 τὴν
1641 704 1828 768 παῖδα,

248 800 424 866 λόγοις
482 799 648 853 οἱονεὶ
710 797 979 869 θαλάμοις
1036 801 1332 868 νυμφικοῖς
1392 798 1829 869 ὲμϐατεύουσαν,

244 888 550 959 ἀμϐροσίαν
607 887 877 941 σιτεῖσθαι
935 887 1166 959 τροφὴν,
1208 886 1361 950 ἕωςό
1387 890 1484 958 τῆς
1535 887 1834 957 μνηστείας

243 982 439 1051 ἐπέστη
489 984 704 1049 καιρὸς,
747 980 807 1042 ὃς
884 979 992 1050 πρὸ
1053 980 1258 1043 παντὸς
1316 979 1513 1043 αἰῶνος
1575 979 1835 1048 διώριστο

242 1072 385 1143 αύτῷ
433 1089 492 1127 τε
519 1071 596 1143 τῷ
627 1072 686 1137 ἐξ
709 1073 883 1141 αὐτῆς
935 1072 1095 1142 φύντι
1122 1073 1189 1126 δι’
1220 1072 1628 1145 εύσπλαγχνίαν
1661 1072 1836 1144 ἄρρη-

243 1184 349 1228 τον,
408 1165 503 1219 καὶ
527 1164 607 1234 τῷ
640 1164 751 1235 πρὸ
810 1166 994 1235 πάσης
1055 1165 1287 1229 κτίσεως
1338 1168 1436 1218 καὶ
1481 1165 1679 1237 χρόνου
1740 1165 1834 1216 καὶ

244 1260 629 1327 διαστήματος,
662 1258 863 1320 θεῖκῶς
894 1258 1056 1313 αὐτόν
1087 1257 1346 1328 φύσαντι,
1386 1259 1479 1311 καὶ
1501 1256 1578 1327 τῷ
1596 1257 1837 1330 συμφυεῖ

247 1356 332 1408 καὶ
386 1351 667 1424 συνθρόνῳ
693 1352 786 1404 καὶ
848 1349 1220 1424 προσκυνητῷ
1275 1351 1443 1405 αύτοῦ
1501 1349 1784 1420 Πνεύματι
1818 1365 1832 1380 ⁸

251 1440 316 1500 ὧν
339 1446 413 1507 ὼς
439 1444 541 1514 μία
566 1444 783 1515 θεότης,
807 1444 980 1507 οὕτως
1011 1447 1106 1498 καὶ
1136 1444 1303 1512 φύσις
1353 1444 1450 1497 καὶ
1478 1441 1727 1511 βασιλεία
1757 1442 1836 1514 μὴ

251 1537 599 1609 μεριζομένη,
673 1536 810 1606 μηδὲ
847 1536 1399 1608 ἁπαλλοτριουμὲνη,
1431 1534 1569 1605 μηδέ
1591 1535 1696 1588 τινί
1733 1551 1835 1586 που

251 1633 373 1704 πρδς
433 1629 634 1699 ἑαυτὴν
686 1627 1106 1694 διαλλάττουσα,
1153 1628 1295 1699 πλὴν
1329 1630 1396 1701 τῇ
1430 1628 1539 1680 τῶν
1589 1625 1837 1698 ἀρχικῶν

253 1723 593 1775 ὑποστάσεων
622 1721 873 1792 ἰδιότητι.
904 1720 1004 1774 Δια
1056 1721 1220 1774 τοῦτο
1257 1719 1501 1791 χορεύων
1526 1716 1833 1787 πανηγυρί-

254 1809 323 1870 ζω
352 1809 443 1861 καὶ
474 1807 812 1878 σπένδομαι·
858 1808 955 1862 καὶ
980 1812 1047 1879 τῇ
1077 1811 1267 1879 Μητρὶ
1299 1809 1395 1861 τοῦ
1425 1807 1601 1876 Λόγου
1662 1822 1834 1876 προσ-

254 1902 360 1967 άγω
381 1901 550 1969 δῶρον
584 1901 792 1971 ὲόρτιον
820 1940 835 1964 ,
862 1902 946 1953 ὅτι
988 1917 1078 1971 μοι
1114 1900 1216 1970 τῆς
1250 1903 1330 1965 είς
1362 1900 1569 1971 Τριάδα
1600 1899 1837 1963 πίστεως

1938 705 2202 760 thesauro
2264 704 2322 757 in
2361 702 2497 773 ipsis
2538 711 2864 758 sanctorum
2912 697 3297 771 penetralibus
3357 696 3526 766 depo-

1936 796 2046 851 sito
2083 834 2100 857 ,
2130 793 2224 849 ubi
2256 793 2441 864 puella
2471 792 2848 861 sermonibus,
2895 806 2996 846 ceu
3041 786 3407 860 sponsalibus
3439 785 3527 839 in-

1936 886 2229 941 ambulans
2293 885 2576 951 thalamls,
2628 883 2910 938 ambrosia
2980 888 3307 952 pasceretur
3369 891 3522 940 esca,

1939 998 2113 1052 usque
2146 984 2272 1037 dmn
2303 981 2549 1036 venisset
2569 978 2878 1038 .deiinitum
2916 986 3043 1030 ante
3071 972 3332 1030 smeulum
3360 981 3527 1024 omne

1938 1075 2184 1146 conjugii
2221 1082 2477 1144 tempus;
2517 1084 2631 1125 tum
2668 1071 2793 1140 ipsi,
2843 1068 2941 1139 qui
2981 1084 3048 1124 ex
3082 1082 3168 1131 ea,
3202 1061 3523 1120 miscricor-

1938 1168 2031 1222 dia
2066 1165 2430 1222 inenarrabili
2471 1173 2637 1219 natus
2664 1171 2772 1226 est,
2806 1171 2922 1216 tum
2960 1160 3011 1215 ei
3049 1158 3144 1229 qui
3174 1156 3361 1212 divine
3395 1159 3521 1206 ante

1938 1268 2187 1315 creatum
2216 1272 2383 1313 omne
2413 1263 2470 1310 et
2495 1263 2715 1325 tempus
2733 1263 2789 1308 et
2817 1251 3081 1321 spatium,
3104 1249 3285 1318 ipsum
3307 1243 3522 1315 genuit,

1939 1359 2056 1405 tum
2079 1356 2321 1418 cognato
2351 1338 2656 1415 eaiquue
2692 1343 2824 1399 sede
2849 1340 3169 1396 considente
3191 1352 3256 1391 ac
3279 1333 3524 1389 adoran-

1938 1445 2009 1499 do
2040 1442 2165 1511 ejus
2213 1439 2477 1509 Spiritui;
2514 1451 2750 1508 quorum
2786 1434 2941 1491 sicut.
2984 1446 3092 1486 una
3131 1427 3417 1490 divinitas,
3449 1424 3527 1478 ita

1939 1543 1994 1589 et
2034 1541 2232 1587 natura
2269 1539 2324 1585 et
2351 1544 2617 1600 regnum;
2651 1526 2799 1582 nulla
2833 1521 3125 1587 divisione,
3175 1532 3356 1587 neque
3390 1514 3529 1569 aba-

1939 1626 2240 1681 lienatione
2286 1623 2466 1677 aliave
2522 1618 2858 1680 differentia,
2913 1618 3143 1694 excepta
3181 1622 3346 1680 quam
3375 1606 3530 1677 prin-

1938 1719 2123 1789 cipum
2179 1718 2559 1790 hypostaseon
2622 1709 2940 1783 proprietas
2996 1704 3153 1760 facit.
3229 1702 3527 1770 Propterea

1941 1811 2188 1882 tripudio
2221 1810 2423 1865 festum
2457 1820 2561 1877 ago
2580 1813 2748 1874 atque
2781 1799 3020 1863 delibor,
3061 1794 3343 1863 Verbique
3367 1790 3530 1845 matri

1938 1906 2108 1959 oﬂ‘ero
2151 1903 2412 1959 festivum
2455 1913 2683 1963 munus,
2719 1904 2908 1965 utpote
2938 1892 3103 1962 cujus
3145 1887 3276 1942 mihi
3321 1885 3526 1955 proles,

259 1994 313 2045 τὺ
344 1993 639 2062 κεφάλαιον
672 1993 701 2045 ὁ
734 1995 896 2056 τόκος
949 1991 1159 2063 ταύτης
1228 1991 1514 2062 ἐγνώρισε.
1573 1990 1681 2044 Τοῦ
1727 1992 1838 2062 γὰρ

1946 1997 2085 2068 quod
2115 1994 2241 2051 fidei
2274 1992 2563 2048 Trinitatis
2583 1984 2859 2059 caput‘est
2892 1992 3081 2040 notum
3107 1981 3323 2036 fecerit.
3345 1977 3529 2053 Verbo
3587 2034 3591 2041 ,

255 2086 484 2154 ἁνὰρχου
512 2086 684 2153 Λόγου
739 2086 833 2138 καὶ
859 2084 990 2138 Υίοῦ
1022 2083 1121 2155 τὴν
1164 2084 1371 2137 οἰκείαν
1438 2083 1715 2153 σάρκωσιν
1744 2083 1840 2136 αύ-

260 2177 614 2246 τουργτιῦντος,
636 2175 774 2229 καὶὸ
796 2178 1063 2247 γεννήσας
1094 2175 1287 2246 Πατὴρ
1347 2174 1684 2228 συνευδοκῶν
1715 2176 1840 2243 φαί-

266 2285 429 2331 νεται,
483 2268 573 2320 καὶ
611 2267 667 2321 τὸ
691 2266 917 2337 Πνεῦμα
972 2267 1034 2321 τὸ
1099 2267 1259 2335 ἅγιον
1318 2265 1686 2339 προοπηδοῠν,
1745 2265 1842 2320 καὶ

269 2362 359 2428 τὴν
422 2360 574 2431 νηδὺν
630 2360 862 2429 ἁγιάζον
927 2362 1023 2432 τῆς
1066 2360 1443 2431 συλλαϐούσης
1476 2361 1538 2415 τὸ
1567 2360 1840 2431 ἀκαταλη-

271 2472 407 2507 πτον.

322 2545 456 2597 Ἀλλ’
477 2544 596 2618 ὥρα
620 2545 718 2601 νῦν
741 2548 834 2602 τὸν
861 2548 1028 2602 Δα6“ιδ
1060 2549 1341 2619 ἐρωτῆσαι
1375 2565 1388 2579 ·
1423 2548 1478 2601 τί
1501 2547 1636 2619 πρὸς
1677 2546 1841 2600 αὐτὸν

257 2640 452 2690 ἐκεῖνον
473 2640 501 2692 ὀ
534 2639 646 2692 τῶν
674 2640 812 2694 ὅλων
868 2642 1092 2712 διομνῦς
1114 2640 1219 2709 ἔφη
1249 2641 1388 2706 Θε-ός
1413 2659 1436 2709 ';
1478 2642 1615 2710 Ἀγε
1650 2639 1716 2710 δὴ
1747 2635 1841 2695 οὖν

255 2726 561 2799 ὑμνογρᾶφε
597 2747 611 2761 ·
648 2731 723 2786 ἴθι
774 2734 1032 2804 προφῆτα
1065 2751 1080 2765 ο
1130 2734 1355 2787 τίνασσε
1409 2733 1510 2805 τὴν
1553 2733 1838 2804 κιννύραν,

255 2821 384 2875 κίνει
416 2821 475 2875 δὲ
504 2824 574 2876 τὰ
610 2825 936 2896 κρούσματα
963 2841 980 2857 ο
1012 2825 1139 2894 λέγε
1164 2825 1402 2897 τρανῶς,
1422 2827 1478 2880 τί
1506 2843 1589 2880 σοι
1644 2825 1829 2897 ὤμοσε

254 2911 488 2983 Κύριοςς
516 2914 583 2967 Τί
641 2933 732 2986 μοι
774 2915 961 2987 ὤμοσε
1001 2917 1241 2990 Κύριοςς
1287 2918 1383 2972 Ἐκ
1438 2916 1677 2985 καρποῦ
1731 2916 1843 2985 τῆς

253 3004 477 3071 ὀσφύος
497 3022 620 3073 μου
643 3006 862 3073 θήσειν
886 3007 985 3061 ἐπὶ
1013 3007 1122 3061 τὸν
1146 3009 1365 3075 θρόνον
1376 3023 1517 3076 μου.
1550 3005 1721 3059 Τοῦτό
1750 3024 1841 3075 μοι

254 3095 448 3165 ὤμοσε,
486 3099 581 3150 καὶ
625 3100 728 3153 οὐκ
780 3100 1072 3171 ἠθέτησεν.
1113 3101 1342 3171 Ὤμοσε,
1396 3099 1632 3161 καὶτοῖς
1658 3099 1842 3170 ἔργοις

254 3190 368 3252 τοὺς
386 3190 584 3258 λόγους
602 3192 962 3261 ἐσφράγισεν.
988 3192 1190 3257 ’Ἀπαξ
1216 3191 1446 3261 ὤμοσα,
1470 3191 1654 3260 φησὶν,
1676 3192 1745 3246 ἐν
1762 3190 1842 3256 τῷ

252 3282 385 3350 ἁγίῳ
426 3300 568 3347 μου,
604 3285 658 3337 el
686 3280 766 3350 τῷ
789 3284 968 3338 Δαϐὶδ
998 3285 1307 3354 ψεύσομαι
1333 3300 1354 3348 ;
1376 3284 1441 3338 τὸ
1461 3283 1704 3353 σπέρμα
1735 3285 1842 3337 αὐ-

250 3374 346 3429 τὸῡ
361 3375 545 3444 μενεῖ
595 3379 685 3441 είς
715 3377 823 3430 τὸν
847 3376 1057 3443 αἰῶνα,
1082 3378 1181 3431 καί
1225 3380 1259 3431 ό
1285 3378 1502 3445 θρόνος
1526 3374 1738 3440 αὑτοῦ,
1761 3375 1844 3445 ὡς

248 3468 415 3536 ἥλιος
473 3468 761 3524 ἐναντίον
786 3486 927 3538 μου,
962 3472 1059 3523 καὶ
1097 3471 1178 3535 ὡς
1206 3471 1245 3539 ἡ
1271 3467 1509 3535 σελήνη
1572 3484 1847 3537 κατηρτι-

242 3561 436 3632 σμένη
471 3564 557 3629 εἰς
577 3562 686 3616 τὸν
704 3562 921 3618 αἰῶνα·
945 3563 1044 3617 καὶ
1078 3563 1110 3615 ό
1127 3560 1363 3631 μάρτυς
1386 3561 1455 3613 ἐν
1479 3557 1718 3628 οὐρανῷ
1746 3575 1843 3614 πι-

245 3656 411 3719 στός.
443 3653 635 3707 Ταῦτα
655 3652 995 3724 ὀμωμοκὼς,
1020 3651 1424 3725 ὲξεπλήρωσενο
1452 3651 1715 3706 ἀδύνατον
1732 3653 1844 3724 γὰρ

241 3745 556 3814 ψεύσασθαι
584 3745 740 3799 Θεόν.
766 3745 903 3799 Ἰδοὺ
927 3746 992 3816 δὴ
1015 3742 1108 3799 οὖν
1137 3746 1324 3816 ὁρᾶτε,
1344 3743 1488 3798 κατὰ
1507 3746 1689 3814 σάρκα
1705 3745 1844 3815 Χριν-

243 3839 367 3901 στὸς
398 3838 544 3908 ἐμὸς
583 3838 702 3902 Υἱὸς
729 3841 1139 3910 κηρυττόμενος
1159 3855 1172 3868 ·
1209 3839 1305 3893 καὶ
1343 3837 1550 3909 Κύριος
1579 3838 1713 3910 ἐμὸς
1748 3839 1846 3893 καὶ

243 3933 368 3998 Υἱὸς
395 3934 879 4005 προσκυνούμενος
907 3932 1117 4006 ᾅδεται,
1140 3933 1237 3987 καὶ
1267 3933 1449 3987 πάντα
1461 3933 1535 3985 τὰ.
1548 3932 1678 4003 ἔθνη
1696 3930 1846 4003 αύτῷ

240 4029 581 4098 προσκυνεῖο
617 4026 786 4097 ὁρῶσι
820 4029 930 4098 γὰρ
957 4026 1122 4081 αὐτὸν
1150 4025 1506 4096 παρθενικοῖς
1533 4024 1843 4095 ὲνθρονιζό-

243 4136 401 4189 μενον
430 4118 671 4190 θρόνοις.
691 4119 823 4173 Ἰδοὺ
848 4119 945 4173 καὶ
965 4122 1000 4189 ἡ
1024 4118 1309 4190 Παρθένος
1341 4116 1515 4188 αὕτη,
1548 4117 1658 4170 τῶν
1683 4120 1716 4189 ἡ
1727 4120 1844 4189 μῶν

240 4208 363 4277 ἄρτι
384 4209 586 4280 μηρῶν
613 4209 778 4276 ἐξέφυ
799 4225 813 4241 ο
842 4205 910 4282 ἧς
946 4211 1010 4263 ἐκ
1036 4208 1229 4278 νηδύος
1247 4210 1274 4262 ὁ
1296 4207 1403 4280 πρὸ
1429 4206 1666 4273 αἰώνων,
1707 4210 1845 4279 πρὸς

237 4299 313 4371 τῷ
351 4302 507 4355 τέλει
539 4300 647 4355 τῶν
677 4299 894 4354 αἰώνων
916 4301 1229 4373 σαρκωθεὶς
1264 4300 1626 4372 προελήλυθε.
1650 4302 1756 4354 ’καὶ
1782 4300 1845 4354 τὸ

237 4392 345 4445 τῶν
380 4390 605 4446 αἰώνων
652 4392 968 4446 ἀνεκαίνισε
1041 4392 1352 4464 σύγκριμα.
1386 4394 1500 4446 Καὶ
1531 4392 1709 4446 ταῦτα
1743 4394 1843 4463 μὲν

236 4483 434 4548 οὕτως.
483 4482 675 4553 Ἡμεῖς
697 4482 777 4551 δὲ,
808 4486 836 4538 ό
875 4482 970 4537 τοῦ
1033 4484 1172 4538 Θεοῦ
1217 4483 1370 4548 λαὸς,
1430 4484 1606 4554 δῆμος
1663 4484 1841 4553 ἅγιος,

240 4576 504 4648 σύστημα
537 4576 703 4648 ἱερὸν,
738 4575 1090 4648 χορεύσωμεν
1123 4575 1354 4647 πάτρια,
1385 4576 1712 4647 τιμήσωμεν
1747 4577 1843 4630 τοῦ

1941 2091 2088 2147 enim
2120 2098 2333 2143 aeterno
2371 2095 2427 2141 et
2464 2084 2603 2139 Filio
2650 2096 2808 2137 suam
2843 2078 2950 2134 sibi
2975 2075 3253 2133 fortnante
3282 2085 3335 2128 et
3365 2087 3531 2126 assu-

1943 2192 2129 2236 mente
2161 2192 2409 2242 carnem,
2446 2177 2614 2231 etiam
2651 2175 2816 2229 Pater
2845 2172 2939 2242 qui
2973 2168 3165 2241 genuit
3200 2164 3530 2221 manifesta-

1943 2277 2055 2334 tur,
2115 2278 2176 2323 ut
2211 2281 2319 2321 una
2360 2264 2721 2335 complacens
2753 2269 2838 2318 ,et
2886 2259 3153 2330 probans,
3195 2263 3250 2308 ct
3286 2250 3533 2320 Spiritus

1943 2372 2171 2418 sanctus
2209 2370 2270 2415 ut
2290 2371 2580 2415 assectans
2596 2355 2710 2427 (13)
2730 2367 3050 2422 comesque.
3075 2365 3140 2405 ac
3157 2348 3280 2417 ejus
3302 2359 3424 2414 quae
3447 2344 3532 2397 in-

1942 2451 2497 2525 comprehensibilem
2517 2457 2674 2505 utero
2692 2446 2902 2511 habuit,
2916 2442 3270 2500 sanctiﬁcans
3290 2446 3530 2491 uterum.

2019 2546 2219 2602 Verum
2284 2554 2504 2615 tempus
2568 2541 2733 2596 modo
2777 2545 2865 2594 est.
2904 2549 2963 2592 ut
2995 2533 3261 2588 Davidem
3296 2542 3534 2601 percon-

1943 2650 2145 2705 temur,
2190 2636 2329 2709 quid
2363 2636 2430 2691 ad
2476 2636 2662 2706 ipsum
2704 2648 2835 2687 cum
2863 2632 3189 2701 juramcnto
3222 2625 3371 2679 Deus
3405 2635 3535 2674 ont-

1947 2734 2097 2787 nium
2159 2730 2381 2786 dixerit.
2440 2729 2555 2798 Age
2613 2727 2803 2797 igitur,
2839 2723 3189 2778 canticorum
3243 2718 3534 2788 scriptor:
3595 2748 3601 2754 ο

1945 2831 2163 2889 adesto,
2203 2824 2472 2896 propheta
2500 2840 2515 2877 :
2544 2823 2686 2892 agita
2716 2821 2983 2891 pulsaquc
3019 2815 3289 2872 citharam
3321 2830 3337 2869 :
3375 2825 3536 2866 move

1944 2920 2159 2976 musica
2192 2920 2563 2972 instrumenta
2603 2929 2618 2966 :
2649 2913 2739 2968 dic
2782 2912 2988 2982 palam,
3022 2908 3156 2977 quid
3190 2907 3290 2961 tibi
3326 2903 3538 2973 iuravit

1945 3010 2257 3066 Dominus?
2301 3009 2446 3075 Quid
2493 3006 2632 3061 mihi
2679 3005 2891 3074 juravit
2931 3000 3233 3057 Dominus?
3261 2996 3333 3052 Ut
3371 3003 3536 3066 ponat

1944 3108 2011 3159 de
2049 3105 2231 3174 fructu
2265 3103 2433 3157 Ιιιηιὸἰ
2476 3102 2578 3156 mei
2606 3115 2765 3170 super
2810 3096 2984 3152 sedem
3020 3110 3215 3150 meam.
3256 3090 3371 3146 Hoc
3400 3088 3533 3144 mihi

1942 3198 2172 3268 juravit,
2230 3212 2335 3251 nec
2387 3195 2518 3250 fecit
2569 3194 2812 3248 irritum.
2846 3189 3070 3246 Jnravit
3133 3197 3537 3252 sermonesque

1947 3291 2212 3362 operibus
2279 3288 2595 3357 obsignavit
2637 3277 3257 3352 ﬁrmavitque:Semel,
3331 3275 3534 3343 inquit,

1939 3384 2124 3456 juravi
2190 3383 2243 3436 in
2303 3391 2492 3436 sancto
2546 3395 2683 3438 meo.
2724 3376 2771 3432 si
2810 3375 2985 3430 David
3035 3371 3312 3427 mentiar?
3347 3366 3536 3422 Semen

1946 3480 2059 3549 ejus
2099 3478 2156 3531 in
2199 3487 2459 3530 (uernum
2482 3471 2717 3527 manebit
2746 3486 2764 3524 :
2792 3478 2844 3525 et
2875 3469 3096 3522 thronus
3131 3464 3247 3533 ejus
3277 3462 3412 3515 sicut
3455 3462 3538 3515 sal

1947 3572 2001 3625 in
2063 3578 2341 3637 conspectu
2391 3582 2527 3632 meo,
2560 3574 2609 3619 et
2669 3564 2807 3619 sicut
2843 3562 2976 3615 luna
3003 3557 3243 3628 perfecta
3282 3555 3335 3607 in
3377 3559 3538 3607 aeter-

1948 3679 2111 3728 num;
2133 3672 2181 3717 et
2209 3662 2352 3716 testis
2375 3663 2427 3714 in
2454 3658 2582 3713 caelo
2600 3666 2620 3688 ⁶
2661 3656 2859 3727 ﬁdelis.
2881 3654 3208 3711 loramenta
3234 3647 3348 3702 haec
3372 3658 3541 3714 opere

1948 3755 2293 3826 adimplevit,
2330 3751 2554 3806 oracula
2594 3750 2715 3805 lnec
2747 3743 3102 3802 conﬁrmavit
3138 3757 3152 3809 ς
3192 3736 3538 3810 Impossibile

1947 3849 2087 3902 enim
2125 3857 2204 3900 est
2262 3840 2476 3897 mentiri
2513 3842 2685 3896 Deum
2717 3841 2787 3893 θ’.
2826 3836 2973 3893 Ecce
3014 3848 3148 3906 ergo
3183 3831 3398 3897 videte;
3440 3829 3537 3900 qui

1948 3938 2257 3995 secundum
2333 3949 2560 3990 carnem
2633 3932 2895 3987 Christus
2970 3942 3131 3983 meus
3199 3922 3542 3996 praedicatur

1950 4033 2121 4099 ﬁlius,
2173 4045 2331 4085 meus
2372 4028 2648 4085 Dominus
2702 4034 2759 4083 et
2788 4024 2966 4081 Filius
2998 4022 3222 4079 canitur
3247 4019 3539 4080 adoratus,

1949 4141 2193 4196 eumque
2243 4112 2479 4178 adorant
2521 4138 2715 4179 omnes
2754 4132 2947 4191 gentes
2982 4137 2996 4173 :
3025 4112 3216 4173 v'ident
3248 4114 3394 4170 enim
3424 4113 3541 4181 vir-

1947 4217 2225 4289 ginalibus
2277 4216 2611 4270 collocatum
2651 4213 2902 4269 sedibus.
2946 4211 3087 4264 Ecce
3130 4216 3186 4262 et
3227 4206 3385 4275 virgo
3422 4203 3542 4257 haec

1945 4327 2014 4367 ex
2065 4325 2191 4365 meo
2240 4307 2358 4377 jam
2400 4306 2608 4377 prodiit
2641 4314 2770 4360 nata
2838 4303 3072 4367 femore,
3110 4315 3177 4353 ex
3211 4297 3375 4367 cujus
3412 4295 3541 4349 alvo

1947 4399 2225 4470 processit
2279 4396 2507 4467 indutus
2539 4399 2591 4450 in
2649 4394 2757 4449 line
2785 4394 3115 4450 smculorum
3152 4403 3402 4451 carnem,
3444 4386 3542 4456 qui

1947 4503 2027 4548 est
2069 4500 2198 4547 ante
2238 4491 2465 4549 saecula.
2503 4488 2946 4557 saeculorumque
2969 4482 3256 4539 renovavit
3284 4478 3544 4535 coalitio-

1949 4601 2097 4640 nem.
2133 4584 2196 4638 Et
2242 4583 2359 4638 lnee
2387 4582 2609 4653 quidem
2650 4583 2748 4635 ita.
2782 4577 2897 4635 Nos
2927 4586 3112 4633 autem
3149 4575 3243 4630 Dei
3279 4572 3545 4643 pupulus,

242 4667 554 4740 μυστηρίου
577 4668 675 4740 τὴν
711 4669 976 4740 δύναμιν·
1009 4668 1241 4731 ἕκαστος
1285 4669 1428 4722 κατὰ
1461 4670 1521 4722 τὸ
1550 4668 1707 4722 δοθὲν
1738 4671 1837 4723 αὒ-

1949 4679 2104 4749 plobs
2133 4686 2348 4739 sancta,
2378 4691 2535 4731 sacer
2560 4681 2898 4737 conventus,
2931 4669 3175 4741 tripudio
3197 4666 3546 4723 celebremus
3578 4740 3583 4745 μ

238 4760 316 4830 τῷ
350 4762 633 4831 χάρισμα,
701 4762 1114 4831 συνεισφερέτω
1134 4762 1201 4831 τῇ
1239 4759 1552 4830 πανηγύρει
1614 4762 1843 4828 ἐπάξιον

240 4852 438 4921 δῶρον.
468 4853 808 4925 Οἱπατέρες,
840 4853 942 4925 τὴν
964 4853 1263 4924 εὐκληρίαν
1297 4853 1390 4907 τοῦ
1422 4840 1636 4921 γένους
1665 4855 1722 4907 αἱ
1739 4873 1845 4926 μη-

243 4944 402 5016 τέρες
441 4944 546 5013 τὴν
587 4944 873 4998 εὐτεκνίαν
905 4962 920 4976 ο
950 4945 1007 4997 αἱ
1038 4947 1272 5014 στεῖραι,
1330 4945 1428 5015 τῆς
1484 4945 1763 5015 ἁμαρτίας
1791 4947 1847 4999 τὸ

242 5036 441 5106 ἄγονον
469 5056 484 5069 ·
527 5039 583 5092 αἱ
612 5037 898 5110 παρθένοι,
936 5039 1037 5106 τὴν
1083 5037 1278 5106 διπλῆν
1342 5036 1632 5109 ἀφθορίαν,
1664 5038 1846 5109 ψυχῆς

243 5126 392 5196 λέγω
443 5128 541 5182 καὶ
584 5128 841 5198 σώματος
870 5147 882 5161 ·
908 5130 966 5182 αἱ
993 5129 1097 5181 ὑπὸ
1147 5128 1334 5195 ζυγὸν,
1404 5129 1506 5199 τὴν
1550 5130 1850 5200 ἐπαινετὴν

249 5222 623 5291 συμμετρίαν.
672 5220 742 5274 Εἴ
777 5237 861 5283 τις
907 5220 1093 5291 πατὴρ
1124 5221 1183 5273 ὲν
1215 5222 1369 5291 ὑμῖν,
1420 5222 1698 5291 μιμείσθω
1754 5223 1849 5277 τὸν

247 5312 351 5381 τῆς
377 5313 661 5383 Παρθένου
717 5313 957 5383 πατέρα.
1011 5312 1130 5366 Κᾶν
1180 5314 1350 5377 ἄπαις
1377 5309 1433 5387 ᾗ,
1464 5318 1725 5385 τρυγάτω
1753 5316 1848 5384 γό-

247 5418 411 5471 νιμον
438 5402 537 5473 τὴν
562 5403 750 5473 εὐχὴν,
781 5404 846 5455 ὲκ
871 5401 1126 5472 φιλοθέου
1182 5402 1296 5472 βίου
1344 5403 1551 5475 ταύτην
1601 5407 1849 5475 καρπού-

253 5512 441 5565 μενος.
488 5495 555 5548 Ei
614 5512 698 5559 τις
759 5497 942 5566 μήτηρ
1001 5495 1330 5565 θηλαζουσα,
1393 5498 1740 5567 συγχαιρέτω
1779 5501 1842 5571 τῇ

329 5644 351 5673 ε
377 5633 529 5689 Psal.
568 5651 831 5700 vaxvm,
878 5635 1041 5690 56-58
1085 5680 1098 5692 .
1179 5641 1223 5675 θ’
1256 5635 1419 5691 Hebr.
1456 5654 1533 5699 vi,
1578 5640 1662 5691 l8.

1955 4776 2182 4837 paterna
2218 4783 2230 4818 :
2267 4765 2373 4818 vim
2423 4764 2673 4835 mysterii
2726 4763 3113 4817 honorcmns:
3156 4757 3391 4829 quisque
3444 4769 3546 4824 pro

1954 4874 2222 4914 concessa
2295 4859 2472 4927 gratia
2548 4872 2855 4926 congruum
2934 4851 3267 4909 solentnitati
3340 4861 3544 4902 munus

1955 4955 2228 5011 conferat.
2261 4954 2455 5008 Patres
2489 4954 2707 5023 generis
2742 4949 3062 5004 felicitatem
3103 4964 3115 4999 :
3158 4956 3383 5005 inatrcs,
3408 4941 3547 4995 libe-

1957 5064 2145 5102 rorum
2214 5045 2512 5102 fecundam
2572 5046 2954 5116 probitatem:
3013 5040 3258 5101 steriles,
3328 5034 3543 5105 peccati

1948 5136 2408 5193 infecunditatem
2452 5152 2464 5187 :
2514 5135 2777 5203 virgines.
2832 5132 3106 5200 duplicem
3164 5126 3543 5196 incorruptio-

1950 5245 2100 5295 nem,
2133 5229 2353 5293 animm,
2391 5228 2636 5296 inquam,
2658 5236 2712 5277 ct
2741 5225 2993 5294 corporis
3022 5243 3033 5274 :
3060 5219 3393 5291 coniugata).
3424 5233 3543 5271 mo-

1952 5321 2299 5376 derationrm
2345 5318 2696 5373 laudabilem.
2759 5316 2816 5370 Si
2871 5300 3009 5386 quis
3049 5316 3106 5369 in
3150 5313 3308 5369 vobis
3362 5324 3543 5381 pater,

1951 5411 2199 5483 Virginis
2226 5411 2332 5466 sibi
2383 5423 2588 5480 patrem
2640 5409 2969 5463 imitandum
3012 5413 3304 5478 proponat.
3353 5403 3544 5469 Quan-

1958 5520 2125 5574 quam
2188 5503 2341 5573 prole
2396 5515 2617 5563 careat,
2688 5503 2812 5556 vita:
2859 5501 2946 5554 lf-ci
3003 5498 3239 5553 atttattlis
3273 5496 3541 5561 fructum,

1567 5731 1961 5785 COSiBEFlSll
2008 5730 2241 5786 NOTJ‘I.

299 5822 446 5899 .05)
489 5822 554 5875 Et
584 5823 815 5899 Spir-iliis
857 5834 1071 5876 κακίων
1101 5833 1153 5875 ιιι
1200 5824 1478 5890 affectans.
1514 5834 1620 5877 etc.
1651 5823 1741 5877 Sic
1787 5841 1853 5876 rx

263 5893 469 5944 vitioso
502 5893 840 5963 προπηδοῦν,
881 5896 1127 5946 ῖλαίνιηίι»
1162 5894 1506 5961 προσπηδοῧν
1542 5911 1553 5923 ⁸
1601 5911 1698 5963 pro
1731 5912 1853 5964 qut-

256 5966 362 6020 bus
412 5963 578 6032 plane
618 5966 687 6019 sit
743 5967 1141 6020 restituendum
1198 5965 1571 6035 τείιοσπηὸοὖν.
1615 5963 1850 6035 Spiritus

1965 5837 2182 5877 Sanctus
2236 5824 2498 5885 insfliens,
2539 5840 2599 5874 ac
2644 5825 2776 5890 eius.
2812 5830 2913 5873 μιν.
2967 5820 3129 5875 Plana
3164 5820 3306 5873 cnim
3343 5821 3546 5875 allusit)

1965 5908 2041 5947 νει
2086 5907 2139 5947 ot,
2187 5894 2649 5974 (‘xpi'essio'illijis
2694 5911 2757 5945 ut
2811 5909 2901 5943 ιιι-ιτ
2934 5891 3206 5945 Gabriulis
3246 5911 3258 5945 ;
3310 5891 3546 5962 Spiritu;

1960 5978 2177 6021 sanctus
2208 5971 2531 6035 superveniet
2572 5971 2623 6017 .‘ii
2663 5973 2730 6029 te,
2766 5971 2870 6017 ctu.
