3966 6436
224 493 313 562 δῖε

1228 501 1306 563 ΙΝ
1338 497 1866 566 NATWITATEM
1908 507 1975 567 Β,
2011 502 2295 566 ΜΑΒΙᾸΞ.
2328 502 2376 567 Ῐ.

3390 503 3508 568 82‘2"

222 609 413 675 ἄφετον
466 599 704 675 ἔχουσιν.
748 605 1032 661 Ἐντεῦθεν
1055 608 1177 677 ἐγὼ,
1202 611 1295 663 τοῦ
1327 610 1490 678 λόγου
1526 614 1623 675 τὰς
1646 615 1806 684 ἡνίας

1920 618 2002 688 qui
2039 618 2280 687 priorem
2318 629 2645 670 consessum
2704 616 2874 669 alium
2925 614 3201 670 orationis
3262 616 3496 687 hujusce
3544 672 3551 675 .

224 702 312 755 ἐπὶ
336 698 433 770 τὴν
460 698 669 752 νύσσαν
698 700 1013 767 ἐπανάγων,
1064 704 1301 773 ἐχόμενα
1332 706 1441 757 τῶν
1469 706 1706 774 πρόσθεν
1735 708 1815 759 εί-

227 794 467 866 ρημὲνων
498 791 755 861 διέξειμι,
801 794 953 864 φόϐῳ
988 795 1087 864 μὲν
1139 795 1237 848 τοῦ
1273 797 1349 866 μὴ
1386 797 1516 868 παρ’
1549 796 1706 862 ἀξίαν
1730 802 1814 851 εί-

229 887 337 939 πεῖν
364 884 557 938 τούτου
590 886 954 956 προκειμένου
1002 888 1207 941 σκοποῦ
1240 889 1679 960 συστελλόμενος,
1713 892 1814 945 πό-

226 983 296 1053 θῳ
324 982 381 1034 δὲ
405 981 498 1034 τοῦ
522 983 603 1046 είς
634 964 865 1053 δύναμιν
904 987 1024 1037 κατ’
1058 985 1218 1051 ἀξίαν
1248 990 1569 1056 εἰσαγαγεῖν
1603 987 1809 1058 προθυ-

228 1072 511 1143 μούμενος.
554 1071 703 1144 Πλὴν
751 1074 875 1128 ὅποι
902 1074 1059 1139 δ’,ἂν
1106 1078 1203 1130 καὶ
1250 1079 1615 1150 τετρᾶψομαι,
1675 1078 1812 1150 θαρ-

229 1164 455 1239 ρούντως
485 1166 757 1236 ὲπαφήσω
783 1166 877 1219 τὸν
902 1166 1080 1234 λόγον,
1114 1169 1285 1240 καλὴν
1326 1171 1664 1241 ἐπαγόμενος
1712 1170 1824 1238 τῆς·

228 1255 356 1325 ἐμῆς
380 1254 625 1318 δειλίας,
667 1255 698 1325 ἦ
733 1258 1052 1329 παρρησίας
1093 1259 1388 1326 ἐπίκουρον
1436 1260 1533 1332 τὴν
1572 1261 1809 1331 ἡμέραν.

233 1346 362 1415 Ἤδη
397 1346 499 1415 μὲν
526 1341 621 1399 οὖν
651 1348 710 1399 ὲν
734 1346 813 1417 τῷ
844 1349 1171 1419 προλαϐόντι
1201 1349 1346 1422 λόγῳ
1373 1354 1439 1423 τῇ
1470 1353 1681 1421 γενέσει
1714 1354 1813 1421 τῆς

234 1434 490 1488 Θεοτόκου
545 1434 615 1488 τὰ
640 1436 838 1489 -είκότα
887 1440 1350 1510 συνεωρτάσαμεν
1369 1483 1385 1505 ,
1434 1440 1544 1509 ἐγώ
1572 1459 1631 1494 τε
1659 1444 1688 1495 ό
1713 1445 1813 1512 τῆς

233 1526 416 1597 ἑορτῆς
439 1526 689 1598 ἔξαρχος,
713 1529 810 1583 καὶ
831 1529 1011 1599 ὑμεῖς,
1041 1531 1136 1584 καὶ
1154 1535 1270 1586 ’πᾶν
1299 1533 1423 1586 ὅσον
1456 1534 1731 1603 ἐγκώμιον
1756 1534 1813 1586 τὸ

235 1620 614 1691 ὑπερκόσμιον.
668 1620 826 1674 Μετὰ
866 1621 1125 1693 Ἰωακεὶμ
1160 1624 1614 1696 ὑπεσκέφθημεν,
1675 1625 1812 1694 μετά

236 1710 332 1763 τῶν
357 1709 650 1780 παρθένων
676 1711 1008 1781 ὲδράμομεν,
1050 1712 1191 1783 μετὰ
1214 1713 1378 1768 Δαυῖδ
1405 1715 1816 1785 συνελλάμφθη-

242 1818 362 1872 μεν,
384 1800 480 1854 τοῦ
522 1803 868 1872 πατριάρχου
895 1802 1058 1872 λέγω,
1093 1805 1189 1859 καὶ⁸
1222 1805 1509 1875 βασιλέως,
1564 1809 1658 1860 καὶ
1692 1808 1812 1861 κατ’

240 1892 423 1961 ἀμφοῖν
440 1889 794 1961 θεοπάτορος,
813 1894 909 1946 καὶ
936 1894 1077 1962 μετὰ
1093 1896 1314 1965 Μαρίας
1340 1898 1440 1965 τῆς
1466 1897 1813 1968 Θεομήτορος

239 1982 309 2051 τῷ
331 1982 439 2051 ναῷ
479 1983 934 2053 προσηνέχθημεν
954 2000 969 2014 ο
995 1986 1090 2037 καὶ
1122 1989 1233 2048 τοῖς
1260 1987 1472 2049 ἀδύτοις
1501 1988 1608 2040 τῶν
1643 1987 1813 2055 ἀγίων

240 2073 732 2144 ὲπιχωριὰσαντες,
785 2075 896 2129 τῶν
946 2076 1400 2148 αὖτομυστηρίων
1453 2079 1810 2149 μετέσχομεν.

246 2166 348 2218 Καὶ.
370 2166 523 2237 χάρις
558 2166 635 2238 τῷ
685 2169 812 2231 τοὺς
839 2168 1003 2234 ἰδίους
1033 2169 1337 2235 δοξάσαντι,
1386 2174 1475 2228 ἵνα
1506 2176 1634 2240 τούς
1682 2195 1813 2230 ποτε

264 2257 412 2321 δντας
469 2262 678 2329 μακρὰν
708 2261 993 2333 συναγάγῃ
1029 2263 1165 2333 πρὸς
1197 2264 1408 2320 ἑαυτόν.
1446 2266 1560 2320 Νῦν
1582 2269 1639 2321 δὲ
1662 2270 1813 2322 οὐδὲν

254 2350 439 2420 ἀπᾷδον
463 2351 495 2419 ἢ
525 2352 798 2421 παρέλκον
824 2353 1066 2424 ἡγοῦμαι
1085 2393 1100 2416 ,
1155 2356 1355 2426 μικρὸν
1384 2360 1441 2409 ἐν
1474 2360 1813 2427 παρεκϐάσει

251 2444 509 2510 γινόμενον
532 2445 620 2496 ἐπ’
644 2439 815 2513 αὐτὴν
843 2444 937 2497 τοῦ
957 2446 1145 2513 γένους
1181 2447 1495 2519 εύκληρίαν,
1526 2445 1592 2522 ἦς
1620 2452 1653 2521 ἡ
1678 2469 1816 2523 παρ-

245 2530 379 2595 θένος
409 2535 735 2602 κατάγεται,
803 2538 1168 2604 μεταϐιϐάσαι
1221 2539 1315 2592 τὸν
1356 2541 1543 2609 λόγον,
1587 2545 1818 2598 κάκεῖνα

239 2620 535 2690 διεξελθεῖν,
563 2625 599 2679 ἀ
630 2630 724 2679 καὶ
758 2625 936 2693 λέγειν
971 2629 1139 2691 εἰκὸς,
1174 2632 1269 2683 καὶ
1302 2625 1384 2693 οἷς
1410 2631 1534 2704 ἂνή
1569 2634 1821 2706 παροῦσα

240 2718 531 2787 πανήγυρις
570 2720 782 2786 ἥδεται.
844 2724 1068 2777 ’Ἡδεται
1100 2726 1157 2778 δὲ
1186 2729 1320 2789 τοῖς,
1351 2727 1418 2778 δι’
1441 2720 1515 2779 ὧν
1545 2730 1578 2797 ἠ
1611 2728 1820 2798 παρθέ-

238 2823 336 2870 νος,
385 2810 444 2875 ἐξ
466 2807 536 2884 ἧς
568 2814 907 2884 ὑπερουσίως
935 2812 1070 2889 ἦκεν
1100 2821 1181 2880 είς
1232 2818 1465 2889 ὕπαρξιν
1498 2822 1755 2893 χρονικὴν
1784 2825 1812 2876 6

235 2896 507 2968 ὑπέρθεος,
556 2903 621 2956 ὲκ
674 2906 993 2976 σπέρματος
1023 2904 1157 2961 οὖσα
1214 2909 1375 2963 Δαυῒδ
1430 2913 1809 2980 ἀναφαίνεται,

230 2987 322 3040 ὅσα
348 3008 403 3043 τε
441 2992 536 3044 καὶ
565 2987 654 3047 οἵα
682 2999 811 3067 περὶ
849 2998 1018 3066 αὐτῆς
1044 3000 1072 3051 ό
1115 3001 1204 3053 διὰ
1245 3002 1415 3071 νόμου
1467 3004 1563 3057 καὶ
1592 3023 1809 3076 προφη-

231 3082 329 3135 τῶν
349 3087 489 3155 ἡμῖν
510 3086 752 3158 λαλήσας
778 3089 931 3156 Θεὸς,
962 3090 1050 3143 διὰ
1076 3093 1256 3163 πάσης
1285 3093 1421 3164 ὁμοῦ
1452 3094 1553 3165 τῆς
1589 3096 1812 3169 Γραφῆς

231 3174 496 3247 άριδήλως
531 3180 1095 3253 προαναπεφώνηκεν.

1917 710 2082 765 veluti
2122 718 2336 779 patrem
2373 709 2645 778 agnoscit.
2698 706 2857 763 Unde
2902 707 3072 777 igitur
3106 709 3340 778 spiritus
3377 725 3498 763 oni—

1916 802 2077 855 nihns
2115 799 2360 858 advenit.
2409 798 2841 869 facultatemque
2885 798 3104 853 dicendi
3136 799 3317 853 oratio
3349 800 3497 853 acci-

1915 893 2016 962 pit,
2059 890 2185 945 inde
2214 905 2317 962 ego
2363 891 2633 947 orationis
2678 890 2915 946 habenis
2945 891 3112 944 veluti
3147 891 3213 944 ad
3260 906 3496 961 repagu-

1915 984 2025 1039 lum
2063 984 2331 1048 reductis,
2376 998 2439 1038 ea
2474 998 2593 1053 quae
2630 998 2754 1038 cum
2787 982 2857 1039 iis
2888 998 3010 1053 quae
3059 993 3221 1037 antea
3252 983 3495 1038 diximus

1915 1076 2369 1145 coniunctionem
2406 1075 2633 1137 habent,
2669 1076 2827 1129 vobis
2867 1089 3162 1143 exponam.
3191 1075 3246 1130 In
3281 1092 3390 1146 quo
3428 1076 3496 1129 ti-

1916 1182 2038 1219 mor
2087 1181 2224 1221 sane
2281 1175 2480 1236 praeter
2527 1163 2853 1234 dignitatem
2906 1164 3113 1231 dicam,
3170 1165 3491 1235 lmjesnuodi

1916 1258 2223 1329 praesertim
2280 1272 2451 1327 scopo
2508 1255 2766 1327 praefixo,

1918 1353 2170 1406 voluntas
2201 1365 2332 1406 vero
2368 1365 2467 1421 pro
2510 1351 2723 1404 viribus
2771 1349 2993 1420 dignam
3027 1349 3335 1404 oratimiem
3363 1348 3495 1403 alie-

1917 1445 2097 1510 rendi,
2151 1445 2387 1498 alacrem
2424 1441 2582 1498 facit.
2613 1441 3004 1498 Verumtamen
3044 1457 3378 1512 quocunque
3412 1458 3497 1495 me

1915 1545 2164 1602 vertam,
2220 1535 2587 1590 fidentissime
2637 1536 2947 1590 orationem
3015 1535 3302 1597 tractabo,
3370 1549 3495 1588 cum

1918 1629 2100 1685 bonus
2137 1628 2272 1682 mihi
2316 1627 2462 1683 adsit
2496 1628 2600 1682 ntei
2628 1628 2746 1683 sive
2773 1627 2996 1683 timoris
3025 1628 3141 1682 sive
3186 1626 3499 1681 alacritatis

1915 1732 2189 1791 patronus
2229 1734 2476 1791 praesens
2518 1719 2609 1773 hic
2658 1718 2797 1774 dies.
2847 1717 2967 1773 Jam
3011 1733 3141 1773 vero
3192 1718 3299 1771 alia
3333 1731 3498 1787 quam

1918 1810 2214 1865 habuimus
2251 1809 2505 1863 oratione
2548 1815 2729 1862 ortum
2778 1807 3040 1877 Deiparae,
3100 1814 3159 1860 ut
3209 1822 3307 1876 par
3354 1811 3499 1870 erat,

1917 1902 2341 1966 celebravimus,
2377 1909 2542 1969 atque
2570 1915 2673 1970 ego
2721 1900 2830 1953 dux
2882 1899 3221 1954 celebritatis
3274 1898 3497 1960 exstiti,

1917 1994 2116 2048 deinde
2146 2008 2277 2047 vero
2306 2008 2429 2057 vos,
2472 1999 2527 2047 et
2557 2006 2901 2061 quaecunque
2955 1991 3022 2045 ad
3068 1991 3271 2045 coelum
3321 2005 3501 2058 usque

1913 2095 2119 2142 evectae
2158 2084 2532 2139 laudationes.
2587 2082 2708 2139 Una
2736 2100 2861 2139 cum
2918 2082 3208 2139 Joachimo
3254 2090 3500 2137 contem-

1915 2179 2157 2248 platores
2206 2175 2437 2244 fuimus;
2470 2191 2596 2231 cum
2629 2176 2939 2246 virginibus
2969 2175 3342 2237 cucurrinius,
3372 2188 3498 2226 cum

1915 2269 2117 2325 Davide
2132 2270 2480 2333 emicnimus,
2505 2269 2882 2338 illo,inquam,
2906 2266 3234 2337 Davide,qui
3259 2266 3501 2336 patriar-

1916 2366 2018 2418 cha
2069 2373 2232 2434 atque
2267 2378 2362 2416 rex
2404 2361 2545 2429 fuit,
2586 2363 2792 2433 quique
2846 2369 3082 2429 utroque
3131 2360 3355 2412 nomine
3403 2355 3498 2409 Dt-i

1917 2466 2113 2512 atavus
2136 2467 2253 2517 est;
2293 2455 2535 2523 denique
2564 2469 2693 2533 cunt
2731 2451 2904 2506 Maria
2947 2451 3044 2506 Dei
3087 2460 3267 2505 matre
3299 2450 3505 2519 templo

1916 2548 2131 2617 excepti
2173 2545 2419 2610 fuimus;
2454 2554 2509 2598 et
2543 2552 2865 2598 sanctorum
2900 2539 3279 2613 penetralibus
3312 2541 3507 2594 immo-

1920 2639 2050 2704 rati,
2080 2654 2272 2693 eorum
2310 2653 2434 2707 qua:
2471 2636 2672 2691 ibidem
2711 2644 2863 2700 sunt,
2902 2635 3293 2705 mysteriorum
3334 2633 3507 2702 parti-

1921 2732 2072 2800 cipes
2121 2728 2457 2783 exstitimus.
2508 2727 2617 2779 Deo
2651 2726 2839 2796 itaque
2876 2733 3115 2796 agantur
3163 2724 3374 2794 gratiae,
3409 2708 3505 2793 qui

1922 2836 2057 2877 suos
2090 2821 2368 2891 gloriosos
2416 2818 2621 2884 effecit,
2663 2827 2723 2872 ut
2761 2832 2857 2872 eos
2890 2817 2984 2886 qui
3026 2817 3158 2871 olim
3208 2816 3433 2870 fuerunt
3476 2831 3507 2869 e

1922 2915 2102 2980 longe,
2153 2912 2451 2966 adduceret
2488 2911 2554 2965 ad
2591 2911 2860 2981 seipSum.
2904 2906 3065 2963 Nunc
3097 2916 3281 2963 autem
3330 2923 3507 2977 neque

1918 3003 2226 3067 dissonatn,
2257 3016 2438 3071 neque
2473 3015 2502 3053 a
2543 3001 2831 3071 proposito
2856 2997 3215 3053 dissidentem
3244 3013 3356 3052 rem
3389 2996 3506 3050 fac-

1922 3102 2107 3147 turum
2133 3107 2219 3146 me
2244 3105 2369 3146 esse
2390 3090 2652 3156 arbitror,
2686 3091 2755 3151 si,
2783 3104 2948 3158 parva
2981 3087 3266 3157 interiecta
3295 3086 3508 3158 digres,

1921 3186 2096 3252 sione,
2124 3184 2193 3238 ad
2228 3183 2403 3253 ipsam
2439 3181 2676 3236 faustam
2707 3182 2930 3250 generis
2953 3180 3249 3249 originem,
3288 3195 3357 3234 ex
3396 3196 3507 3249 qua

2846 1256 3090 1311 animum
3174 1258 3491 1321 contrahit;

232 3269 380 3344 Virgo
404 3274 741 3344 deducitur,
770 3293 1081 3334 sermonem
1113 3296 1387 3349 revocem,
1426 3294 1591 3354 atque
1617 3285 1709 3340 illa
1733 3286 2025 3352 explanem
2056 3296 2179 3352 quae
2209 3287 2263 3333 et
2286 3279 2470 3333 dicere
2493 3280 2771 3340 convenit,
2804 3278 3117 3347 quibusque
3157 3285 3338 3333 vester
3371 3291 3508 3329 con-

227 3379 402 3421 sessus
453 3367 694 3422 maxime
743 3369 969 3438 gaudet.
1012 3368 1227 3425 Gaudet
1270 3388 1402 3428 vero
1438 3374 1507 3429 iis
1552 3368 1768 3443 quibus
1795 3373 2001 3444 Virgo,
2053 3387 2119 3426 ex
2147 3385 2256 3439 qua
2291 3366 2679 3424 divinissimus
2729 3367 2903 3424 Filius
2958 3377 3212 3423 naturam
3251 3371 3510 3423 vincente

223 3460 377 3516 modo
402 3459 490 3517 and
522 3460 666 3518 hanc
699 3464 1089 3534 temporariam
1119 3467 1285 3522 vitam
1336 3470 1563 3539 prodiit,
1602 3470 1867 3526 Davitlico
1901 3478 2095 3524 exorta
2126 3481 2251 3521 esse
2278 3463 2492 3520 semine
2521 3466 2973 3527 demonstratur;
3015 3471 3182 3531 atque
3211 3462 3277 3517 iis
3307 3462 3507 3514 "ontni-

224 3553 340 3619 bus,
375 3557 801 3627 qualiacunque
834 3561 968 3626 sint,
994 3575 1116 3631 quae
1156 3563 1248 3629 qui
1288 3564 1446 3636 nobis
1490 3579 1589 3634 per
1622 3565 1796 3637 legem
1836 3572 1891 3620 et
1922 3562 2222 3636 prephelas
2259 3559 2483 3614 locutus
2528 3564 2614 3615 est
2645 3557 2812 3624 Deus,
2852 3556 2918 3611 de
2966 3558 3084 3629 ipsa
3133 3566 3249 3612 toto
3309 3556 3509 3611 divina:

228 3643 537 3718 Scriptum
574 3648 816 3705 decursu
857 3651 1150 3709 manifeste
1187 3655 1600 3725 praenuntiavit.

1850 3732 1884 3755 δ

293 3786 506 3842 Αὐτίκα
527 3786 660 3855 γοῦν
681 3789 757 3851 ὡς
781 3784 892 3843 οἶόν
923 3808 980 3844 τε
1001 3791 1447 3864 διασκεψάμενοι,
1503 3798 1594 3851 ὑπ’
1622 3799 1817 3863 αὐτοὺς

2000 3794 2198 3851 Statim
2227 3791 2397 3863 igitur
2433 3789 2612 3860 quoad
2647 3789 2764 3844 fieri
2799 3795 2977 3858 potest
3006 3786 3377 3856 nosmetipsos
3409 3786 3511 3840 ob-

226 3876 393 3945 ἴωμεν
417 3879 551 3938 τοὺς
582 3877 819 3944 ἀγῶνας,
852 3881 949 3932 καὶ
975 3882 1096 3944 ταῖς
1124 3884 1522 3953 ὲπιφυομέναις
1547 3886 1825 3954 γλώσσαις

223 3968 330 4020 τῶν
346 3969 520 4023 πάλαι
552 3971 649 4022 καὶ
679 3969 772 4022 νῦν
808 3972 1282 4042 ὲκπαροινούντων
1305 3976 1385 4038 εἰς
1419 3975 1654 4044 Χριστὸν
1694 3977 1823 4029 Ἰου-

223 4058 406 4123 δαίων,
450 4061 834 4131 προθέλυμνον
863 4062 959 4134 τὴν
991 4065 1164 4134 τομὴν
1223 4067 1713 4137 συνεπαγὰγωμεν,
1751 4068 1825 4131 ὡς

224 4151 288 4203 ἂν
321 4154 529 4222 μηκέτι
561 4152 685 4224 ῥίζα
728 4155 956 4224 πικρίας
985 4139 1305 4225 ἀναφύουσα
1337 4159 1528 4230 ἐνοχλῇ
1559 4159 1657 4229 τῆς
1700 4159 1826 4212 Ἐκ-

224 4244 454 4313 κλησίας
486 4246 604 4308 τοῖς
627 4246 930 4315 θρέμμασι.
957 4247 1132 4301 Τοῦτο
1156 4248 1215 4301 δὲ
1250 4249 1367 4314 πῶς
1399 4250 1465 4304 ἂν
1495 4252 1669 4321 ῥᾷστα
1690 4252 1826 4321 ἡμῖν
1870 4258 1876 4263 ’

212 4336 627 4409 -κατορθωθείη,
666 4338 805 4408 πλὴν
832 4337 1094 4409 ἀκριϐοῦς
1141 4339 1466 4408 ἐξετάσεως,
1524 4341 1824 4413 ἢσυζητή-

225 4443 397 4495 σεω;;
454 4431 554 4483 Δεῖ
580 4428 711 4500 γὰρ,
743 4427 919 4499 οἶμαι,
950 4431 1221 4502 πρότερον
1275 4433 1339 4485 ὲκ
1368 4432 1477 4486 τῶν
1510 4433 1826 4488 Μωσαῖκῶν

221 4520 510 4586 ἀποδεῖξαι
549 4520 773 4590 βιϐλίων
817 4522 908 4576 τὸν
941 4523 1178 4592 Χριστὸν
1222 4523 1318 4577 τοῦ
1351 4524 1486 4578 Θεοῦ
1534 4526 1683 4591 Υἰὸν,
1732 4528 1828 4580 καὶ

222 4611 387 4664 αὑτὸν
436 4612 614 4676 Θεὸν,
675 4612 734 4679 ἐξ
778 4613 949 4668 Ἰούδα
988 4613 1090 4684 μὲν
1126 4616 1510 4681 ἀνατετάλθαι,
1548 4618 1693 4673 κατὰ
1736 4619 1827 4673 τὸν

231 4706 590 4771 Ἀπόστολον,
613 4708 740 4761 Υίὺν
769 4709 827 4761 δὲ
857 4710 955 4780 τῆς
990 4709 1270 4780 Παρθένου
1288 4711 1746 4781 πεφηνέναικατὰ
1768 4714 1829 4767 τὸ

220 4797 567 4869 Εὐαγγελιον
591 4818 604 4831 ·
636 4801 734 4865 τάς
766 4818 826 4855 τε
860 4802 1211 4873 προφητικὰς
1235 4805 1315 4867 είς
1351 4808 1518 4875 μέσον
1549 4805 1829 4876 ἀγαγόντα

220 4893 430 4959 φωνὰς,
462 4889 572 4947 εἷθ’
600 4893 744 4947 οὓτω
775 4894 887 4947 τῶν
922 4894 1132 4966 ἄκρων,
1181 4898 1276 4950 καὶ
1305 4896 1413 4950 τῶν
1452 4898 1684 4969 καιρίων
1732 4901 1830 4969 ἐφ-

218 4986 496 5054 άψασθαι.
532 4987 723 5059 Ταύτῃ
750 4986 859 5059 γὰρ
877 4989 946 5042 δι’
967 4988 1257 5060 ἀκριϐείας
1291 4992 1422 5061 ἡμῖν
1442 4993 1470 5044 6
1491 4992 1666 5061 Λόγος
1689 4995 1829 5048 πᾶν·

120 5076 125 5083 “
215 5078 378 5132 τοθεν
409 5079 475 5133 τὸ
509 5078 902 5153 ἀνεξέλεγκτον
933 5080 1045 5147 ἕξει
1067 5081 1165 5134 καὶ
1192 5082 1422 5149 πάγιον,
1459 5084 1552 5136 καὶ
1596 5085 1704 5155 μὴν
1734 5082 1834 5138 καῖ

1927 3894 2218 3945 servantes
2257 3887 2314 3940 in
2363 3899 2589 3939 arenam
2642 3883 2709 3935 ad
2743 3892 3024 3936 certamen
3079 3880 3509 3947 deseeudamus,

1925 3979 2238 4035 Judreorum
2285 3976 2613 4031 invadentes
2646 3976 2883 4044 linguas,
2932 3974 3026 4043 qui
3061 3983 3172 4027 tum
3209 3975 3340 4027 olim
3396 3986 3511 4027 tmn

1928 4071 2093 4125 modo
2126 4068 2481 4123 contumeliis
2523 4067 2577 4121 in
2629 4065 2914 4121 Christum
2945 4063 3381 4127 debaceltantur,
3420 4062 3517 4118 ab-

1928 4162 2200 4219 scissione
2241 4159 2436 4215 crebra
2477 4174 2570 4214 eas
2594 4156 2956 4227 amputando,
2988 4171 3058 4211 ne
3085 4156 3325 4224 amplius
3353 4155 3515 4210 radix

1926 4268 2113 4309 amara
2142 4266 2441 4309 renascens
2468 4249 2731 4305 Ecclesia:
2751 4244 2950 4303 ovibus
2969 4246 3279 4302 molestiam
3312 4246 3512 4316 pariat.

1926 4345 2043 4401 Hoc
2077 4353 2261 4398 autem
2302 4357 2542 4412 quonam
2580 4340 2744 4396 modo
2789 4338 3211 4409 expeditissime
3262 4338 3515 4408 praestari

1928 4437 2104 4506 possit
2138 4447 2491 4505 nequaquam
2526 4430 2710 4496 video,
2742 4430 2851 4485 nisi
2888 4430 3261 4499 diligentioris
3306 4429 3519 4484 exami-

1928 4529 2019 4584 nis
2074 4532 2242 4596 atque
2272 4523 2701 4593 conquisitionis
2729 4520 3001 4577 subsidio.
3029 4521 3170 4576 Puto
3192 4519 3337 4575 cnim
3372 4534 3516 4588 opus

1928 4635 2054 4676 esse
2111 4628 2169 4673 ut
2204 4620 2365 4688 prius
2394 4633 2461 4671 ex
2505 4615 2675 4670 Mosis
2717 4614 2876 4669 libris
2916 4612 3305 4679 ostendamus,
3354 4611 3519 4666 Chri-

1930 4722 2079 4767 stum
2111 4708 2208 4763 Dei
2240 4708 2462 4769 Filium,
2502 4707 2595 4777 qui
2657 4714 2713 4762 et
2748 4706 2869 4777 ipse
2926 4703 3073 4760 Deus
3113 4711 3222 4769 est,
3262 4718 3327 4757 ex
3372 4701 3517 4756 Juda

1930 4803 2171 4874 quidem,
2189 4810 2420 4857 testante
2441 4799 2715 4869 apostolo,
2731 4798 3062 4861 emeruisse,
3086 4796 3288 4850 Filium
3330 4805 3517 4850 autem

1931 4897 2206 4968 prodiisse
2258 4892 2543 4965 Virginis,
2606 4900 2848 4948 testante
2903 4889 3243 4961 Evangelio;
3304 4887 3508 4943 deinde

1931 5002 2066 5043 vero
2119 4985 2512 5057 prepbetarum
2571 4983 2801 5037 vocibus
2857 4982 2912 5034 in
2968 4981 3207 5045 medium
3263 4977 3522 5032 adductis

1934 5078 2237 5149 longinqua
2283 5075 2450 5131 simul
2499 5083 2553 5129 et
2586 5074 2923 5143 proximiora
2974 5071 3111 5143 (15)
3159 5077 3261 5126 hac
3306 5071 3522 5125 ratione
3610 5138 3619 5155 '

218 5172 317 5242 τῆς
348 5175 593 5246 νομικῆς
614 5150 984 5245 ’ἀρχαιότητος
1035 5177 1063 5228 6
1091 5176 1379 5246 χαρακτὴρ
1418 5148 1724 5241 διασώξοίτ’
1757 5180 1817 5233 ἂν

1931 5148 2341 5240 contingamns.
2386 5166 2715 5236 llujusmodi
2743 5166 2891 5219 enim
2940 5166 3200 5218 cautione
3240 5174 3408 5234 atque
3437 5162 3525 5217 di-

218 5265 566 5337 ἀκραιφνὴς.
611 5248 855 5336 Ἀγὲσθω
895 5267 1074 5321 τοίνυν
1134 5270 1214 5330 εἰς
1256 5269 1422 5335 μέσον
1454 5270 1585 5340 ἡμῖν
1627 5270 1817 5324 Ἰακὼϐ

1925 5263 2150 5333 ligentia
2182 5259 2318 5314 illud
2364 5256 2734 5326 undecunque
2779 5255 3056 5311 obtinebit
3095 5253 3275 5308 oratio
3307 5260 3521 5317 nostra,

217 5356 249 5408 6
274 5358 377 5426 τῆς
407 5357 630 5429 ὑψηλῆς
663 5357 931 5428 κλίμακος
959 5358 1416 5429 διορατικὼτατος
1473 5358 1692 5430 θεατὴς,
1734 5363 1817 5414 καὶ

1924 5365 1985 5406 ut
2015 5361 2072 5408 et
2097 5352 2410 5406 firmitatem
2441 5350 2665 5413 habeat,
2705 5356 2760 5403 et
2793 5363 2824 5402 a
2845 5351 3065 5402 nemine
3102 5345 3279 5401 refelli
3314 5345 3523 5415 possit,

219 5447 329 5518 πρὸ
356 5449 564 5502 τούτου
606 5448 861 5519 ’Δϐραὰμ
892 5453 920 5503 6
967 5450 1336 5519 πατριάρχης,
1369 5451 1449 5513 εἰς
1472 5450 1532 5504 ὃν
1563 5455 1660 5504 καὶ
1691 5454 1817 5522 πρὸς

1927 5458 2149 5505 necnon
2198 5443 2513 5505 vetustatis,
2549 5457 2675 5512 qua
2715 5442 2769 5495 in
2807 5443 2923 5510 lege
2957 5450 3066 5503 est,
3117 5439 3301 5509 figura
3351 5446 3526 5506 atque

218 5535 278 5589 ὃν
308 5540 365 5591 αἱ
383 5538 745 5607 ἐπαγγελίαι.
772 5539 974 5593 Τοῦτον
1002 5540 1112 5611 γὰρ
1156 5538 1253 5592 καὶ
1277 5539 1560 5605 ’Ματθαῖος
1583 5541 1683 5611 τῆς
1709 5559 1812 5595 κατ

1932 5539 2091 5607 signa
2140 5545 2435 5591 serventur
2477 5538 2711 5602 integra.
2751 5535 2863 5604 Age
2920 5536 3126 5600 itaque,
3180 5536 3235 5587 in
3273 5531 3523 5586 medium

218 5627 390 5682 αὐτὸν
427 5629 801 5700 εὖαγγελικῆς
834 5631 1160 5702 συγγραφῆς
1209 5630 1579 5700 ἐναρχόμενος
1615 5637 1817 5702 προῦπ-

1936 5630 2103 5684 nobis
2136 5627 2400 5683 aﬂ'eratur
2430 5629 2676 5685 Iacobus
2707 5628 2944 5683 excelsa:
2985 5628 3134 5682 illius
3169 5626 3333 5682 scalae
3362 5639 3529 5680 accr-

221 5717 442 5787 ἑταξεν,
479 5719 576 5774 τὸν
604 5721 770 5776 Δαυῖδ
801 5720 1128 5795 προαναθεὶς
1157 5720 1234 5792 τῷ
1265 5722 1684 5794 συγγράμματι.
1718 5724 1815 5793 Ἐφ

1944 5724 2124 5778 rimus
2166 5723 2600 5792 contemplator;
2655 5722 2765 5777 imo
2799 5729 2926 5777 ante
2973 5721 3123 5775 illum
3168 5717 3539 5775 Abrahantus.

288 5943 410 6015 (l5)
468 5944 693 6018 Potius,
741 5969 863 6023 qnzc
917 5954 1207 6024 potissima
1261 5966 1411 6019 sunt,
1466 5963 1519 6007 rt
1574 5953 1828 6024 urgentia
1864 5952 2063 6024 magis.
2098 5950 2233 6007 (in.
2932 5964 2965 5992 ‘

3021 6082 3073 6089 ρ.-
