3966 6484
404 514 516 581 823
1615 514 1677 574 S.
1707 512 2006 575 ANDREA

2111 511 2507 574 IBETENSIS
3617 503 3738 572 824

402 600 748 676 patriarcha,
791 600 847 654 in
875 613 1039 670 quem
1065 607 1121 655 et
1161 598 1227 653 ad
1267 613 1429 670 quem
1479 601 1879 670 promissiones
1912 599 1989 653 fa-

2111 597 2153 652 lv
2178 598 2273 652 καὶ
2302 600 2402 669 τὴν
2436 596 2792 668 γενεαλογίαν
2846 599 3125 669 κατάγων,
3154 597 3230 664 ὡς
3252 598 3368 671 ἔχει
3390 597 3703 669 γενέσεως
3726 622 3745 647 s

402 705 506 753 ctua
538 706 691 750 sunt.
722 693 881 749 llunc
929 694 1077 750 enim
1108 703 1164 749 et
1195 689 1509 758 Matthaens,
1544 708 1672 747 cum
1707 692 1992 763 evangeli-

2111 690 2347 759 ἕκαστος,
2364 691 2662 763 ἀμοιϐαδὸν
2684 682 3092 764 ύπεστὸμισεν,
3119 693 3335 747 ἐκεῖθεν
3359 688 3538 757 αὖθις
3555 694 3739 762 ἐναρ-

399 801 520 840 catn
557 785 967 841 enarrationem
1002 799 1161 843 suam
1197 785 1499 850 ordiretur,
1532 785 1728 839 ordine
1776 797 1995 854 priapo-

2111 783 2298 847 ιοδίως
2322 782 2414 837 ἐπὶ
2439 785 2530 838 τὸν
2564 785 2765 855 Ἰωσὴφ
2793 785 3088 840 ὑπολαϐὼν
3114 785 3209 839 τοῦ
3237 785 3401 840 Δαυῒδ
3430 786 3541 840 τὸν
3580 784 3739 839 ἁπό-

400 879 534 941 snit,
587 878 791 933 Davide
830 886 1014 932 tamen
1066 887 1195 933 aute
1237 892 1434 933 omnes
1482 877 1535 931 in
1576 876 1994 946 conscriptione

2111 892 2274 944 γονον.
2331 874 2491 930 Οὕτω
2543 876 2646 949 τὴν
2691 880 2757 932 ἐκ
2803 876 2970 931 Δαυῒδ
2997 878 3386 943 ἁνατείλασαν,
3420 875 3566 932 εἶτα
3598 876 3738 945 Θεῷ

398 977 854 1031 commemorato.
929 970 1013 1024 Ad
1088 984 1252 1041 quem
1325 980 1382 1026 et
1438 969 1660 1041 generis
1717 969 1991 1037 originem

2111 969 2631 1039 προετοιμασθεῖσαν
2658 972 2962 1043 ἐπικαίρως
2993 970 3283 1042 παρέδειξε
3336 969 3741 1043 μνηστευθεὶι

397 1059 673 1126 rcfercns,
715 1070 775 1117 ut
807 1063 1251 1134 uniuscujusque
1290 1063 1573 1134 generatio
1605 1076 1730 1117 sese
1771 1060 1987 1126 haheat,

2111 1077 2202 1114 ταν
2240 1062 2316 1134 τῷ
2350 1064 2417 1117 ἐκ
2452 1063 2617 1118 Δαυῒδ
2655 1065 2855 1137 Ἰωσὴφ
2883 1067 2961 1130 ὡς
2997 1066 3289 1136 ὁμόφυλον,
3322 1066 3406 1120 ὅτι
3437 1065 3525 1137 μὴ
3555 1063 3740 1133 θέμις

397 1151 648 1206 vicissim
695 1152 1016 1225 descripsit,
1064 1163 1232 1226 atque
1279 1154 1433 1207 illinc
1481 1167 1679 1207 rursus
1719 1167 1891 1223 usque
1922 1149 1991 1205 ad

2111 1154 2159 1212 ιδ
2182 1155 2413 1211 παλαιὸν
2459 1158 2868 1230 ἀναμίγνυσθαι
2916 1161 3060 1233 φυλῇ
3093 1160 3291 1234 φυλήν,
3343 1161 3378 1232 ἢ
3432 1162 3740 1233 σκήπτρῳ

395 1240 701 1315 Josephum
732 1245 959 1301 Davidis
990 1256 1350 1317 pronepotem
1389 1242 1770 1315 generationis
1815 1241 1985 1296 histo-

2111 1249 2381 1320 τκῆπτρον
2406 1250 2869 1322 ἐπιφυλλίζεσθαι.

398 1338 539 1391 riam
607 1341 882 1395 concinne
931 1342 1250 1404 subtexens,
1320 1338 1588 1410 virginem
1634 1351 1665 1392 e
1728 1335 1993 1391 Davidica
2032 1340 2207 1413 stirpe
2251 1356 2544 1413 exortam,
2594 1355 2761 1417 atque
2834 1346 3113 1419 gignendo
3161 1346 3273 1402 Deo
3332 1352 3739 1417 praeparatam

397 1424 639 1497 Josepho
668 1444 735 1483 ex
772 1428 976 1483 Davide
1008 1430 1269 1495 oriundo,
1315 1437 1506 1500 utpote
1540 1427 1662 1499 ejus
1692 1427 2102 1497 contribulem,
2157 1432 2333 1491 fuisse
2392 1446 2619 1508 nuptam
2679 1449 3013 1511 opportune,
3046 1440 3478 1503 demonstravit,
3530 1453 3741 1509 quan-

399 1523 698 1592 doquidem
730 1523 893 1580 nefas
940 1525 1045 1579 fuit
1094 1526 1407 1597 antiquitus
1459 1525 1668 1580 tribum
1706 1523 1872 1578 tribui
1931 1526 2308 1597 commisceri,
2354 1541 2410 1587 et
2473 1534 2639 1591 unius
2682 1536 2863 1592 tribus
2916 1550 3199 1609 scrptrum
3267 1546 3492 1608 sceptro
3585 1535 3741 1591 alte-

402 1625 522 1677 rius
553 1621 751 1677 inseri.
2604 1676 2609 1679 _

475 1712 706 1783 Magnus
758 1712 930 1785 igitur
996 1713 1312 1782 patriarcha
1365 1729 1397 1769 e
1440 1720 1613 1778 terra,
1668 1712 1759 1768 cui
1789 1727 1995 1768 nomen

2168 1710 2356 1775 Οὕτως
2377 1711 2441 1786 δὴ
2463 1712 2646 1768 τοίνυν
2693 1716 2722 1769 ὁ
2752 1715 2929 1785 μέγας
2959 1716 3018 1774 ἐν
3057 1714 3433 1787 πατριάρχαις
3479 1714 3559 1768 ἐκ
3618 1712 3734 1784 γῆς

399 1804 676 1870 Charran,
718 1820 750 1859 a
784 1805 894 1861 Deo
925 1808 1080 1862 exire
1100 1806 1322 1877 jussus,
1355 1805 1423 1861 ad
1471 1806 1874 1876 promissiones
1905 1818 1998 1860 as-

2111 1805 2328 1876 Καρρὰν
2379 1805 2486 1860 ὑπὸ
2541 1806 2680 1860 Θεοῦ
2743 1809 3093 1880 μετανάστης
3130 1808 3499 1881 καλούμενος,
3536 1810 3728 1881 ἤγετο

401 1898 717 1968 sequendas
746 1899 1080 1963 ducebatur,
1126 1915 1361 1969 quarunt
1400 1898 1647 1954 nondum
1693 1899 1848 1970 signa
1888 1898 1999 1955 ulla

2111 1898 2426 1969 τευξόμενος
2447 1898 2556 1953 τῶν
2580 1901 2953 1969 ἐπαγγελιῶν,
3003 1897 3079 1957 ὧν
3107 1900 3265 1958 οὖπω
3323 1903 3530 1974 μικρὸν
3589 1905 3730 1958 ὅσον

400 1992 889 2062 quantulacunque
943 2000 1073 2049 ante
1119 2002 1407 2065 acceperat
1456 1992 1605 2063 (l6);
1656 1993 1815 2063 signa
1853 1991 2000 2046 enim

2111 1989 2444 2061 προειλήφθη
2476 1989 2547 2044 τὰ
2580 1989 2830 2061 σύμϐολα
2857 2008 2871 2022 ⁸
2907 1992 3158 2064 σύμϐολα
3191 1992 3303 2064 γὰρ
3330 1992 3442 2046 τῶν
3475 1992 3728 2062 p.311“.-

400 2080 716 2137 l'nturoruin
783 2097 847 2137 ea
898 2091 1074 2148 sunt,
1137 2097 1266 2153 qua:
1327 2082 1503 2136 multo
1562 2089 1691 2135 ante
1747 2088 1999 2148 tempore

2111 2100 2212 2138 των
2240 2084 2309 2139 τὰ
2341 2083 2512 2138 πάλαι
2552 2084 2879 2155 τελούμενα.
2908 2086 3018 2140 Καὶ
3063 2086 3166 2157 τῆς
3221 2087 3322 2156 μὲν
3350 2085 3579 2149 ἐλπίδος
3606 2085 3725 2138 τῶν

400 2180 902 2242 praemonstrantur
922 2172 1061 2245 (l7).
1091 2171 1280 2244 Neque
1313 2181 1499 2228 tamen
1541 2178 1997 2227 testamentorum

2111 2175 2376 2248 διαθηκῶν
2397 2177 2459 2230 οὐ
2486 2176 2779 2249 διεψεύσθη
2806 2216 2822 2242 ,
2858 2178 2963 2249 τῆς
2998 2176 3360 2250 κληροδοσίας
3391 2177 3450 2232 δὲ
3480 2179 3590 2250 τῆς
3610 2177 3722 2249 γῆς

400 2279 500 2334 spe
526 2265 753 2333 decidit,
782 2266 879 2323 sed
921 2274 1086 2322 terrae
1108 2281 1234 2339 qua:
1276 2264 1380 2321 sibi
1410 2264 1467 2320 in
1499 2272 1703 2321 sortem
1734 2263 1862 2317 data
1892 2268 1998 2325 est,

2111 2268 2182 2339 μὴ
2213 2266 2597 2339 διαμαρτήσας
2624 2268 2915 2339 τετύχηκε.
2952 2269 3054 2324 Σοί
3099 2269 3229 2339 γὰρ,
3258 2267 3357 2323 καί
3404 2267 3489 2334 τῷ
3515 2268 3716 2337 σπέρ-

401 2358 552 2413 nulla
582 2357 910 2427 deceptione
952 2338 1186 2430 comptis
1223 2369 1314 2413 est
1342 2356 1546 2412 factus.
1589 2355 1711 2411 Tibi
1755 2356 1920 2421 enim,
1949 2362 2000 2406 et

2111 2338 2244 2427 ματί
2274 2372 2393 2413 σου
2421 2338 2617 2423 δώσω,
2658 2338 2819 2429 φησὶ,
2856 2359 2974 2429 τὴν
3010 2338 3131 2430 quir-
3153 2361 3386 2428 ταύτην
3413 2360 3573 2430 πρὸς
3602 2361 3712 2415 αὐ-

401 2448 594 2503 sentini
647 2456 737 2501 tuo
793 2448 885 2519 (ad
938 2463 1064 2503 eum
1119 2449 1300 2518 inquit
1378 2449 1769 2503 universorum
1828 2444 2000 2518 Deus)

401 2541 541 2595 dabo
583 2550 781 2594 terram
820 2539 992 2604 hanc;
1023 2557 1148 2594 nam
1177 2541 1234 2595 in
1266 2540 1466 2596 semine
1512 2550 1604 2595 tuo
1630 2539 2003 2614 benedicentur

405 2650 586 2688 omnes
607 2632 775 2687 tribus
811 2642 968 2688 terra:
1007 2632 1054 2687 τ.
1086 2632 1298 2688 Revera
1317 2632 1489 2698 enim,
1526 2641 1587 2685 ut
1611 2629 1803 2686 divino
1833 2630 1999 2685 etiam

402 2725 580 2782 Paulo
618 2727 877 2782 videtur:
926 2724 1158 2781 Abt-alue
1199 2725 1515 2794 promittens
1553 2722 1718 2789 Deus,
1745 2723 2014 2795 quoniam'

405 2821 666 2875 neminem
702 2820 911 2884 habuit,
941 2834 1034 2888 per
1070 2834 1225 2889 quem
1261 2817 1499 2888 juraret,
1528 2817 1810 2887 majorem,
1835 2817 2001 2887 jura-

403 2913 478 2967 eit
503 2927 597 2981 per
612 2910 953 2979 sentetipsum
969 2909 1149 2965 dicens
1168 2926 1189 2966 :
1210 2906 1338 2964 Nisi
1359 2908 1668 2963 benedicens
1696 2907 2001 2962 benedicant

406 3004 540 3071 tibi,
570 3013 622 3058 et
658 3002 1025 3071 multiplicans
1056 3000 1430 3072 multiplicabo
1460 3010 1527 3055 te.
1562 2998 1633 3054 Et
1661 2999 1761 3065 sic,
1798 2999 1999 3069 inquit,

406 3096 787 3168 longanimiter
829 3094 1004 3165 ferens
1058 3094 1286 3164 adeptus
1324 3102 1403 3149 est
1452 3092 1918 3163 repromissionem
1951 3092 1999 3144 ε.

405 3186 697 3254 Quomodo
725 3200 882 3253 vero,
908 3194 964 3242 et
984 3200 1095 3256 qua
1123 3184 1211 3240 via
1236 3199 1361 3256 quae
1390 3184 1497 3254 ipsi
1533 3182 1811 3255 promissa
1846 3190 1999 3247 sunt,

406 3282 591 3353 reipsa
637 3280 948 3347 evenerint,
988 3280 1118 3337 hinc
1150 3296 1491 3351 cognosces,
1529 3279 1576 3336 si
1619 3294 1733 3334 rem
1771 3284 1829 3332 ut
1875 3290 2003 3330 vere

406 3390 531 3432 sese
580 3375 750 3432 habet
799 3375 1145 3432 consideres.
1208 3372 1511 3445 Postquam
1566 3372 1714 3428 enim
1763 3370 1832 3427 ad
1876 3385 2001 3426 eum

2101 2451 2211 2505 τὸν
2238 2453 2272 2506 ὁ
2295 2449 2416 2505 τῶν
2445 2451 2607 2506 ὅλων
2636 2455 2782 2519 Θεός
2805 2469 2820 2484 ⁸
2850 2453 2920 2507 ἐν
2971 2454 3085 2523 τὰρ
3118 2453 3203 2519 τῷ
3257 2454 3569 2522 σπέρματί
3593 2471 3709 2509 σου

2102 2547 2625 2616 εὐλογηθήσονται
2659 2544 2854 2601 πᾶσαι
2883 2547 2944 2600 αἱ
2966 2546 3157 2614 φυλαὶ
3186 2545 3300 2614 τῆς
3320 2545 3457 2615 γῆς.
3484 2546 3580 2617 Τῷ
3597 2547 3693 2600 ὄντι

2101 2638 2234 2711 γὰρ,
2263 2638 2340 2703 ὡς
2362 2639 2457 2693 καὶ
2482 2638 2561 2709 τῷ
2590 2638 2865 2709 θεσπεσίῳ
2892 2637 3091 2710 Παύλῳ
3111 2638 3281 2703 δοκεῖ,
3331 2638 3420 2705 Τῷ
3458 2640 3698 2709 Ἀϐραὰμ

2102 2729 2611 2801 ἐπαγγειλάμενος
2633 2731 2667 2783 ό
2701 2728 2868 2796 Θεὸς,
2896 2730 3023 2784 ἐπεὶ
3068 2730 3199 2784 κατ’
3236 2728 3496 2796 οὐδενὸς
3514 2729 3705 2800 μείζο-

2101 2839 2210 2888 νος
2233 2818 2400 2893 εἶχεν
2432 2823 2670 2892 ὀμόσαι,
2700 2819 2902 2891 ὤμοσε
2928 2822 3059 2877 καθ’
3081 2821 3326 2887 ἑαυτοῦ,
3367 2821 3572 2893 λέγων
3592 2838 3606 2852 ⁸
3646 2820 3713 2876 Ἠ

2101 2914 2184 2984 μὴ
2226 2911 2497 2983 εὐλογῶν
2530 2912 2976 2983 εὐλογήσωσε,
3018 2914 3120 2969 καί
3174 2915 3509 2984 πληθύνων
3553 2917 3712 2980 πλη·

2103 2982 2264 3063 θυ-νῶ
2291 2982 2386 3061 σε.
2413 3005 2527 3061 Kal
2554 3007 2730 3067 οὕτω,
2748 2982 2751 2983 ν
2771 3008 2930 3077 φησι,
2943 2982 3421 3077 μακροθυμήσας
3447 3003 3713 3074 ἐπέτυχε

2102 3097 2216 3168 τῆς
2247 3099 2635 3169 ἐπαγγελίας.
2689 3097 2815 3162 Πῶς
2847 3098 2926 3163 δέ,
2959 3098 3056 3153 καὶ
3083 3098 3207 3152 τίνα
3239 3097 3442 3170 τρόπον
3481 3097 3539 3150 αξ
3570 3096 3714 3168 πρὸς

2103 3189 2267 3245 αὑτὸν
2298 3191 2624 3261 ἐπαγγελίαι
2649 3189 2788 3262 πρὸς
2816 3189 2995 3263 πέρας
3019 3190 3303 3262 διέϐησαν,
3321 3189 3477 3244 ἔνθεν
3507 3187 3575 3243 ἂν
3609 3188 3713 3259 μά-

2105 3283 2241 3350 θοις,
2289 3283 2429 3355 μετὰ
2455 3284 2553 3354 τῆς
2585 3283 2846 3355 ἀληθείας
2884 3282 3286 3354 σκοπούμενος.
3332 3281 3556 3353 Ἐπειδὴ
3596 3282 3713 3353 γὰρ

2104 3375 2210 3446 ἔφη
2262 3375 2399 3446 πρὸς
2430 3376 2594 3430 αὐτὸν
2621 3376 2841 3430 όπὰλαι
2884 3375 3235 3447 χρηματίσας
3280 3374 3437 3440 Θεὸς,
3496 3375 3579 3427 ὅτι
3620 3375 3714 3426 Ἑν

405 3467 580 3531 dixit,
620 3466 717 3540 qui
769 3460 907 3523 Elim
946 3474 1218 3540 responsa
1265 3467 1436 3522 dabat
1475 3466 1667 3527 Deus;
1722 3462 1791 3519 In
1838 3462 2000 3518 Isaac

2118 3467 2326 3522 Ἰσαὰκ
2349 3467 2725 3535 κληθήσεταί
2757 3482 2858 3522 σοι
2890 3466 3164 3538 σπέρμα·
3199 3467 3300 3522 καὶ
3321 3471 3713 3537 πληροφορη-

406 3556 687 3611 vocabitur
727 3558 825 3613 tibi
865 3575 1083 3626 semen,
1134 3560 1432 3615 certissime
1477 3558 1651 3614 sciens
1704 3556 1847 3629 quod
1882 3572 2002 3627 qua:

406 3651 681 3719 promisit,
726 3662 914 3721 potens
958 3664 1039 3709 est
1089 3653 1405 3722 adimplere,
1450 3666 1763 3723 quanquam
1810 3665 2003 3719 cogno-

408 3751 576 3796 sceret
615 3758 808 3812 corpus
848 3760 1006 3798 suum
1024 3744 1147 3815 jam
1183 3730 1385 3798 viribus
1406 3758 1522 3798 esse
1546 3740 1720 3811 effetis
1765 3740 2002 3810 (centum
2044 3774 2053 3779 -

407 3831 671 3902 siquidem
688 3852 857 3892 annos
879 3846 1041 3892 natus
1066 3837 1228 3902 erat),
1244 3845 1297 3891 et
1319 3850 1447 3902 pene
1463 3840 1762 3888 emortuam
1792 3830 2003 3886 ualeam

407 3924 564 3982 Sam
591 3928 619 3967 δ
641 3968 659 3992 ,
682 3927 753 3985 de
778 3929 967 3985 divina
1013 3939 1201 3984 tamen
1240 3925 1610 3999 promissione
1649 3938 2001 3995 nequaquam

411 4019 673 4090 ambagis,
703 4021 801 4077 sed
824 4021 969 4078 dans
990 4022 1226 4093 gloriam
1262 4021 1372 4077 Deo
1406 4018 1515 4076 ﬁde
1552 4020 1853 4075 roboratus
1893 4024 2001 4073 est.

485 4110 836 4185 Quapropter
863 4116 990 4187 jure
1016 4117 1232 4186 optimo
1260 4115 1694 4185 promissionem
1727 4120 1814 4169 est
1847 4125 2005 4167 asse-

410 4218 596 4266 cutus.
632 4208 768 4264 Nam
813 4208 1159 4280 promissum
1206 4207 1462 4280 possedit
1502 4207 1700 4273 ﬁlium,
1741 4205 1838 4277 qui
1879 4218 2006 4275 quae

409 4307 688 4373 promissa
739 4301 981 4368 fuerant,
1043 4301 1292 4373 recepit;
1348 4316 1587 4370 cumque
1633 4299 1740 4356 sibi
1794 4297 2001 4370 gemini

407 4397 526 4452 nati
560 4404 753 4452 essent.
789 4396 910 4460 lilii,
951 4404 1417 4451 testamentorum
1466 4393 1697 4459 haeredi,
1738 4394 1835 4463 qui
1876 4391 2004 4447 dolo

411 4488 840 4559 promissionem
874 4486 1185 4544 suffuratus
1212 4495 1299 4544 est
1339 4486 1730 4557 suppositione
1778 4484 2001 4550 matris,

409 4578 857 4633 benedictionem
880 4576 1212 4648 impertivit,
1247 4593 1314 4634 ex
1349 4593 1465 4648 quo
1490 4577 1789 4633 duodecim
1823 4576 2006 4632 tribus

409 4687 442 4724 c.
469 4667 712 4723 diversis
760 4668 933 4724 ramis
963 4667 1230 4725 feraciter
1269 4670 1653 4738 pullularunt;
1696 4669 2007 4739 harumque

409 4763 525 4818 duo
563 4771 783 4833 sceptra
830 4763 1041 4820 honore
1071 4765 1261 4822 addito
1289 4764 1431 4822 bene
1467 4767 1770 4822 admodum
1803 4776 2006 4835 praetu-

2109 3560 2237 3626 θεὶς
2260 3560 2351 3614 ὅτι
2379 3559 2411 3614 ὃ
2467 3559 2834 3631 ἐπήγγελται
2870 3560 3135 3628 δυνατός
3163 3560 3297 3615 ἐστι
3353 3559 3676 3630 πληρῶσαι
3694 3576 3708 3589 ⁸

2109 3653 2208 3708 καὶ
2251 3654 2584 3721 κατενόησε
2638 3654 2755 3723 μὲν
2792 3654 2862 3709 τὸ
2899 3652 3121 3709 ἑαυτοῦ
3159 3652 3336 3721 σῶμα
3380 3651 3498 3721 ἤδη
3536 3668 3714 3706 νενε-

2110 3747 2439 3817 κρωμένον,
2476 3747 2914 3815 ἐκατονταέτης
2948 3762 3070 3802 που
3108 3745 3422 3815 ὑπάρχων,
3463 3746 3563 3800 καί
3591 3744 3715 3811 τὴν

2109 3839 2411 3907 νέκρωσιν
2448 3836 2556 3908 τῆς
2593 3837 2830 3908 μήτρας
2866 3838 3137 3909 Σιίρῤας·
3163 3839 3257 3903 ἐίς
3286 3835 3343 3890 δὲ
3390 3837 3490 3903 τὴν
3534 3838 3711 3904 ἐπαγ-

2111 3930 2298 4000 γελίαν
2327 3929 2422 3984 τοῦ
2470 3928 2606 3983 Θεοῦ
2632 3930 2694 3983 ού
2723 3930 2997 4001 διεκρίθη,
3047 3928 3165 3983 ἀλλ’
3208 3928 3594 4000 ἐνεδυναμώθη
3642 3929 3713 3999 τῇ

2111 4024 2294 4077 πίστει
2317 4021 2441 4088 δοὺς
2473 4020 2633 4087 δόξαν
2674 4022 2754 4094 τῷ
2798 4021 2938 4093 Θεῷ.

2182 4114 2426 4177 Εἰκότως
2468 4114 2578 4185 ἄρα
2602 4112 2829 4183 καὶτῆς
2887 4111 3227 4183 ἐπαγγελίας
3280 4111 3574 4185 τετύχηκε,
3617 4112 3718 4167 καὶ

2109 4210 2203 4264 τὸν
2240 4205 2655 4277 ἐπαγγελθέντα
2689 4205 3111 4277 προσεκτήσατο
3164 4190 3356 4272 παῖδα,
3388 4204 3482 4260 τὸν
3507 4206 3578 4259 τὰ
3609 4207 3717 4258 ἐπ-

2110 4298 2429 4373 ηγγελμένα
2455 4296 2751 4368 δεξάμενον
2771 4309 2786 4323 ⁸
2818 4294 2878 4359 ὃς
2923 4296 3102 4350 καίτοι
3133 4295 3372 4366 διδύμων
3408 4295 3560 4367 αὑτῷ
3604 4295 3718 4349 τῶν

2111 4391 2347 4447 παιδίων
2370 4390 2763 4460 συσπαρέντων
2779 4432 2794 4458 ,
2823 4389 2917 4443 τὸν
2939 4389 3279 4461 κληρονόμον
3301 4390 3411 4443 τῶν
3438 4389 3714 4459 διαθηκῶν

2111 4485 2250 4557 δόλῳ
2265 4483 2574 4554 κεκλοφότα
2592 4481 2690 4555 τὴν
2712 4481 3049 4551 ἐπαγγελίαν
3066 4482 3317 4555 ὑποθήκῃ
3332 4484 3430 4552 τῆς
3445 4482 3710 4552 τεκούσης

2109 4577 2444 4648 ηὑλόγησεν,
2473 4573 2533 4639 ἐξ
2560 4565 2619 4628 οὗ
2650 4574 2710 4629 τὸ
2737 4573 3119 4644 δωδεκάφυλον
3146 4576 3211 4628 ἐκ
3227 4573 3500 4644 διαφόρων
3526 4575 3710 4645 ὁρπὴ-

2113 4689 2227 4727 κων
2248 4667 2496 4739 εὐφόρως
2514 4666 2819 4737 ἐϐλάστησε
2844 4681 2857 4695 ⁸
2889 4665 2985 4719 καὶ
3015 4665 3224 4720 τούτων
3254 4663 3314 4720 εὖ
3344 4667 3490 4736 μάλα
3522 4666 3591 4719 τὰ
3622 4665 3713 4718 δύο

2114 4765 2371 4836 σκῆπτρα
2397 4761 2531 4824 Θεὸς
2556 4759 2947 4832 ύπερτιμήσας
2974 4760 3268 4832 προέκρινε
3289 4775 3303 4790 ⁸
3350 4760 3498 4827 λέγω
3531 4760 3587 4813 δέ
3618 4758 3711 4813 τοῦ

410 4853 476 4907 lit
515 4853 682 4920 Deus,
724 4867 1032 4928 sceptrum,
1086 4858 1338 4929 inquam,
1397 4859 1556 4926 Levi,
1603 4871 2001 4931 sceptrumque

2111 4857 2241 4915 Λευῖ
2294 4856 2391 4912 καὶ
2417 4853 2515 4909 τοῦ
2551 4852 2740 4907 Ἰούδα.
2784 4845 2887 4906 Ὧν
2911 4851 2990 4923 τῷ
3021 4852 3140 4923 μὲν,
3171 4852 3270 4921 ὀψὲ
3298 4854 3567 4924 πρότερον
3622 4853 3712 4906 τὸν

409 4942 574 4999 Jnda.
604 4945 853 5012 Quorum
881 4948 977 5002 uni
1009 4948 1170 5019 longe
1193 4960 1356 5006 antea
1391 4951 1688 5007 sacerdotii
1725 4951 2010 5022 poderem,

414 5047 468 5092 et
500 5039 976 5112 divinumephod,
1007 5053 1061 5098 et
1096 5043 1320 5110 tiaram,
1351 5054 1406 5100 et
1438 5053 1689 5099 sanctam
1721 5043 2010 5111 laminam,

412 5141 472 5188 et
514 5132 943 5189 manifestorum
1006 5137 1278 5191 rationale
1333 5135 1542 5213 (18)pin
1582 5151 1781 5191 manus
1828 5135 2012 5203 dedit;

412 5243 541 5297 qua:
572 5228 759 5282 omnia
798 5229 1030 5300 majoris
1067 5228 1364 5285 sacerdotii
1396 5242 1559 5301 typus
1613 5238 1804 5285 essent
1840 5236 2009 5298 atque
2046 5280 2050 5284 .

415 5324 630 5391 ﬁgura;
692 5324 853 5378 alteri
907 5339 1042 5378 vero
1094 5324 1331 5380 thronus
1385 5324 1613 5394 regius,
1670 5332 1724 5378 et
1783 5324 2005 5378 decoris

414 5416 691 5479 diadema,
722 5432 900 5487 eaque
940 5415 1186 5485 dignitas
1216 5430 1343 5470 cum
1381 5416 1708 5471 chrismatis
1741 5418 2004 5471 unctione

415 5506 595 5559 delata
628 5516 732 5573 est,
766 5517 824 5561 ut
853 5508 1070 5561 caeteris
1116 5507 1374 5563 tribubus
1409 5510 1752 5578 praesideret,
1788 5509 2003 5580 populi-

491 5660 680 5719 fGen.
748 5661 1092 5729 7;!Xtt,18.
1196 5665 1221 5703 ⁸
1256 5660 1424 5722 Hebr.
1480 5682 1558 5729 νι,
1627 5665 1806 5720 ίὸοίὸ.

489 5821 605 5891 (Hi)
647 5817 805 5874 Verte
829 5823 1090 5895 omnino:
1126 5821 1409 5892 paululum
1447 5834 1574 5877 ante
1607 5826 1763 5893 signa
1800 5838 2003 5895 prteoc-

417 5902 615 5958 cupata
661 5899 897 5946 Inerant.
937 5894 1075 5948 GM...

492 5963 603 6035 in;
641 5960 833 6029 Erant,
866 5965 1240 6047 tjttze.pridcnt
1275 5963 1502 6023 ﬁebant.
1532 5962 1664 6020 Gn.

2106 4951 2207 5022 τῆς
2242 4947 2517 5018 ίερατείας
2534 4947 2770 5017 ποδήρη,
2800 4946 2896 5000 καὶ
2924 4946 2985 4999 τὸ
3008 4946 3149 4999 θεῖον
3172 4946 3358 5016 ἐφοίιδ,
3383 4945 3485 5016 τὴν
3516 4947 3712 5017 μίτραν

2107 5060 2165 5097 τε
2196 5044 2289 5097 καὶ
2320 5043 2422 5112 τῆς
2449 5039 2734 5109 ἁγιστείας
2762 5039 2822 5092 τὸ
2856 5038 3107 5100 πέταλον,
3146 5039 3241 5092 καὶ
3291 5039 3351 5092 τὸ
3380 5038 3490 5093 τῶν
3537 5038 3710 5109 δήλων

2107 5136 2482 5206 ἐγκεχείριστο
2516 5135 2747 5201 λογεῖον,
2781 5132 2921 5202 πρὸς
2952 5132 3199 5203 μείζονος
3245 5131 3525 5204 ίερατείας
3575 5149 3708 5200 προ-

2106 5229 2389 5283 τύπωσιν·
2420 5228 2500 5298 τῷ
2526 5226 2612 5285 δὲ.
2647 5226 2741 5279 τὸν
2799 5225 3073 5296 βασίλειον
3108 5224 3318 5293 θρόνον,
3365 5224 3459 5277 καὶ
3502 5223 3565 5276 τὸ
3615 5220 3708 5276 τοῦ

2110 5323 2346 5387 κάλλους
2371 5321 2632 5392 διάδημα,
2671 5321 2858 5374 καὶτὸ
2902 5319 3095 5373 πασῶν
3138 5316 3565 5389 ὑπερκαθῆσθαι
3603 5315 3739 5375 τῶν,

2114 5417 2334 5485 φυλῶνο
2374 5417 2509 5487 προς
2539 5414 2618 5476 δὲ,
2681 5415 2776 5469 καὶ
2808 5415 2870 5468 τὸ
2923 5413 3254 5485 δημαγωγὸς
3286 5404 3427 5463 εἶναι
3488 5409 3586 5462 σὺν
3634 5407 3709 5479 τῷ

2113 5507 2376 5578 χρίσματι
2407 5506 2665 5560 sesamo.
2693 5500 2785 5568 Ui;
2816 5509 2842 5559 ὁ
2876 5505 2971 5559 τοῦ
2997 5504 3133 5558 Θεοῦ
3152 5506 3279 5567 παῖς
3298 5503 3327 5554 ὁ
3359 5501 3709 5573 προαιώνιος,

1936 5666 1964 5707 1·
2015 5627 2178 5731 Prom,
2216 5683 2291 5732 tv,
2362 5663 2449 5720 l9.

2185 5824 2298 5893 (l8)
2335 5823 2503 5880 Refer
2541 5825 2606 5878 ad
2645 5826 2957 5878 doctrinam.
2989 5833 3047 5893 et
3092 5821 3391 5893 ueritatem,
3424 5819 3543 5877 sive
3574 5817 3706 5875 urlm

2113 5908 2167 5955 et
2196 5890 2480 5951 tltummim
2510 5895 2708 5967 (Exod.
2759 5909 2956 5960 nun,
2991 5892 3105 5965 50).
3140 5890 3278 5947 Gn.
