3966 6534
266 519 383 587 827
1439 532 1876 597 S.ANDRE1E
1933 539 2362 603 CRETENSIS
3457 533 3588 599 828

271 655 335 694 ra
393 651 449 693 et
479 638 624 697 ordo
661 656 788 700 sese
816 642 1086 701 haberet.
1137 646 1329 719 Neque
1363 652 1511 706 enim
1561 654 1864 722 quidquam

1996 659 2133 709 παντὶ
2162 658 2263 721 τὰς
2297 656 2602 720 Μωσαῖκὰς
2638 656 2744 711 ἀνὰ
2767 655 2958 726 χεῖρας
2988 653 3305 709 ἀναλαϐόντι
3325 652 3584 723 βεῦλους.

274 733 517 788 aliettum
553 750 581 787 a
609 736 811 794 divinae
838 737 1211 796 Providentia:
1245 759 1417 814 scopo
1452 748 1709 800 universa
1753 764 1866 800 mo-

1996 748 2024 813 ξ
2052 750 2224 819 αὐτῆς
2253 750 2316 821 δή
2342 767 2421 804 τοι
2443 750 2544 819 τῆς
2567 749 2957 818 κςισμογενείας
2988 749 3092 801 τῶν
3122 747 3305 816 φυλῶν
3327 746 3590 814 ἑκάστης

273 829 456 881 ventis
485 837 650 898 atque
679 832 1027 889 moderantis
1050 875 1064 899 ,
1099 835 1334 906 ipsemet
1379 854 1409 891 a
1463 838 1676 908 meipso
1713 854 1865 895 com-

1996 843 2089 907 οὺς
2130 842 2369 914 κλήρους
2397 841 2764 913 καταμαθεῖν,
2809 840 2903 903 οὓς
2938 842 2997 893 ἐν
3022 838 3296 907 εὐλογίαις
3328 837 3436 909 ἰδίᾳ
3457 840 3589 901 τοῖς

275 928 496 975 mentus
551 938 713 990 sum,
753 928 849 979 sed
881 929 1267 982 tantummodo
1296 945 1419 1000 quae
1456 929 1524 983 ab
1558 930 1650 984 illa
1715 930 1865 984 circa

1996 934 2125 985 :atsl.
2156 933 2444 997 λαλοῦντος
2468 935 2526 987 ἐν
2558 934 2681 1005 ἐμοὶ
2710 933 2803 987 τοῦ
2836 931 2975 985 Θεοῦ
3004 931 3342 984 διετύπωσα.

276 1014 525 1085 singulos
555 1019 824 1088 praefinita
852 1031 1003 1085 sunt,
1038 1020 1396 1091 praevidendo
1453 1038 1578 1077 sum
1638 1024 2001 1081 vaticinatus.
2060 1025 2255 1084 Liceat
2330 1045 2468 1085 sane
2520 1030 2841 1099 cuicunque
2907 1027 3117 1082 volenti
3172 1027 3454 1081 Mosaicos
3505 1025 3593 1081 li-

276 1108 406 1163 bros
439 1112 694 1168 manilius
724 1116 1002 1177 evolvere.
1038 1126 1207 1185 atque
1234 1132 1298 1169 ex
1333 1117 1453 1186 ipsa
1504 1118 1852 1188 singularum
1891 1121 2134 1177 tribuum
2165 1125 2573 1181 constitutione
2596 1134 2785 1180 sortes
2833 1138 3196 1195 cognoscere,
3266 1136 3406 1193 quas
3462 1121 3590 1177 sin—

277 1199 508 1269 gillatim
545 1203 669 1260 ﬁliis
704 1207 1085 1264 benedicendo
1123 1208 1346 1264 amante
1378 1209 1491 1265 Deo
1523 1211 1839 1278 designavi.

347 1332 469 1389 1am
524 1353 655 1394 vero
709 1342 870 1397 nobis
906 1344 1164 1413 deinceps
1195 1343 1266 1400 de
1319 1362 1426 1400 una
1476 1346 1867 1402 tantummodo

278 1427 426 1481 tribu
459 1431 644 1485 missis
664 1435 883 1489 caeteris
917 1436 1084 1489 verba
1130 1435 1313 1493 facere
1345 1440 1694 1508 propositum
1725 1439 1869 1502 erit,

283 1520 426 1573 unde
460 1519 605 1576 facili
631 1527 849 1595 negotio
880 1527 1099 1582 ostendi
1132 1519 1325 1597 possit,
1352 1531 1636 1586 Christum
1675 1546 1874 1586 secun-

281 1611 410 1663 dum
434 1627 657 1668 carnem
693 1631 723 1671 e
757 1615 982 1688 Virgine
1013 1629 1227 1684 natum,
1260 1638 1289 1675 e
1320 1623 1468 1676 tribu
1504 1620 1647 1677 Juda
1678 1623 1876 1676 oriun-

282 1700 415 1755 dum
451 1718 596 1765 csse.
639 1714 806 1773 atque
835 1713 1190 1764 temerarium
1246 1711 1487 1782 quodvis
1518 1728 1580 1767 os
1616 1714 1875 1767 obstrua-

284 1803 400 1857 tur,
441 1800 588 1867 quod
625 1798 784 1855 fateri
828 1803 988 1868 nolit,
1015 1804 1302 1859 Christum
1336 1821 1365 1858 e
1403 1806 1617 1861 semine
1652 1806 1876 1862 Davidis

290 1888 650 1955 proﬂuxisse.
689 1892 833 1959 Quid
860 1894 1032 1965 igitur
1056 1896 1235 1964 inquit
1266 1896 1462 1953 videns
1485 1938 1501 1961 ,
1529 1900 1877 1969 quandoqui-

287 1980 411 2034 dem
443 1984 642 2039 divina:
669 1984 891 2042 Littera:
917 1989 1020 2042 hoc
1056 1990 1282 2043 nomine
1314 2006 1412 2045 eos
1435 1992 1711 2061 appellare
1740 2007 1878 2046 con-
1912 1980 1953 2038 Β

288 2084 608 2134 sueverunt.
641 2078 842 2144 quibus
879 2092 1060 2134 mente
1101 2078 1269 2150 atque
1303 2082 1503 2151 spiritu
1541 2099 1626 2137 res
1664 2082 1881 2138 futuras

290 2162 574 2233 pervidere
610 2165 798 2222 datum
849 2180 927 2223 est
972 2170 996 2223 ?
1035 2170 1215 2234 Juda,
1261 2182 1308 2225 le
1350 2171 1649 2226 laudabunt
1684 2174 1906 2253 fratres,

290 2254 405 2315 tui;
431 2270 621 2309 manus
656 2266 758 2312 tua:
802 2259 858 2313 in
907 2262 1199 2314 cervicibus
1248 2263 1594 2317 inimicorum
1630 2275 1881 2328 tuorum;

289 2343 592 2398 adorabunt
616 2358 664 2402 te
688 2350 790 2415 ﬁlii
819 2353 990 2418 patris
1026 2352 1140 2405 tui.
1175 2350 1404 2406 Catulus
1454 2354 1620 2409 leonis
1687 2354 1883 2420 Iuda;

288 2449 356 2487 ea:
374 2438 629 2504 germine,
663 2439 744 2506 ﬁli
778 2442 871 2504 mi,
900 2443 1193 2496 ascendisti
1226 2459 1244 2497 :
1270 2445 1604 2513 requiescens
1628 2445 1887 2499 accubui-

290 2529 360 2579 sti
391 2537 447 2579 ut
479 2528 579 2592 leo,
615 2540 665 2584 et
690 2534 845 2598 quasi
877 2536 1087 2598 lerena;
1117 2536 1234 2604 quis
1265 2537 1545 2590 suscitabit
1574 2540 1736 2593 eum?
1766 2538 1890 2593 Non

292 2618 570 2687 auferetur
618 2634 883 2691 sceptrum
921 2626 985 2679 de
1018 2625 1189 2693 Juda,
1230 2639 1275 2682 et
1306 2628 1418 2682 dua:
1433 2630 1495 2682 de
1524 2629 1722 2699 femore
1751 2631 1889 2700 ejus,

292 2712 458 2764 συνιείς
483 2712 653 2765 veniat
675 2716 765 2783 qui
789 2717 1076 2771 mittendus
1107 2730 1206 2782 est,
1230 2729 1279 2773 et
1308 2720 1417 2784 ipse
1437 2722 1538 2775 erit
1563 2724 1890 2791 exspectatio

290 2802 551 2871 gentium.
609 2802 807 2874 Ligans
868 2809 937 2861 ad
992 2812 1199 2863 vineam
1258 2811 1467 2881 pullum
1519 2830 1715 2879 suum,
1750 2824 1798 2869 et
1820 2815 1889 2868 ad

230 2961 239 2969 _
294 2895 494 2957 vitem,
537 2911 567 2947 ο
599 2896 679 2963 ﬁli
709 2899 821 2963 mi,
868 2900 1087 2954 asinam
1139 2920 1314 2959 suam.
1384 2904 1608 2959 Lavabit
1672 2909 1727 2960 in
1767 2908 1891 2962 vino

293 2985 485 3039 stolam
515 3002 670 3040 suam
690 3030 704 3050 ,
733 3000 780 3042 et
805 2991 858 3044 in
883 2993 1142 3060 sanguine
1165 3011 1278 3049 uva:
1304 2995 1532 3064 pallium
1554 3013 1727 3052 suum.
1758 2997 1893 3052 Pul-

290 3078 526 3143 cariores
564 3091 691 3135 sunt
748 3086 891 3138 oculi
933 3085 1048 3154 ejus
1098 3088 1249 3151 vino,
1301 3096 1350 3140 et
1404 3088 1586 3142 dentes
1629 3090 1742 3158 ejus
1807 3091 1894 3143 la-

292 3181 373 3224 cte
392 3172 1101 3233 candidiores.Enitendum
1159 3182 1347 3248 itaque
1401 3182 1561 3236 nobis
1596 3182 1895 3246 est,utvi-

292 3259 527 3319 tleatnus
570 3265 623 3318 in
653 3281 764 3334 qua
798 3282 1058 3337 persona,
1095 3286 1273 3339 quove
1308 3280 1572 3342 tempore,
1607 3289 1726 3344 quat
1758 3275 1898 3329 vati-

292 3353 442 3408 cinio
491 3357 1053 3425 comprehenduntur,
1110 3363 1335 3432 impleta
1398 3365 1626 3419 fuerint.
1703 3330 1966 3421 Nonnec

295 3446 461 3526 plane
509 3451 886 3518 perspicimus
923 3454 976 3506 in
1033 3452 1259 3508 Christo
1309 3455 1454 3525 ipso,
1506 3458 1599 3526 qui
1645 3458 1894 3511 omnium

293 3524 548 3593 nostrum
591 3540 854 3597 Servator
902 3554 1011 3609 est,
1056 3561 1154 3616 per
1194 3524 1373 3617 legem
1410 3557 1465 3602 et
1498 3524 1799 3619 pr0phetas
1830 3549 1897 3603 ad

289 3631 502 3685 exitum
538 3643 667 3686 tunc
689 3634 859 3691 fuisse
886 3638 1149 3707 perducta
1173 3679 1190 3703 ,
1222 3654 1348 3693 eum
1377 3640 1594 3694 scilicet
1634 3641 1901 3695 extremis

295 3724 642 3792 temporibus
677 3727 992 3793 nobiscum,
1051 3731 1146 3800 qui
1191 3739 1487 3788 terrestres
1542 3749 1770 3799 smnus,
1816 3740 1901 3787 at-

293 3832 402 3885 que
455 3817 511 3871 in
559 3818 711 3875 hisce
748 3822 871 3876 imis
920 3826 1085 3881 terris
1125 3825 1525 3898 degimusjpse
1559 3828 1653 3899 qui
1690 3829 1901 3884 altissi-

301 3922 425 3961 mus
468 3906 610 3963 Deus
645 3919 754 3976 est,
790 3913 1033 3969 humana
1074 3915 1308 3972 indutus
1344 3932 1512 3972 carne
1547 3934 1903 3975 eonversare—

296 3998 427 4052 tur?
453 3997 587 4052 Nam
618 4004 911 4059 consilium
945 4006 1077 4060 illud
1107 4008 1254 4077 quod
1287 4009 1394 4062 sibi
1429 4021 1557 4065 ante
1589 4011 1789 4065 saecula
1833 4025 1901 4066 ex

297 4103 502 4143 arcano
547 4088 843 4158 Genitoris,
881 4094 1235 4167 Spiritusque
1267 4099 1903 4169 congenitibeueplacito

306 4184 636 4251 praeﬁnitum
668 4183 886 4252 fuerat,
921 4190 1102 4260 reipsa
1141 4190 1370 4262 exsequi
1400 4192 1611 4257 volens,
1645 4208 1711 4250 ex
1765 4193 1903 4250 Juda

299 4274 464 4329 veluti
495 4273 593 4331 llus
620 4279 977 4348 germinavit,
1012 4291 1184 4352 atque
1239 4299 1304 4338 ex
1341 4282 1568 4356 Virgine
1623 4286 1898 4344 Davidirae

300 4367 495 4436 Stirpis
533 4370 845 4424 secundum
898 4387 1118 4428 carnem
1167 4384 1333 4431 natus
1377 4384 1482 4431 est.
1547 4375 1705 4433 'l‘unc
1756 4380 1902 4435 enim

303 4459 459 4513 illum
496 4459 795 4518 laudarunt
829 4479 1023 4521 omnes
1067 4465 1273 4522 fratres
1304 4469 1433 4533 sui;
1472 4479 1745 4540 quotquot
1794 4471 1905 4526 sci-

300 4549 435 4606 licet
497 4568 623 4607 cum
672 4571 740 4609 eo
794 4555 1058 4612 aﬂinitate
1123 4559 1429 4628 conjuncti,
1489 4560 1689 4615 divinae
1738 4563 1905 4618 simul

2054 1348 2216 1417 Ἡμῖν
2246 1347 2301 1401 δὲ
2328 1347 2393 1420 δὴ
2428 1347 2527 1418 τῆς
2564 1348 2696 1418 μιᾶς
2730 1350 2854 1416 ἄρτι
2892 1346 3122 1418 μελήσει
3156 1344 3332 1417 φυλῆς
3358 1360 3371 1374 ·
3407 1344 3477 1398 δι’
3507 1339 3589 1417 ἧς

1972 1439 2359 1493 ἀποδεικνύναι
2396 1441 2577 1513 ῥᾴδιον
2626 1443 2719 1493 τὸν
2745 1440 2888 1494 κατὰ
2945 1440 3124 1509 σάρκα
3175 1439 3241 1490 ὲκ
3292 1436 3589 1507 Παρθένου

1974 1532 2149 1601 φύντα
2176 1532 2435 1603 Χριστὸν,
2463 1536 2561 1603 τῆς
2598 1532 2771 1586 Ἰούδα
2820 1528 3154 1604 κατηνέχθαι
3190 1527 3398 1598 ⁸φυλῆς,
3426 1527 3590 1591 ὅπως

1976 1624 2185 1677 εἰκαῖον
2215 1622 2361 1676 ἆπαν
2389 1624 2649 1694 ἐμφραγῇ
2685 1623 2861 1692 στόμα
2886 1621 2960 1693 μὴ
2982 1618 3280 1689 ὁμολογοῦν
3311 1620 3377 1673 ὲκ
3406 1618 3592 1691 σπέρ-

1984 1732 2156 1786 ματος
2187 1714 2351 1768 Δαυῒδ
2378 1714 2471 1768 τὸν
2502 1715 2738 1786 Χριστὸν
2776 1713 3117 1785 ἐληλυθέναι.
3139 1708 3205 1762 Ti
3231 1706 3326 1764 οὖν
3352 1726 3521 1779 φησιν
3554 1708 3591 1760 ὁ

1985 1806 2233 1875 βλέπων;
2266 1805 2408 1859 οὕτω
2438 1808 2549 1877 γὰρ
2579 1808 2612 1875 ἡ
2636 1803 2825 1876 Γραφὴ
2849 1804 3034 1857 καλεῖν
3062 1797 3171 1854 οἶδε
3193 1802 3319 1863 τοὺς
3345 1800 3590 1869 διορατι-

1984 1900 2115 1962 κοὺς
2140 1897 2238 1969 τὴν
2268 1898 2529 1952 διάνοιαν.
2574 1897 2792 1960 Ἰούδα,
2834 1896 2910 1950 σὲ
2933 1894 3291 1949 αὶνέσουσιν
3316 1895 3370 1945 οἱ
3401 1890 3590 1946 ἀδελ-

1982 1990 2085 2059 φοί
2119 2005 2236 2043 σου
2261 2007 2274 2021 ⁸
2329 1993 2388 2043 αἱ
2428 1989 2623 2058 χεῖρές
2662 2004 2799 2051 σου,
2839 1988 2938 2041 ἐπὶ
2976 1986 3169 2040 νώτου
3208 1982 3329 2037 τῶν
3352 1981 3594 2052 ἐχθρῶν

1984 2098 2099 2135 σου
2124 2098 2134 2109 ·
2179 2081 2692 2150 προσκυνήσουσί
2710 2096 2784 2134 σε
2809 2083 2865 2133 οἱ
2892 2078 3009 2132 υἱοὶ
3048 2077 3155 2131 τοῦ
3189 2078 3411 2142 πατρός
3439 2091 3589 2127 σου.

1984 2174 2262 2240 Σκύμνος
2296 2173 2545 2237 λέοντος
2580 2172 2767 2228 Ἰούδα
2788 2213 2802 2235 ,
2851 2171 2922 2224 ὲκ
2952 2167 3258 2234 βλαστοῦ,
3302 2165 3395 2220 υἱέ
3462 2182 3594 2234 μου

1986 2262 2210 2328 ἀνέὅης
2233 2279 2246 2294 ·
2283 2262 2610 2315 ἀναπεσὼν
2646 2258 2972 2328 ἐκοιμήθης
3011 2258 3091 2324 ὠς
3135 2256 3296 2311 λέων
3356 2254 3457 2307 καὶ
3506 2254 3596 2320 ὡς

1987 2354 2293 2420 σκύμνος·
2334 2352 2429 2417 τίς
2463 2351 3034 2420 ὴερεῖαὺτόν;οῠκ
3071 2348 3345 2415 ἐκλείψει
3384 2346 3597 2414 ἅρχων

1987 2442 2057 2506 ἐξ
2109 2442 2324 2504 Ἰούδα,
2367 2443 2466 2496 καὶ
2507 2444 2841 2512 ἡγούμενος
2876 2441 2947 2494 ἐκ
2983 2439 3104 2494 τῶν
3138 2436 3352 2507 μηρῶν
3372 2437 3593 2500 αὐτοῦ,

1988 2532 2101 2598 ἕως
2138 2531 2215 2587 ἂν
2252 2533 2399 2601 ἔλθῃ
2438 2532 2469 2586 ὃ
2508 2533 2838 2595 ἀπόκειται,
2881 2533 2976 2584 καὶ
3016 2530 3201 2595 αὐτὸς
3248 2527 3599 2597 προσδοκία

1991 2624 2202 2679 ἐθνῶν.
2246 2625 2564 2693 Δεσμεύων
2591 2618 3052 2691 πρόςνᾶμπελον
3089 2622 3197 2674 τὸν
3235 2619 3448 2673 πῶλον
3481 2624 3592 2672 αὐ-

1990 2718 2098 2771 τοῦ
2124 2758 2137 2781 ,
2198 2718 2295 2771 καὶ
2334 2718 2408 2786 τῇ
2444 2717 2597 2772 ἕλικι
2639 2718 2747 2770 τὸν
2782 2716 2990 2769 πῶλον
3028 2713 3139 2782 τῆς
3178 2714 3323 2767 ὄνου
3363 2713 3591 2766 αὐτοῦ·

1991 2811 2297 2865 πλυνεῖέν
2325 2812 2470 2876 οἴνῳ
2492 2809 2605 2877 τὴν
2642 2808 2877 2874 στολὴν
2906 2808 3115 2871 αὐτοῦ,
3157 2807 3253 2859 καὶ
3290 2806 3361 2858 ἐν
3384 2807 3592 2874 α7ματι

1993 2902 2312 2972 σταφυλῆς
2356 2901 2473 2971 τὴν
2532 2901 2865 2969 περιϐολὴν
2919 2899 3130 2953 αὐτοῦ.
3174 2898 3495 2966 Χαροποιοὶ
3536 2900 3592 2951 οι

1994 2994 2291 3064 ὀφθαλμοὶ
2324 2993 2512 3049 αὺτοῦ
2540 2994 2661 3047 ἀπὸ
2682 2994 2874 3055 οἴνου,
2907 2991 3006 3045 καὶ
3037 2975 3319 3045 λευκοὶόἱ
3347 2990 3592 3054 ὀδόντες

1992 3085 2183 3141 αὐτοῦ
2212 3086 2246 3154 ἢ
2270 3085 2428 3155 γάλα
2455 3085 2543 3157 (‘).
2584 3084 2899 3154 Σκοπητέον
2928 3082 3106 3136 τοίνυν
3127 3123 3140 3145 ,
3170 3083 3262 3134 ἐπὶ
3301 3083 3454 3145 τίνα,
3495 3081 3590 3133 καὶ

1996 3180 2129 3234 πότε
2153 3180 2222 3233 τὰ
2250 3183 2350 3252 τῆς
2401 3177 2741 3248 προφητείας
2792 3175 3219 3246 ἐκπεπλήρωται
3257 3173 3482 3249 ναύτης.
3516 3170 3591 3223 ‘II

1997 3273 2154 3342 δῆλον
2183 3273 2270 3325 ἐπ’
2301 3272 2461 3325 αὐτὸν
2483 3269 2596 3341 ὁρῶ
2621 3266 2712 3321 τὸν
2742 3268 2851 3321 τῶν
2886 3267 3147 3320 ἁπάντων
3170 3265 3328 3337 ἡμῶν
3360 3265 3589 3334 Σωτῆρα

1999 3363 2236 3436 Χριστὸν
2275 3362 2646 3433 ἐκϐεϐηκότα,
2696 3360 2787 3414 διά
2815 3377 2875 3413 τε
2926 3360 3092 3430 νόμου
3149 3361 3241 3412 καὶ
3271 3357 3586 3429 προφητῶν,

2000 3456 2163 3527 ήνίκα
2197 3455 2260 3526 δὴ
2292 3456 2424 3526 πρὸς
2450 3453 2526 3526 τῷ
2553 3453 2752 3525 πέρατι
2798 3453 2908 3506 τῶν
2942 3451 3152 3522 καιρῶν
3210 3453 3323 3514 τοῖς
3384 3452 3591 3520 χοῖκοῖς

1999 3548 2134 3616 ἡμῖν
2167 3545 2257 3599 διὰ
2306 3546 2510 3616 σαρκὸς
2546 3542 2923 3615 ἐπεχωρίαζεν
2952 3544 2978 3596 ὁ
3008 3542 3298 3614 ὑπέρθεος,
3334 3542 3433 3610 τὴν
3456 3558 3590 3610 προ·

1999 3638 2312 3709 ωρισμὲνην
2338 3635 2486 3707 αὐτῷ
2507 3635 2612 3707 πρὸ
2633 3635 2845 3688 αἰώνων
2865 3634 3059 3703 βουλὴν
3080 3635 3197 3703 κατ’
3211 3632 3461 3686 εὐδοκίαν
3490 3631 3591 3705 ἄῤ-

2003 3733 2165 3802 ρητον
2189 3728 2283 3784 τοῦ
2325 3731 2711 3799 Γεννήσαντος,
2748 3729 2841 3782 καὶ
2875 3726 2970 3781 τοῦ
3004 3726 3306 3794 συγγενοῦς
3335 3724 3591 3794 Πνεῦμα-

2001 3837 2112 3885 τος,
2162 3821 2244 3884 εἰς
2273 3821 2447 3892 πέρας
2477 3819 2632 3886 ἄγειν
2657 3818 3007 3888 βουλόμενος,
3041 3816 3101 3881 ἐξ
3130 3815 3303 3869 Ἰούδα
3332 3816 3432 3885 μὲν
3460 3816 3591 3869 ἀνα-

2001 3912 2291 3977 τέταλκεν,
2328 3915 2393 3966 ὲκ
2428 3911 2709 3984 Παρθένου
2741 3910 2798 3963 δὲ
2846 3912 2945 3980 τῆς
2990 3911 3055 3963 ὲκ
3096 3907 3259 3962 Δαυῖὸ
3313 3906 3593 3976 σαρκικῶς

2004 4006 2357 4078 προελήλυθε.
2388 4003 2704 4076 Τηνικαῦτα
2734 4004 2842 4073 γὰρ
2872 4002 3034 4056 αὑτὸν
3060 4002 3260 4074 ᾔνεσαν
3288 4003 3337 4054 οι
3372 4000 3595 4067 ἀδελφοὶ

2004 4098 2167 4153 αὐτοῦ
2194 4098 2394 4160 πάντες
2411 4113 2423 4124 ·
2454 4096 2612 4166 δῆλον
2639 4095 2716 4158 δὲ,
2755 4097 2868 4148 ὅσοι
2887 4097 2953 4164 τῇ
2981 4094 3119 4164 πρὸς
3140 4093 3301 4147 αὐτὸν
3324 4090 3594 4146 οἰκειώσει

2002 4193 2102 4262 τῆς
2130 4190 2326 4255 αὑτοῦ,
2349 4189 2706 4260 μετειλήφασι
2759 4188 3064 4251 κοινωνίας.
3110 4187 3350 4257 Ἀπειρα
3395 4185 3454 4238 δὲ
3502 4186 3597 4239 καὶ

2004 4283 2238 4356 ἀριθμοῦ
2269 4282 2497 4348 δύναμιν
2540 4279 2965 4351 ὑπερϐαίνοντα,
3018 4279 3087 4332 τὰ
3113 4281 3194 4341 εἰς
3224 4278 3464 4349 Χριστὸν
3494 4293 3595 4329 πε-

2006 4373 2340 4428 πιστευκότα
2368 4372 2549 4444 πλήθη
2571 4386 2586 4403 ⁸
2619 4371 2713 4434 οὒς
2744 4372 2837 4425 καὶ
2865 4373 2893 4424 ὁ
2922 4371 3124 4439 ὑψηλὸς
3144 4370 3402 4438 Ἰωάννης
3434 4372 3600 4424 αἰνιτ-

2004 4466 2253 4537 τόμενος,
2283 4464 2550 4533 ἐφασκεψ
2582 4460 2758 4517 Ὅσοι
2795 4463 2864 4515 δὲ
2883 4461 3108 4541 ἔλαϐον
3141 4462 3350 4525 αὐτὸν,
3374 4460 3599 4515 ἔδωκεν

2006 4556 2213 4623 αὐτοῖς
2231 4555 2522 4621 ἐξουσίαν
2558 4555 2742 4609 τέκνα
2768 4553 2916 4607 Θεοῦ
2950 4552 3258 4623 γενέσθαιο
3299 4553 3357 4607 οἳ
3392 4555 3504 4607 οὐκ
3530 4552 3601 4617 ἐξ

301 4654 518 4698 natura:
589 4648 892 4717 participes
950 4647 1081 4704 facti
1135 4659 1287 4706 sunt.
1350 4650 1623 4708 lmmensa
1669 4662 1891 4719 autem1

2009 4651 2290 4718 αἱμάτων,
2325 4647 2467 4702 οὐδὲ
2485 4648 2555 4700 ἐκ
2580 4647 2907 4716 θελήματος
2932 4645 3183 4715 σαρκὸς,
3206 4645 3347 4699 ἀλλ’
3367 4645 3434 4698 ἐκ
3451 4644 3600 4699 Θεοῦ

302 4752 636 4806 omnemque
669 4755 957 4794 numerum
1002 4742 1454 4811 supergrediens,
1490 4760 1683 4799 eorum
1713 4748 1901 4800 multi-

306 4827 441 4880 tudo
483 4837 572 4881 cst
619 4829 711 4897 qui
745 4829 800 4883 in
832 4828 1515 4888 Christqucrediderunt.
1554 4834 1706 4901 Quos
1734 4839 1898 4893 etiam

305 4918 563 4973 Sublimis
613 4920 705 4974 ille
753 4920 996 4977 Joannes
1033 4923 1187 4978 visus
1227 4934 1313 4979 est
1366 4925 1616 4991 inuuere,
1653 4928 1746 4981 ubi
1782 4929 1898 4981 ait:

305 5007 567 5076 Quotquot
594 5021 769 5064 autem
796 5024 1103 5084 receperunt
1137 5032 1278 5081 eum,
1305 5016 1451 5071 dedit
1472 5019 1550 5072 eis
1577 5030 1899 5089 potestatem

306 5102 449 5169 ﬁlios
510 5102 609 5157 Dei
656 5105 798 5174 ﬁeri,
830 5108 922 5176 qui
959 5124 1063 5161 non
1096 5123 1162 5162 ea:
1196 5110 1573 5179 sanguinibus,
1626 5128 1789 5182 neque
1837 5127 1903 5165 ea:

306 5195 582 5251 voluntate
609 5200 809 5259 carnis,
843 5199 935 5254 sed
967 5216 1032 5253 ex
1068 5199 1172 5254 Deo
1204 5203 1321 5255 nati
1353 5212 1481 5257 sunt
1517 5204 1542 5243 ¹ι
1576 5245 1589 5258 .
1640 5196 1903 5275 Quapro-

309 5296 430 5355 pter
467 5288 665 5343 fratres
700 5302 830 5345 suos
864 5307 1067 5347 vocare
1096 5308 1191 5348 eos
1214 5292 1340 5362 jure
1371 5295 1582 5365 optimo
1618 5312 1727 5351 non
1763 5313 1903 5352 cnn-

310 5376 597 5448 funditur,
659 5398 788 5436 eum
851 5400 1007 5453 aeque
1065 5394 1228 5455 atque
1284 5386 1399 5453 ipsi
1449 5390 1776 5459 sanguinem
1846 5400 1901 5444 et

306 5485 536 5525 carnem
602 5475 1071 5544 participaverit,
1156 5480 1624 5546 quemadmodum
1694 5480 1899 5537 Paulus

308 5577 608 5635 exclamat,
656 5578 824 5640 atque
872 5572 1070 5628 David.
1131 5573 1235 5629 llic
1295 5575 1572 5646 siquidem
1622 5577 1902 5648 spiritales
1953 5575 2223 5648 pulsando
2308 5571 2443 5626 lides

384 5765 410 5805 ⁸
444 5767 605 5823 Joau.
641 5787 678 5835 ι,
722 5773 807 5834 12,
858 5772 945 5828 15.

2009 4655 2290 4718 αἱμάτων,
2325 4655 2467 4702 οὐδὲ
2485 4655 2555 4700 ἐκ
2580 4655 2907 4716 θελήματος
2932 4655 3183 4715 σαρκὸς,
3206 4655 3347 4699 αλλ’
3367 4655 3434 4698 ἐκ
3451 4655 3600 4699 θεοῦ
3622 4666 3649 4725 ’ς

2008 4739 2448 4810 ἐγεννήθησαν.
2486 4737 2640 4790 Ἐπεὶ
2671 4739 2764 4790 καὶ
2801 4735 3065 4804 ἀδελφοὺς
3105 4734 3270 4788 αὑτοῦ
3302 4733 3490 4788 καλεῖν
3525 4655 3647 4863 εἰσὶ

2008 4832 2181 4863 ea-.-”
2207 4832 2307 4863 ...ευ
2347 4829 2731 4863 summa...“
2797 4828 3194 4863 ...μαθημα
3233 4827 3418 4863 ...οη-ηπ.
3473 4842 3619 4863 .m-_.

2007 4832 2181 4894 κότως
2207 4832 2309 4885 ούκ
2346 4829 2754 4900 ἐπαισχύνεται,
2797 4828 3194 4900 παραπλησίως
3232 4827 3418 4890 αὐτοῖς
3472 4827 3661 4949 μετ-ἰ,
3712 4904 3717 4911 _

2007 4920 2256 4967 serv-mai):
2287 4921 2517 4967 αἵματος
2553 4921 2645 4967 καὶ
2682 4920 2904 4967 annuo;
2953 4918 3029 4967 ti):
3084 4918 3183 4967 8οᾶ
3234 4917 3467 4967 Παῦλος.
3507 4904 3673 4967 stati
3711 4918 3717 4967 ξ

2006 4920 2256 4993 εσχηκὼς
2287 4921 2517 4991 αἵματος
2553 4921 2645 4973 καὶ
2682 4920 2905 4991 σαρκὸς,
2953 4918 3029 4981 ὡς
3084 4918 3183 4989 βοᾷ
3234 4917 3467 4983 Παῦλος,
3507 4917 3673 4993 κα.ὶὲ
3711 4918 3717 4967 ξ

1994 5014 2189 5077 νΔαυῒδ,
2214 5015 2343 5077 τοὺς
2367 5013 2773 5082 πνευματικοὺς
2796 5011 3234 5081 ἁνακρουόμενοι
3256 5010 3513 5072 δόνακας.
3544 5011 3601 5062 Ὀ

2010 5108 2133 5180 μὲν,
2160 5104 2530 5177 Ἀπαγγελῶ,
2561 5103 2800 5172 ψάλλων,
2826 5103 2892 5157 τὸ
2925 5102 3113 5172 ὄνομά
3135 5118 3254 5157 σου
3280 5103 3406 5169 τοῖς
3424 5102 3602 5157 ἀδελ-

2004 5200 2173 5271 φοῖς,
2212 5200 2283 5253 ἐν
2303 5197 2473 5268 μέσῳ
2505 5198 2840 5264 ἐκκλησίας
2876 5195 3133 5265 ὑμνήσω
3184 5210 3288 5249 σε’
3328 5197 3356 5247 ὁ
3377 5197 3433 5249 δὲ
3461 5197 3603 5266 μέγα

2007 5293 2145 5365 βοῶν
2174 5308 2190 5325 ο
2226 5293 2406 5346 Ὅθεν
2436 5288 2654 5358 ὤφειλε
2707 5289 2858 5342 κατὰ
2895 5287 3095 5341 πάντα
3134 5287 3259 5354 τοῖς
3309 5287 3602 5357 ἀδελφοῖς

2006 5385 2364 5457 ὁμοιωθῆναι
2389 5424 2405 5449 ,
2445 5384 2547 5437 ἵνα
2598 5380 2873 5450 ἐλεήμων
2918 5381 3197 5451 γένηται,
3239 5382 3341 5435 καὶ
3382 5381 3602 5448 πιστὸς

2002 5477 2333 5548 Ἀρχιερεὺς
2375 5476 2447 5528 τὰ
2485 5474 2636 5543 πρὸς
2671 5474 2782 5526 τὸν
2813 5473 2981 5528 Θεόν.

2491 5590 2502 5624 :
2550 5566 2841 5634 Narrabo,
2907 5567 3139 5638 inquit,
3198 5582 3389 5621 nomen
3452 5575 3602 5621 tuum

391 5971 460 6041 (‘)
482 5968 620 6029 Gen.
648 5988 696 6029 c.
734 5986 882 6040 XLIX,
906 5974 1057 6031 8-H.
1089 5970 1452 6037 εεᾶῐίἱουὶυε
1488 5980 1680 6036 maluit
1714 5979 2004 6054 Vulgulazn
2035 5981 2299 6039 exhibere
2338 5981 2423 6038 hic
2460 5990 2512 6036 ct
2544 5979 2696 6036 alibi.
2721 5977 2858 6035 GAL.
