3966 6510
292 582 295 585 _
323 491 426 560 831
1510 496 1575 557 S.
1611 495 1949 557 ANDREAE
1984 494 2410 557 CRETENSIS
3498 495 3612 562 832

315 602 504 654 stiano
539 599 764 653 nomine
797 595 1064 652 censeri?
1101 596 1313 667 Ecquid
1351 599 1710 668 propheticus
1743 616 1905 654 voces

2014 601 2329 668 ἐποίησας,
2372 600 2613 668 ἥξουσι,
2637 599 2733 653 καὶ
2770 596 3324 668 προσκυνήσουσιν
3345 598 3610 655 ἐνώπιόν

317 691 627 761 infringere
683 693 862 762 possit
931 691 1114 762 palam
1169 692 1498 753 clamantes.
1555 701 1673 747 tum
1718 692 1905 748 illud:

2014 709 2156 756 σου,
2185 693 2362 760 Κύριε
2383 732 2398 756 ,
2437 691 2534 744 καὶ
2564 690 2633 743 τὰ
2672 690 2817 761 ἑξῆς.
2852 692 2961 744 Καὶ
2985 685 3140 753 αὖθις
3159 731 3175 755 ,
3212 689 3612 760 Εὐφράνθητε

317 782 514 838 Omnes
552 800 732 851 gentes
767 783 996 838 servient
1042 785 1110 847 ei,
1142 792 1191 835 et
1226 782 1527 835 adorabunt
1563 799 1685 836 eum
1727 799 1907 837 omnes

2014 782 2159 852 ἔθνη
2182 783 2331 851 μετὰ
2363 781 2470 836 τοῦ
2496 780 2652 835 λαοῦ
2681 778 2871 833 αὐτοῦ
2894 795 2907 807 ·
2943 782 3059 844 καὶ,
3082 776 3612 847 Προσκυνησάτω-

316 889 461 942 reges
481 879 642 929 terra
669 870 767 940 ⁸ου,
788 885 903 927 turn
940 872 1072 927 illud
1111 871 1341 926 :Omnis
1383 885 1450 926 te:
1466 888 1528 925 ra
1578 874 1765 953 adoret
1836 882 1907 937 te,

2017 890 2139 929 σαν
2159 872 2321 937 αὑτῷ
2344 873 2568 939 πάντες
2590 870 2709 927 υἱοί
2738 870 2907 927 Θεοῦ.
2948 871 3113 944 Ὁρᾷς
3143 870 3261 934 πῶς
3291 872 3342 924 οἱ
3374 871 3483 923 etot
3509 868 3611 922 τοῦ

314 982 363 1024 et
399 970 604 1038 psallat
636 969 738 1025 tibi
761 979 807 1027 '.
843 970 948 1024 Et:
991 968 1185 1024 Omnes
1213 978 1394 1039 gentes
1438 984 1786 1038 quascunque
1831 968 1907 1036 fe-

2017 968 2225 1038 πατρὸς
2268 967 2435 1021 αὑτοῦ
2490 966 2976 1037 προσκεκυνήκασι
3014 964 3255 1036 Χριστῷ.
3307 964 3357 1016 οἱ
3402 964 3464 1017 τὸ
3505 965 3615 1029 τῆς

314 1063 437 1115 cisti
454 1065 678 1126 venient,
696 1073 745 1118 et
776 1062 1080 1117 adorabunt
1104 1079 1284 1116 coram
1305 1072 1374 1127 te,
1395 1060 1619 1115 Domine
1644 1069 1692 1123 ε,
1713 1070 1768 1115 et
1791 1075 1907 1131 quae

2019 1061 2291 1123 υἱοθεσίας
2323 1059 2480 1130 δῆλον
2510 1058 3061 1129 καταπλουτήσαντες
3088 1056 3375 1128 χάρισμα;

314 1165 645 1224 Sequuntur.
672 1155 739 1209 Et
774 1170 968 1209 rursus
993 1170 1006 1206 :
1034 1151 1294 1218 Gaudete,
1318 1162 1523 1223 gentes,
1557 1169 1677 1205 cum
1716 1151 1912 1221 papula
1942 1149 2100 1204 DeiY.
2128 1151 2188 1205 lit
2215 1170 2229 1206 :
2258 1153 2629 1205 Adorentcum
2653 1164 2831 1202 omnes
2857 1148 2961 1218 ﬁlii
2993 1146 3090 1200 Dei
3111 1156 3157 1201 ι.
3186 1143 3420 1200 Videsne
3440 1144 3619 1210 igitur

313 1254 592 1317 quomodo
616 1247 711 1299 lilii
738 1249 908 1315 patris
929 1245 1016 1300 sui
1065 1246 1347 1300 Christum
1379 1244 1760 1308 adoraverint,
1793 1245 1828 1297 ii
1858 1243 2115 1298 videlicet
2136 1243 2228 1311 qui
2256 1241 2573 1312 adoptionis
2595 1241 2831 1294 filiorum
2856 1239 3006 1294 dono
3031 1238 3232 1294 divites
3269 1238 3400 1293 facti
3431 1246 3560 1292 sunt
3587 1237 3615 1290 1'

387 1335 495 1391 Sed
549 1334 619 1390 ad
668 1337 919 1405 reliquas
973 1335 1223 1388 vaticinii
1279 1346 1468 1404 partes
1514 1333 1903 1388 deveniamus.

314 1428 540 1493 Catulus
575 1427 745 1480 leonis
780 1425 950 1491 Juda,
982 1441 1049 1479 ea:
1072 1427 1327 1496 germine,
1352 1425 1433 1494 ﬁli
1464 1425 1556 1488 mi,
1582 1422 1909 1485 ascendisti;

313 1520 647 1587 requiescens
705 1518 1005 1571 nccabuisti
1045 1527 1103 1570 ut
1146 1519 1250 1580 leo,
1274 1526 1322 1570 et
1356 1517 1510 1588 quasi
1540 1508 1708 1570 leceita
1740 1530 1756 1568 :
1789 1516 1908 1586 quis

313 1607 599 1662 suscitabit
621 1622 741 1660 eum
757 1620 779 1646 υ
803 1607 826 1660 ?
847 1604 892 1661 Ο
918 1608 1118 1676 praacla
1130 1623 1245 1660 ram
1266 1623 1401 1662 sane
1426 1605 1905 1676 praesagitionem!

315 1698 572 1754 Catulum
611 1699 753 1753 dixit
793 1698 987 1753 leonis.
1013 1697 1191 1765 Quem
1234 1699 1423 1768 itaque
1465 1698 1642 1753 leonis
1688 1697 1909 1752 nomine

317 1793 427 1848 nisi
478 1791 762 1847 Christum
802 1778 1353 1854 luculenterinnuit,
1383 1790 1477 1861 qui
1515 1806 1583 1844 ex
1622 1789 1777 1859 regio
1813 1803 1904 1844 se-

312 1887 490 1950 mine,
547 1885 812 1938 videlicet
845 1882 1111 1936 Davidico
1142 1881 1478 1937 deducitur?
1513 1881 1707 1951 Neque
1735 1880 1905 1936 etiam

315 1976 618 2032 absurdum
653 1986 763 2042 est,
791 1976 835 2031 si
868 1976 1089 2029 leonem
1119 1974 1377 2029 Davidem
1407 1973 1708 2046 intelligas,
1728 1988 1907 2043 quan-

314 2069 615 2139 doquidem
647 2068 937 2139 dignitatis
975 2068 1140 2136 regia:
1182 2076 1343 2137 typus
1373 2075 1462 2121 est
1496 2065 1604 2119 leo.
1644 2063 1905 2119 Catulum

317 2163 501 2218 leonis
523 2160 811 2216 Christum
835 2160 1054 2229 accipe,
1085 2175 1154 2214 ex
1181 2159 1307 2228 ipso
1338 2158 1646 2212 secundum
1678 2171 1905 2212 carnem

313 2263 610 2318 exortum;
649 2250 1123 2321 quemadmodum
1156 2249 1328 2304 etiam
1361 2248 1773 2318 consequentia
1808 2263 1910 2302 va-

316 2345 495 2399 ticinii
550 2345 718 2399 verba
780 2344 944 2414 plane
996 2342 1313 2397 declarant.
1350 2339 1436 2394 Ea:
1477 2341 1713 2412 germine
1741 2340 1906 2407 enim,

316 2436 615 2507 inquit,ﬁli
649 2435 745 2501 mi,
770 2434 1085 2490 ascendisti.
1113 2433 1356 2490 Germen
1382 2449 1515 2489 vero
1547 2449 1709 2504 quem
1737 2435 1908 2488 alium

316 2533 544 2600 proprie
575 2544 704 2584 esse
739 2543 807 2583 ex
841 2544 907 2582 eo
938 2527 1087 2598 quod
1130 2538 1576 2583 consentaneum
1623 2534 1735 2591 est,
1767 2526 1910 2581 dile-

312 2624 579 2686 ctissimi,
642 2622 1006 2693 reputabitis,
1069 2622 1176 2677 nisi
1234 2622 1499 2677 nimirum
1545 2622 1726 2679 solam
1764 2622 1909 2676 hanc

317 2725 576 2769 sanctam
640 2712 953 2783 Virginem,
1034 2714 1365 2784 sanctisque
1412 2714 1682 2769 omnibus
1745 2713 1910 2783 longe

319 2807 688 2868 sanctiorem,
732 2822 858 2875 (μου
898 2814 1013 2861 tota
1061 2805 1319 2876 pulchra,
1371 2813 1490 2860 tota
1528 2804 1736 2860 munda
1786 2806 1907 2860 visa

260 2936 268 2944 ς
320 2909 407 2954 est
438 2901 488 2953 ei
534 2899 628 2970 qui
667 2908 816 2953 tutus
861 2898 917 2953 in
964 2899 1061 2953 illa
1104 2908 1159 2953 et
1202 2913 1438 2968 corpore
1474 2908 1531 2953 et
1565 2898 1767 2969 spiritu
1800 2896 1907 2952 lia-

316 2992 550 3047 bitavit?
607 2991 860 3058 Mariam,
951 2992 1209 3062 inquam,
1265 2984 1532 3062 magnum
1618 2991 1901 3062 profecto,

2079 1333 2223 1404 Πρὸς
2259 1333 2316 1387 δὲ
2365 1332 2435 1385 τὰ
2466 1330 2594 1400 ἑξῆς
2623 1332 2724 1401 τῆς
2755 1331 3097 1402 προφητείας
3133 1330 3422 1402 χωρῶμεν.
3455 1332 3615 1384 Σκύ-

2001 1443 2157 1497 μνος
2182 1424 2656 1494 λέοντος,φησὶν,
2702 1423 2895 1484 Ἰούδα,
2919 1423 2987 1476 ἐκ
3005 1421 3319 1487 βλαστοῦ,
3361 1424 3458 1476 υἱέ
3476 1439 3610 1490 μου

2005 1519 2260 1586 ἀνέϐης’
2307 1516 2635 1573 ἀναπεσὼν
2676 1517 2999 1586 ἐκοιμήθης
3042 1518 3124 1582 ὡς
3149 1515 3327 1580 λέων,
3378 1516 3480 1570 καὶ
3521 1516 3613 1583 ὡς
3664 1512 3669 1515 ’

2006 1612 2285 1680 σκύμνος
2303 1626 2317 1640 ·
2347 1610 2437 1675 τίς
2462 1608 2658 1679 ἐγερεῖ
2685 1611 2910 1673 actor;
2939 1604 3078 1676 Εὖγε
3108 1606 3209 1677 τῆς
3236 1607 3606 1679 προφητείας.

2011 1705 2293 1773 Σκύμνον
2344 1703 2480 1773 φησὶ
2507 1703 2780 1768 λέοντος.
2831 1701 2969 1755 Τίνα
3020 1699 3313 1768 τοῦτον,ῆ
3364 1688 3609 1771 Χριστὸν

2010 1796 2297 1868 προδήλως
2328 1795 2417 1849 τὸν
2449 1796 2512 1848 ὲκ
2548 1794 2830 1864 βασιλικοῦ
2859 1793 3233 1864 καταγόμενον
3260 1792 3605 1861 σπέρματος.

2008 1886 2155 1954 λέγω
2178 1885 2245 1957 δὴ
2278 1884 2373 1938 τοῦ
2418 1883 2583 1937 Δαυῖδ
2609 1901 2623 1948 ;
2664 1886 2771 1938 Καὶ
2815 1884 3040 1947 ἀπεικὸς
3092 1882 3247 1936 οὐδὲν
3279 1882 3469 1934 λέοντα
3501 1880 3606 1948 μὲν

2009 1979 2203 2048 νοῆσαι
2242 1977 2336 2030 τὸν
2367 1974 2553 2039 Δαυῖδ,
2587 1976 2662 2039 ὡς
2705 1975 3211 2046 χαρακτηριστικδν
3251 1975 3348 2025 τοῦ
3390 1972 3608 2041 βασιλι-

2009 2072 2107 2125 κοῦ
2156 2068 2507 2140 ἀξιώματος,
2550 2068 2789 2138 σκύμνον
2834 2067 2892 2120 δὲ
2932 2066 3168 2129 λέοντος,
3221 2065 3312 2118 τὸν
3342 2065 3401 2128 ἐξ
3431 2063 3605 2118 αὐτοῦ

2011 2162 2184 2232 φύντα
2217 2159 2358 2215 κατὰ
2390 2162 2568 2232 σάρκα
2586 2160 2841 2231 Χριστὸν,
2863 2158 2938 2222 ὡς
2958 2157 3109 2228 δηλοῖ
3131 2157 3227 2211 καὶ¹
3256 2156 3324 2209 τὰ
3351 2156 3479 2224 iga;
3498 2156 3607 2224 τῆς

2010 2254 2370 2327 προφητείας.
2430 2255 2535 2309 Ἐκ
2591 2252 2875 2319 βλαστοῦ
2922 2252 3031 2321 γὰρ
3079 2253 3287 2321 φησὶν,
3343 2251 3436 2302 υἱέ
3474 2264 3605 2317 μου

2009 2347 2251 2414 ἀγέὄης.
2275 2346 2514 2400 Βλαστὸν
2529 2345 2609 2409 δὲ,
2626 2345 2747 2398 τίνα
2773 2343 2840 2398 ἂν
2868 2345 3074 2416 κυρίως
3098 2344 3163 2396 ἐκ
3184 2342 3279 2396 τοῦ
3300 2339 3603 2395 ἀκολούθου

2010 2439 2236 2510 νοήσῃς,
2258 2437 2587 2509 ἁγαπητρμῆ
2614 2437 2774 2509 δῆλον
2802 2436 2972 2507 μόνην
2993 2435 3166 2503 αὐτὴν
3192 2433 3286 2504 τὴν
3304 2432 3486 2502 ἁγίαν,
3503 2432 3603 2484 καὶ

2008 2531 2117 2584 τῶν
2152 2531 2323 2598 ἁγίων
2348 2529 2605 2585 ἁπάντων
2633 2528 2964 2600 ἀγιωτέραν,
2995 2529 3099 2597 τὴν
3116 2526 3245 2590 ὃλην
3274 2526 3380 2595 ὅλῳ
3410 2526 3605 2592 φανεῖ-

2012 2641 2111 2677 σαν
2134 2623 2382 2693 καθαρὰν
2406 2623 2484 2694 τῷ
2509 2623 2857 2694 σκηνώσαντι
2883 2619 3099 2691 σώματί
3125 2636 3185 2672 τε
3218 2620 3312 2672 καὶ
3348 2618 3605 2688 πνεύμαο

2009 2734 2062 2770 τι
2088 2735 2103 2784 ;
2132 2716 2351 2787 Μαρίαν
2376 2715 2541 2785 λέγω,
2581 2715 2643 2768 τὸ
2673 2716 2817 2786 μέγα
2851 2714 2948 2768 καὶ
2972 2712 3273 2784 σεὸἁσμιον
3302 2712 3473 2775 ὅντως
3504 2711 3601 2763 καὶ

2011 2811 2247 2880 πρᾶγμα
2272 2808 2367 2863 καὶ
2394 2810 2588 2880 ονομα,
2615 2808 2717 2877 τὴν
2756 2807 3050 2876 Δαυῐδικὴν
3090 2807 3333 2877 ὅρπηκα,
3372 2805 3471 2874 τὴν
3499 2804 3599 2874 ράο

2012 2903 2137 2956 ὁδον
2167 2901 2260 2955 τοῦ
2297 2902 2520 2969 Ἰεσσαὶ,
2557 2902 2648 2955 τὸν
2669 2900 2897 2970 ἀειθαλῆ
2918 2898 3014 2953 τοῦ
3051 2897 3221 2952 Ἰούδα
3252 2896 3502 2969 βλαστὸν,
3538 2896 3598 2962 ἐξ

2010 2988 2078 3063 ἦς
2111 2996 2138 3047 ὁ
2165 2992 2260 3046 τοῦ
2291 2991 2429 3047 Θεοῦ
2462 2994 2623 3057 Παῖς,
2667 2994 2695 3045 ὁ
2737 2991 3130 3063 ὑπερκόσμιος,
3169 2991 3197 3043 ὁ
3232 2988 3594 3060 προκόσμιος,

316 3088 581 3155 omnique
644 3086 1008 3141 veneratione
1058 3086 1454 3156 dignissimum
1492 3094 1549 3142 et
1583 3101 1810 3149 nomen.
1852 3096 1907 3141 et

2015 3086 2285 3151 συναῒδιος
2312 3085 2392 3157 τῷ
2420 3088 2763 3157 γεννήσαντι,
2797 3085 3077 3154 σαρκικῶς
3105 3080 3496 3152 ὲξεὸλάστησε.

316 3198 453 3243 rem,
482 3181 798 3236 itavidicum
826 3196 1067 3245 ramum,
1099 3182 1308 3251 virgam
1346 3178 1525 3245 Jesse,
1556 3195 1782 3252 germen
1810 3177 1977 3246 Juda,
1999 3194 2220 3250 semper
2246 3180 2448 3245 viride,
2476 3193 2809 3250 semperque
2840 3178 3119 3240 ﬂoridum,
3141 3192 3207 3232 ex
3243 3191 3351 3245 qua
3387 3174 3597 3230 altissi-

316 3290 441 3328 mus
479 3272 572 3327 Dei
628 3271 825 3337 Filius,
865 3273 963 3343 qui
1010 3282 1143 3328 ante
1174 3274 1443 3330 mundum
1501 3285 1645 3340 erat,
1701 3274 2017 3346 aequalique
2066 3290 2193 3330 cum
2228 3290 2295 3330 eo
2325 3275 2423 3345 qui
2457 3276 2638 3346 ipsum
2690 3272 2906 3343 genuit,
2937 3272 3258 3326 aaternitate
3288 3269 3593 3338 fruebatur,

315 3365 624 3421 secundum
657 3380 886 3420 carnem
923 3366 1294 3437 germinavit.
1374 3384 1377 3385 '

385 3457 522 3512 iure
548 3467 736 3513 autem
787 3462 1022 3515 miretur
1064 3460 1348 3531 quispiam
1387 3460 1775 3530 praedictionis
1806 3463 1909 3517 hu-

313 3546 472 3618 jusce
537 3548 887 3621 diligentiam
948 3546 1323 3623 singularem.
1357 3551 1464 3608 Ubi
1503 3554 1654 3609 enim
1683 3557 1907 3626 generis

2076 3463 2390 3535 Θαυμάσειε
2422 3463 2466 3516 δ’
2495 3464 2561 3519 ἄν
2587 3481 2673 3528 τις
2716 3467 2784 3520 τὸ
2819 3462 3049 3531 ἀκριϐὲς
3075 3464 3174 3533 τῆς
3209 3462 3589 3532 προρρήσεως.

2017 3556 2236 3628 Ἐπειδὴ
2262 3557 2373 3628 γὰρ
2399 3556 2498 3628 τὴν
2526 3557 2845 3626 ἀγχιστείαν
2875 3555 2969 3608 τοῦ
2997 3556 3191 3624 γένους
3218 3558 3282 3625 τῇ
3311 3554 3415 3608 ’τοῦ
3448 3554 3593 3607 λέονα

318 3641 788 3710 propinquitatem
849 3642 1063 3707 leonis,
1128 3651 1183 3697 et
1235 3643 1408 3697 catuli
1475 3645 1906 3716 appellationem

2014 3668 2097 3714 τος
2125 3650 2219 3703 καὶ
2244 3649 2336 3703 τοῦ
2363 3649 2607 3719 σκύμνου
2640 3647 2987 3720 προσηγορία
3020 3646 3210 3716 σαφῶς
3232 3647 3591 3719 ἀπεφήνατο,

319 3731 613 3801 perspicue
658 3732 1097 3800 demonstravit,
1148 3733 1290 3787 illml
1336 3733 1551 3790 addidit
1593 3751 1608 3790 :
1656 3734 1742 3789 Ex
1792 3751 1912 3807 ger-

316 3824 477 3888 mine,
507 3824 588 3893 ﬁli
625 3825 716 3889 mi,
753 3825 1082 3890 ascendisti,
1124 3835 1184 3880 ut
1218 3825 1354 3881 illttd
1388 3826 1534 3881 idem
1570 3825 1730 3896 plane
1758 3828 1911 3884 dice-

313 3926 441 3979 rvt,
486 3919 630 3991 quod
673 3918 905 3989 pulchre
945 3917 1119 3974 Isaias
1161 3918 1344 3973 dixit:
1395 3916 1715 3988 Egredietur
1759 3920 1909 3991 virga

309 4009 382 4063 de
432 4010 613 4064 radice
661 4009 837 4074 Jesse,
875 4020 922 4064 et
960 4010 1062 4079 [los
1100 4010 1165 4064 de
1207 4009 1392 4065 radice
1424 4010 1543 4080 ejus
1578 4008 1828 4066 ascendet
1852 4012 1905 4079 1),

310 4104 472 4172 quod
522 4118 657 4157 sane
717 4102 1000 4158 Christum
1063 4113 1234 4174 atque
1284 4103 1571 4175 Virginem
1607 4105 1908 4161 manifeste

320 4194 576 4264 respicit.
614 4192 791 4248 Radix
833 4194 980 4248 enim
1008 4195 1238 4265 proprie
1271 4194 1476 4262 David;
1511 4195 1666 4267 virga
1702 4196 1903 4267 procul

310 4286 493 4340 dubio
538 4286 716 4339 Maria
742 4297 866 4352 est;
918 4285 1023 4340 llos
1050 4300 1182 4341 vero
1216 4285 1505 4343 Christus.
1532 4272 1909 4354 Quemadmo-

312 4379 452 4432 dum
480 4378 713 4444 ipsemet
745 4377 798 4431 in
831 4376 1076 4447 quadam
1107 4377 1472 4434 Canticorum
1508 4383 1709 4450 pagina
1749 4395 1908 4437 suam

314 4472 1035 4547 ipsius-nuncnpationem
1090 4471 1433 4542 quibusdam
1490 4475 1662 4529 veluti
1702 4472 1911 4529 adora-

315 4563 527 4619 nti-niis
560 4562 615 4618 in
649 4564 856 4634 quibus
889 4578 1092 4618 arcana
1131 4563 1473 4634 signiﬁcatio
1504 4564 1736 4633 lateret,
1767 4580 1908 4620 con-

316 4671 627 4727 spergcns:
658 4653 795 4726 Ego,
850 4656 1053 4726 inquit,
1091 4656 1195 4725 ﬂos
1247 4659 1448 4727 campi,
1480 4665 1531 4712 et
1566 4657 1748 4712 lilium
1778 4674 1905 4712 con-

324 4746 553 4799 vallium
577 4756 624 4799 ε.
656 4745 863 4817 Regem
899 4762 1053 4810 vero,
1094 4763 1395 4818 regumque
1420 4749 1669 4803 omnium
1700 4759 1897 4819 poten-

316 4839 603 4892 tissimum
651 4854 779 4894 esse
825 4840 1132 4907 Christum,
1182 4856 1364 4911 neque
1406 4842 1527 4911 ipse
1568 4840 1763 4906 Iacob,
1809 4842 1908 4913 qui

319 4929 660 4999 praesagium
700 4929 907 4984 eli‘atns
930 4938 1037 4993 est,
1057 4930 1356 5001 ignoravit.
1382 4928 1521 4985 Nam
1545 4930 1905 4997 requiescens,

319 5020 424 5082 ait,
460 5020 764 5075 accubuiin
796 5032 855 5075 ut
889 5022 992 5084 leo,
1017 5031 1067 5077 et
1103 5025 1260 5093 quasi
1289 5022 1491 5087 (eterra;
1527 5023 1647 5093 quis
1675 5023 1911 5077 suscita-

320 5110 396 5163 bit
421 5128 538 5166 eum
560 5113 586 5167 ?
618 5112 833 5180 Quibus
855 5114 1039 5170 verbis
1065 5117 1308 5185 regalem
1341 5116 1530 5181 simul,
1566 5115 1912 5169 terribilem-

318 5222 433 5273 que
451 5213 618 5275 atque
643 5208 1092 5265 inaccessibilem
1112 5209 1286 5263 divini
1310 5209 1526 5279 imperii
1552 5216 1911 5279 potestatem,

320 5311 521 5352 contra
576 5316 741 5369 quam
796 5301 946 5356 vires
1007 5317 1143 5358 snas
1198 5303 1413 5365 nemini
1473 5304 1717 5371 experiri
1758 5303 1911 5365 licet,

326 5396 650 5463 significare
680 5396 837 5451 visUs
866 5404 973 5450 est.
1015 5396 1176 5463 Quod
1219 5408 1280 5451 ut
1332 5399 1452 5469 ipse
1484 5398 1744 5453 Christus
1775 5414 1879 5450 con
1900 5426 1913 5437 -

330 5490 600 5552 (irritaret,
627 5487 680 5541 in
714 5486 1014 5558 Evangelio
1033 5490 1309 5544 clamabat
1336 5509 1348 5545 :
1379 5489 1711 5545 Potestatem
1741 5490 1912 5545 habeo

350 5604 430 5639 ῑ-ιι
464 5601 609 5656 Psal.
643 5618 792 5664 uxr,
825 5603 912 5655 ll.

334 5675 366 5710 δ
406 5673 508 5724 lsa.
564 5690 640 5740 at,
679 5674 729 5726 1.
806 5683 827 5710 ο
873 5672 1037 5729 Cant.
1086 5690 1147 5741 tt,
1192 5677 1238 5729 l.

422 5903 439 5925 '
477 5896 606 5968 Li-g.
637 5899 1017 5969 οἰκονομικῆς.

989 5614 1015 5640 ν
1050 5604 1198 5659 Psal.
1233 5621 1357 5673 va,
1392 5606 1446 5661 4.
1524 5614 1551 5643 κ
1580 5605 1726 5663 Psal.
1769 5622 1967 5663 ηλχν.
2000 5605 2052 5660 9.
2129 5614 2156 5655 ἲ
2194 5603 2355 5660 lion).
2383 5619 2471 5672 xv,
2501 5601 2589 5657 l0.
2662 5601 2797 5657 Psal.
2827 5614 2962 5665 xcvr,
2990 5600 3042 5655 7.

2009 3740 2365 3813 προστέθεικε
2389 3741 2471 3803 τὸ,
2491 3740 2595 3794 Ἐκ
2619 3738 2925 3804 βλαστοῦ,
2962 3738 3057 3792 υἱέ
3081 3754 3223 3807 μου,
3252 3737 3493 3804 ἀνέόης,
3510 3738 3594 3792 ἵνα

2008 3834 2142 3906 εῐπῃ
2168 3833 2229 3886 τὸ
2252 3833 2404 3903 παρὰ
2423 3832 2518 3886 τοῦ
2545 3832 2767 3885 Ἡσαΐου
2792 3830 2974 3891 καλῶς
2989 3830 3301 3901 εἰρημένον·
3323 3829 3594 3895 Ἐξελεύ-

2007 3941 2201 3992 σεται,
2231 3925 2503 3995 λέγοντος,
2524 3921 2751 3994 ῥάϐδος
2786 3923 2855 3977 ἐκ
2885 3921 2996 3991 τῆς
3022 3920 3191 3991 ῥίζης
3218 3921 3474 3987 Ἰεσσαὶ,
3494 3921 3593 3975 καί

2009 4017 2193 4084 ἄνθος
2224 4017 2293 4072 ἐκ
2321 4016 2434 4087 τῆς
2457 4014 2627 4086 ῥίζης
2654 4013 2841 4070 αὑτοῦ
2870 4013 3264 4080 ἀναϐήσεταιο
3291 4012 3321 4065 ὃ
3353 4013 3420 4083 δὴ
3458 4030 3595 4082 τρα-

2008 4110 2117 4175 νῶς
2144 4112 2223 4175 είς
2250 4109 2486 4182 Χριστὸν
2525 4108 2620 4163 καὶ
2663 4109 2774 4178 τὴν
2806 4106 3085 4179 Παρθένον
3134 4105 3418 4175 ἀνάγεται.
3458 4105 3599 4158 Βλα-

2010 4204 2135 4267 στὸς
2184 4202 2295 4275 γὰρ
2334 4202 2542 4272 κυρίως
2574 4200 2673 4272 μὲν
2711 4202 2740 4254 ὁ
2770 4200 2970 4263 Δανϊδ,
3009 4198 3206 4270 ῥάϐδος
3234 4197 3292 4251 δὲ
3316 4197 3597 4270 προδήλως

2007 4291 2173 4362 αὕτη,
2203 4289 2365 4354 ἄνθος
2389 4289 2447 4342 δὲ
2473 4288 2707 4362 Χριστὸς
2733 4287 3159 4359 ὲκλαμϐἀνεται.
3192 4287 3462 4360 Καθάπερ
3501 4288 3597 4341 αὑ-

2007 4384 2099 4447 τὸς
2127 4384 2185 4437 ὲν
2216 4384 2283 4456 τῇ
2313 4380 2421 4435 τῶν
2464 4380 2752 4453 ’ᾼσμάτων
2774 4383 2957 4452 πυκτῇ
2979 4380 3079 4450 τὴν
3108 4379 3307 4435 ἑαυτοῦ
3333 4379 3596 4452 συμϐολι-

2008 4475 2123 4540 κῶς
2171 4474 2541 4547 ἀρωματίζων
2586 4472 2765 4544 εὐώδη
2810 4472 3210 4544 προσηγορίαν.
3259 4471 3410 4543 Ἐγὼ
3466 4473 3595 4542 γὰρ,

2010 4569 2198 4641 φησὶν.
2222 4567 2408 4634 ἄνθος
2430 4567 2538 4623 τοῦ
2585 4560 2818 4630 πεδίου,
2847 4565 2946 4620 καὶ
2979 4567 3192 4635 κρίνον
3223 4564 3345 4621 τῶν
3392 4564 3597 4622 κοιλά-

2009 4660 2153 4715 δων.
2175 4661 2297 4714 Ὀτι
2313 4660 2370 4714 δὲ
2398 4659 2671 4731 βασιλεὺς,
2691 4658 2785 4712 καὶ
2813 4658 3076 4729 βασιλέων
3093 4651 3601 4728 ἁπάντωνὲπικρα-

2013 4753 2270 4815 τέστατος
2287 4750 2579 4823 ὸΧριστδς,
2593 4751 2700 4803 οὐδ’
2718 4750 2878 4814 αὐτὸς
2894 4753 2923 4804 ὁ
2939 4748 3300 4822 προφητεύων
3312 4750 3483 4819 ὴγνόη
3491 4766 3598 4802 σεν.

2014 4846 2073 4899 Ἀ
2083 4843 2370 4898 ναπεσὼν
2389 4844 2517 4914 γὰρ,
2536 4843 2727 4913 φησὶν,
2749 4842 3075 4913 ἐκοιμήθης
3091 4844 3172 4909 ὡς
3195 4841 3379 4905 λέων,
3403 4842 3503 4897 καὶ
3520 4843 3599 4908 ὡς

2011 4939 2307 5007 σκύμνος,
2338 4937 2429 5002 τίς
2454 4937 2648 5006 ἐγερεῖ
2663 4939 2852 4991 αὐτόν
2873 4953 2894 5002 ;
2917 4937 2990 4990 Τὸ
3016 4935 3298 5007 βασιλικὸν
3322 4935 3441 5006 ἄμα
3460 4976 3476 5002 ,
3510 4936 3601 4989 καὶ

2013 5029 2266 5102 φοϐερὸν,
2292 5028 2388 5083 καὶ
2421 5029 2715 5099 ἀπρόσιτον
2761 5030 2820 5082 ὲν
2849 5028 3059 5092 τούτοις
3094 5028 3428 5100 παραδηλῶν
3448 5069 3464 5094 ,
3509 5029 3602 5083 καὶ

2014 5124 2114 5193 τῆς
2138 5122 2326 5193 θεῖκῆς
2341 5122 2591 5188 ἐξουσίας
2605 5124 2666 5177 τὸ
2688 5123 3146 5195 ἀπειροδύναμον.
3178 5123 3244 5178 ’0
3269 5123 3367 5177 καὶ
3390 5123 3601 5184 δεικνὺς

2017 5216 2179 5278 αὐτὸς
2211 5217 2267 5268 ὲν
2303 5210 2659 5284 Εὐαγγελίοις
2699 5215 2833 5286 βοᾷ·
2876 5215 3200 5280 Ἐξουσίαν
3246 5215 3366 5283 ἔχω
3415 5215 3603 5269 θεῖναι

2020 5306 2136 5374 τὴν
2166 5307 2381 5375 ψυχήν
2406 5324 2526 5376 μου
2549 5348 2562 5370 ,
2592 5306 2692 5361 καί
2720 5307 3017 5372 ἐξουσίαν
3038 5307 3159 5376 ἔχω
3189 5306 3376 5360 add”
3396 5305 3602 5359 λαϐεῖν

2021 5397 2234 5464 αὐτήν.
2258 5398 2347 5469 Τῷ
2366 5398 2479 5451 ὄντι
2503 5397 2612 5468 γὰρ
2633 5397 2752 5452 κατ’
2773 5396 3021 5463 ἐξουσίαν
3052 5398 3267 5451 ἅπαντα
3291 5397 3603 5466 πέπρακται

2021 5487 2101 5558 τῷ
2146 5487 2383 5558 Σωτῆρις
2426 5488 2528 5542 ὃσα
2568 5484 2768 5558 δηλαδὴ
2805 5486 2907 5558 τῆς
2954 5486 3341 5558 οἰκουμενιχῆς
3367 5486 3388 5515 ι
3437 5483 3601 5537 αὐτοῦ

3128 5614 3154 5646 ι
3183 5598 3322 5657 Gen.
3344 5614 3497 5667 xux,
3536 5600 3592 5657 9.

1619 5810 1856 5869 VARUS
1885 5805 2299 5866 LECTlO-NES.
