3966 6440
306 391 452 502 tu

1447 413 1528 495 IN
1559 400 2075 493 NATIV‘l'I‘ATEM
2102 432 2170 491 Β.
2210 428 2496 491 suam.
2540 417 2623 492 It.

3519 425 3624 495 849

348 550 478 603 στὸν
507 548 574 601 ἐκ
602 543 798 615 γένους
818 524 948 597 δντα
978 541 1160 596 Δαυῖδ.
1191 540 1498 612 Προσέσται
1528 542 1637 609 γάρ
1672 558 1754 594 σοι
1780 540 1941 610 δῆλον

2056 538 2311 610 nulloque
2341 537 2721 593 intercedente
2755 538 2994 596 dissidio
3031 539 3086 594 in
3140 552 3309 595 unam
3340 527 3628 595 eamdem-

347 638 624 702 ἐντεῦθεν,
647 638 744 693 καὶ
786 636 959 708 αὐτήν
1005 634 1417 705 ὑπολαμϐάνειν
1440 635 1505 686 ἐκ
1540 633 1729 702 γένους
1772 628 1938 687 οὖσαν

347 730 518 786 Δαυῒδ
537 731 640 802 τὴν
663 730 888 802 άῤῥήτῳ
945 727 1215 798 κυοορορίᾳ
1260 726 1563 797 γενομένην
1598 724 1764 778 αὐτοῦ
1796 724 1939 778 κατά

262 857 266 860 ~
349 825 536 895 σάρκα
585 823 817 895 μητέρα.
852 820 919 876 Εἴ
937 838 1016 892 τῳ
1046 820 1121 892 μὴ
1160 822 1451 892 παρέργως
1495 821 1697 871 νοεῖται
1719 817 1803 883 τὸ,
1845 815 1941 869 Ἐκ

346 915 448 969 τοῦ
479 913 697 987 καρποῦ
724 913 785 967 τὸ
818 913 1035 985 δένδρον
1058 909 1514 979 ἐπιγινώσκεται.

2045 644 2154 699 que
2185 635 2425 683 mentem
2455 631 2935 701 conspirantihus,
2988 630 3282 688 Christum
3325 647 3391 688 ex
3424 644 3628 705 genere

2050 719 2273 776 Davidis
2313 720 2593 792 prodiisse
2624 721 2935 779 fateamini.
3005 723 3150 781 Hinc
3200 727 3350 781 enim
3391 723 3630 781 manifea

2046 812 2295 868 stissimo
2354 813 2546 870 licebit
2586 813 2929 887 'argumento
2989 818 3304 889 deducere,
3338 835 3461 876 eam
3490 831 3628 889 queo

2046 914 2156 971 que
2188 908 2257 961 ex
2311 916 2515 977 genere
2565 905 2790 963 Davidis
2845 908 3150 972 efﬂuxisse,
3202 917 3326 983 quae
3357 905 3627 967 ineﬂ'abill
3738 894 3745 905 ’

346 1006 741 1076 gravidatione
796 1005 976 1076 ipsius
1005 1001 1312 1059 secundum
1370 1015 1591 1057 carnem
1658 1005 1851 1055 matere
1898 994 2141 1053 exstitit.
2229 995 2367 1062 Quis
2433 998 2579 1053 enim
2665 999 2900 1056 inficiari
2959 1015 3207 1072 unquam
3281 1004 3484 1075 possit,
3572 998 3628 1056 id

347 1099 674 1155 certissime
728 1097 920 1153 evinci
1003 1109 1131 1150 cum
1180 1093 1347 1147 arbor
1397 1107 1464 1146 ex
1501 1089 1686 1144 fructu
1729 1087 1937 1158 optime
1974 1085 2388 1152 dignoscatur’

427 1250 569 1304 Ἀλλ’
591 1249 686 1303 ἐπὶ
713 1245 815 1319 τὴν
847 1244 1125 1314 γενέθλιον
1173 1237 1330 1305 αὖθις
1371 1240 1779 1312 ἁναδράμωμεν
1819 1239 1945 1305 ἐορ-

346 1342 476 1414 τὴν,
505 1338 602 1395 καὶ
622 1341 690 1410 τῇ
727 1338 899 1407 Ἀννῃ
940 1336 1135 1407 μικρὸν
1176 1330 1368 1403 ὥσπερ
1415 1331 1776 1399 ἐπιθαλάμιον
1816 1329 1947 1381 ἁνα-

346 1431 724 1505 κρουσώμεθα
773 1424 956 1500 μέλος.
1028 1426 1146 1481 Νῦν
1219 1427 1319 1496 μὲν
1387 1422 1738 1494 κυοφορούσῃ
1779 1417 1949 1473 παῖδα

347 1525 662 1588 θεόσδοτον,
714 1520 1053 1589 ἐπαγγελίας
1100 1518 1381 1589 ἐνέχυρον,
1438 1515 1536 1570 νῦν
1570 1515 1629 1569 δὲ
1683 1512 1947 1585 τικτούσῃ

349 1592 583 1687 γόνιμον
605 1614 773 1684 εὐχὴν
801 1612 939 1683 μετὰ
972 1610 1261 1682 στείρωσιν
1300 1609 1402 1678 τῆς
1432 1608 1575 1679 ὑπὲρ
1608 1606 1734 1660 νοῦν
1761 1608 1941 1672 ἐκφασ

346 1708 626 1777 νεστάτης
668 1703 802 1759 Θεοῦ
860 1701 1002 1771 πρὸς
1045 1696 1367 1773 ἀνθρώπους
1407 1697 1723 1768 ἐπιδημίας.
1760 1696 1944 1761 Ἀξιον

352 1800 472 1871 γὰρ
490 1797 735 1852 τοιοῦτον
753 1792 1167 1849 άποτεκνοῦσαν
1208 1790 1438 1862 βλαστὸν
1481 1790 1690 1859 ἁνευφη
1700 1788 1942 1859 μεῖσθαι,

355 1891 458 1947 καὶ
481 1889 632 1952 θείας
652 1887 822 1951 δντως
851 1885 1250 1955 ἐπιφωνήσεως
1303 1879 1606 1949 ἀξιοῦσθαι.
1651 1877 1945 1952 Πρόκειται

355 1983 491 2053 γοῦν
521 1976 636 2036 οἷόν
683 1997 768 2044 τις
797 1977 1024 2050 νυμφὼν
1048 1978 1077 2030 ὁ
1100 1976 1203 2047 τῆς
1238 1977 1440 2046 Ἀννης
1477 1972 1674 2028 κοιτὼν
1699 1990 1711 2002 ·
1757 1971 1946 2025 παιδο-

358 2077 545 2139 ποιίας
595 2073 692 2129 καὶ
720 2070 1023 2143 παρθενίας
1056 2068 1512 2140 ύπογραφόμενος
1537 2066 1857 2137 πρόσωπον,
1886 2063 1948 2117 τὸ

368 2168 466 2236 μὲν
491 2166 586 2236 τῆς
607 2164 897 2233 τεκούσης,
919 2161 981 2215 τὸ
1007 2160 1066 2215 δέ
1096 2160 1195 2224 τῆς
1218 2158 1503 2230 τεχθείσης
1524 2173 1537 2187 ’
1566 2151 1686 2228 ὧνὴ
1712 2156 1948 2226 μένᾶρτι

367 2260 468 2329 τὴν
479 2256 631 2312 λύσιν
655 2257 756 2327 τῆς
779 2252 1033 2317 ἀπαιδίας
1059 2253 1298 2320 ἐδέξατο,
1328 2252 1363 2322 ἠ
1389 2250 1450 2304 δὲ
1480 2252 1677 2321 μικρὸν
1698 2247 1946 2318 ὕστερον,

370 2354 469 2422 τῆς
499 2350 615 2423 καθ’
635 2349 784 2420 ἡμᾶς
822 2345 999 2418 Ἰησοῦ
1027 2345 1386 2410 θεοπλαστίας
1414 2345 1505 2399 τὸν
1526 2342 1747 2398 τοκετὸν
1782 2342 1950 2412 ὑπερ-η

366 2442 517 2511 φυῶς
547 2442 941 2512 ὑποστήσεται.
990 2438 1235 2501 Είκότως
1273 2436 1367 2491 οῦν
1397 2438 1432 2507 ή
1459 2435 1758 2506 θεόληπτος
1778 2435 1949 2487 ’Δννα

362 2534 588 2608 φαιδρὰ,
621 2534 716 2587 καὶ
742 2530 1122 2602 γεγαννυμένη
1166 2532 1235 2601 τῇ
1265 2529 1369 2599 τῆς
1393 2528 1573 2598 ψυχῆς
1614 2528 1950 2581 καταστάσει

356 2626 701 2698 διαπρυσίως
733 2626 836 2698 βοᾷ
854 2640 871 2658 ο
904 2623 1226 2695 Συγχάρητέ
1254 2676 1257 2679 ,
1283 2639 1394 2692 μοι,
1423 2621 1680 2690 λέγουσα,
1721 2619 1949 2689 βλαστὸν

355 2716 697 2786 ἐπαγγελίας
718 2715 778 2782 ἐξ
790 2713 1045 2786 ἀκάρπου
1069 2712 1307 2785 τεκούσῃ
1329 2710 1591 2782 γαστρὸς,
1625 2711 1721 2763 καὶ
1738 2707 1949 2779 καρπὸν

357 2809 617 2878 εὐλογίας
641 2808 762 2862 κατ’
791 2806 957 2877 εὐχὰς
982 2802 1325 2877 ἐκτρεφούσῃ
1358 2802 1536 2874 μαζῷ.
1583 2801 1950 2873 Ἐξεδυσάμην

354 2901 421 2954 τὸ
450 2897 816 2971 στειρώσεως,
860 2897 956 2951 καὶ¹
1012 2896 1111 2968 τῆς
1176 2894 1460 2955 εὐτεκνίας
1493 2893 1555 2947 τὸ
1590 2893 1815 2965 φαιδρὸν
1839 2895 1949 2964 hy..-

354 2993 653 3071 φιασάμην
682 2989 1085 3061 προκάλυμμα.
1120 2985 1470 3058 Συγχαιρέτω
1511 3003 1602 3056 μοι
1644 2986 1946 3057 σήμερονὴ

353 3086 695 3152 ἐξάκουστος
729 3081 922 3145 Ἅννα,
951 3083 985 3151 ή
1015 3079 1115 3148 τῆς
1147 3078 1380 3141 Φενένας
1410 3076 1707 3139 ἀντίθετος,
1752 3077 1848 3131 καὶ⁵
1872 3076 1950 3148 τῷ

356 3181 489 3234 κατ’
520 3177 690 3248 αὐτὴν
718 3174 1082 3243 ὑποδείγματι
1104 3171 1163 3224 τὸ
1183 3171 1313 3242 περὶ
1347 3170 1446 3240 ἐμὲ
1492 3168 1797 3239 παράδοξον
1826 3170 1948 3221 ἐπι-

359 3269 628 3341 κροτείτω
654 3266 861 3338 θαῦμα.
896 3263 1187 3332 Χορευὲτω
1211 3261 1306 3315 καὶ
1349 3259 1538 3333 Σάρρα
1567 3258 1951 3330 πρεσϐυτικῶς

2108 1236 2228 1294 1am
2263 1254 2397 1295 vero
2423 1238 2492 1296 ad
2521 1242 2839 1300 natalitiam
2868 1244 2976 1300 diei
3005 1244 3393 1303 celebritatem
3428 1259 3624 1305 rever-

2045 1341 2268 1399 tamur;
2305 1342 2360 1388 et
2391 1335 2609 1390 Annam
2663 1338 3070 1409 aliquantisper
3098 1347 3362 1409 tanquam
3390 1344 3628 1408 nuptiali

2043 1425 2294 1483 carmine
2348 1428 2714 1499 proludentes
2743 1430 3157 1488 collaudemus.
3212 1430 3349 1487 Nam
3380 1443 3435 1488 ει
3459 1436 3627 1488 tiliam

2045 1528 2074 1568 a
2109 1513 2217 1571 Deo
2302 1516 2510 1586 datam,
2567 1521 2967 1590 promissionis
3047 1523 3414 1579 arrhabonem
3469 1537 3630 1580 utet-ct

2046 1609 2304 1677 gestavit,
2354 1624 2590 1682 eamque
2619 1613 2907 1669 obtentam
2944 1617 3215 1685 precibus
3256 1625 3385 1688 post
3415 1620 3632 1674 sterili-

2045 1704 2214 1754 tatem
2260 1703 2497 1772 peperit,
2532 1719 2655 1775 quat
2709 1704 2886 1761 Deum
2924 1722 3095 1778 supra
3125 1708 3385 1765 immanes
3421 1711 3629 1765 mentis

2046 1800 2268 1862 captum
2308 1794 2830 1853 manifestissimum
2868 1799 3185 1856 hominibus
3215 1800 3447 1865 factum,
3475 1817 3632 1856 cum-

2046 1898 2157 1952 qtte
2186 1884 2299 1940 illis
2331 1896 2758 1944 conversantem
2793 1890 3028 1961 gignere
3059 1891 3255 1947 valuit.
3315 1891 3423 1946 Par
3449 1892 3633 1963 siqui-

2050 1975 2172 2031 dem
2199 1986 2286 2031 est
2339 1992 2489 2044 eam,
2550 1994 2675 2050 quae
2732 1981 2845 2037 tale
2873 1982 3049 2038 edidit
3100 1998 3351 2053 germen,
3394 1986 3632 2039 summis

2054 2066 2309 2122 laudibus
2335 2071 2493 2146 evehi
2518 2070 2841 2143 divinisque
2877 2074 3061 2146 excipi
3093 2074 3627 2130 acclamationibus.

2050 2155 2281 2212 Videtur
2322 2138 2492 2228 igitur
2540 2161 2710 2215 veluti
2748 2138 3042 2220 thalamus
3076 2176 3207 2217 esse
3258 2164 3431 2217 Anna:
3470 2161 3632 2218 cubio

2050 2251 2234 2303 culum
2265 2249 2506 2304 duarum
2571 2251 2879 2321 insignium
2939 2251 3274 2309 feminarum
3308 2255 3633 2310 nominibus

2051 2340 2407 2411 inscriptum,
2467 2342 2725 2398 videlicet
2775 2342 3065 2412 genitricis
3124 2350 3179 2398 et
3209 2344 3447 2414 genitae,
3495 2358 3634 2414 qua.

2050 2446 2173 2485 rum
2203 2434 2376 2488 altera
2406 2434 2726 2490 sterilitatis
2757 2433 3034 2489 dedecore
3067 2435 3234 2490 modo
3259 2436 3492 2492 liberata
3518 2441 3625 2502 est,

2051 2523 2226 2579 altera
2255 2538 2388 2578 vero
2439 2527 2607 2595 paulo
2631 2536 2757 2595 post
2783 2524 2987 2609 Jesunq
3009 2525 3247 2581 similem
3294 2527 3454 2582 nobis
3501 2525 3636 2583 divi-

2051 2615 2207 2672 nitus
2269 2614 2479 2674 factum
2552 2615 2915 2672 inenarrabili
2971 2617 3192 2673 ratione
3247 2619 3452 2689 pariet.
3500 2615 3634 2673 Jure

2052 2708 2240 2777 itaque
2329 2707 2521 2761 divino
2596 2718 2828 2777 accepto
2891 2723 3122 2765 munere
3193 2710 3402 2777 Anna,
3488 2712 3630 2767 laeti-

2050 2794 2127 2849 tia
2157 2793 2430 2863 gestient‘e
2467 2795 2676 2861 animo,
2716 2796 2934 2865 magnis
2968 2798 3220 2864 vocibus,
3254 2807 3317 2854 ut
3352 2800 3423 2855 ah
3452 2801 3629 2854 omnis

2051 2884 2156 2940 bu’s
2211 2884 2495 2949 audiatur,
2555 2887 2853 2951 exclamat,
2897 2894 2911 2942 ὲ
2951 2887 3428 2958 Cougratulamini
3474 2890 3631 2957 mihi,

2050 2977 2336 3047 inquiens,
2361 2993 2485 3049 quae
2518 2978 2916 3047 promissionis
2943 2993 3167 3049 germen
3200 2994 3269 3034 ex
3301 2982 3428 3035 alvo
3452 2982 3631 3037 sterili

2050 3069 2365 3139 procreavi,
2409 3079 2463 3125 et
2512 3068 2919 3125 benedictionis
2975 3070 3240 3135 fructum,
3286 3073 3427 3128 utin
3489 3078 3632 3131 votis
3704 3134 3711 3135 ,

2050 3170 2192 3225 erat,
2230 3159 2456 3230 papillis
2511 3159 2650 3215 meis
2677 3159 2944 3216 enutrivi.
3001 3159 3240 3216 Tristem
3270 3164 3396 3217 exui
3428 3164 3634 3219 sterili.
3698 3192 3703 3197 ~

2051 3254 2184 3309 tatis
2210 3261 2445 3315 vestem,
2504 3253 2807 3321 laetumque
2830 3252 3017 3322 accepi
3053 3250 3416 3311 fecunditatis
3469 3256 3637 3311 indu-

360 3358 778 3431 ἀνασκιρτῶσα,
837 3355 935 3410 καὶ
994 3357 1095 3426 τὴν
1158 3352 1299 3425 ἐμήν
1361 3352 1758 3423 ὐπογράφουσα
1813 3350 1950 3421 μετὰ

2056 3354 2324 3402 mentum.
2379 3344 2809 3416 Congratuletur
2861 3344 2999 3399 mihi
3049 3344 3215 3401 hodie
3258 3347 3499 3403 celebris
3543 3348 3636 3403 illa

364 3453 657 3522 ατείρωσιν
696 3448 922 3519 κύησιν.
999 3442 1498 3514 Ὑποφωνείτωσαν
1557 3441 1674 3514 ἅμα
1741 3444 1950 3513 στεῖραι

2056 3437 2566 3502 Anna,Phenennat
2590 3436 2820 3505 aemula;
2858 3444 2914 3492 et
2944 3436 3274 3495 incredibile
3303 3440 3637 3496 miraculum

363 3546 466 3600 stat
484 3543 668 3614 ἄγονοι
690 3542 790 3612 τὴν
821 3541 909 3594 ἐπ’
964 3537 1090 3610 ἐμοὶ
1120 3534 1612 3606 θαυμαστωθεϊσαν
1661 3533 1950 3604 οὐρανόθεν

2056 3530 2204 3599 quod
2273 3529 2410 3583 mihi
2459 3542 2685 3599 quoque
2751 3529 3007 3598 exemplo
3082 3530 3365 3585 consimili
3412 3532 3639 3603 obtigit,

364 3634 685 3705 ἐπίσκεψιν.
709 3633 936 3688 Είπάτω
990 3630 1056 3700 δὴ
1105 3629 1201 3682 καὶ
1237 3628 1391 3702 πᾶσα
1443 3626 1646 3697 μήτηρ,
1683 3625 1779 3679 καὶ
1808 3624 1950 3694 γόνι-

2058 3621 2348 3694 plausibus
2404 3626 2799 3690 prosequatur.
2857 3620 3109 3675 Choreas
3167 3622 3337 3677 ducat
3407 3631 3463 3678 ct
3500 3624 3640 3678 Sara

370 3744 495 3797 μος.
527 3726 821 3797 εὐλογητὸς
870 3724 901 3777 δ
949 3722 1074 3785 δοὺς
1100 3718 1269 3791 εὐχὴν
1325 3720 1439 3781 τοῖς
1486 3716 1821 3788 εὐχομένοις,
1863 3717 1950 3771 καὶ

2059 3712 2316 3771 seniliter
2338 3712 2630 3775 exsiliens,
2665 3725 2902 3780 meoque
2932 3715 3231 3782 conceptui
3259 3723 3444 3768 amota
3478 3718 3642 3771 steri-

363 3818 643 3885 διανοίξας
687 3818 889 3889 πόρους
948 3814 1144 3884 ἅγόνου
1192 3806 1429 3883 μήτρας,
1484 3808 1582 3863 καὶ
1631 3807 1861 3879 βλαστὸν
1895 3807 1950 3875 ὲε

2061 3805 2228 3860 litate
2271 3804 2611 3860 subscribat.
2669 3801 2873 3857 Adsint
2930 3802 3095 3857 simul
3130 3811 3185 3859 et
3215 3804 3443 3875 reliqua:
3472 3808 3641 3861 steri-

363 3911 627 3982 ἀκάρπου
677 3888 844 3979 γονῆς
902 3905 1275 3979 χαρισάμενος
1329 3902 1431 3973 τὴν
1492 3899 1950 3973 ὐπερθαύμαστον

2064 3896 2144 3953 les
2173 3910 2298 3965 quae
2328 3895 2533 3950 liberos
2565 3908 2672 3948 non
2708 3888 3071 3963 pepererunt,
3125 3910 3460 3967 mecumque
3499 3898 3644 3953 divi—

367 3984 540 4055 αὐτοῦ
566 3998 708 4056 κατὰ
759 3999 941 4068 σάρκα
994 3994 1230 4068 μητέρα.
1274 3984 1384 4056 Ἦς
1430 3990 1654 4063 ήνηδὺς
1704 3991 1950 4063 οὐρανὸς,

2063 4006 2148 4046 nte
2206 3988 2585 4045 ltencllcentite
2634 4002 2839 4042 munus
2890 3988 3176 4054 exaltent;
3208 4004 3322 4059 quo
3356 3990 3557 4044 mirum
3588 3992 3644 4045 in

368 4094 432 4146 ἐν
459 4085 836 4161 ᾧέσκήνωσεν
860 4089 888 4142 ὁ
920 4084 1174 4157 μηδαμοῦ
1203 4081 1474 4155 χωρητός.

2065 4080 2290 4136 modum
2323 4078 2555 4133 visitare
2574 4089 2665 4133 nte
2694 4072 2962 4134 Dominus
2986 4078 3252 4149 dignatus
3280 4089 3391 4135 est.
3416 4081 3571 4136 Dicat
3590 4088 3648 4137 el.

368 4193 551 4238 mater
593 4180 777 4237 omnis
805 4221 822 4248 ,
853 4193 977 4249 quae
1026 4178 1171 4232 ﬁlios
1202 4173 1455 4245 peperit;
1508 4174 1851 4239 benedictus,
1902 4171 1996 4246 qui
2045 4174 2215 4245 petita
2268 4171 2421 4225 dedit
2451 4168 2792 4239 petentibus,
2822 4169 3142 4239 sterilisque
3171 4170 3385 4225 ventris
3429 4174 3648 4242 aperuit

368 4277 625 4347 ianuam,
668 4275 1033 4342 fructumque
1062 4285 1130 4324 ex
1157 4266 1461 4323 infecundo
1497 4266 1711 4322 semine
1741 4267 1978 4338 largitus
2006 4276 2114 4329 est,
2154 4277 2312 4321 suam
2340 4261 2561 4318 scilicet
2601 4260 2776 4331 ipsius
2805 4259 3113 4316 secundum
3149 4274 3374 4317 carnem
3421 4266 3649 4331 praecel-

370 4369 746 4428 lentissimam
812 4374 1089 4432 matrem,
1141 4362 1307 4434 cujus
1361 4359 1614 4432 profecto
1671 4371 1867 4417 uterus
1933 4363 2137 4417 cretum
2218 4358 2403 4413 factus
2451 4362 2559 4420 est,
2617 4352 3073 4425 quandoquidem
3132 4354 3232 4424 qui
3297 4354 3455 4411 nullo
3524 4357 3648 4412 loco

266 4508 267 4511 η
371 4465 553 4536 excipi
586 4470 795 4535 potest,
827 4462 877 4519 is
904 4462 959 4517 in
983 4474 1050 4517 eo
1074 4457 1503 4516 contubernium
1538 4455 1748 4512 habuit.

444 4615 666 4689 Συνῳδά
685 4617 743 4672 δὲ
770 4613 984 4679 τούτοις
1031 4612 1128 4668 κο)⁹
1156 4610 1320 4683 ἡμεῖς
1357 4606 1496 4682 αὐτῇ
1525 4607 1593 4682 τῇ
1644 4604 1950 4682 καλουμένῃ

2136 4602 2431 4681 Consonas
2489 4599 2676 4667 itaque
2715 4593 2867 4652 hisce
2923 4592 3123 4654 laudes
3152 4603 3207 4652 et
3234 4611 3337 4653 nos
3366 4601 3652 4668 pereolvm

378 4714 570 4784 στείρᾳ
603 4710 757 4774 ποτὲ,
790 4706 884 4763 νῦν
905 4707 964 4760 δὲ
983 4707 1151 4777 μητρὶ
1171 4702 1444 4775 γενομένῃ
1491 4701 1588 4756 τοῦ
1624 4700 1950 4771 παρθενικοῦ

2069 4711 2193 4753 mus
2222 4695 2296 4760 ei,
2335 4706 2458 4761 qua
2506 4688 2711 4747 sterilis
2744 4689 2878 4743 olim
2939 4689 3264 4757 vocabatur,
3286 4705 3438 4745 nunc
3467 4700 3650 4748 autem

374 4778 646 4874 θαλάμου,
665 4802 767 4871 τὴν
791 4797 1070 4869 εὐφημίαν
1109 4795 1493 4866 προσάξωμεν.
1527 4792 1790 4863 Εἴπωμεν
1821 4793 1950 4864 μετᾶ

2067 4786 2303 4858 virginei
2366 4782 2595 4838 thalami
2658 4788 2835 4835 mater
2874 4778 3074 4835 ell'ecta
3134 4789 3246 4837 est.
3284 4780 3552 4839 Dicamus
3584 4782 3652 4840 ad

373 4897 475 4969 τῆς
509 4895 732 4965 Γραφῆς
755 4889 1108 4964 πρὸςαύτὴν,
1144 4888 1392 4958 εἴπωμεν
1417 4904 1431 4918 ο
1490 4884 1578 4950 Ὠς
1627 4885 1901 4957 μακάριος
1932 4888 1962 4940 ό

371 4984 523 5044 οἶκος
553 4985 737 5049 Δσίυῒδ,
770 4983 831 5050 ἐξ
880 4977 944 5038 οὐ
979 4982 1386 5055 προελήλυθαςι
1423 4981 1519 5034 καὶ⁸
1559 4982 1594 5052 η
1620 4980 1809 5051 νηδὺς,
1840 4980 1899 5032 ἐν

375 5078 609 5136 κιϐωτὸν
655 5077 1002 5146 άγιάσματος
1056 5072 1192 5136 Θεὸς
1242 5072 1632 5127 ἐτεκτόνευσεί
1670 5071 1772 5143 τὴν
1801 5073 1964 5126 αὐτὸν

372 5171 634 5242 άσπόρως
662 5168 969 5239 κυήσασαν.
997 5162 1185 5229 Οὕτως
1202 5165 1268 5219 σὺ
1304 5163 1575 5235 μακαρία,
1598 5164 1693 5218 καὶ
1723 5174 1963 5236 τρισμαι

375 5261 568 5333 καρία.
599 5262 635 5330 ή
665 5258 1098 5329 θεομακάριστον
1121 5254 1321 5327 βρέφος
1358 5255 1809 5325 έγκυμονήσασα,
1844 5255 1963 5308 Μαι

375 5354 500 5420 ρίαν
524 5350 589 5406 τὸ
609 5349 984 5420 πολυτίμητον
1024 5347 1223 5418 δνομα,
1255 5346 1317 5413 ἐξ
1364 5340 1432 5418 ἦς
1456 5347 1484 5399 ό
1505 5344 1745 5416 Χριστὸς
1778 5347 1840 5401 τὸ
1862 5349 1960 5419 τῆς

372 5443 521 5513 ζωῆς
553 5441 926 5515 ἐχρημάτισεν
940 5439 1123 5504 ἄνθος.
1155 5433 1222 5511 ἧς
1277 5437 1374 5491 καὶ
1403 5439 1438 5508 ἡ
1479 5436 1706 5508 πρόοδος
1726 5438 1960 5503 ἔνδοξος,

375 5534 469 5589 καὶ
498 5536 534 5606 ή
558 5535 687 5589 ὠδὶν
718 5531 1110 5605 ὐπερκόσμιος.
1143 5528 1529 5602 Συγχαίρομέν
1561 5543 1645 5582 σοι
1668 5529 1761 5582 καὶ
1776 5531 1961 5601 ἡμεῖς,

374 5617 421 5677 ὦ
453 5625 721 5680 πανολσία
746 5641 761 5654 ·
790 5626 893 5695 τὴν
921 5622 1033 5694 γὰρ
1079 5621 1301 5677 πάντων
1334 5620 1493 5692 ἡμῶν
1541 5619 1737 5675 ἐλπίδα
1765 5619 1962 5675 θεοδώ-

2067 4894 2191 4936 eam
2225 4890 2335 4933 una
2364 4889 2489 4930 cum
2540 4873 2720 4929 sacris
2753 4872 2998 4943 paginis,
3031 4873 3288 4928 dicamus
3322 4889 3335 4926 :
3365 4872 3541 4940 Quam
3573 4874 3653 4930 fee

2071 4973 2146 5027 lix
2181 4972 2385 5024 domus
2446 4965 2702 5028 Davidis,
2727 4980 2793 5020 ex
2846 4979 2955 5034 qua
2987 4966 3331 5035 provenisti!
3373 4964 3546 5032 Quam
3579 4967 3655 5021 fe-

2069 5064 2143 5118 lix
2174 5069 2366 5116 venter
2428 5070 2582 5120 tuus,
2609 5057 2664 5111 in
2711 5071 2824 5127 quo
2854 5057 3326 5114 sanctificationis
3358 5072 3545 5114 arcam
3576 5063 3655 5113 l'a-

2068 5155 2313 5211 bricatus
2370 5160 2457 5208 est
2494 5152 2639 5208 Deus
2675 5153 2688 5205 ι
2718 5152 2867 5204 illam
2922 5150 3212 5214 videlicet,
3253 5167 3379 5222 qua!
3406 5152 3548 5227 ,sine
3568 5168 3657 5209 se-

2068 5246 2215 5301 mine
2262 5246 2446 5318 ipsum
2504 5244 2851 5313 conciperet.
2916 5239 3075 5317 Vere.
3108 5243 3336 5314 quidem
3371 5243 3535 5299 beata
3567 5260 3650 5307 es.

2067 5352 2132 5392 ac
2162 5346 2248 5393 ter
2305 5339 2484 5402 beata,
2535 5352 2660 5407 qua:
2720 5333 2930 5392 divinis
2957 5337 3284 5393 muneribus
3313 5337 3650 5393 cumulatam

2064 5431 2304 5502 puellam
2337 5430 2608 5501 genuisti,
2646 5428 2900 5495 Mariam,
2942 5429 3203 5500 inquam,
3263 5445 3526 5501 magnum
3579 5432 3649 5484 il-

2067 5522 2163 5579 lud
2222 5538 2449 5584 nomen,
2483 5524 2632 5577 omni
2687 5521 2853 5577 laude
2902 5522 3167 5592 omnique
3204 5522 3418 5578 honore
3470 5540 3656 5594 prosc-

2068 5617 2349 5687 quendum
2376 5632 2392 5683 ;
2424 5631 2492 5672 ex
2525 5629 2634 5687 qua
2664 5616 2923 5671 Christus
2949 5617 3074 5671 vita:
3098 5616 3202 5674 llos
3232 5616 3454 5688 erupit:
3489 5618 3654 5691 cujus

378 5728 539 5784 ρητον
560 5715 900 5785 ἐπαγγελίας
952 5714 1274 5783 άπεκύησας
1313 5714 1580 5783 γέννημα.
1624 5709 1885 5782 Μακαρία
1916 5711 1950 5765 ε¹

2069 5717 2125 5762 ει
2181 5708 2584 5763 incrementum
2630 5707 2957 5778 gloriosum,
3018 5714 3073 5761 et
3159 5708 3652 5778 pmclarissimunt

375 5805 615 5877 άληθῶς,
665 5807 759 5861 καὶ
809 5806 1074 5877 μακάριος
1125 5806 1154 5863 ό
1209 5804 1424 5874 καρπὸς
1462 5803 1561 5874 τῆς
1591 5800 1804 5865 κοιλίας
1845 5815 1959 5857 σου.

701 5925 967 5987 Panos.
1012 5926 1132 5986 Gtt.
1167 5917 1399 5982 XCVII.

2074 5802 2446 5870 puerperium.
2482 5798 2841 5855 Gratulamur
2869 5800 2966 5856 tibi
3006 5810 3059 5857 et
3089 5817 3209 5855 nos.
3246 5817 3280 5852 ο
3309 5801 3648 5857 beatissima.

3211 5913 3278 5976 Ἠ
