3966 6436
410 380 514 451 8-‘3

1607 388 1668 450 S.
1702 388 2029 453 ANDRE/E
2070 388 2490 450 CRETENSIS
3551 397 3642 459 844

410 509 656 557 nostram
723 499 987 570 siquidem
1026 500 1273 557 omnium
1308 515 1460 571 spem
1490 500 1759 558 divinitus
1785 503 1982 566 datam,

2098 505 2513 574 Μακαρίζονται
2539 504 2625 558 διὰ
2663 503 2755 556 σοῦ
2792 501 2882 555 καὶ
2922 509 3182 570 γυναῖκες
3217 502 3570 562 ἀποϐαλοῦσαι
3594 513 3645 564 th

409 593 853 660 promissamque
904 589 1117 658 prolem
1146 588 1392 646 edidisti.
1426 589 1593 647 Beata
1624 591 1879 662 profecto
1905 608 1986 658 es,

406 685 730 752 ventrisque
778 684 855 735 tui
912 681 1108 737 beatus
1167 681 1405 740 fructus.
1458 683 1565 739 Per
1615 691 1669 741 te
1702 684 1986 750 mulieres,

403 791 529 845 qua:
582 789 873 844 nunquam
916 783 1250 843 genuerunt,
1280 776 1494 845 prolem
1526 776 1989 848 concipiunt,-fe-

2092 595 2308 662 ἄγονον,
2368 599 2463 649 καὶ
2529 596 2822 666 γενόμεναι
2882 595 3020 664 μετά
3082 596 3369 665 στείρωσιν
3436 601 3643 669 γόνιμοι.

2091 685 2318 740 Γλῶσσα
2336 686 2392 738 δὲ
2425 687 2633 740 πιστῶν
2650 687 2949 757 μεγαλύνει
2979 704 3072 739 σου
3102 687 3192 740 τὸν
3222 686 3462 757 βλαστὸν,
3482 693 3647 745 καὶλό-

2090 794 2186 846 γος
2212 778 2356 842 ἄπας
2378 769 2873 850 εὐφρόσυνοςάίνεῖ
2895 795 2990 831 σου
3015 778 3537 845 τὸντοκετὸν.”Αξιον
3556 787 3649 855 γὰρ

402 868 712 938 cundaaque
742 875 868 937 post
897 866 1220 922 diuturnam
1250 869 1609 925 sterilitatem
1640 869 1800 924 fiunt.
1826 868 1982 925 Fide-

2093 867 2278 933 ὅντως,
2318 870 2407 922 καὶ
2439 869 2805 941 διαφερόντως
2828 870 3053 935 ἐπάξιον
3083 870 3444 940 εὐφημείσθαι
3478 874 3568 943 τὴν
3596 878 3651 929 ἐκ

404 962 540 1016 limn
595 961 781 1030 lingua
816 976 1043 1031 germen
1070 968 1226 1014 tuum
1259 961 1497 1024 extollit,
1549 960 1849 1031 omnisque
1876 976 1991 1017 ser-

402 1068 493 1108 mo
521 1051 938 1108 ersultantibus
977 1052 1182 1107 animis
1232 1062 1451 1122 partum
1485 1060 1643 1107 tuum
1682 1052 1985 1108 collaudat.

399 1142 537 1198 Nam
570 1144 797 1216 dignum
821 1152 930 1209 est,
983 1145 1337 1214 maximeque
1360 1144 1591 1215 dignum
1623 1145 1825 1202 faustis
1865 1161 1985 1201 eam

400 1240 632 1295 vocibus
662 1233 972 1302 celebrare,
1005 1252 1128 1306 quae
1178 1236 1385 1291 divinae
1411 1235 1778 1293 Providentiae
1799 1239 1987 1295 consi-

401 1333 474 1385 liu
497 1330 663 1402 digna
722 1329 911 1384 habita
944 1335 1030 1383 est
1057 1328 1308 1383 caelestis
1334 1329 1548 1409 oraculi
1579 1331 1983 1400 responsione;

396 1438 526 1493 quae
577 1422 742 1476 talem
785 1429 1117 1487 tantumque
1164 1420 1326 1475 nobis
1358 1421 1589 1489 protulit
1622 1419 1885 1485 fruetum,
1917 1437 1984 1476 ex

396 1529 510 1583 quo
541 1512 721 1568 dulcis
750 1510 918 1566 Jesus
944 1518 1174 1565 exortus
1206 1519 1313 1573 est,
1360 1511 1512 1564 omni
1542 1511 1836 1566 dulcedine
1862 1511 1988 1565 dul-

397 1609 543 1671 cior,
581 1613 734 1660 totus
798 1601 1212 1667 desiderabilis,
1244 1603 1612 1673 omniumque
1644 1606 1986 1659 desiderabi-

398 1703 532 1755 lium
591 1700 851 1755 ultimum
908 1697 1306 1753 desiderabile.
1364 1697 1482 1752 Sub
1505 1699 1625 1766 ejus
1657 1699 1852 1753 umbra
1880 1713 1984 1753 nos

399 1798 517 1850 fore
550 1793 823 1855 victuros,
882 1791 1119 1862 ejusque
1150 1790 1254 1845 sub
1308 1789 1413 1845 alis
1444 1799 1677 1863 mortem
1734 1790 1984 1845 obituros

2089 961 2242 1026 θείας
2276 962 2644 1033 ὲπιφροσύνης
2674 962 2998 1030 ἀξιωθεῖσαν
3019 962 3296 1033 χρησμοῦ,
3325 967 3415 1016 καὶ
3439 965 3652 1019 τοιοῦτον

2092 1054 2187 1108 καὶ
2202 1055 2458 1110 τοσοῦτον
2478 1058 2608 1126 ἡμῖν
2621 1055 2997 1111 ἀποτεκοῦσαν
3015 1056 3246 1127 καρπὸν,
3268 1055 3327 1119 ἐξ
3357 1051 3415 1109 οῦ
3430 1058 3457 1109 ό
3473 1056 3655 1124 γλυκὺς

2105 1146 2312 1216 Ἰησοῦς
2353 1148 2750 1220 προελήλυθεν,
2776 1147 2897 1212 ὅλος
2931 1146 3007 1200 ὢν
3059 1148 3400 1215 γλυκασμὸς,
3433 1149 3520 1200 καὶ
3551 1150 3654 1212 ὅλος

2092 1237 2379 1308 ἐπιθυμία,
2402 1240 2624 1292 καὶτῶν
2646 1240 2890 1309 ὁρεκτῶν
2915 1240 3170 1294 ἁπάντων
3188 1240 3412 1310 ἔσχατον
3428 1241 3655 1311 ὀρεκτόν.

2089 1322 2165 1381 Οῦ
2186 1328 2454 1398 εἴπωμεν,
2487 1331 2591 1383 ὑπὸ
2616 1331 2715 1401 τὴν
2744 1331 2901 1384 σκιὰν
2933 1330 3100 1384 αὑτοῦ
3124 1329 3423 1401 ζησόμεθα,
3463 1331 3550 1382 καὶ
3567 1332 3651 1383 {ml

2085 1421 2206 1481 ταῖς
2237 1420 2399 1473 αὐτοῦ
2452 1420 2943 1491 διαναπαυσόμεθα
3002 1419 3285 1491 πτέρυξιν.
3318 1415 3486 1484 Οὗτός
3525 1422 3659 1473 ἐστιν

2086 1509 2467 1579 ἀληθῶςόδιὰ
2520 1512 2712 1592 νόμου,
2754 1513 2849 1566 καὶ
2909 1512 3209 1584 προφητῶν
3249 1513 3655 1582 κηρυττόμενος,

2086 1604 2321 1672 Χριστὸς
2344 1604 2550 1674 Ἰησοῦς
2581 1607 2608 1657 ὁ
2637 1606 2793 1671 Θεὸς,
2823 1607 2855 1675 ἡ
2887 1607 3084 1676 Χάρις,
3118 1605 3212 1657 καὶ
3243 1607 3275 1672 ἡ
3299 1603 3580 1673 Ἀλήθειαο
3608 1603 3659 1666 ὃς

2085 1693 2249 1767 ἦλθεν
2315 1692 2678 1769 ἁμαρτωλοὺς
2743 1699 2938 1763 σῶσαι,
2994 1700 3088 1752 καὶ
3141 1698 3353 1758 πάντας
3405 1696 3659 1749 ἀνακαλέ-

2090 1790 2286 1843 σασθαι
2319 1791 2454 1862 πρὸς
2503 1793 2603 1863 τὴν
2658 1792 2895 1861 ἀρχαίαν
2945 1793 3246 1860 εὐγένειαν.
3288 1787 3657 1860 accensae,

396 1896 732 1942 statuamus.
790 1883 913 1954 Ipse
969 1883 1166 1952 procul
1219 1881 1390 1936 dubio
1441 1890 1550 1943 est,
1584 1895 1747 1950 quem
1779 1881 1862 1934 lex
1932 1888 1982 1935 et

2093 1882 2185 1934 καὶ
2214 1883 2246 1951 ἡ
2281 1882 2440 1953 τιμὴ,
2470 1883 2564 1936 καὶ
2604 1885 2636 1953 ἡ
2668 1883 3043 1953 προσκύνησις
3072 1883 3226 1953 παρὰ
3270 1882 3489 1935 πάντων
3519 1878 3659 1951 ἡμῶν

398 1979 677 2048 prophetat
743 1976 1143 2046 praedicarunt,
1188 1972 1451 2029 Christus
1483 1970 1669 2037 Jesus,
1706 1975 1797 2041 qui
1837 1972 1983 2029 Deus

395 2083 501 2137 est,
565 2069 754 2125 Gratia
798 2078 919 2130 .csl,
981 2066 1199 2123 Veritas
1226 2075 1346 2131 est;
1411 2065 1624 2135 quique
1660 2071 1981 2135 peccatores

395 2166 583 2217 salvos
614 2161 799 2215 facere
854 2161 1030 2221 venit.
1055 2173 1360 2227 omnesque
1391 2158 1455 2210 ad
1490 2156 1781 2225 pristinam
1816 2172 1973 2227 gene-

2092 1972 2449 2043 ἀναφέρεται,
2483 1974 2581 2029 σὺν
2611 1976 2689 2045 τῷ
2718 1975 2946 2045 ἀνάρχῳ
2976 1975 3174 2045 Πατρλ,
3203 1973 3298 2027 καὶ
3316 1972 3397 2043 τῷ
3432 1969 3662 2039 ζωοποιῷ

2088 2066 2253 2120 αὑτοῦ
2294 2068 2601 2139 Πνεύματι,
2635 2070 2744 2124 ἀπὸ
2781 2071 2877 2124 τοῦ
2908 2071 3026 2134 νῦν,
3068 2071 3163 2125 καὶ
3197 2072 3280 2134 εἰς
3315 2068 3445 2131 τοὺς
3477 2067 3662 2125 αίῶνας

2087 2158 2196 2211 τῶν
2225 2159 2456 2215 αἰώνων.
2506 2161 2700 2233 Ἀμήν.

398 2261 474 2310 iis
510 2256 858 2309 nobilitatem
913 2264 1198 2305 revocare.
1228 2249 1338 2319 Ipsi
1363 2249 1559 2319 gloria,
1593 2259 1647 2302 et
1683 2248 1884 2314 honor,
1922 2258 1980 2305 et
2018 2251 2205 2306 cultus
2237 2266 2266 2304 a
2297 2253 2457 2308 nobis
2489 2255 2752 2311 omnibus
2794 2254 3072 2322 defertur,
3133 2269 3261 2310 cum
3328 2255 3517 2315 Patre,
3579 2249 3661 2321 qui

396 2350 730 2421 principium
762 2363 872 2404 non
935 2349 1107 2410 novit,
1159 2344 1393 2415 ejusque
1427 2344 1660 2415 Spiritu,
1689 2344 1786 2415 qui
1818 2344 1983 2400 vitam
2022 2347 2312 2421 elargitur,
2347 2367 2518 2419 nunc,
2546 2360 2603 2409 et
2636 2354 2692 2407 in
2723 2352 2923 2409 saecula
2949 2353 3308 2409 seculorum.
3337 2358 3536 2407 Amen.

990 2485 1252 2591 ΟΙΞΑΤΙΟ
1296 2485 1381 2539 ΙΙΙ.
1414 2496 1427 2503 “

400 2632 471 2684 De
519 2625 885 2684 immaculata
922 2622 1162 2677 Dominw
1209 2631 1405 2674 nostrai
1468 2619 1561 2673 Dei
1593 2619 1875 2675 Genitricis
1919 2638 1983 2675 ac

465 2716 670 2769 semper
735 2696 956 2769 virginis
1022 2692 1217 2769 Mur-ire
1284 2689 1603 2769 Natiritate.
1668 2691 1982 2769 Ostenditur

464 2763 654 2834 etiam,
683 2781 793 2822 tum
814 2763 879 2819 ea:
913 2764 1081 2819 Veteri
1111 2763 1359 2834 historia.
1390 2770 1500 2834 tum
1541 2778 1606 2815 ex
1622 2764 1792 2834 variis
1835 2763 1984 2834 testi-

464 2831 681 2903 moniis,
713 2854 832 2893 eam
863 2851 929 2891 ea:
964 2834 1180 2889 Davidis
1212 2833 1409 2887 semine
1439 2831 1750 2887 descendere
1776 2832 1919 2905 (l9).

374 3092 387 3099 κ
462 3058 706 3115 Rursum
739 3056 965 3116 festum,
999 3061 1052 3108 ct
1084 3067 1303 3107 rursum
1347 3038 1642 3106 celebritas
1665 3091 1680 3116 ,
1724 3065 1980 3106 rursum-

2716 2494 2936 2548 ΛΟΓΟΣ
2962 2493 3037 2548 1".

2083 2627 2190 2692 Είς
2220 2623 2336 2694 τὴν
2352 2625 2685 2682 Γενέθλιον
2732 2625 2966 2694 ἡμέραν
3021 2625 3133 2695 τῆς
3178 2626 3549 2697 παναμώμου
3576 2626 3666 2681 Δε-

2156 2698 2420 2765 σποίνης
2443 2697 2616 2765 ἡμῶν
2646 2698 2940 2751 Θεοτόκου
2986 2699 3084 2750 καὶ
3132 2697 3534 2765 ἀειπαρθένου
3553 2700 3666 2751 Μα-

2146 2769 2309 2834 ρίας,
2337 2768 2437 2821 καί
2469 2767 2781 2833 ἀπόδειξις
2821 2767 2890 2820 ἐκ
2938 2766 3209 2833 Παλαιᾶς
3247 2768 3541 2834 ἱστορίας,
3576 2766 3664 2820 καί

2155 2837 2458 2907 διαφόρων
2496 2835 2876 2907 μαρτυριῶν,
2915 2837 3005 2890 ὅτι
3048 2839 3116 2892 ἐκ
3152 2837 3503 2906 σπέρματος
3540 2852 3667 2891 κατ-

2157 2906 2360 2977 άγεται
2383 2906 2505 2962 τοῦ
2520 2907 2719 2961 Δαϐίδ.

2151 3040 2323 3096 Πάλιν
2350 3040 2535 3113 ἑορτὴ,
2575 3042 2673 3094 καὶ
2701 3016 2865 3094 πάλιν
2900 3041 3234 3111 πανήγυρις,
3259 3042 3356 3094 καὶ
3389 3041 3549 3095 πάλιν
3565 3034 3667 3107 ἐγὼ

395 3167 501 3221 quc
533 3164 635 3219 ego
661 3145 989 3202 commodus
1019 3144 1366 3206 convivator,
1395 3142 1591 3196 salutis
1611 3156 1745 3197 mea:
1776 3140 1979 3196 festum

2093 3132 2257 3201 Βεξιὸς
2282 3135 2576 3205 ἑστιάτωρ,
2621 3134 3017 3206 πανηγυρίζων
3060 3137 3160 3204 τὴν
3215 3133 3463 3203 ἐμαυτοῦ
3502 3150 3665 3203 σωτη-

395 3243 633 3313 agitans,
671 3247 833 3308 atque
868 3252 1060 3291 milites
1100 3235 1167 3289 ad
1217 3234 1538 3303 Spirituales
1586 3233 1778 3304 epulas
1836 3232 1982 3287 invi-

2093 3224 2225 3296 ρίαν,
2256 3226 2352 3280 καὶ
2385 3225 2676 3293 συγκαλῶν
2702 3226 2952 3289 ἅπαντας
2990 3224 3126 3297 πρὸς
3163 3225 3265 3296 τὴν
3293 3227 3665 3297 πνευματικὴν

396 3310 544 3395 tatis,
583 3347 817 3399 quarum
867 3342 1076 3396 auspex
1120 3325 1213 3379 Dei
1245 3323 1493 3379 Genitrix
1541 3325 1804 3379 convivas
1851 3337 1982 3379 suos

2093 3315 2347 3380 ἑστίασιν,
2377 3310 2445 3387 ἧς
2467 3315 2785 3387 ήΘεοτόκος
2819 3313 3149 3385 ἐξάρχουσα,
3190 3314 3291 3385 τῆς
3327 3318 3548 3388 τρυφῆς
3584 3314 3666 3399 τὸν

396 3425 697 3494 voluptatis
730 3426 985 3473 torrente
1026 3418 1204 3487 pascit
1238 3431 1287 3470 ε.
1323 3416 1380 3470 In
1415 3431 1523 3486 quo
1560 3430 1679 3480 vos,
1713 3430 1746 3470 o
1774 3413 1981 3470 Christi

2093 3408 2448 3480 χειμάρρουν,
2477 3409 2606 3471 τοὺς
2660 3407 2864 3478 ἑαυτῆς
2918 3407 3075 3477 ἑστιᾷ
3122 3406 3484 3477 δαιτυμόνας.
3518 3398 3667 3474 Ἐνῷ

394 3504 644 3588 apiculze.
705 3514 891 3567 divine
952 3511 1455 3574 circumvolantes,
1517 3508 1671 3562 velut
1728 3523 1795 3562 ex
1860 3504 1983 3574 qui-

396 3614 626 3667 busdam
659 3606 973 3662 alvearibus
1006 3603 1353 3659 dulcedinem
1389 3602 1683 3665 stillantes,
1718 3608 1981 3669 tanquam

396 3704 523 3759 lavo
549 3701 788 3772 quodam
827 3698 1006 3751 mellis
1032 3696 1181 3750 domi
1214 3695 1450 3750 collecto
1479 3697 1585 3748 huc
1615 3692 1895 3747 acceditis.
1919 3689 1984 3744 Et

394 3796 520 3867 quis
557 3796 779 3848 tandem
812 3798 920 3851 est,
958 3789 1050 3858 qui
1094 3788 1162 3843 ab
1210 3788 1297 3843 his
1336 3786 1554 3842 deliciis
1584 3785 1779 3840 abesse
1806 3782 1980 3839 susti-

397 3896 544 3950 neat,
581 3901 645 3940 ex
688 3884 773 3937 his
808 3881 1171 3951 potissimum
1227 3880 1321 3949 qui
1372 3878 1487 3948 jam
1535 3890 1725 3932 earum
1776 3874 1979 3928 bonum

392 3974 797 4049 degustaruut?
833 3971 968 4026 Nam
997 3986 1122 4026 cum
1154 3969 1408 4025 nonnulli
1441 3968 1577 4034 sint,
1601 3966 1694 4037 qui
1726 3980 1757 4019 a
1790 3979 1980 4020 mensa

393 4068 689 4139 exquisitis
715 4065 855 4120 cibis
889 4061 1092 4118 referta
1122 4077 1232 4115 non
1263 4062 1421 4132 prius
1452 4059 1775 4121 abscedant,
1813 4071 1980 4127 quam

395 4166 538 4217 ultra
568 4160 731 4215 etiam
764 4157 1076 4212 satietatem
1125 4152 1193 4208 iis
1224 4170 1348 4209 sese
1386 4150 1781 4223 iugurgitariut
1802 4190 1815 4214 ,
1846 4146 1978 4219 quid

394 4256 576 4311 afferri
631 4262 829 4323 potest,
876 4249 1009 4319 quin
1058 4252 1322 4318 perquam
1366 4245 1659 4300 ridiculum
1702 4242 1976 4303 videatur.

394 4356 521 4401 ante
546 4347 832 4416 drgustata
866 4343 980 4395 lucc
1016 4341 1299 4412 mysteria,
1332 4355 1362 4394 e
1401 4338 1553 4409 regia
1597 4350 1788 4391 mensa
1819 4349 1981 4390 exce-

394 4438 558 4492 dere?
607 4435 837 4506 Regium
889 4433 1060 4496 enim,
1104 4435 1170 4486 ac
1221 4434 1423 4501 reginae
1471 4444 1536 4483 ex
1585 4428 1736 4497 regio
1772 4425 1980 4501 semine

392 4526 775 4584 descendentis
823 4533 907 4578 est
934 4521 1080 4577 istud
1113 4524 1358 4592 epulum.
1412 4521 1655 4590 Agedum
1709 4509 1894 4587 igitur,
1946 4530 1980 4568 ο

393 4616 1055 4683 rharissimi,orationem
1080 4625 1325 4669 nostram
1342 4627 1564 4666 rursum
1584 4610 1980 4677 exeipite,qua3

394 4712 460 4766 ad
492 4711 744 4765 eumdem
781 4709 934 4761 illum
966 4722 1063 4759 vos
1092 4720 1317 4773 seupum
1350 4702 1587 4767 reducit,
1622 4715 1783 4769 quem
1813 4712 1977 4766 supe-

2086 3499 2315 3569 ὑμεῖς,ὀ
2346 3496 2587 3570 Χριστοῦ
2640 3496 2934 3569 μελισσῶν,
2975 3497 3179 3560 ὲνθέως
3216 3500 3664 3570 περιῖπτάμενος,

2085 3585 2341 3658 καθάπερ
2369 3586 2433 3640 ἐκ
2460 3604 2620 3640 τινων
2668 3587 2935 3657 σίμελων,
2962 3587 3292 3652 ἀποστάζων
3332 3588 3664 3660 γλυκασμδν,

2084 3672 2175 3733 οἷα
2200 3678 2371 3750 κηρία
2402 3678 2619 3750 μέλιτος
2648 3679 2835 3733 οἴκαδε
2864 3678 3258 3750 συλλεξάμενοι
3282 3685 3539 3755 χωρεῖτε.
3567 3682 3669 3735 Καὶ

2082 3767 2167 3830 τίς
2205 3766 2273 3821 ἂν
2315 3767 2490 3821 ἓλοιτο
2535 3766 2794 3838 τοιαύτης
2849 3766 3251 3837 ἀπολειφθῆναι
3299 3769 3537 3840 τρυφῆς,
3566 3768 3667 3821 τῶν

2086 3859 2325 3929 μάλιστα
2381 3859 2741 3929 γευσαμένων
2800 3859 2902 3930 ἤδη
2944 3860 3066 3913 -τῶν
3114 3860 3323 3932 ταύτης
3360 3860 3666 3928 καλῶνςεί

2083 3951 2194 4021 γάρ
2233 3950 2515 4023 τραπέζης
2564 3950 2717 4021 ὄψοις
2766 3949 3080 4014 πολυτελῶς
3147 3950 3560 4024 εύθηνουμὲνης
3609 3952 3665 4005 οὐ

2084 4044 2216 4113 πρὶν
2254 4043 2523 4112 ἀφεστᾶσι
2549 4061 2716 4108 τινες,
2740 4044 2788 4097 εί
2824 4044 2900 4116 μὴ
2931 4045 3027 4099 καὶ
3061 4044 3209 4116 πέρα
3248 4047 3344 4101 τοῦ
3364 4048 3538 4120 κόρου
3576 4048 3669 4118 τῆς

2083 4134 2295 4207 τρυφῆς
2336 4136 2727 4201 ἀπολαύσειεν,
2763 4136 2882 4201 πῶς
2923 4137 2985 4190 οὐ
3038 4137 3159 4193 λίαν
3184 4140 3331 4193 δοκεί
3368 4140 3667 4209 καταγέλα-

2097 4246 2244 4296 στον,
2269 4232 2401 4302 πρὶν
2430 4231 2729 4303 γευσθῆναι
2752 4232 2863 4287 τῶν
2883 4232 3010 4303 τῇδε
3035 4235 3363 4306 μυστηρίων
3390 4235 3667 4306 βασιλικῆς

2027 4332 2031 4337 “
2083 4323 2777 4395 άποπηδῆσαιτραπέζης;
2821 4324 3107 4389 Βασίλειος
3134 4326 3243 4397 γάρ
3283 4329 3381 4380 καὶ
3400 4325 3666 4397 βασιλίδος

2082 4415 2148 4467 ὲκ
2183 4414 2465 4485 βασιλικοῦ
2522 4416 2908 4488 καταγομένης
2974 4418 3357 4492 σπερματοςή
3406 4418 3663 4478 ἑστίασις.

2083 4506 2255 4579 Δεῦρο
2282 4508 2414 4575 γοῦν
2466 4504 2645 4572 αὖθις,
2700 4509 2997 4579 ἀγαπητοὶ,
3031 4510 3121 4563 τὸν
3152 4509 3425 4580 ἡμέτερον
3485 4508 3666 4562 ὁποδέ-

2084 4600 2249 4667 ξασθε
2284 4600 2464 4667 λόγον,
2496 4601 2634 4672 πρὸς
2681 4601 2889 4655 ἐκεῖνον
2936 4602 3081 4671 ὑμᾶς
3129 4602 3219 4654 τὸν
3266 4602 3472 4655 σκοπὸν
3511 4603 3667 4655 ἐπαν-

2086 4693 2311 4761 άγοντα,
2339 4691 2399 4745 ὃν
2436 4694 2495 4744 ἐν
2517 4693 2626 4754 τοῖς
2657 4692 2928 4760 φθάσασιν
2957 4688 3016 4746 εὖ
3058 4694 3204 4763 μάλα
3252 4690 3663 4764 κατεστρωκὼς,

396 4804 544 4859 riore
595 4802 844 4855 oratione
896 4814 1060 4868 (litum
1105 4797 1340 4850 maxime
1390 4804 1668 4857 sternens,
1701 4790 1979 4845 Christum

2093 4755 2186 4855 της
2206 4783 2504 4853 Δαὸιτικῆς
2532 4755 2689 4854 ῥίζης
2746 4784 2933 4854 σαφῶς
2962 4755 3091 4855 ὑμῖν
3129 4786 3223 4838 τὸν
3285 4755 3526 4856 Χριστόν
3568 4785 3665 4837 ὑπ-

401 4912 467 4952 ex
506 4893 769 4947 Davidica
807 4890 991 4945 radice
1021 4897 1203 4943 ortum
1243 4887 1481 4941 traxisse
1522 4884 1808 4955 perspicue
1831 4881 1982 4936 νουὶε

2093 4876 2383 4947 ηγόρευσα.
2417 4875 2622 4929 Τούτου
2647 4876 2703 4928 δὲ
2728 4876 3107 4947 δεικνυμένου,
3137 4878 3230 4931 καὶ
3253 4879 3286 4947 ἡ
3318 4878 3462 4932 κατά
3495 4877 3665 4944 σάρκα

394 4992 631 5045 ostendi.
660 4989 772 5043 Hoc
802 5000 983 5042 autem
1026 4983 1428 5043 demonstrato,
1464 4981 1608 5034 hanc
1635 4992 1871 5049 Quoque,
1916 4991 1981 5029 ex

2093 4966 2272 5019 τοῦτον
2297 4966 2555 5028 τεκοῦσα,
2616 4966 2716 5035 τῆς
2746 4966 2917 5035 αὐτῆς
2974 4962 3107 5019 οὖσα
3133 4967 3291 5038 ῥίζης
3323 4968 3492 5034 φυτὸν
3524 4963 3663 5019 είκόο

395 5099 500 5151 qua
532 5080 622 5133 ille
647 5078 800 5147 juxta
831 5090 1054 5131 carnem
1092 5076 1142 5127 in
1183 5074 1362 5126 lucem
1395 5071 1577 5126 editus
1626 5076 1733 5135 est,
1779 5083 1845 5121 ex
1887 5083 1981 5120 ea-

2093 5077 2188 5123 τως
2216 5058 2650 5127 ἀναφανήσεται.
2707 5058 2821 5111 Καί
2882 5075 2972 5129 μοι
3032 5058 3152 5112 λίαν
3200 5058 3480 5129 παρέλκον
3528 5052 3661 5110 εἶναι

395 5148 515 5226 dum
558 5172 743 5226 radice
774 5169 1023 5231 ﬂuxisse,
1050 5176 1202 5221 certo
1233 5175 1559 5233 argumento
1581 5162 1879 5225 constabit.
1906 5163 1982 5214 Ac

2093 5152 2250 5212 δοκεῖ,
2272 5150 2535 5219 δευτέραν
2558 5148 2717 5201 λύσιν
2769 5150 3096 5217 ἐπαγαγεῖν,
3130 5151 3230 5219 τῆς
3282 5149 3544 5219 ρηθείσης
3573 5148 3665 5216 ἐμ-

396 5266 525 5319 milii
556 5278 687 5317 sane
734 5274 1201 5331 supervacaneum
1249 5273 1372 5311 esse
1427 5257 1642 5310 videtur
1682 5253 1979 5308 secundam

2093 5245 2529 5316 φαντικωτέρας,
2559 5245 2695 5316 πρὸς
2724 5245 2950 5312 ἔνδειξιν
2980 5246 3081 5315 τῆς
3120 5246 3403 5317 ἀληθείας,
3426 5244 3433 5249 ’
3454 5260 3660 5316 περιερ-

396 5358 759 5418 δυιιιῑὶίιηοιιι,
812 5368 898 5415 ea,
959 5364 1127 5418 quam
1184 5347 1767 5409 commemoravimus,
1819 5359 1981 5415 aper-

2093 5339 2316 5410 γότερόν
2336 5355 2455 5401 πως
2486 5338 2582 5390 καὶ
2606 5337 2941 5409 πλατύτερον
2970 5340 3107 5408 πρὸς
3128 5338 3298 5409 -ήμῶν
3334 5337 3659 5403 ὲκτεθείσης.

396 5446 587 5501 tioreiu
639 5455 692 5499 et
725 5441 1085 5497 efﬁcaciorem
1120 5439 1335 5503 aﬂerre,
1373 5438 1440 5492 ad
1475 5438 1757 5503 veritatis,
1795 5436 1980 5491 curio-

2093 5432 2231 5487 Ἀλλ’
2267 5430 2342 5495 ὡς
2386 5430 2454 5484 ἂν
2500 5429 2601 5501 τὴν
2644 5429 2927 5499 ὲριστικὴν
2961 5429 3073 5483 τῶν
3101 5430 3521 5506 ἐπιλυσσὼντων
3546 5426 3663 5478 Ἰου-

395 5537 512 5591 sius
541 5536 653 5604 jam
693 5527 1102 5603 quodammodo
1130 5530 1423 5600 fusiusque
1447 5545 1476 5583 a
1513 5529 1673 5601 nobis
1692 5528 1977 5599 expositae,

2093 5527 2254 5581 δαίων
2283 5524 2536 5577 ἔνστασιν
2564 5524 2630 5593 τῇ
2686 5521 2916 5594 ἀληθεία
2958 5525 3091 5586 -ταῖς
3117 5521 3211 5575 τοῦ
3233 5522 3466 5593 ψεύδους
3498 5533 3661 5589 παρα·

463 5688 483 5715 °
523 5691 669 5747 i’Sal.
706 5707 875 5755 xxxv,
908 5689 963 5747 9.

474 5845 797 5923 (l9).!oanni
830 5845 1171 5904 Damasceno
1205 5841 1504 5901 ascriLitur
1529 5855 1558 5896 a
1586 5837 1792 5897 Iacobo
1824 5835 1984 5894 Billio
2014 5837 2071 5892 in
2106 5836 2229 5907 ejus
2259 5834 2503 5893 editione
2528 5834 2579 5892 J.
2612 5832 2940 5891 Damasceni
2973 5837 3240 5905 Operum,
3266 5849 3320 5905 p.
3354 5827 3642 5887 572.Eoir.
