  <div class='ocr_page' id='page_1' title='image "/cluster/home/n/w/nwhite01/storage/ocr_20150623/97/coo.31924054870013/451.png"; bbox 0 0 3966 6436; ppageno 0'>
   <div class='ocr_carea' id='block_1_1' title="bbox 356 353 464 421">
    <p class='ocr_par' dir='ltr' id='par_1_1' title="bbox 356 353 464 421">
     <span class='ocr_line' id='line_1_1' title="bbox 356 353 464 421; baseline -0.037 0"><span class='ocrx_word' id='word_1_1' title='bbox 356 353 464 421; x_wconf 68' lang='grc'><strong>841</strong></span> 
     </span>
    </p>
   </div>
   <div class='ocr_carea' id='block_1_2' title="bbox 1564 314 2465 416">
    <p class='ocr_par' dir='ltr' id='par_1_2' title="bbox 1564 314 2465 416">
     <span class='ocr_line' id='line_1_2' title="bbox 1564 314 2465 416; baseline 0.004 -4"><span class='ocrx_word' id='word_1_2' title='bbox 1564 353 1625 413; x_wconf 92' lang='lat' dir='ltr'><strong>s.</strong></span> <span class='ocrx_word' id='word_1_3' title='bbox 1663 352 1998 413; x_wconf 60' lang='lat' dir='ltr'><strong>unum</strong></span> <span class='ocrx_word' id='word_1_4' title='bbox 2038 314 2465 416; x_wconf 70' lang='lat' dir='ltr'><strong>CRETENSIS</strong></span> 
     </span>
    </p>
   </div>
   <div class='ocr_carea' id='block_1_3' title="bbox 3507 365 3597 431">
    <p class='ocr_par' dir='ltr' id='par_1_3' title="bbox 3507 365 3597 431">
     <span class='ocr_line' id='line_1_3' title="bbox 3507 365 3597 431; baseline -0.044 0"><span class='ocrx_word' id='word_1_5' title='bbox 3507 365 3597 431; x_wconf 74' lang='grc'><strong>848</strong></span> 
     </span>
    </p>
   </div>
   <div class='ocr_carea' id='block_1_4' title="bbox 354 458 1939 542">
    <p class='ocr_par' dir='ltr' id='par_1_4' title="bbox 354 463 1939 538">
     <span class='ocr_line' id='line_1_4' title="bbox 354 463 1939 538; baseline -0.004 -17"><span class='ocrx_word' id='word_1_6' title='bbox 354 483 382 521; x_wconf 89' lang='lat' dir='ltr'><strong>a</strong></span> <span class='ocrx_word' id='word_1_7' title='bbox 413 475 640 538; x_wconf 83' lang='lat' dir='ltr'><strong>paterna</strong></span> <span class='ocrx_word' id='word_1_8' title='bbox 670 464 939 538; x_wconf 75' lang='lat' dir='ltr'><strong>religione</strong></span> <span class='ocrx_word' id='word_1_9' title='bbox 964 463 1287 522; x_wconf 74' lang='lat' dir='ltr'><strong>deﬁcientes</strong></span> <span class='ocrx_word' id='word_1_10' title='bbox 1318 464 1386 520; x_wconf 84' lang='lat' dir='ltr'><strong>ad</strong></span> <span class='ocrx_word' id='word_1_11' title='bbox 1407 474 1711 521; x_wconf 87' lang='lat' dir='ltr'><strong>extremam</strong></span> <span class='ocrx_word' id='word_1_12' title='bbox 1747 478 1939 532; x_wconf 87' lang='lat' dir='ltr'><strong>super-</strong></span> 
     </span>
    </p>
   </div>
   <div class='ocr_carea' id='block_1_5' title="bbox 2042 458 3672 542">
    <p class='ocr_par' dir='ltr' id='par_1_5' title="bbox 2042 458 3672 542">
     <span class='ocr_line' id='line_1_5' title="bbox 2042 458 3672 542; baseline 0.01 -26"><span class='ocrx_word' id='word_1_13' title='bbox 2042 465 2123 527; x_wconf 85' lang='grc' dir='ltr'><strong>είς</strong></span> <span class='ocrx_word' id='word_1_14' title='bbox 2162 466 2328 537; x_wconf 81' lang='grc' dir='ltr'><strong>ἄκρον</strong></span> <span class='ocrx_word' id='word_1_15' title='bbox 2361 466 2800 539; x_wconf 83' lang='grc' dir='ltr'><strong>δυσειδαιμονίας</strong></span> <span class='ocrx_word' id='word_1_16' title='bbox 2843 458 3280 542; x_wconf 74' lang='grc' dir='ltr'><strong>ἐπεληλάκεσαν,</strong></span> <span class='ocrx_word' id='word_1_17' title='bbox 3303 472 3391 526; x_wconf 87' lang='grc' dir='ltr'><strong>καί</strong></span> <span class='ocrx_word' id='word_1_18' title='bbox 3414 492 3490 529; x_wconf 84' lang='grc' dir='ltr'><strong>τοι</strong></span> <span class='ocrx_word' id='word_1_19' title='bbox 3514 497 3599 532; x_wconf 76' lang='grc' dir='ltr'><strong>πο-</strong></span> <span class='ocrx_word' id='word_1_20' title='bbox 3663 509 3672 518; x_wconf 85' lang='lat'><strong>-</strong></span> 
     </span>
    </p>
   </div>
   <div class='ocr_carea' id='block_1_6' title="bbox 351 554 1941 630">
    <p class='ocr_par' dir='ltr' id='par_1_6' title="bbox 351 554 1941 630">
     <span class='ocr_line' id='line_1_6' title="bbox 351 554 1941 630; baseline -0.004 -15"><span class='ocrx_word' id='word_1_21' title='bbox 351 560 634 616; x_wconf 88' lang='lat' dir='ltr'><strong>stitioncm</strong></span> <span class='ocrx_word' id='word_1_22' title='bbox 697 567 1050 630; x_wconf 87' lang='lat' dir='ltr'><strong>proruerant,</strong></span> <span class='ocrx_word' id='word_1_23' title='bbox 1106 558 1277 613; x_wconf 89' lang='lat' dir='ltr'><strong>variis</strong></span> <span class='ocrx_word' id='word_1_24' title='bbox 1337 558 1516 613; x_wconf 79' lang='lat' dir='ltr'><strong>modis</strong></span> <span class='ocrx_word' id='word_1_25' title='bbox 1563 573 1593 612; x_wconf 89' lang='lat' dir='ltr'><strong>a</strong></span> <span class='ocrx_word' id='word_1_26' title='bbox 1649 556 1761 613; x_wconf 91' lang='lat' dir='ltr'><strong>Deo</strong></span> <span class='ocrx_word' id='word_1_27' title='bbox 1814 554 1941 626; x_wconf 69' lang='lat'><strong>(20)</strong></span> 
     </span>
    </p>
   </div>
   <div class='ocr_carea' id='block_1_7' title="bbox 350 648 1942 722">
    <p class='ocr_par' dir='ltr' id='par_1_7' title="bbox 350 648 1942 722">
     <span class='ocr_line' id='line_1_7' title="bbox 350 648 1942 722; baseline -0.003 -15"><span class='ocrx_word' id='word_1_28' title='bbox 350 651 655 707; x_wconf 85' lang='lat' dir='ltr'><strong>cxcruciati</strong></span> <span class='ocrx_word' id='word_1_29' title='bbox 680 649 903 707; x_wconf 83' lang='lat' dir='ltr'><strong>fuerunt</strong></span> <span class='ocrx_word' id='word_1_30' title='bbox 941 650 959 722; x_wconf 93' lang='lat'>(</span> <span class='ocrx_word' id='word_1_31' title='bbox 992 665 1118 706; x_wconf 92' lang='lat' dir='ltr'><strong>nam</strong></span> <span class='ocrx_word' id='word_1_32' title='bbox 1150 658 1208 705; x_wconf 88' lang='lat' dir='ltr'><strong>et</strong></span> <span class='ocrx_word' id='word_1_33' title='bbox 1247 651 1385 705; x_wconf 89' lang='lat' dir='ltr'><strong>urbs</strong></span> <span class='ocrx_word' id='word_1_34' title='bbox 1418 649 1712 707; x_wconf 83' lang='lat' dir='ltr'><strong>obsidione</strong></span> <span class='ocrx_word' id='word_1_35' title='bbox 1759 648 1942 703; x_wconf 88' lang='lat' dir='ltr'><strong>cincta</strong></span> 
     </span>
    </p>
   </div>
   <div class='ocr_carea' id='block_1_8' title="bbox 351 728 1944 812">
    <p class='ocr_par' dir='ltr' id='par_1_8' title="bbox 351 728 1944 812">
     <span class='ocr_line' id='line_1_8' title="bbox 351 728 1944 812; baseline -0.003 -17"><span class='ocrx_word' id='word_1_36' title='bbox 351 753 458 806; x_wconf 82' lang='lat' dir='ltr'><strong>est,</strong></span> <span class='ocrx_word' id='word_1_37' title='bbox 514 748 571 798; x_wconf 89' lang='lat' dir='ltr'><strong>et</strong></span> <span class='ocrx_word' id='word_1_38' title='bbox 630 755 791 797; x_wconf 87' lang='lat' dir='ltr'><strong>sacra</strong></span> <span class='ocrx_word' id='word_1_39' title='bbox 853 740 1152 812; x_wconf 82' lang='lat' dir='ltr'><strong>profanum</strong></span> <span class='ocrx_word' id='word_1_40' title='bbox 1207 739 1264 794; x_wconf 89' lang='lat' dir='ltr'><strong>in</strong></span> <span class='ocrx_word' id='word_1_41' title='bbox 1327 737 1550 794; x_wconf 89' lang='lat' dir='ltr'><strong>modum</strong></span> <span class='ocrx_word' id='word_1_42' title='bbox 1609 736 1847 807; x_wconf 85' lang='lat' dir='ltr'><strong>direpta,</strong></span> <span class='ocrx_word' id='word_1_43' title='bbox 1888 728 1944 791; x_wconf 91' lang='lat' dir='ltr'><strong>et</strong></span> 
     </span>
    </p>
   </div>
   <div class='ocr_carea' id='block_1_9' title="bbox 353 830 1943 903">
    <p class='ocr_par' dir='ltr' id='par_1_9' title="bbox 353 830 1943 903">
     <span class='ocr_line' id='line_1_9' title="bbox 353 830 1943 903; baseline -0.003 -14"><span class='ocrx_word' id='word_1_44' title='bbox 353 842 546 889; x_wconf 89' lang='lat' dir='ltr'><strong>sancta</strong></span> <span class='ocrx_word' id='word_1_45' title='bbox 576 832 811 903; x_wconf 87' lang='lat' dir='ltr'><strong>impuris</strong></span> <span class='ocrx_word' id='word_1_46' title='bbox 833 848 900 889; x_wconf 89' lang='lat' dir='ltr'><strong>ac</strong></span> <span class='ocrx_word' id='word_1_47' title='bbox 923 832 1175 889; x_wconf 72' lang='lat' dir='ltr'><strong>scelestis</strong></span> <span class='ocrx_word' id='word_1_48' title='bbox 1200 832 1432 902; x_wconf 85' lang='lat' dir='ltr'><strong>pedibus</strong></span> <span class='ocrx_word' id='word_1_49' title='bbox 1462 830 1717 902; x_wconf 90' lang='lat' dir='ltr'><strong>protrita,</strong></span> <span class='ocrx_word' id='word_1_50' title='bbox 1740 838 1793 883; x_wconf 89' lang='lat' dir='ltr'><strong>et</strong></span> <span class='ocrx_word' id='word_1_51' title='bbox 1808 843 1943 899; x_wconf 82' lang='lat' dir='ltr'><strong>gens</strong></span> 
     </span>
    </p>
   </div>
   <div class='ocr_carea' id='block_1_10' title="bbox 352 924 1942 997">
    <p class='ocr_par' dir='ltr' id='par_1_10' title="bbox 352 924 1942 997">
     <span class='ocr_line' id='line_1_10' title="bbox 352 924 1942 997; baseline -0.001 -18"><span class='ocrx_word' id='word_1_52' title='bbox 352 924 473 996; x_wconf 84' lang='lat' dir='ltr'><strong>ipsa</strong></span> <span class='ocrx_word' id='word_1_53' title='bbox 531 925 988 997; x_wconf 78' lang='lat' dir='ltr'><strong>populationibus</strong></span> <span class='ocrx_word' id='word_1_54' title='bbox 1022 940 1311 996; x_wconf 91' lang='lat' dir='ltr'><strong>oppressa,</strong></span> <span class='ocrx_word' id='word_1_55' title='bbox 1357 925 1712 997; x_wconf 89' lang='lat' dir='ltr'><strong>patriumque</strong></span> <span class='ocrx_word' id='word_1_56' title='bbox 1760 925 1942 980; x_wconf 89' lang='lat' dir='ltr'><strong>solum</strong></span> 
     </span>
    </p>
   </div>
   <div class='ocr_carea' id='block_1_11' title="bbox 352 1016 1944 1089">
    <p class='ocr_par' dir='ltr' id='par_1_11' title="bbox 352 1016 1944 1089">
     <span class='ocr_line' id='line_1_11' title="bbox 352 1016 1944 1089; baseline -0.001 -17"><span class='ocrx_word' id='word_1_57' title='bbox 352 1034 630 1083; x_wconf 75' lang='lat' dir='ltr'><strong>eversum,</strong></span> <span class='ocrx_word' id='word_1_58' title='bbox 673 1018 895 1089; x_wconf 81' lang='lat' dir='ltr'><strong>ipsique</strong></span> <span class='ocrx_word' id='word_1_59' title='bbox 941 1018 997 1073; x_wconf 92' lang='lat' dir='ltr'><strong>in</strong></span> <span class='ocrx_word' id='word_1_60' title='bbox 1056 1026 1304 1074; x_wconf 82' lang='lat' dir='ltr'><strong>exteram</strong></span> <span class='ocrx_word' id='word_1_61' title='bbox 1361 1016 1641 1087; x_wconf 89' lang='lat' dir='ltr'><strong>regionem</strong></span> <span class='ocrx_word' id='word_1_62' title='bbox 1694 1022 1944 1070; x_wconf 87' lang='lat' dir='ltr'><strong>extorres</strong></span> 
     </span>
    </p>
   </div>
   <div class='ocr_carea' id='block_1_12' title="bbox 351 1110 1943 1181">
    <p class='ocr_par' dir='ltr' id='par_1_12' title="bbox 351 1110 1943 1181">
     <span class='ocr_line' id='line_1_12' title="bbox 351 1110 1943 1181; baseline 0.001 -18"><span class='ocrx_word' id='word_1_63' title='bbox 351 1111 459 1164; x_wconf 81' lang='lat' dir='ltr'><strong>acti</strong></span> <span class='ocrx_word' id='word_1_64' title='bbox 517 1111 895 1167; x_wconf 88' lang='lat' dir='ltr'><strong>miserandum</strong></span> <span class='ocrx_word' id='word_1_65' title='bbox 954 1110 1269 1168; x_wconf 89' lang='lat' dir='ltr'><strong>videntibus</strong></span> <span class='ocrx_word' id='word_1_66' title='bbox 1319 1110 1720 1181; x_wconf 74' lang='lat' dir='ltr'><strong>spectaculum,</strong></span> <span class='ocrx_word' id='word_1_67' title='bbox 1777 1115 1943 1179; x_wconf 87' lang='lat' dir='ltr'><strong>atque</strong></span> 
     </span>
    </p>
   </div>
   <div class='ocr_carea' id='block_1_13' title="bbox 350 1200 1939 1275">
    <p class='ocr_par' dir='ltr' id='par_1_13' title="bbox 350 1200 1939 1275">
     <span class='ocr_line' id='line_1_13' title="bbox 350 1200 1939 1275; baseline -0.004 -18"><span class='ocrx_word' id='word_1_68' title='bbox 350 1201 703 1258; x_wconf 88' lang='lat' dir='ltr'><strong>audientibus</strong></span> <span class='ocrx_word' id='word_1_69' title='bbox 768 1216 1031 1258; x_wconf 88' lang='lat' dir='ltr'><strong>acroama</strong></span> <span class='ocrx_word' id='word_1_70' title='bbox 1099 1203 1493 1272; x_wconf 66' lang='lat' dir='ltr'><strong>praebuerunt,</strong></span> <span class='ocrx_word' id='word_1_71' title='bbox 1554 1200 1819 1275; x_wconf 82' lang='lat' dir='ltr'><strong>omnique</strong></span> <span class='ocrx_word' id='word_1_72' title='bbox 1875 1215 1939 1252; x_wconf 87' lang='lat' dir='ltr'><strong>ex</strong></span> 
     </span>
    </p>
   </div>
   <div class='ocr_carea' id='block_1_14' title="bbox 350 1292 1943 1367">
    <p class='ocr_par' dir='ltr' id='par_1_14' title="bbox 350 1292 1943 1367">
     <span class='ocr_line' id='line_1_14' title="bbox 350 1292 1943 1367; baseline -0.003 -19"><span class='ocrx_word' id='word_1_73' title='bbox 350 1304 507 1364; x_wconf 85' lang='lat' dir='ltr'><strong>parte</strong></span> <span class='ocrx_word' id='word_1_74' title='bbox 530 1294 698 1350; x_wconf 84' lang='lat' dir='ltr'><strong>cincti</strong></span> <span class='ocrx_word' id='word_1_75' title='bbox 727 1297 782 1349; x_wconf 90' lang='lat' dir='ltr'><strong>in</strong></span> <span class='ocrx_word' id='word_1_76' title='bbox 805 1293 1149 1367; x_wconf 79' lang='lat' dir='ltr'><strong>gravissimis</strong></span> <span class='ocrx_word' id='word_1_77' title='bbox 1178 1302 1234 1349; x_wconf 88' lang='lat' dir='ltr'><strong>et</strong></span> <span class='ocrx_word' id='word_1_78' title='bbox 1266 1292 1768 1349; x_wconf 87' lang='lat' dir='ltr'><strong>immedicabilibus</strong></span> <span class='ocrx_word' id='word_1_79' title='bbox 1795 1292 1943 1346; x_wconf 88' lang='lat' dir='ltr'><strong>cala-</strong></span> 
     </span>
    </p>
   </div>
   <div class='ocr_carea' id='block_1_15' title="bbox 350 1382 1941 1456">
    <p class='ocr_par' dir='ltr' id='par_1_15' title="bbox 350 1382 1941 1456">
     <span class='ocr_line' id='line_1_15' title="bbox 350 1382 1941 1456; baseline -0.001 -18"><span class='ocrx_word' id='word_1_80' title='bbox 350 1384 637 1440; x_wconf 88' lang='lat' dir='ltr'><strong>mitatibus</strong></span> <span class='ocrx_word' id='word_1_81' title='bbox 668 1383 874 1440; x_wconf 83' lang='lat' dir='ltr'><strong>versati</strong></span> <span class='ocrx_word' id='word_1_82' title='bbox 902 1382 1202 1456; x_wconf 88' lang='lat' dir='ltr'><strong>sunt),nec</strong></span> <span class='ocrx_word' id='word_1_83' title='bbox 1224 1384 1337 1455; x_wconf 86' lang='lat' dir='ltr'><strong>jam</strong></span> <span class='ocrx_word' id='word_1_84' title='bbox 1370 1382 1651 1453; x_wconf 73' lang='lat' dir='ltr'><strong>diligentia</strong></span> <span class='ocrx_word' id='word_1_85' title='bbox 1691 1382 1941 1437; x_wconf 87' lang='lat' dir='ltr'><strong>adhiberi</strong></span> 
     </span>
    </p>
   </div>
   <div class='ocr_carea' id='block_1_16' title="bbox 349 1476 1943 1547">
    <p class='ocr_par' dir='ltr' id='par_1_16' title="bbox 349 1476 1943 1547">
     <span class='ocr_line' id='line_1_16' title="bbox 349 1476 1943 1547; baseline 0 -19"><span class='ocrx_word' id='word_1_86' title='bbox 349 1482 585 1545; x_wconf 86' lang='lat' dir='ltr'><strong>poterat,</strong></span> <span class='ocrx_word' id='word_1_87' title='bbox 640 1490 748 1546; x_wconf 86' lang='lat' dir='ltr'><strong>qua</strong></span> <span class='ocrx_word' id='word_1_88' title='bbox 805 1491 1007 1547; x_wconf 89' lang='lat' dir='ltr'><strong>genera</strong></span> <span class='ocrx_word' id='word_1_89' title='bbox 1066 1476 1369 1531; x_wconf 85' lang='lat' dir='ltr'><strong>internosci</strong></span> <span class='ocrx_word' id='word_1_90' title='bbox 1431 1480 1696 1545; x_wconf 91' lang='lat' dir='ltr'><strong>possent,</strong></span> <span class='ocrx_word' id='word_1_91' title='bbox 1754 1480 1943 1541; x_wconf 84' lang='lat' dir='ltr'><strong>utpote</strong></span> 
     </span>
    </p>
   </div>
   <div class='ocr_carea' id='block_1_17' title="bbox 352 1566 1942 1636">
    <p class='ocr_par' dir='ltr' id='par_1_17' title="bbox 352 1566 1942 1636">
     <span class='ocr_line' id='line_1_17' title="bbox 352 1566 1942 1636; baseline -0.001 -15"><span class='ocrx_word' id='word_1_92' title='bbox 352 1567 612 1622; x_wconf 87' lang='lat' dir='ltr'><strong>universa</strong></span> <span class='ocrx_word' id='word_1_93' title='bbox 672 1566 897 1622; x_wconf 88' lang='lat' dir='ltr'><strong>natione</strong></span> <span class='ocrx_word' id='word_1_94' title='bbox 949 1567 1312 1623; x_wconf 86' lang='lat' dir='ltr'><strong>adversarqu</strong></span> <span class='ocrx_word' id='word_1_95' title='bbox 1366 1582 1572 1630; x_wconf 89' lang='lat' dir='ltr'><strong>rerum,</strong></span> <span class='ocrx_word' id='word_1_96' title='bbox 1635 1573 1802 1636; x_wconf 90' lang='lat' dir='ltr'><strong>atque</strong></span> <span class='ocrx_word' id='word_1_97' title='bbox 1857 1566 1942 1619; x_wconf 78' lang='lat' dir='ltr'><strong>in-</strong></span> 
     </span>
    </p>
   </div>
   <div class='ocr_carea' id='block_1_18' title="bbox 351 1658 1939 1729">
    <p class='ocr_par' dir='ltr' id='par_1_18' title="bbox 351 1658 1939 1729">
     <span class='ocr_line' id='line_1_18' title="bbox 351 1658 1939 1729; baseline -0.001 -17"><span class='ocrx_word' id='word_1_98' title='bbox 351 1658 666 1727; x_wconf 89' lang='lat' dir='ltr'><strong>gruentium</strong></span> <span class='ocrx_word' id='word_1_99' title='bbox 699 1658 947 1729; x_wconf 87' lang='lat' dir='ltr'><strong>quotidie</strong></span> <span class='ocrx_word' id='word_1_100' title='bbox 984 1660 1256 1713; x_wconf 91' lang='lat' dir='ltr'><strong>malorum</strong></span> <span class='ocrx_word' id='word_1_101' title='bbox 1296 1658 1438 1713; x_wconf 91' lang='lat' dir='ltr'><strong>mole</strong></span> <span class='ocrx_word' id='word_1_102' title='bbox 1470 1671 1736 1727; x_wconf 87' lang='lat' dir='ltr'><strong>oppressa</strong></span> <span class='ocrx_word' id='word_1_103' title='bbox 1759 1695 1774 1721; x_wconf 89' lang='lat'><strong>,</strong></span> <span class='ocrx_word' id='word_1_104' title='bbox 1824 1664 1939 1711; x_wconf 90' lang='lat' dir='ltr'><strong>tum</strong></span> 
     </span>
    </p>
   </div>
   <div class='ocr_carea' id='block_1_19' title="bbox 349 1746 1941 1818">
    <p class='ocr_par' dir='ltr' id='par_1_19' title="bbox 349 1746 1941 1818">
     <span class='ocr_line' id='line_1_19' title="bbox 349 1746 1941 1818; baseline 0.001 -19"><span class='ocrx_word' id='word_1_105' title='bbox 349 1762 481 1802; x_wconf 85' lang='lat' dir='ltr'><strong>vero</strong></span> <span class='ocrx_word' id='word_1_106' title='bbox 512 1747 744 1818; x_wconf 82' lang='lat' dir='ltr'><strong>singulae</strong></span> <span class='ocrx_word' id='word_1_107' title='bbox 768 1748 946 1803; x_wconf 87' lang='lat' dir='ltr'><strong>tribus</strong></span> <span class='ocrx_word' id='word_1_108' title='bbox 973 1746 1282 1801; x_wconf 87' lang='lat' dir='ltr'><strong>nobilitatis</strong></span> <span class='ocrx_word' id='word_1_109' title='bbox 1313 1761 1427 1801; x_wconf 69' lang='lat' dir='ltr'><strong>sua:</strong></span> <span class='ocrx_word' id='word_1_110' title='bbox 1464 1746 1839 1816; x_wconf 84' lang='lat' dir='ltr'><strong>praestantiam</strong></span> <span class='ocrx_word' id='word_1_111' title='bbox 1876 1759 1941 1800; x_wconf 89' lang='lat' dir='ltr'><strong>ac</strong></span> 
     </span>
    </p>
   </div>
   <div class='ocr_carea' id='block_1_20' title="bbox 2045 553 3601 634">
    <p class='ocr_par' dir='ltr' id='par_1_20' title="bbox 2045 553 3601 634">
     <span class='ocr_line' id='line_1_20' title="bbox 2045 553 3601 634; baseline 0.01 -27"><span class='ocrx_word' id='word_1_112' title='bbox 2045 553 2328 626; x_wconf 83' lang='grc' dir='ltr'><strong>λυτρόπως</strong></span> <span class='ocrx_word' id='word_1_113' title='bbox 2360 558 2560 621; x_wconf 76' lang='grc' dir='ltr'><strong>αὐτοὺς</strong></span> <span class='ocrx_word' id='word_1_114' title='bbox 2585 560 2914 623; x_wconf 81' lang='grc' dir='ltr'><strong>κολάσαντος</strong></span> <span class='ocrx_word' id='word_1_115' title='bbox 2941 560 3036 614; x_wconf 84' lang='grc' dir='ltr'><strong>τοῦ</strong></span> <span class='ocrx_word' id='word_1_116' title='bbox 3058 561 3222 627; x_wconf 82' lang='grc' dir='ltr'><strong>Θεοῦ,</strong></span> <span class='ocrx_word' id='word_1_117' title='bbox 3259 564 3334 632; x_wconf 81' lang='grc' dir='ltr'><strong>πὴ</strong></span> <span class='ocrx_word' id='word_1_118' title='bbox 3365 565 3477 634; x_wconf 85' lang='grc' dir='ltr'><strong>μὲν,</strong></span> <span class='ocrx_word' id='word_1_119' title='bbox 3514 586 3601 623; x_wconf 58' lang='grc' dir='ltr'><strong>ποι</strong></span> 
     </span>
    </p>
   </div>
   <div class='ocr_carea' id='block_1_21' title="bbox 2044 644 3602 727">
    <p class='ocr_par' dir='ltr' id='par_1_21' title="bbox 2044 644 3602 727">
     <span class='ocr_line' id='line_1_21' title="bbox 2044 644 3602 727; baseline 0.01 -29"><span class='ocrx_word' id='word_1_120' title='bbox 2044 644 2437 719; x_wconf 83' lang='grc' dir='ltr'><strong>λιορκουμένου</strong></span> <span class='ocrx_word' id='word_1_121' title='bbox 2462 648 2557 702; x_wconf 79' lang='grc' dir='ltr'><strong>τοῦ</strong></span> <span class='ocrx_word' id='word_1_122' title='bbox 2610 649 2823 716; x_wconf 78' lang='grc' dir='ltr'><strong>ἄστεος,</strong></span> <span class='ocrx_word' id='word_1_123' title='bbox 2860 650 2955 706; x_wconf 76' lang='grc' dir='ltr'><strong>καὶ</strong></span> <span class='ocrx_word' id='word_1_124' title='bbox 2982 650 3092 704; x_wconf 85' lang='grc' dir='ltr'><strong>τῶν</strong></span> <span class='ocrx_word' id='word_1_125' title='bbox 3138 652 3300 722; x_wconf 75' lang='grc' dir='ltr'><strong>ίερῶν</strong></span> <span class='ocrx_word' id='word_1_126' title='bbox 3327 655 3602 727; x_wconf 84' lang='grc' dir='ltr'><strong>ὲκπορθου-</strong></span> 
     </span>
    </p>
   </div>
   <div class='ocr_carea' id='block_1_22' title="bbox 2047 737 3602 821">
    <p class='ocr_par' dir='ltr' id='par_1_22' title="bbox 2047 737 3602 821">
     <span class='ocr_line' id='line_1_22' title="bbox 2047 737 3602 821; baseline 0.009 -31"><span class='ocrx_word' id='word_1_127' title='bbox 2047 737 2250 807; x_wconf 83' lang='grc' dir='ltr'><strong>μένων.</strong></span> <span class='ocrx_word' id='word_1_128' title='bbox 2305 739 2416 795; x_wconf 82' lang='grc' dir='ltr'><strong>τῶν</strong></span> <span class='ocrx_word' id='word_1_129' title='bbox 2480 758 2540 794; x_wconf 88' lang='grc' dir='ltr'><strong>τε</strong></span> <span class='ocrx_word' id='word_1_130' title='bbox 2593 742 2767 809; x_wconf 80' lang='grc' dir='ltr'><strong>ἁγίων</strong></span> <span class='ocrx_word' id='word_1_131' title='bbox 2805 746 2918 808; x_wconf 87' lang='grc' dir='ltr'><strong>τοῖς</strong></span> <span class='ocrx_word' id='word_1_132' title='bbox 2965 744 3187 813; x_wconf 77' lang='grc' dir='ltr'><strong>ἔναγέσι</strong></span> <span class='ocrx_word' id='word_1_133' title='bbox 3235 745 3330 801; x_wconf 71' lang='grc' dir='ltr'><strong>καὶ</strong></span> <span class='ocrx_word' id='word_1_134' title='bbox 3379 747 3602 821; x_wconf 73' lang='grc' dir='ltr'><strong>βεϐήλοις</strong></span> 
     </span>
    </p>
   </div>
   <div class='ocr_carea' id='block_1_23' title="bbox 2046 830 3605 913">
    <p class='ocr_par' dir='ltr' id='par_1_23' title="bbox 2046 830 3605 913">
     <span class='ocr_line' id='line_1_23' title="bbox 2046 830 3605 913; baseline 0.009 -32"><span class='ocrx_word' id='word_1_135' title='bbox 2046 830 2522 901; x_wconf 76' lang='grc' dir='ltr'><strong>συμπατουμένων</strong></span> <span class='ocrx_word' id='word_1_136' title='bbox 2578 833 2705 887; x_wconf 89' lang='grc' dir='ltr'><strong>ποσί</strong></span> <span class='ocrx_word' id='word_1_137' title='bbox 2729 850 2744 863; x_wconf 84' lang='lat'><strong><em>°</em></strong></span> <span class='ocrx_word' id='word_1_138' title='bbox 2778 834 2854 906; x_wconf 75' lang='grc' dir='ltr'><strong>πὴ</strong></span> <span class='ocrx_word' id='word_1_139' title='bbox 2900 834 2978 901; x_wconf 87' lang='grc' dir='ltr'><strong>δὲ,</strong></span> <span class='ocrx_word' id='word_1_140' title='bbox 3006 833 3208 906; x_wconf 80' lang='grc' dir='ltr'><strong>δηώσει</strong></span> <span class='ocrx_word' id='word_1_141' title='bbox 3249 836 3342 890; x_wconf 77' lang='grc' dir='ltr'><strong>καὶ</strong></span> <span class='ocrx_word' id='word_1_142' title='bbox 3368 836 3605 913; x_wconf 76' lang='grc' dir='ltr'><strong>λεηλασίᾳ</strong></span> 
     </span>
    </p>
   </div>
   <div class='ocr_carea' id='block_1_24' title="bbox 2043 919 3604 999">
    <p class='ocr_par' dir='ltr' id='par_1_24' title="bbox 2043 919 3604 999">
     <span class='ocr_line' id='line_1_24' title="bbox 2043 919 3604 999; baseline 0.007 -26"><span class='ocrx_word' id='word_1_143' title='bbox 2043 919 2138 973; x_wconf 84' lang='grc' dir='ltr'><strong>τοῦ</strong></span> <span class='ocrx_word' id='word_1_144' title='bbox 2172 920 2382 987; x_wconf 74' lang='grc' dir='ltr'><strong>ἔθνους,</strong></span> <span class='ocrx_word' id='word_1_145' title='bbox 2431 928 2788 997; x_wconf 80' lang='grc' dir='ltr'><strong>καταστροφῇ</strong></span> <span class='ocrx_word' id='word_1_146' title='bbox 2841 943 2902 980; x_wconf 85' lang='grc' dir='ltr'><strong>τε</strong></span> <span class='ocrx_word' id='word_1_147' title='bbox 2956 926 3051 981; x_wconf 77' lang='grc' dir='ltr'><strong>τοῦ</strong></span> <span class='ocrx_word' id='word_1_148' title='bbox 3091 928 3350 999; x_wconf 80' lang='grc' dir='ltr'><strong>πατρῴου</strong></span> <span class='ocrx_word' id='word_1_149' title='bbox 3378 929 3604 997; x_wconf 75' lang='grc' dir='ltr'><strong>ἐδάφους,</strong></span> 
     </span>
    </p>
   </div>
   <div class='ocr_carea' id='block_1_25' title="bbox 2045 1008 3608 1089">
    <p class='ocr_par' dir='ltr' id='par_1_25' title="bbox 2045 1008 3608 1089">
     <span class='ocr_line' id='line_1_25' title="bbox 2045 1008 3608 1089; baseline 0.009 -28"><span class='ocrx_word' id='word_1_150' title='bbox 2045 1008 2169 1062; x_wconf 74' lang='grc' dir='ltr'><strong>καθ’</strong></span> <span class='ocrx_word' id='word_1_151' title='bbox 2208 1010 2275 1081; x_wconf 73' lang='grc' dir='ltr'><strong>ἣν</strong></span> <span class='ocrx_word' id='word_1_152' title='bbox 2310 1009 2446 1081; x_wconf 68' lang='grc' dir='ltr'><strong>πρὸς</strong></span> <span class='ocrx_word' id='word_1_153' title='bbox 2474 1013 2784 1087; x_wconf 88' lang='grc' dir='ltr'><strong>ἀλλοδαπὴν</strong></span> <span class='ocrx_word' id='word_1_154' title='bbox 2811 1014 3224 1087; x_wconf 78' lang='grc' dir='ltr'><strong>ἐξελαυνόμενοι</strong></span> <span class='ocrx_word' id='word_1_155' title='bbox 3243 1017 3429 1089; x_wconf 69' lang='grc' dir='ltr'><strong>ᾔεσαν,</strong></span> <span class='ocrx_word' id='word_1_156' title='bbox 3458 1020 3608 1076; x_wconf 75' lang='grc' dir='ltr'><strong>ἐλεει-</strong></span> 
     </span>
    </p>
   </div>
   <div class='ocr_carea' id='block_1_26' title="bbox 2044 1100 3607 1183">
    <p class='ocr_par' dir='ltr' id='par_1_26' title="bbox 2044 1100 3607 1183">
     <span class='ocr_line' id='line_1_26' title="bbox 2044 1100 3607 1183; baseline 0.009 -31"><span class='ocrx_word' id='word_1_157' title='bbox 2044 1100 2133 1153; x_wconf 71' lang='grc' dir='ltr'><strong>νὸν</strong></span> <span class='ocrx_word' id='word_1_158' title='bbox 2161 1104 2274 1166; x_wconf 85' lang='grc' dir='ltr'><strong>τοῖς</strong></span> <span class='ocrx_word' id='word_1_159' title='bbox 2300 1104 2468 1175; x_wconf 80' lang='grc' dir='ltr'><strong>ὁρῶσι</strong></span> <span class='ocrx_word' id='word_1_160' title='bbox 2507 1105 2711 1175; x_wconf 81' lang='grc' dir='ltr'><strong>θέαμα,</strong></span> <span class='ocrx_word' id='word_1_161' title='bbox 2753 1108 2849 1161; x_wconf 70' lang='grc' dir='ltr'><strong>καὶ</strong></span> <span class='ocrx_word' id='word_1_162' title='bbox 2879 1110 2991 1172; x_wconf 82' lang='grc' dir='ltr'><strong>τοῖς</strong></span> <span class='ocrx_word' id='word_1_163' title='bbox 3031 1108 3324 1164; x_wconf 88' lang='grc' dir='ltr'><strong>ἀκούουσιν</strong></span> <span class='ocrx_word' id='word_1_164' title='bbox 3355 1110 3607 1183; x_wconf 77' lang='grc' dir='ltr'><strong>ἄκουσμα,</strong></span> 
     </span>
    </p>
   </div>
   <div class='ocr_carea' id='block_1_27' title="bbox 2044 1192 3595 1273">
    <p class='ocr_par' dir='ltr' id='par_1_27' title="bbox 2044 1192 3595 1273">
     <span class='ocr_line' id='line_1_27' title="bbox 2044 1192 3595 1273; baseline 0.009 -28"><span class='ocrx_word' id='word_1_165' title='bbox 2044 1192 2231 1264; x_wconf 82' lang='grc' dir='ltr'>κύκλῳ</span> <span class='ocrx_word' id='word_1_166' title='bbox 2279 1212 2339 1249; x_wconf 89' lang='grc' dir='ltr'><strong>τε</strong></span> <span class='ocrx_word' id='word_1_167' title='bbox 2408 1201 2936 1272; x_wconf 72' lang='grc' dir='ltr'><strong>περιεστοιχοσμένοι</strong></span> <span class='ocrx_word' id='word_1_168' title='bbox 2980 1201 3305 1273; x_wconf 80' lang='grc' dir='ltr'><strong>ἀνηκέστοις</strong></span> <span class='ocrx_word' id='word_1_169' title='bbox 3349 1203 3595 1273; x_wconf 76' lang='grc' dir='ltr'><strong>ἐγίνοντο,</strong></span> 
     </span>
    </p>
   </div>
   <div class='ocr_carea' id='block_1_28' title="bbox 2047 1286 3612 1369">
    <p class='ocr_par' dir='ltr' id='par_1_28' title="bbox 2047 1286 3612 1369">
     <span class='ocr_line' id='line_1_28' title="bbox 2047 1286 3612 1369; baseline 0.008 -31"><span class='ocrx_word' id='word_1_170' title='bbox 2047 1286 2247 1355; x_wconf 83' lang='grc' dir='ltr'><strong>μηκέτι</strong></span> <span class='ocrx_word' id='word_1_171' title='bbox 2304 1288 2732 1360; x_wconf 83' lang='grc' dir='ltr'><strong>φιλοκρινεῖσοαι</strong></span> <span class='ocrx_word' id='word_1_172' title='bbox 2805 1291 2901 1346; x_wconf 83' lang='grc' dir='ltr'><strong>τοῦ</strong></span> <span class='ocrx_word' id='word_1_173' title='bbox 2977 1294 3169 1363; x_wconf 81' lang='grc' dir='ltr'>γένους</span> <span class='ocrx_word' id='word_1_174' title='bbox 3221 1294 3612 1369; x_wconf 77' lang='grc' dir='ltr'><strong>ίσχύοντος,τῷ</strong></span> 
     </span>
    </p>
   </div>
   <div class='ocr_carea' id='block_1_29' title="bbox 2042 1376 3611 1457">
    <p class='ocr_par' dir='ltr' id='par_1_29' title="bbox 2042 1376 3611 1457">
     <span class='ocr_line' id='line_1_29' title="bbox 2042 1376 3611 1457; baseline 0.006 -26"><span class='ocrx_word' id='word_1_175' title='bbox 2042 1376 2197 1448; x_wconf 76' lang='grc' dir='ltr'><strong>ἄχθει</strong></span> <span class='ocrx_word' id='word_1_176' title='bbox 2226 1379 2529 1450; x_wconf 71' lang='grc' dir='ltr'><strong>πεζομένου</strong></span> <span class='ocrx_word' id='word_1_177' title='bbox 2558 1382 2666 1434; x_wconf 85' lang='grc' dir='ltr'><strong>τῶν</strong></span> <span class='ocrx_word' id='word_1_178' title='bbox 2698 1384 3018 1456; x_wconf 73' lang='grc' dir='ltr'><strong>συμφορῶν,</strong></span> <span class='ocrx_word' id='word_1_179' title='bbox 3049 1384 3129 1455; x_wconf 85' lang='grc' dir='ltr'><strong>τῷ</strong></span> <span class='ocrx_word' id='word_1_180' title='bbox 3158 1384 3354 1457; x_wconf 82' lang='grc' dir='ltr'><strong>πλήθει</strong></span> <span class='ocrx_word' id='word_1_181' title='bbox 3390 1387 3493 1441; x_wconf 86' lang='grc' dir='ltr'><strong>τῶν</strong></span> <span class='ocrx_word' id='word_1_182' title='bbox 3522 1390 3611 1441; x_wconf 74' lang='grc' dir='ltr'><strong>ἐπ-</strong></span> 
     </span>
    </p>
   </div>
   <div class='ocr_carea' id='block_1_30' title="bbox 2049 1469 3613 1548">
    <p class='ocr_par' dir='ltr' id='par_1_30' title="bbox 2049 1469 3613 1548">
     <span class='ocr_line' id='line_1_30' title="bbox 2049 1469 3613 1548; baseline 0.008 -28"><span class='ocrx_word' id='word_1_183' title='bbox 2049 1469 2240 1522; x_wconf 85' lang='grc' dir='ltr'><strong>ιόντων</strong></span> <span class='ocrx_word' id='word_1_184' title='bbox 2270 1470 2544 1543; x_wconf 78' lang='grc' dir='ltr'><strong>ὁσημέραι</strong></span> <span class='ocrx_word' id='word_1_185' title='bbox 2569 1471 3026 1544; x_wconf 78' lang='grc' dir='ltr'><strong>δυστυχημάτων,</strong></span> <span class='ocrx_word' id='word_1_186' title='bbox 3043 1477 3167 1529; x_wconf 79' lang='grc' dir='ltr'><strong>τότε</strong></span> <span class='ocrx_word' id='word_1_187' title='bbox 3187 1477 3251 1548; x_wconf 86' lang='grc' dir='ltr'><strong>δὴ</strong></span> <span class='ocrx_word' id='word_1_188' title='bbox 3280 1478 3613 1548; x_wconf 81' lang='grc' dir='ltr'><strong>συγχυθεῖσαι</strong></span> 
     </span>
    </p>
   </div>
   <div class='ocr_carea' id='block_1_31' title="bbox 2040 1560 3616 1642">
    <p class='ocr_par' dir='ltr' id='par_1_31' title="bbox 2040 1560 3616 1642">
     <span class='ocr_line' id='line_1_31' title="bbox 2040 1560 3616 1642; baseline 0.008 -29"><span class='ocrx_word' id='word_1_189' title='bbox 2040 1560 2151 1615; x_wconf 83' lang='grc' dir='ltr'><strong>τῶν</strong></span> <span class='ocrx_word' id='word_1_190' title='bbox 2180 1560 2366 1632; x_wconf 84' lang='grc' dir='ltr'><strong>φυλῶν</strong></span> <span class='ocrx_word' id='word_1_191' title='bbox 2411 1563 2642 1637; x_wconf 80' lang='grc' dir='ltr'><strong>ἑκάστη,</strong></span> <span class='ocrx_word' id='word_1_192' title='bbox 2667 1565 2728 1620; x_wconf 81' lang='grc' dir='ltr'><strong>τδ</strong></span> <span class='ocrx_word' id='word_1_193' title='bbox 2776 1569 2877 1638; x_wconf 77' lang='grc' dir='ltr'><strong>τῆς</strong></span> <span class='ocrx_word' id='word_1_194' title='bbox 2921 1570 3206 1638; x_wconf 76' lang='grc' dir='ltr'><strong>εὐγενείας</strong></span> <span class='ocrx_word' id='word_1_195' title='bbox 3230 1568 3506 1642; x_wconf 79' lang='grc' dir='ltr'><strong>ἐξαίρετον</strong></span> <span class='ocrx_word' id='word_1_196' title='bbox 3524 1574 3616 1628; x_wconf 85' lang='grc' dir='ltr'><strong>ἀπ-</strong></span> 
     </span>
    </p>
   </div>
   <div class='ocr_carea' id='block_1_32' title="bbox 2043 1655 3618 1737">
    <p class='ocr_par' dir='ltr' id='par_1_32' title="bbox 2043 1655 3618 1737">
     <span class='ocr_line' id='line_1_32' title="bbox 2043 1655 3618 1737; baseline 0.008 -30"><span class='ocrx_word' id='word_1_197' title='bbox 2043 1655 2411 1729; x_wconf 80' lang='grc' dir='ltr'><strong>εσυλήθησαν.</strong></span> <span class='ocrx_word' id='word_1_198' title='bbox 2454 1658 2595 1712; x_wconf 83' lang='grc' dir='ltr'><strong>Ἀλλ’</strong></span> <span class='ocrx_word' id='word_1_199' title='bbox 2626 1662 2727 1715; x_wconf 87' lang='grc' dir='ltr'><strong>οὐκ</strong></span> <span class='ocrx_word' id='word_1_200' title='bbox 2768 1664 2850 1726; x_wconf 83' lang='grc' dir='ltr'><strong>είς</strong></span> <span class='ocrx_word' id='word_1_201' title='bbox 2880 1663 3028 1717; x_wconf 76' lang='grc' dir='ltr'><strong>ἀπαν</strong></span> <span class='ocrx_word' id='word_1_202' title='bbox 3074 1665 3346 1733; x_wconf 74' lang='grc' dir='ltr'><strong>ἠφάνιστο</strong></span> <span class='ocrx_word' id='word_1_203' title='bbox 3375 1665 3438 1718; x_wconf 81' lang='grc' dir='ltr'><strong>τὸ</strong></span> <span class='ocrx_word' id='word_1_204' title='bbox 3482 1683 3618 1737; x_wconf 88' lang='grc' dir='ltr'><strong>περι-</strong></span> 
     </span>
    </p>
   </div>
   <div class='ocr_carea' id='block_1_33' title="bbox 2043 1743 3617 1829">
    <p class='ocr_par' dir='ltr' id='par_1_33' title="bbox 2043 1743 3617 1829">
     <span class='ocr_line' id='line_1_33' title="bbox 2043 1743 3617 1829; baseline 0.009 -31"><span class='ocrx_word' id='word_1_205' title='bbox 2043 1743 2258 1816; x_wconf 83' lang='grc' dir='ltr'>ώνυμον</span> <span class='ocrx_word' id='word_1_206' title='bbox 2275 1747 2435 1802; x_wconf 84' lang='grc' dir='ltr'><strong>τοῦτο</strong></span> <span class='ocrx_word' id='word_1_207' title='bbox 2454 1749 2547 1802; x_wconf 80' lang='grc' dir='ltr'><strong>τοῦ</strong></span> <span class='ocrx_word' id='word_1_208' title='bbox 2570 1750 2762 1817; x_wconf 75' lang='grc' dir='ltr'><strong>γένους</strong></span> <span class='ocrx_word' id='word_1_209' title='bbox 2786 1752 3025 1823; x_wconf 78' lang='grc' dir='ltr'><strong>ἀξίωμα.</strong></span> <span class='ocrx_word' id='word_1_210' title='bbox 3043 1754 3291 1825; x_wconf 87' lang='grc' dir='ltr'><strong>Διέμεινε</strong></span> <span class='ocrx_word' id='word_1_211' title='bbox 3309 1756 3419 1826; x_wconf 83' lang='grc' dir='ltr'><strong>γὰρ</strong></span> <span class='ocrx_word' id='word_1_212' title='bbox 3443 1756 3617 1829; x_wconf 83' lang='grc' dir='ltr'><strong>ὥσπερ</strong></span> 
     </span>
    </p>
   </div>
   <div class='ocr_carea' id='block_1_34' title="bbox 349 1831 1939 1922">
    <p class='ocr_par' dir='ltr' id='par_1_34' title="bbox 349 1836 1939 1909">
     <span class='ocr_line' id='line_1_34' title="bbox 349 1836 1939 1909; baseline -0.001 -16"><span class='ocrx_word' id='word_1_213' title='bbox 349 1838 631 1909; x_wconf 80' lang='lat' dir='ltr'><strong>singulare</strong></span> <span class='ocrx_word' id='word_1_214' title='bbox 681 1838 852 1895; x_wconf 86' lang='lat' dir='ltr'><strong>decus</strong></span> <span class='ocrx_word' id='word_1_215' title='bbox 908 1839 1234 1894; x_wconf 88' lang='lat' dir='ltr'><strong>amiserunt.</strong></span> <span class='ocrx_word' id='word_1_216' title='bbox 1290 1836 1401 1894; x_wconf 84' lang='lat' dir='ltr'><strong>Nec</strong></span> <span class='ocrx_word' id='word_1_217' title='bbox 1460 1846 1646 1893; x_wconf 88' lang='lat' dir='ltr'><strong>tamen</strong></span> <span class='ocrx_word' id='word_1_218' title='bbox 1707 1852 1939 1906; x_wconf 79' lang='lat' dir='ltr'><strong>prorsus</strong></span> 
     </span>
    </p>
   </div>
   <div class='ocr_carea' id='block_1_35' title="bbox 2042 1831 3617 1922">
    <p class='ocr_par' dir='ltr' id='par_1_35' title="bbox 2042 1838 3617 1922">
     <span class='ocr_line' id='line_1_35' title="bbox 2042 1838 3617 1922; baseline 0.009 -31"><span class='ocrx_word' id='word_1_219' title='bbox 2042 1854 2095 1891; x_wconf 89' lang='grc' dir='ltr'><strong>τι</strong></span> <span class='ocrx_word' id='word_1_220' title='bbox 2127 1838 2383 1908; x_wconf 81' lang='grc' dir='ltr'><strong>λείψανον</strong></span> <span class='ocrx_word' id='word_1_221' title='bbox 2412 1844 2477 1895; x_wconf 82' lang='grc' dir='ltr'><strong>ἐκ</strong></span> <span class='ocrx_word' id='word_1_222' title='bbox 2507 1842 2754 1914; x_wconf 81' lang='grc' dir='ltr'><strong>διαδοχῆς</strong></span> <span class='ocrx_word' id='word_1_223' title='bbox 2785 1844 3118 1916; x_wconf 79' lang='grc' dir='ltr'><strong>ἐπικρατοῦν</strong></span> <span class='ocrx_word' id='word_1_224' title='bbox 3142 1846 3239 1901; x_wconf 79' lang='grc' dir='ltr'><strong>’ἔτι</strong></span> <span class='ocrx_word' id='word_1_225' title='bbox 3270 1848 3370 1918; x_wconf 83' lang='grc' dir='ltr'><strong>τῆς</strong></span> <span class='ocrx_word' id='word_1_226' title='bbox 3404 1849 3617 1922; x_wconf 81' lang='grc' dir='ltr'><strong>κληρου-</strong></span> 
     </span>
    </p>
   </div>
   <div class='ocr_carea' id='block_1_36' title="bbox 349 1928 1936 2001">
    <p class='ocr_par' dir='ltr' id='par_1_36' title="bbox 349 1928 1936 2001">
     <span class='ocr_line' id='line_1_36' title="bbox 349 1928 1936 2001; baseline -0.001 -17"><span class='ocrx_word' id='word_1_227' title='bbox 349 1929 529 1984; x_wconf 88' lang='lat' dir='ltr'><strong>deleta</strong></span> <span class='ocrx_word' id='word_1_228' title='bbox 568 1937 654 1984; x_wconf 89' lang='lat' dir='ltr'><strong>est</strong></span> <span class='ocrx_word' id='word_1_229' title='bbox 701 1929 935 1985; x_wconf 89' lang='lat' dir='ltr'><strong>celebris</strong></span> <span class='ocrx_word' id='word_1_230' title='bbox 979 1931 1095 1985; x_wconf 71' lang='lat' dir='ltr'><strong>haec</strong></span> <span class='ocrx_word' id='word_1_231' title='bbox 1145 1929 1365 1998; x_wconf 80' lang='lat' dir='ltr'><strong>generis</strong></span> <span class='ocrx_word' id='word_1_232' title='bbox 1414 1929 1673 2001; x_wconf 86' lang='lat' dir='ltr'><strong>dignitas.</strong></span> <span class='ocrx_word' id='word_1_233' title='bbox 1724 1928 1936 1984; x_wconf 80' lang='lat' dir='ltr'><strong>Etenim</strong></span> 
     </span>
    </p>
   </div>
   <div class='ocr_carea' id='block_1_37' title="bbox 349 2018 1934 2090">
    <p class='ocr_par' dir='ltr' id='par_1_37' title="bbox 349 2018 1934 2090">
     <span class='ocr_line' id='line_1_37' title="bbox 349 2018 1934 2090; baseline 0 -18"><span class='ocrx_word' id='word_1_234' title='bbox 349 2019 580 2089; x_wconf 89' lang='lat' dir='ltr'><strong>hujusce</strong></span> <span class='ocrx_word' id='word_1_235' title='bbox 624 2019 803 2075; x_wconf 89' lang='lat' dir='ltr'><strong>tribus</strong></span> <span class='ocrx_word' id='word_1_236' title='bbox 837 2021 1164 2087; x_wconf 89' lang='lat' dir='ltr'><strong>auctoritas,</strong></span> <span class='ocrx_word' id='word_1_237' title='bbox 1185 2019 1334 2075; x_wconf 86' lang='lat' dir='ltr'><strong>velut</strong></span> <span class='ocrx_word' id='word_1_238' title='bbox 1372 2019 1627 2090; x_wconf 67' lang='lat' dir='ltr'><strong>reliquiae</strong></span> <span class='ocrx_word' id='word_1_239' title='bbox 1657 2018 1934 2090; x_wconf 77' lang='lat' dir='ltr'><strong>quaedam,</strong></span> 
     </span>
    </p>
   </div>
   <div class='ocr_carea' id='block_1_38' title="bbox 348 2110 1938 2182">
    <p class='ocr_par' dir='ltr' id='par_1_38' title="bbox 348 2110 1938 2182">
     <span class='ocr_line' id='line_1_38' title="bbox 348 2110 1938 2182; baseline -0.002 -15"><span class='ocrx_word' id='word_1_240' title='bbox 348 2127 446 2181; x_wconf 90' lang='lat' dir='ltr'><strong>per</strong></span> <span class='ocrx_word' id='word_1_241' title='bbox 500 2113 912 2168; x_wconf 86' lang='lat' dir='ltr'><strong>successionem</strong></span> <span class='ocrx_word' id='word_1_242' title='bbox 977 2110 1162 2167; x_wconf 89' lang='lat' dir='ltr'><strong>adhuc</strong></span> <span class='ocrx_word' id='word_1_243' title='bbox 1216 2112 1421 2182; x_wconf 91' lang='lat' dir='ltr'><strong>opibus</strong></span> <span class='ocrx_word' id='word_1_244' title='bbox 1478 2122 1644 2182; x_wconf 82' lang='lat' dir='ltr'><strong>atque</strong></span> <span class='ocrx_word' id='word_1_245' title='bbox 1702 2111 1938 2181; x_wconf 87' lang='lat' dir='ltr'><strong>imperio</strong></span> 
     </span>
    </p>
   </div>
   <div class='ocr_carea' id='block_1_39' title="bbox 346 2190 1937 2274">
    <p class='ocr_par' dir='ltr' id='par_1_39' title="bbox 346 2190 1937 2274">
     <span class='ocr_line' id='line_1_39' title="bbox 346 2190 1937 2274; baseline -0.001 -17"><span class='ocrx_word' id='word_1_246' title='bbox 346 2203 562 2272; x_wconf 87' lang='lat' dir='ltr'><strong>pollens</strong></span> <span class='ocrx_word' id='word_1_247' title='bbox 624 2202 878 2274; x_wconf 88' lang='lat' dir='ltr'><strong>perstitit</strong></span> <span class='ocrx_word' id='word_1_248' title='bbox 936 2217 1120 2273; x_wconf 89' lang='lat' dir='ltr'><strong>usque</strong></span> <span class='ocrx_word' id='word_1_249' title='bbox 1196 2201 1264 2257; x_wconf 92' lang='lat' dir='ltr'><strong>ad</strong></span> <span class='ocrx_word' id='word_1_250' title='bbox 1345 2203 1720 2257; x_wconf 86' lang='lat' dir='ltr'><strong>clarissimam</strong></span> <span class='ocrx_word' id='word_1_251' title='bbox 1794 2190 1937 2256; x_wconf 85' lang='lat' dir='ltr'><strong>hanc</strong></span> 
     </span>
    </p>
   </div>
   <div class='ocr_carea' id='block_1_40' title="bbox 347 2290 1938 2365">
    <p class='ocr_par' dir='ltr' id='par_1_40' title="bbox 347 2290 1938 2365">
     <span class='ocr_line' id='line_1_40' title="bbox 347 2290 1938 2365; baseline 0.004 -22"><span class='ocrx_word' id='word_1_252' title='bbox 347 2290 653 2365; x_wconf 71' lang='lat' dir='ltr'><strong>Virginem,</strong></span> <span class='ocrx_word' id='word_1_253' title='bbox 678 2293 843 2359; x_wconf 87' lang='lat' dir='ltr'><strong>hanc,</strong></span> <span class='ocrx_word' id='word_1_254' title='bbox 878 2294 1133 2364; x_wconf 88' lang='lat' dir='ltr'><strong>inquam,</strong></span> <span class='ocrx_word' id='word_1_255' title='bbox 1161 2294 1340 2351; x_wconf 89' lang='lat' dir='ltr'><strong>solam</strong></span> <span class='ocrx_word' id='word_1_256' title='bbox 1360 2295 1510 2349; x_wconf 91' lang='lat' dir='ltr'><strong>inter</strong></span> <span class='ocrx_word' id='word_1_257' title='bbox 1542 2294 1805 2351; x_wconf 88' lang='lat' dir='ltr'><strong>mulieres</strong></span> <span class='ocrx_word' id='word_1_258' title='bbox 1825 2293 1938 2350; x_wconf 87' lang='lat' dir='ltr'><strong>Deo</strong></span> 
     </span>
    </p>
   </div>
   <div class='ocr_carea' id='block_1_41' title="bbox 346 2384 1933 2456">
    <p class='ocr_par' dir='ltr' id='par_1_41' title="bbox 346 2384 1933 2456">
     <span class='ocr_line' id='line_1_41' title="bbox 346 2384 1933 2456; baseline 0.005 -22"><span class='ocrx_word' id='word_1_259' title='bbox 346 2384 672 2454; x_wconf 78' lang='lat' dir='ltr'><strong>desponsam</strong></span> <span class='ocrx_word' id='word_1_260' title='bbox 725 2395 957 2441; x_wconf 83' lang='lat' dir='ltr'><strong>matrem</strong></span> <span class='ocrx_word' id='word_1_261' title='bbox 1000 2401 1066 2442; x_wconf 88' lang='lat' dir='ltr'><strong>ac</strong></span> <span class='ocrx_word' id='word_1_262' title='bbox 1110 2386 1418 2456; x_wconf 81' lang='lat' dir='ltr'><strong>virginem,</strong></span> <span class='ocrx_word' id='word_1_263' title='bbox 1468 2402 1634 2456; x_wconf 90' lang='lat' dir='ltr'><strong>quam</strong></span> <span class='ocrx_word' id='word_1_264' title='bbox 1672 2402 1820 2442; x_wconf 91' lang='lat' dir='ltr'><strong>nunc</strong></span> <span class='ocrx_word' id='word_1_265' title='bbox 1866 2398 1933 2442; x_wconf 81' lang='lat' dir='ltr'><strong>e‘x</strong></span> 
     </span>
    </p>
   </div>
   <div class='ocr_carea' id='block_1_42' title="bbox 347 2474 1937 2549">
    <p class='ocr_par' dir='ltr' id='par_1_42' title="bbox 347 2474 1937 2549">
     <span class='ocr_line' id='line_1_42' title="bbox 347 2474 1937 2549; baseline 0.003 -21"><span class='ocrx_word' id='word_1_266' title='bbox 347 2474 607 2530; x_wconf 75' lang='lat' dir='ltr'><strong>Davidica</strong></span> <span class='ocrx_word' id='word_1_267' title='bbox 668 2475 817 2530; x_wconf 87' lang='lat' dir='ltr'><strong>tribu</strong></span> <span class='ocrx_word' id='word_1_268' title='bbox 873 2486 1052 2531; x_wconf 87' lang='lat' dir='ltr'><strong>ortam</strong></span> <span class='ocrx_word' id='word_1_269' title='bbox 1118 2492 1244 2533; x_wconf 90' lang='lat' dir='ltr'><strong>esse</strong></span> <span class='ocrx_word' id='word_1_270' title='bbox 1276 2479 1512 2548; x_wconf 87' lang='lat' dir='ltr'><strong>probare</strong></span> <span class='ocrx_word' id='word_1_271' title='bbox 1571 2477 1937 2549; x_wconf 81' lang='lat' dir='ltr'><strong>aggrediens,</strong></span> 
     </span>
    </p>
   </div>
   <div class='ocr_carea' id='block_1_43' title="bbox 345 2569 1938 2641">
    <p class='ocr_par' dir='ltr' id='par_1_43' title="bbox 345 2569 1938 2641">
     <span class='ocr_line' id='line_1_43' title="bbox 345 2569 1938 2641; baseline 0.004 -21"><span class='ocrx_word' id='word_1_272' title='bbox 345 2569 611 2625; x_wconf 86' lang='lat' dir='ltr'><strong>orationis</strong></span> <span class='ocrx_word' id='word_1_273' title='bbox 647 2569 760 2641; x_wconf 71' lang='grc'><strong>(21)</strong></span> <span class='ocrx_word' id='word_1_274' title='bbox 807 2570 1022 2641; x_wconf 84' lang='lat' dir='ltr'><strong>jactum</strong></span> <span class='ocrx_word' id='word_1_275' title='bbox 1071 2570 1137 2624; x_wconf 84' lang='lat' dir='ltr'><strong>ad</strong></span> <span class='ocrx_word' id='word_1_276' title='bbox 1191 2570 1497 2641; x_wconf 70' lang='lat' dir='ltr'><strong>Scriptura:</strong></span> <span class='ocrx_word' id='word_1_277' title='bbox 1527 2585 1758 2641; x_wconf 88' lang='lat' dir='ltr'><strong>scopum</strong></span> <span class='ocrx_word' id='word_1_278' title='bbox 1791 2571 1938 2627; x_wconf 91' lang='lat' dir='ltr'><strong>dire-</strong></span> 
     </span>
    </p>
   </div>
   <div class='ocr_carea' id='block_1_44' title="bbox 344 2662 1940 2728">
    <p class='ocr_par' dir='ltr' id='par_1_44' title="bbox 344 2662 1940 2728">
     <span class='ocr_line' id='line_1_44' title="bbox 344 2662 1940 2728; baseline 0.003 -14"><span class='ocrx_word' id='word_1_279' title='bbox 344 2673 492 2716; x_wconf 78' lang='lat' dir='ltr'><strong>ctum</strong></span> <span class='ocrx_word' id='word_1_280' title='bbox 541 2664 757 2726; x_wconf 89' lang='lat' dir='ltr'><strong>emitto,</strong></span> <span class='ocrx_word' id='word_1_281' title='bbox 791 2663 840 2717; x_wconf 91' lang='lat' dir='ltr'><strong>si</strong></span> <span class='ocrx_word' id='word_1_282' title='bbox 882 2662 1044 2717; x_wconf 89' lang='lat' dir='ltr'><strong>modo</strong></span> <span class='ocrx_word' id='word_1_283' title='bbox 1081 2662 1224 2718; x_wconf 88' lang='lat' dir='ltr'><strong>Deus</strong></span> <span class='ocrx_word' id='word_1_284' title='bbox 1254 2663 1357 2718; x_wconf 91' lang='lat' dir='ltr'><strong>hoc</strong></span> <span class='ocrx_word' id='word_1_285' title='bbox 1389 2663 1521 2717; x_wconf 90' lang='lat' dir='ltr'><strong>mihi</strong></span> <span class='ocrx_word' id='word_1_286' title='bbox 1554 2663 1844 2728; x_wconf 85' lang='lat' dir='ltr'><strong>concedat,</strong></span> <span class='ocrx_word' id='word_1_287' title='bbox 1880 2672 1940 2719; x_wconf 91' lang='lat' dir='ltr'><strong>ut</strong></span> 
     </span>
    </p>
   </div>
   <div class='ocr_carea' id='block_1_45' title="bbox 347 2751 1943 2829">
    <p class='ocr_par' dir='ltr' id='par_1_45' title="bbox 347 2751 1943 2829">
     <span class='ocr_line' id='line_1_45' title="bbox 347 2751 1943 2829; baseline 0.004 -25"><span class='ocrx_word' id='word_1_288' title='bbox 347 2754 446 2823; x_wconf 83' lang='lat' dir='ltr'><strong>pro</strong></span> <span class='ocrx_word' id='word_1_289' title='bbox 494 2752 571 2808; x_wconf 93' lang='lat' dir='ltr'><strong>rei</strong></span> <span class='ocrx_word' id='word_1_290' title='bbox 620 2753 890 2825; x_wconf 87' lang='lat' dir='ltr'><strong>dignitate</strong></span> <span class='ocrx_word' id='word_1_291' title='bbox 943 2751 1256 2809; x_wconf 75' lang='lat' dir='ltr'><strong>sermonem</strong></span> <span class='ocrx_word' id='word_1_292' title='bbox 1317 2754 1524 2810; x_wconf 89' lang='lat' dir='ltr'><strong>habere</strong></span> <span class='ocrx_word' id='word_1_293' title='bbox 1582 2769 1804 2829; x_wconf 83' lang='lat' dir='ltr'><strong>queam.</strong></span> <span class='ocrx_word' id='word_1_294' title='bbox 1869 2754 1943 2810; x_wconf 81' lang='lat' dir='ltr'><strong>At</strong></span> 
     </span>
    </p>
   </div>
   <div class='ocr_carea' id='block_1_46' title="bbox 346 2845 1939 2919">
    <p class='ocr_par' dir='ltr' id='par_1_46' title="bbox 346 2845 1939 2919">
     <span class='ocr_line' id='line_1_46' title="bbox 346 2845 1939 2919; baseline 0.003 -21"><span class='ocrx_word' id='word_1_295' title='bbox 346 2847 516 2909; x_wconf 88' lang='lat' dir='ltr'><strong>enim,</strong></span> <span class='ocrx_word' id='word_1_296' title='bbox 542 2860 577 2901; x_wconf 91' lang='grc' dir='ltr'>ο</span> <span class='ocrx_word' id='word_1_297' title='bbox 609 2846 766 2902; x_wconf 83' lang='lat' dir='ltr'><strong>beate</strong></span> <span class='ocrx_word' id='word_1_298' title='bbox 798 2845 1049 2901; x_wconf 79' lang='lat' dir='ltr'><strong>Matthaee</strong></span> <span class='ocrx_word' id='word_1_299' title='bbox 1070 2885 1085 2909; x_wconf 95' lang='lat'><strong>,</strong></span> <span class='ocrx_word' id='word_1_300' title='bbox 1119 2847 1282 2901; x_wconf 86' lang='lat' dir='ltr'><strong>velim</strong></span> <span class='ocrx_word' id='word_1_301' title='bbox 1310 2846 1440 2901; x_wconf 90' lang='lat' dir='ltr'><strong>mihi</strong></span> <span class='ocrx_word' id='word_1_302' title='bbox 1475 2848 1741 2918; x_wconf 74' lang='lat' dir='ltr'><strong>explices,</strong></span> <span class='ocrx_word' id='word_1_303' title='bbox 1775 2846 1939 2919; x_wconf 87' lang='lat' dir='ltr'><strong>quid-</strong></span> 
     </span>
    </p>
   </div>
   <div class='ocr_carea' id='block_1_47' title="bbox 348 2939 1937 3013">
    <p class='ocr_par' dir='ltr' id='par_1_47' title="bbox 348 2939 1937 3013">
     <span class='ocr_line' id='line_1_47' title="bbox 348 2939 1937 3013; baseline 0.004 -20"><span class='ocrx_word' id='word_1_304' title='bbox 348 2954 472 2993; x_wconf 89' lang='lat' dir='ltr'><strong>nam</strong></span> <span class='ocrx_word' id='word_1_305' title='bbox 503 2954 684 2996; x_wconf 73' lang='lat' dir='ltr'><strong>causa:</strong></span> <span class='ocrx_word' id='word_1_306' title='bbox 722 2940 813 3005; x_wconf 86' lang='lat' dir='ltr'><strong>sit,</strong></span> <span class='ocrx_word' id='word_1_307' title='bbox 852 2939 998 3012; x_wconf 91' lang='lat' dir='ltr'><strong>quod</strong></span> <span class='ocrx_word' id='word_1_308' title='bbox 1031 2951 1087 2995; x_wconf 96' lang='lat' dir='ltr'><strong>tu</strong></span> <span class='ocrx_word' id='word_1_309' title='bbox 1135 2941 1189 2995; x_wconf 92' lang='lat' dir='ltr'><strong>in</strong></span> <span class='ocrx_word' id='word_1_310' title='bbox 1226 2940 1319 3003; x_wconf 86' lang='lat' dir='ltr'><strong>iis.</strong></span> <span class='ocrx_word' id='word_1_311' title='bbox 1355 2956 1593 3012; x_wconf 88' lang='lat' dir='ltr'><strong>quorum</strong></span> <span class='ocrx_word' id='word_1_312' title='bbox 1622 2957 1797 3013; x_wconf 84' lang='lat' dir='ltr'><strong>genus</strong></span> <span class='ocrx_word' id='word_1_313' title='bbox 1847 2958 1937 2999; x_wconf 58' lang='lat' dir='ltr'><strong>rec</strong></span> 
     </span>
    </p>
   </div>
   <div class='ocr_carea' id='block_1_48' title="bbox 345 3029 1942 3100">
    <p class='ocr_par' dir='ltr' id='par_1_48' title="bbox 345 3029 1942 3100">
     <span class='ocr_line' id='line_1_48' title="bbox 345 3029 1942 3100; baseline 0.003 -16"><span class='ocrx_word' id='word_1_314' title='bbox 345 3045 560 3094; x_wconf 87' lang='lat' dir='ltr'><strong>censes,</strong></span> <span class='ocrx_word' id='word_1_315' title='bbox 592 3044 623 3085; x_wconf 87' lang='lat' dir='ltr'><strong>a</strong></span> <span class='ocrx_word' id='word_1_316' title='bbox 659 3039 856 3086; x_wconf 75' lang='lat' dir='ltr'><strong>sant-to</strong></span> <span class='ocrx_word' id='word_1_317' title='bbox 886 3029 1035 3085; x_wconf 89' lang='lat' dir='ltr'><strong>Luca</strong></span> <span class='ocrx_word' id='word_1_318' title='bbox 1064 3030 1389 3087; x_wconf 86' lang='lat' dir='ltr'><strong>dissentias.</strong></span> <span class='ocrx_word' id='word_1_319' title='bbox 1421 3029 1647 3087; x_wconf 87' lang='lat' dir='ltr'><strong>Minime</strong></span> <span class='ocrx_word' id='word_1_320' title='bbox 1669 3047 1822 3100; x_wconf 69' lang='lat' dir='ltr'><strong>vero,</strong></span> <span class='ocrx_word' id='word_1_321' title='bbox 1858 3033 1942 3088; x_wconf 92' lang='lat' dir='ltr'><strong>in-</strong></span> 
     </span>
    </p>
   </div>
   <div class='ocr_carea' id='block_1_49' title="bbox 343 3122 1937 3195">
    <p class='ocr_par' dir='ltr' id='par_1_49' title="bbox 343 3122 1937 3195">
     <span class='ocr_line' id='line_1_49' title="bbox 343 3122 1937 3195; baseline 0.003 -19"><span class='ocrx_word' id='word_1_322' title='bbox 343 3122 485 3195; x_wconf 83' lang='lat' dir='ltr'><strong>quit,</strong></span> <span class='ocrx_word' id='word_1_323' title='bbox 523 3130 707 3178; x_wconf 87' lang='lat' dir='ltr'><strong>mente</strong></span> <span class='ocrx_word' id='word_1_324' title='bbox 757 3123 821 3178; x_wconf 89' lang='lat' dir='ltr'><strong>ad</strong></span> <span class='ocrx_word' id='word_1_325' title='bbox 871 3122 1092 3178; x_wconf 85' lang='lat' dir='ltr'><strong>divinas</strong></span> <span class='ocrx_word' id='word_1_326' title='bbox 1143 3138 1232 3180; x_wconf 88' lang='lat' dir='ltr'><strong>res</strong></span> <span class='ocrx_word' id='word_1_327' title='bbox 1278 3123 1717 3180; x_wconf 86' lang='lat' dir='ltr'><strong>conscribendas</strong></span> <span class='ocrx_word' id='word_1_328' title='bbox 1737 3125 1937 3181; x_wconf 83' lang='lat' dir='ltr'><strong>eximia</strong></span> 
     </span>
    </p>
   </div>
   <div class='ocr_carea' id='block_1_50' title="bbox 346 3215 1934 3289">
    <p class='ocr_par' dir='ltr' id='par_1_50' title="bbox 346 3215 1934 3289">
     <span class='ocr_line' id='line_1_50' title="bbox 346 3215 1934 3289; baseline 0.002 -20"><span class='ocrx_word' id='word_1_329' title='bbox 346 3216 610 3286; x_wconf 67' lang='lat' dir='ltr'><strong>praeditus</strong></span> <span class='ocrx_word' id='word_1_330' title='bbox 641 3215 954 3282; x_wconf 69' lang='lat' dir='ltr'><strong>Mattha&#39;tts,</strong></span> <span class='ocrx_word' id='word_1_331' title='bbox 992 3215 1149 3289; x_wconf 86' lang='lat' dir='ltr'><strong>prius</strong></span> <span class='ocrx_word' id='word_1_332' title='bbox 1186 3218 1541 3288; x_wconf 86' lang='lat' dir='ltr'><strong>publicanus,</strong></span> <span class='ocrx_word' id='word_1_333' title='bbox 1568 3233 1718 3273; x_wconf 91' lang='lat' dir='ltr'><strong>nunc</strong></span> <span class='ocrx_word' id='word_1_334' title='bbox 1749 3226 1934 3274; x_wconf 89' lang='lat' dir='ltr'><strong>autem</strong></span> 
     </span>
    </p>
   </div>
   <div class='ocr_carea' id='block_1_51' title="bbox 344 3310 1940 3383">
    <p class='ocr_par' dir='ltr' id='par_1_51' title="bbox 344 3310 1940 3383">
     <span class='ocr_line' id='line_1_51' title="bbox 344 3310 1940 3383; baseline 0.001 -18"><span class='ocrx_word' id='word_1_335' title='bbox 344 3325 677 3365; x_wconf 84' lang='lat' dir='ltr'><strong>arcanorum</strong></span> <span class='ocrx_word' id='word_1_336' title='bbox 697 3311 1091 3382; x_wconf 85' lang='lat' dir='ltr'><strong>mysteriorum</strong></span> <span class='ocrx_word' id='word_1_337' title='bbox 1112 3310 1414 3382; x_wconf 86' lang='lat' dir='ltr'><strong>interpres,</strong></span> <span class='ocrx_word' id='word_1_338' title='bbox 1430 3311 1940 3383; x_wconf 89' lang='lat' dir='ltr'><strong>minime,inquam,</strong></span> 
     </span>
    </p>
   </div>
   <div class='ocr_carea' id='block_1_52' title="bbox 344 3399 1943 3469">
    <p class='ocr_par' dir='ltr' id='par_1_52' title="bbox 344 3399 1943 3469">
     <span class='ocr_line' id='line_1_52' title="bbox 344 3399 1943 3469; baseline 0.003 -14"><span class='ocrx_word' id='word_1_339' title='bbox 344 3402 455 3455; x_wconf 90' lang='lat' dir='ltr'><strong>ulla</strong></span> <span class='ocrx_word' id='word_1_340' title='bbox 493 3409 579 3456; x_wconf 91' lang='lat' dir='ltr'><strong>est</strong></span> <span class='ocrx_word' id='word_1_341' title='bbox 613 3401 754 3455; x_wconf 92' lang='lat' dir='ltr'><strong>inter</strong></span> <span class='ocrx_word' id='word_1_342' title='bbox 792 3416 894 3456; x_wconf 89' lang='lat' dir='ltr'><strong>nos</strong></span> <span class='ocrx_word' id='word_1_343' title='bbox 945 3401 1243 3458; x_wconf 88' lang='lat' dir='ltr'><strong>dissensio.</strong></span> <span class='ocrx_word' id='word_1_344' title='bbox 1290 3399 1429 3457; x_wconf 87' lang='lat' dir='ltr'><strong>Nam</strong></span> <span class='ocrx_word' id='word_1_345' title='bbox 1491 3403 1609 3469; x_wconf 89' lang='lat' dir='ltr'><strong>ille,</strong></span> <span class='ocrx_word' id='word_1_346' title='bbox 1644 3403 1791 3458; x_wconf 87' lang='lat' dir='ltr'><strong>velut</strong></span> <span class='ocrx_word' id='word_1_347' title='bbox 1824 3418 1943 3459; x_wconf 87' lang='lat' dir='ltr'><strong>ser-</strong></span> 
     </span>
    </p>
   </div>
   <div class='ocr_carea' id='block_1_53' title="bbox 345 3492 1942 3568">
    <p class='ocr_par' dir='ltr' id='par_1_53' title="bbox 345 3492 1942 3568">
     <span class='ocr_line' id='line_1_53' title="bbox 345 3492 1942 3568; baseline 0.002 -20"><span class='ocrx_word' id='word_1_348' title='bbox 345 3509 565 3548; x_wconf 85' lang='lat' dir='ltr'><strong>monent</strong></span> <span class='ocrx_word' id='word_1_349' title='bbox 600 3504 909 3549; x_wconf 90' lang='lat' dir='ltr'><strong>retrorsum</strong></span> <span class='ocrx_word' id='word_1_350' title='bbox 942 3492 1196 3561; x_wconf 84' lang='lat' dir='ltr'><strong>ﬂectens,</strong></span> <span class='ocrx_word' id='word_1_351' title='bbox 1235 3495 1524 3551; x_wconf 88' lang='lat' dir='ltr'><strong>naturales</strong></span> <span class='ocrx_word' id='word_1_352' title='bbox 1562 3502 1751 3566; x_wconf 87' lang='lat' dir='ltr'><strong>patres</strong></span> <span class='ocrx_word' id='word_1_353' title='bbox 1798 3511 1942 3568; x_wconf 69' lang='lat' dir='ltr'><strong>pra:-</strong></span> 
     </span>
    </p>
   </div>
   <div class='ocr_carea' id='block_1_54' title="bbox 344 3586 1943 3659">
    <p class='ocr_par' dir='ltr' id='par_1_54' title="bbox 344 3586 1943 3659">
     <span class='ocr_line' id='line_1_54' title="bbox 344 3586 1943 3659; baseline 0.002 -19"><span class='ocrx_word' id='word_1_354' title='bbox 344 3586 627 3652; x_wconf 88' lang='lat' dir='ltr'><strong>termisit,</strong></span> <span class='ocrx_word' id='word_1_355' title='bbox 688 3587 893 3658; x_wconf 86' lang='lat' dir='ltr'><strong>legales</strong></span> <span class='ocrx_word' id='word_1_356' title='bbox 959 3587 1231 3643; x_wconf 81' lang='lat' dir='ltr'><strong>duntaxat</strong></span> <span class='ocrx_word' id='word_1_357' title='bbox 1286 3601 1768 3655; x_wconf 90' lang='lat' dir='ltr'><strong>commemorans;</strong></span> <span class='ocrx_word' id='word_1_358' title='bbox 1838 3602 1943 3659; x_wconf 91' lang='lat' dir='ltr'><strong>ego</strong></span> 
     </span>
    </p>
   </div>
   <div class='ocr_carea' id='block_1_55' title="bbox 344 3675 1934 3748">
    <p class='ocr_par' dir='ltr' id='par_1_55' title="bbox 344 3675 1934 3748">
     <span class='ocr_line' id='line_1_55' title="bbox 344 3675 1934 3748; baseline 0.002 -18"><span class='ocrx_word' id='word_1_359' title='bbox 344 3684 528 3731; x_wconf 86' lang='lat' dir='ltr'><strong>autem</strong></span> <span class='ocrx_word' id='word_1_360' title='bbox 567 3678 906 3731; x_wconf 82' lang='lat' dir='ltr'><strong>naturalium</strong></span> <span class='ocrx_word' id='word_1_361' title='bbox 942 3685 1160 3747; x_wconf 86' lang='lat' dir='ltr'><strong>patrum</strong></span> <span class='ocrx_word' id='word_1_362' title='bbox 1192 3677 1531 3733; x_wconf 89' lang='lat' dir='ltr'><strong>mentionem</strong></span> <span class='ocrx_word' id='word_1_363' title='bbox 1557 3686 1747 3748; x_wconf 88' lang='lat' dir='ltr'><strong>aperte</strong></span> <span class='ocrx_word' id='word_1_364' title='bbox 1781 3675 1885 3731; x_wconf 80' lang='lat' dir='ltr'><strong>feci</strong></span> <span class='ocrx_word' id='word_1_365' title='bbox 1921 3696 1934 3733; x_wconf 91' lang='lat'><strong>:</strong></span> 
     </span>
    </p>
   </div>
   <div class='ocr_carea' id='block_1_56' title="bbox 2039 1928 3620 2015">
    <p class='ocr_par' dir='ltr' id='par_1_56' title="bbox 2039 1928 3620 2015">
     <span class='ocr_line' id='line_1_56' title="bbox 2039 1928 3620 2015; baseline 0.01 -35"><span class='ocrx_word' id='word_1_366' title='bbox 2039 1928 2161 1998; x_wconf 82' lang='grc' dir='ltr'><strong>χίας</strong></span> <span class='ocrx_word' id='word_1_367' title='bbox 2190 1934 2397 2001; x_wconf 84' lang='grc' dir='ltr'><strong>ταύτης</strong></span> <span class='ocrx_word' id='word_1_368' title='bbox 2418 1932 2480 1986; x_wconf 68' lang='grc' dir='ltr'><strong>τὸ</strong></span> <span class='ocrx_word' id='word_1_369' title='bbox 2509 1933 2813 2001; x_wconf 78' lang='grc' dir='ltr'><strong>ἀξιόλογον,</strong></span> <span class='ocrx_word' id='word_1_370' title='bbox 2853 1935 3017 2008; x_wconf 85' lang='grc' dir='ltr'><strong>μέχρι</strong></span> <span class='ocrx_word' id='word_1_371' title='bbox 3068 1937 3172 2007; x_wconf 84' lang='grc' dir='ltr'><strong>τῆς</strong></span> <span class='ocrx_word' id='word_1_372' title='bbox 3208 1939 3458 2011; x_wconf 81' lang='grc' dir='ltr'>ἀοιδίμου</span> <span class='ocrx_word' id='word_1_373' title='bbox 3484 1942 3620 2015; x_wconf 86' lang='grc' dir='ltr'><strong>Παρ-</strong></span> 
     </span>
    </p>
   </div>
   <div class='ocr_carea' id='block_1_57' title="bbox 2039 2020 3621 2106">
    <p class='ocr_par' dir='ltr' id='par_1_57' title="bbox 2039 2020 3621 2106">
     <span class='ocr_line' id='line_1_57' title="bbox 2039 2020 3621 2106; baseline 0.009 -32"><span class='ocrx_word' id='word_1_374' title='bbox 2039 2020 2216 2086; x_wconf 82' lang='grc' dir='ltr'><strong>θένου,</strong></span> <span class='ocrx_word' id='word_1_375' title='bbox 2249 2023 2454 2093; x_wconf 86' lang='grc' dir='ltr'><strong>ταύτης</strong></span> <span class='ocrx_word' id='word_1_376' title='bbox 2487 2024 2552 2096; x_wconf 82' lang='grc' dir='ltr'><strong>δὴ</strong></span> <span class='ocrx_word' id='word_1_377' title='bbox 2574 2026 2719 2094; x_wconf 81' lang='grc' dir='ltr'><strong>λέγω</strong></span> <span class='ocrx_word' id='word_1_378' title='bbox 2745 2028 2844 2095; x_wconf 78' lang='grc' dir='ltr'><strong>τῆς</strong></span> <span class='ocrx_word' id='word_1_379' title='bbox 2871 2029 3041 2099; x_wconf 80' lang='grc' dir='ltr'><strong>μόνης</strong></span> <span class='ocrx_word' id='word_1_380' title='bbox 3074 2031 3134 2084; x_wconf 81' lang='grc' dir='ltr'><strong>ὲν</strong></span> <span class='ocrx_word' id='word_1_381' title='bbox 3155 2032 3373 2098; x_wconf 70' lang='grc' dir='ltr'><strong>γυναιξὶ</strong></span> <span class='ocrx_word' id='word_1_382' title='bbox 3392 2033 3621 2106; x_wconf 79' lang='grc' dir='ltr'><strong>Θεονυμ·</strong></span> 
     </span>
    </p>
   </div>
   <div class='ocr_carea' id='block_1_58' title="bbox 2039 2113 3620 2194">
    <p class='ocr_par' dir='ltr' id='par_1_58' title="bbox 2039 2113 3620 2194">
     <span class='ocr_line' id='line_1_58' title="bbox 2039 2113 3620 2194; baseline 0.008 -29"><span class='ocrx_word' id='word_1_383' title='bbox 2039 2113 2240 2182; x_wconf 85' lang='grc' dir='ltr'><strong>φεύτου</strong></span> <span class='ocrx_word' id='word_1_384' title='bbox 2274 2116 2481 2187; x_wconf 84' lang='grc' dir='ltr'><strong>μητρὸς</strong></span> <span class='ocrx_word' id='word_1_385' title='bbox 2515 2120 2609 2170; x_wconf 74' lang='grc' dir='ltr'><strong>καὶ</strong></span> <span class='ocrx_word' id='word_1_386' title='bbox 2637 2118 2941 2186; x_wconf 85' lang='grc' dir='ltr'><strong>ἀείπαιδος,</strong></span> <span class='ocrx_word' id='word_1_387' title='bbox 2968 2120 3033 2191; x_wconf 81' lang='grc' dir='ltr'><strong>ἢν</strong></span> <span class='ocrx_word' id='word_1_388' title='bbox 3058 2119 3186 2190; x_wconf 79' lang='grc' dir='ltr'><strong>ἄρτι</strong></span> <span class='ocrx_word' id='word_1_389' title='bbox 3206 2121 3304 2190; x_wconf 81' lang='grc' dir='ltr'><strong>τῆς</strong></span> <span class='ocrx_word' id='word_1_390' title='bbox 3338 2122 3620 2194; x_wconf 78' lang='grc' dir='ltr'><strong>Δαϐιτικῆς</strong></span> 
     </span>
    </p>
   </div>
   <div class='ocr_carea' id='block_1_59' title="bbox 2038 2198 3621 2284">
    <p class='ocr_par' dir='ltr' id='par_1_59' title="bbox 2038 2198 3621 2284">
     <span class='ocr_line' id='line_1_59' title="bbox 2038 2198 3621 2284; baseline 0.006 -23"><span class='ocrx_word' id='word_1_391' title='bbox 2038 2203 2205 2261; x_wconf 80' lang='grc' dir='ltr'><strong>οὖσαν</strong></span> <span class='ocrx_word' id='word_1_392' title='bbox 2234 2204 2624 2277; x_wconf 72' lang='grc' dir='ltr'><strong>ὰπρδεικνύναι</strong></span> <span class='ocrx_word' id='word_1_393' title='bbox 2661 2211 2834 2280; x_wconf 81' lang='grc' dir='ltr'>φυλῆς</span> <span class='ocrx_word' id='word_1_394' title='bbox 2865 2212 3331 2284; x_wconf 81' lang='grc' dir='ltr'><strong>παρορμώμενος,</strong></span> <span class='ocrx_word' id='word_1_395' title='bbox 3355 2198 3451 2269; x_wconf 79' lang='grc' dir='ltr'><strong>τοῦ</strong></span> <span class='ocrx_word' id='word_1_396' title='bbox 3476 2216 3621 2284; x_wconf 83' lang='grc' dir='ltr'><strong>λόγου</strong></span> 
     </span>
    </p>
   </div>
   <div class='ocr_carea' id='block_1_60' title="bbox 2038 2302 3625 2379">
    <p class='ocr_par' dir='ltr' id='par_1_60' title="bbox 2038 2302 3625 2379">
     <span class='ocr_line' id='line_1_60' title="bbox 2038 2302 3625 2379; baseline 0.003 -23"><span class='ocrx_word' id='word_1_397' title='bbox 2038 2302 2137 2374; x_wconf 78' lang='grc' dir='ltr'><strong>τὴν</strong></span> <span class='ocrx_word' id='word_1_398' title='bbox 2162 2303 2360 2377; x_wconf 79' lang='grc' dir='ltr'>βουλὴν</span> <span class='ocrx_word' id='word_1_399' title='bbox 2419 2306 2555 2379; x_wconf 78' lang='grc' dir='ltr'><strong>πρὸς</strong></span> <span class='ocrx_word' id='word_1_400' title='bbox 2592 2305 2685 2360; x_wconf 78' lang='grc' dir='ltr'><strong>τὸν</strong></span> <span class='ocrx_word' id='word_1_401' title='bbox 2708 2307 2813 2378; x_wconf 55' lang='grc' dir='ltr'><strong>τῆς,</strong></span> <span class='ocrx_word' id='word_1_402' title='bbox 2854 2308 3079 2379; x_wconf 83' lang='grc' dir='ltr'><strong>Γραφῆς</strong></span> <span class='ocrx_word' id='word_1_403' title='bbox 3114 2308 3401 2372; x_wconf 77' lang='grc' dir='ltr'><strong>συντείνας</strong></span> <span class='ocrx_word' id='word_1_404' title='bbox 3433 2307 3625 2361; x_wconf 81' lang='grc' dir='ltr'><strong>σκοπὸν</strong></span> 
     </span>
    </p>
   </div>
   <div class='ocr_carea' id='block_1_61' title="bbox 2039 2395 3626 2469">
    <p class='ocr_par' dir='ltr' id='par_1_61' title="bbox 2039 2395 3626 2469">
     <span class='ocr_line' id='line_1_61' title="bbox 2039 2395 3626 2469; baseline 0.003 -21"><span class='ocrx_word' id='word_1_405' title='bbox 2039 2395 2342 2469; x_wconf 70' lang='grc' dir='ltr'><strong>ὲπμφίημι,</strong></span> <span class='ocrx_word' id='word_1_406' title='bbox 2380 2397 2517 2451; x_wconf 83' lang='grc' dir='ltr'><strong>Θεοῦ</strong></span> <span class='ocrx_word' id='word_1_407' title='bbox 2577 2398 2819 2467; x_wconf 83' lang='grc' dir='ltr'><strong>μάλιστά</strong></span> <span class='ocrx_word' id='word_1_408' title='bbox 2873 2417 2964 2469; x_wconf 87' lang='grc' dir='ltr'><strong>μοι</strong></span> <span class='ocrx_word' id='word_1_409' title='bbox 3004 2401 3072 2454; x_wconf 82' lang='grc' dir='ltr'><strong>τά</strong></span> <span class='ocrx_word' id='word_1_410' title='bbox 3111 2401 3232 2455; x_wconf 86' lang='grc' dir='ltr'><strong>κατ’</strong></span> <span class='ocrx_word' id='word_1_411' title='bbox 3261 2400 3423 2468; x_wconf 81' lang='grc' dir='ltr'><strong>ἀξίαν</strong></span> <span class='ocrx_word' id='word_1_412' title='bbox 3457 2399 3626 2468; x_wconf 78' lang='grc' dir='ltr'><strong>λέγειν</strong></span> 
     </span>
    </p>
   </div>
   <div class='ocr_carea' id='block_1_62' title="bbox 2042 2486 3626 2565">
    <p class='ocr_par' dir='ltr' id='par_1_62' title="bbox 2042 2486 3626 2565">
     <span class='ocr_line' id='line_1_62' title="bbox 2042 2486 3626 2565; baseline 0.003 -25"><span class='ocrx_word' id='word_1_413' title='bbox 2042 2488 2448 2559; x_wconf 82' lang='grc' dir='ltr'><strong>παρεχομένου.</strong></span> <span class='ocrx_word' id='word_1_414' title='bbox 2492 2488 2654 2545; x_wconf 85' lang='grc' dir='ltr'><strong>Ἀλλά</strong></span> <span class='ocrx_word' id='word_1_415' title='bbox 2705 2509 2797 2563; x_wconf 88' lang='grc' dir='ltr'><strong>μοι</strong></span> <span class='ocrx_word' id='word_1_416' title='bbox 2842 2492 3004 2564; x_wconf 70' lang='grc' dir='ltr'><strong>δεῦρο</strong></span> <span class='ocrx_word' id='word_1_417' title='bbox 3049 2492 3282 2564; x_wconf 83' lang='grc' dir='ltr'><strong>φράσον,</strong></span> <span class='ocrx_word' id='word_1_418' title='bbox 3318 2486 3367 2546; x_wconf 81' lang='grc' dir='ltr'><strong>ὧ</strong></span> <span class='ocrx_word' id='word_1_419' title='bbox 3397 2493 3626 2565; x_wconf 82' lang='grc' dir='ltr'><strong>μακάριε</strong></span> 
     </span>
    </p>
   </div>
   <div class='ocr_carea' id='block_1_63' title="bbox 2042 2579 3628 2656">
    <p class='ocr_par' dir='ltr' id='par_1_63' title="bbox 2042 2579 3628 2656">
     <span class='ocr_line' id='line_1_63' title="bbox 2042 2579 3628 2656; baseline 0.003 -23"><span class='ocrx_word' id='word_1_420' title='bbox 2042 2579 2312 2645; x_wconf 81' lang='grc' dir='ltr'><strong>Ματθαῖε,</strong></span> <span class='ocrx_word' id='word_1_421' title='bbox 2339 2581 2424 2645; x_wconf 83' lang='grc' dir='ltr'><strong>τίς</strong></span> <span class='ocrx_word' id='word_1_422' title='bbox 2452 2582 2481 2634; x_wconf 85' lang='grc' dir='ltr'>ὀ</span> <span class='ocrx_word' id='word_1_423' title='bbox 2532 2581 2645 2636; x_wconf 86' lang='grc' dir='ltr'><strong>τῶν</strong></span> <span class='ocrx_word' id='word_1_424' title='bbox 2689 2584 2795 2637; x_wconf 80' lang='grc' dir='ltr'><strong>ὑπὸ</strong></span> <span class='ocrx_word' id='word_1_425' title='bbox 2834 2583 2930 2638; x_wconf 84' lang='grc' dir='ltr'><strong>σοῦ</strong></span> <span class='ocrx_word' id='word_1_426' title='bbox 2966 2584 3484 2656; x_wconf 78' lang='grc' dir='ltr'><strong>γενεαλογουμένων</strong></span> <span class='ocrx_word' id='word_1_427' title='bbox 3502 2583 3628 2655; x_wconf 74' lang='grc' dir='ltr'><strong>πρὸς</strong></span> 
     </span>
    </p>
   </div>
   <div class='ocr_carea' id='block_1_64' title="bbox 2038 2671 3625 2747">
    <p class='ocr_par' dir='ltr' id='par_1_64' title="bbox 2038 2671 3625 2747">
     <span class='ocr_line' id='line_1_64' title="bbox 2038 2671 3625 2747; baseline 0.004 -23"><span class='ocrx_word' id='word_1_428' title='bbox 2038 2671 2131 2725; x_wconf 78' lang='grc' dir='ltr'><strong>τὸν</strong></span> <span class='ocrx_word' id='word_1_429' title='bbox 2184 2672 2511 2745; x_wconf 82' lang='grc' dir='ltr'><strong>ἱεροφάντην</strong></span> <span class='ocrx_word' id='word_1_430' title='bbox 2560 2675 2779 2729; x_wconf 78' lang='grc' dir='ltr'><strong>Δουκᾶν</strong></span> <span class='ocrx_word' id='word_1_431' title='bbox 2819 2675 3263 2747; x_wconf 82' lang='grc' dir='ltr'><strong>διαφωνούμενος</strong></span> <span class='ocrx_word' id='word_1_432' title='bbox 3314 2676 3497 2746; x_wconf 86' lang='grc' dir='ltr'><strong>λόγος.</strong></span> <span class='ocrx_word' id='word_1_433' title='bbox 3533 2676 3625 2741; x_wconf 85' lang='grc' dir='ltr'><strong>Ού,</strong></span> 
     </span>
    </p>
   </div>
   <div class='ocr_carea' id='block_1_65' title="bbox 2042 2764 3629 2841">
    <p class='ocr_par' dir='ltr' id='par_1_65' title="bbox 2042 2764 3629 2841">
     <span class='ocr_line' id='line_1_65' title="bbox 2042 2764 3629 2841; baseline 0.003 -25"><span class='ocrx_word' id='word_1_434' title='bbox 2042 2764 2211 2834; x_wconf 70' lang='grc' dir='ltr'><strong>φησὶν</strong></span> <span class='ocrx_word' id='word_1_435' title='bbox 2265 2765 2294 2818; x_wconf 80' lang='grc' dir='ltr'><strong>ὁ</strong></span> <span class='ocrx_word' id='word_1_436' title='bbox 2344 2764 2860 2837; x_wconf 76' lang='grc' dir='ltr'><strong>θεογραφικώτατος</strong></span> <span class='ocrx_word' id='word_1_437' title='bbox 2907 2766 3034 2832; x_wconf 79' lang='grc' dir='ltr'>νοῦς</span> <span class='ocrx_word' id='word_1_438' title='bbox 3088 2768 3396 2837; x_wconf 84' lang='grc' dir='ltr'><strong>Ματθαῖος,</strong></span> <span class='ocrx_word' id='word_1_439' title='bbox 3447 2771 3476 2823; x_wconf 84' lang='grc' dir='ltr'><strong>ὁ</strong></span> <span class='ocrx_word' id='word_1_440' title='bbox 3508 2768 3629 2841; x_wconf 75' lang='grc' dir='ltr'><strong>πρὶν</strong></span> 
     </span>
    </p>
   </div>
   <div class='ocr_carea' id='block_1_66' title="bbox 2041 2853 3629 2933">
    <p class='ocr_par' dir='ltr' id='par_1_66' title="bbox 2041 2853 3629 2933">
     <span class='ocr_line' id='line_1_66' title="bbox 2041 2853 3629 2933; baseline 0.003 -26"><span class='ocrx_word' id='word_1_441' title='bbox 2041 2853 2302 2927; x_wconf 83' lang='grc' dir='ltr'><strong>τελώνης,</strong></span> <span class='ocrx_word' id='word_1_442' title='bbox 2330 2856 2426 2910; x_wconf 74' lang='grc' dir='ltr'><strong>νῦν</strong></span> <span class='ocrx_word' id='word_1_443' title='bbox 2459 2858 2515 2912; x_wconf 84' lang='grc' dir='ltr'><strong>δὲ</strong></span> <span class='ocrx_word' id='word_1_444' title='bbox 2536 2859 2646 2912; x_wconf 84' lang='grc' dir='ltr'><strong>τῶν</strong></span> <span class='ocrx_word' id='word_1_445' title='bbox 2668 2860 2998 2932; x_wconf 75' lang='grc' dir='ltr'><strong>ἀπορρήτων</strong></span> <span class='ocrx_word' id='word_1_446' title='bbox 3026 2860 3338 2933; x_wconf 81' lang='grc' dir='ltr'><strong>ύφηγητὴς,</strong></span> <span class='ocrx_word' id='word_1_447' title='bbox 3362 2862 3465 2915; x_wconf 82' lang='grc' dir='ltr'><strong>οὐκ</strong></span> <span class='ocrx_word' id='word_1_448' title='bbox 3494 2862 3629 2914; x_wconf 78' lang='grc' dir='ltr'><strong>ἔστιν</strong></span> 
     </span>
    </p>
   </div>
   <div class='ocr_carea' id='block_1_67' title="bbox 2041 2946 3631 3022">
    <p class='ocr_par' dir='ltr' id='par_1_67' title="bbox 2041 2946 3631 3022">
     <span class='ocr_line' id='line_1_67' title="bbox 2041 2946 3631 3022; baseline 0.004 -23"><span class='ocrx_word' id='word_1_449' title='bbox 2041 2946 2101 2999; x_wconf 85' lang='grc' dir='ltr'><strong>ὲν</strong></span> <span class='ocrx_word' id='word_1_450' title='bbox 2132 2947 2289 3018; x_wconf 81' lang='grc' dir='ltr'><strong>ἡμῖν,</strong></span> <span class='ocrx_word' id='word_1_451' title='bbox 2322 2947 2423 3002; x_wconf 82' lang='grc' dir='ltr'>οὐκ</span> <span class='ocrx_word' id='word_1_452' title='bbox 2470 2948 2618 3002; x_wconf 80' lang='grc' dir='ltr'><strong>ἐστιν</strong></span> <span class='ocrx_word' id='word_1_453' title='bbox 2665 2950 2894 3021; x_wconf 74' lang='grc' dir='ltr'><strong>οὐδεμία</strong></span> <span class='ocrx_word' id='word_1_454' title='bbox 2943 2950 3243 3019; x_wconf 84' lang='grc' dir='ltr'><strong>διαφωνίας</strong></span> <span class='ocrx_word' id='word_1_455' title='bbox 3280 2952 3542 3022; x_wconf 78' lang='grc' dir='ltr'><strong>ἔμφασις.</strong></span> <span class='ocrx_word' id='word_1_456' title='bbox 3579 2951 3631 3005; x_wconf 87' lang='lat'><strong>&#39;0</strong></span> 
     </span>
    </p>
   </div>
   <div class='ocr_carea' id='block_1_68' title="bbox 2045 3039 3631 3116">
    <p class='ocr_par' dir='ltr' id='par_1_68' title="bbox 2045 3039 3631 3116">
     <span class='ocr_line' id='line_1_68' title="bbox 2045 3039 3631 3116; baseline 0.003 -24"><span class='ocrx_word' id='word_1_457' title='bbox 2045 3039 2144 3110; x_wconf 84' lang='grc' dir='ltr'><strong>μὲν</strong></span> <span class='ocrx_word' id='word_1_458' title='bbox 2173 3040 2281 3112; x_wconf 82' lang='grc' dir='ltr'><strong>γὰρ</strong></span> <span class='ocrx_word' id='word_1_459' title='bbox 2312 3040 2502 3115; x_wconf 84' lang='grc' dir='ltr'><strong>ὥσπερ</strong></span> <span class='ocrx_word' id='word_1_460' title='bbox 2540 3041 2885 3108; x_wconf 81' lang='grc' dir='ltr'><strong>ἀναποδίζων</strong></span> <span class='ocrx_word' id='word_1_461' title='bbox 2907 3042 2999 3097; x_wconf 78' lang='grc' dir='ltr'><strong>τὸν</strong></span> <span class='ocrx_word' id='word_1_462' title='bbox 3047 3043 3228 3112; x_wconf 83' lang='grc' dir='ltr'><strong>λόγον,</strong></span> <span class='ocrx_word' id='word_1_463' title='bbox 3266 3046 3485 3116; x_wconf 79' lang='grc' dir='ltr'><strong>παρῆκε</strong></span> <span class='ocrx_word' id='word_1_464' title='bbox 3515 3044 3631 3106; x_wconf 75' lang='grc' dir='ltr'><strong>τοὺς</strong></span> 
     </span>
    </p>
   </div>
   <div class='ocr_carea' id='block_1_69' title="bbox 2044 3131 3632 3205">
    <p class='ocr_par' dir='ltr' id='par_1_69' title="bbox 2044 3131 3632 3205">
     <span class='ocr_line' id='line_1_69' title="bbox 2044 3131 3632 3205; baseline 0.001 -22"><span class='ocrx_word' id='word_1_465' title='bbox 2044 3131 2190 3185; x_wconf 86' lang='grc' dir='ltr'><strong>κατὰ</strong></span> <span class='ocrx_word' id='word_1_466' title='bbox 2224 3131 2390 3202; x_wconf 92' lang='grc' dir='ltr'><strong>φύσιν</strong></span> <span class='ocrx_word' id='word_1_467' title='bbox 2421 3133 2686 3205; x_wconf 83' lang='grc' dir='ltr'><strong>πατέρας,</strong></span> <span class='ocrx_word' id='word_1_468' title='bbox 2714 3132 2982 3188; x_wconf 82' lang='grc' dir='ltr'><strong>τῶνκατά</strong></span> <span class='ocrx_word' id='word_1_469' title='bbox 3004 3133 3169 3202; x_wconf 71' lang='grc' dir='ltr'><strong>νόμον</strong></span> <span class='ocrx_word' id='word_1_470' title='bbox 3208 3133 3320 3187; x_wconf 70' lang='grc' dir='ltr'><strong>ἔσθ’</strong></span> <span class='ocrx_word' id='word_1_471' title='bbox 3349 3135 3441 3188; x_wconf 82' lang='grc' dir='ltr'><strong>ὅτε</strong></span> <span class='ocrx_word' id='word_1_472' title='bbox 3466 3133 3632 3203; x_wconf 86' lang='grc' dir='ltr'><strong>μόνων</strong></span> 
     </span>
    </p>
   </div>
   <div class='ocr_carea' id='block_1_70' title="bbox 2040 3224 3632 3299">
    <p class='ocr_par' dir='ltr' id='par_1_70' title="bbox 2040 3224 3632 3299">
     <span class='ocr_line' id='line_1_70' title="bbox 2040 3224 3632 3299; baseline 0.001 -23"><span class='ocrx_word' id='word_1_473' title='bbox 2040 3224 2398 3294; x_wconf 74' lang='grc' dir='ltr'><strong>ἐπιμνησθείς</strong></span> <span class='ocrx_word' id='word_1_474' title='bbox 2422 3241 2437 3258; x_wconf 88' lang='grc'><strong>·</strong></span> <span class='ocrx_word' id='word_1_475' title='bbox 2476 3224 2588 3294; x_wconf 82' lang='grc' dir='ltr'><strong>ἐγὼ</strong></span> <span class='ocrx_word' id='word_1_476' title='bbox 2641 3226 2697 3280; x_wconf 80' lang='grc' dir='ltr'><strong>δὲ</strong></span> <span class='ocrx_word' id='word_1_477' title='bbox 2727 3226 2840 3280; x_wconf 86' lang='grc' dir='ltr'><strong>τῶν</strong></span> <span class='ocrx_word' id='word_1_478' title='bbox 2874 3227 3019 3281; x_wconf 84' lang='grc' dir='ltr'><strong>κατὰ</strong></span> <span class='ocrx_word' id='word_1_479' title='bbox 3059 3225 3224 3294; x_wconf 89' lang='grc' dir='ltr'><strong>φύσιν</strong></span> <span class='ocrx_word' id='word_1_480' title='bbox 3259 3227 3517 3299; x_wconf 83' lang='grc' dir='ltr'><strong>πατέρων</strong></span> <span class='ocrx_word' id='word_1_481' title='bbox 3547 3242 3632 3278; x_wconf 87' lang='grc' dir='ltr'><strong>σα-</strong></span> 
     </span>
    </p>
   </div>
   <div class='ocr_carea' id='block_1_71' title="bbox 2040 3313 3633 3388">
    <p class='ocr_par' dir='ltr' id='par_1_71' title="bbox 2040 3313 3633 3388">
     <span class='ocr_line' id='line_1_71' title="bbox 2040 3313 3633 3388; baseline 0.003 -22"><span class='ocrx_word' id='word_1_482' title='bbox 2040 3315 2155 3382; x_wconf 84' lang='grc' dir='ltr'><strong>φῶς</strong></span> <span class='ocrx_word' id='word_1_483' title='bbox 2179 3313 2277 3385; x_wconf 79' lang='grc' dir='ltr'><strong>τὴν</strong></span> <span class='ocrx_word' id='word_1_484' title='bbox 2302 3316 2526 3387; x_wconf 84' lang='grc' dir='ltr'><strong>μνήμην</strong></span> <span class='ocrx_word' id='word_1_485' title='bbox 2558 3316 2892 3388; x_wconf 85' lang='grc' dir='ltr'><strong>πεποίημαι.</strong></span> <span class='ocrx_word' id='word_1_486' title='bbox 2934 3316 3037 3383; x_wconf 73' lang='grc' dir='ltr'><strong>οὐκ</strong></span> <span class='ocrx_word' id='word_1_487' title='bbox 3080 3317 3316 3385; x_wconf 82' lang='grc' dir='ltr'><strong>ἀλόγως,</strong></span> <span class='ocrx_word' id='word_1_488' title='bbox 3355 3317 3478 3371; x_wconf 83' lang='grc' dir='ltr'><strong>οὐδὲ</strong></span> <span class='ocrx_word' id='word_1_489' title='bbox 3508 3319 3633 3371; x_wconf 86' lang='grc' dir='ltr'><strong>ἀνα-</strong></span> 
     </span>
    </p>
   </div>
   <div class='ocr_carea' id='block_1_72' title="bbox 2040 3403 3633 3480">
    <p class='ocr_par' dir='ltr' id='par_1_72' title="bbox 2040 3403 3633 3480">
     <span class='ocr_line' id='line_1_72' title="bbox 2040 3403 3633 3480; baseline 0.002 -24"><span class='ocrx_word' id='word_1_490' title='bbox 2040 3403 2169 3470; x_wconf 82' lang='grc' dir='ltr'><strong>ξίως</strong></span> <span class='ocrx_word' id='word_1_491' title='bbox 2192 3404 2286 3459; x_wconf 78' lang='grc' dir='ltr'><strong>τοῦ</strong></span> <span class='ocrx_word' id='word_1_492' title='bbox 2320 3404 2662 3476; x_wconf 87' lang='grc' dir='ltr'><strong>Πνεύματος.</strong></span> <span class='ocrx_word' id='word_1_493' title='bbox 2701 3406 2998 3479; x_wconf 82' lang='grc' dir='ltr'><strong>Ἐκὰτερος</strong></span> <span class='ocrx_word' id='word_1_494' title='bbox 3024 3408 3136 3480; x_wconf 82' lang='grc' dir='ltr'><strong>γὰρ</strong></span> <span class='ocrx_word' id='word_1_495' title='bbox 3166 3409 3257 3479; x_wconf 80' lang='grc' dir='ltr'><strong>ὑφ’</strong></span> <span class='ocrx_word' id='word_1_496' title='bbox 3276 3410 3400 3473; x_wconf 73' lang='grc' dir='ltr'><strong>ἑνὸς</strong></span> <span class='ocrx_word' id='word_1_497' title='bbox 3425 3408 3518 3462; x_wconf 78' lang='grc' dir='ltr'><strong>καὶ</strong></span> <span class='ocrx_word' id='word_1_498' title='bbox 3546 3406 3633 3460; x_wconf 83' lang='grc' dir='ltr'><strong>τοῦ</strong></span> 
     </span>
    </p>
   </div>
   <div class='ocr_carea' id='block_1_73' title="bbox 2040 3492 3636 3566">
    <p class='ocr_par' dir='ltr' id='par_1_73' title="bbox 2040 3492 3636 3566">
     <span class='ocr_line' id='line_1_73' title="bbox 2040 3492 3636 3566; baseline 0 -20"><span class='ocrx_word' id='word_1_499' title='bbox 2040 3493 2206 3547; x_wconf 80' lang='grc' dir='ltr'><strong>αὐτοῦ</strong></span> <span class='ocrx_word' id='word_1_500' title='bbox 2244 3492 2564 3564; x_wconf 85' lang='grc' dir='ltr'><strong>Πνεύματος</strong></span> <span class='ocrx_word' id='word_1_501' title='bbox 2591 3495 2986 3565; x_wconf 82' lang='grc' dir='ltr'><strong>ὲμπνεὸμενος,</strong></span> <span class='ocrx_word' id='word_1_502' title='bbox 3026 3494 3096 3548; x_wconf 83' lang='grc' dir='ltr'><strong>τὰ</strong></span> <span class='ocrx_word' id='word_1_503' title='bbox 3145 3494 3381 3566; x_wconf 81' lang='grc' dir='ltr'><strong>Θατέρου</strong></span> <span class='ocrx_word' id='word_1_504' title='bbox 3417 3494 3636 3564; x_wconf 81' lang='grc' dir='ltr'><strong>Οὰτερος</strong></span> 
     </span>
    </p>
   </div>
   <div class='ocr_carea' id='block_1_74' title="bbox 2041 3583 3636 3658">
    <p class='ocr_par' dir='ltr' id='par_1_74' title="bbox 2041 3583 3636 3658">
     <span class='ocr_line' id='line_1_74' title="bbox 2041 3583 3636 3658; baseline -0.001 -20"><span class='ocrx_word' id='word_1_505' title='bbox 2041 3590 2123 3650; x_wconf 87' lang='grc' dir='ltr'><strong>είς</strong></span> <span class='ocrx_word' id='word_1_506' title='bbox 2157 3586 2323 3658; x_wconf 79' lang='grc' dir='ltr'><strong>μηδὲν</strong></span> <span class='ocrx_word' id='word_1_507' title='bbox 2345 3585 2647 3640; x_wconf 85' lang='grc' dir='ltr'><strong>διαλάττων</strong></span> <span class='ocrx_word' id='word_1_508' title='bbox 2673 3586 3071 3656; x_wconf 82' lang='grc' dir='ltr'><strong>ἀποσεμνύνει.</strong></span> <span class='ocrx_word' id='word_1_509' title='bbox 3121 3588 3359 3641; x_wconf 86' lang='grc' dir='ltr'><strong>Σκοπείν</strong></span> <span class='ocrx_word' id='word_1_510' title='bbox 3388 3587 3445 3641; x_wconf 82' lang='grc' dir='ltr'><strong>δὲ</strong></span> <span class='ocrx_word' id='word_1_511' title='bbox 3471 3587 3551 3640; x_wconf 85' lang='grc' dir='ltr'><strong>δεῖ</strong></span> <span class='ocrx_word' id='word_1_512' title='bbox 3574 3583 3636 3639; x_wconf 79' lang='grc' dir='ltr'><strong>δι’</strong></span> 
     </span>
    </p>
   </div>
   <div class='ocr_carea' id='block_1_75' title="bbox 2045 3677 3636 3749">
    <p class='ocr_par' dir='ltr' id='par_1_75' title="bbox 2045 3677 3636 3749">
     <span class='ocr_line' id='line_1_75' title="bbox 2045 3677 3636 3749; baseline -0.001 -18"><span class='ocrx_word' id='word_1_513' title='bbox 2045 3677 2364 3749; x_wconf 81' lang='grc' dir='ltr'><strong>ἀκριϐείας,</strong></span> <span class='ocrx_word' id='word_1_514' title='bbox 2416 3679 2734 3748; x_wconf 75' lang='grc' dir='ltr'><strong>ἀγαπητοὶ,</strong></span> <span class='ocrx_word' id='word_1_515' title='bbox 2793 3677 2892 3743; x_wconf 85' lang='grc' dir='ltr'><strong>τάς</strong></span> <span class='ocrx_word' id='word_1_516' title='bbox 2944 3680 3038 3734; x_wconf 84' lang='grc' dir='ltr'><strong>ὑπ’</strong></span> <span class='ocrx_word' id='word_1_517' title='bbox 3074 3681 3279 3749; x_wconf 85' lang='grc' dir='ltr'><strong>ἀμφοῖν</strong></span> <span class='ocrx_word' id='word_1_518' title='bbox 3324 3679 3636 3741; x_wconf 82' lang='grc' dir='ltr'><strong>ὲκτεϐείσας</strong></span> 
     </span>
    </p>
   </div>
   <div class='ocr_carea' id='block_1_76' title="bbox 345 3769 1939 3844">
    <p class='ocr_par' dir='ltr' id='par_1_76' title="bbox 345 3769 1937 3843">
     <span class='ocr_line' id='line_1_76' title="bbox 345 3769 1937 3843; baseline 0.001 -18"><span class='ocrx_word' id='word_1_519' title='bbox 345 3785 454 3825; x_wconf 91' lang='lat' dir='ltr'><strong>non</strong></span> <span class='ocrx_word' id='word_1_520' title='bbox 489 3778 696 3826; x_wconf 88' lang='lat' dir='ltr'><strong>temere</strong></span> <span class='ocrx_word' id='word_1_521' title='bbox 732 3771 783 3826; x_wconf 92' lang='lat' dir='ltr'><strong>id</strong></span> <span class='ocrx_word' id='word_1_522' title='bbox 838 3772 1086 3841; x_wconf 88' lang='lat' dir='ltr'><strong>quidem,</strong></span> <span class='ocrx_word' id='word_1_523' title='bbox 1129 3786 1309 3843; x_wconf 92' lang='lat' dir='ltr'><strong>neque</strong></span> <span class='ocrx_word' id='word_1_524' title='bbox 1332 3771 1496 3826; x_wconf 86' lang='lat' dir='ltr'><strong>aliter</strong></span> <span class='ocrx_word' id='word_1_525' title='bbox 1524 3786 1690 3841; x_wconf 86' lang='lat' dir='ltr'><strong>quam</strong></span> <span class='ocrx_word' id='word_1_526' title='bbox 1724 3769 1937 3841; x_wconf 87' lang='lat' dir='ltr'><strong>Spiritu</strong></span> 
     </span>
    </p>
   </div>
   <div class='ocr_carea' id='block_1_77' title="bbox 2042 3769 3638 3844">
    <p class='ocr_par' dir='ltr' id='par_1_77' title="bbox 2047 3769 3638 3844">
     <span class='ocr_line' id='line_1_77' title="bbox 2047 3769 3638 3844; baseline -0.004 -18"><span class='ocrx_word' id='word_1_527' title='bbox 2047 3773 2426 3841; x_wconf 84' lang='grc' dir='ltr'><strong>γενεαλογίας.</strong></span> <span class='ocrx_word' id='word_1_528' title='bbox 2461 3773 2719 3827; x_wconf 83' lang='grc' dir='ltr'><strong>κάκεῖθεν</strong></span> <span class='ocrx_word' id='word_1_529' title='bbox 2751 3772 2991 3844; x_wconf 78' lang='grc' dir='ltr'><strong>θηρᾶσαι</strong></span> <span class='ocrx_word' id='word_1_530' title='bbox 3030 3770 3126 3825; x_wconf 78' lang='grc' dir='ltr'><strong>τοῦ</strong></span> <span class='ocrx_word' id='word_1_531' title='bbox 3175 3771 3516 3842; x_wconf 78' lang='grc' dir='ltr'><strong>ζητουμένου</strong></span> <span class='ocrx_word' id='word_1_532' title='bbox 3546 3769 3638 3839; x_wconf 80' lang='grc' dir='ltr'><strong>τὴν</strong></span> 
     </span>
    </p>
   </div>
   <div class='ocr_carea' id='block_1_78' title="bbox 343 3861 2458 3943">
    <p class='ocr_par' dir='ltr' id='par_1_78' title="bbox 343 3861 2458 3943">
     <span class='ocr_line' id='line_1_78' title="bbox 343 3861 2458 3943; baseline 0 -26"><span class='ocrx_word' id='word_1_533' title='bbox 343 3862 570 3934; x_wconf 90' lang='lat' dir='ltr'><strong>dignum</strong></span> <span class='ocrx_word' id='word_1_534' title='bbox 628 3871 798 3919; x_wconf 87' lang='lat' dir='ltr'><strong>esset.</strong></span> <span class='ocrx_word' id='word_1_535' title='bbox 856 3861 1291 3933; x_wconf 22' lang='lat' dir='ltr'><strong>Uterqueienim</strong></span> <span class='ocrx_word' id='word_1_536' title='bbox 1351 3868 1637 3925; x_wconf 89' lang='lat' dir='ltr'><strong>nostrum,</strong></span> <span class='ocrx_word' id='word_1_537' title='bbox 1673 3868 1937 3933; x_wconf 89' lang='lat' dir='ltr'><strong>tanquam</strong></span> <span class='ocrx_word' id='word_1_538' title='bbox 2047 3864 2289 3935; x_wconf 77' lang='grc' dir='ltr'><strong>εὕρεσιν.</strong></span> <span class='ocrx_word' id='word_1_539' title='bbox 2428 3915 2458 3943; x_wconf 52' lang='grc'>,</span> 
     </span>
    </p>
   </div>
   <div class='ocr_carea' id='block_1_79' title="bbox 344 3956 3639 4041">
    <p class='ocr_par' dir='ltr' id='par_1_79' title="bbox 344 3956 3639 4041">
     <span class='ocr_line' id='line_1_79' title="bbox 344 3956 3639 4041; baseline -0 -32"><span class='ocrx_word' id='word_1_540' title='bbox 344 3974 455 4015; x_wconf 87' lang='lat' dir='ltr'><strong>uno</strong></span> <span class='ocrx_word' id='word_1_541' title='bbox 476 3958 784 4030; x_wconf 85' lang='lat' dir='ltr'><strong>eodemque</strong></span> <span class='ocrx_word' id='word_1_542' title='bbox 806 3959 1017 4029; x_wconf 88' lang='lat' dir='ltr'><strong>Spiritu</strong></span> <span class='ocrx_word' id='word_1_543' title='bbox 1044 3958 1285 4024; x_wconf 82' lang='lat' dir='ltr'><strong>aﬂlatus,</strong></span> <span class='ocrx_word' id='word_1_544' title='bbox 1305 3957 1705 4041; x_wconf 75' lang='lat' dir='ltr'><strong>alteralterius</strong></span> <span class='ocrx_word' id='word_1_545' title='bbox 1731 3958 1943 4029; x_wconf 89' lang='lat' dir='ltr'><strong>scripta</strong></span> <span class='ocrx_word' id='word_1_546' title='bbox 1975 3959 2090 4017; x_wconf 82' lang='lat' dir='ltr'><strong>sive</strong></span> <span class='ocrx_word' id='word_1_547' title='bbox 2116 3961 2227 4014; x_wconf 89' lang='lat' dir='ltr'><strong>ulla</strong></span> <span class='ocrx_word' id='word_1_548' title='bbox 2257 3959 2647 4015; x_wconf 89' lang='lat' dir='ltr'><strong>immutatione</strong></span> <span class='ocrx_word' id='word_1_549' title='bbox 2677 3957 3037 4015; x_wconf 88' lang='lat' dir='ltr'><strong>commendat</strong></span> <span class='ocrx_word' id='word_1_550' title='bbox 3070 3964 3127 4013; x_wconf 88' lang='lat' dir='ltr'><strong>et</strong></span> <span class='ocrx_word' id='word_1_551' title='bbox 3166 3956 3397 4011; x_wconf 89' lang='lat' dir='ltr'><strong>attollit.</strong></span> <span class='ocrx_word' id='word_1_552' title='bbox 3470 3957 3639 4009; x_wconf 66' lang='lat' dir='ltr'><strong>Accuo</strong></span> 
     </span>
    </p>
   </div>
   <div class='ocr_carea' id='block_1_80' title="bbox 345 4052 3640 4130">
    <p class='ocr_par' dir='ltr' id='par_1_80' title="bbox 345 4052 3640 4130">
     <span class='ocr_line' id='line_1_80' title="bbox 345 4052 3640 4130; baseline -0.001 -20"><span class='ocrx_word' id='word_1_553' title='bbox 345 4065 463 4111; x_wconf 88' lang='lat' dir='ltr'><strong>rate</strong></span> <span class='ocrx_word' id='word_1_554' title='bbox 492 4062 702 4119; x_wconf 89' lang='lat' dir='ltr'><strong>autem,</strong></span> <span class='ocrx_word' id='word_1_555' title='bbox 746 4071 779 4111; x_wconf 96' lang='lat' dir='ltr'><strong>o</strong></span> <span class='ocrx_word' id='word_1_556' title='bbox 804 4057 1157 4121; x_wconf 85' lang='lat' dir='ltr'><strong>eharissimi,</strong></span> <span class='ocrx_word' id='word_1_557' title='bbox 1195 4057 1417 4129; x_wconf 86' lang='lat' dir='ltr'><strong>generis</strong></span> <span class='ocrx_word' id='word_1_558' title='bbox 1458 4058 1658 4112; x_wconf 88' lang='lat' dir='ltr'><strong>seriem</strong></span> <span class='ocrx_word' id='word_1_559' title='bbox 1688 4057 1756 4112; x_wconf 89' lang='lat' dir='ltr'><strong>ab</strong></span> <span class='ocrx_word' id='word_1_560' title='bbox 1789 4065 2027 4129; x_wconf 88' lang='lat' dir='ltr'><strong>utroque</strong></span> <span class='ocrx_word' id='word_1_561' title='bbox 2064 4061 2376 4130; x_wconf 84' lang='lat' dir='ltr'><strong>expositam</strong></span> <span class='ocrx_word' id='word_1_562' title='bbox 2449 4058 2830 4122; x_wconf 87' lang='lat' dir='ltr'><strong>considerare,</strong></span> <span class='ocrx_word' id='word_1_563' title='bbox 2902 4065 3069 4128; x_wconf 90' lang='lat' dir='ltr'><strong>atque</strong></span> <span class='ocrx_word' id='word_1_564' title='bbox 3134 4055 3268 4111; x_wconf 91' lang='lat' dir='ltr'><strong>hinc</strong></span> <span class='ocrx_word' id='word_1_565' title='bbox 3310 4052 3640 4125; x_wconf 77' lang='lat' dir='ltr'><strong>quaestionis</strong></span> 
     </span>
    </p>
   </div>
   <div class='ocr_carea' id='block_1_81' title="bbox 230 4150 1295 4241">
    <p class='ocr_par' dir='ltr' id='par_1_81' title="bbox 230 4150 1295 4241">
     <span class='ocr_line' id='line_1_81' title="bbox 230 4150 1295 4241; baseline 0 -34"><span class='ocrx_word' id='word_1_566' title='bbox 230 4150 239 4157; x_wconf 55' lang='lat'><em>&#39;</em></span> <span class='ocrx_word' id='word_1_567' title='bbox 344 4151 679 4207; x_wconf 87' lang='lat' dir='ltr'><strong>solutionem</strong></span> <span class='ocrx_word' id='word_1_568' title='bbox 710 4152 979 4241; x_wconf 69' lang='lat' dir='ltr'><strong>aut-upari</strong></span> <span class='ocrx_word' id='word_1_569' title='bbox 1013 4153 1295 4207; x_wconf 88' lang='lat' dir='ltr'><strong>convenit.</strong></span> 
     </span>
    </p>
   </div>
   <div class='ocr_carea' id='block_1_82' title="bbox 414 4236 1939 4319">
    <p class='ocr_par' dir='ltr' id='par_1_82' title="bbox 414 4236 1939 4319">
     <span class='ocr_line' id='line_1_82' title="bbox 414 4236 1939 4319; baseline 0.002 -19"><span class='ocrx_word' id='word_1_570' title='bbox 414 4245 876 4317; x_wconf 81' lang='lat' dir='ltr'><strong>Quandoquidem</strong></span> <span class='ocrx_word' id='word_1_571' title='bbox 904 4236 1121 4319; x_wconf 45' lang='lat' dir='ltr'><strong>&#39;igitur,</strong></span> <span class='ocrx_word' id='word_1_572' title='bbox 1152 4248 1308 4317; x_wconf 80' lang='lat' dir='ltr'><strong>juxta</strong></span> <span class='ocrx_word' id='word_1_573' title='bbox 1337 4249 1695 4318; x_wconf 68' lang='lat' dir='ltr'><strong>evangelista:</strong></span> <span class='ocrx_word' id='word_1_574' title='bbox 1722 4263 1939 4314; x_wconf 84' lang='lat' dir='ltr'><strong>vocem,</strong></span> 
     </span>
    </p>
   </div>
   <div class='ocr_carea' id='block_1_83' title="bbox 2042 4236 3638 4319">
    <p class='ocr_par' dir='ltr' id='par_1_83' title="bbox 2113 4236 3638 4319">
     <span class='ocr_line' id='line_1_83' title="bbox 2113 4236 3638 4319; baseline -0.008 -17"><span class='ocrx_word' id='word_1_575' title='bbox 2113 4246 2337 4319; x_wconf 83' lang='grc' dir='ltr'><strong>Ἀμέλει</strong></span> <span class='ocrx_word' id='word_1_576' title='bbox 2367 4247 2550 4300; x_wconf 88' lang='grc' dir='ltr'><strong>τοίνυν</strong></span> <span class='ocrx_word' id='word_1_577' title='bbox 2572 4243 2715 4299; x_wconf 79' lang='grc' dir='ltr'><strong>κατὰ</strong></span> <span class='ocrx_word' id='word_1_578' title='bbox 2744 4242 2843 4313; x_wconf 82' lang='grc' dir='ltr'><strong>τὴν</strong></span> <span class='ocrx_word' id='word_1_579' title='bbox 2875 4241 2970 4297; x_wconf 74' lang='grc' dir='ltr'><strong>τοῦ</strong></span> <span class='ocrx_word' id='word_1_580' title='bbox 3000 4241 3325 4313; x_wconf 84' lang='grc' dir='ltr'><strong>ἱεροφάντου</strong></span> <span class='ocrx_word' id='word_1_581' title='bbox 3350 4238 3558 4310; x_wconf 79' lang='grc' dir='ltr'><strong>φωνὴν,</strong></span> <span class='ocrx_word' id='word_1_582' title='bbox 3582 4236 3638 4303; x_wconf 76' lang='grc' dir='ltr'>ἐξ</span> 
     </span>
    </p>
   </div>
   <div class='ocr_carea' id='block_1_84' title="bbox 342 4326 1939 4411">
    <p class='ocr_par' dir='ltr' id='par_1_84' title="bbox 342 4340 1938 4411">
     <span class='ocr_line' id='line_1_84' title="bbox 342 4340 1938 4411; baseline 0.002 -19"><span class='ocrx_word' id='word_1_583' title='bbox 342 4352 408 4392; x_wconf 83' lang='lat' dir='ltr'><strong>ex</strong></span> <span class='ocrx_word' id='word_1_584' title='bbox 447 4348 681 4408; x_wconf 83' lang='lat' dir='ltr'><strong>utroque</strong></span> <span class='ocrx_word' id='word_1_585' title='bbox 719 4355 942 4410; x_wconf 88' lang='lat' dir='ltr'><strong>genere,</strong></span> <span class='ocrx_word' id='word_1_586' title='bbox 983 4340 1088 4395; x_wconf 93' lang='lat' dir='ltr'><strong>hoc</strong></span> <span class='ocrx_word' id='word_1_587' title='bbox 1127 4349 1215 4397; x_wconf 90' lang='lat' dir='ltr'><strong>est</strong></span> <span class='ocrx_word' id='word_1_588' title='bbox 1260 4356 1329 4396; x_wconf 85' lang='lat' dir='ltr'><strong>ex</strong></span> <span class='ocrx_word' id='word_1_589' title='bbox 1371 4341 1609 4395; x_wconf 88' lang='lat' dir='ltr'><strong>naturali</strong></span> <span class='ocrx_word' id='word_1_590' title='bbox 1661 4356 1726 4395; x_wconf 88' lang='lat' dir='ltr'><strong>ac</strong></span> <span class='ocrx_word' id='word_1_591' title='bbox 1752 4342 1938 4411; x_wconf 87' lang='lat' dir='ltr'><strong>legali,</strong></span> 
     </span>
    </p>
   </div>
   <div class='ocr_carea' id='block_1_85' title="bbox 2042 4326 3637 4411">
    <p class='ocr_par' dir='ltr' id='par_1_85' title="bbox 2042 4326 3637 4409">
     <span class='ocr_line' id='line_1_85' title="bbox 2042 4326 3637 4409; baseline -0.011 -15"><span class='ocrx_word' id='word_1_592' title='bbox 2042 4338 2323 4409; x_wconf 75' lang='grc' dir='ltr'><strong>ἑκατέρων</strong></span> <span class='ocrx_word' id='word_1_593' title='bbox 2351 4335 2459 4390; x_wconf 85' lang='grc' dir='ltr'><strong>τῶν</strong></span> <span class='ocrx_word' id='word_1_594' title='bbox 2481 4334 2677 4405; x_wconf 86' lang='grc' dir='ltr'><strong>γενῶν,</strong></span> <span class='ocrx_word' id='word_1_595' title='bbox 2723 4334 2869 4402; x_wconf 83' lang='grc' dir='ltr'><strong>λέγω</strong></span> <span class='ocrx_word' id='word_1_596' title='bbox 2921 4332 2980 4385; x_wconf 72' lang='grc' dir='ltr'><strong>δὲ</strong></span> <span class='ocrx_word' id='word_1_597' title='bbox 3023 4330 3135 4386; x_wconf 84' lang='grc' dir='ltr'><strong>τῶν</strong></span> <span class='ocrx_word' id='word_1_598' title='bbox 3180 4329 3321 4384; x_wconf 83' lang='grc' dir='ltr'><strong>κατὰ</strong></span> <span class='ocrx_word' id='word_1_599' title='bbox 3357 4328 3522 4398; x_wconf 89' lang='grc' dir='ltr'><strong>φύσιν</strong></span> <span class='ocrx_word' id='word_1_600' title='bbox 3547 4326 3637 4382; x_wconf 80' lang='grc' dir='ltr'><strong>καὶ</strong></span> 
     </span>
    </p>
   </div>
   <div class='ocr_carea' id='block_1_86' title="bbox 343 4421 1939 4500">
    <p class='ocr_par' dir='ltr' id='par_1_86' title="bbox 343 4430 1939 4499">
     <span class='ocr_line' id='line_1_86' title="bbox 343 4430 1939 4499; baseline 0 -14"><span class='ocrx_word' id='word_1_601' title='bbox 343 4430 721 4499; x_wconf 79' lang='lat' dir='ltr'><strong>generationis</strong></span> <span class='ocrx_word' id='word_1_602' title='bbox 787 4431 1067 4487; x_wconf 87' lang='lat' dir='ltr'><strong>certitudo</strong></span> <span class='ocrx_word' id='word_1_603' title='bbox 1122 4431 1582 4494; x_wconf 84' lang='lat' dir='ltr'><strong>demonstratur,</strong></span> <span class='ocrx_word' id='word_1_604' title='bbox 1642 4431 1939 4486; x_wconf 62' lang='lat' dir='ltr'><strong>Mattheus</strong></span> 
     </span>
    </p>
   </div>
   <div class='ocr_carea' id='block_1_87' title="bbox 2042 4421 3633 4500">
    <p class='ocr_par' dir='ltr' id='par_1_87' title="bbox 2042 4421 3633 4500">
     <span class='ocr_line' id='line_1_87' title="bbox 2042 4421 3633 4500; baseline -0.006 -18"><span class='ocrx_word' id='word_1_605' title='bbox 2042 4431 2230 4500; x_wconf 83' lang='grc' dir='ltr'><strong>νόμον,</strong></span> <span class='ocrx_word' id='word_1_606' title='bbox 2257 4428 2319 4483; x_wconf 80' lang='grc' dir='ltr'><strong>τὺ</strong></span> <span class='ocrx_word' id='word_1_607' title='bbox 2371 4427 2601 4498; x_wconf 77' lang='grc' dir='ltr'><strong>ἀκριϐὲς</strong></span> <span class='ocrx_word' id='word_1_608' title='bbox 2625 4426 2727 4497; x_wconf 84' lang='grc' dir='ltr'><strong>τῆς</strong></span> <span class='ocrx_word' id='word_1_609' title='bbox 2758 4422 3115 4494; x_wconf 87' lang='grc' dir='ltr'><strong>γενεαλογίας</strong></span> <span class='ocrx_word' id='word_1_610' title='bbox 3160 4423 3294 4492; x_wconf 76' lang='grc' dir='ltr'><strong>ἡμῖν</strong></span> <span class='ocrx_word' id='word_1_611' title='bbox 3336 4421 3633 4476; x_wconf 84' lang='grc' dir='ltr'><strong>δείκνυται.</strong></span> 
     </span>
    </p>
   </div>
   <div class='ocr_carea' id='block_1_88' title="bbox 346 4511 1939 4595">
    <p class='ocr_par' dir='ltr' id='par_1_88' title="bbox 346 4523 1933 4595">
     <span class='ocr_line' id='line_1_88' title="bbox 346 4523 1933 4595; baseline -0.001 -18"><span class='ocrx_word' id='word_1_612' title='bbox 346 4523 575 4592; x_wconf 86' lang='lat' dir='ltr'><strong>proinde</strong></span> <span class='ocrx_word' id='word_1_613' title='bbox 619 4537 759 4591; x_wconf 82' lang='lat' dir='ltr'><strong>opus</strong></span> <span class='ocrx_word' id='word_1_614' title='bbox 794 4538 957 4579; x_wconf 90' lang='lat' dir='ltr'><strong>suum</strong></span> <span class='ocrx_word' id='word_1_615' title='bbox 993 4524 1291 4588; x_wconf 87' lang='lat' dir='ltr'><strong>inchoans,</strong></span> <span class='ocrx_word' id='word_1_616' title='bbox 1340 4524 1502 4578; x_wconf 77' lang='lat' dir='ltr'><strong>Liber</strong></span> <span class='ocrx_word' id='word_1_617' title='bbox 1554 4524 1933 4595; x_wconf 76' lang='lat' dir='ltr'><strong>generationis,</strong></span> 
     </span>
    </p>
   </div>
   <div class='ocr_carea' id='block_1_89' title="bbox 2042 4511 3638 4595">
    <p class='ocr_par' dir='ltr' id='par_1_89' title="bbox 2043 4511 3638 4589">
     <span class='ocr_line' id='line_1_89' title="bbox 2043 4511 3638 4589; baseline -0.011 -10"><span class='ocrx_word' id='word_1_618' title='bbox 2043 4522 2325 4585; x_wconf 80' lang='grc' dir='ltr'><strong>Ματθαῖος</strong></span> <span class='ocrx_word' id='word_1_619' title='bbox 2343 4520 2491 4589; x_wconf 82' lang='grc' dir='ltr'><strong>γοῦν</strong></span> <span class='ocrx_word' id='word_1_620' title='bbox 2531 4521 2629 4586; x_wconf 78' lang='grc' dir='ltr'><strong>τῆς</strong></span> <span class='ocrx_word' id='word_1_621' title='bbox 2659 4520 2782 4572; x_wconf 87' lang='grc' dir='ltr'><strong>κατ’</strong></span> <span class='ocrx_word' id='word_1_622' title='bbox 2830 4520 2994 4572; x_wconf 69' lang='grc' dir='ltr'><strong>αὐτὸν</strong></span> <span class='ocrx_word' id='word_1_623' title='bbox 3035 4514 3366 4587; x_wconf 81' lang='grc' dir='ltr'><strong>συγγραφῆς</strong></span> <span class='ocrx_word' id='word_1_624' title='bbox 3395 4511 3638 4583; x_wconf 83' lang='grc' dir='ltr'><strong>ἀπαρχό-</strong></span> 
     </span>
    </p>
   </div>
   <div class='ocr_carea' id='block_1_90' title="bbox 347 4598 1939 4716">
    <p class='ocr_par' dir='ltr' id='par_1_90' title="bbox 347 4611 1936 4685">
     <span class='ocr_line' id='line_1_90' title="bbox 347 4611 1936 4685; baseline 0.001 -19"><span class='ocrx_word' id='word_1_625' title='bbox 347 4614 547 4682; x_wconf 81' lang='lat' dir='ltr'><strong>inquit,</strong></span> <span class='ocrx_word' id='word_1_626' title='bbox 596 4611 727 4667; x_wconf 79' lang='lat' dir='ltr'><strong>Jesu</strong></span> <span class='ocrx_word' id='word_1_627' title='bbox 762 4613 967 4670; x_wconf 78' lang='lat' dir='ltr'><strong>Christi</strong></span> <span class='ocrx_word' id='word_1_628' title='bbox 1013 4615 1119 4685; x_wconf 80' lang='lat' dir='ltr'><strong>ﬁlii</strong></span> <span class='ocrx_word' id='word_1_629' title='bbox 1169 4614 1366 4681; x_wconf 82' lang='lat' dir='ltr'><strong>David,</strong></span> <span class='ocrx_word' id='word_1_630' title='bbox 1405 4616 1511 4685; x_wconf 75' lang='lat' dir='ltr'><strong>ﬁlii</strong></span> <span class='ocrx_word' id='word_1_631' title='bbox 1568 4615 1847 4669; x_wconf 80' lang='lat' dir='ltr'><strong>Abraham</strong></span> <span class='ocrx_word' id='word_1_632' title='bbox 1888 4625 1936 4668; x_wconf 74' lang='grc' dir='ltr'><strong>θ.</strong></span> 
     </span>
    </p>
   </div>
   <div class='ocr_carea' id='block_1_91' title="bbox 2042 4598 3638 4716">
    <p class='ocr_par' dir='ltr' id='par_1_91' title="bbox 2048 4598 3638 4685">
     <span class='ocr_line' id='line_1_91' title="bbox 2048 4598 3638 4685; baseline -0.009 -18"><span class='ocrx_word' id='word_1_633' title='bbox 2048 4630 2228 4685; x_wconf 81' lang='grc' dir='ltr'><strong>μενος,</strong></span> <span class='ocrx_word' id='word_1_634' title='bbox 2254 4612 2476 4675; x_wconf 75' lang='grc' dir='ltr'><strong>Βίϐλος</strong></span> <span class='ocrx_word' id='word_1_635' title='bbox 2507 4609 2822 4680; x_wconf 69' lang='grc' dir='ltr'><strong>γενέσεως,</strong></span> <span class='ocrx_word' id='word_1_636' title='bbox 2876 4606 3076 4677; x_wconf 76' lang='grc' dir='ltr'><strong>φησὶν,</strong></span> <span class='ocrx_word' id='word_1_637' title='bbox 3133 4603 3330 4673; x_wconf 84' lang='grc' dir='ltr'><strong>Ἰησοῦ</strong></span> <span class='ocrx_word' id='word_1_638' title='bbox 3379 4598 3638 4674; x_wconf 80' lang='grc' dir='ltr'><strong>Χριστοῦ</strong></span> 
     </span>
    </p>
   </div>
   <div class='ocr_carea' id='block_1_92' title="bbox 345 4692 1939 4778">
    <p class='ocr_par' dir='ltr' id='par_1_92' title="bbox 345 4702 1939 4778">
     <span class='ocr_line' id='line_1_92' title="bbox 345 4702 1939 4778; baseline 0.001 -20"><span class='ocrx_word' id='word_1_639' title='bbox 345 4702 644 4775; x_wconf 82' lang='lat' dir='ltr'><strong>thuidem</strong></span> <span class='ocrx_word' id='word_1_640' title='bbox 657 4706 725 4765; x_wconf 81' lang='lat' dir='ltr'><strong>ad</strong></span> <span class='ocrx_word' id='word_1_641' title='bbox 751 4706 988 4775; x_wconf 85' lang='lat' dir='ltr'><strong>id,quod</strong></span> <span class='ocrx_word' id='word_1_642' title='bbox 1001 4708 1325 4777; x_wconf 65' lang='lat' dir='ltr'><strong>quaerimus,</strong></span> <span class='ocrx_word' id='word_1_643' title='bbox 1342 4708 1781 4778; x_wconf 83' lang='lat' dir='ltr'><strong>percipiendum,</strong></span> <span class='ocrx_word' id='word_1_644' title='bbox 1797 4707 1939 4777; x_wconf 87' lang='lat' dir='ltr'><strong>prin-</strong></span> 
     </span>
    </p>
   </div>
   <div class='ocr_carea' id='block_1_93' title="bbox 2042 4692 3637 4778">
    <p class='ocr_par' dir='ltr' id='par_1_93' title="bbox 2048 4692 3637 4769">
     <span class='ocr_line' id='line_1_93' title="bbox 2048 4692 3637 4769; baseline -0.008 -12"><span class='ocrx_word' id='word_1_645' title='bbox 2048 4702 2184 4758; x_wconf 75' lang='grc' dir='ltr'><strong>υιοῦ</strong></span> <span class='ocrx_word' id='word_1_646' title='bbox 2219 4700 2420 4768; x_wconf 73' lang='grc' dir='ltr'><strong>Δαϐὶδ,</strong></span> <span class='ocrx_word' id='word_1_647' title='bbox 2451 4701 2588 4755; x_wconf 74' lang='grc' dir='ltr'><strong>υἱοῦ</strong></span> <span class='ocrx_word' id='word_1_648' title='bbox 2617 4699 2896 4769; x_wconf 78' lang='grc' dir='ltr'><strong>Ἀϐραάμ.</strong></span> <span class='ocrx_word' id='word_1_649' title='bbox 2920 4699 3032 4753; x_wconf 80' lang='grc' dir='ltr'><strong>Καὶ</strong></span> <span class='ocrx_word' id='word_1_650' title='bbox 3057 4698 3220 4769; x_wconf 73' lang='grc' dir='ltr'><strong>ἤρκει</strong></span> <span class='ocrx_word' id='word_1_651' title='bbox 3251 4694 3391 4767; x_wconf 71' lang='grc' dir='ltr'><strong>πρὸς</strong></span> <span class='ocrx_word' id='word_1_652' title='bbox 3427 4694 3528 4765; x_wconf 82' lang='grc' dir='ltr'><strong>τὴν</strong></span> <span class='ocrx_word' id='word_1_653' title='bbox 3545 4692 3637 4745; x_wconf 78' lang='grc' dir='ltr'><strong>τοῦ</strong></span> 
     </span>
    </p>
   </div>
   <div class='ocr_carea' id='block_1_94' title="bbox 347 4788 1939 4870">
    <p class='ocr_par' dir='ltr' id='par_1_94' title="bbox 347 4795 1939 4870">
     <span class='ocr_line' id='line_1_94' title="bbox 347 4795 1939 4870; baseline 0.001 -17"><span class='ocrx_word' id='word_1_654' title='bbox 347 4796 554 4870; x_wconf 87' lang='lat' dir='ltr'><strong>cipium</strong></span> <span class='ocrx_word' id='word_1_655' title='bbox 578 4795 755 4867; x_wconf 83' lang='lat' dir='ltr'><strong>ipsum</strong></span> <span class='ocrx_word' id='word_1_656' title='bbox 777 4839 792 4865; x_wconf 91' lang='lat'><strong>,</strong></span> <span class='ocrx_word' id='word_1_657' title='bbox 812 4800 897 4854; x_wconf 86' lang='lat' dir='ltr'><strong>vel</strong></span> <span class='ocrx_word' id='word_1_658' title='bbox 914 4799 1117 4867; x_wconf 90' lang='lat' dir='ltr'><strong>solum,</strong></span> <span class='ocrx_word' id='word_1_659' title='bbox 1138 4799 1467 4857; x_wconf 82' lang='lat' dir='ltr'><strong>sulliciebat.</strong></span> <span class='ocrx_word' id='word_1_660' title='bbox 1493 4798 1695 4856; x_wconf 80' lang='lat' dir='ltr'><strong>Verum</strong></span> <span class='ocrx_word' id='word_1_661' title='bbox 1722 4800 1813 4854; x_wconf 89' lang='lat' dir='ltr'><strong>hic</strong></span> <span class='ocrx_word' id='word_1_662' title='bbox 1835 4814 1939 4854; x_wconf 92' lang='lat' dir='ltr'><strong>non</strong></span> 
     </span>
    </p>
   </div>
   <div class='ocr_carea' id='block_1_95' title="bbox 2042 4788 3636 4870">
    <p class='ocr_par' dir='ltr' id='par_1_95' title="bbox 2049 4788 3636 4866">
     <span class='ocr_line' id='line_1_95' title="bbox 2049 4788 3636 4866; baseline -0.004 -20"><span class='ocrx_word' id='word_1_663' title='bbox 2049 4794 2390 4866; x_wconf 79' lang='grc' dir='ltr'><strong>ζητουμένου</strong></span> <span class='ocrx_word' id='word_1_664' title='bbox 2424 4793 2733 4863; x_wconf 69' lang='grc' dir='ltr'><strong>κατάληψιν</strong></span> <span class='ocrx_word' id='word_1_665' title='bbox 2758 4791 2893 4846; x_wconf 79' lang='grc' dir='ltr'><strong>αὐτὸ</strong></span> <span class='ocrx_word' id='word_1_666' title='bbox 2925 4789 3049 4845; x_wconf 82' lang='grc' dir='ltr'><strong>καθ’</strong></span> <span class='ocrx_word' id='word_1_667' title='bbox 3075 4789 3208 4843; x_wconf 78' lang='grc' dir='ltr'><strong>αὐτὸ</strong></span> <span class='ocrx_word' id='word_1_668' title='bbox 3241 4788 3302 4841; x_wconf 79' lang='grc' dir='ltr'><strong>τὸ</strong></span> <span class='ocrx_word' id='word_1_669' title='bbox 3332 4789 3636 4858; x_wconf 77' lang='grc' dir='ltr'><strong>προοὲμιον.</strong></span> 
     </span>
    </p>
   </div>
   <div class='ocr_carea' id='block_1_96' title="bbox 421 4949 819 5018">
    <p class='ocr_par' dir='ltr' id='par_1_96' title="bbox 421 4949 819 5018">
     <span class='ocr_line' id='line_1_96' title="bbox 421 4949 819 5018; baseline 0.003 -11"><span class='ocrx_word' id='word_1_670' title='bbox 421 4960 449 4993; x_wconf 77' lang='grc' dir='ltr'><strong><em>ο</em></strong></span> <span class='ocrx_word' id='word_1_671' title='bbox 473 4949 665 5008; x_wconf 72' lang='lat' dir='ltr'><strong>Matth.</strong></span> <span class='ocrx_word' id='word_1_672' title='bbox 701 4968 739 5018; x_wconf 82' lang='grc' dir='ltr'><strong>ι,</strong></span> <span class='ocrx_word' id='word_1_673' title='bbox 769 4953 819 5008; x_wconf 87' lang='grc'><strong>1.</strong></span> 
     </span>
    </p>
   </div>
   <div class='ocr_carea' id='block_1_97' title="bbox 1666 5014 2326 5121">
    <p class='ocr_par' dir='ltr' id='par_1_97' title="bbox 1666 5014 2326 5121">
     <span class='ocr_line' id='line_1_97' title="bbox 1666 5014 2326 5121; baseline -0.009 0"><span class='ocrx_word' id='word_1_674' title='bbox 1666 5060 2055 5121; x_wconf 75' lang='lat' dir='ltr'><strong>consensu</strong></span> <span class='ocrx_word' id='word_1_675' title='bbox 2093 5014 2326 5116; x_wconf 67' lang='lat' dir='ltr'><strong>nom.</strong></span> 
     </span>
    </p>
   </div>
   <div class='ocr_carea' id='block_1_98' title="bbox 422 5145 3638 5238">
    <p class='ocr_par' dir='ltr' id='par_1_98' title="bbox 422 5145 3638 5238">
     <span class='ocr_line' id='line_1_98' title="bbox 422 5145 3638 5238; baseline -0.002 -22"><span class='ocrx_word' id='word_1_676' title='bbox 422 5158 539 5238; x_wconf 73' lang='grc'><strong>(20)</strong></span> <span class='ocrx_word' id='word_1_677' title='bbox 577 5161 623 5216; x_wconf 81' lang='grc' dir='ltr'><em>Α</em></span> <span class='ocrx_word' id='word_1_678' title='bbox 657 5161 761 5238; x_wconf 86' lang='lat' dir='ltr'><strong>_Deo</strong></span> <span class='ocrx_word' id='word_1_679' title='bbox 793 5163 1090 5238; x_wconf 71' lang='lat' dir='ltr'><strong>excrucinti</strong></span> <span class='ocrx_word' id='word_1_680' title='bbox 1134 5160 1456 5238; x_wconf 83' lang='lat' dir='ltr'><strong>fuerunt._S_i</strong></span> <span class='ocrx_word' id='word_1_681' title='bbox 1496 5160 1585 5215; x_wconf 87' lang='lat' dir='ltr'><strong>hic</strong></span> <span class='ocrx_word' id='word_1_682' title='bbox 1615 5161 1771 5238; x_wconf 76' lang='lat' dir='ltr'><strong>locus</strong></span> <span class='ocrx_word' id='word_1_683' title='bbox 1808 5174 1943 5214; x_wconf 87' lang='lat' dir='ltr'><strong>con-</strong></span> <span class='ocrx_word' id='word_1_684' title='bbox 2051 5156 2352 5238; x_wconf 68' lang='lat' dir='ltr'><strong>permultis</strong></span> <span class='ocrx_word' id='word_1_685' title='bbox 2405 5156 2759 5211; x_wconf 76' lang='lat' dir='ltr'><strong>cruciatuum</strong></span> <span class='ocrx_word' id='word_1_686' title='bbox 2822 5154 3152 5238; x_wconf 47' lang='lat' dir='ltr'><strong>generibus.</strong></span> <span class='ocrx_word' id='word_1_687' title='bbox 3190 5152 3479 5238; x_wconf 66' lang='lat' dir='ltr'><strong>eruditum</strong></span> <span class='ocrx_word' id='word_1_688' title='bbox 3500 5192 3536 5238; x_wconf 17' lang='grc' dir='ltr'><strong>,ὴ</strong></span> <span class='ocrx_word' id='word_1_689' title='bbox 3565 5145 3638 5238; x_wconf 51' lang='lat' dir='ltr'><strong>3d</strong></span> 
     </span>
    </p>
   </div>
   <div class='ocr_carea' id='block_1_99' title="bbox 342 5222 1939 5306">
    <p class='ocr_par' dir='ltr' id='par_1_99' title="bbox 342 5222 1939 5306">
     <span class='ocr_line' id='line_1_99' title="bbox 342 5222 1939 5306; baseline -0.003 -19"><span class='ocrx_word' id='word_1_690' title='bbox 342 5222 576 5306; x_wconf 54' lang='lat' dir='ltr'><strong>jeé&#39;tur&#39;a</strong></span> <span class='ocrx_word' id='word_1_691' title='bbox 628 5234 702 5288; x_wconf 86' lang='lat' dir='ltr'><strong>sit</strong></span> <span class='ocrx_word' id='word_1_692' title='bbox 758 5222 1256 5306; x_wconf 16' lang='grc' dir='ltr'><strong>ρτογκολάσακὶτος,</strong></span> <span class='ocrx_word' id='word_1_693' title='bbox 1305 5230 1650 5306; x_wconf 55' lang='grc' dir='ltr'><strong>καλέσαντος</strong></span> <span class='ocrx_word' id='word_1_694' title='bbox 1694 5230 1939 5306; x_wconf 75' lang='lat' dir='ltr'><strong>fortasse</strong></span> 
     </span>
    </p>
   </div>
   <div class='ocr_carea' id='block_1_100' title="bbox 2042 5222 3636 5306">
    <p class='ocr_par' dir='ltr' id='par_1_100' title="bbox 2052 5222 3636 5306">
     <span class='ocr_line' id='line_1_100' title="bbox 2052 5222 3636 5306; baseline -0.006 -25"><span class='ocrx_word' id='word_1_695' title='bbox 2052 5222 2337 5281; x_wconf 82' lang='lat' dir='ltr'><strong>ineliorem</strong></span> <span class='ocrx_word' id='word_1_696' title='bbox 2399 5238 2693 5306; x_wconf 81' lang='lat' dir='ltr'><strong>propterea</strong></span> <span class='ocrx_word' id='word_1_697' title='bbox 2764 5222 3038 5306; x_wconf 53' lang='lat' dir='ltr'><strong>mentem“</strong></span> <span class='ocrx_word' id='word_1_698' title='bbox 3081 5222 3636 5306; x_wconf 45' lang='grc' dir='ltr'><strong>ιιιίιιξηιο.τεςόὶοηι.ε</strong></span> 
     </span>
    </p>
   </div>
   <div class='ocr_carea' id='block_1_101' title="bbox 352 5290 3637 5377">
    <p class='ocr_par' dir='ltr' id='par_1_101' title="bbox 352 5290 3637 5377">
     <span class='ocr_line' id='line_1_101' title="bbox 352 5290 3637 5377; baseline -0.005 -21"><span class='ocrx_word' id='word_1_699' title='bbox 352 5290 459 5357; x_wconf 70' lang='lat' dir='ltr'><strong>non</strong></span> <span class='ocrx_word' id='word_1_700' title='bbox 486 5290 844 5377; x_wconf 66' lang='lat' dir='ltr'><strong>incommode</strong></span> <span class='ocrx_word' id='word_1_701' title='bbox 878 5305 981 5377; x_wconf 85' lang='lat' dir='ltr'><strong>legi</strong></span> <span class='ocrx_word' id='word_1_702' title='bbox 1018 5318 1180 5377; x_wconf 79' lang='lat' dir='ltr'><strong>posse</strong></span> <span class='ocrx_word' id='word_1_703' title='bbox 1216 5290 1570 5377; x_wconf 53' lang='lat' dir='ltr'><strong>existimem.</strong></span> <span class='ocrx_word' id='word_1_704' title='bbox 1613 5290 1739 5377; x_wconf 55' lang='lat' dir='ltr'><strong>llaec</strong></span> <span class='ocrx_word' id='word_1_705' title='bbox 1792 5302 1940 5377; x_wconf 79' lang='lat' dir='ltr'><strong>enim</strong></span> <span class='ocrx_word' id='word_1_706' title='bbox 2052 5290 2416 5377; x_wconf 51' lang='lat' dir='ltr'><strong>cumntarnen</strong></span> <span class='ocrx_word' id='word_1_707' title='bbox 2465 5290 2528 5377; x_wconf 65' lang='lat' dir='ltr'><strong>id</strong></span> <span class='ocrx_word' id='word_1_708' title='bbox 2584 5294 2963 5377; x_wconf 44' lang='lat' dir='ltr'><strong>esset,.gttod</strong></span> <span class='ocrx_word' id='word_1_709' title='bbox 3000 5294 3146 5349; x_wconf 84' lang='lat' dir='ltr'><strong>Dens</strong></span> <span class='ocrx_word' id='word_1_710' title='bbox 3210 5295 3276 5377; x_wconf 76' lang='lat' dir='ltr'><strong>in</strong></span> <span class='ocrx_word' id='word_1_711' title='bbox 3322 5290 3637 5377; x_wconf 67' lang='lat' dir='ltr'><strong>hujttsiriodi</strong></span> 
     </span>
    </p>
   </div>
   <div class='ocr_carea' id='block_1_102' title="bbox 352 5363 3640 5441">
    <p class='ocr_par' dir='ltr' id='par_1_102' title="bbox 352 5363 3640 5441">
     <span class='ocr_line' id='line_1_102' title="bbox 352 5363 3640 5441; baseline -0.004 -16"><span class='ocrx_word' id='word_1_712' title='bbox 352 5375 627 5439; x_wconf 81' lang='lat' dir='ltr'><strong>particula</strong></span> <span class='ocrx_word' id='word_1_713' title='bbox 672 5375 856 5430; x_wconf 80' lang='grc' dir='ltr'><strong>καίτοι</strong></span> <span class='ocrx_word' id='word_1_714' title='bbox 914 5363 1060 5429; x_wconf 72' lang='grc' dir='ltr'>Ιῖοηό</span> <span class='ocrx_word' id='word_1_715' title='bbox 1112 5373 1411 5428; x_wconf 87' lang='lat' dir='ltr'><strong>lectionem</strong></span> <span class='ocrx_word' id='word_1_716' title='bbox 1458 5373 1746 5441; x_wconf 88' lang='lat' dir='ltr'><strong>postulare</strong></span> <span class='ocrx_word' id='word_1_717' title='bbox 1792 5372 1938 5425; x_wconf 66' lang='lat' dir='ltr'><strong>viile-</strong></span> <span class='ocrx_word' id='word_1_718' title='bbox 2054 5367 2349 5441; x_wconf 77' lang='lat' dir='ltr'><strong>suppliciis</strong></span> <span class='ocrx_word' id='word_1_719' title='bbox 2403 5366 2706 5441; x_wconf 80' lang='lat' dir='ltr'><strong>inferendis</strong></span> <span class='ocrx_word' id='word_1_720' title='bbox 2758 5363 2865 5441; x_wconf 74' lang='lat' dir='ltr'><strong>sibi</strong></span> <span class='ocrx_word' id='word_1_721' title='bbox 2933 5374 3305 5441; x_wconf 63' lang='lat' dir='ltr'><strong>proponeret.</strong></span> <span class='ocrx_word' id='word_1_722' title='bbox 3376 5363 3640 5441; x_wconf 68' lang='lat' dir='ltr'><strong>Videntur</strong></span> 
     </span>
    </p>
   </div>
   <div class='ocr_carea' id='block_1_103' title="bbox 350 5428 1939 5517">
    <p class='ocr_par' dir='ltr' id='par_1_103' title="bbox 350 5428 1939 5517">
     <span class='ocr_line' id='line_1_103' title="bbox 350 5428 1939 5517; baseline 0 -23"><span class='ocrx_word' id='word_1_723' title='bbox 350 5428 463 5499; x_wconf 69' lang='lat' dir='ltr'><strong>iur.</strong></span> <span class='ocrx_word' id='word_1_724' title='bbox 479 5428 801 5517; x_wconf 56' lang='lat' dir='ltr'><strong>fixaggerat</strong></span> <span class='ocrx_word' id='word_1_725' title='bbox 822 5428 971 5500; x_wconf 87' lang='lat' dir='ltr'><strong>enim</strong></span> <span class='ocrx_word' id='word_1_726' title='bbox 994 5443 1313 5517; x_wconf 76' lang='lat' dir='ltr'><strong>Judteorum</strong></span> <span class='ocrx_word' id='word_1_727' title='bbox 1353 5428 1642 5517; x_wconf 71' lang='lat' dir='ltr'><strong>periitliam</strong></span> <span class='ocrx_word' id='word_1_728' title='bbox 1662 5442 1939 5517; x_wconf 73' lang='lat' dir='ltr'><strong>Andreas,</strong></span> 
     </span>
    </p>
   </div>
   <div class='ocr_carea' id='block_1_104' title="bbox 2042 5428 3637 5517">
    <p class='ocr_par' dir='ltr' id='par_1_104' title="bbox 2053 5428 3637 5517">
     <span class='ocr_line' id='line_1_104' title="bbox 2053 5428 3637 5517; baseline -0.006 -27"><span class='ocrx_word' id='word_1_729' title='bbox 2053 5428 2238 5517; x_wconf 65' lang='lat' dir='ltr'><strong>autem</strong></span> <span class='ocrx_word' id='word_1_730' title='bbox 2290 5437 2408 5517; x_wconf 50' lang='lat' dir='ltr'><strong>haec</strong></span> <span class='ocrx_word' id='word_1_731' title='bbox 2464 5438 2654 5517; x_wconf 64' lang='lat' dir='ltr'><strong>verba,</strong></span> <span class='ocrx_word' id='word_1_732' title='bbox 2706 5436 2889 5517; x_wconf 61' lang='grc' dir='ltr'><strong>καίτοι</strong></span> <span class='ocrx_word' id='word_1_733' title='bbox 2934 5428 3321 5506; x_wconf 69' lang='grc' dir='ltr'><strong>πολυτρόπως,</strong></span> <span class='ocrx_word' id='word_1_734' title='bbox 3361 5428 3637 5517; x_wconf 49' lang='grc' dir='ltr'><strong>ἰιεῳιθβά</strong></span> 
     </span>
    </p>
   </div>
   <div class='ocr_carea' id='block_1_105' title="bbox 350 5499 1939 5587">
    <p class='ocr_par' dir='ltr' id='par_1_105' title="bbox 350 5499 1939 5587">
     <span class='ocr_line' id='line_1_105' title="bbox 350 5499 1939 5587; baseline 0 -22"><span class='ocrx_word' id='word_1_735' title='bbox 350 5516 444 5581; x_wconf 79' lang='lat' dir='ltr'><strong>qui</strong></span> <span class='ocrx_word' id='word_1_736' title='bbox 478 5499 779 5587; x_wconf 55' lang='lat' dir='ltr'><strong>Deumuper</strong></span> <span class='ocrx_word' id='word_1_737' title='bbox 809 5499 887 5570; x_wconf 86' lang='lat' dir='ltr'><strong>tot</strong></span> <span class='ocrx_word' id='word_1_738' title='bbox 925 5514 1199 5584; x_wconf 78' lang='lat' dir='ltr'><strong>supplicia</strong></span> <span class='ocrx_word' id='word_1_739' title='bbox 1231 5530 1330 5569; x_wconf 91' lang='lat' dir='ltr'><strong>eos</strong></span> <span class='ocrx_word' id='word_1_740' title='bbox 1354 5499 1743 5587; x_wconf 61' lang='lat' dir='ltr'><strong>&#39;al_t_itlolorum</strong></span> <span class='ocrx_word' id='word_1_741' title='bbox 1788 5499 1939 5587; x_wconf 79' lang='lat' dir='ltr'><strong>cultu</strong></span> 
     </span>
    </p>
   </div>
   <div class='ocr_carea' id='block_1_106' title="bbox 2042 5499 3636 5587">
    <p class='ocr_par' dir='ltr' id='par_1_106' title="bbox 2052 5499 3636 5587">
     <span class='ocr_line' id='line_1_106' title="bbox 2052 5499 3636 5587; baseline -0.007 -25"><span class='ocrx_word' id='word_1_742' title='bbox 2052 5508 2195 5587; x_wconf 84' lang='lat' dir='ltr'><strong>illa,_</strong></span> <span class='ocrx_word' id='word_1_743' title='bbox 2235 5507 2438 5577; x_wconf 80' lang='grc' dir='ltr'><strong>μηκέτι</strong></span> <span class='ocrx_word' id='word_1_744' title='bbox 2485 5499 2942 5579; x_wconf 79' lang='grc' dir='ltr'><strong>φιλοκρινεῖσθαι,</strong></span> <span class='ocrx_word' id='word_1_745' title='bbox 3006 5499 3129 5576; x_wconf 67' lang='grc' dir='ltr'><strong>μετ’</strong></span> <span class='ocrx_word' id='word_1_746' title='bbox 3160 5499 3518 5576; x_wconf 83' lang='lat' dir='ltr'><strong>parenthesin</strong></span> <span class='ocrx_word' id='word_1_747' title='bbox 3565 5499 3636 5552; x_wconf 90' lang='lat' dir='ltr'><strong>le-</strong></span> 
     </span>
    </p>
   </div>
   <div class='ocr_carea' id='block_1_107' title="bbox 352 5578 2622 5657">
    <p class='ocr_par' dir='ltr' id='par_1_107' title="bbox 352 5578 2622 5657">
     <span class='ocr_line' id='line_1_107' title="bbox 352 5578 2622 5657; baseline -0.002 -20"><span class='ocrx_word' id='word_1_748' title='bbox 352 5578 707 5657; x_wconf 57' lang='lat' dir='ltr'><strong>rgavoeanten&#39;t</strong></span> <span class='ocrx_word' id='word_1_749' title='bbox 757 5587 954 5641; x_wconf 88' lang='lat' dir='ltr'><strong>audire</strong></span> <span class='ocrx_word' id='word_1_750' title='bbox 999 5578 1366 5657; x_wconf 72' lang='lat' dir='ltr'><strong>neglexerint.</strong></span> <span class='ocrx_word' id='word_1_751' title='bbox 1412 5583 1526 5638; x_wconf 85' lang='lat' dir='ltr'><strong>Hoc</strong></span> <span class='ocrx_word' id='word_1_752' title='bbox 1581 5594 1773 5657; x_wconf 55' lang='lat' dir='ltr'><strong>autent</strong></span> <span class='ocrx_word' id='word_1_753' title='bbox 1821 5584 1945 5657; x_wconf 84' lang='lat' dir='ltr'><strong>loco</strong></span> <span class='ocrx_word' id='word_1_754' title='bbox 2054 5578 2254 5657; x_wconf 39' lang='lat' dir='ltr'><strong>gelida.</strong></span> <span class='ocrx_word' id='word_1_755' title='bbox 2291 5645 2325 5657; x_wconf 52' lang='grc' dir='ltr'><strong>Α</strong></span> <span class='ocrx_word' id='word_1_756' title='bbox 2408 5647 2439 5657; x_wconf 13' lang='grc' dir='ltr'><strong>γ’</strong></span> <span class='ocrx_word' id='word_1_757' title='bbox 2521 5646 2533 5657; x_wconf 88' lang='lat'>_</span> <span class='ocrx_word' id='word_1_758' title='bbox 2610 5646 2622 5657; x_wconf 34' lang='grc' dir='ltr'><strong>θ</strong></span> 
     </span>
    </p>
   </div>
   <div class='ocr_carea' id='block_1_108' title="bbox 351 5637 1939 5726">
    <p class='ocr_par' dir='ltr' id='par_1_108' title="bbox 351 5637 1939 5726">
     <span class='ocr_line' id='line_1_108' title="bbox 351 5637 1939 5726; baseline 0.002 -23"><span class='ocrx_word' id='word_1_759' title='bbox 351 5637 1364 5726; x_wconf 48' lang='lat' dir='ltr'><strong>w..*;*i......;.‘;;...&quot;animus1.1;;&quot;2‘</strong></span> <span class='ocrx_word' id='word_1_760' title='bbox 1404 5637 1554 5711; x_wconf 78' lang='lat' dir='ltr'><strong>orat.</strong></span> <span class='ocrx_word' id='word_1_761' title='bbox 1617 5656 1686 5710; x_wconf 90' lang='lat' dir='ltr'><strong>de</strong></span> <span class='ocrx_word' id='word_1_762' title='bbox 1718 5637 1939 5726; x_wconf 44' lang='lat' dir='ltr'><strong>nec...</strong></span> 
     </span>
    </p>
   </div>
   <div class='ocr_carea' id='block_1_109' title="bbox 2042 5637 3636 5726">
    <p class='ocr_par' dir='ltr' id='par_1_109' title="bbox 2055 5637 3636 5726">
     <span class='ocr_line' id='line_1_109' title="bbox 2055 5637 3636 5726; baseline -0.021 1"><span class='ocrx_word' id='word_1_763' title='bbox 2055 5637 2101 5726; x_wconf 41' lang='grc' dir='ltr'><strong>Τ.</strong></span> <span class='ocrx_word' id='word_1_764' title='bbox 2126 5648 2240 5726; x_wconf 57' lang='grc' dir='ltr'><strong>(Ἦ)</strong></span> <span class='ocrx_word' id='word_1_765' title='bbox 2283 5645 2561 5702; x_wconf 60' lang='grc' dir='ltr'><strong>Οταίίοηίδ</strong></span> <span class='ocrx_word' id='word_1_766' title='bbox 2591 5646 2824 5726; x_wconf 65' lang='grc' dir='ltr'><strong>Ῐᾳεικηι.</strong></span> <span class='ocrx_word' id='word_1_767' title='bbox 2876 5644 3243 5726; x_wconf 31' lang='grc' dir='ltr'><strong>ξ’ΐρρβουλὴν</strong></span> <span class='ocrx_word' id='word_1_768' title='bbox 3264 5647 3367 5700; x_wconf 80' lang='lat' dir='ltr'><strong>hoc</strong></span> <span class='ocrx_word' id='word_1_769' title='bbox 3401 5643 3523 5724; x_wconf 74' lang='lat' dir='ltr'><strong>loco</strong></span> <span class='ocrx_word' id='word_1_770' title='bbox 3551 5637 3636 5726; x_wconf 57' lang='grc' dir='ltr'><strong>ξφ·</strong></span> 
     </span>
    </p>
   </div>
   <div class='ocr_carea' id='block_1_110' title="bbox 351 5712 3635 5793">
    <p class='ocr_par' dir='ltr' id='par_1_110' title="bbox 351 5712 3635 5793">
     <span class='ocr_line' id='line_1_110' title="bbox 351 5712 3635 5793; baseline -0.004 -16"><span class='ocrx_word' id='word_1_771' title='bbox 351 5725 543 5778; x_wconf 74' lang='lat' dir='ltr'><strong>eotlem</strong></span> <span class='ocrx_word' id='word_1_772' title='bbox 588 5731 862 5781; x_wconf 84' lang='lat' dir='ltr'><strong>sermonis</strong></span> <span class='ocrx_word' id='word_1_773' title='bbox 909 5712 1111 5793; x_wconf 74' lang='lat' dir='ltr'><strong>genere</strong></span> <span class='ocrx_word' id='word_1_774' title='bbox 1162 5712 1360 5786; x_wconf 71' lang='lat' dir='ltr'><strong>utitur,</strong></span> <span class='ocrx_word' id='word_1_775' title='bbox 1412 5742 1537 5780; x_wconf 87' lang='lat' dir='ltr'><strong>cum</strong></span> <span class='ocrx_word' id='word_1_776' title='bbox 1576 5725 1803 5792; x_wconf 67' lang='lat' dir='ltr'><strong>generis</strong></span> <span class='ocrx_word' id='word_1_777' title='bbox 1836 5724 1944 5777; x_wconf 86' lang='lat' dir='ltr'><strong>htt-</strong></span> <span class='ocrx_word' id='word_1_778' title='bbox 2055 5712 2152 5787; x_wconf 80' lang='grc' dir='ltr'><strong>λὴν</strong></span> <span class='ocrx_word' id='word_1_779' title='bbox 2180 5718 2364 5793; x_wconf 38' lang='grc' dir='ltr'><strong>-Ιειεο,</strong></span> <span class='ocrx_word' id='word_1_780' title='bbox 2421 5727 2483 5772; x_wconf 81' lang='grc' dir='ltr'><strong>ιιι</strong></span> <span class='ocrx_word' id='word_1_781' title='bbox 2528 5712 3145 5793; x_wconf 64' lang='lat' dir='ltr'><strong>sagittatu__signilic_et.</strong></span> <span class='ocrx_word' id='word_1_782' title='bbox 3191 5712 3285 5793; x_wconf 64' lang='lat' dir='ltr'><strong>&#39;lta</strong></span> <span class='ocrx_word' id='word_1_783' title='bbox 3353 5716 3501 5793; x_wconf 74' lang='lat' dir='ltr'><strong>enim</strong></span> <span class='ocrx_word' id='word_1_784' title='bbox 3558 5712 3635 5764; x_wconf 85' lang='lat' dir='ltr'><strong>le-</strong></span> 
     </span>
    </p>
   </div>
   <div class='ocr_carea' id='block_1_111' title="bbox 284 5784 3532 5871">
    <p class='ocr_par' dir='ltr' id='par_1_111' title="bbox 284 5784 3532 5871">
     <span class='ocr_line' id='line_1_111' title="bbox 284 5784 3532 5871; baseline -0.003 -23"><span class='ocrx_word' id='word_1_785' title='bbox 284 5864 293 5871; x_wconf 85' lang='lat'><em>_</em></span> <span class='ocrx_word' id='word_1_786' title='bbox 354 5797 501 5861; x_wconf 82' lang='lat' dir='ltr'><strong>mani</strong></span> <span class='ocrx_word' id='word_1_787' title='bbox 546 5798 600 5852; x_wconf 90' lang='lat' dir='ltr'><strong>in</strong></span> <span class='ocrx_word' id='word_1_788' title='bbox 651 5784 961 5854; x_wconf 78' lang='lat' dir='ltr'><strong>sceleribus</strong></span> <span class='ocrx_word' id='word_1_789' title='bbox 990 5784 1358 5869; x_wconf 86' lang='lat' dir='ltr'><strong>pertinaciam</strong></span> <span class='ocrx_word' id='word_1_790' title='bbox 1409 5784 1748 5861; x_wconf 77' lang='lat' dir='ltr'><strong>insectatur,</strong></span> <span class='ocrx_word' id='word_1_791' title='bbox 1795 5792 1947 5865; x_wconf 89' lang='lat' dir='ltr'><strong>quod</strong></span> <span class='ocrx_word' id='word_1_792' title='bbox 2052 5784 2293 5861; x_wconf 79' lang='lat' dir='ltr'><strong>gendum</strong></span> <span class='ocrx_word' id='word_1_793' title='bbox 2338 5803 2465 5844; x_wconf 87' lang='lat' dir='ltr'><strong>esse</strong></span> <span class='ocrx_word' id='word_1_794' title='bbox 2499 5784 2690 5858; x_wconf 76' lang='lat' dir='ltr'><strong>aperte</strong></span> <span class='ocrx_word' id='word_1_795' title='bbox 2720 5784 2932 5860; x_wconf 79' lang='lat' dir='ltr'><strong>indicat</strong></span> <span class='ocrx_word' id='word_1_796' title='bbox 2968 5789 3198 5845; x_wconf 87' lang='lat' dir='ltr'><strong>verbum</strong></span> <span class='ocrx_word' id='word_1_797' title='bbox 3233 5784 3532 5854; x_wconf 70' lang='grc' dir='ltr'><strong>ἐπαφίημι.</strong></span> 
     </span>
    </p>
   </div>
  </div>
