3966 6440
315 463 422 528 849

1320 466 1403 528 IN
1438 467 1963 530 NATlVITATEM
1993 468 2058 528 Β.
2106 467 2392 528 MARL‘E.
2438 466 2555 527 III.

3480 459 3588 524 850

317 577 459 631 Ἀλλ’
477 575 539 630 οὐ
560 575 726 647 μέχρι
745 574 933 629 τούτου
950 575 1099 647 ἔστη.
1121 577 1345 650 Προύὸη
1363 581 1473 652 γὰρ
1494 584 1523 636 ὁ
1548 581 1706 650 λόγος
1729 582 1903 652 αὐτῷ’

2046 582 2288 636 ubsistit.
2349 579 2564 635 Etenim
2619 577 2797 649 ipsius
2846 588 3031 632 sermo
3080 572 3248 631 etiam
3294 589 3470 644 usque
3529 573 3598 627 ad

318 669 416 722 καὶ
445 667 611 739 μέχρι
649 666 746 720 τοῦ
774 668 876 736 τῆς
912 667 1191 740 Παρθένου
1241 670 1579 743 μνηστῆρος.
1613 673 1829 737 Λουκᾶς
1856 672 1914 726 δὲ

318 756 465 831 μετὰ
492 758 591 828 τὴν
614 753 762 811 κατά
787 756 851 810 τδ
872 754 1158 827 βάπτισμα
1204 757 1300 812 τοῦ
1334 759 1589 831 Σωτῆρος
1621 757 1914 825 ἀνάδειξιν,

318 848 522 920 μικρὸν
573 847 740 902 αὐτοῦ
786 866 889 902 που
928 849 1018 904 τὸν
1074 848 1232 916 λόγον
1293 850 1687 922 μετοχετεύων,
1734 850 1915 905 τοιάδε

315 941 528 1010 γράφει
550 955 568 973 ο
615 940 720 995 Ἐν
749 934 863 1007 οἷς,
896 943 1051 1011 φησὶ,
1086 942 1185 995 καί
1216 941 1399 1019 αὐτὸς
1424 938 1505 1013 ἦν·
1544 943 1799 1010 Ἰησοῦς,
1835 945 1918 1010 ὡς

316 1030 478 1086 ἐτῶν
516 1030 863 1100 τριάκοντα,
913 1033 1250 1103 ἀρχόμενος
1305 1031 1412 1099 ὢν,
1466 1034 1548 1101 ὡς
1592 1033 1916 1105 ἐνομίζετο,

318 1124 457 1190 υίὸς
481 1124 708 1195 Ἰωσὴφ
733 1124 842 1179 τοῦ
894 1124 1073 1191 Ἠλεὶ,
1098 1124 1206 1179 τοῦ
1244 1125 1492 1181 Ματθὰν
1514 1165 1530 1193 ,
1584 1125 1693 1180 τοῦ
1749 1126 1915 1194 Aeni,

320 1213 436 1269 τοῦ
474 1213 691 1283 Μελχὶ,
715 1215 811 1270 καὶ
841 1215 971 1285 ἑξῆς
997 1218 1140 1270 κατὰ
1166 1216 1471 1286 ἀναφορὰν,
1515 1215 1623 1281 ἕως
1659 1218 1754 1272 τοῦ
1787 1217 1918 1289 Σὴθ,

318 1307 436 1361 τοῦ
462 1305 671 1376 Ἀδὰμ,
697 1307 808 1361 τοῦ
841 1304 1012 1361 Θεοῦ.
1037 1307 1152 1360 Οὐκ
1172 1307 1359 1375 ἀγνοεῖ
1378 1307 1423 1361 δ’
1443 1302 1538 1361 οὖν
1572 1307 1666 1376 ὅγε
1690 1308 1919 1377 φιλόπο-

319 1415 418 1461 νος
454 1396 576 1462 νοῦς
603 1397 714 1452 τῶν
748 1398 1161 1470 ἐξητασμένων,
1188 1399 1265 1464 ὡς
1292 1400 1421 1463 τοὺς
1460 1401 1561 1469 μὲν
1589 1399 1734 1455 κατὰ
1753 1400 1920 1471 νόμον

323 1490 579 1560 πατέρας
612 1489 857 1554 ἐκείνους
890 1492 958 1562 τῇ
1013 1490 1209 1563 Γραφῇ
1274 1490 1462 1543 καλεῖν
1499 1490 1750 1561 σύνηθες,
1793 1492 1921 1555 τοὺς

323 1581 702 1653 προθανόντας
762 1582 860 1652 μὲν
902 1582 1170 1647 ἄπαιδας,
1212 1581 1355 1652 πλὴν
1406 1581 1920 1654 παιδοθετηθέντας,

323 1674 397 1727 δι’
436 1673 848 1744 ἀδελφοσπόρου
882 1673 1047 1743 γονῆς
1111 1674 1250 1745 μετά
1272 1672 1563 1746 κοίμησιν·
1597 1676 1722 1739 τοὺς
1749 1675 1808 1728 δέ
1840 1693 1923 1730 τοι

326 1765 479 1821 κατά
503 1765 691 1836 φύσιν,
723 1765 991 1832 ἐκείνους,
1043 1766 1094 1820 οἳ
1141 1769 1380 1837 μάλιστα
1413 1768 1510 1840 μὲν
1539 1769 1751 1831 ἑαυτοῖς
1788 1769 1925 1839 πρὸς

327 1855 586 1929 διαδοχὴν
620 1856 716 1911 τοῦ
753 1857 946 1927 γένους
964 1859 1153 1931 οἰκείῳ
1187 1859 1377 1933 σπόρῳ
1409 1860 1922 1931 ἑπαιδοποιήσαντο,

2013 671 2259 744 Virginis
2311 685 2577 743 sponsum
2628 683 2955 740 progressus
3010 676 3116 722 est.
3171 665 3352 721 Lucas
3380 675 3599 728 autem,

2013 774 2138 837 post
2166 764 2473 820 Salvatoris
2503 764 2558 818 in
2591 762 2866 832 baptismo
2893 759 3345 823 declarationem,
3391 759 3601 813 oratio-

2014 871 2140 912 nem
2198 869 2354 911 suam
2411 853 2660 909 nonnihil
2712 852 3014 917 derivans,
3060 849 3130 904 ad
3180 850 3328 905 lmnc
3375 848 3605 902 modum

2017 947 2209 1005 scribit
2238 966 2251 1002 :
2285 945 2431 1000 Inter
2459 962 2612 1016 quos,
2643 944 2845 1016 inquit,
2881 944 3045 998 etiam
3072 941 3234 997 Jews
3265 952 3405 1003 erat,
3434 957 3603 995 anno-

2017 1055 2136 1094 rum
2180 1038 2334 1123 quasi
2389 1038 2613 1108 triginta
2672 1037 2929 1105 incipiens
2960 1051 3118 1099 esse,
3174 1046 3234 1088 ut
3282 1033 3601 1101 putabatur.

2016 1132 2162 1203 ﬁlius
2197 1130 2420 1201 Ioseph,
2452 1131 2541 1201 qui
2578 1130 2679 1201 fuit
2718 1128 2864 1189 Heli.
2918 1128 3009 1199 qui
3053 1126 3158 1198 fuit
3208 1125 3459 1189 Mathan,
3512 1127 3603 1194 qui

2018 1226 2124 1296 fuit
2154 1225 2296 1289 Levi,
2333 1227 2424 1297 qui
2457 1224 2562 1296 fuit
2596 1222 2817 1284 Heleni.
2856 1234 2910 1278 et
2947 1223 3026 1278 sic.
3056 1220 3321 1287 deinceps
3353 1222 3409 1274 in
3436 1221 3605 1274 altum

2021 1318 2373 1376 ascendendo
2423 1333 2600 1388 usque
2641 1315 2709 1370 ad
2753 1315 2912 1380 Seth,
2941 1314 3033 1385 qui
3061 1314 3167 1384 fuit
3195 1312 3344 1378 Adw,
3378 1312 3470 1382 qui
3505 1312 3607 1379 fuit

2022 1411 2120 1466 Dei
2154 1410 2199 1465 τ.
2230 1410 2369 1467 Illud
2402 1425 2569 1481 porro
2609 1408 2838 1463 minime
2867 1409 3105 1478 ignorat,
3132 1406 3386 1476 quisquis
3417 1404 3607 1460 sedula

2020 1514 2075 1559 et
2123 1504 2401 1574 exquisita
2449 1512 2631 1558 mente
2664 1503 2927 1573 praeditus
2956 1509 3065 1566 est,
3089 1515 3153 1555 ex
3180 1515 3284 1553 usu
3313 1497 3612 1568 Seriptune

2021 1607 2166 1660 esse,
2216 1591 2420 1663 legales
2468 1598 2654 1660 patres
2700 1606 2797 1646 eos
2854 1589 3075 1644 demum
3137 1588 3454 1658 appellare,
3492 1588 3608 1655 qui,

2024 1685 2273 1757 quamvis
2298 1682 2419 1740 sine
2452 1682 2643 1759 liberis
2682 1697 2712 1737 e
2752 1682 2866 1736 vita
2894 1680 3262 1744 decesserint,
3297 1687 3480 1733 tamen
3517 1693 3612 1747 per

2026 1776 2290 1841 sobolem,
2333 1791 2401 1831 ex
2451 1764 2700 1830 fraterno
2739 1773 2954 1829 semine
3008 1779 3135 1843 post
3180 1780 3412 1827 mortem
3455 1785 3611 1826 suam

2025 1878 2230 1934 ortam,
2263 1868 2407 1925 filios
2427 1868 2745 1923 habuerunt
2780 1884 2795 1921 :
2826 1866 3108 1921 naturales
3133 1874 3355 1929 contra,
3387 1879 3484 1919 eos
3519 1863 3613 1932 qui

330 1947 449 2003 ἔσθ’
482 1950 573 2003 ὅτε
608 1948 667 2003 δὲ
698 1949 793 2003 καὶ
816 1952 863 2003 εί
889 1950 1145 2005 τεθνάσιν
1183 1952 1367 2016 αὐτοῖς
1407 1950 1637 2015 ἄπαιδες
1678 1942 1923 2023 ἀδελφοὶ,

2041 1959 2329 2028 pnesertim
2381 1957 2605 2029 quidem
2668 1957 2775 2012 sibi
2815 1958 2950 2027 ipsis
3009 1957 3076 2011 ad
3142 1959 3360 2026 generis
3419 1970 3618 2024 propa-

333 2041 404 2095 δι’
427 2041 712 2109 ἀντιγόνου
741 2044 974 2113 σπορᾶς,
996 2042 1098 2111 τὴν
1127 2043 1426 2113 εὐκληρίαν
1454 2040 1533 2115 τῷ
1559 2045 1776 2117 ἀδελφῷ
1810 2063 1928 2101 συν·

336 2135 657 2206 εισήγαγον.
682 2134 805 2189 Τῶν
832 2135 897 2204 γέ
918 2153 1002 2189 τοι
1029 2135 1450 2205 εὐαγγελιστῶν,
1470 2138 1499 2189 6
1528 2139 1628 2209 μὲν
1653 2139 1761 2194 τῶν
1788 2140 1931 2194 κατά

345 2224 502 2293 φύσιν
533 2226 786 2298 πατέρων
812 2225 991 2298 μόνων
1028 2227 1385 2298 ἐπιμνησθεὶς
1431 2231 1557 2292 τοὺς
1590 2229 1734 2284 κατά
1765 2231 1930 2296 νόμον

350 2319 625 2389 παρῆκενο
665 2321 694 2373 6
720 2319 778 2373 δὲ
820 2318 1133 2391 τοῦμπαλιν
1198 2322 1327 2384 τοὺς
1362 2321 1506 2376 κατά
1535 2322 1698 2392 φύσιν
1753 2342 1932 2395 παρα-

347 2412 586 2484 δραμὼν,
614 2415 726 2470 τῶν
768 2417 912 2470 κατά
951 2417 1119 2487 νόμον
1177 2416 1367 2481 ίδικῶς
1420 2418 1772 2491 ἐπεμνήσθη·
1824 2418 1931 2473 οὐδ’

339 2505 597 2575 ὁπότερος
627 2506 722 2561 τοῦ
754 2507 965 2571 εἰκότος
998 2509 1358 2579 ἀποσφαλείς.
1378 2511 1559 2565 Καλὸν
1591 2511 1635 2565 δ’
1663 2508 1934 2584 οἶμαικαὶ

346 2597 577 2662 παλαιᾶς
594 2601 731 2671 πρὸς
759 2600 918 2655 τοῦτο
933 2603 1241 2673 μαρτυρίας
1269 2605 1692 2677 ἐπιμνησθῆναι.
1712 2608 1780 2678 ἣν
1805 2607 1934 2675 παρ’

334 2686 689 2757 ἀνδρόςτινος
712 2690 1068 2762 πολυΐστορος
1104 2693 1547 2765 παρειλήφαμεν,
1582 2694 1813 2766 ἔχουσαν
1843 2697 1936 2750 ἐπὶ

335 2778 540 2844 λέξεως
574 2779 1044 2854 οὓτω;.Ἑπείπερ
1070 2785 1120 2837 oi
1156 2785 1255 2856 τῆς
1277 2786 1628 2854 γενεαλογίας
1653 2788 1759 2840 τῶν
1772 2788 1937 2858 εὐαγ-

337 2872 608 2938 γελιστῶν
660 2876 1052 2948 ὲμφερόμενοι,
1105 2878 1156 2931 οί
1214 2879 1315 2949 μὲν
1388 2878 1690 2946 διεδέξαντο
1744 2882 1937 2946 παῖδες

337 2963 588 3034 πατέρας
651 2966 931 3036 γνησίους,
987 2969 1036 3021 oi
1062 2968 1141 3035 δὲ,
1169 2969 1379 3039 ἑτέροις
1411 2973 1510 3041 μὲν
1539 2972 1934 3044 ἐγεννήθησαν,

331 3055 549 3126 ἑτέρων
574 3057 633 3111 δὲ
654 3060 914 3126 γεγόνασι
944 3060 1161 3131 κλήσει,
1191 3063 1520 3135 ἀμφοτέρων
1568 3065 1625 3118 δὲ
1653 3066 1876 3135 γέγονεν
1904 3068 1936 3138 ἡ

335 3146 685 3218 μνήμη,τῶν
700 3165 760 3201 τε
789 3152 1226 3221 γεγεννηκότων,
1253 3153 1348 3205 καὶ
1375 3153 1485 3207 τῶν
1501 3154 1576 3217 ὼς
1607 3156 1936 3225 γεγεννηκό-

332 3254 478 3303 των,
529 3236 707 3303 οὕτως
751 3239 1039 3311 οὐδέτερον
1101 3241 1210 3294 τῶν
1254 3242 1604 3312 Εὑαγγελίων
1654 3245 1933 3314 ψεύδεται,

329 3328 444 3384 καὶ
477 3328 643 3399 φύσιν
667 3329 961 3400 ἀριθμοῢν,
1009 3333 1103 3386 καὶ
1142 3335 1338 3403 νόμον·
1371 3334 1658 3407 ὲπεπλάκη
1690 3339 1798 3408 γὰρ
1838 3339 1936 3390 ἀλ-

330 3419 532 3490 λήλοις
557 3421 626 3475 τά
656 3422 788 3494 γένη
824 3425 949 3478 τότε
975 3424 1083 3478 ἀπὸ
1102 3427 1195 3479 τοῦ
1224 3426 1590 3497 Σολομῶντος,
1623 3429 1717 3481 καὶ
1748 3429 1809 3483 τὸ
1831 3430 1940 3484 ἀπὸ

326 3511 445 3565 τοῦ
483 3512 694 3578 Νάθαν,
712 3515 1042 3570 ἀναστάσεσι
1080 3516 1309 3583 τέκνων,
1331 3520 1425 3571 καὶ
1452 3519 1931 3591 δευτερογαμίαις.

338 3601 475 3654 Ἵνα
503 3601 561 3654 δὲ
592 3602 765 3672 σαφὲς
794 3598 839 3685 ³ᾖ
882 3603 944 3657 τὸ
1006 3604 1327 3677 λεγόμενον,
1361 3606 1462 3680 τὴν
1500 3610 1806 3681 ἐπιπλοκὴν
1830 3611 1953 3665 τῶν

337 3690 529 3762 γενῶν
554 3692 913 3766 διηγήσομαι.

2030 2050 2306 2121 gationem
2338 2065 2407 2103 ex
2452 2057 2669 2105 suomet
2713 2049 2923 2104 semine
2968 2047 3175 2103 liberos
3219 2055 3612 2116 procrearnnt,

2030 2140 2310 2196 interdum
2368 2148 2551 2196 autem
2600 2141 2768 2195 etiam
2824 2140 2963 2212 (2‘2),
3023 2140 3069 2195 si
3116 2141 3361 2211 ipsorum
3415 2138 3617 2194 fratres

2032 2233 2198 2288 nullis
2229 2233 2418 2288 liberis
2458 2232 2669 2288 relictis
2702 2232 2872 2286 vitam
2902 2248 3025 2287 cum
3073 2241 3249 2287 morte
3280 2239 3620 2286 commutas-

2033 2332 2177 2388 sent,
2205 2342 2303 2395 per
2328 2325 2597 2378 vicarium
2632 2336 2818 2379 semen
2852 2323 3225 2378 hmreditatem
3270 2323 3410 2394 ipsis
3448 2324 3621 2378 colle-

2035 2426 2253 2489 gerunt.
2315 2417 2462 2489 Ergo
2529 2418 2669 2473 alter
2751 2418 3260 2488 evangelistarum,
3340 2417 3621 2481 naturales

2034 2511 2302 2566 duntaxat
2350 2518 2536 2581 patres
2585 2524 3073 2575 commemorans,
3130 2508 3336 2580 legales
3399 2508 3623 2563 silentio

2036 2604 2333 2673 praeteriit;
2372 2602 2515 2656 alter
2549 2616 2772 2656 rursum
2816 2600 3213 2670 pra‘termissis
3254 2599 3620 2658 naturalibus.

2037 2693 2296 2764 legalium
2332 2692 2583 2763 privatim
2623 2692 2961 2747 mentionem
3008 2689 3159 2747 fecit.
3197 2692 3251 2746 ln
3287 2706 3396 2761 quo
3431 2696 3626 2744 neuter

2037 2786 2107 2841 ab
2148 2800 2216 2841 eo
2238 2784 2386 2855 quod
2422 2800 2520 2855 par
2549 2791 2670 2838 erat
2700 2784 2999 2840 aberravit.
3024 2782 3133 2840 Nec
3166 2798 3296 2839 vero
3319 2784 3626 2838 incommo-

2037 2879 2166 2934 dum
2217 2878 2383 2934 fuerit
2411 2879 2543 2950 (quo
2595 2879 2813 2949 planius
2880 2877 3027 2933 istud
3098 2873 3445 2944 ostendatur)
3488 2881 3629 2928 veto.

2038 2970 2117 3025 ris
2182 2960 2401 3040 quoque
2467 2970 2766 3024 testimonii
2821 2968 3160 3032 meminisse,
3223 2964 3367 3036 quod
3414 2979 3446 3018 a
3507 2964 3628 3017 viro

2038 3061 2274 3132 quodam
2305 3062 2418 3132 (25)
2449 3062 2745 3117 multarmn
2780 3076 2962 3116 rerum
2996 3058 3317 3127 cognitione
3350 3056 3628 3111 instructo

2038 3155 2372 3225 accepimus.
2421 3155 2480 3210 ιιι
2513 3164 2695 3210 autem
2742 3153 2823 3209 sic
2853 3152 2921 3208 ad
2956 3152 3181 3206 verbum
3220 3150 3404 3205 habet.
3436 3146 3627 3214 Quan-

2040 3247 2334 3316 doquidem
2366 3249 2461 3318 qui
2493 3251 2549 3303 in
2580 3237 2789 3302 Christi
2816 3244 3141 3316 genealogia
3172 3245 3243 3297 ab
3272 3239 3632 3312 evangelistis

2041 3340 2378 3404 referuntur,
2410 3339 2610 3411 partim
2643 3338 2739 3392 filii
2764 3337 2911 3394 veris
2936 3335 3191 3405 patribus
3218 3341 3628 3392 successerunt,

2043 3436 2239 3505 partim
2273 3449 2399 3489 cum
2432 3433 2503 3489 ab
2530 3432 2654 3487 aliis
2686 3431 2856 3503 geniti
2889 3437 3101 3494 essent,
3154 3428 3389 3483 aliorum
3442 3433 3628 3479 tamen

2044 3524 2139 3581 lilii
2172 3524 2304 3581 dicti
2326 3532 2482 3590 sunt,
2509 3532 2676 3594 atque
2707 3532 3075 3590 utrorumque
3121 3519 3327 3573 mentio
3355 3514 3498 3571 facta
3522 3524 3632 3577 est,

2045 3618 2151 3674 hoc
2192 3628 2282 3675 est
2333 3627 2389 3674 et
2428 3632 2621 3675 eorum
2656 3616 2751 3687 qui
2797 3620 3134 3688 genuerunt,
3189 3617 3245 3665 et
3287 3624 3481 3666 eorum
3537 3610 3634 3678 qui

2042 3711 2194 3765 velut
2244 3717 2580 3781 genuerunt,
2628 3706 2843 3762 ideirco
2890 3711 3152 3760 neutrum
3207 3698 3633 3767 Evangeliorum

342 3791 661 3856 mentitur,
729 3789 863 3846 dum
930 3799 989 3848 et
1032 3801 1289 3848 naturam
1354 3804 1409 3851 et
1475 3797 1650 3869 legem
1718 3809 1993 3858 numerat.
2050 3802 2188 3859 Nam
2253 3815 2368 3860 tum
2441 3802 2670 3859 familia:
2735 3798 3091 3864 Salomonis,
3132 3805 3187 3853 et
3228 3794 3479 3867 Natha‘n,
3541 3809 3639 3864 per

343 3877 658 3936 liberorum
706 3879 1128 3937 suscitationem
1212 3899 1278 3940 ac
1332 3887 1565 3957 repetita
1631 3891 1983 3955 matrimonia
2058 3894 2204 3952 inter
2269 3911 2329 3953 se
2387 3909 2652 3952 connexa:
2703 3900 2884 3951 erant.
2915 3889 2986 3946 Ut
3049 3900 3232 3945 autem
3285 3886 3637 3958 perspicuum

346 3970 429 4025 sit
456 3970 599 4041 quod
632 3971 782 4034 dico,
822 3988 1084 4043 generum
1119 3976 1534 4044 permistionem
1574 3995 1872 4051 exponam.

439 4063 578 4116 Ἀπὸ
610 4062 705 4117 τοῦ
736 4063 905 4117 Δαὸὶδ
924 4063 1014 4120 διὰ
1050 4066 1402 4136 Σολομῶντος
1424 4069 1525 4134 τὰς
1568 4072 1762 4140 γενεὰς
1812 4092 1946 4129 κατ-

349 4155 1003 4228 αριθμουμένοις,τρίτος
1023 4158 1133 4210 ἀπὸ
1157 4158 1344 4223 τέλους
1363 4160 1683 4233 εὑρίσκεται
1695 4166 1945 4234 Ματθάν,

344 4251 416 4313 ὃς
438 4249 701 4318 ἐγέννησε
760 4250 855 4303 τὸν
908 4248 1127 4315 Ἰακὼϐ,
1154 4250 1250 4304 τοῦ
1318 4252 1518 4323 Ἰωσὴφ
1573 4255 1667 4308 τὸν
1712 4258 1946 4330 πατέρα.

367 4338 509 4393 Ἀπὸ
529 4339 587 4392 δὲ
620 4338 813 4393 Νάθαν
868 4338 964 4392 τοῦ
1017 4340 1184 4393 Δαϐὶδ
1250 4342 1392 4396 κατὰ
1446 4345 1684 4414 Λουκᾶν,
1747 4349 1949 4418 ὁμοίως

349 4428 545 4501 τρίτος
580 4429 689 4483 ἀπὸ
719 4429 912 4494 τέλους
962 4431 1163 4501 Μελχί·
1218 4433 1432 4488 Σκοποῦ
1459 4436 1639 4490 τοίνυν
1668 4441 1803 4509 ἡμῖν
1838 4459 1955 4494 κει-

358 4519 531 4592 μένου
590 4519 689 4575 τοῦ
734 4520 958 4592 Ἰωσὴφ,
988 4522 1365 4589 ἀποδεικτέον,
1418 4527 1537 4591 πῶς
1572 4527 1835 4601 ἑκάτερος
1859 4532 1958 4586 αὑ-

352 4612 455 4666 τοῦ
481 4611 664 4684 πατὴρ
717 4612 1028 4684 ἱστόρηται,
1060 4614 1088 4667 ὃ
1109 4631 1168 4668 τε
1203 4615 1402 4670 Ἰακὼὸ
1443 4619 1552 4672 ἀπὸ
1582 4620 1956 4692 Σολομῶντος,

2123 4078 2170 4130 Δ
2200 4075 2405 4131 Davide
2434 4089 2532 4144 per
2551 4073 2902 4127 Salomoncm
2920 4050 3306 4140 generationes
3345 4076 3642 4116 recensen-

2056 4163 2227 4229 tibus,
2261 4163 2462 4219 tertius
2505 4176 2535 4216 a
2563 4160 2674 4215 line
2699 4158 2919 4213 Mathan
2952 4155 3243 4225 reperitur,
3266 4150 3639 4223 quilacubutn

2054 4256 2279 4326 Josephi
2322 4264 2532 4326 patrem
2571 4253 2786 4323 genuit.
2836 4250 2880 4305 A
2927 4248 3143 4304 Natban
3186 4253 3366 4300 autem
3422 4241 3642 4301 Davidzs

2059 4345 2170 4402 filio
2196 4347 2354 4417 juxta
2387 4345 2615 4408 Lucam,
2645 4343 2838 4399 eodem
2858 4340 3039 4417 modo
3081 4336 3285 4393 tertius
3312 4351 3339 4387 a
3375 4333 3481 4387 line
3508 4330 3643 4385 Me!-

2052 4437 2163 4492 cbi.
2197 4414 2474 4503 Quocirca
2498 4449 2625 4489 cum
2653 4414 2867 4502 Josepli
2910 4425 3073 4484 nobis
3113 4442 3214 4498 pro
3243 4439 3413 4494 scopo
3441 4436 3643 4492 propo-

2053 4537 2241 4594 natur,
2266 4524 2761 4581 demonstraudum
2797 4531 2884 4578 est
2929 4534 3168 4590 quonam
3210 4528 3370 4588 pacto
3410 4526 3646 4584 uterque

2056 4621 2231 4691 ipsius
2255 4628 2410 4690 pater
2434 4634 2559 4675 esse
2578 4617 2780 4672 divinis
2804 4615 3029 4670 Litteris
3058 4610 3346 4683 prodatur,
3384 4607 3645 4663 nimirum

355 4704 457 4758 καὶ
499 4703 648 4758 Ἠλεὶ
676 4703 788 4758 ἀπὸ
814 4703 911 4757 τοῦ
959 4704 1175 4777 Νάθαν,
1190 4707 1465 4778 ,ἑκάτερον
1500 4708 1657 4777 γένος
1682 4712 1935 4782 κατάγον·

2058 4710 2351 4782 ειμιοεεριι
2393 4710 2488 4782 qui
2529 4725 2559 4763 a
2609 4709 2907 4765 Salomone
2955 4714 3139 4761 ortum
3190 4703 3377 4767 traxit,
3417 4710 3474 4755 et
3527 4697 3644 4754 Heli

354 4813 479 4861 τας.
536 4796 652 4850 Καὶ
676 4796 743 4868 δὴ
774 4790 911 4851 οὖνὸ
930 4814 992 4850 τε
1014 4797 1243 4852 Ματθὰν
1300 4799 1397 4852 καὶ
1421 4800 1450 4852 6
1471 4801 1672 4873 Μελχὶ,
1705 4805 1763 4856 ἐν
1794 4804 1955 4876 μέρει

356 4888 462 4957 τὴν
486 4888 660 4960 αὐτὴν
703 4889 966 4961 ἀγόμενοι
1012 4893 1273 4959 γυναῖκα,
1302 4895 1673 4969 ὁμομητρίους
1691 4897 1957 4967 ἀδελφοὺς

359 4981 882 5053 ὲπαιδοποιήσαντο,
930 4982 1026 5035 τοῦ
1053 4983 1220 5055 νόμου
1252 4986 1328 5056 μὴ
1360 4985 1665 5063 κωλύοντος
1695 4989 1957 5061 χηρεύου-

362 5069 545 5145 σαν,ἣ
577 5071 676 5124 καὶ
713 5071 1152 5144 ἀπολελυμένην,
1201 5075 1347 5147 ἄλλῳ
1390 5078 1711 5147 γαμεῖσθαι.
1769 5080 1957 5152 Παρα-

361 5158 575 5212 δέδοται
595 5157 800 5228 τοίνυν,
824 5161 908 5215 ὅτι
936 5162 1155 5233 πρῶτος
1184 5166 1417 5221 Ματθάν
1434 5167 1585 5241 όάπὸ
1608 5169 1956 5241 Σολομῶντος

362 5250 627 5321 κατάγων
654 5254 717 5306 τὸ
743 5252 922 5321 γένος,
979 5253 1076 5307 τὸν
1110 5254 1310 5310 Ἰακὼϐ
1349 5239 1544 5333 γεννᾷο
1571 5260 1666 5313 καὶ
1696 5239 1957 5335 τελευτή-

446 5412 469 5453 ί
511 5380 654 5469 Luc.
688 5427 773 5477 ιιι,
826 5411 899 5468 9.3
936 5426 1104 5484 seqq.

2061 4804 2156 4874 qui
2194 4820 2225 4858 a
2273 4803 2513 4859 Nathan.
2564 4802 2709 4872 Ergo
2739 4809 2794 4855 et
2823 4798 3046 4853 Mathan
3079 4804 3134 4852 et
3165 4793 3358 4850 Melchi
3399 4790 3670 4848 eamdem

2062 4912 2293 4953 uxorem
2335 4897 2585 4952 vicissim
2634 4895 2903 4950 ducentes
2928 4931 2945 4956 ,
2982 4890 3235 4946 uterinos
3283 4885 3487 4940 fratres
3521 4898 3650 4952 pro-

2062 4995 2346 5042 crearunt.
2385 4986 2574 5058 Neque
2602 4985 2747 5041 enim
2791 4986 2880 5040 lex
2918 4981 3271 5055 prohibebat,
3307 4995 3377 5034 ne
3406 4993 3493 5055 ea,
3528 4991 3652 5045 qua:

2065 5079 2324 5133 maritum
2352 5086 2528 5132 morte
2552 5077 2837 5141 amiserat,
2875 5083 2968 5129 aut
3003 5075 3072 5128 ab
3110 5088 3178 5128 eo
3213 5069 3498 5141 repudiata
3534 5068 3651 5122 fne-

2064 5178 2171 5235 rat,
2217 5170 2378 5225 alteri
2415 5169 2671 5224 nuberet.
2699 5167 2979 5222 Memoriae
3020 5165 3205 5236 itaque
3249 5163 3526 5233 proditum
3568 5170 3651 5213 est

2069 5262 2292 5317 Matlzan
2327 5262 2591 5334 primum,
2647 5261 2741 5329 qui
2786 5275 2816 5315 a
2848 5258 3144 5315 Salomone
3177 5256 3444 5329 originem
3468 5254 3653 5308 duce~

1730 5503 2121 5561 COMBEFISII
2152 5507 2381 5566 ΝΟΤᾸΕ.

441 5594 558 5666 (22)
591 5595 655 5652 Si
689 5599 929 5666 ipsorum
969 5598 1188 5667 fratres.
1242 5596 1559 5667 Legendum
1598 5597 1687 5652 hic
1716 5601 1770 5653 in
1803 5596 1958 5654 Grai-

372 5676 557 5737 coest
585 5668 633 5737 εί
665 5667 942 5728 τεθνᾶσιν.
969 5679 1029 5722 ιιι
1063 5683 1265 5723 sensus
1304 5676 1496 5737 aperte
1519 5669 1788 5724 ostendit.

444 5733 560 5809 (23)
600 5735 755 5809 Quod
809 5741 1005 5809 a‘uiro
1043 5737 1293 5809 quodam.
1339 5733 1666 5793 Africanum
1727 5740 1962 5794 innuere

373 5805 619 5880 v_idet_u_r,
648 5807 811 5880 cujus
845 5805 1143 5880 de_hac're
1163 5810 1331 5880 verba
1368 5809 1427 5863 in
1470 5810 1713 5880 medium
1750 5810 1962 5880 profert

379 5875 653 5936 Eusebius
699 5878 843 5933 lib.t
895 5877 1101 5934 Eccles.
1151 5879 1279 5934 hist.
1326 5893 1449 5951 cap.
1502 5878 1554 5935 7.
1602 5875 1764 5938 Hand
1790 5895 1959 5953 porro

2069 5602 2249 5672 ipsius
2282 5603 2579 5668 rationem,
2613 5602 2822 5672 quibus
2854 5601 3196 5672 argumentis
3218 5598 3533 5672 convellere
3565 5596 3654 5650 ni-

2067 5667 2218 5729 tatur
2262 5673 2538 5728 Osiander
2565 5713 2579 5737 ,
2631 5667 2760 5743 uide
2812 5667 2958 5743 apud
3003 5667 3651 5743 hlelchioremACanum,

2068 5744 2164 5798 lib.
2201 5759 2215 5798 t
2269 5744 2348 5798 De
2381 5745 2510 5799 locis
2573 5739 3002 5814 theolog.,'cap.
3058 5742 3114 5810 5,
3153 5742 3247 5797 ubi
3317 5739 3484 5797 etiam
3517 5739 3655 5810 ipsis

2068 5814 2445 5872 eruditissime
2483 5813 2811 5885 respondet.
