3966 6492
1822 351 1985 361 ης-τγ-

368 476 480 547 853

1369 486 1452 548 IN
1478 486 2005 549 NATIVITATEM
2044 489 2110 549 B.
2155 488 2442 551 ΜΑΒΙᾸΕ.
2468 490 2582 551 III.

2058 352 2103 359 ι..

3541 486 3649 555 85ίί

372 594 862 681 μνηστευσαμένου
915 593 1090 667 ταύτῃ
1135 593 1350 666 ἀνδρὸς,
1403 596 1550 665 λέγω
1592 597 1671 664 δὲ,
1732 596 1826 650 τοῦ
1891 598 1955 650 ὲκ

2069 596 2540 652 demonstrabitur
2575 600 2688 654 haec
2740 598 3009 657 divinitus
3055 610 3255 657 vocata
3305 598 3399 656 Dei
3454 600 3648 663 Mater,

370 687 539 740 Δαδιδ
595 687 898 756 πεφηνότος
933 688 1134 758 Ἰωσήφ
1156 705 1171 723 ο
1208 688 1269 741 δν
1300 689 1348 741 εί
1383 691 1447 741 ἐκ
1487 690 1805 759 σπέρματος
1855 689 1950 742 τοῦ

2069 689 2225 756 cujus
2286 690 2369 742 vir
2438 690 2569 757 ille,
2633 689 2726 760 qui
2799 707 2897 762 per
2957 692 3427 763 dispensationem
3503 693 3652 744 omni

368 778 540 831 Δαὸὶδ
585 778 925 847 κατάγεσθαι
977 778 1237 848 δοίημεν,
1287 778 1427 850 πρὸς
1479 780 1724 849 ἀνάγκης
1776 779 1955 841 ἔσται,

368 870 470 923 καὶ
496 870 593 940 τὴν
629 869 779 939 αὐτῷ
807 869 1257 940 μνηστευθεῖσαν,
1293 871 1394 939 τῆς
1441 870 1616 940 αὐτῆς
1655 865 1823 923 οὖσαν
1855 871 1961 938 φά-

366 979 462 1015 ναι
514 961 706 1032 φυλῆς.
740 963 959 1035 Ἰωσὴφ
1001 965 1131 1036 γὰρ,
1159 965 1291 1033 υίὸς
1324 965 1523 1027 Δασὶδ,
1547 965 1633 1034 μὴ
1692 963 1965 1033 φοϐηθῇς

368 1057 744 1122 παραλαϐεῖν
772 1060 1009 1129 Μαριὰμ
1036 1058 1153 1126 τὴν
1206 1057 1466 1129 γυναῖκά
1513 1074 1650 1123 σου,
1676 1059 1704 1109 6
1736 1055 1966 1118 ἐπιστὰς

368 1147 527 1218 αὐτῷ
558 1147 639 1199 δι’.
657 1148 937 1219 ὁράματος
971 1150 1399 1222 προσεφώνησεν
1462 1150 1713 1219 ἄγγελος,
1764 1149 1856 1201 ἐπὶ
1889 1148 1965 1217 τῷ

370 1240 666 1311 παραδόξῳ
732 1242 832 1311 τῆς
883 1244 1167 1314 ἀφράστου
1248 1244 1548 1314 κυοφορίας
1617 1242 1962 1312 ἀσχάλλοντι.

369 1333 590 1387 Οὐκοῦν
618 1335 679 1387 οὐ
703 1333 998 1406 διεψεύσθη
1018 1335 1246 1404 Μωσῆς,
1261 1336 1320 1387 οὐ
1338 1334 1710 1404 διημάρτηται
1732 1332 1919 1399 Δαϐὶδ,
1939 1334 1967 1386 ὁ

373 1426 503 1496 μὲν,
542 1427 618 1495 μὴ
646 1426 970 1495 συγχεῖσθαι
991 1428 1059 1479 τὰ
1086 1428 1216 1496 γένη
1236 1408 1382 1497 ’πρὸς
1412 1427 1586 1480 ἑαυτὰ
1620 1425 1915 1489 θεσπίζων,
1940 1426 1968 1477 6

367 1517 450 1580 δὲ,
485 1518 552 1571 δι’
580 1519 916 1588 ὁρκομοσίας
945 1520 1004 1583 ἐξ
1027 1519 1228 1588 ὀσφύος
1256 1518 1425 1571 αὐτοῦ
1454 1519 1545 1570 τὸν
1568 1518 1806 1586 Χριστὸν
1834 1518 1969 1570 ἀνα-

372 1606 675 1676 στήσεσθαι
742 1608 1261 1679 χρησμωδούμενος.
1323 1607 1480 1660 Οὕτω
1528 1607 1626 1678 μὲν
1680 1604 1774 1659 οὖν
1827 1606 1968 1660 κατὰ

314 1726 319 1734 ι
371 1701 507 1771 ῥοῦν
541 1701 865 1772 ἐπιδραμὼν
888 1705 915 1755 6
942 1702 1122 1771 λόγος,
1159 1702 1348 1770 σαφῶς
1408 1703 1543 1771 ἡμῖν
1577 1699 1639 1765 ἐξ
1670 1699 1844 1754 Ἰούδα
1871 1700 1970 1753 καὶ

372 1795 543 1848 Δαϐὶδ
567 1795 661 1846 τὸν
688 1793 926 1863 Χριστὸν
950 1797 1360 1866 παρεστήσατο.
1411 1792 1756 1863 ιιειράσομαι
1789 1792 1845 1845 δὲ
1877 1792 1968 1845 καὶ

372 1886 554 1949 ἄλλως
607 1884 698 1938 τὸν
751 1887 879 1955 περὶ
927 1885 1122 1939 τούτου
1173 1885 1514 1939 καταθέσθαι
1543 1885 1704 1954 λόγον
1745 1886 1876 1954 ἡμῖν
1903 1885 1967 1938 ἐκ

374 2067 606 2136 κλησίας
670 2066 858 2120 ἄδολον
911 2067 1273 2120 ὲκπεπώκατε
1337 2067 1498 2134 γάλα.
1549 2067 1686 2137 Περὶ
1719 2065 1828 2136 γὰρ
1857 2063 1965 2117 τῶν

376 2161 552 2214 ἄλλων
589 2158 767 2222 οὐδείς
806 2176 896 2228 μοι
929 2158 1088 2227 λόγος
1142 2160 1240 2228 τῆς
1280 2158 1618 2230 προφητείας
1651 2156 1798 2211 οὕτω
1836 2156 1967 2210 καο-

381 2249 688 2319 απτομένης
736 2248 917 2301 αὐτῶν
969 2249 1069 2317 τῆς
1109 2246 1453 2318 πωρώσεως·
1506 2245 1964 2316 Ψηλαερήσουσι

385 2343 511 2413 γὰρ,
531 2343 705 2413 φησὶν.
722 2340 803 2407 ὡς
819 2345 1036 2411 τυφλοὶ
1052 2340 1279 2409 τοῖχον,
1304 2340 1403 2395 καὶ
1421 2340 1502 2406 ὡς
1520 2342 1591 2394 οὐ
1596 2359 1633 2410 χ
1660 2341 1965 2409 ὑπαρχόν-

384 2453 499 2488 των
521 2431 861 2504 ὀφθαλμῶν,
912 2432 1424 2502 ψηλαφήσουσιν.
1473 2432 1637 2501 Ἡμῖν
1667 2432 1725 2485 δὲ
1759 2433 1787 2485 6
1817 2432 1965 2497 θεῖος

378 2526 700 2589 ’Δπόστολος
727 2527 951 2597 ἀρκέσει
976 2525 1175 2595 λέγων’
1209 2526 1438 2595 Σοφίαν
1463 2523 1863 2594 δὲςλαλοῦμεν
1893 2525 1963 2579 ἐν

378 2618 507 2683 τοῖς
533 2618 810 2684 τελείοις·
837 2619 1069 2686 σοφίαν
1099 2617 1171 2670 δὲ
1202 2617 1275 2671 οὺ
1310 2614 1419 2670 τοῦ
1466 2614 1688 2682 αἰῶνος
1716 2616 1961 2679 τούτου,

368 2711 518 2767 οὐδὲ
538 2710 658 2765 τῶν
680 2711 992 2780 ἀρχόντων
1007 2707 1116 2762 τοῦ
1137 2706 1354 2773 αίῶνος
1374 2707 1593 2761 τούτου
1612 2705 1733 2760 τῶν
1748 2721 1967 2775 καταρ-

370 2822 439 2874 ro
450 2803 705 2872 υμένων,
739 2801 900 2856 ἀλλὰ
922 2800 1238 2869 λαλοῦμεν
1255 2798 1407 2853 Θεοῦ
1430 2798 1681 2869 σοφίαν,
1698 2798 1769 2852 ὲν
1808 2812 1969 2867 μυσ-

367 2882 558 2964 τηρίῳ
571 2892 684 2961 τίῖῑν
699 2889 1356 2962 ἀ.τοκεκρυμμένην,νῆν
1370 2890 1448 2959 δὴ
1461 2889 1726 2960 ψυχικὸς
1748 2890 1973 2959 ἅνθρω-

366 2999 489 3053 πος
506 2988 576 3040 οὐ
590 2986 840 3040 δύναται
868 2983 1111 3054 γνῶναι.
1146 2984 1348 3053 Μωρία
1369 2983 1481 3052 γὰρ
1506 2980 1667 3048 αὐτῷ
1689 2981 1846 3046 ἐστι,
1865 2979 1966 3035 καὶ

364 3080 438 3134 οὐ
470 3078 723 3133 δύναται
745 3076 992 3147 γνῶναι,
1014 3074 1103 3129 ὅτι
1123 3075 1531 3143 πνευματικὸς
1551 3072 1962 3140 ἀνακρίνεται.

2064 794 2318 833 sermone
2352 777 2800 850 ‘prazstautiorem
2854 796 2974 836 eam
3020 783 3314 852 despondit
3344 822 3358 848 ,
3413 782 3518 836 hoc
3568 789 3653 835 est

2063 868 2309 940 Josephi,
2377 888 2538 941 quem
2605 888 2670 927 ex
2730 871 2989 929 Davidica
3050 877 3196 931 tribu
3256 884 3439 929 ortum
3515 888 3642 927 esse

2065 969 2305 1015 constat.
2340 963 2442 1029 Qui
2476 964 2523 1018 si
2564 979 2593 1016 a
2647 967 2808 1021 nobis
2835 981 2900 1022 ex
2930 966 3158 1022 Davi-lis
3184 967 3399 1023 semine
3422 966 3654 1020 descen-

2065 1051 2193 1107 dere
2218 1055 2574 1122 concedatur,
2614 1059 2991 1113 neeessarium
3023 1059 3279 1129 profecto
3334 1057 3498 1112 nobis
3551 1055 3657 1109 erit

2067 1145 2346 1209 confiteri,
2377 1162 2498 1202 eam
2543 1162 2802 1220 queque,
2835 1166 2961 1220 qua:
3006 1151 3111 1221 ipsi
3153 1151 3489 1221 desponsata
3539 1156 3655 1212 est,

2066 1237 2311 1308 ejusdem
2357 1240 2536 1296 tribus
2569 1257 2713 1298 esse.
2763 1242 2957 1312 Ioseph
3001 1246 3143 1299 enim
3170 1284 3185 1307 ,
3224 1243 3306 1313 [ili
3352 1241 3523 1296 David
3574 1240 3657 1310 (ut

2067 1318 2192 1384 cum
2246 1332 2521 1388 allocutus
2562 1343 2647 1388 est.
2678 1336 2904 1403 angelus
2926 1335 3041 1401 ille,
3073 1335 3167 1405 qui
3211 1349 3309 1404 per
3330 1335 3512 1389 visum
3548 1332 3655 1401 ipsi

2069 1423 2347 1490 apparuit,
2375 1422 2446 1476 ob
2484 1423 2855 1493 graviditatis,
2887 1426 3197 1481 orationem
3233 1440 3451 1480 omnem
3494 1439 3661 1492 supe-

2068 1514 2268 1579 rantis,
2329 1515 2625 1569 novitatem
2690 1518 2860 1571 animi
2920 1518 3183 1571 mmstitia
3233 1516 3561 1583 laboranti),
3596 1532 3659 1567 ne

2072 1608 2258 1661 timeas
2310 1609 2554 1677 accipere
2603 1608 2843 1663 Mariam
2893 1626 3115 1664 uxorem
3170 1618 3320 1663 tuam
3365 1606 3415 1663 ιι.
3467 1607 3660 1674 Itaque

2072 1713 2172 1752 nec
2203 1697 2375 1753 falsus
2420 1708 2505 1754 est
2545 1701 2744 1768 Moses,
2785 1718 2887 1757 nec
2918 1717 2948 1756 ο
2987 1717 3119 1758 vero
3155 1702 3434 1757 aberravit
3465 1699 3658 1758 David,

2073 1791 2162 1845 ille
2193 1791 2457 1846 nimirum
2506 1794 2685 1848 tribus
2713 1796 2857 1849 inter
2901 1810 2961 1850 se
3008 1795 3229 1849 misceri
3282 1801 3476 1846 vetans
3505 1832 3518 1855 ,
3569 1791 3659 1843 hic

2072 1884 2401 1953 interposito
2441 1885 2805 1952 jurejurando
2848 1886 2917 1942 de
2961 1888 3160 1941 lumbis
3211 1886 3329 1941 suis
3378 1886 3657 1939 Christum

278 2040 287 2047 .
373 1974 625 2028 παλαιῶν
652 1974 1127 2046 συγγραμμάτων,
1152 1977 1266 2038 τοῖς
1287 1975 1402 2028 ὅσοι
1428 1975 1587 2046 δῆλον
1615 1973 1676 2027 τὸ
1700 1973 1801 2044 τῆς
1840 1972 1962 2027 Ἐκ-

2069 1975 2360 2029 excitatum
2398 1975 2465 2029 iri
2505 1975 2833 2031 vaticinans.
2867 1978 2945 2030 Ad
2995 1977 3144 2031 hunc
3207 1977 3372 2046 igitur
3436 1977 3658 2027 modum

2069 2066 2246 2120 oratio
2274 2073 2460 2121 nostra
2491 2082 2557 2122 ex
2598 2058 2766 2121 animi
2804 2069 3080 2122 sententia
3135 2067 3465 2127 decurrens,
3531 2079 3657 2132 per-

2068 2158 2260 2229 spicue
2306 2159 2467 2215 nobis
2499 2158 2780 2215 Christum
2822 2174 2889 2213 ex
2928 2158 3068 2213 Juda
3115 2170 3170 2215 et
3217 2158 3419 2214 Davide
3472 2168 3655 2209 ortum

2066 2264 2191 2306 esse
2231 2249 2599 2305 conﬁrmavit.
2655 2252 2920 2307 Conabor
2989 2259 3171 2307 autem
3224 2251 3389 2305 etiam
3437 2249 3660 2301 aliunde

2070 2342 2339 2397 rationem
2391 2342 2628 2412 hujusce
2661 2343 2742 2398 rei
2770 2344 2950 2411 vobis,
2975 2342 3367 2413 qtti‘Ecclesia:
3417 2341 3501 2394 lac.
3547 2338 3661 2393 doli

2066 2447 2264 2501 expers
2319 2433 2573 2489 ebibistis
2607 2435 2623 2474 ί
2654 2475 2669 2499 ,
2734 2450 2802 2488 ex
2857 2435 3134 2490 veteribus
3180 2431 3663 2487 lucubrationilms

2069 2523 2284 2579 aﬁ'erre.
2338 2523 2475 2579 Nam
2520 2525 2590 2580 de
2621 2526 2772 2589 aliis,
2803 2525 2952 2579 nulla
2987 2524 3120 2578 mihi
3154 2538 3286 2578 cura
3317 2530 3424 2588 est,
3456 2508 3663 2590 quippe

2068 2630 2194 2671 cum
2227 2616 2495 2687 propheta
2524 2631 2717 2671 eorum
2751 2617 3057 2672 caecitatem
3083 2631 3148 2670 ac
3183 2615 3561 2685 stupiditatem
3593 2611 3659 2666 ad

2072 2708 2221 2764 hunc
2257 2707 2480 2764 modum
2529 2709 2854 2774 insectet-ur,
2908 2709 3255 2780 Palpabunt,
3294 2708 3494 2777 inquit,
3543 2715 3663 2758 lan-

2069 2816 2228 2871 quam
2260 2801 2388 2855 cruci
2419 2801 2673 2868 parietem
2697 2842 2711 2867 ,
2747 2810 2796 2856 et
2844 2809 3100 2871 tanquam
3138 2798 3311 2853 oculis
3351 2796 3492 2862 αςριὶ
3535 2810 3659 2847 conv

2073 2889 2435 2945 treclabunti.
2469 2890 2581 2945 Nos
2606 2899 2789 2962 autﬁn
2816 2890 2924 2945 hoc
2950 2889 3202 2960 Apostoli
3228 2889 3379 2943 dicto
3414 2894 3662 2939 contenti

2073 2983 2283 3037 erimus
2317 2999 2330 3035 :
2364 2981 2698 3051 Sapientiam
2734 2982 3003 3052 loquimur
3047 2983 3189 3036 inter
3234 2981 3516 3050 perfectos,
3574 2995 3664 3030 sa-

2068 3071 2328 3139 pientiam
2369 3086 2529 3141 porro
2566 3088 2673 3126 non
2725 3071 2884 3142 hujus
2934 3073 3121 3127 strculi
3151 3113 3165 3138 ,
3214 3087 3307 3124 nec
3360 3071 3662 3139 principum

364 3169 532 3239 hujus
584 3168 767 3224 swculi
808 3169 897 3239 qui
935 3167 1308 3233 destruantur,
1351 3165 1442 3221 sed
1514 3165 1785 3236 loquimur
1849 3163 1942 3218 Dei
2011 3164 2334 3231 sapientiam
2388 3166 2445 3219 in
2503 3165 2758 3234 mysterio
2808 3166 3202 3231 absconditam,
3236 3179 3392 3234 quam
3447 3159 3660 3231 quidem

365 3262 631 3317 animalis
668 3259 825 3316 homo
857 3263 1125 3332 percipere
1156 3277 1261 3317 non
1291 3268 1484 3331 potest.
1533 3258 1788 3316 Stultitia
1826 3260 1966 3314 enim
2004 3269 2084 3314 est
2119 3258 2229 3326 illi,
2257 3269 2307 3316 et
2345 3276 2447 3315 non
2486 3269 2657 3330 potest
2695 3260 3032 3331 intelligere;
3107 3260 3237 3331 quia
3307 3256 3663 3327 spiritualiter

362 3357 721 3415 examinatur
752 3355 801 3407 ιε.

436 3493 572 3546 Τῶν
600 3491 781 3547 τοίνυν
803 3492 884 3564 τῷ
911 3492 1135 3565 Χριστῷ
1162 3493 1591 3566 πεπραγμένων,
1615 3496 1768 3550 ἐστὶν
1801 3495 1837 3550 ὃ.
1873 3495 1966 3549 καὶ

2140 3492 2316 3563 igitur
2347 3506 2412 3545 ex
2446 3490 2534 3548 his
2579 3504 2703 3561 quae
2758 3504 2789 3544 a
2822 3487 3049 3544 Christo
3099 3493 3253 3559 gesta
3302 3496 3457 3549 sunt,
3518 3498 3661 3539 non—

365 3585 502 3647 τοὺς
523 3584 753 3647 πολλοὺς
782 3584 1063 3654 διέφυγεν,
1101 3586 1203 3639 ὅσα
1239 3604 1299 3639 τε
1361 3586 1653 3658 χρησίμως
1679 3587 1960 3640 ἐσιωπᾶτο

2072 3586 2219 3641 nulla
2257 3584 2401 3656 vulgi
2445 3583 2829 3654 cognitionem
2871 3580 3155 3652 fugerunt,
3189 3578 3299 3634 hoc
3337 3586 3424 3633 est
3473 3576 3659 3630 omnia

362 3677 490 3737 τοῖς
518 3673 643 3727 τότε
696 3673 771 3738 ὡς
800 3673 937 3745 φέρε
989 3675 1189 3742 είπεῖν,
1220 3675 1290 3728 τὰ
1329 3676 1436 3747 πρὸ
1464 3675 1559 3729 τοῦ
1588 3675 1966 3746 βαπτίσματος

2069 3695 2135 3734 ea
2191 3693 2314 3749 quae
2373 3678 2444 3734 iis
2477 3717 2493 3743 ,
2551 3677 2644 3747 qui
2710 3685 2824 3730 tum
2898 3672 3165 3745 temporis
3218 3679 3398 3736 erant,
3450 3670 3662 3726 utiliter

364 3763 525 3835 αὑτῷ
579 3765 973 3837 πεπραγμένα,
1024 3767 1118 3820 καὶ
1141 3769 1174 3839 ή
1199 3767 1321 3821 καθ’
1350 3767 1409 3821 ὃν
1440 3768 1589 3821 ὲὸίου
1629 3767 1829 3839 τρόπον
1851 3766 1972 3820 δια-

365 3857 536 3930 γωγὴ
587 3857 738 3919 ἐντὸς
791 3858 932 3911 ὅλων
989 3857 1132 3913 ἐτῶν
1184 3860 1519 3930 τριάκοντα,
1553 3860 1967 3937 μηδεμιᾶς-που

366 3949 582 4019 ταύτην
638 3949 864 4022 Γραφῆς
923 3942 1273 4022 ε’στορούσης.
1312 3952 1407 4007 Ἓν
1434 3948 1527 4006 οὖν
1581 3954 1690 4005 τῶν
1733 3952 1969 4021 μάλιστα

365 4041 781 4111 σεσιγημένων,
844 4044 940 4097 καὶ
972 4043 1035 4097 τὸ
1063 4044 1207 4098 κατὰ
1232 4045 1332 4114 τὴν
1354 4045 1610 4116 γέννησιν
1631 4045 1796 4099 αὐτοῦ
1833 4046 1968 4099 θαῦ-

368 4150 449 4201 μα
488 4129 580 4203 ἦν,
599 4132 784 4203 ὀλίγου
836 4134 949 4189 δεῖν
989 4137 1199 4201 πάντας
1222 4135 1407 4202 λαθὸν,
1433 4136 1557 4190 καθ’
1589 4136 1649 4191 ὃν
1696 4138 1968 4209 ἐνηνθρω-

364 4224 545 4294 στήκει
569 4223 781 4294 χρόνον,
815 4224 998 4295 ὀλίγον
1030 4226 1208 4291 ἐκτὸς,
1235 4225 1311 4290 ὥς
1326 4226 1461 4295 φησί
1494 4244 1598 4280 που
1623 4226 1780 4296 ἅγιος
1805 4227 1966 4299 ἀνὴρ,

377 4314 652 4384 Ἰγνάτιος
674 4316 846 4386 ὄνομα
897 4317 1067 4388 αὐτῷ⁸
1102 4318 1213 4372 Καὶ
1240 4317 1397 4372 ἔλαθε
1446 4318 1537 4370 τὸν
1583 4317 1819 4390 ἄρχοντα
1872 4318 1967 4372 τοῦ

364 4406 570 4470 αἰῶνος
620 4406 813 4462 τούτου
876 4410 911 4480 ἠ
964 4409 1268 4481 παρθενεία
1327 4410 1570 4480 Μαρίας,
1640 4410 1968 4473 καὶὸτόκος

365 4498 570 4567 αὐτῆς,
587 4498 792 4567 ὁμοίως
813 4500 909 4552 καὶ
931 4501 960 4552 6
986 4499 1219 4564 θάνατος
1236 4500 1496 4572 Χριστοῦ.
1514 4501 1654 4571 Τρία
1681 4500 1962 4570 μυστήρια

369 4592 650 4662 κραυγῆς,
686 4591 847 4645 ἅτινα
873 4592 930 4651 ὲν
956 4592 1161 4662 ἡσυχίᾳ
1203 4590 1338 4644 Θεοῦ
1396 4591 1667 4661 ἐπράχθη.
1726 4590 1969 4652 Είκότως

365 4679 467 4736 οὖν
498 4681 609 4754 ἄρα
653 4684 773 4738 κατ’
789 4684 969 4739 ἐκεῖνο
986 4683 1204 4754 καιροῦ,
1227 4685 1261 4755 ἡ
1285 4684 1387 4754 μὲν
1402 4682 1458 4738 ἐξ
1474 4683 1634 4751 ἁγίου
1649 4682 1790 4736 Πνεύ
1798 4698 1968 4753 ματος

365 4773 467 4826 τοῦ
486 4773 725 4844 Χριστοῦ
753 4775 906 4845 παρὰ
944 4777 1056 4838 τοῖς
1079 4775 1295 4839 πολλοῖς
1313 4775 1607 4828 ’ἐσιωπᾶτο
1628 4774 1862 4843 γένεσις.
1888 4773 1967 4827 Ὅ

2072 3771 2298 3826 silentio
2327 3770 2747 3842 premebantur,
2787 3767 2944 3823 verbi
2969 3766 3171 3837 gratia,
3209 3780 3335 3836 qua:
3376 3770 3507 3818 ante
3561 3761 3669 3818 ba-

2052 3865 2335 3934 ptismum
2367 3866 2435 3917 ab
2467 3876 2534 3917 eo
2565 3861 2711 3916 facta
2743 3868 2898 3927 sunt,
2925 3868 2977 3915 et
3003 3874 3066 3914 ea
3101 3859 3224 3913 vita:
3264 3858 3406 3912 ratio
3432 3896 3446 3922 ,
3492 3871 3656 3925 quam

2070 3955 2139 4010 ad
2177 3954 2523 4011 tricesimum
2558 3969 2735 4024 usque
2768 3954 2950 4008 aetatis
2995 3966 3201 4007 annum
3236 3951 3433 4006 tenuit.
3470 3947 3658 4016 Neque

2068 4048 2213 4103 enim
2245 4062 2365 4103 eam
2411 4061 2649 4117 usquam
2697 4044 2984 4116 Scriptura
3026 4048 3448 4100 commemorat.
3478 4037 3659 4095 Unuu

2073 4140 2261 4210 itaque
2290 4155 2357 4194 ex
2384 4139 2476 4205 iis,
2513 4154 2636 4210 qua:
2663 4154 2832 4210 quam
2862 4139 3102 4211 maxime
3138 4136 3471 4199 silebantur,
3501 4140 3659 4188 ortu;

2072 4231 2252 4303 ipsius
2298 4231 2630 4286 miraculum
2676 4238 2796 4286 erat
2834 4248 2849 4287 :
2883 4230 3028 4302 quod
3084 4229 3332 4300 quidem,
3378 4242 3489 4297 quo
3524 4233 3659 4279 tem-

2070 4339 2205 4395 pore
2241 4326 2537 4378 humanam
2560 4330 2819 4378 naturam
2849 4322 3441 4393 suscipiebatﬂiaueis
3497 4333 3661 4373 exce—

2071 4415 2200 4484 ptis,
2229 4414 2486 4470 omnibus
2542 4415 2883 4486 incognitum
2914 4423 3055 4478 erat,
3109 4423 3169 4468 ut
3219 4413 3455 4483 quodam
3518 4412 3658 4471 loco.

2069 4506 2273 4576 inquit,
2315 4507 2400 4559 vir
2450 4514 2680 4562 sanctus
2721 4505 2967 4578 lgnatius
3000 4524 3014 4560 :
3044 4505 3110 4560 Et
3149 4507 3453 4577 principem
3492 4505 3659 4573 hujus

2071 4595 2255 4652 Sicculi
2289 4595 2451 4650 latuit
2484 4594 2670 4651 Maria:
2721 4595 3052 4665 virginitas,
3106 4597 3393 4666 ipsiusque
3444 4605 3657 4664 partus.

2072 4688 2315 4758 itemque
2375 4687 2580 4743 Christi
2637 4703 2808 4744 mors.
2867 4688 3004 4743 Nam
3069 4688 3182 4760 (2i)
3232 4689 3335 4743 tria
3396 4688 3661 4743 clamoris

2073 4780 2334 4853 mysteria
2364 4779 2423 4835 in
2459 4780 2645 4850 quiete
2700 4796 2765 4837 ac
2794 4781 3017 4837 silentio
3056 4790 3178 4836 acta
3217 4789 3365 4836 sunt.
3403 4781 3523 4836 Non
3563 4782 3662 4836 ab;

365 4866 427 4920 δὲ
444 4834 648 4937 Ἰωσὴφ
666 4868 723 4920 ἐν
743 4834 902 4940 xta-2a
912 4834 1121 4938 πατρὸς
1143 4834 1622 4938 παρελαμϐάνετο.
1640 4834 1966 4925 ’Κάντεῦοεν

2071 4834 2339 4944 redigitur
2378 4872 2585 4928 Christi
2622 4889 2689 4928 ex
2727 4873 2939 4945 Spiritu
2988 4881 3186 4930 sancto
3220 4874 3484 4930 nativitas
3514 4875 3657 4944 apud

367 4956 465 5013 οἷα
517 4959 689 5025 εἰκὸς,
729 4960 808 5025 ὡς
832 4959 1019 5032 πατὴρ
1044 4958 1141 5014 τοῦ
1198 4959 1389 5024 παιδὸς
1438 4959 1865 5030 ὲγενεαλογεϊτο.
1904 4961 1967 5017 Εἰ

444 5139 475 5187 h
506 5137 706 5202 Matth,
732 5155 773 5203 ι,
821 5137 915 5194 20.

2077 4963 2273 5034 vulgus
2306 4963 2598 5032 silebatur,
2631 4979 2696 5020 ac
2725 4952 2929 5036 Joseph
2970 4965 3091 5021 loco
3121 4966 3300 5037 patris
3342 4966 3665 5023 assumeba-

1000 5139 1017 5179 ι
1049 5137 1071 5192 1
1107 5136 1265 5194 Petr.’
1321 5154 1387 5204 tt,
1410 5137 1467 5192 2.
1546 5138 1560 5191 i
1600 5138 1703 5194 lsa.
1738 5154 1851 5204 th,
1895 5138 1982 5206 10,
2060 5139 2089 5185 κ
2114 5139 2131 5193 l
2157 5140 2285 5196 Cor.
2318 5156 2378 5209 ιι,
2407 5141 2462 5209 6,
2495 5142 2649 5212 7,Μ.

1715 5290 2104 5349 COMBEFISll
2129 5294 2361 5352 NOTAE.

450 5431 566 5503 (τι)
609 5431 741 5487 Tria
789 5433 898 5485 Iure
921 5431 1174 5503 clamoris
1225 5429 1498 5503 mysteria.
1556 5428 1642 5503 Eo
1663 5428 1810 5503 _|oco
1869 5425 1967 5481 do-

374 5498 660 5559 ctissimus
706 5500 984 5571 interpres
1016 5498 1350 5564 Vairlenius,
1383 5509 1572 5555 annot.
1616 5499 1711 5562 ‘29,
1753 5498 1968 5553 clamo-

379 5589 493 5625 rem
532 5574 680 5626 illum
730 5574 801 5628 ab
840 5573 1054 5642 lgnatio
1086 5572 1388 5637 signiﬁcari
1445 5572 1751 5642 existimat,
1801 5580 1965 5642 quem

377 5643 637 5698 Christus
674 5643 785 5710 jam
828 5636 1085 5711 spiritum
1144 5645 1198 5697 in
1250 5657 1422 5696 crure
1470 5640 1735 5695 emittens
1767 5636 1967 5711 edidit.

376 5713 480 5766 Cui
521 5706 702 5767 tamen
738 5706 986 5781 opinioni
1032 5714 1118 5766 vix
1168 5712 1432 5768 assentiri
1479 5725 1725 5781 possum.
1770 5706 1971 5781 Neque

380 5783 525 5835 enim
570 5783 637 5837 ad
685 5779 891 5837 (ηπ-ιδῃ
928 5784 1229 5837 clamorem
1265 5782 1324 5836 Ι).
1366 5779 1553 5835 Maria:
1589 5779 1875 5849 virginitas
1913 5786 1969 5832 ct

385 5869 572 5921 pztr'JlS
614 5857 724 5906 ullo
772 5864 934 5921 pacto
973 5854 1167 5908 referri
1214 5869 1375 5922 posse
1406 5852 1967 5922 videnturtquteta-

386 5919 509 5977 tuen
562 5935 701 5979 inter
762 5919 1008 5995 λραυγῆς
1068 5919 1343 5995 μυστήρια
1402 5919 1960 5993 reccnsotlguatins.

2071 5431 2262 5505 Itaque
2292 5432 2629 5505 simpliciter
2661 5433 2805 5489 idem
2840 5451 2966 5490 esse
2992 5443 3128 5505 puto
3156 5436 3419 5491 clamoris
3450 5442 3656 5505 myste-

2072 5502 2179 5576 ria,
2234 5502 2707 5576 ac_si’dixisset,
2755 5505 2868 5559 alta
2922 5502 3060 5561 voce
3114 5502 3659 5576 praulicaudaflloc

2072 5575 2217 5626 enim
2251 5574 2405 5628 velut
2445 5590 2542 5644 per
2576 5575 3002 5631 admirationem
3047 5574 3187 5630 dicit
3231 5577 3317 5628 vir
3368 5577 3655 5630 sanctissi-

2074 5659 2219 5706 mus,
2265 5660 2461 5715 nempe
2496 5645 2603 5699 tria
2629 5648 2915 5715 mysteria,
2952 5646 3225 5701 altissima
3260 5646 3658 5715 praedicatione

2076 5715 2262 5786 digna,
2318 5715 2406 5786 ita‘
2445 5715 2924 5786 peractarl'uisse,
2985 5727 3043 5770 ttt
3090 5717 3374 5771 diabolum
3431 5731 3658 5786 prorsus

2076 5784 2335 5840 laterent.
2371 5784 2739 5854 Ex’pungeuda
2764 5796 2951 5840 autem
2990 5789 3090 5840 hoc
3118 5787 3240 5840 loco
3267 5800 3350 5841 eSt
3387 5784 3491 5841 vos
3523 5788 3658 5841 θεοῦ

2074 5863 2201 5929 ante
2243 5856 2516 5929 ἐπράχθη.
2564 5856 2717 5929 lianc
2763 5859 2911 5911 enim
2961 5873 3059 5912 nec
3099 5856 3283 5913 Ουτοι
3335 5857 3527 5928 lguatii
3571 5875 3661 5914 (u-

2073 5926 2250 5988 dices,
2284 5926 2397 5985 nec
2428 5926 2583 5984 vetus
2623 5927 2788 5983 etiam
2832 5929 3112 6001 interpres
3141 5926 3476 6002 agnoscunt.
