3966 6428
178 433 283 499 857

1216 430 1301 491 ΙΝ
1339 428 1865 492 NATIVITATEM
1917 428 1984 489 B.
2027 427 2315 488 MARL‘E.
2357 427 2474 487 III.

3346 421 3453 488 858

174 541 381 613 γοῢνια
408 538 565 606 δῆλον
586 537 758 609 αὐτὴν
787 533 929 594 εἶναι
954 540 1020 594 ὲκ
1048 541 1249 608 Δαϐίδς
1305 542 1381 595 Οὐ
1414 542 1524 620 γὰρ
1578 542 1646 596 ἂν
1682 540 1760 613 μὴ

1875 554 1987 595 eam
2033 540 2242 595 editum
2290 546 2396 599 est,
2445 536 2753 593 vaticinans
2785 534 3007 591 Gabriel
3035 574 3050 596 .
3105 539 3305 605 praeter
3344 533 3479 586 alia-

175 637 241 692 ιχ
293 630 463 686 Δαόὶδ
503 628 871 703 τυγχανούση,
924 631 986 683 τδ
1030 630 1219 686 Δώσει
1274 632 1437 698 αὐτῷ
1495 636 1528 687 ό
1592 633 1760 698 Θεὸς,

174 720 412 793 εἰρήκει,
468 715 574 771 τὸν
617 718 835 786 θρόνον
871 717 1051 773 Δαϐίδ
1098 719 1206 774 τοῦ
1255 720 1491 789 πατρὸς
1547 720 1762 776 αὐτοῦ.

173 809 343 865 Ιιοίου
391 808 504 879 γὰρ
549 808 755 880 πατρὸς
798 808 865 863 ἂν
909 809 1193 881 εἰκότωςή
1238 810 1518 882 Παρθένος
1548 811 1762 882 ἠρώτα,

173 900 519 972 ὁμολογοῦσα
551 900 654 972 μὲν
682 900 767 954 ότι
800 900 973 971 ἄνδρα
1002 901 1065 954 οὐ
1095 899 1388 970 γινώσκει,
1416 901 1668 973 μαθοῦσα
1704 902 1764 956 δὲ
1809 906 1819 915 ’

98 1022 103 1026 -
173 990 345 1053 δτιὲκ
363 988 685 1060 Πνεύματος
725 988 885 1057 ἁγίου
911 989 1266 1060 συλλήψεται,
1299 992 1350 1045 εί
1398 990 1474 1063 μὴ
1513 992 1693 1063 σαφὴς
1736 993 1766 1045 ό

171 1081 338 1150 λόγος
367 1076 437 1152 ἦν
467 1081 605 1153 πρὸς
637 1079 917 1151 θυγατέρα
974 1082 1141 1136 Δαϐὶδ
1188 1081 1515 1153 λεγόμενοςς
1569 1083 1765 1138 Ἔνθεν

172 1172 349 1243 φησιν
384 1171 612 1235 εἰκότως
633 1173 662 1225 ὁ
688 1172 1147 1242 Δουκᾶς⁶⁹Ανέση
1180 1172 1251 1227 δὲ
1282 1173 1381 1229 καί
1418 1174 1643 1245 Ἰωσὴφ
1694 1175 1765 1231 ἐκ

171 1263 286 1333 τῆς
321 1263 658 1330 Γαλιλαίας
676 1261 744 1316 ἐκ
781 1260 894 1332 τῆς
940 1264 1174 1331 πόλεως
1212 1263 1475 1334 Ναζαρὲθ
1522 1268 1612 1333 είς
1650 1267 1765 1336 τὴν

172 1355 473 1412 Ἰουδαίαν
502 1355 971 1425 ἀπογράψασθαι
1011 1357 1102 1421 είς
1147 1355 1328 1410 πόλιν
1385 1355 1583 1422 Δαϐίδ,
1636 1357 1766 1426 ἣτις

174 1450 448 1509 καλεῖται
470 1448 766 1518 Βηθλεὲμ,
794 1446 893 1503 διὰ
929 1449 995 1503 τὸ
1029 1445 1182 1503 εἶναι
1229 1449 1420 1503 αὐτὸν
1479 1449 1548 1515 ἐξ
1592 1449 1765 1505 οἴκου

175 1545 275 1600 καί
311 1543 569 1613 πατριᾶς
589 1543 789 1610 Δαϐίδ,
821 1543 946 1598 σὺν
983 1542 1217 1611 Μαριὰν
1263 1542 1341 1612 τῇ
1384 1560 1765 1613 μεμνηστευ-

171 1633 332 1705 μένῃ
368 1634 532 1699 αὺτῷ
558 1634 720 1702 οὔσῃ
759 1633 975 1703 ἐγκύῳ.
1010 1634 1210 1687 Οὐκέτι
1249 1633 1360 1705 γὰρ
1403 1636 1505 1704 τὴν
1554 1633 1765 1705 παροῦ-

180 1744 281 1781 σαν
298 1726 620 1797 ἀμφιῦόλως
644 1709 1080 1796 ἀναγνωσόμεθα
1105 1724 1252 1790 λέξιν
1273 1763 1289 1787 ,
1312 1724 1387 1788 ὡς
1416 1725 1516 1795 τῆς
1548 1725 1766 1796 Μαρίας

178 1814 611 1888 ἀπογράψασθαι
652 1817 816 1887 μόνον
842 1816 1225 1887 συνελθούσης,
1248 1815 1366 1870 ἀλλ’
1402 1816 1479 1879 ὡς
1540 1817 1633 1869 καὶ
1664 1817 1765 1870 αύ-

1866 632 1973 687 hoe
2011 646 2233 701 quoque
2266 630 2409 685 dixit
2438 650 2451 686 :
2491 627 2558 684 Et
2584 628 2734 684 dabit
2766 631 2817 683 ei
2837 627 3102 682 Dominus
3136 626 3312 681 sedem
3342 625 3455 681 Da-
3564 654 3570 661 ο

1864 722 1953 777 vid
1984 723 2157 788 patris
2196 720 2312 791 ejus
2337 728 2385 776 °.
2442 720 2714 788 Quidnam
2771 721 2903 776 hinc
2956 715 3202 775 docens?
3246 717 3455 789 Nempe

1864 809 2014 880 quod
2052 807 2225 864 David
2249 809 2395 879 ejus,
2420 811 2516 880 qui
2544 827 2611 866 ex
2638 825 2703 865 ea
2736 810 3050 866 nasciturus
3075 819 3216 875 erat,
3251 824 3454 879 parens

1864 911 2033 957 esset.
2088 901 2154 956 Et
2190 903 2284 973 qui
2342 902 2565 957 tandem
2613 902 2822 968 alioqui
2861 911 3297 959 consentaneum
3334 910 3455 958 erat

1865 993 2119 1060 angelum
2148 991 2234 1048 his
2257 993 2324 1047 ad
2344 990 2628 1062 Virginem
2661 992 2843 1047 verbis
2866 991 2963 1056 uti,
2991 991 3099 1045 nisi
3132 991 3261 1058 quia
3287 990 3451 1043 simul

1864 1097 2088 1153 quoque
2125 1096 2245 1139 eam
2296 1097 2365 1138 ex
2411 1082 2614 1138 Davide
2653 1091 2831 1138 ortam
2876 1097 3003 1138 esse
3050 1079 3455 1136 conﬁtebatur?

1864 1172 2055 1246 Neque
2081 1175 2231 1231 enim
2264 1175 2333 1231 ad
2367 1191 2514 1239 eam,
2556 1176 2663 1234 nisi
2702 1191 2769 1232 ex
2803 1174 3008 1231 Davide
3042 1181 3450 1245 promanasset,

1866 1269 1984 1340 ipse
2023 1268 2257 1325 dixisset
2299 1286 2315 1323 :
2359 1268 2522 1323 Dabit
2575 1269 2625 1324 ei
2671 1268 2812 1324 Deus
2858 1268 3036 1324 sedent
3074 1266 3245 1322 David
3275 1265 3451 1336 patris

1864 1356 1974 1414 sui.
2032 1358 2334 1427 Cujnsnam
2373 1361 2525 1415 enim
2584 1360 2783 1431 patris,
2816 1362 3012 1414 merito
3056 1358 3454 1429 interrogasset

1867 1449 2055 1522 Virgo,
2078 1467 2201 1520 qua:
2229 1451 2600 1513 confitebatur
2647 1451 2867 1523 quidem
2909 1452 3053 1521 quod
3107 1451 3284 1504 virmu
3341 1463 3451 1502 non

1865 1552 2229 1614 cognosceret
2273 1545 2643 1616 (intellexerat
2673 1553 2859 1599 autem
2904 1542 3021 1597 fore
3054 1550 3112 1596 ιιι
3139 1557 3204 1596 ex
3242 1539 3453 1610 Spiritu

1866 1637 2508 1708 sanctosconciperet),
2556 1635 2661 1691 nisi
2706 1635 3001 1706 perspicue
3061 1634 3179 1703 ipse
3235 1632 3300 1685 ad
3350 1630 3456 1682 Da-

1868 1724 2010 1780 vitlis
2040 1725 2206 1780 tiliam
2239 1725 2597 1793 loqueretur?
2635 1724 2789 1781 Unde
2810 1740 2919 1778 non
2940 1724 3229 1777 immerito
3254 1738 3282 1773 a
3307 1719 3455 1774 Luca

1867 1814 2078 1870 dictum
2108 1823 2228 1870 est:
2265 1815 2520 1870 Ascendit
2544 1824 2723 1869 autem
2755 1824 2805 1869 et
2835 1813 3036 1881 Ioseph
3066 1830 3098 1865 a
3135 1810 3368 1866 Galila'a
3392 1826 3458 1863 ex

178 1909 279 1978 τῆς
305 1907 403 1961 σὺν
419 1905 500 1979 τῷ
535 1907 737 1977 Ἰωσὴφ
760 1906 822 1971 ἐξ
851 1906 1003 1959 οἴκου
1034 1907 1129 1960 καὶ
1161 1908 1396 1976 πατριᾶς
1420 1905 1603 1973 Δαϐὶδ,
1658 1907 1759 1977 τῆς

1875 1909 2081 1961 civitate
2141 1906 2419 1962 Nazaretlt
2469 1910 2523 1961 in
2551 1906 2832 1969 Iudaeam,
2890 1916 2946 1959 ut
2997 1905 3350 1974 proﬁteretur
3401 1903 3455 1955 in

179 1997 438 2067 τοιαύτης
458 1995 758 2068 ἑρμηνείας
786 1995 914 2059 τοὺς
945 1994 1137 2063 λόγους
1166 1997 1232 2048 ὲκ
1273 1993 1384 2047 τῶν
1433 1993 1764 2064 ἀποδεδομέ-

183 2106 290 2141 νων
317 2084 851 2157 έχοντες.Δεδείχθαι
911 2085 1204 2155 τοιγαροῦν
1250 2086 1439 2155 σαφῶς
1495 2085 1761 2157 ἠγοῦμαι,

186 2179 274 2235 ὅτι
330 2176 403 2248 μὴ
480 2175 657 2246 μάτην
718 2174 916 2245 Ἰωσὴφ
992 2175 1398 2244 γενεαλογεῐται
1451 2175 1601 2247 παρὰ
1650 2177 1767 2240 τοῖς

195 2268 385 2341 θείοις,
408 2266 836 2337 εὐαγγελισταϊς,
883 2259 928 2335 ᾧ
968 2266 1105 2337 πρὸς
1139 2265 1387 2336 ἀνάγκης
1411 2266 1508 2318 καὶ
1548 2266 1582 2335 ἡ
1614 2265 1767 2337 Παρ-

201 2358 348 2422 θένος
369 2358 626 2426 ἀπόγονος
648 2357 782 2411 οὖσα
813 2356 1002 2420 Δαόὶδ,
1033 2355 1387 2427 ὲφεπομένως
1414 2356 1763 2428 γνωρίζεται,

198 2451 289 2509 καὶ
315 2452 343 2504 ό
370 2449 486 2503 καθ’
516 2449 795 2520 ὑπεροχὴν
836 2447 1113 2520 θαύματος
1142 2448 1203 2513 ἐξ
1235 2449 1407 2520 αὐτῆς
1434 2447 1771 2527 γεγεννημέ-
1812 2478 1821 2484 ~

189 2559 280 2605 νος
325 2541 557 2613 Χριστὸς
598 2540 829 2614 Ἰησοῦς,
855 2542 884 2597 ὁ
928 2540 1023 2596 τοῦ
1053 2540 1191 2595 Θεοῦ
1239 2541 1570 2614 προαιώνιος
1607 2543 1766 2605 Παίς.

183 2630 297 2687 Καὶ
324 2632 353 2685 ὁ
378 2631 592 2695 τούτοις
634 2631 943 2701 ἀντιλέγειν
996 2629 1361 2702 πειρώμενος,
1410 2629 1536 2684 καθ’
1573 2630 1766 2685 ἑαυτοῦ

121 2718 129 2724 ’
184 2724 441 2794 πειρᾶται
476 2722 682 2794 μᾶλλον
713 2720 808 2776 τοῦ
833 2721 1029 2776 ἑαυτοῦ
1060 2719 1310 2791 γλώττης
1345 2719 1660 2791 πραθῆξαι
1708 2720 1771 2773 τὸ

180 2815 357 2885 ξίφος,
391 2814 483 2868 καὶ
516 2814 682 2887 ίερῶν
719 2812 825 2881 ἔξω
853 2814 953 2885 τῆς
977 2812 1258 2885 ἡμετέρας
1305 2810 1479 2882 αὐλῆς
1527 2811 1771 2883 sapiae...

177 2905 387 2977 θυρῶν.
432 2905 596 2976 Ἡμῖν
643 2904 700 2959 δὲ
725 2899 808 2969 οἷς
839 2907 868 2959 ὁ
899 2903 994 2960 τοῦ
1027 2902 1166 2957 Θεοῦ
1195 2902 1370 2971 Λόγος
1400 2900 1768 2974 ἐξαπεστάλη,

175 2999 210 3067 ἦ
246 2998 404 3069 χάρις
444 2998 543 3051 καὶ
581 2998 616 3067 ἡ
647 2995 901 3067 ἀλήθεια,
931 2994 1099 3067 μηδὲν
1129 2995 1212 3049 ὅτι
1261 2994 1422 3047 πλέον
1456 2993 1566 3047 τῶν
1614 2996 1771 3066 εἰρη-

178 3090 362 3161 μένων
387 3089 595 3155 ἐξέστω
623 3087 1024 3161 διερευνᾶσθαι,
1073 3086 1175 3157 τῆς
1203 3086 1354 3151 θείας
1386 3088 1519 3161 ἡμῖν
1546 3086 1771 3159 Γραφῆς

172 3181 639 3259 ἀποτραττούσης
653 3181 762 3237 τῶν
797 3179 1113 3253 βαθυτέρων
1137 3179 1236 3253 τὴν
1263 3179 1510 3251 ἔρευναν.
1546 3183 1613 3237 Ἀ
1640 3182 1768 3254 γὰρ,

1867 1999 2082 2053 civitate
2124 1998 2318 2064 David,
2354 2014 2472 2069 qua!
2492 2009 2714 2052 vocatur
2757 1996 3049 2056 Bethleem,
3082 2012 3142 2049 eo
3171 1994 3309 2064 quod
3347 1994 3458 2058 ipse

1864 2097 2000 2141 esset
2023 2089 2087 2141 de
2115 2086 2273 2143 domo
2303 2098 2352 2142 et
2383 2088 2596 2158 familia
2634 2086 2829 2150 Dauid,
2854 2100 2983 2141 'cum
3022 2084 3202 2139 Maria
3232 2088 3457 2152 despon-

1866 2189 1989 2235 sata
2009 2181 2132 2244 sibi,
2157 2190 2468 2251 praegnante
2496 2190 2546 2234 Ρ.
2593 2178 2716 2234 Non
2760 2179 2908 2233 enim
2944 2185 3268 2247 praesentem
3312 2178 3459 2229 hunc

1866 2273 2052 2327 locum
2082 2273 2304 2343 ancipiti
2359 2288 2530 2328 sensu
2562 2272 2832 2343 legemus,
2882 2279 3146 2338 tanquam
3193 2268 3360 2322 Maria
3391 2285 3459 2321 eo

1868 2362 2138 2417 duntaxat
2194 2363 2423 2417 nomine
2474 2376 2578 2416 una
2640 2377 2767 2416 cum
2799 2374 2865 2415 eo
2899 2358 3143 2429 profecta
3175 2366 3348 2420 esset,
3400 2365 3460 2407 ut

1871 2468 2071 2509 nomen
2094 2469 2252 2509 suum
2283 2454 2658 2525 proﬁteretur,
2681 2469 2873 2509 verum
2908 2460 2966 2506 ιιι
2994 2468 3115 2522 quae
3149 2451 3313 2505 etiam
3341 2450 3459 2517 ipsa

1871 2561 1980 2600 una
2025 2562 2151 2601 cum
2200 2544 2444 2616 Josepho
2495 2545 2566 2601 de
2624 2544 2849 2600 Duvidis
2912 2544 3077 2597 demo
3128 2557 3194 2597 ac
3255 2539 3460 2593 familia

1869 2646 2035 2695 esset.
2083 2636 2326 2708 Hujusce
2373 2637 2580 2707 quippe
2624 2635 3110 2706 interpretationis
3163 2633 3459 2695 rationem,

1870 2745 1941 2785 ex
1966 2728 2059 2785 his
2099 2744 2219 2800 quae
2248 2728 2303 2783 in
2335 2728 2609 2799 superiori
2647 2738 2795 2784 textu
2822 2728 3260 2795 subsequuntur,
3291 2724 3462 2776 habe-

1872 2834 2018 2876 mus.
2086 2819 2375 2876 Manil‘este
2422 2821 2593 2890 igitur
2646 2830 2935 2876 ostensum
2997 2833 3123 2872 esse
3196 2815 3461 2879 arbitror,

1870 2909 2094 2981 Josephi
2131 2927 2306 2983 genus
2335 2911 2479 2982 apud
2508 2912 2877 2982 evangelistas
2900 2924 3008 2964 non
3045 2907 3247 2975 frustra
3274 2920 3465 2959 recen-

1874 3002 2005 3069 seri,
2046 3018 2113 3059 ex
2151 3020 2261 3073 quo
2305 3003 2628 3059 necessario
2677 3001 2844 3073 Virgo
2899 3015 3122 3071 quoque
3175 3014 3204 3052 a
3261 2995 3466 3051 llavide

1873 3092 2107 3148 oriunda
2138 3107 2263 3149 esse
2288 3109 2383 3165 per
2403 3092 2858 3149 consecutionem
2896 3090 3248 3160 intelligitur,
3291 3096 3345 3139 et
3369 3085 3463 3155 qui

1875 3184 2215 3255 prmeellenti
2249 3185 2522 3240 miraculo
2550 3200 2613 3240 ex
2651 3185 2768 3254 ipsa
2817 3182 3038 3253 genitus
3075 3189 3159 3236 est
3189 3180 3463 3239 Christus,

174 3247 347 3342 φησι,
370 3247 716 3342 προσετάγη
739 3247 864 3336 σοι,
894 3247 1085 3326 ταῦ-τα
1116 3247 1387 3335 διανοοῦ,
1409 3270 1509 3324 καὶ
1534 3247 1771 3341 ὐψήλδζ

1878 3247 2302 3333 anteswcularis
2350 3276 2446 3332 Dei
2474 3247 2769 3332 Filius-Ac
2794 3247 3049 3347 quisquis
3080 3271 3466 3328 ltiSndvet'snri

169 3365 322 3436 τερά
339 3381 459 3421 σου
479 3364 568 3436 μὴ
597 3363 779 3432 ζήτει.

1885 3366 2103 3431 nititur,
2136 3367 2404 3422 adversus
2440 3369 2682 3437 seipsum
2718 3367 3465 3439 potiuslinguaemucronem

168 3477 381 3522 acuere
408 3468 668 3519 conatur.
701 3461 881 3530 Atque
907 3475 939 3516 a
970 3458 1345 3517 sacrosanctis
1365 3466 1571 3514 nostra:
1596 3426 1772 3515 caulae
1805 3462 1983 3531 portis
2016 3460 2167 3516 foras
2200 3426 2552 3532 projiciaturi.
2583 3426 2756 3518 Nobis
2780 3471 2986 3527 autem,
3007 3426 3094 3515 νεά
3161 3473 3303 3528 quos
3371 3438 3477 3510 Dei

170 3554 425 3613 Verbum
476 3555 706 3610 missum
752 3562 858 3618 est,
906 3555 1194 3627 gratiaque
1238 3564 1294 3609 et
1336 3555 1569 3619 veritas,
1628 3554 1768 3609 nihil
1838 3556 1988 3610 ultra
2063 3571 2152 3623 ea,
2201 3573 2323 3629 ane
2384 3574 2414 3612 a
2468 3558 2629 3614 nobis
2691 3556 2840 3613 dicta
2896 3565 3065 3620 sunt,
3126 3549 3466 3625 perscrutari

166 3656 367 3717 liceat,
402 3649 697 3727 Scriptura
735 3649 1002 3705 nimirum
1044 3650 1305 3706 altiorum
1369 3664 1558 3706 rerum
1605 3647 2014 3720 indagationem
2044 3652 2567 3708 nobisobstruente.
2640 3652 2773 3720 Qui:
2830 3649 2979 3705 enim
3039 3647 3137 3701 tibi
3207 3653 3469 3715 prwcepla

163 3752 345 3809 sunt,
412 3742 631 3812 inquit,
699 3758 766 3799 ea
823 3742 1047 3809 cogita:
1087 3750 1138 3796 et
1200 3740 1400 3795 altiora
1432 3750 1481 3795 te
1532 3755 1597 3794 ne
1649 3741 2025 3811 qumsiverisq.

248 3835 328 3891 Σὺ
358 3834 476 3898 οὖν,
501 3827 549 3899 ᾧ
596 3833 845 3902 ἰουδαϊε,
884 3833 1043 3896 σύνες
1072 3833 1182 3886 τῶν
1212 3831 1525 3903 εἰρημένων
1557 3829 1657 3902 τὴν
1682 3830 1775 3884 δύ-

164 3946 370 3999 ναμιν,
400 3929 496 3984 καὶ
537 3928 613 4000 μὴ
646 3926 956 3999 ξυγομάχει
982 3927 1124 3999 πρὸς
1154 3925 1254 3997 τὴν
1284 3924 1571 3996 ἀλήθειαν.
1612 3925 1776 3979 Ἀπό-

167 4022 281 4076 θου
316 4023 418 4090 τὴν
447 4019 756 4092 ἀμφίϐολον
796 4020 1046 4091 γνώμην,
1101 4020 1198 4077 καὶ
1245 4018 1514 4089 διχονοίας
1554 4017 1775 4084 ἁπάσης

165 4111 376 4184 χωρὶς,
423 4112 495 4181 τῇ
543 4110 732 4182 χάριτι
763 4108 1168 4179 στοιχειώθητι,
1203 4107 1270 4162 δι’
1327 4102 1397 4180 ἦς
1421 4108 1633 4179 λυθήσῃ
1668 4105 1778 4160 τῶν

167 4199 405 4270 δεσμῶν
459 4198 556 4254 τοῦ
609 4198 1096 4271 γραμματοκύφου
1149 4198 1343 4268 ζυγοῦ.
1399 4197 1665 4270 Περιελοῦ
1715 4197 1778 4250 τὺ

169 4291 487 4361 κάλυμμα·
547 4290 792 4361 καθαρὸν
852 4289 1003 4354 δέξαι
1071 4288 1178 4342 τῶν
1243 4289 1654 4359 γεγραμμένων
1716 4287 1778 4341 τὸ

169 4381 338 4461 φῶς·
366 4381 699 4453 παράδραμε
738 4381 840 4444 τὰς
876 4378 1056 4445 σκιὰς,
1094 4380 1189 4432 καὶ
1224 4380 1350 4441 τοὺς
1368 4378 1572 4453 τύπους
1602 4378 1776 4432 κατά·

167 4476 332 4537 ltus.
384 4474 607 4544 Γυμνὴν
661 4474 821 4545 δέχου
879 4472 980 4545 τὴν
1034 4472 1218 4543 χάριν,
1282 4471 1651 4534 ’Δδιστάκτως
1704 4472 1772 4541 τῇ

169 4565 418 4637 ἀληθείᾳ
451 4565 693 4638 πρόσιθι.
730 4564 991 4631 Δόξασον,
1033 4563 1281 4635 ὕμνησον
1326 4564 1418 4616 τὸν
1447 4562 1593 4616 οὕτω
1642 4561 1774 4616 ταῦο

1946 3832 2338 3900 Quamobrem,
2357 3848 2390 3887 ο
2417 3832 2623 3897 Ιιιιίαιο,
2647 3847 2844 3888 eorum
2868 3846 2991 3902 qua:
3015 3829 3474 3885 commemoravi-

1878 3941 2025 3988 mus,
2058 3927 2168 3980 vim
2210 3925 2459 3995 intellige
2492 3942 2506 3979 :
2541 3940 2643 3980 nec
2676 3923 2945 3980 adversus
2976 3924 3261 3977 veritatem
3293 3929 3466 3976 certa.

1877 4016 2191 4086 Ancipitem
2242 4026 2481 4071 mentem
2516 4016 2721 4086 abjice,
2764 4030 2830 4071 ac
2863 4017 3005 4070 citra
3043 4015 3207 4069 ullam
3247 4012 3470 4065 dubita-

1876 4109 2087 4168 tionem
2121 4109 2301 4180 gratia
2333 4109 2578 4173 ambula,
2608 4124 2709 4180 per
2732 4122 2896 4179 quam
2926 4107 3036 4171 ﬁet,
3064 4116 3121 4161 nt
3144 4106 3265 4177 jugi
3296 4105 3469 4165 illius.

1879 4214 1992 4269 quo
2042 4198 2243 4254 litterae
2270 4206 2464 4253 cortex
2510 4205 2564 4253 te
2615 4206 2848 4262 curvat,
2904 4196 3143 4252 vinculis
3182 4194 3466 4250 cximaris.

1880 4283 2095 4343 Excute
2123 4288 2373 4343 velamen
2406 4305 2420 4341 :
2454 4302 2650 4356 puram
2690 4301 2882 4342 eorum
2930 4299 3054 4356 quae
3103 4285 3311 4352 scripta
3341 4290 3471 4338 sunt

1879 4379 2057 4436 lucem
2086 4378 2298 4448 excipe.
2330 4376 2572 4435 Umbras
2603 4378 2844 4449 praeteri,
2868 4394 2933 4433 ac
2964 4377 3170 4448 ﬁguras
3194 4376 3468 4444 relinque.

1876 4468 2092 4525 Nudam
2120 4471 2356 4541 gratiam
2381 4470 2591 4538 accipe.
2618 4469 2750 4525 Sine
2773 4470 2884 4524 ulla
2908 4468 3076 4523 animi
3111 4466 3473 4537 ambiguitate

1874 4561 1944 4616 ad
1976 4561 2268 4616 veritatem
2309 4562 2533 4616 accede.
2574 4560 2715 4615 Eum
2741 4599 2757 4623 ,
2800 4561 2894 4631 qui
2955 4560 3073 4614 haec
3120 4559 3194 4612 ita
3246 4556 3430 4613 sanxit
3455 4595 3471 4617 ,

166 4674 246 4711 τα
280 4656 638 4712 θεσπίσαντα.
681 4652 819 4710 Eine
848 4653 1162 4717 Μωσαῖκῶς
1191 4673 1204 4686 ·
1240 4650 1430 4721 Οὗτός
1450 4671 1570 4723 μου
1605 4652 1769 4719 Θεὸς,

1884 4652 2044 4708 lauda
2085 4661 2141 4707 et
2175 4652 2429 4723 pradica.
2473 4651 2571 4706 Dic
2615 4650 2920 4707 Mosaicum
2966 4652 3021 4705 in
3070 4650 3336 4705 modum:
3372 4646 3474 4699 Hic

167 4748 285 4815 καὶ
331 4747 576 4812 δοξάσω
615 4748 823 4813 αὑτὸν,
870 4746 1017 4813 Θεὸς
1066 4747 1175 4802 τοῦ
1218 4746 1443 4813 πατρός
1482 4762 1625 4815 μου,
1676 4743 1777 4798 καί

167 4838 411 4909 ὑψώσω
439 4840 649 4895 αὐτόν.
683 4840 777 4892 Σοὶ
805 4838 906 4909 μὲν
939 4832 1037 4892 οὖν
1063 4838 1172 4902 ἀεὶ,
1216 4837 1311 4890 καὶ
1350 4836 1514 4891 παντὶ
1546 4835 1624 4907 τῷ
1651 4835 1776 4905 βου-

167 4929 420 5002 λομένῳ,
454 4929 632 4984 ταῦτα
680 4928 888 4995 ἐξέστω
931 4929 1025 4983 καὶ
1074 4930 1320 4998 φρονεῖν,
1361 4926 1457 4981 καὶ
1501 4924 1779 4979 διδάσκειν

168 5020 407 5093 δμοίως.
449 5022 614 5093 Ἡμῖν
661 5024 741 5088 δὲ,
780 5017 862 5086 οἷς
889 5021 1101 5091 παγίως
1132 5020 1477 5091 ὲνεσημάνθη
1512 5019 1613 5090 τῆς
1647 5018 1779 5089 ἁληο

171 5114 336 5177 θείας
369 5113 434 5165 τὸ
465 5114 604 5181 φῶς,
648 5114 711 5167 οὐ
741 5114 906 5185 σχολή
944 5129 1007 5181 γε
1044 5112 1114 5165 τὰ
1160 5111 1334 5165 πλείω
1364 5109 1771 5181 διερευνᾶσθαι,

171 5205 281 5259 καὶ
312 5205 453 5275 πρὸς
492 5203 724 5276 ἄπειρον
770 5204 1117 5279 διεξαγαγεῖν
1150 5201 1244 5255 τὸν
1279 5201 1463 5271 λόγον,
1507 5200 1776 5272 εύκρινῶς

171 5298 351 5367 ἄγαν,
390 5297 485 5351 καὶ
515 5297 593 5361 ὡς
625 5297 852 5361 εὐπετὲς
874 5292 942 5366 ἦν
970 5296 1072 5366 τῆς
1101 5294 1363 5364 ἀληθείας
1397 5293 1779 5364 παραδειχθεί-

171 5402 310 5458 σης.
345 5386 473 5439 Ὅτι
519 5385 596 5457 μὴ
629 5383 1030 5457 πανηγυρίζειν
1062 5383 1371 5448 ἐθέλοντας,
1407 5384 1487 5446 είς
1537 5380 1775 5452 συζητῆ-

172 5493 304 5539 σεις
356 5478 705 5530 κατατείνειν
757 5477 888 5539 τοὺς
945 5476 1141 5543 λόγους
1189 5473 1359 5536 εἰκὸς,
1415 5473 1781 5527 ἀνακόλουθον

171 5566 321 5640 γάρ.
370 5567 512 5621 ’Δλλ“
544 5569 639 5621 ἐπὶ
682 5566 782 5639 τὴν
828 5566 1034 5620 νύσσαν
1071 5567 1101 5619 ὁ
1125 5566 1285 5633 λόγος
1315 5564 1432 5631 ίτω,
1465 5564 1558 5618 καὶ
1588 5566 1657 5618 τὰ
1682 5569 1780 5637 τῆς

164 5659 405 5730 ἡμέρας
436 5657 600 5726 ἐξίτω
632 5658 929 5729 μυστήρια,
955 5657 1088 5710 είσω
1124 5654 1366 5728 μάλιστα
1410 5654 1589 5729 θυρῶν
1613 5656 1781 5710 έστώ-

1883 4745 2027 4800 Deus
2060 4762 2205 4800 meus
2230 4787 2245 4811 ,
2273 4754 2324 4801 et
2354 4745 2672 4817 glori/icabo
2698 4762 2838 4809 eum,
2876 4744 3020 4799 Deus
3058 4745 3231 4813 patris
3258 4743 3383 4808 mei,
3423 4749 3475 4795 et

1880 4839 2134 4897 excitabo
2168 4838 2324 4892 illum
2366 4848 2415 4892 τ.
2448 4837 2572 4892 Tibi
2615 4838 2784 4908 igitur
2821 4846 2877 4893 et
2917 4836 3098 4891 cuivis
3128 4836 3227 4890 alii
3264 4837 3380 4889 haec
3419 4844 3476 4886 et

1885 4930 2123 4994 sentire,
2153 4938 2206 4984 et
2243 4928 2440 4986 eodem
2473 4930 2635 4984 modo
2674 4930 2876 4984 ducere
2924 4929 3114 4983 liceat.
3169 4926 3339 4980 Nobis
3370 4941 3475 4979 an-

1887 5030 2021 5086 tem,
2053 5020 2107 5073 in
2163 5021 2369 5090 quibus
2397 5019 2646 5076 veritatis
2678 5020 2862 5074 lumen
2898 5018 3053 5073 ﬁrme
3080 5018 3473 5087 consignatum

1885 5120 1992 5174 est,
2029 5112 2187 5181 plura
2221 5113 2565 5182 perscrutari
2599 5126 2710 5166 non
2741 5119 2928 5174 vacat,
2961 5124 3389 5178 sermonemque
3419 5109 3472 5160 in

1884 5201 2161 5257 inﬁnitum
2211 5204 2548 5272 producere,
2597 5218 2663 5259 ac
2719 5204 3022 5274 praesertim
3072 5203 3379 5256 luettlenter
3421 5208 3478 5252 et

1883 5307 2050 5363 quam
2091 5294 2350 5349 facillime
2377 5293 2494 5349 lieri
2528 5301 2763 5363 poterat,
2798 5293 3183 5349 demonstrata
3219 5291 3469 5345 veritate.

1884 5383 2071 5454 Neque
2098 5385 2245 5439 enim
2286 5386 2582 5450 convenit,
2615 5396 2676 5440 ut
2705 5386 2800 5455 qui
2833 5383 3158 5441 concionari
3213 5397 3280 5435 ac
3336 5379 3470 5433 festa

1886 5475 2169 5530 celebrare
2216 5476 2431 5542 volunt,
2478 5477 2766 5530 orationes
2829 5490 2960 5529 snas
3019 5473 3073 5526 in
3134 5466 3470 5539 qmestiones

1887 5570 2245 5638 compellant.
2286 5568 2343 5625 ld
2394 5570 2539 5625 enim
2590 5569 2823 5624 minime
2878 5574 3309 5623 consentaneum
3361 5569 3467 5613 cst.

1889 5659 2382 5718 Verumenimvero
2442 5663 2509 5718 ad
2556 5662 2894 5718 curriculum
2935 5672 3058 5714 sese
3106 5652 3311 5709 referat
3346 5663 3468 5708 ora~

246 5849 271 5876 α
313 5832 502 5904 Luca,
531 5835 622 5892 3‘2.
702 5844 730 5888 P
761 5833 894 5890 Luc.
931 5850 993 5904 ιι,
1031 5834 1084 5903 4,
1123 5834 1175 5890 5.
1254 5845 1282 5886 ιι
1321 5834 1491 5893 Eccli.
1532 5852 1614 5903 tn,
1654 5837 1748 5894 29...

1875 5849 1884 5877 τ
1920 5839 2096 5897 Exod.
2130 5857 2220 5909 xv,
2252 5840 2308 5897 2.
