3966 6426
192 391 291 458 889

1207 377 1290 444 ΙΝ
1327 373 1849 450 NATIVITATEM
1878 378 1940 436 Β.
1983 373 2272 434 ΜΑΒΗΕ.
2315 373 2412 434 1V.

3337 373 3444 437 8ῗο
3457 414 3480 432 .

188 515 340 580 τόνα,
368 505 462 559 καὶ
483 503 588 557 ὅσα
615 497 824 572 ταύτην
853 497 905 552 οἱ
932 495 1137 551 κλεινοὶ
1169 496 1264 550 τοῦ
1291 497 1433 550 Πνεύ
1443 513 1608 566 ματος
1639 495 1762 548 ὑπο-

1875 494 2107 552 ltortum,
2137 488 2340 550 locum,
2383 501 2598 551 arvum,
2636 488 2886 554 fontem;
2937 501 3154 558 agna-tt,
3214 496 3446 554 guttam,

189 602 371 671 φῆται,
405 593 548 648 κατά
572 592 672 663 τὴν
703 593 762 643 ἐν
807 589 1102 660 συμϐόλοις
1155 588 1424 659 μυστικὴν
1473 585 1768 638 ἐποπτείαν

189 682 602 758 προϐλεπτικῶς
623 677 986 750 ὀνομάζουσιν
1009 695 1024 710 ’
1048 674 1184 746 οἷον,
1212 681 1373 748 βάτον
1399 677 1519 748 μὲν,
1545 677 1619 738 ὡς
1640 677 1768 728 ὅταν

189 782 316 852 λέγῃ
351 775 624 843 Μωῦσῆς·
667 789 685 824 1
717 771 922 834 Διαϐὰς
955 770 1158 842 ὄψομαι
1187 771 1248 824 τὸ
1287 772 1473 841 ὅραμα
1522 769 1582 822 τὸ
1627 767 1765 838 μέγα

189 869 367 924 τοῦτοδ
395 865 447 918 τί
470 865 555 916 ὅτι
588 861 813 915 καίεται
833 862 868 932 ὴ
898 861 1080 930 βάτος,
1105 862 1201 916 καὶ
1225 862 1285 914 οὑ
1325 859 1715 923 κατακαίεται;
1743 875 1763 907 1

199 958 416 1014 Ῥάϐδον
442 955 522 1020 δὲ,
567 953 643 1016 ὡς
675 954 806 1007 ὅταν
849 953 1077 1016 Ἡσαΐας
1106 953 1299 1023 φησίν·
1339 972 1358 1004 1
1397 949 1768 1020 Ἐξελεύσεται

195 1049 378 1122 ῥάϐδος
403 1047 468 1100 ἐκ
502 1043 602 1116 τῆς
637 1041 796 1124 ῥίζης
825 1041 1048 1104 Ἰεσσαὶ,
1085 1045 1180 1098 καὶ
1209 1043 1370 1105 ἄνθος
1390 1044 1456 1095 ἐκ
1482 1042 1582 1110 τῆς
1611 1037 1770 1111 ῥίζης

193 1139 540 1209 ἀναϐήσεται.
577 1154 597 1186 1
639 1134 797 1198 Ῥίζα
847 1133 1128 1188 καλεῖται·
1159 1141 1202 1186 1‘
1224 1135 1331 1187 Καὶ
1359 1133 1589 1202 ἐσται-ἡ
1643 1127 1771 1200 ῥίζα

190 1233 278 1286 τοῦ
322 1227 548 1292 Ἰεσσαὶ,
598 1227 692 1280 καὶ
728 1227 757 1280 6
805 1227 1170 1295 ἀνιστάμενος
1217 1224 1404 1294 ἄρχειν
1457 1222 1648 1286 ἐθνῶν,
1679 1219 1770 1275 ἐπ’

195 1321 348 1378 αὐτὸν
384 1322 407 1353 ⁸
433 1318 560 1388 ἔθνη
596 1316 866 1371 ἐλπιοῦσι.
906 1335 925 1368 1
957 1316 1034 1386 Γῆ
1086 1315 1242 1385 ἁγία·
1283 1334 1301 1366 1
1340 1313 1536 1382 Μωσῆ,
1572 1311 1766 1380 Μωσῆ.

195 1416 346 1469 λύσον
368 1412 432 1465 τὸ
459 1410 718 1481 ὑπόδημα
743 1411 809 1464 ἐκ
837 1409 948 1462 τῶν
983 1408 1158 1462 ποδῶν
1189 1424 1284 1460 σου
1303 1425 1316 1438 ·
1345 1409 1378 1477 ἡ
1407 1406 1515 1475 γὰρ
1551 1403 1646 1473 γῆ,
1682 1403 1767 1470 ἐφ’

195 1503 258 1578 ἧς
288 1505 350 1557 σὺ
380 1497 647 1573 ἕστηκας,
671 1501 743 1572 γῆ
764 1501 896 1569 ἁγία
918 1500 1058 1553 ἐστι.
1086 1520 1104 1552 1
1123 1499 1203 1568 Γῆ
1227 1496 1538 1567 ἐπιθυμητή
1565 1511 1578 1524 ’
1617 1513 1634 1544 1
1660 1494 1770 1546 Καὶ

197 1595 547 1662 ἐξουδένωσαν
603 1592 706 1662 γῆν
767 1591 1138 1662 ἐπιθυμητήν.
1181 1607 1200 1640 1
1263 1589 1338 1658 Γῆ
1399 1585 1768 1640 ἀνατέλλουσα

201 1683 534 1760 [ἀλήθειανγ
565 1703 582 1736 1
624 1683 884 1754 Ἀλῆθεια
909 1685 974 1736 ὲκ
1011 1683 1110 1751 τῆς
1139 1683 1242 1752 γῆς
1277 1679 1540 1734 ἀνέτειλε.
1589 1698 1607 1726 1
1639 1678 1769 1730 Θαι-

207 1777 336 1848 μάνο
377 1794 397 1828 1
435 1775 464 1827 6
490 1773 624 1837 Θεὸς
655 1773 765 1826 ἀπὸ
803 1771 1018 1842 Θαιμάν
1047 1772 1188 1842 ἥξει.
1223 1788 1241 1822 1
1269 1771 1458 1839 ’Ὄρος
1482 1787 1495 1799 ο
1547 1787 1567 1819 1
1601 1768 1710 1822 Καὶ
1736 1767 1764 1818 6

1873 591 1935 629 ac
1975 579 2018 630 si
2051 592 2158 645 qua
2213 575 2316 628 alia
2349 575 2537 647 inclyti
2595 577 2837 647 Spiritus
2877 577 3060 631 sancti
3089 576 3444 646 interpretes,

1870 683 1970 736 pro
1995 669 2238 738 mysticae
2275 670 2326 722 iu
2357 670 2626 738 symbolis
2651 671 3019 738 inspectionis
3044 668 3286 728 ratione,
3323 684 3446 720 eam

1870 759 2188 828 prephetice
2225 762 2518 813 nominant
2549 759 2745 825 :Pttta,
2771 765 2995 824 rubum,
3035 769 3096 814 ut
3125 775 3251 813 cum
3291 759 3445 830 Moy-

1870 867 1960 905 ses
1986 852 2060 904 ait
2081 866 2094 903 :
2120 869 2138 900 1
2167 849 2394 914 Vadam,
2411 861 2468 904 et
2487 851 2688 906 videbo
2705 854 2974 906 visionem
3003 853 3144 906 hanc
3164 867 3444 921 magnam;

1872 943 2233 1012 quamobrem
2293 943 2488 996 ardeat
2530 946 2726 1008 rubus,
2765 961 2870 1000 nec
2923 946 3286 999 comburatur
3317 945 3342 984 ι)
3369 943 3392 996 ?
3420 959 3440 992 1

1871 1032 2096 1101 Vit-gem
2127 1043 2332 1096 autem,
2362 1045 2420 1088 ut
2449 1051 2576 1090 cum
2616 1037 2788 1090 Isaias
2836 1037 2971 1090 dicit
3011 1053 3025 1088 ;
3066 1055 3086 1087 1
3120 1037 3448 1106 Egredietur

1869 1122 2022 1193 virga
2051 1125 2116 1177 de
2149 1123 2334 1179 radice
2359 1123 2536 1190 Jesse,
2566 1135 2620 1179 et
2641 1125 2742 1180 ﬂos
2767 1127 2834 1180 de
2864 1128 3046 1181 radice
3069 1129 3334 1180 ascendet
3353 1135 3437 1176 ο.»

1870 1215 2193 1284 Appellatur
2223 1214 2376 1268 radix
2411 1231 2424 1268 :
2468 1235 2486 1266 1
2518 1217 2582 1269 Et
2609 1219 2718 1272 erit
2751 1207 3114 1281 radix'Jesse,
3149 1225 3204 1270 et
3231 1217 3324 1284 qui
3350 1230 3448 1268 ex-

1871 1315 2060 1374 surget
2094 1321 2284 1376 regere
2317 1315 2534 1376 gentes,
2557 1308 2611 1361 in
2639 1325 2762 1362 eum
2801 1318 2992 1376 gentes
3025 1308 3330 1377 sperabunt
3357 1305 3442 1359 ά.»

1872 1396 2038 1451 Terra
2082 1407 2270 1450 sancta
2307 1415 2321 1449 :
2369 1416 2387 1448 1
2430 1397 2632 1464 Moses,
2692 1397 2890 1462 Moses,
2925 1400 3077 1453 solve
3105 1397 3450 1450 calceamen-

1870 1497 1985 1541 tum
2019 1489 2086 1542 de
2107 1488 2338 1557 pedibus
2361 1490 2476 1544 tuis
2512 1505 2526 1540 :
2555 1499 2700 1544 terra
2720 1491 2876 1543 enim
2919 1491 2972 1542 in
3000 1505 3106 1558 qua
3135 1497 3270 1552 stas,
3305 1496 3450 1540 terra

1871 1591 2058 1635 sant-ta
2085 1589 2172 1636 est
2207 1590 2252 1634 θ.
2282 1598 2298 1630 1
2323 1579 2492 1652 Terra
2523 1581 2911 1636 desiderabilis
2947 1599 2961 1634 :
2996 1601 3014 1631 1
3052 1580 3115 1633 Et
3149 1593 3246 1649 pro
3276 1579 3454 1632 nihilo

1872 1674 2188 1728 habuerunt
2223 1681 2424 1726 terram
2477 1673 2911 1728 desiderabilem
2953 1673 2996 1725 ί.
3038 1690 3058 1726 1
3099 1671 3275 1726 Terra
3313 1672 3454 1724 veri.

1871 1772 2036 1816 tatetn
2095 1765 2447 1832 produceus:
2485 1783 2502 1815 1
2551 1764 2772 1819 Veritas
2805 1765 2872 1820 tle
2914 1778 3058 1818 terra
3083 1763 3208 1820 Orta
3236 1775 3317 1818 est
3353 1765 3397 1816 ⁸.
3427 1783 3446 1814 1

205 1865 350 1934 ἅγιος
385 1861 446 1928 ἐξ
489 1862 652 1933 ὅρους
695 1851 1019 1924 κατασκίου,
1073 1861 1288 1922 δασέος.
1335 1859 1579 1930 Ἐτμήοη
1619 1859 1764 1920 λίθος

1875 1857 2146 1909 'l'hannatn
2183 1875 2197 1910 :
2239 1875 2258 1906 1
2287 1855 2428 1910 Deus
2481 1873 2511 1909 a
2559 1852 2840 1910 'I'lueutaur
2893 1856 3073 1909 veniet
3109 1857 3158 1906 ιι.
3195 1876 3213 1908 ›
3254 1855 3448 1910 Mons:

204 1955 261 2020 ἐξ
300 1953 456 2026 ὅρους
491 1953 620 2008 ἄνευ
671 1952 894 2024 χειρῶν.
948 1953 1111 2024 Ὅρος
1158 1951 1186 2004 ὸ
1232 1950 1532 2022 ηὐδόκησεν
1573 1950 1601 2002 ὁ
1633 1950 1764 2012 Θεὸς

203 2048 464 2100 κατοικεῖν
517 2045 574 2096 ἐν
625 2041 798 2112 αὐτῷ.
853 2062 872 2093 1
938 2041 1164 2096 Ἐλαία·
1209 2061 1227 2092 1
1281 2039 1424 2106 Ἐγὼ
1481 2038 1538 2092 δὲ
1563 2079 1577 2102 ,
1635 2039 1767 2092 ὡσεὶ

203 2135 351 2190 ἐλαία
379 2135 734 2204 κατάκαρπος
763 2133 822 2186 ἐν
858 2133 936 2204 τῷ
956 2133 1090 2204 οἴκῳ
1123 2133 1216 2186 τοῦ
1238 2133 1394 2186 Θεοῦ.
1422 2151 1440 2184 1
1479 2132 1727 2196 Κιϐωτὸς
1750 2148 1764 2161 ο

163 2231 172 2238 “
212 2247 232 2279 1
279 2225 605 2296 Ἀνάστηθι,
640 2225 845 2296 Κύριε,
903 2225 984 2288 είς
1022 2224 1120 2290 τὴν
1170 2224 1478 2277 ἀνάπαυσίν
1514 2242 1609 2278 σου
1633 2241 1646 2254 ·
1679 2226 1766 2288 σὺ,

213 2317 352 2384 καὶῆ
382 2317 602 2382 κιϐωτὸς
627 2316 722 2371 τοῦ
752 2316 1096 2387 ἁγιάσματός
1131 2333 1243 2370 σου.
1273 2316 1518 2390 »Θρόνος
1539 2336 1551 2349 ο
1576 2338 1594 2366 1
1617 2313 1769 2370 Εἶδον

211 2411 298 2465 τὸν
319 2411 512 2480 Κύριον
539 2407 852 2479 καθήμενον
891 2409 986 2460 ἐπὶ
1015 2407 1207 2478 θρόνου
1231 2407 1436 2478 ὑψηλοῦ
1476 2408 1570 2462 καὶ
1593 2411 1764 2480 ἐπηρ-

209 2498 400 2566 μένου,
451 2497 546 2550 καὶ
592 2496 812 2568 πλήρης
868 2499 896 2550 6
942 2492 1091 2571 οἶκος
1139 2499 1237 2567 τῆς
1292 2498 1448 2568 δόξης
1506 2499 1688 2553 αὑτοῦ.
1746 2519 1764 2550 1

204 2585 343 2658 Πύλη
365 2603 378 2616 ·
412 2607 430 2639 1
464 2588 576 2642 Καὶ
625 2585 748 2642 εἷπε
791 2588 998 2660 Κύριος
1028 2589 1164 2659 πρός
1197 2606 1264 2658 με
1285 2605 1298 2620 ·
1337 2589 1401 2642 Ἦ
1447 2590 1590 2660 πύλη
1632 2590 1770 2661 αὕτη

202 2679 572 2755 κεκλεισμένη
589 2679 767 2746 ἔσται,
798 2681 896 2735 οὐκ
929 2681 1345 2754 ἀνοιχοήσεται·
1381 2684 1474 2736 καὶ
1501 2684 1676 2746 οὐδεὶς
1709 2684 1770 2736 οὐ

205 2771 277 2842 μὴ
303 2769 484 2843 διέλθῃ
513 2771 582 2826 δι’
628 2773 820 2844 αὐτῆς,
851 2773 934 2827 ὅτι
965 2763 1169 2845 Κύριος
1210 2776 1238 2828 6
1267 2775 1401 2840 Θεὸς
1421 2775 1514 2829 τοῦ
1557 2776 1774 2849 Ἰσραὴλ

200 2859 561 2916 εἰσελεύσεται
590 2864 685 2918 καὶ
709 2864 1052 2930 ἐξελεύσεται
1081 2865 1149 2918 δι’
1195 2867 1366 2936 αὐτῆς
1385 2881 1398 2897 ⁸
1430 2869 1524 2922 καὶ
1553 2867 1706 2921 ἔσται
1739 2871 1773 2940 ἡ

200 2949 335 3022 πύλη
363 2953 748 3026 κεκλεισμένη.
779 2975 798 3008 1
847 2954 1018 3010 Σιώνο
1063 2975 1081 3008 1
1121 2957 1280 3024 Ἥξει
1324 2961 1388 3012 ἐκ
1414 2960 1554 3013 Σιὼν
1583 2962 1612 3012 6
1646 2962 1772 3032 ῥυό-

201 3060 352 3112 μενος
371 3062 385 3076 ·
417 3045 757 3117 ἀποστρέψει
783 3047 1038 3111 ἀσεϐείας
1064 3049 1172 3104 ἀπὸ
1205 3050 1418 3106 Ἰακώϐ.
1464 3052 1774 3120 Ἐξελέξατο

199 3133 393 3205 Κύριος
447 3134 548 3206 τὴν
604 3137 778 3190 Σιώνο
815 3139 1107 3209 ᾑρετισατο
1149 3141 1320 3211 αὐτὴν
1372 3143 1452 3206 είς
1491 3145 1774 3198 κατοικίαν

199 3225 382 3298 ἐαυτῷ.
421 3247 446 3282 1
472 3229 674 3300 Μήτηρ
701 3229 953 3283 καλεῖται
971 3246 982 3260 ·
1013 3250 1031 3282 1
1064 3232 1264 3304 Μήτηρ
1293 3235 1432 3286 Σιὼν
1461 3237 1577 3307 ἐρεῖ
1597 3251 1612 3266 °
1645 3238 1772 3290 Ἀνο

197 3317 404 3390 θρωπος
453 3320 552 3374 καὶ
603 3321 892 3390 ἄνθρωπος
925 3322 1158 3394 ἐγενήθη
1211 3327 1272 3378 ἐν
1301 3327 1459 3398 αὐτῇ,
1492 3328 1584 3381 καὶ
1614 3329 1776 3393 αὐτὸς

193 3407 554 3476 ἐθεμελίωσεν
601 3410 774 3481 αὐτὴν
807 3411 836 3463 6
865 3413 1152 3483 ’Υψιστος.
1195 3435 1212 3464 1
1251 3418 1382 3470 Kai'
1421 3438 1440 3470 1
1481 3421 1648 3474 Πόθεν
1680 3439 1774 3489 μοι

188 3497 363 3565 τοῦτο,
395 3501 494 3554 ἵνα
525 3498 709 3572 nent;
745 3504 944 3574 Μήτηρ
964 3504 1056 3558 τοῦ
1088 3506 1292 3577 Κυρίου
1323 3526 1424 3578 μου
1457 3511 1594 3580 πρός
1619 3529 1686 3580 με
1711 3529 1725 3573 ;
1750 3530 1768 3562 1

185 3590 401 3661 Φορεϊον
432 3608 450 3622 ο
489 3611 506 3643 1
537 3593 758 3662 Φορεῖον
779 3589 1034 3664 ἐποίησεν
1062 3597 1240 3668 ἐαυτῷ
1273 3601 1300 3652 ὁ
1331 3599 1582 3668 βασιλεὺς
1614 3601 1776 3654 Σαλο-

187 3681 302 3754 μὼν
324 3684 443 3737 ἀπὺ
468 3681 639 3748 ξύλων
661 3682 757 3736 τοῦ
785 3683 1038 3740 Λιϐάνου.
1073 3705 1092 3736 1
1117 3687 1288 3758 Κλίνη
1305 3705 1319 3718 ·
1353 3709 1375 3740 1
1417 3690 1546 3743 Ἰδοὺ
1570 3693 1599 3760 ἡ
1619 3691 1776 3762 κλίνη

184 3773 274 3828 τοῦ
309 3775 672 3844 Σολομῶντος
694 3793 708 3808 ο
769 3774 1034 3846 ἑξήκοντα
1087 3778 1304 3832 δυνατοὶ
1363 3780 1548 3850 κύκλῳ
1603 3783 1775 3852 αὐτῆς

183 3863 288 3919 ἀπὸ
315 3863 572 3920 δυνατῶν
628 3863 868 3937 Ἰσραήλ,
914 3885 931 3916 ›
969 3868 1245 3936 Κεφαλίς·
1278 3889 1296 3920 1
1343 3871 1451 3924 Kal
1500 3871 1642 3934 ἴδον,
1683 3875 1776 3926 καὶ

187 3953 296 4009 ίδοὺ
334 3958 425 4028 xei.
437 3974 474 4027 ρ
505 3945 844 4029 ἐκτεταμένη
878 3961 1014 4028 πρός
1049 3977 1138 4028 με,
1171 3961 1264 4014 καὶ
1293 3963 1351 4014 ἐν
1383 3963 1519 4033 αὐτῇ
1551 3964 1778 4030 κεφαλὶς

184 4045 410 4118 βιϐλίου,
454 4050 550 4101 καὶ
607 4048 891 4120 ἀνείλησεν
947 4049 1118 4120 αὐτὴν
1150 4049 1380 4105 ἐνώπιον
1421 4053 1577 4122 ἐμοῦ,
1601 4053 1694 4106 καὶ
1721 4057 1778 4108 ἐν

183 4139 318 4212 αὐτῇ
347 4140 727 4210 γεγραμμένα
755 4140 824 4194 τὰ
849 4139 1158 4212 ἔμπροσθεν
1182 4145 1276 4196 καὶ
1304 4145 1372 4196 τὰ
1397 4143 1618 4197 δπισϐεν
1643 4161 1655 4174 ·
1687 4145 1778 4198 καὶ
1809 4165 1821 4175 ·

183 4223 302 4284 εἷπε
332 4231 486 4304 πρός
517 4248 584 4302 με
609 4248 622 4262 ο
659 4230 756 4284 Υἱὲ
797 4231 1107 4304 ἀνθρώπου,
1145 4227 1430 4302 κατάφαγε
1473 4234 1574 4306 τὴν
1619 4253 1778 4306 κεφα·

185 4318 303 4374 λίδα
329 4321 568 4390 ταύτην.
605 4340 624 4372 1
657 4321 870 4374 Βιϐλίον
898 4339 910 4352 ’
947 4343 965 4374 1
998 4325 1107 4376 Καὶ
1129 4323 1282 4376 ἔσται
1310 4327 1438 4394 ὑμῖν
1463 4327 1530 4377 τὰ
1561 4327 1779 4396 ῥήματα

185 4411 381 4475 ταῦτα,
423 4413 582 4480 λέγει
634 4413 662 4465 6
693 4413 846 4476 Θεὸς,
884 4414 959 4476 ὡς
1011 4418 1058 4467 οἱ
1113 4413 1260 4482 λόγοι
1288 4415 1381 4468 τοῦ
1433 4415 1638 4484 βιϐλίου
1684 4416 1778 4470 τοῦ

1875 1965 1893 1996 1
1935 1946 1996 1998 Et
2049 1944 2288 2000 Sanctus
2336 1946 2404 2000 de
2451 1956 2634 2002 monte
2681 1947 2980 2006 umbroso,
3029 1961 3095 2000 ac
3143 1947 3450 2000 condenso.

1867 2037 2166 2091 Abscissus
2212 2047 2299 2090 est
2354 2037 2495 2106 lapis
2543 2037 2612 2091 de
2675 2045 2860 2092 monte
2911 2039 3032 2090 sine
3087 2037 3349 2090 manibus
3404 2037 3450 2091 ἱ.

1869 2118 2026 2183 mons
2079 2131 2134 2182 in
2198 2144 2308 2198 quo
2356 2129 2767 2200 beneplacitutn
2819 2137 2904 2184 est
2937 2128 3050 2183 Deo
3094 2129 3342 2183 habitare
3396 2129 3451 2182 in

1869 2219 2015 2274 eoi.
2057 2239 2076 2272 1
2115 2219 2322 2274 Oliva:
2367 2239 2385 2272 1
2419 2221 2532 2291 Ego
2581 2233 2763 2275 autent
2820 2223 2984 2286 quasi
3049 2222 3194 2275 oliva
3253 2221 3454 2275 fructi-

1871 2314 1985 2366 I'era
2025 2313 2079 2365 in
2118 2313 2282 2366 domo
2319 2312 2410 2366 Dei
2445 2312 2498 2365 ιε.
2537 2333 2556 2364 1
2591 2313 2734 2367 Arca
2769 2331 2784 2366 :
2821 2331 2840 2363 1
2879 2311 3079 2383 Surge,
3117 2311 3367 2376 Domine,
3399 2313 3456 2368 in

1871 2407 2117 2474 requiem
2148 2413 2298 2456 tuam
2321 2445 2336 2468 ,
2368 2411 2424 2456 tit
2457 2415 2511 2458 et
2547 2420 2675 2460 arca
2711 2405 3180 2460 sanctificationis
3215 2415 3320 2459 tua:
3348 2403 3390 2460 ι.
3429 2423 3452 2456 1

1873 2496 2179 2550 Thronus:
2224 2516 2242 2548 1
2287 2495 2408 2550 Vidi
2443 2496 2739 2550 Dominum
2775 2497 3059 2552 sedentem
3091 2512 3260 2566 super
3304 2499 3458 2554 thro-

1871 2605 2005 2642 num
2037 2589 2316 2642 exeelsum
2353 2597 2407 2643 et
2427 2589 2706 2642 elevatum
2728 2607 2743 2655 ;
2769 2599 2824 2641 et
2848 2590 3006 2657 plena
3041 2589 3220 2643 omnis
3258 2584 3461 2644 domus

1873 2682 2049 2752 gloria
2072 2681 2192 2748 ejus
2219 2688 2277 2732 ’³.
2313 2699 2333 2731 1
2373 2679 2540 2734 Porta
2571 2697 2582 2730 :
2619 2697 2640 2730 1
2684 2678 2749 2737 Et
2771 2679 2915 2732 dixit
2947 2679 3214 2735 Dominus
3239 2678 3308 2732 ad
3335 2694 3456 2734 me:

1875 2772 2038 2827 Porta
2083 2773 2194 2824 luec
2233 2770 2426 2826 clausa
2469 2770 2612 2832 erit;
2645 2785 2754 2822 nou
2797 2771 3101 2839 aperietur,
3135 2777 3190 2824 et
3222 2769 3308 2823 vir
3349 2783 3462 2824 non

1873 2863 2140 2920 transibit
2177 2877 2452 2932 peream;
2496 2863 2764 2931 quoniam
2813 2861 3079 2917 Dominus
3114 2860 3257 2916 Deus
3290 2861 3464 2916 Israel

1875 2958 2220 3029 ingredietur
2251 2965 2307 3010 et
2343 2956 2662 3028 egredietur
2691 2971 2788 3024 per
2822 2969 2988 3029 eaut:
3027 2955 3094 3008 Et
3134 2954 3242 3008 erit
3267 2955 3462 3010 clausa

1876 3026 2035 3124 porta
2065 3063 2114 3105 η.
2155 3073 2175 3106 1
2223 3026 2400 3106 Sion;
2441 3070 2461 3103 1
2504 3049 2704 3107 Veniet
2743 3066 2808 3106 ex
2850 3026 2984 3106 Sio’n
3027 3051 3122 3121 qui
3159 3051 3376 3112 liberet.
3405 3058 3464 3106 et

1878 3152 2092 3199 avertat
2149 3144 2463 3213 impietates
2511 3157 2544 3196 a
2588 3141 2797 3197 Jacobo
2860 3149 2908 3196 ο.
2967 3141 3148 3213 Elegit
3196 3142 3464 3197 Dominus

1879 3235 2050 3300 Sion;
2085 3237 2250 3312 elegit
2276 3251 2396 3289 eam
2427 3236 2483 3289 in
2522 3234 2914 3288 habitationem
2950 3235 3055 3290 sibi
3090 3243 3144 3290 Ρ.
3188 3253 3208 3287 1
3252 3234 3463 3288 Mater:

1881 3345 1899 3376 1
1941 3324 2116 3379 Mater
2169 3324 2301 3378 Sion
2349 3323 2544 3377 dicet:
2593 3323 2792 3389 llonto,
2839 3330 2896 3378 et.
2941 3325 3103 3378 homo
3169 3333 3335 3392 natus
3376 3330 3468 3380 est

1877 3417 1930 3470 in
1963 3431 2048 3478 ea,
2097 3425 2149 3469 et
2203 3416 2322 3482 ipse
2367 3413 2618 3468 fundavit
2659 3429 2784 3468 eam
2835 3414 3166 3470 Altissimus
3201 3425 3252 3468 ιι.
3291 3434 3310 3467 1
3353 3414 3463 3471 Et:

1882 3527 1901 3559 1
1943 3505 2100 3562 Unde
2133 3507 2240 3560 hoc
2269 3507 2426 3570 mihi,
2467 3515 2526 3560 ιιι
2558 3505 2740 3560 veniat
2783 3503 2955 3559 Mater
2983 3504 3205 3560 Domini
3239 3507 3350 3560 mei
3391 3507 3466 3561 ad

1876 3613 1964 3652 me
1999 3597 2058 3650 r‘1
2099 3615 2118 3648 1
2180 3595 2474 3649 Ferculum
2527 3613 2542 3649 :
2587 3613 2608 3645 1
2664 3593 2816 3648 Fecit
2875 3595 2984 3650 sibi
3041 3610 3138 3649 rex
3197 3593 3466 3650 Salomon

1878 3688 2149 3744 ferculum
2177 3687 2243 3742 de
2267 3687 2434 3756 lignis
2463 3685 2656 3740 Libani
2683 3695 2730 3740 ⁸.
2776 3705 2796 3738 1
2833 3687 3118 3740 Leetulum
3155 3703 3170 3738 ε
3205 3705 3225 3738 1
3257 3685 3464 3741 Lectus

1879 3777 2192 3832 Salomonis
2232 3777 2520 3846 sexaginta
2553 3775 2724 3830 fortes
2747 3760 2999 3830 ambiunt
3020 3792 3086 3830 ex
3117 3775 3356 3832 fortibus
3384 3775 3466 3831 ls-

1878 3871 1988 3924 rael
2025 3871 2069 3924 ί.
2124 3888 2142 3920 1
2180 3868 2537 3938 Capitulum:
2572 3885 2590 3918 1
2627 3867 2694 3920 Et
2725 3869 2856 3932 vidi,
2889 3879 2944 3922 et
2973 3883 3104 3924 ecce
3134 3883 3333 3923 manus
3363 3883 3465 3924 ex-

1877 3971 2025 4015 tenta
2055 3959 2122 4012 atl
2155 3976 2266 4024 me,
2299 3967 2353 4013 et
2383 3961 2438 4012 iit
2469 3973 2532 4012 ea
2575 3960 2878 4028 capitulum
2923 3959 3088 4027 libri;
3120 3969 3171 4015 et
3203 3961 3467 4030 expandit

1880 4052 2012 4106 illud
2061 4067 2246 4104 coram
2284 4066 2389 4116 me,
2426 4057 2480 4103 et
2525 4061 2684 4106 erant
2726 4052 2930 4121 scripta
2979 4053 3034 4104 iu
3082 4051 3148 4106 eo
3183 4053 3464 4106 anteriora

1878 4154 1930 4196 et
1965 4143 2298 4212 posteriora;
2327 4143 2400 4208 iet
2445 4141 2587 4196 dixit
2623 4142 2702 4196 ’ad
2736 4159 2860 4196 me:
2896 4141 3008 4218 .Fili
3046 4143 3312 4206 hominis,
3363 4157 3462 4196 co-

1881 4233 2036 4288 mede
2066 4234 2368 4301 capitulum
2402 4233 2554 4288 istud
2582 4235 2632 4287 “.
2666 4253 2683 4284 1
2714 4231 2919 4288 Liber:
2962 4252 2980 4284 1
3020 4233 3084 4286 Et
3110 4244 3276 4288 erunt
3304 4234 3465 4290 vobis

1881 4325 2045 4378 verba
2085 4325 2220 4387 haec,
2255 4327 2329 4377 ait
2366 4324 2532 4386 Deus,
2582 4334 2642 4378 ιιι
2667 4325 2831 4378 verba
2871 4325 2992 4378 libri
3026 4325 3265 4394 signati;
3297 4339 3463 4394 quem

1883 4418 1926 4472 si
1956 4417 2218 4497 [dederint
2244 4417 2420 4484 ipsum
2448 4417 2660 4468 homini
2692 4415 2887 4470 scienti
2919 4415 3153 4480 litteras,
3176 4416 3461 4472 dicentes:

185 4503 666 4574 ἑσφραγισμένου,
695 4503 724 4557 ὃ
754 4505 850 4556 ἐὰν
869 4503 1132 4558 δώσουσιν
1165 4505 1296 4558 αὐτὸ
1345 4506 1618 4577 ἀνθρώπῳ
1660 4508 1773 4560 ἐπι-

1890 4505 2028 4574 Lege
2057 4505 2198 4566 haec;
2226 4511 2280 4559 et
2310 4503 2480 4567 dicet,
2521 4501 2638 4556 Non
2679 4519 2902 4573 possum
2952 4505 3130 4574 legere
3162 4525 3174 4561 :
3205 4505 3464 4575 signatus

188 4594 456 4664 παμένῳ
486 4594 810 4664 γράμματα,
845 4593 1096 4660 λέγοντες
1121 4593 1290 4664 αὐτῷ,
1329 4593 1628 4662 Ἀνάγνωοι
1647 4593 1782 4646 ταῦ-

181 4700 285 4739 τα’
321 4687 424 4738 καὶ
471 4686 606 4755 ἐρεῖ,
635 4685 710 4738 Οὐ
756 4685 993 4754 δύναμαι
1051 4685 1386 4754 ἀναγνῶναιι
1419 4687 1784 4756 ἐσφράγισται

182 4775 313 4847 γάρ.
348 4795 370 4828 1
409 4775 631 4846 Τόμος·
671 4795 688 4828 1
742 4778 851 4830 Καὶ
881 4774 1002 4830 εἷπε
1055 4778 1260 4846 Κύριος
1308 4761 1442 4848 πρός
1497 4795 1594 4849 με’
1637 4778 1783 4830 Λάϐε

183 4867 406 4937 σεαυτῷ
437 4867 609 4936 τόμον
637 4869 827 4922 καινοῦ
859 4867 1120 4937 μεγάλου,
1152 4869 1246 4920 καὶ
1274 4868 1490 4940 γράψον
1520 4871 1597 4932 είς
1621 4871 1784 4925 αὐτὸν

183 4957 421 5026 γραφίδι
451 4957 768 5028 ἀνθρώπου,
793 4957 888 5012 τοῦ
913 4957 1080 5022 ὀξέως
1097 4958 1380 5030 προνομὴν
1401 4962 1625 5030 ποιῆσαι
1651 4961 1780 5014 σκύ-

183 5047 328 5101 λων·
368 5049 614 5118 παρέστι
663 5049 794 5118 γάρ.
834 5066 853 5100 1
884 5047 1076 5110 Λαϐίς.
1107 5068 1125 5101 1
1157 5049 1266 5102 Kal
1313 5049 1594 5120 ἀπεστάλη
1643 5051 1779 5120 πρός

188 5151 256 5204 με
279 5135 342 5190 ἓν
359 5136 488 5211 τῶν
519 5138 796 5209 Σεραφὶμ,
847 5137 944 5190 καὶ
966 5137 1026 5189 ὲν
1065 5140 1130 5209 τῇ
1159 5138 1305 5210 χειρὶ
1337 5135 1484 5210 εἶχεν
1513 5139 1778 5210 ἄνθρακα,

1881 4604 1966 4648 est
1999 4595 2142 4647 enim
2180 4603 2222 4662 νδ.
2275 4613 2293 4646 1
2329 4593 2532 4648 'l‘omtts
2565 4611 2580 4647 :
2621 4614 2639 4646 1
2681 4593 2745 4648 Et
2779 4595 2920 4647 dixit
2953 4594 3216 4648 Dominus
3241 4596 3304 4648 ad
3340 4611 3463 4649 me:

1883 4685 2050 4739 Sume
2093 4687 2190 4742 tibi
2225 4687 2482 4740 volumen
2537 4689 2662 4740 novi
2717 4686 2920 4755 magni,
2963 4694 3018 4740 et
3071 4687 3254 4740 srrihe
3303 4687 3358 4738 in
3395 4701 3465 4740 eo

1881 4779 2126 4834 hominis
2174 4779 2341 4850 stylo,
2380 4789 2437 4832 ut
2481 4779 2740 4833 velociter
2775 4777 3241 4846 depraedationem
3293 4777 3464 4830 fat-int

1882 4869 2184 4937 Spoliorum
2211 4869 2420 4938 :Iprope
2441 4877 2522 4920 est
2547 4867 2698 4918 enim
2728 4878 2808 4919 ι.»
2834 4864 3073 4934 Forceps
3097 4882 3148 4918 :1
3173 4863 3236 4916 Et
3253 4865 3463 4918 missus

1880 4969 1962 5015 est
2005 4960 2071 5013 ad
2103 4973 2192 5012 me
2222 4973 2368 5014 unus
2397 4957 2464 5013 de
2495 4957 2809 5026 Seraphim,
2857 4969 2908 5011 et
2939 4958 2996 5010 in
3025 4972 3190 5010 manu
3224 4954 3480 5008 habebat

1885 5052 2208 5116 carbonem,
2239 5066 2403 5120 quem
2443 5050 2652 5118 forcipe
2680 5049 2916 5118 sumpsit
2945 5049 3010 5102 de
3043 5046 3226 5110 altari,
3250 5055 3303 5099 et
3341 5045 3468 5100 teti-

1887 5144 1966 5214 git
1999 5159 2065 5198 os
2101 5157 2306 5210 meum,
2341 5150 2395 5197 et
2427 5141 2565 5196 dixit
2598 5158 2612 5194 :
2652 5138 2793 5194 Ecce
2821 5139 2999 5209 tetigit
3037 5138 3142 5193 hoc
3177 5137 3318 5192 labia
3347 5146 3463 5203 tua,

260 5305 289 5383 ξ
331 5309 519 5383 Exod.
549 5309 716 5383 111.3.
778 5318 816 5354 ὀ
844 5312 954 5369 lsa.
1011 5327 1089 5380 XI,
1125 5315 1178 5369 l.
1251 5314 1285 5358 δ
1329 5315 1462 5374 ibid.
1495 5334 1574 5382 x1,
1611 5317 1699 5374 10.

1875 5315 2012 5372 lxod.
2065 5331 2150 5383 tu,
2183 5313 2236 5369 5.
2321 5311 2549 5383 f,Psa_l._
2574 5324 2662 5383 cv,
2698 5263 2792 5362 24:
2871 5305 2899 5346 σ
2931 5301 3076 5383 Psal.
3095 5315 3339 5383 _t.x_ntv,
3375 5297 3462 5383 ἑξ.

185 5375 208 5410 ιι
247 5373 458 5450 llabae.
499 5394 574 5440 tu,
609 5380 692 5450 5.,
743 5383 763 5424 i
807 5383 946 5440 Dan.
1003 5372 1088 5449 tt,'
1121 5387 1216 5442 45.
1296 5385 1310 5436 l
1354 5372 1500 5445 Psal.
1537 5372 1702 5449 cxvii,
1765 5388 1852 5442 17.
1934 5388 1960 5427 ι
1992 5372 2149 5441 Ρςοιί
2197 5399 2274 5450 ιι,
2311 5381 2400 5438 10.
2473 5379 2492 5413 ¹
2522 5372 2666 5450 Psal.
2714 5391 2942 5450 θυαμ,-
2965 5372 3020 5428 8.

3095 5378 3136 5402 ι·
3170 5369 3274 5426 lsa.
3305 5385 3378 5431 γι,
3413 5370 3466 5424 1.

189 5453 212 5477 η
250 5445 466 5499 Ezecli.
501 5463 644 5512 xuv,
671 5449 727 5505 ‘2.
807 5453 975 5526 °_lsa.
1007 5441 1119 5526 Lis,
1149 5441 1244 5514 20.
1320 5441 1744 5519 pentiam}.

1951 5467 1980 5509 τι
2012 5456 2156 5526 Psal.
2191 5441 2413 5520 u'xxvt,
2440 5451 2493 5510 5.
2577 5459 2599 5488 ι’
2635 5447 2769 5504 Luc.
2805 5464 2844 5513 ι,
2877 5444 2973 5510 45,
3051 5449 3072 5478 ⁸
3109 5441 3268 5526 Cant.
3296 5453 3378 5504 ut,
3409 5441 3475 5522 ε).⁸

190 5531 213 5570 ⁸
249 5531 397 5586 ibid.
441 5530 500 5586 7.
575 5540 606 5567 υ
649 5523 941 5591 Εῑεειιῖιι,
1001 5531 1056 5585 9.
1110 5524 1117 5530 ’

1175 5529 1326 5581 Visa.
1373 5544 1522 5589 xxix,
1577 5531 1660 5578 Μ.
1741 5526 1887 5580 1‘lsa.
1930 5541 2050 5590 vttt,
2112 5523 2163 5576 1.

1463 5681 1698 5736 ιἈιιιέιε
1739 5681 2155 5737 LECTIONES.

265 5784 289 5817 ⁸
323 5781 473 5836 Mal.
512 5784 568 5836 ὲν
602 5780 779 5846 αὐτῷ.
