3966 6430
555 394 654 460 8ἾῙ

1746 399 1806 458 S.
1836 395 2140 458 ANDREA

2242 396 2630 465 IRETENSIS
3679 426 3759 494 ετξ

553 515 610 561 et
648 511 871 577 peccata
900 510 992 560 tua
1035 504 1509 578 circumpurgabit
1537 516 1584 562 γ.
1648 526 1666 558 ι
1699 508 1865 580 Virgo
1892 524 1907 562 :
1940 527 1959 562 ι
1989 508 2135 564 Ecce

2242 512 2382 604 ϐνῗτῇ
2405 516 2582 571 λαϐίδι
2617 519 2808 573 ἔλαϐεν
2828 520 2939 573 ἀπὸ
2967 521 3061 604 τοῦ
3090 523 3494 597 θυσιαστηρίου,
3520 536 3606 585 καί
3623 538 3762 604 Nam

552 600 712 669 virgo
748 598 801 652 in
831 604 995 653 utero
1032 598 1293 668 accipiet,
1334 609 1388 654 et
1426 600 1603 670 pariet
1651 600 1849 667 ﬁlium,
1889 610 1943 657 et
1972 616 2136 655 voca-

554 690 694 743 bunt
742 701 942 742 nomen
987 685 1112 754 ejus
1153 685 1476 742 Emmanuel
1533 698 1581 741 ι.
1639 708 1657 740 ι
1718 687 2075 761 Prophetissa
2118 710 2133 745 ;

561 797 580 828 α
621 777 686 831 Et
725 779 935 833 accessi
967 776 1036 833 ad
1077 778 1508 848 prophetissam,
1556 789 1610 834 et
1648 780 1703 833 in
1746 788 1908 853 utero
1931 796 2136 837 conce-

554 874 654 942 pit,
698 886 763 927 ac
806 873 1020 943 peperit
1064 872 1235 926 ﬁlium
1276 890 1289 926 :
1325 884 1379 928 et
1419 873 1561 929 dixit
1601 872 1868 929 Dominus
1911 873 1977 928 ad
2009 889 2133 929 me:

558 961 700 1015 Voca
738 977 939 1016 nomen
983 961 1130 1032 ejus,
1180 960 1303 1017 Cito
1349 963 1566 1031 spolia;
1620 949 1884 1018 velociter
1922 961 2136 1032 deprae-

553 1054 727 1106 dare:
775 1053 904 1122 quia
958 1063 1260 1123 antequam
1314 1054 1454 1108 sciat
1504 1069 1644 1122 puer
1674 1068 1874 1108 vocare
1925 1064 2135 1124 patrem

554 1156 646 1197 aut
675 1152 934 1209 matrem,
979 1146 1219 1216 accipiet
1247 1147 1510 1201 virtutem
1553 1146 1826 1210 Damasci,
1871 1155 1926 1201 et
1963 1146 2139 1215 spolia

555 1228 821 1292 Samariae
848 1250 898 1291 α.
952 1256 970 1289 ι
1034 1241 1244 1306 Regina
1277 1254 1292 1290 :
1336 1255 1355 1289 ι
1383 1238 1574 1293 Ᾱειίιίι
1602 1236 1809 1307 Regina
1866 1253 1894 1290 a
1929 1226 2145 1294 dextris

552 1332 666 1385 tuis
715 1330 770 1384 in
813 1331 1019 1384 vestitu
1049 1330 1338 1391 deaurato,
1387 1330 1828 1394 circumamicta,
1887 1329 2139 1400 variega-

552 1425 608 1471 ta
641 1417 691 1472 ι’.
748 1437 765 1470 ι
825 1417 1130 1474 Proxima:
1193 1437 1212 1470 ι
1268 1417 1406 1473 Tota
1457 1421 1685 1489 pulchra
1734 1434 1831 1479 es.
1889 1413 2137 1489 proxima

554 1524 698 1571 mea,
733 1518 847 1565 tota
884 1510 1137 1580 pulchra,
1170 1521 1223 1565 et
1252 1512 1467 1565 macula
1496 1527 1603 1565 non
1638 1511 1799 1565 estin
1833 1519 1905 1566 te.
1940 1509 2154 1580 Surge,

554 1601 705 1663 veni,
732 1602 985 1672 proxima
1036 1617 1156 1656 mea
1190 1616 1393 1670 sponsa
1424 1618 1438 1655 :
1475 1601 1597 1655 veni
1645 1601 1712 1655 de
1742 1599 1992 1655 Libano:
2034 1599 2139 1656 Ve-

556 1693 703 1758 nies,
739 1693 1043 1760 veniesque
1080 1708 1110 1747 a
1135 1692 1411 1762 principio
1444 1691 1590 1747 ﬁdei.
1626 1691 1835 1747 Favum
1867 1691 2139 1747 distillant

554 1783 696 1839 labia
731 1792 845 1843 tua.
895 1799 1121 1853 sponsa,
1170 1784 1276 1838 mel
1325 1792 1380 1838 et
1414 1783 1501 1837 lae
1552 1784 1655 1837 sub
1699 1782 1886 1852 lingua
1918 1792 2045 1850 tua;
2082 1791 2138 1837 et

552 1875 688 1931 odor
717 1879 1175 1931 vestimentorum
1212 1885 1432 1931 tuorum
1470 1875 1616 1930 sicut
1647 1875 1784 1929 odor
1811 1875 1988 1929 thuris
2025 1886 2072 1927 ο.
2112 1894 2134 1928 ι

554 1967 765 2022 Soror:
805 1986 824 2017 ι
866 1967 1043 2033 Quam
1070 1967 1285 2036 pulchri
1319 1966 1446 2021 facti
1491 1975 1625 2027 sunt
1659 1966 1805 2020 oculi
1842 1968 1947 2032 tui,
1979 1981 2139 2023 soror

550 2074 670 2113 mea
704 2073 909 2127 sponsa
939 2057 989 2110 ά.
1023 2077 1042 2109 ι
1090 2056 1340 2112 Hortus:
1378 2077 1396 2109 ι
1437 2058 1642 2113 Hortus
1665 2057 1992 2124 conclusus,
2016 2057 2139 2113 fons

550 2149 804 2220 signatus
823 2162 869 2203 ο.
899 2169 916 2201 ο
956 2147 1094 2203 Filia
1126 2166 1195 2205 ιι
1222 2150 1389 2213 Audi,
1428 2148 1562 2212 tilia,
1600 2157 1654 2203 et
1687 2149 1829 2213 vide,
1853 2157 1907 2203 et
1933 2149 2140 2204 inclina

550 2249 988 2305 aurem'tuam,
1044 2252 1099 2295 et
1152 2240 1483 2295 obliviscere
1534 2240 1794 2310 populum
1858 2247 2010 2295 tuu‘m
2085 2251 2143 2297 et

549 2336 775 2387 domum
820 2334 997 2401 patris
1039 2332 1153 2398 tui;
1205 2341 1263 2388 et
1306 2334 1666 2401 concupiscet
1704 2349 1798 2389 rex
1830 2333 2144 2404 pulchritu-

548 2425 734 2479 dinem
766 2435 914 2478 tnam
948 2423 992 2477 ί.
1036 2443 1054 2476 ι
1080 2454 1145 2465 -
1174 2442 1194 2475 ι
1232 2424 1419 2485 Multae
1444 2426 1567 2478 ﬁlia:
1590 2425 1971 2495 acquisierunt
2000 2427 2143 2482 divi-

551 2519 696 2582 tias;
742 2517 927 2570 multa:
956 2517 1206 2571 fecerunt
1235 2517 1494 2571 virtutem
1527 2525 1621 2571 :tu
1659 2526 1840 2572 autem
1890 2519 2139 2587 emines;

561 2623 931 2679 supergressa
959 2625 1018 2663 cs
1059 2610 1351 2664 universas
1388 2610 1432 2661 ⁸.
1464 2628 1482 2661 ι
1521 2608 1863 2680 Desponsata
1903 2628 1916 2665 :
1954 2631 1972 2662 ι
2012 2611 2143 2668 Mis-

548 2717 651 2757 sus
685 2710 769 2755 est
792 2706 1022 2770 angelus
1056 2697 1277 2755 Gabriel
1315 2716 1344 2752 a
1371 2699 1554 2754 Dcoin
1591 2701 1870 2755 civitatem
1901 2700 2144 2759 Galilaaa:

550 2793 641 2847 cui
677 2804 878 2847 nomen
925 2790 1358 2856 Nazareth..ad
1407 2793 1677 2863 virginem
1747 2795 2140 2865 desponsatam

549 2885 674 2940 viro
704 2887 794 2941 cui
851 2901 1050 2941 nomen
1082 2882 1312 2956 Ioseph,
1361 2885 1430 2941 de
1473 2886 1638 2941 domo
1681 2901 1746 2942 ac
1789 2886 1997 2943 familia
2035 2889 2145 2944 Da-

551 2978 681 3034 vid:
714 2990 770 3033 et
805 2993 1004 3034 nomen
1032 2978 1273 3050 virginis
1313 2977 1487 3033 Maria
1531 2979 1580 3031 ιι.
1618 2998 1637 3031 ι
1672 2978 1858 3035 Nubes
1892 2998 1905 3035 :
1939 3000 1957 3034 ι
2004 2983 2144 3039 Ecce

548 3068 819 3125 Dominus
857 3070 1073 3126 sedebit
1125 3084 1292 3140 super
1343 3072 1552 3124 nubem
1611 3071 1819 3137 levem,
1857 3082 1914 3128 et
1959 3074 2143 3129 veniet

2236 603 2328 656 τοῦ
2368 607 2636 677 στόματός
2661 626 2785 679 μου,
2824 611 2917 664 καὶ
2934 603 3087 665 εἶπεν
3110 629 3123 643 ·
3167 613 3301 667 ’Ῑδοῦ
3327 616 3496 686 ἥψατο
3522 603 3662 675 τοῦτο
3683 628 3766 683 τῶν

2236 697 2464 767 χειλέων
2496 716 2612 767 σου,
2652 702 2866 765 καὶτὰς
2897 704 3177 774 ἁμαρτίας
3229 721 3323 759 σου
3358 711 3715 786 περικαθαριει,
3748 742 3763 774 ι

2238 790 2553 862 Παρθένος·
2591 812 2610 845 ι
2654 794 2783 848 Ἰδοὺ
2814 797 2847 864 ἡ
2900 795 3174 867 παρθένος
3212 799 3269 850 έν
3320 803 3514 873 γαστρὶ
3561 803 3767 876 λήψεται,

2236 886 2334 939 καὶ
2363 887 2578 952 τέξεται
2602 889 2737 956 υἱὸν,
2770 889 2857 943 καὶ
2892 890 3185 946 καλέσουσι
3213 890 3273 944 τὸ
3304 890 3470 963 ὄνομα
3488 896 3638 950 αὑτοῦ
3662 899 3768 970 Ἐμ-

2202 1030 2209 1035 .
2241 980 2511 1050 μανουήλ.
2545 998 2565 1032 ι
2617 981 2935 1052 Προφῆτις·
2979 1002 2998 1035 ‹
3057 984 3168 1036 Καὶ
3216 983 3518 1054 προσῆλθον
3554 986 3671 1057 πρὸς
3694 994 3770 1061 τὴν

2240 1071 2536 1141 προφῆτιν,
2566 1073 2659 1125 καὶ
2689 1074 2746 1127 ἐν
2779 1076 2978 1145 γαστρὶ
3006 1073 3188 1139 ἔλαϐε,
3222 1073 3315 1127 καὶ
3347 1073 3528 1128 ἔτεκεν
3548 1077 3666 1143 υἱὸν,
3698 1083 3770 1135 καὶ

2239 1159 2362 1215 εἶπε
2387 1163 2592 1235 Κύριος
2631 1164 2769 1235 πρός
2800 1182 2899 1236 με·
2931 1164 3178 1219 Κάλεσον
3198 1165 3260 1218 τδ
3293 1165 3462 1236 ὄνομα
3485 1169 3656 1236 αὑτοῦ,
3691 1173 3772 1226 Τα·

2240 1256 2380 1325 χὲως
2411 1258 2713 1310 σκύλευσον
2732 1272 2749 1286 θ
2801 1256 2971 1324 ὀξέως
3024 1259 3403 1329 προνόμευσον
3427 1274 3441 1289 ·
3468 1258 3594 1313 διότι
3619 1263 3724 1334 πρὶν
3747 1263 3771 1335 ἦ

2239 1347 2445 1416 γνῶναι
2467 1347 2528 1401 τὸ
2559 1347 2770 1402 παιδίον
2793 1350 2981 1402 καλεῖν
3011 1349 3228 1420 πατέρα
3254 1348 3287 1421 ἢ
3337 1351 3564 1422 μητέρα,
3589 1351 3773 1424 λήψεται

2239 1437 2473 1509 δύναμιν
2495 1439 2827 1510 Δαμασκοῦ,
2852 1439 3037 1493 καὶτὰ
3074 1440 3248 1512 σκύλη
3272 1441 3573 1513 Σαμαρίας.
3611 1462 3628 1496 i
3650 1444 3771 1498 Βασί-

2238 1530 2401 1583 λισσα
2419 1546 2433 1561 ·
2472 1549 2491 1581 ι
2523 1531 2778 1600 Παρέστη
2812 1532 2844 1601 ή
2871 1529 3163 1601 βασίλισσα
3184 1532 3250 1585 ὲκ
3275 1531 3469 1599 δεξιῶν
3497 1548 3584 1589 σου
3607 1534 3657 1587 έν
3677 1534 3773 1605 ίμα-

2238 1621 2419 1695 τισμῷ
2467 1621 2744 1695 διαχρύσῳ
2802 1622 3289 1695 περιϐεϐλημένη,
3338 1624 3769 1695 πεποικιλμένη.»

2242 1714 2476 1783 Πλησίον
2501 1730 2516 1745 ·
2552 1734 2572 1766 ι
2607 1715 2746 1785 Ὀλη
2802 1715 2942 1785 καλὴ
2982 1718 3018 1787 ή
3072 1715 3305 1786 πλησίον
3347 1715 3621 1788 μου·,ὂλη
3650 1719 3773 1790 καλὴν

2241 1806 2335 1857 καὶ
2365 1804 2556 1875 μῶμος
2581 1805 2681 1859 οὐκ
2712 1805 2861 1859 ἐστιν
2883 1807 2940 1860 ὲν
2964 1805 3067 1858 σοί.
3084 1806 3340 1871 Ἀνάστα,
3374 1806 3521 1870 ἐλθὲ,
3547 1809 3577 1878 ή
3598 1808 3775 1879 πλησίον

2245 1914 2348 1967 μου
2378 1897 2566 1969 νύμφη
2588 1913 2603 1928 ·
2626 1897 2786 1967 δεῦρο
2815 1899 2927 1951 ἀπὸ
2959 1896 3197 1953 Λιϐάνου
3222 1912 3237 1926 ⁸
3277 1894 3500 1973 ὲλεύσῃ,
3520 1898 3606 1953 καὶ
3626 1900 3775 1972 ὲλεύση

2240 1990 2335 2043 ἀπ’
2357 1989 2535 2060 ἀρχῆς
2566 1990 2827 2054 πίστεως.
2862 1990 3071 2060 Κηρίον
3104 1989 3482 2055 ἀποστάζουσι
3524 1989 3665 2060 χείλη
3689 2008 3773 2051 σου,

2240 2081 2451 2155 νύμφη,
2485 2081 2608 2153 μέλι
2647 2083 2741 2136 καλ⁵
2779 2082 2925 2151 γάλα
2982 2082 3088 2136 ὑπὸ
3132 2082 3232 2153 τήν
3276 2081 3533 2150 γλῶσσάν
3579 2083 3775 2135 σου·καὶ

2240 2176 2384 2247 ὀσμὴ
2417 2176 2648 2246 ἱματίων
2680 2158 2800 2241 σου,
2832 2176 2907 2239 ὡς
2931 2173 3076 2246 ὀσμὴ
3109 2174 3203 2228 τοῦ
3228 2174 3490 2229 Λιϐάνου.
3521 2193 3540 2226 ι
3572 2173 3772 2244 ’Δδελφή’

2249 2288 2267 2321 ι
2304 2268 2370 2323 Τί
2397 2267 2812 2339 έκαλλιώθησαν
2839 2267 3107 2338 ὀφθαλμοί
3147 2284 3266 2330 σου,
3297 2267 3504 2339 ἀδελφή
3538 2284 3649 2338 μου,
3676 2266 3773 2337 νύμ-

2243 2373 2341 2425 φη.
2382 2376 2400 2409 ι
2436 2357 2626 2426 Κῆπος
2648 2374 2663 2390 ·
2705 2375 2724 2408 ι
2762 2357 2955 2427 Κῆπος
2986 2355 3410 2429 κεκλεισμένος·
3434 2359 3583 2429 πηγή
3618 2359 3774 2427 ἐσφρα-

2242 2450 2505 2520 γισμένη.
2544 2468 2563 2502 ι
2599 2450 2894 2523 Θυγάτηρ·
2927 2468 2946 2503 ι
2987 2451 3278 2517 Ἄκουσον,
3310 2438 3576 2522 θύγατερ,
3598 2451 3678 2504 καὶ
3708 2451 3775 2513 fit,

2243 2544 2339 2607 xui
2362 2542 2541 2596 κλῖνον
2571 2542 2631 2596 τὸ
2656 2539 2750 2606 οῦς
2781 2559 2898 2609 σου,
2933 2543 3030 2596 καὶ
3075 2542 3341 2598 ἐπιλάθου
3402 2543 3499 2597 τοῦ
3543 2541 3660 2596 λαοῦ
3696 2559 3769 2603 σου.

2245 2636 2339 2689 καὶ
2369 2634 2464 2688 τοῦ
2509 2636 2660 2688 οἴκου
2692 2635 2788 2689 τοῦ
2819 2635 3028 2708 πατρός
3077 2654 3172 2690 σου
3197 2677 3213 2701 ,
3276 2637 3375 2691 καὶ
3425 2636 3725 2705 ἐπιθυμήσει
3758 2636 3775 2687 ὸ

2246 2726 2504 2798 βασιλεὺς
2560 2727 2654 2781 τοῦ
2686 2728 2915 2793 κάλλους
2956 2746 3072 2784 σου.
3100 2748 3118 2780 ι
3141 2759 3206 2771 -
3225 2749 3244 2781 ι
3272 2729 3484 2784 Πολλαὶ
3536 2727 3775 2797 θυγατέρες

2244 2821 2551 2887 ἐκτήσαντο
2595 2819 2864 2873 πλοῦτον·
2910 2820 3106 2874 πολλαὶ
3141 2820 3415 2892 ἐποίησαν
3465 2819 3708 2889 δύναμιν·
3732 2819 3774 2869 σὺ

2243 2913 2322 2977 δὲ,
2357 2913 2707 2981 ὑπέρκεισαι,
2734 2914 2829 2966 καὶ
2861 2911 3143 2983 ὑπερῆξας
3174 2913 3377 2975 πάσας.
3421 2931 3440 2963 ›
3475 2898 3774 2982 Μεμνηστευ-

2248 3003 2414 3075 μένη·
2456 3024 2477 3055 ι
2526 3003 2831 3073 Ἀπεστάλη
2876 3002 3109 3070 ἄγγελος
3152 3001 3404 3071 Γαϐριὴλ
3453 3001 3560 3054 ἀπὸ
3587 2998 3702 3054 Θεοῦ
3723 2999 3776 3060 είς

2244 3094 2400 3149 πόλιν
2422 3095 2524 3166 τῆς
2559 3094 2871 3156 Γαλιλαίας,
2899 3084 2933 3168 ᾗ
2959 3094 3131 3165 ὄνομα
3155 3093 3439 3165 Ναζαρὲτ,
3469 3094 3603 3165 πρὸς
3630 3090 3778 3162 παρθέο

551 3164 608 3217 in
667 3160 992 3234 Egyptum,
1045 3168 1101 3216 et
1139 3161 1532 3216 cbncutieutur
1582 3162 1898 3218 manufacta
1964 3164 2130 3237 IEgy-

2242 3207 2329 3244 vov
2362 3160 2856 3259 μεμνηστευμένην
2889 3160 3132 3256 ἀνδρὶξῷ
3153 3160 3333 3256 ὄνομα
3349 3160 3575 3257 Ἰωσὴφ,
3599 3184 3653 3249 ἐξ
3666 3160 3775 3236 οίιιου

552 3254 629 3325 pti
668 3257 717 3309 ι.
759 3272 779 3307 ι
816 3253 1015 3310 Visio:
1064 3249 1194 3308 Vidi
1236 3253 1508 3308 visionem
1548 3254 1695 3321 ignis
1728 3274 1742 3309 :
1793 3265 1847 3310 et
1883 3255 2139 3325 splendor

551 3348 673 3417 ejus
709 3346 765 3401 in
807 3345 1075 3412 circuitu,
1109 3345 1259 3400 velut
1298 3344 1436 3399 visio
1481 3339 1670 3411 arc'us,
1711 3360 1837 3401 cum
1876 3346 2040 3401 fuerit
2081 3347 2136 3401 in

554 3439 701 3494 nube
734 3438 790 3492 in
823 3436 1020 3491 diebus
1060 3435 1296 3506 pluviae;
1348 3435 1431 3489 sic
1468 3436 1637 3489 statio
1688 3437 2006 3507 splendoris
2043 3422 2140 3506 per

554 3544 772 3603 gyrum.
814 3526 941 3583 Haec
968 3528 1109 3582 visio
1136 3526 1522 3581 similitudinis
1552 3528 1741 3596 gloria:
1777 3527 1994 3583 Domini
2033 3527 2077 3582 i.
2113 3548 2133 3582 ι

558 3622 878 3678 Electrum':
914 3620 1026 3674 «Et
1077 3617 1188 3672 vidi
1221 3618 1378 3687 quasi
1437 3620 1675 3688 speciem
1723 3621 1936 3688 electri,
1993 3623 2141 3678 velut

553 3724 840 3784 aspectum
874 3713 1044 3783 ignis,
1083 3712 1425 3767 intrinsecus
1454 3712 1575 3782 ejus
1613 3727 1709 3782 per
1737 3713 2033 3768 circuitum
2061 3731 2075 3779 ;
2107 3730 2138 3769 α

554 3806 770 3860 visione
802 3806 995 3870 lumbi,
1028 3815 1083 3860 et
1118 3820 1296 3874 usque
1335 3806 1596 3861 deorsum
1642 3806 1688 3857 ιι.
1732 3825 1751 3858 ι
1793 3807 1938 3870 Dies,
1976 3823 2083 3862 nox
2124 3823 2138 3861 :

446 3942 451 3945 .
557 3916 577 3948 ε
622 3896 748 3952 Dies
780 3895 886 3951 diei
935 3904 1151 3952 eructat
1180 3896 1432 3961 verbum,
1474 3909 1529 3952 et
1573 3914 1682 3951 nox
1733 3900 1882 3952 nocti
1934 3898 2142 3953 indicat

553 3988 1174 4045 scientiamk‘JCcelum
1202 4005 1217 4042 :
1248 4007 1267 4039 ι
1306 3988 1379 4043 De
1412 3989 1554 4042 cmlu
1583 3990 1823 4059 respexit
1847 3989 2138 4057 Dominus,

555 4083 688 4137 vidit
719 4096 916 4137 omnes
963 4079 1104 4135 ﬁlios
1160 4079 1736 4136 honﬁnumLleum
1781 4084 1905 4136 rmli
1958 4081 2136 4138 Domi-

552 4188 629 4229 no
654 4181 718 4227 ω.
774 4192 793 4225 ι
850 4173 1091 4227 Oriens:
1146 4190 1169 4251 ⁵ι
1224 4170 1415 4243 Regna
1471 4182 1667 4240 terrae;
1720 4184 1941 4231 cantate
1996 4177 2137 4244 Deo;

553 4265 767 4336 psallite
796 4263 1053 4329 Domino,
1087 4264 1179 4335 qui
1233 4264 1487 4320 ascendit
1539 4281 1708 4335 super
1756 4267 1957 4321 cmlum
2013 4269 2139 4323 caeli

551 4358 618 4412 ad
644 4355 924 4414 Orientem
952 4367 1004 4412 ιι.
1031 4375 1050 4409 ι
1085 4355 1371 4414 Occasus:
1406 4376 1425 4409 ι
1448 4357 1560 4413 lter
1579 4357 1748 4414 facite
1764 4358 2016 4423 Domino.
2048 4361 2142 4431 qni

551 4449 802 4505 ascendit
839 4465 1008 4521 super
1031 4448 1302 4506 Occasum
1333 4468 1347 4504 :
1389 4448 1660 4507 Dominus
1692 4466 1894 4506 nomen
1926 4454 2002 4508 illi
2032 4461 2078 4507 ο.
2117 4473 2137 4506 ι

2241 3282 2337 3336 καὶ
2365 3267 2600 3349 πατριᾶς
2633 3278 2799 3333 Δαϐίδ
2823 3297 2836 3311 ·
2861 3278 2958 3332 xui
2979 3277 3041 3332 τδ
3067 3278 3239 3347 ὄνομα
3260 3278 3358 3348 τῆς
3393 3277 3669 3349 παρθένου,
3690 3274 3778 3328 Ma-

2242 3370 2355 3442 ρία.
2393 3389 2412 3421 ι
2443 3369 2691 3439 Νεφέλη·
2730 3387 2749 3421 ι
2797 3368 2931 3422 Ἰδοὺ
2962 3368 3171 3441 Κύριος
3209 3367 3453 3438 κάθηται
3481 3367 3575 3420 ἐπὶ
3600 3365 3778 3434 νεφέλης

2241 3463 2472 3535 κούφης,
2496 3465 2593 3518 καὶ
2619 3462 2741 3534 ἡξει
2774 3464 2855 3527 είς
2883 3462 3183 3532 Αἴγυπτον,
3225 3461 3322 3516 καὶ
3354 3461 3713 3531 σεισθήσονται
3731 3457 3780 3510 τὰ

2240 3555 2600 3626 χειροποίητα
2645 3554 2943 3622 Αἰγύπτου.
2978 3573 2997 3605 ι
3058 3554 3329 3631 Ὀρασις·
3398 3573 3418 3606 ι
3464 3555 3597 3607 Ἴδον
3634 3553 3780 3624 ὅρασιν

2241 3646 2436 3717 πυρὸς,
2469 3646 2566 3700 καὶ
2585 3645 2645 3698 τὺ
2667 3646 2869 3714 φέγγος
2904 3645 3070 3699 αὐτοῦ
3095 3637 3302 3716 κύκλῳ,
3332 3645 3416 3710 ὠς
3441 3647 3627 3717 ὅρασις
3646 3643 3780 3707 τόξον.

2241 3732 2424 3809 ὅτανῇ
2449 3740 2506 3790 ὲν
2536 3738 2603 3808 τῇ
2632 3737 2830 3809 νεφέλῃ
2859 3738 2915 3790 ὲν
2943 3737 3127 3808 ἡμέρᾳ
3158 3735 3316 3789 ὑετοῦ
3335 3749 3351 3766 ’
3382 3736 3559 3801 οὕτως
3586 3739 3615 3808 ή
3638 3735 3780 3794 στάσις

2241 3827 2337 3881 τοῦ
2380 3828 2620 3898 φέγγους
2661 3828 2943 3883 κύκλωθεν
2968 3846 2983 3861 ·
3031 3827 3170 3901 αὕτη
3202 3830 3236 3900 ή
3263 3829 3460 3897 ὅρασις
3493 3828 3781 3900 ὀμοιώματος

2240 3920 2401 3991 δόξης
2438 3921 2668 3992 Κυρίου.
2707 3940 2726 3972 ι
2756 3920 3060 3991 Ἤλεκτρος
3079 3937 3091 3950 ·
3123 3939 3142 3973 ι
3174 3921 3283 3975 Καὶ
3313 3921 3427 3974 ίδον
3449 3921 3525 3985 ὡς
3554 3920 3664 3991 ὄψιν
3692 3917 3781 3988 ήλέ·

2244 4030 2443 4084 κτρου·
2491 4013 2681 4085 ὅρασις
2736 4013 2928 4087 πυρὸς,
2984 4012 3187 4068 ἔσωθεν
3246 4014 3417 4068 αὐτοῦ
3476 4014 3671 4085 κύκλῳ,
3706 4008 3782 4066 ἀπὺ

2242 4104 2486 4173 ὁράσεως
2542 4102 2764 4171 ὀσφύος,
2829 4103 2926 4156 καὶ
2969 4104 3076 4168 ἓως
3125 4097 3295 4160 κάτω.
3358 4124 3377 4158 ι
3428 4105 3653 4176 Ἡμέρα,
3690 4100 3781 4163 νύξ’

2247 4211 2267 4244 ι
2316 4191 2531 4264 Ἡμέρα
2574 4195 2640 4264 τῇ
2664 4193 2851 4265 ἡμέρᾳ
2878 4178 3169 4264 ἐρεύγεται
3203 4196 3356 4265 ῥῆμα
3377 4210 3396 4225 ·
3428 4196 3525 4249 καὶ
3552 4193 3643 4258 νὺξ
3668 4186 3783 4246 νυκτὶ

2241 4285 2571 4353 ἀναγγέλλει
2600 4286 2822 4353 γνῶσιν.
2845 4303 2865 4336 ι
2892 4284 3135 4357 Οὐρανός
3158 4301 3170 4314 ·
3196 4284 3321 4351 (Ἐξ
3345 4283 3581 4356 ούρανοῦ
3606 4280 3783 4336 ὲπέϐλιο

2242 4377 2345 4448 ψεν
2366 4381 2394 4430 ὁ
2424 4377 2629 4447 Κύριος
2653 4391 2667 4406 ·
2691 4376 2769 4430 ίδε
2801 4378 3009 4440 πάντας
3038 4378 3166 4442 τοὺς
3197 4379 3349 4449 υἱοὺς
3369 4378 3480 4432 τῶν
3507 4372 3782 4445 ἀνθρώπων.

2257 4468 2316 4521 'O
2341 4469 2571 4540 οὐρανὸς
2592 4467 2686 4521 τοῦ
2725 4469 2959 4540 ούρανοῦ
2983 4468 3060 4538 τῷ
3094 4470 3305 4539 Κυρίῳ.
3336 4488 3356 4522 ι
3400 4468 3648 4536 Ἀνατολή
3667 4480 3679 4495 ⁶
3707 4460 3785 4515 (Λὶ

554 4543 687 4596 Sol:
724 4561 742 4593 ε
781 4543 837 4596 In
864 4544 983 4598 sole
1021 4545 1207 4612 posuit
1243 4543 1665 4598 tabernaculum
1720 4560 1907 4611 suum,
1946 4556 2001 4601 et
2024 4547 2140 4616 ipse

2250 4561 2525 4629 βασιλεῖαι
2558 4562 2656 4630 τῆς
2678 4560 2806 4631 γῆς,
2836 4560 3007 4633 ᾅσατε
3038 4561 3116 4631 τῷ
3144 4560 3285 4631 Θεῷ,
3311 4560 3523 4632 ψάλατε
3550 4553 3786 4630 τῷΚυριῳ
3840 4552 3841 4555 “

554 4643 816 4701 tanquam
850 4650 1093 4704 sponsus
1145 4633 1457 4704 procedens
1506 4634 1575 4689 de
1593 4635 1837 4689 thalamo
1868 4652 1971 4692 suo
2021 4649 2069 4691 Ρ.
2114 4656 2133 4689 ι

551 4724 766 4779 Civitas
803 4739 819 4778 :
859 4743 878 4776 ι
905 4724 1163 4779 Gloriosa
1195 4724 1344 4778 dicta
1375 4733 1507 4780 sunt
1557 4725 1627 4779 de
1656 4734 1728 4793 te,
1769 4728 1965 4782 civitas
2020 4727 2142 4783 Dei.
2172 4754 2177 4759 ο

555 4812 826 4868 Fluminis
862 4813 1100 4883 impetus
1150 4800 1430 4868 laetiﬁcant
1460 4815 1741 4869 civitatem
1793 4815 1887 4871 Dei
1921 4835 1935 4871 :
1996 4817 2143 4874 Deus

553 4929 610 4982 in
637 4926 816 4981 medio
842 4926 989 4997 ejus,
1027 4934 1082 4981 et
1125 4940 1235 4979 non
1284 4925 1729 4987 commovebitur
1770 4936 1820 4981 (ι.
1866 4946 1885 4980 ι
1931 4927 2140 4984 Later:

556 5039 577 5072 ε
614 5018 684 5074 Et
719 5028 803 5083 tu,
829 5017 903 5072 ﬁli
938 5017 1202 5081 hominis,
1247 5026 1407 5072 sumc‘
1447 5017 1548 5073 tibi
1582 5017 1850 5074 laterem:
1891 5030 1944 5076 et
1968 5036 2144 5092 pones

551 5120 681 5161 eum
704 5114 833 5162 ante
869 5105 1062 5161 faciem
1093 5114 1268 5170 tuam,
1299 5114 1354 5159 et
1379 5104 1662 5162 describes
1688 5107 1742 5161 in
1768 5123 1835 5161 eo
1860 5110 2142 5165 civitatem

551 5197 896 5265 Jerusalem;
950 5207 1008 5254 et
1041 5197 1203 5253 dabis
1253 5213 1421 5271 super
1473 5212 1596 5255 eam
1647 5200 1992 5259 obsidionem
2037 5212 2086 5258 ι.
2119 5223 2138 5256 ι

554 5291 775 5347 Locus:
821 5309 841 5344 ε
877 5289 1054 5357 Quam
1100 5291 1367 5347 terribilis
1401 5297 1485 5347 est
1535 5290 1691 5348 locus
1724 5292 1876 5350 iste:
1910 5310 2018 5351 non
2060 5302 2147 5352 est

557 5384 660 5441 hoc
691 5384 867 5450 aliud.
891 5383 998 5441 nisi
1029 5384 1233 5441 domus
1264 5383 1358 5438 Dei
1379 5400 1396 5448 ;
1415 5394 1469 5441 et
1496 5384 1615 5441 haec
1642 5395 1797 5456 porta
1823 5388 2049 5442 εστιν.»
2075 5414 2149 5428 --

561 5495 583 5529 ι
623 5475 692 5532 Et
740 5476 1043 5548 assumpsit
1092 5491 1180 5532 me
1229 5474 1489 5547 spiritus;
1540 5485 1596 5534 et
1645 5478 1834 5534 audivi
1886 5490 2012 5551 pom
2061 5494 2150 5537 me

2248 4651 2329 4722 τῷ
2354 4652 2708 4724 ἐπιϐεϐηκότι
2754 4654 2850 4706 ἐπὶ
2892 4653 2984 4706 τὸν
3026 4653 3256 4725 οὐρανὸν
3293 4653 3391 4708 τοῦ
3433 4650 3658 4726 ούρανοῦ
3683 4645 3789 4701 κατά

2249 4745 2535 4809 ἀνατολάς.
2569 4763 2588 4797 ι
2646 4745 2844 4808 Λῦσις·
2884 4765 2904 4798 ι
2964 4744 3349 4818 Ὀδοποιήσατε
3395 4747 3474 4817 τῷ
3524 4744 3700 4816 Κυρίῳ
3732 4737 3789 4806 τῷ

2251 4836 2610 4907 ὲπιϐεϐηκὸτι
2662 4838 2758 4891 ἐπὶ
2788 4839 3061 4909 Δυσμῶν·
3131 4837 3337 4910 Κύριος
3386 4838 3559 4910 ὄνομα
3601 4832 3783 4901 αὐτῷ.»

2253 4927 2472 4994 Ἥλιος·
2507 4949 2526 4982 ι
2573 4931 2662 4984 Ἑν
2696 4930 2773 5001 τῷ
2803 4930 2940 5002 ήλίῳ
2968 4931 3122 4984 ἔθετο
3144 4931 3206 4985 τὸ
3231 4934 3496 5003 σκήνωμα
3523 4926 3695 4990 αὐτοῦ,
3719 4922 3788 4977 καὶ

2252 5023 2416 5087 αὐτὸς
2441 5022 2517 5086 ὡς
2539 5023 2771 5093 νυμφίος
2801 5023 3235 5094 ἐκπορευόμενος
3266 5025 3330 5078 ὲκ
3358 5022 3563 5079 παστοῦ
3590 5016 3747 5075 αὐτοῦ.
3769 5032 3784 5063 ι

2250 5113 2451 5179 Πόλις·
2492 5132 2512 5166 ι
2560 5115 2938 5185 Δεδοξασμένα
2989 5114 3224 5188 ἐλαλήθη
3277 5117 3406 5186 περὶ
3456 5114 3570 5176 σοῦ,
3608 5107 3787 5184 ἡπόλις

2250 5209 2345 5260 τοῦ
2369 5205 2528 5262 Θεοῦ.
2560 5206 2667 5261 Τοῦ
2718 5207 2971 5277 ποταμοῦ
3020 5206 3092 5261 τὰ
3134 5208 3434 5279 ὁρμήματά
3485 5202 3785 5275 εὐφραίνουσι

2251 5299 2352 5369 τὴν
2378 5299 2537 5353 πόλιν
2566 5299 2662 5353 τοῦ
2695 5298 2833 5353 Θεοῦ
2855 5314 2869 5329 ·
2900 5301 2929 5353 6
2956 5298 3092 5364 Θεὸς
3119 5301 3178 5354 ὲν
3206 5300 3357 5371 μέσῳ
3407 5296 3576 5368 αὐτῆς
3597 5335 3611 5362 ,
3639 5291 3719 5347 καὶ
3739 5286 3786 5340 οὗ

2255 5388 2674 5460 σαλευθήσεται.
2712 5408 2732 5441 ι
2768 5388 2998 5453 Πλίνθος
3018 5405 3034 5422 ·
3092 5408 3113 5441 ι
3140 5390 3253 5444 Καὶ
3284 5391 3372 5453 σὺ,
3400 5391 3481 5443 υἱὲ
3519 5382 3782 5457 ἀνθρώπους

2252 5478 2384 5535 λάϐε
2419 5477 2633 5550 σεαυτῷ
2666 5478 2920 5534 πλίνθον·
2944 5480 3041 5535 καὶ
3066 5482 3315 5553 ποιήσεις
3343 5480 3511 5551 αὐτὴν
3536 5477 3633 5547 πρὸ
3651 5486 3783 5543 πΡπ⁶

636 5633 800 5721 iisan
837 5652 911 5721 vi,
944 5639 999 5694 7.
1080 5650 1103 5678 ι
1127 5640 1235 5721 isa.
1275 5646 1493 5721 "1114.
1530 5660 1597 5721 Ha
1633 5649 1885 5721 Isa_._vtll.
1916 5653 1974 5707 ὅ.
2049 5652 2078 5695 ιι
2113 5652 2140 5706 [³

2242 5695 2256 5710 .
2291 5671 2442 5718 xuv,
2476 5659 2565 5712 l0.
2640 5668 2662 5696 ε
2701 5656 2862 5711 Cant.
2897 5670 2972 5715 tv.
2999 5654 3055 5721 7,
3089 5654 3176 5710 tl.
3251 5651 3278 5693 δ
3313 5647 3563 5721 ibid._l0.
3605 5638 3683 5695 ubi
3708 5643 3774 5721 ta-

562 5712 804 5792 Δδἐι
832 5706 1012 5792 υμειὲ
1036 5711 1245 5792 μαξοί..
1270 5714 1484 5792 .°_i_l_)id_.
1522 5718 1609 5792 1}.
1650 5788 1662 5792 _
1694 5718 1714 5758 τ
1746 5703 1892 5775 Psal.
1922 5703 2129 5792 “xuva

2242 5703 2256 5710 '
2295 5703 2565 5781 33M."
2585 5703 2862 5784 Χττιῖξθί
2900 5703 2972 5764 ’ἶ
3228 5703 3375 5792 ’Ξϐξί
3395 5703 3548 5792 ἶίιςδ.
3599 5703 3768 5792 κῶλα

560 5771 585 5862 ξ.
859 5779 928 5862 '1
1069 5850 1082 5862 _
1116 5770 1140 5820 ⁸
1175 5780 1428 5862 Ῐωά.ἔ.³7.
1452 5770 1689 5862 ᾑρέθη.
1724 5770 2140 5854 Ῥ

2242 5834 2248 5847 .
2284 5811 2458 5859 κιλιι,
2496 5770 2617 5852 Ι’5.“
2658 5770 2876 5850 πῖῬειιΙ.
2931 5770 3104 5862 CXIII:
3129 5770 3211 5851 ἰδ’.
3274 5800 3306 5831 ιι
3338 5790 3473 5846 Psal.
3506 5797 3662 5844 mu.
3699 5770 3767 5825 ³⁵·

562 5850 585 5875 ο
615 5844 744 5898 ibid.
776 5845 830 5900 5.
902 5857 931 5897 Ρ
963 5850 1108 5907 Psal.
1140 5867 1293 5919 xvm,
1324 5853 1375 5909 6.
1449 5846 1648 5914 ipsa].
1684 5844 1987 5928 χαρά-⁷*
2020 5844 2140 5919 Etet

2242 5844 2458 5933 an."
2494 5844 2682 5924 Vden.
2717 5844 2909 5933 xiiii},
