  <div class='ocr_page' id='page_1' title='image "/cluster/home/n/w/nwhite01/storage/ocr_20150623/97/coo.31924054870013/464.png"; bbox 0 0 3966 6436; ppageno 0'>
   <div class='ocr_carea' id='block_1_1' title="bbox 336 376 440 450">
    <p class='ocr_par' dir='ltr' id='par_1_1' title="bbox 336 376 440 450">
     <span class='ocr_line' id='line_1_1' title="bbox 336 376 440 450; baseline -0.048 0"><span class='ocrx_word' id='word_1_1' title='bbox 336 376 440 450; x_wconf 77' lang='lat'><strong>873</strong></span> 
     </span>
    </p>
   </div>
   <div class='ocr_carea' id='block_1_2' title="bbox 1353 364 2557 443">
    <p class='ocr_par' dir='ltr' id='par_1_2' title="bbox 1353 364 2557 443">
     <span class='ocr_line' id='line_1_2' title="bbox 1353 364 2557 443; baseline -0.002 -1"><span class='ocrx_word' id='word_1_2' title='bbox 1353 366 1431 443; x_wconf 70' lang='grc' dir='ltr'><strong>[Ν</strong></span> <span class='ocrx_word' id='word_1_3' title='bbox 1474 364 1991 443; x_wconf 78' lang='lat' dir='ltr'><strong>NATIVITATEM</strong></span> <span class='ocrx_word' id='word_1_4' title='bbox 2027 376 2094 442; x_wconf 77' lang='grc' dir='ltr'><strong>Β.</strong></span> <span class='ocrx_word' id='word_1_5' title='bbox 2135 376 2423 440; x_wconf 60' lang='lat' dir='ltr'><strong>suam.</strong></span> <span class='ocrx_word' id='word_1_6' title='bbox 2458 376 2557 440; x_wconf 91' lang='lat' dir='ltr'><strong>1v.</strong></span> 
     </span>
    </p>
   </div>
   <div class='ocr_carea' id='block_1_3' title="bbox 3498 375 3603 446">
    <p class='ocr_par' dir='ltr' id='par_1_3' title="bbox 3498 375 3603 446">
     <span class='ocr_line' id='line_1_3' title="bbox 3498 375 3603 446; baseline -0.029 -1"><span class='ocrx_word' id='word_1_7' title='bbox 3498 375 3603 446; x_wconf 69' lang='lat'><strong>8‘14</strong></span> 
     </span>
    </p>
   </div>
   <div class='ocr_carea' id='block_1_4' title="bbox 334 486 1913 571">
    <p class='ocr_par' dir='ltr' id='par_1_4' title="bbox 334 493 1913 571">
     <span class='ocr_line' id='line_1_4' title="bbox 334 493 1913 571; baseline 0.001 -21"><span class='ocrx_word' id='word_1_8' title='bbox 334 496 485 550; x_wconf 78' lang='grc' dir='ltr'>ῶπου</span> <span class='ocrx_word' id='word_1_9' title='bbox 541 496 655 559; x_wconf 85' lang='grc' dir='ltr'>σου,</span> <span class='ocrx_word' id='word_1_10' title='bbox 686 493 781 547; x_wconf 67' lang='grc' dir='ltr'>καὶ</span> <span class='ocrx_word' id='word_1_11' title='bbox 809 493 1041 565; x_wconf 70' lang='grc' dir='ltr'>γράψεις</span> <span class='ocrx_word' id='word_1_12' title='bbox 1083 496 1125 527; x_wconf 86' lang='grc'><strong>¹⁶</strong></span> <span class='ocrx_word' id='word_1_13' title='bbox 1158 496 1216 549; x_wconf 75' lang='grc' dir='ltr'>ἐν</span> <span class='ocrx_word' id='word_1_14' title='bbox 1255 497 1396 568; x_wconf 79' lang='grc' dir='ltr'>αὐτῇ</span> <span class='ocrx_word' id='word_1_15' title='bbox 1432 497 1589 552; x_wconf 90' lang='grc' dir='ltr'>πόλιν</span> <span class='ocrx_word' id='word_1_16' title='bbox 1612 496 1913 571; x_wconf 85' lang='grc' dir='ltr'>[Ἰερουσα-</span> 
     </span>
    </p>
   </div>
   <div class='ocr_carea' id='block_1_5' title="bbox 2016 486 3603 571">
    <p class='ocr_par' dir='ltr' id='par_1_5' title="bbox 2020 486 3603 567">
     <span class='ocr_line' id='line_1_5' title="bbox 2020 486 3603 567; baseline -0.003 -18"><span class='ocrx_word' id='word_1_17' title='bbox 2020 502 2207 549; x_wconf 87' lang='lat' dir='ltr'><strong>vocem</strong></span> <span class='ocrx_word' id='word_1_18' title='bbox 2243 490 2636 567; x_wconf 71' lang='lat' dir='ltr'><strong>commetienis</strong></span> <span class='ocrx_word' id='word_1_19' title='bbox 2667 500 2879 559; x_wconf 64' lang='lat' dir='ltr'><strong>magna:</strong></span> <span class='ocrx_word' id='word_1_20' title='bbox 2913 501 2927 541; x_wconf 88' lang='lat'><strong>:</strong></span> <span class='ocrx_word' id='word_1_21' title='bbox 2963 486 3259 543; x_wconf 83' lang='lat' dir='ltr'><strong>Benedicta</strong></span> <span class='ocrx_word' id='word_1_22' title='bbox 3286 487 3461 559; x_wconf 85' lang='lat' dir='ltr'><strong>gloria</strong></span> <span class='ocrx_word' id='word_1_23' title='bbox 3494 489 3603 545; x_wconf 82' lang='lat' dir='ltr'><strong>Do-</strong></span> 
     </span>
    </p>
   </div>
   <div class='ocr_carea' id='block_1_6' title="bbox 334 585 1920 662">
    <p class='ocr_par' dir='ltr' id='par_1_6' title="bbox 334 585 1920 662">
     <span class='ocr_line' id='line_1_6' title="bbox 334 585 1920 662; baseline 0.001 -21"><span class='ocrx_word' id='word_1_24' title='bbox 334 585 491 660; x_wconf 77' lang='grc' dir='ltr'>λὴμ,]</span> <span class='ocrx_word' id='word_1_25' title='bbox 524 586 621 641; x_wconf 72' lang='grc' dir='ltr'><strong>καὶ</strong></span> <span class='ocrx_word' id='word_1_26' title='bbox 647 586 841 651; x_wconf 81' lang='grc' dir='ltr'><strong>δώσεις</strong></span> <span class='ocrx_word' id='word_1_27' title='bbox 870 588 957 639; x_wconf 78' lang='grc' dir='ltr'><strong>ἐπ’</strong></span> <span class='ocrx_word' id='word_1_28' title='bbox 979 588 1152 661; x_wconf 76' lang='grc' dir='ltr'>αὐτὴν</span> <span class='ocrx_word' id='word_1_29' title='bbox 1178 590 1462 662; x_wconf 77' lang='grc' dir='ltr'>περιοχὴν.</span> <span class='ocrx_word' id='word_1_30' title='bbox 1490 609 1509 642; x_wconf 73' lang='grc' dir='ltr'><strong>ι</strong></span> <span class='ocrx_word' id='word_1_31' title='bbox 1538 591 1716 654; x_wconf 82' lang='grc' dir='ltr'>Τόπος</span> <span class='ocrx_word' id='word_1_32' title='bbox 1735 607 1748 619; x_wconf 86' lang='grc'><strong>·</strong></span> <span class='ocrx_word' id='word_1_33' title='bbox 1789 609 1807 642; x_wconf 87' lang='grc' dir='ltr'><strong>ι</strong></span> <span class='ocrx_word' id='word_1_34' title='bbox 1832 590 1920 655; x_wconf 86' lang='grc' dir='ltr'>Ὡς</span> 
     </span>
    </p>
   </div>
   <div class='ocr_carea' id='block_1_7' title="bbox 254 672 1921 755">
    <p class='ocr_par' dir='ltr' id='par_1_7' title="bbox 254 672 1921 755">
     <span class='ocr_line' id='line_1_7' title="bbox 254 672 1921 755; baseline 0.001 -24"><span class='ocrx_word' id='word_1_35' title='bbox 254 718 297 755; x_wconf 42' lang='grc' dir='ltr'><strong><em>α</em></strong></span> <span class='ocrx_word' id='word_1_36' title='bbox 332 677 565 748; x_wconf 73' lang='grc' dir='ltr'>φοϐερὸς</span> <span class='ocrx_word' id='word_1_37' title='bbox 614 679 643 730; x_wconf 99' lang='lat'><strong>6</strong></span> <span class='ocrx_word' id='word_1_38' title='bbox 670 678 835 741; x_wconf 86' lang='grc' dir='ltr'>τόπος</span> <span class='ocrx_word' id='word_1_39' title='bbox 858 672 1017 743; x_wconf 72' lang='grc' dir='ltr'>οὗτος</span> <span class='ocrx_word' id='word_1_40' title='bbox 1040 696 1054 709; x_wconf 92' lang='grc'><strong>·</strong></span> <span class='ocrx_word' id='word_1_41' title='bbox 1093 682 1194 734; x_wconf 82' lang='grc' dir='ltr'><strong>οὐκ</strong></span> <span class='ocrx_word' id='word_1_42' title='bbox 1226 680 1340 734; x_wconf 77' lang='grc' dir='ltr'>ἐστι</span> <span class='ocrx_word' id='word_1_43' title='bbox 1363 680 1542 745; x_wconf 89' lang='grc' dir='ltr'>τοῦτο,</span> <span class='ocrx_word' id='word_1_44' title='bbox 1564 682 1679 736; x_wconf 78' lang='grc' dir='ltr'>ἀλλ’</span> <span class='ocrx_word' id='word_1_45' title='bbox 1707 682 1740 753; x_wconf 77' lang='grc' dir='ltr'>ἢ</span> <span class='ocrx_word' id='word_1_46' title='bbox 1770 679 1921 745; x_wconf 76' lang='grc' dir='ltr'>οἶκος</span> 
     </span>
    </p>
   </div>
   <div class='ocr_carea' id='block_1_8' title="bbox 330 768 1918 845">
    <p class='ocr_par' dir='ltr' id='par_1_8' title="bbox 330 768 1918 845">
     <span class='ocr_line' id='line_1_8' title="bbox 330 768 1918 845; baseline 0.003 -23"><span class='ocrx_word' id='word_1_47' title='bbox 330 768 484 829; x_wconf 87' lang='grc' dir='ltr'>Θεοῦ,</span> <span class='ocrx_word' id='word_1_48' title='bbox 521 769 617 823; x_wconf 75' lang='grc' dir='ltr'>καὶ</span> <span class='ocrx_word' id='word_1_49' title='bbox 657 768 798 843; x_wconf 79' lang='grc' dir='ltr'>αὕτη</span> <span class='ocrx_word' id='word_1_50' title='bbox 825 772 858 841; x_wconf 79' lang='grc' dir='ltr'>ἡ</span> <span class='ocrx_word' id='word_1_51' title='bbox 891 771 1033 842; x_wconf 87' lang='grc' dir='ltr'>πύλη</span> <span class='ocrx_word' id='word_1_52' title='bbox 1066 770 1159 825; x_wconf 91' lang='grc' dir='ltr'><strong>τοῦ</strong></span> <span class='ocrx_word' id='word_1_53' title='bbox 1183 772 1419 844; x_wconf 84' lang='grc' dir='ltr'>ούρανοῦ</span> <span class='ocrx_word' id='word_1_54' title='bbox 1439 790 1452 803; x_wconf 88' lang='grc'><strong>·</strong></span> <span class='ocrx_word' id='word_1_55' title='bbox 1481 776 1575 828; x_wconf 80' lang='grc' dir='ltr'>καὶ</span> <span class='ocrx_word' id='word_1_56' title='bbox 1600 774 1828 829; x_wconf 78' lang='grc' dir='ltr'>ἀνέλαϐέ</span> <span class='ocrx_word' id='word_1_57' title='bbox 1851 791 1918 845; x_wconf 86' lang='grc' dir='ltr'><strong>με</strong></span> 
     </span>
    </p>
   </div>
   <div class='ocr_carea' id='block_1_9' title="bbox 331 854 1918 936">
    <p class='ocr_par' dir='ltr' id='par_1_9' title="bbox 331 854 1918 936">
     <span class='ocr_line' id='line_1_9' title="bbox 331 854 1918 936; baseline 0.004 -25"><span class='ocrx_word' id='word_1_58' title='bbox 331 857 570 929; x_wconf 83' lang='grc' dir='ltr'>πνεῦμα,</span> <span class='ocrx_word' id='word_1_59' title='bbox 626 859 722 912; x_wconf 73' lang='grc' dir='ltr'><strong>καὶ</strong></span> <span class='ocrx_word' id='word_1_60' title='bbox 771 859 985 928; x_wconf 75' lang='grc' dir='ltr'>ἤκουσα</span> <span class='ocrx_word' id='word_1_61' title='bbox 1028 861 1364 916; x_wconf 70' lang='grc' dir='ltr'><strong>κατόπισθεν</strong></span> <span class='ocrx_word' id='word_1_62' title='bbox 1391 854 1520 935; x_wconf 74' lang='grc' dir='ltr'>σμου</span> <span class='ocrx_word' id='word_1_63' title='bbox 1562 864 1747 936; x_wconf 78' lang='grc' dir='ltr'>φωνὴν</span> <span class='ocrx_word' id='word_1_64' title='bbox 1803 881 1918 917; x_wconf 88' lang='grc' dir='ltr'>σει-</span> 
     </span>
    </p>
   </div>
   <div class='ocr_carea' id='block_1_10' title="bbox 331 949 1917 1026">
    <p class='ocr_par' dir='ltr' id='par_1_10' title="bbox 331 949 1917 1026">
     <span class='ocr_line' id='line_1_10' title="bbox 331 949 1917 1026; baseline 0.003 -24"><span class='ocrx_word' id='word_1_65' title='bbox 331 949 469 1020; x_wconf 85' lang='grc' dir='ltr'>σμοῦ</span> <span class='ocrx_word' id='word_1_66' title='bbox 507 950 749 1022; x_wconf 79' lang='grc' dir='ltr'>μεγάλου</span> <span class='ocrx_word' id='word_1_67' title='bbox 771 967 785 982; x_wconf 94' lang='grc'><strong>·</strong></span> <span class='ocrx_word' id='word_1_68' title='bbox 821 951 1179 1025; x_wconf 81' lang='grc' dir='ltr'><strong>Εὐλογημένη</strong></span> <span class='ocrx_word' id='word_1_69' title='bbox 1230 955 1262 1024; x_wconf 82' lang='grc' dir='ltr'>ἡ</span> <span class='ocrx_word' id='word_1_70' title='bbox 1300 953 1431 1019; x_wconf 83' lang='grc' dir='ltr'>δόξα</span> <span class='ocrx_word' id='word_1_71' title='bbox 1467 955 1676 1026; x_wconf 80' lang='grc' dir='ltr'>Κυρίου</span> <span class='ocrx_word' id='word_1_72' title='bbox 1708 956 1773 1007; x_wconf 80' lang='grc' dir='ltr'>ὲκ</span> <span class='ocrx_word' id='word_1_73' title='bbox 1822 954 1917 1008; x_wconf 90' lang='grc' dir='ltr'><strong>τοῦ</strong></span> 
     </span>
    </p>
   </div>
   <div class='ocr_carea' id='block_1_11' title="bbox 326 1041 1918 1117">
    <p class='ocr_par' dir='ltr' id='par_1_11' title="bbox 326 1041 1918 1117">
     <span class='ocr_line' id='line_1_11' title="bbox 326 1041 1918 1117; baseline 0.001 -20"><span class='ocrx_word' id='word_1_74' title='bbox 326 1042 494 1097; x_wconf 78' lang='grc' dir='ltr'>τόπου</span> <span class='ocrx_word' id='word_1_75' title='bbox 538 1041 728 1098; x_wconf 86' lang='grc' dir='ltr'>αὐτοῦ.</span> <span class='ocrx_word' id='word_1_76' title='bbox 761 1060 782 1095; x_wconf 75' lang='grc' dir='ltr'><strong>ι</strong></span> <span class='ocrx_word' id='word_1_77' title='bbox 808 1074 879 1085; x_wconf 93' lang='grc'><strong>-</strong></span> <span class='ocrx_word' id='word_1_78' title='bbox 907 1063 925 1096; x_wconf 85' lang='grc' dir='ltr'><strong>ι</strong></span> <span class='ocrx_word' id='word_1_79' title='bbox 965 1044 1027 1097; x_wconf 84' lang='grc' dir='ltr'><strong>Εἰ</strong></span> <span class='ocrx_word' id='word_1_80' title='bbox 1074 1043 1231 1098; x_wconf 86' lang='grc' dir='ltr'>δώσω</span> <span class='ocrx_word' id='word_1_81' title='bbox 1261 1043 1430 1102; x_wconf 73' lang='grc' dir='ltr'>ὕπνον</span> <span class='ocrx_word' id='word_1_82' title='bbox 1458 1049 1570 1111; x_wconf 87' lang='grc' dir='ltr'>τοῖς</span> <span class='ocrx_word' id='word_1_83' title='bbox 1619 1046 1918 1117; x_wconf 76' lang='grc' dir='ltr'><strong>ὀφθαλμοῖς</strong></span> 
     </span>
    </p>
   </div>
   <div class='ocr_carea' id='block_1_12' title="bbox 328 1133 1917 1210">
    <p class='ocr_par' dir='ltr' id='par_1_12' title="bbox 328 1133 1917 1210">
     <span class='ocr_line' id='line_1_12' title="bbox 328 1133 1917 1210; baseline 0.004 -24"><span class='ocrx_word' id='word_1_84' title='bbox 328 1151 455 1205; x_wconf 88' lang='grc' dir='ltr'>μου,</span> <span class='ocrx_word' id='word_1_85' title='bbox 498 1134 595 1188; x_wconf 78' lang='grc' dir='ltr'><strong>καὶ</strong></span> <span class='ocrx_word' id='word_1_86' title='bbox 644 1136 760 1198; x_wconf 89' lang='grc' dir='ltr'>τοῖς</span> <span class='ocrx_word' id='word_1_87' title='bbox 789 1133 1083 1207; x_wconf 77' lang='grc' dir='ltr'>βλεφάροις</span> <span class='ocrx_word' id='word_1_88' title='bbox 1127 1154 1230 1208; x_wconf 90' lang='grc' dir='ltr'><strong>μου</strong></span> <span class='ocrx_word' id='word_1_89' title='bbox 1262 1139 1604 1210; x_wconf 82' lang='grc' dir='ltr'>νυσταγμδν,</span> <span class='ocrx_word' id='word_1_90' title='bbox 1652 1140 1746 1193; x_wconf 72' lang='grc' dir='ltr'>καὶ</span> <span class='ocrx_word' id='word_1_91' title='bbox 1788 1136 1917 1192; x_wconf 82' lang='grc' dir='ltr'>ἀνά-</span> 
     </span>
    </p>
   </div>
   <div class='ocr_carea' id='block_1_13' title="bbox 323 1222 1919 1301">
    <p class='ocr_par' dir='ltr' id='par_1_13' title="bbox 323 1222 1919 1301">
     <span class='ocr_line' id='line_1_13' title="bbox 323 1222 1919 1301; baseline 0.002 -23"><span class='ocrx_word' id='word_1_92' title='bbox 323 1242 529 1279; x_wconf 88' lang='grc' dir='ltr'>παυσιν</span> <span class='ocrx_word' id='word_1_93' title='bbox 549 1227 660 1289; x_wconf 81' lang='grc' dir='ltr'>τοῖς</span> <span class='ocrx_word' id='word_1_94' title='bbox 686 1227 980 1295; x_wconf 82' lang='grc' dir='ltr'>κροτάφοις</span> <span class='ocrx_word' id='word_1_95' title='bbox 1002 1245 1125 1298; x_wconf 90' lang='grc' dir='ltr'>μου,</span> <span class='ocrx_word' id='word_1_96' title='bbox 1146 1226 1251 1293; x_wconf 78' lang='grc' dir='ltr'>ἓως</span> <span class='ocrx_word' id='word_1_97' title='bbox 1269 1222 1331 1283; x_wconf 70' lang='grc' dir='ltr'>οὗ</span> <span class='ocrx_word' id='word_1_98' title='bbox 1354 1228 1500 1301; x_wconf 76' lang='grc' dir='ltr'>εὕρω</span> <span class='ocrx_word' id='word_1_99' title='bbox 1519 1230 1682 1285; x_wconf 82' lang='grc' dir='ltr'>τόπον</span> <span class='ocrx_word' id='word_1_100' title='bbox 1702 1230 1782 1300; x_wconf 78' lang='grc' dir='ltr'>τῷ</span> <span class='ocrx_word' id='word_1_101' title='bbox 1805 1232 1919 1285; x_wconf 74' lang='lat' dir='ltr'><strong>Ku-</strong></span> 
     </span>
    </p>
   </div>
   <div class='ocr_carea' id='block_1_14' title="bbox 324 1316 1917 1388">
    <p class='ocr_par' dir='ltr' id='par_1_14' title="bbox 324 1316 1917 1388">
     <span class='ocr_line' id='line_1_14' title="bbox 324 1316 1917 1388; baseline 0.004 -19"><span class='ocrx_word' id='word_1_102' title='bbox 324 1317 454 1387; x_wconf 78' lang='grc' dir='ltr'>ρίῳ,</span> <span class='ocrx_word' id='word_1_103' title='bbox 503 1317 773 1387; x_wconf 82' lang='grc' dir='ltr'><strong>σκήνωμα</strong></span> <span class='ocrx_word' id='word_1_104' title='bbox 813 1316 894 1388; x_wconf 86' lang='grc' dir='ltr'>τῷ</span> <span class='ocrx_word' id='word_1_105' title='bbox 933 1316 1053 1388; x_wconf 81' lang='grc' dir='ltr'>Θεῷ</span> <span class='ocrx_word' id='word_1_106' title='bbox 1100 1318 1318 1373; x_wconf 76' lang='grc' dir='ltr'><strong>Ἰακώϐ.</strong></span> <span class='ocrx_word' id='word_1_107' title='bbox 1352 1337 1371 1370; x_wconf 75' lang='grc' dir='ltr'><strong>ι</strong></span> <span class='ocrx_word' id='word_1_108' title='bbox 1409 1320 1585 1384; x_wconf 88' lang='grc' dir='ltr'>Πόκος</span> <span class='ocrx_word' id='word_1_109' title='bbox 1617 1336 1632 1351; x_wconf 92' lang='grc'><strong>·</strong></span> <span class='ocrx_word' id='word_1_110' title='bbox 1680 1338 1699 1372; x_wconf 78' lang='grc' dir='ltr'><strong>ι</strong></span> <span class='ocrx_word' id='word_1_111' title='bbox 1735 1322 1917 1375; x_wconf 82' lang='grc' dir='ltr'>Κατα-</span> 
     </span>
    </p>
   </div>
   <div class='ocr_carea' id='block_1_15' title="bbox 319 1406 1913 1486">
    <p class='ocr_par' dir='ltr' id='par_1_15' title="bbox 319 1406 1913 1486">
     <span class='ocr_line' id='line_1_15' title="bbox 319 1406 1913 1486; baseline 0.005 -28"><span class='ocrx_word' id='word_1_112' title='bbox 319 1407 551 1478; x_wconf 79' lang='grc' dir='ltr'>δήσεται</span> <span class='ocrx_word' id='word_1_113' title='bbox 590 1407 668 1471; x_wconf 84' lang='grc' dir='ltr'>ὡς</span> <span class='ocrx_word' id='word_1_114' title='bbox 714 1406 869 1472; x_wconf 78' lang='grc' dir='ltr'>ὑετὸς</span> <span class='ocrx_word' id='word_1_115' title='bbox 932 1410 1028 1462; x_wconf 73' lang='grc' dir='ltr'>ἐπὶ</span> <span class='ocrx_word' id='word_1_116' title='bbox 1085 1410 1275 1475; x_wconf 82' lang='grc' dir='ltr'>πόκον,</span> <span class='ocrx_word' id='word_1_117' title='bbox 1322 1412 1418 1464; x_wconf 70' lang='grc' dir='ltr'>καὶ</span> <span class='ocrx_word' id='word_1_118' title='bbox 1448 1411 1582 1465; x_wconf 79' lang='grc' dir='ltr'>ὡσεὶ</span> <span class='ocrx_word' id='word_1_119' title='bbox 1628 1412 1842 1477; x_wconf 87' lang='grc' dir='ltr'>σταγὼν</span> <span class='ocrx_word' id='word_1_120' title='bbox 1879 1415 1913 1486; x_wconf 82' lang='grc' dir='ltr'><strong>ἡ</strong></span> 
     </span>
    </p>
   </div>
   <div class='ocr_carea' id='block_1_16' title="bbox 323 1496 1917 1575">
    <p class='ocr_par' dir='ltr' id='par_1_16' title="bbox 323 1496 1917 1575">
     <span class='ocr_line' id='line_1_16' title="bbox 323 1496 1917 1575; baseline 0.003 -23"><span class='ocrx_word' id='word_1_121' title='bbox 323 1499 601 1563; x_wconf 81' lang='grc' dir='ltr'>στάζουσα</span> <span class='ocrx_word' id='word_1_122' title='bbox 629 1499 722 1552; x_wconf 73' lang='grc' dir='ltr'>ἐπὶ</span> <span class='ocrx_word' id='word_1_123' title='bbox 748 1499 848 1571; x_wconf 83' lang='grc' dir='ltr'>τὴν</span> <span class='ocrx_word' id='word_1_124' title='bbox 871 1500 993 1570; x_wconf 70' lang='grc' dir='ltr'><strong>γῆν;</strong></span> <span class='ocrx_word' id='word_1_125' title='bbox 1008 1518 1026 1551; x_wconf 74' lang='grc' dir='ltr'><strong>ι</strong></span> <span class='ocrx_word' id='word_1_126' title='bbox 1044 1496 1210 1572; x_wconf 86' lang='grc' dir='ltr'>Γυνή·</span> <span class='ocrx_word' id='word_1_127' title='bbox 1237 1518 1256 1553; x_wconf 79' lang='grc' dir='ltr'><strong>ι</strong></span> <span class='ocrx_word' id='word_1_128' title='bbox 1277 1501 1640 1575; x_wconf 74' lang='grc' dir='ltr'><strong>Εὐλογημένη</strong></span> <span class='ocrx_word' id='word_1_129' title='bbox 1663 1505 1727 1557; x_wconf 84' lang='grc' dir='ltr'><strong>σὺ</strong></span> <span class='ocrx_word' id='word_1_130' title='bbox 1738 1505 1801 1559; x_wconf 81' lang='grc' dir='ltr'>ὲν</span> <span class='ocrx_word' id='word_1_131' title='bbox 1819 1522 1917 1573; x_wconf 78' lang='grc' dir='ltr'>γυο</span> 
     </span>
    </p>
   </div>
   <div class='ocr_carea' id='block_1_17' title="bbox 321 1589 1917 1664">
    <p class='ocr_par' dir='ltr' id='par_1_17' title="bbox 321 1589 1917 1664">
     <span class='ocr_line' id='line_1_17' title="bbox 321 1589 1917 1664; baseline 0.004 -22"><span class='ocrx_word' id='word_1_132' title='bbox 321 1589 489 1655; x_wconf 62' lang='lat' dir='ltr'><strong>ma,</strong></span> <span class='ocrx_word' id='word_1_133' title='bbox 526 1591 622 1642; x_wconf 67' lang='grc' dir='ltr'>καὶ</span> <span class='ocrx_word' id='word_1_134' title='bbox 638 1590 1005 1661; x_wconf 76' lang='grc' dir='ltr'>εὐλογημένος</span> <span class='ocrx_word' id='word_1_135' title='bbox 1026 1593 1054 1644; x_wconf 89' lang='lat'><strong>6</strong></span> <span class='ocrx_word' id='word_1_136' title='bbox 1073 1593 1291 1663; x_wconf 81' lang='grc' dir='ltr'>καρπὸς</span> <span class='ocrx_word' id='word_1_137' title='bbox 1306 1594 1405 1664; x_wconf 82' lang='grc' dir='ltr'><strong>τῆς</strong></span> <span class='ocrx_word' id='word_1_138' title='bbox 1430 1594 1637 1659; x_wconf 75' lang='grc' dir='ltr'>κοιλίας</span> <span class='ocrx_word' id='word_1_139' title='bbox 1657 1612 1774 1650; x_wconf 84' lang='grc' dir='ltr'>σου.</span> <span class='ocrx_word' id='word_1_140' title='bbox 1809 1610 1828 1648; x_wconf 79' lang='lat' dir='ltr'><strong>t</strong></span> <span class='ocrx_word' id='word_1_141' title='bbox 1846 1627 1917 1637; x_wconf 88' lang='lat'><strong>--</strong></span> 
     </span>
    </p>
   </div>
   <div class='ocr_carea' id='block_1_18' title="bbox 329 1687 1915 1761">
    <p class='ocr_par' dir='ltr' id='par_1_18' title="bbox 329 1687 1915 1761">
     <span class='ocr_line' id='line_1_18' title="bbox 329 1687 1915 1761; baseline 0.004 -22"><span class='ocrx_word' id='word_1_142' title='bbox 329 1705 349 1739; x_wconf 79' lang='grc' dir='ltr'><strong>ι</strong></span> <span class='ocrx_word' id='word_1_143' title='bbox 392 1687 813 1751; x_wconf 75' lang='grc' dir='ltr'>Ἐξαπέστειλεν</span> <span class='ocrx_word' id='word_1_144' title='bbox 840 1689 867 1742; x_wconf 87' lang='lat'><strong>6</strong></span> <span class='ocrx_word' id='word_1_145' title='bbox 895 1687 1027 1751; x_wconf 79' lang='grc' dir='ltr'>Θεὸς</span> <span class='ocrx_word' id='word_1_146' title='bbox 1052 1689 1146 1740; x_wconf 74' lang='grc' dir='ltr'>τὸν</span> <span class='ocrx_word' id='word_1_147' title='bbox 1174 1689 1304 1744; x_wconf 80' lang='grc' dir='ltr'>Υίὸν</span> <span class='ocrx_word' id='word_1_148' title='bbox 1321 1689 1512 1756; x_wconf 81' lang='grc' dir='ltr'>αὐτοῦ,</span> <span class='ocrx_word' id='word_1_149' title='bbox 1541 1690 1834 1761; x_wconf 86' lang='grc' dir='ltr'>γενόμενον</span> <span class='ocrx_word' id='word_1_150' title='bbox 1850 1694 1915 1746; x_wconf 72' lang='grc' dir='ltr'>ὲκ</span> 
     </span>
    </p>
   </div>
   <div class='ocr_carea' id='block_1_19' title="bbox 325 1778 1916 1853">
    <p class='ocr_par' dir='ltr' id='par_1_19' title="bbox 325 1778 1916 1853">
     <span class='ocr_line' id='line_1_19' title="bbox 325 1778 1916 1853; baseline 0.003 -21"><span class='ocrx_word' id='word_1_151' title='bbox 325 1778 603 1847; x_wconf 81' lang='grc' dir='ltr'>γυναικὸς,</span> <span class='ocrx_word' id='word_1_152' title='bbox 622 1778 915 1849; x_wconf 72' lang='grc' dir='ltr'>γενόμενον</span> <span class='ocrx_word' id='word_1_153' title='bbox 938 1778 1045 1832; x_wconf 82' lang='grc' dir='ltr'><strong>ύπδ</strong></span> <span class='ocrx_word' id='word_1_154' title='bbox 1061 1779 1247 1848; x_wconf 86' lang='grc' dir='ltr'>νόμον.</span> <span class='ocrx_word' id='word_1_155' title='bbox 1276 1797 1296 1832; x_wconf 71' lang='grc' dir='ltr'><strong>ι</strong></span> <span class='ocrx_word' id='word_1_156' title='bbox 1328 1781 1589 1853; x_wconf 78' lang='grc' dir='ltr'><strong>Μακαρία</strong></span> <span class='ocrx_word' id='word_1_157' title='bbox 1608 1783 1916 1853; x_wconf 74' lang='grc' dir='ltr'>ι’Μακαρία</span> 
     </span>
    </p>
   </div>
   <div class='ocr_carea' id='block_1_20' title="bbox 325 1857 1989 1943">
    <p class='ocr_par' dir='ltr' id='par_1_20' title="bbox 325 1857 1989 1943">
     <span class='ocr_line' id='line_1_20' title="bbox 325 1857 1989 1943; baseline 0.004 -23"><span class='ocrx_word' id='word_1_158' title='bbox 325 1869 359 1939; x_wconf 79' lang='grc' dir='ltr'><strong>ή</strong></span> <span class='ocrx_word' id='word_1_159' title='bbox 390 1867 749 1929; x_wconf 84' lang='grc' dir='ltr'>πιστεύσασα,</span> <span class='ocrx_word' id='word_1_160' title='bbox 773 1867 854 1919; x_wconf 86' lang='grc' dir='ltr'><strong>ὅτι</strong></span> <span class='ocrx_word' id='word_1_161' title='bbox 888 1866 1041 1921; x_wconf 78' lang='grc' dir='ltr'>ἔσται</span> <span class='ocrx_word' id='word_1_162' title='bbox 1076 1868 1359 1933; x_wconf 88' lang='grc' dir='ltr'>τελείωσις</span> <span class='ocrx_word' id='word_1_163' title='bbox 1383 1872 1497 1934; x_wconf 89' lang='grc' dir='ltr'>τοῖς</span> <span class='ocrx_word' id='word_1_164' title='bbox 1525 1869 1915 1943; x_wconf 80' lang='grc' dir='ltr'>λελαλημένοις</span> <span class='ocrx_word' id='word_1_165' title='bbox 1948 1857 1989 1909; x_wconf 79' lang='grc' dir='ltr'><strong><em>Β</em></strong></span> 
     </span>
    </p>
   </div>
   <div class='ocr_carea' id='block_1_21' title="bbox 327 1958 1915 2034">
    <p class='ocr_par' dir='ltr' id='par_1_21' title="bbox 327 1958 1915 2034">
     <span class='ocr_line' id='line_1_21' title="bbox 327 1958 1915 2034; baseline 0.002 -21"><span class='ocrx_word' id='word_1_166' title='bbox 327 1961 461 2030; x_wconf 73' lang='grc' dir='ltr'>αὐτῇ</span> <span class='ocrx_word' id='word_1_167' title='bbox 494 1959 648 2030; x_wconf 83' lang='grc' dir='ltr'><strong>παρά</strong></span> <span class='ocrx_word' id='word_1_168' title='bbox 674 1958 904 2031; x_wconf 81' lang='grc' dir='ltr'>Κυρίου.</span> <span class='ocrx_word' id='word_1_169' title='bbox 929 1978 947 2010; x_wconf 74' lang='grc' dir='ltr'><strong>ι</strong></span> <span class='ocrx_word' id='word_1_170' title='bbox 982 1961 1113 2014; x_wconf 84' lang='grc' dir='ltr'>Καί·</span> <span class='ocrx_word' id='word_1_171' title='bbox 1152 1978 1170 2012; x_wconf 83' lang='grc' dir='ltr'><strong>ι</strong></span> <span class='ocrx_word' id='word_1_172' title='bbox 1197 1961 1483 2033; x_wconf 76' lang='grc' dir='ltr'>Μακαρία·</span> <span class='ocrx_word' id='word_1_173' title='bbox 1504 1962 1537 2032; x_wconf 86' lang='grc' dir='ltr'><strong>ή</strong></span> <span class='ocrx_word' id='word_1_174' title='bbox 1560 1962 1790 2034; x_wconf 83' lang='grc' dir='ltr'>κοιλίαή</span> <span class='ocrx_word' id='word_1_175' title='bbox 1815 1963 1915 2034; x_wconf 83' lang='grc' dir='ltr'><strong>βα-</strong></span> 
     </span>
    </p>
   </div>
   <div class='ocr_carea' id='block_1_22' title="bbox 331 2051 1914 2126">
    <p class='ocr_par' dir='ltr' id='par_1_22' title="bbox 331 2051 1914 2126">
     <span class='ocr_line' id='line_1_22' title="bbox 331 2051 1914 2126; baseline 0.002 -21"><span class='ocrx_word' id='word_1_176' title='bbox 331 2051 575 2105; x_wconf 81' lang='grc' dir='ltr'>στάσασά</span> <span class='ocrx_word' id='word_1_177' title='bbox 598 2068 678 2116; x_wconf 84' lang='grc' dir='ltr'><strong>σε,</strong></span> <span class='ocrx_word' id='word_1_178' title='bbox 713 2053 807 2104; x_wconf 77' lang='grc' dir='ltr'><strong>καὶ</strong></span> <span class='ocrx_word' id='word_1_179' title='bbox 829 2052 1131 2122; x_wconf 79' lang='grc' dir='ltr'>μαστοὶοῦς</span> <span class='ocrx_word' id='word_1_180' title='bbox 1162 2052 1453 2125; x_wconf 79' lang='grc' dir='ltr'>ἐθήλασας.</span> <span class='ocrx_word' id='word_1_181' title='bbox 1484 2073 1503 2107; x_wconf 71' lang='grc' dir='ltr'><strong>ο</strong></span> <span class='ocrx_word' id='word_1_182' title='bbox 1532 2054 1744 2121; x_wconf 84' lang='grc' dir='ltr'>Μαρία·</span> <span class='ocrx_word' id='word_1_183' title='bbox 1775 2074 1794 2107; x_wconf 83' lang='grc' dir='ltr'><strong>ι</strong></span> <span class='ocrx_word' id='word_1_184' title='bbox 1822 2056 1914 2126; x_wconf 81' lang='grc' dir='ltr'><strong>Μὴ</strong></span> 
     </span>
    </p>
   </div>
   <div class='ocr_carea' id='block_1_23' title="bbox 334 2140 1911 2221">
    <p class='ocr_par' dir='ltr' id='par_1_23' title="bbox 334 2140 1911 2221">
     <span class='ocr_line' id='line_1_23' title="bbox 334 2140 1911 2221; baseline 0.001 -20"><span class='ocrx_word' id='word_1_185' title='bbox 334 2146 771 2218; x_wconf 74' lang='grc' dir='ltr'>φοϐοῦ,Μαριάμ</span> <span class='ocrx_word' id='word_1_186' title='bbox 790 2164 804 2176; x_wconf 89' lang='grc'><strong>·</strong></span> <span class='ocrx_word' id='word_1_187' title='bbox 828 2140 988 2219; x_wconf 68' lang='grc' dir='ltr'>εὗρες</span> <span class='ocrx_word' id='word_1_188' title='bbox 1001 2147 1110 2220; x_wconf 79' lang='grc' dir='ltr'><strong>γὰρ</strong></span> <span class='ocrx_word' id='word_1_189' title='bbox 1131 2149 1291 2219; x_wconf 83' lang='grc' dir='ltr'>χάριν</span> <span class='ocrx_word' id='word_1_190' title='bbox 1311 2148 1465 2220; x_wconf 82' lang='grc' dir='ltr'>παρὰ</span> <span class='ocrx_word' id='word_1_191' title='bbox 1480 2149 1559 2221; x_wconf 80' lang='grc' dir='ltr'>τῷ</span> <span class='ocrx_word' id='word_1_192' title='bbox 1581 2148 1722 2221; x_wconf 82' lang='grc' dir='ltr'>Θεῷ·</span> <span class='ocrx_word' id='word_1_193' title='bbox 1749 2168 1767 2201; x_wconf 77' lang='grc' dir='ltr'><strong>ι</strong></span> <span class='ocrx_word' id='word_1_194' title='bbox 1795 2149 1911 2213; x_wconf 80' lang='grc' dir='ltr'>καὶ,</span> 
     </span>
    </p>
   </div>
   <div class='ocr_carea' id='block_1_24' title="bbox 346 2236 1918 2312">
    <p class='ocr_par' dir='ltr' id='par_1_24' title="bbox 346 2236 1918 2312">
     <span class='ocr_line' id='line_1_24' title="bbox 346 2236 1918 2312; baseline 0.003 -24"><span class='ocrx_word' id='word_1_195' title='bbox 346 2255 367 2288; x_wconf 85' lang='grc' dir='ltr'><strong>ι</strong></span> <span class='ocrx_word' id='word_1_196' title='bbox 398 2236 525 2290; x_wconf 72' lang='grc' dir='ltr'>Ἰδοὺ</span> <span class='ocrx_word' id='word_1_197' title='bbox 546 2236 788 2311; x_wconf 50' lang='lat' dir='ltr'><strong>collati/,1</strong></span> <span class='ocrx_word' id='word_1_198' title='bbox 802 2240 859 2291; x_wconf 77' lang='grc' dir='ltr'><strong>ὲν</strong></span> <span class='ocrx_word' id='word_1_199' title='bbox 877 2238 1101 2309; x_wconf 77' lang='grc' dir='ltr'>γαστρὶ,</span> <span class='ocrx_word' id='word_1_200' title='bbox 1120 2239 1217 2291; x_wconf 74' lang='grc' dir='ltr'>καὶ</span> <span class='ocrx_word' id='word_1_201' title='bbox 1231 2239 1365 2312; x_wconf 81' lang='grc' dir='ltr'>τέξῃ</span> <span class='ocrx_word' id='word_1_202' title='bbox 1381 2240 1529 2304; x_wconf 79' lang='grc' dir='ltr'>Υίὸν,</span> <span class='ocrx_word' id='word_1_203' title='bbox 1549 2240 1643 2294; x_wconf 77' lang='grc' dir='ltr'>καὶ</span> <span class='ocrx_word' id='word_1_204' title='bbox 1663 2238 1918 2303; x_wconf 81' lang='grc' dir='ltr'>καλέσεις</span> 
     </span>
    </p>
   </div>
   <div class='ocr_carea' id='block_1_25' title="bbox 345 2328 1916 2401">
    <p class='ocr_par' dir='ltr' id='par_1_25' title="bbox 345 2328 1916 2401">
     <span class='ocr_line' id='line_1_25' title="bbox 345 2328 1916 2401; baseline 0.003 -20"><span class='ocrx_word' id='word_1_205' title='bbox 345 2328 405 2381; x_wconf 77' lang='grc' dir='ltr'>τὸ</span> <span class='ocrx_word' id='word_1_206' title='bbox 417 2328 578 2399; x_wconf 77' lang='grc' dir='ltr'>ὄνομα</span> <span class='ocrx_word' id='word_1_207' title='bbox 607 2330 773 2383; x_wconf 74' lang='grc' dir='ltr'>αὐτοῦ</span> <span class='ocrx_word' id='word_1_208' title='bbox 791 2329 1000 2399; x_wconf 74' lang='grc' dir='ltr'>Ἰησοῦν</span> <span class='ocrx_word' id='word_1_209' title='bbox 1023 2348 1034 2360; x_wconf 93' lang='grc'><strong>·</strong></span> <span class='ocrx_word' id='word_1_210' title='bbox 1056 2332 1218 2394; x_wconf 76' lang='grc' dir='ltr'>αὐτὸς</span> <span class='ocrx_word' id='word_1_211' title='bbox 1244 2332 1354 2401; x_wconf 82' lang='grc' dir='ltr'>γὰρ</span> <span class='ocrx_word' id='word_1_212' title='bbox 1379 2331 1545 2385; x_wconf 83' lang='grc' dir='ltr'>σώσει</span> <span class='ocrx_word' id='word_1_213' title='bbox 1561 2332 1652 2386; x_wconf 75' lang='grc' dir='ltr'><strong>τὸν</strong></span> <span class='ocrx_word' id='word_1_214' title='bbox 1677 2332 1805 2387; x_wconf 71' lang='grc' dir='ltr'>λαὸν</span> <span class='ocrx_word' id='word_1_215' title='bbox 1817 2333 1883 2385; x_wconf 78' lang='grc' dir='ltr'><strong>αὐ</strong></span> <span class='ocrx_word' id='word_1_216' title='bbox 1899 2361 1916 2373; x_wconf 85' lang='lat'><strong>-</strong></span> 
     </span>
    </p>
   </div>
   <div class='ocr_carea' id='block_1_26' title="bbox 342 2416 1910 2496">
    <p class='ocr_par' dir='ltr' id='par_1_26' title="bbox 342 2416 1910 2496">
     <span class='ocr_line' id='line_1_26' title="bbox 342 2416 1910 2496; baseline 0.004 -25"><span class='ocrx_word' id='word_1_217' title='bbox 342 2419 431 2472; x_wconf 77' lang='grc' dir='ltr'><strong>τοῦ</strong></span> <span class='ocrx_word' id='word_1_218' title='bbox 464 2421 566 2473; x_wconf 82' lang='grc' dir='ltr'><strong>άπὸ</strong></span> <span class='ocrx_word' id='word_1_219' title='bbox 599 2421 709 2473; x_wconf 83' lang='grc' dir='ltr'><strong>τῶν</strong></span> <span class='ocrx_word' id='word_1_220' title='bbox 737 2421 1024 2492; x_wconf 81' lang='grc' dir='ltr'>ἁμαρτιῶν</span> <span class='ocrx_word' id='word_1_221' title='bbox 1048 2422 1238 2476; x_wconf 85' lang='grc' dir='ltr'>αὑτοῦ.</span> <span class='ocrx_word' id='word_1_222' title='bbox 1280 2416 1451 2487; x_wconf 74' lang='grc' dir='ltr'>Οὗτος</span> <span class='ocrx_word' id='word_1_223' title='bbox 1502 2424 1659 2478; x_wconf 79' lang='grc' dir='ltr'>ἔσται</span> <span class='ocrx_word' id='word_1_224' title='bbox 1711 2424 1910 2496; x_wconf 83' lang='grc' dir='ltr'>μέγας,</span> 
     </span>
    </p>
   </div>
   <div class='ocr_carea' id='block_1_27' title="bbox 335 2511 1915 2586">
    <p class='ocr_par' dir='ltr' id='par_1_27' title="bbox 335 2511 1915 2586">
     <span class='ocr_line' id='line_1_27' title="bbox 335 2511 1915 2586; baseline 0.006 -24"><span class='ocrx_word' id='word_1_225' title='bbox 335 2512 423 2563; x_wconf 82' lang='grc' dir='ltr'>καὶ</span> <span class='ocrx_word' id='word_1_226' title='bbox 447 2511 571 2573; x_wconf 74' lang='grc' dir='ltr'>Υίδς</span> <span class='ocrx_word' id='word_1_227' title='bbox 614 2511 872 2581; x_wconf 81' lang='grc' dir='ltr'>Ὑψίστου</span> <span class='ocrx_word' id='word_1_228' title='bbox 904 2511 1275 2584; x_wconf 86' lang='grc' dir='ltr'>κληθήσεται·</span> <span class='ocrx_word' id='word_1_229' title='bbox 1302 2515 1415 2567; x_wconf 73' lang='grc' dir='ltr'><strong>Καὶ</strong></span> <span class='ocrx_word' id='word_1_230' title='bbox 1437 2514 1600 2568; x_wconf 85' lang='grc' dir='ltr'>δώσει</span> <span class='ocrx_word' id='word_1_231' title='bbox 1623 2514 1773 2586; x_wconf 80' lang='grc' dir='ltr'>αὐτῷ</span> <span class='ocrx_word' id='word_1_232' title='bbox 1800 2515 1915 2572; x_wconf 82' lang='grc' dir='ltr'>Κύ-</span> 
     </span>
    </p>
   </div>
   <div class='ocr_carea' id='block_1_28' title="bbox 330 2601 1911 2677">
    <p class='ocr_par' dir='ltr' id='par_1_28' title="bbox 330 2601 1911 2677">
     <span class='ocr_line' id='line_1_28' title="bbox 330 2601 1911 2677; baseline 0.006 -25"><span class='ocrx_word' id='word_1_233' title='bbox 330 2618 441 2670; x_wconf 89' lang='grc' dir='ltr'>ριος</span> <span class='ocrx_word' id='word_1_234' title='bbox 466 2601 496 2652; x_wconf 89' lang='lat'><strong>6</strong></span> <span class='ocrx_word' id='word_1_235' title='bbox 527 2602 660 2667; x_wconf 70' lang='grc' dir='ltr'>Θεὸς</span> <span class='ocrx_word' id='word_1_236' title='bbox 688 2603 780 2657; x_wconf 81' lang='grc' dir='ltr'>τὸν</span> <span class='ocrx_word' id='word_1_237' title='bbox 803 2602 994 2673; x_wconf 81' lang='grc' dir='ltr'>θρόνον</span> <span class='ocrx_word' id='word_1_238' title='bbox 1019 2604 1193 2658; x_wconf 77' lang='grc' dir='ltr'><strong>Δαόὶδ</strong></span> <span class='ocrx_word' id='word_1_239' title='bbox 1213 2605 1310 2659; x_wconf 89' lang='grc' dir='ltr'><strong>τοῦ</strong></span> <span class='ocrx_word' id='word_1_240' title='bbox 1345 2607 1552 2677; x_wconf 76' lang='grc' dir='ltr'>πατρὸς</span> <span class='ocrx_word' id='word_1_241' title='bbox 1575 2608 1764 2675; x_wconf 80' lang='grc' dir='ltr'>αὐτοῦ,</span> <span class='ocrx_word' id='word_1_242' title='bbox 1815 2609 1911 2664; x_wconf 73' lang='grc' dir='ltr'><strong>καὶ</strong></span> 
     </span>
    </p>
   </div>
   <div class='ocr_carea' id='block_1_29' title="bbox 325 2689 1906 2766">
    <p class='ocr_par' dir='ltr' id='par_1_29' title="bbox 325 2689 1906 2766">
     <span class='ocr_line' id='line_1_29' title="bbox 325 2689 1906 2766; baseline 0.008 -23"><span class='ocrx_word' id='word_1_243' title='bbox 325 2689 639 2760; x_wconf 83' lang='grc' dir='ltr'>βασιλεύσει</span> <span class='ocrx_word' id='word_1_244' title='bbox 684 2694 778 2747; x_wconf 73' lang='grc' dir='ltr'><strong>ἐπὶ</strong></span> <span class='ocrx_word' id='word_1_245' title='bbox 822 2694 916 2748; x_wconf 82' lang='grc' dir='ltr'><strong>τὸν</strong></span> <span class='ocrx_word' id='word_1_246' title='bbox 964 2692 1119 2749; x_wconf 79' lang='grc' dir='ltr'>οἷκον</span> <span class='ocrx_word' id='word_1_247' title='bbox 1159 2696 1358 2749; x_wconf 79' lang='grc' dir='ltr'>Ἰακὼϐ</span> <span class='ocrx_word' id='word_1_248' title='bbox 1406 2700 1486 2763; x_wconf 85' lang='grc' dir='ltr'><strong>εἰς</strong></span> <span class='ocrx_word' id='word_1_249' title='bbox 1524 2701 1651 2762; x_wconf 78' lang='grc' dir='ltr'>τοὺς</span> <span class='ocrx_word' id='word_1_250' title='bbox 1678 2701 1906 2766; x_wconf 78' lang='grc' dir='ltr'>αἰῶνας,</span> 
     </span>
    </p>
   </div>
   <div class='ocr_carea' id='block_1_30' title="bbox 325 2782 1906 2855">
    <p class='ocr_par' dir='ltr' id='par_1_30' title="bbox 325 2782 1906 2855">
     <span class='ocr_line' id='line_1_30' title="bbox 325 2782 1906 2855; baseline 0.008 -21"><span class='ocrx_word' id='word_1_251' title='bbox 325 2782 415 2835; x_wconf 82' lang='grc' dir='ltr'><strong>καὶ</strong></span> <span class='ocrx_word' id='word_1_252' title='bbox 443 2783 542 2855; x_wconf 83' lang='grc' dir='ltr'>τῆς</span> <span class='ocrx_word' id='word_1_253' title='bbox 564 2784 846 2855; x_wconf 79' lang='grc' dir='ltr'>βασιλείας</span> <span class='ocrx_word' id='word_1_254' title='bbox 875 2786 1042 2840; x_wconf 82' lang='grc' dir='ltr'>αὐτοῦ</span> <span class='ocrx_word' id='word_1_255' title='bbox 1086 2788 1187 2841; x_wconf 78' lang='grc' dir='ltr'>οὐκ</span> <span class='ocrx_word' id='word_1_256' title='bbox 1208 2788 1361 2842; x_wconf 81' lang='grc' dir='ltr'>ἔσται</span> <span class='ocrx_word' id='word_1_257' title='bbox 1421 2789 1592 2854; x_wconf 89' lang='grc' dir='ltr'>τέλος.</span> <span class='ocrx_word' id='word_1_258' title='bbox 1630 2793 1742 2846; x_wconf 75' lang='grc' dir='ltr'>Καὶ</span> <span class='ocrx_word' id='word_1_259' title='bbox 1783 2787 1906 2846; x_wconf 75' lang='grc' dir='ltr'>εἷπε</span> 
     </span>
    </p>
   </div>
   <div class='ocr_carea' id='block_1_31' title="bbox 321 2870 1902 2952">
    <p class='ocr_par' dir='ltr' id='par_1_31' title="bbox 321 2870 1902 2952">
     <span class='ocr_line' id='line_1_31' title="bbox 321 2870 1902 2952; baseline 0.008 -26"><span class='ocrx_word' id='word_1_260' title='bbox 321 2874 557 2945; x_wconf 72' lang='grc' dir='ltr'>Μαριὰμ</span> <span class='ocrx_word' id='word_1_261' title='bbox 625 2870 779 2946; x_wconf 83' lang='grc' dir='ltr'>πρὸς</span> <span class='ocrx_word' id='word_1_262' title='bbox 808 2878 897 2931; x_wconf 67' lang='grc' dir='ltr'>τὸν</span> <span class='ocrx_word' id='word_1_263' title='bbox 937 2879 1197 2948; x_wconf 81' lang='grc' dir='ltr'>ἄγγελον·</span> <span class='ocrx_word' id='word_1_264' title='bbox 1224 2880 1348 2944; x_wconf 84' lang='grc' dir='ltr'><strong>Πῶς</strong></span> <span class='ocrx_word' id='word_1_265' title='bbox 1390 2880 1541 2934; x_wconf 77' lang='grc' dir='ltr'>ἔσται</span> <span class='ocrx_word' id='word_1_266' title='bbox 1584 2899 1678 2952; x_wconf 90' lang='grc' dir='ltr'><strong>μοι</strong></span> <span class='ocrx_word' id='word_1_267' title='bbox 1723 2883 1902 2952; x_wconf 85' lang='grc' dir='ltr'>τοῦτο,</span> 
     </span>
    </p>
   </div>
   <div class='ocr_carea' id='block_1_32' title="bbox 2021 580 3603 652">
    <p class='ocr_par' dir='ltr' id='par_1_32' title="bbox 2021 580 3603 652">
     <span class='ocr_line' id='line_1_32' title="bbox 2021 580 3603 652; baseline -0.004 -11"><span class='ocrx_word' id='word_1_268' title='bbox 2021 588 2177 652; x_wconf 88' lang='lat' dir='ltr'><strong>mini,</strong></span> <span class='ocrx_word' id='word_1_269' title='bbox 2210 586 2433 641; x_wconf 90' lang='lat' dir='ltr'><strong>deloco</strong></span> <span class='ocrx_word' id='word_1_270' title='bbox 2495 599 2596 641; x_wconf 89' lang='lat' dir='ltr'><strong>suo</strong></span> <span class='ocrx_word' id='word_1_271' title='bbox 2644 586 2686 635; x_wconf 70' lang='grc' dir='ltr'><strong>ι.</strong></span> <span class='ocrx_word' id='word_1_272' title='bbox 2738 601 2756 633; x_wconf 74' lang='grc' dir='ltr'><strong>ι</strong></span> <span class='ocrx_word' id='word_1_273' title='bbox 2790 609 2853 619; x_wconf 64' lang='grc' dir='ltr'><strong>η-</strong></span> <span class='ocrx_word' id='word_1_274' title='bbox 2900 602 2918 633; x_wconf 89' lang='grc' dir='ltr'><strong>ι</strong></span> <span class='ocrx_word' id='word_1_275' title='bbox 2983 580 3039 635; x_wconf 88' lang='lat' dir='ltr'><strong>Si</strong></span> <span class='ocrx_word' id='word_1_276' title='bbox 3086 580 3289 636; x_wconf 78' lang='lat' dir='ltr'><strong>dedero</strong></span> <span class='ocrx_word' id='word_1_277' title='bbox 3346 594 3603 637; x_wconf 82' lang='lat' dir='ltr'><strong>somnum</strong></span> 
     </span>
    </p>
   </div>
   <div class='ocr_carea' id='block_1_33' title="bbox 2022 669 3603 745">
    <p class='ocr_par' dir='ltr' id='par_1_33' title="bbox 2022 669 3603 745">
     <span class='ocr_line' id='line_1_33' title="bbox 2022 669 3603 745; baseline -0.005 -11"><span class='ocrx_word' id='word_1_278' title='bbox 2022 679 2197 734; x_wconf 88' lang='lat' dir='ltr'><strong>oculis</strong></span> <span class='ocrx_word' id='word_1_279' title='bbox 2232 675 2391 742; x_wconf 86' lang='lat' dir='ltr'><strong>meis,</strong></span> <span class='ocrx_word' id='word_1_280' title='bbox 2446 684 2501 731; x_wconf 87' lang='lat' dir='ltr'><strong>et</strong></span> <span class='ocrx_word' id='word_1_281' title='bbox 2548 673 2833 745; x_wconf 76' lang='lat' dir='ltr'><strong>palpebris</strong></span> <span class='ocrx_word' id='word_1_282' title='bbox 2895 670 3035 726; x_wconf 84' lang='lat' dir='ltr'><strong>meis</strong></span> <span class='ocrx_word' id='word_1_283' title='bbox 3068 669 3554 725; x_wconf 81' lang='lat' dir='ltr'><strong>‘dormitationem</strong></span> <span class='ocrx_word' id='word_1_284' title='bbox 3591 694 3603 726; x_wconf 90' lang='lat'><strong>:</strong></span> 
     </span>
    </p>
   </div>
   <div class='ocr_carea' id='block_1_34' title="bbox 2021 763 3603 838">
    <p class='ocr_par' dir='ltr' id='par_1_34' title="bbox 2021 763 3603 838">
     <span class='ocr_line' id='line_1_34' title="bbox 2021 763 3603 838; baseline -0.003 -15"><span class='ocrx_word' id='word_1_285' title='bbox 2021 777 2077 823; x_wconf 87' lang='lat' dir='ltr'><strong>et</strong></span> <span class='ocrx_word' id='word_1_286' title='bbox 2107 768 2354 838; x_wconf 80' lang='lat' dir='ltr'><strong>requiem</strong></span> <span class='ocrx_word' id='word_1_287' title='bbox 2386 766 2734 838; x_wconf 76' lang='lat' dir='ltr'><strong>temporibus</strong></span> <span class='ocrx_word' id='word_1_288' title='bbox 2765 765 2902 821; x_wconf 84' lang='lat' dir='ltr'><strong>meis</strong></span> <span class='ocrx_word' id='word_1_289' title='bbox 2923 802 2939 830; x_wconf 90' lang='lat'><strong>,</strong></span> <span class='ocrx_word' id='word_1_290' title='bbox 2992 763 3168 819; x_wconf 88' lang='lat' dir='ltr'><strong>donec</strong></span> <span class='ocrx_word' id='word_1_291' title='bbox 3210 763 3485 818; x_wconf 73' lang='lat' dir='ltr'><strong>inveniam</strong></span> <span class='ocrx_word' id='word_1_292' title='bbox 3526 763 3603 819; x_wconf 83' lang='lat' dir='ltr'><strong>lo-</strong></span> 
     </span>
    </p>
   </div>
   <div class='ocr_carea' id='block_1_35' title="bbox 2021 850 3602 927">
    <p class='ocr_par' dir='ltr' id='par_1_35' title="bbox 2021 850 3602 927">
     <span class='ocr_line' id='line_1_35' title="bbox 2021 850 3602 927; baseline -0.006 -10"><span class='ocrx_word' id='word_1_293' title='bbox 2021 876 2147 917; x_wconf 88' lang='lat' dir='ltr'><strong>cum</strong></span> <span class='ocrx_word' id='word_1_294' title='bbox 2173 860 2426 927; x_wconf 89' lang='lat' dir='ltr'><strong>Domino,</strong></span> <span class='ocrx_word' id='word_1_295' title='bbox 2462 859 2879 916; x_wconf 89' lang='lat' dir='ltr'><strong>tabernaculum</strong></span> <span class='ocrx_word' id='word_1_296' title='bbox 2907 856 3016 912; x_wconf 89' lang='lat' dir='ltr'><strong>Deo</strong></span> <span class='ocrx_word' id='word_1_297' title='bbox 3042 850 3216 913; x_wconf 64' lang='lat' dir='ltr'><strong>Iacob</strong></span> <span class='ocrx_word' id='word_1_298' title='bbox 3239 868 3288 911; x_wconf 79' lang='grc' dir='ltr'>ιι.</span> <span class='ocrx_word' id='word_1_299' title='bbox 3330 873 3349 909; x_wconf 71' lang='grc' dir='ltr'><strong>ι</strong></span> <span class='ocrx_word' id='word_1_300' title='bbox 3377 855 3602 912; x_wconf 79' lang='lat' dir='ltr'><strong>Velius:</strong></span> 
     </span>
    </p>
   </div>
   <div class='ocr_carea' id='block_1_36' title="bbox 2026 948 3602 1021">
    <p class='ocr_par' dir='ltr' id='par_1_36' title="bbox 2026 948 3602 1021">
     <span class='ocr_line' id='line_1_36' title="bbox 2026 948 3602 1021; baseline -0.001 -19"><span class='ocrx_word' id='word_1_301' title='bbox 2026 962 2045 1002; x_wconf 76' lang='grc' dir='ltr'><strong>ι</strong></span> <span class='ocrx_word' id='word_1_302' title='bbox 2089 950 2400 1007; x_wconf 85' lang='lat' dir='ltr'><strong>Descendet</strong></span> <span class='ocrx_word' id='word_1_303' title='bbox 2432 950 2577 1006; x_wconf 90' lang='lat' dir='ltr'><strong>sicut</strong></span> <span class='ocrx_word' id='word_1_304' title='bbox 2608 951 2793 1021; x_wconf 86' lang='lat' dir='ltr'><strong>pluvia</strong></span> <span class='ocrx_word' id='word_1_305' title='bbox 2824 950 2881 1004; x_wconf 91' lang='lat' dir='ltr'><strong>in</strong></span> <span class='ocrx_word' id='word_1_306' title='bbox 2920 949 3116 1015; x_wconf 81' lang='lat' dir='ltr'><strong>vellus,</strong></span> <span class='ocrx_word' id='word_1_307' title='bbox 3152 958 3208 1005; x_wconf 90' lang='lat' dir='ltr'><strong>et</strong></span> <span class='ocrx_word' id='word_1_308' title='bbox 3261 948 3407 1005; x_wconf 88' lang='lat' dir='ltr'><strong>sicut</strong></span> <span class='ocrx_word' id='word_1_309' title='bbox 3450 958 3602 1019; x_wconf 79' lang='lat' dir='ltr'><strong>gutta</strong></span> 
     </span>
    </p>
   </div>
   <div class='ocr_carea' id='block_1_37' title="bbox 2021 1040 3602 1113">
    <p class='ocr_par' dir='ltr' id='par_1_37' title="bbox 2021 1040 3602 1113">
     <span class='ocr_line' id='line_1_37' title="bbox 2021 1040 3602 1113; baseline -0.003 -16"><span class='ocrx_word' id='word_1_310' title='bbox 2021 1042 2237 1098; x_wconf 86' lang='lat' dir='ltr'><strong>stillans</strong></span> <span class='ocrx_word' id='word_1_311' title='bbox 2276 1054 2441 1113; x_wconf 85' lang='lat' dir='ltr'><strong>super</strong></span> <span class='ocrx_word' id='word_1_312' title='bbox 2477 1051 2679 1098; x_wconf 85' lang='lat' dir='ltr'><strong>terram</strong></span> <span class='ocrx_word' id='word_1_313' title='bbox 2710 1048 2761 1097; x_wconf 73' lang='grc' dir='ltr'><strong>ν.</strong></span> <span class='ocrx_word' id='word_1_314' title='bbox 2799 1061 2819 1094; x_wconf 72' lang='grc' dir='ltr'><strong>ι</strong></span> <span class='ocrx_word' id='word_1_315' title='bbox 2857 1040 3092 1096; x_wconf 78' lang='lat' dir='ltr'><strong>Mulier:</strong></span> <span class='ocrx_word' id='word_1_316' title='bbox 3134 1058 3153 1092; x_wconf 81' lang='grc' dir='ltr'><strong>ι</strong></span> <span class='ocrx_word' id='word_1_317' title='bbox 3204 1040 3503 1096; x_wconf 86' lang='lat' dir='ltr'><strong>Benedicta</strong></span> <span class='ocrx_word' id='word_1_318' title='bbox 3545 1048 3602 1093; x_wconf 87' lang='lat' dir='ltr'><strong>tn</strong></span> 
     </span>
    </p>
   </div>
   <div class='ocr_carea' id='block_1_38' title="bbox 2023 1134 3597 1204">
    <p class='ocr_par' dir='ltr' id='par_1_38' title="bbox 2023 1134 3597 1204">
     <span class='ocr_line' id='line_1_38' title="bbox 2023 1134 3597 1204; baseline -0.004 -14"><span class='ocrx_word' id='word_1_319' title='bbox 2023 1136 2077 1190; x_wconf 87' lang='lat' dir='ltr'><strong>in</strong></span> <span class='ocrx_word' id='word_1_320' title='bbox 2111 1136 2457 1204; x_wconf 80' lang='lat' dir='ltr'><strong>mulieribus,</strong></span> <span class='ocrx_word' id='word_1_321' title='bbox 2483 1145 2538 1192; x_wconf 90' lang='lat' dir='ltr'><strong>et</strong></span> <span class='ocrx_word' id='word_1_322' title='bbox 2567 1136 2898 1191; x_wconf 82' lang='lat' dir='ltr'><strong>benedictus</strong></span> <span class='ocrx_word' id='word_1_323' title='bbox 2924 1135 3138 1191; x_wconf 80' lang='lat' dir='ltr'><strong>fructus</strong></span> <span class='ocrx_word' id='word_1_324' title='bbox 3171 1135 3381 1191; x_wconf 88' lang='lat' dir='ltr'><strong>ventris</strong></span> <span class='ocrx_word' id='word_1_325' title='bbox 3408 1134 3488 1187; x_wconf 80' lang='lat' dir='ltr'><strong>tui</strong></span> <span class='ocrx_word' id='word_1_326' title='bbox 3516 1148 3597 1184; x_wconf 73' lang='grc' dir='ltr'><strong>ι.»</strong></span> 
     </span>
    </p>
   </div>
   <div class='ocr_carea' id='block_1_39' title="bbox 2018 1226 3601 1296">
    <p class='ocr_par' dir='ltr' id='par_1_39' title="bbox 2018 1226 3601 1296">
     <span class='ocr_line' id='line_1_39' title="bbox 2018 1226 3601 1296; baseline 0 -16"><span class='ocrx_word' id='word_1_327' title='bbox 2018 1257 2089 1268; x_wconf 92' lang='grc'><strong><em>-</em></strong></span> <span class='ocrx_word' id='word_1_328' title='bbox 2131 1247 2150 1280; x_wconf 82' lang='grc' dir='ltr'><strong>ι</strong></span> <span class='ocrx_word' id='word_1_329' title='bbox 2199 1228 2343 1284; x_wconf 78' lang='lat' dir='ltr'><strong>Misit</strong></span> <span class='ocrx_word' id='word_1_330' title='bbox 2372 1227 2517 1284; x_wconf 84' lang='lat' dir='ltr'><strong>Deus</strong></span> <span class='ocrx_word' id='word_1_331' title='bbox 2547 1226 2745 1283; x_wconf 82' lang='lat' dir='ltr'><strong>Filium</strong></span> <span class='ocrx_word' id='word_1_332' title='bbox 2786 1243 2968 1293; x_wconf 86' lang='lat' dir='ltr'><strong>suum,</strong></span> <span class='ocrx_word' id='word_1_333' title='bbox 3007 1228 3210 1282; x_wconf 72' lang='lat' dir='ltr'><strong>factum</strong></span> <span class='ocrx_word' id='word_1_334' title='bbox 3252 1238 3318 1282; x_wconf 78' lang='lat' dir='ltr'><strong>ex</strong></span> <span class='ocrx_word' id='word_1_335' title='bbox 3349 1226 3601 1296; x_wconf 69' lang='lat' dir='ltr'><strong>muliere,</strong></span> 
     </span>
    </p>
   </div>
   <div class='ocr_carea' id='block_1_40' title="bbox 2023 1305 3603 1390">
    <p class='ocr_par' dir='ltr' id='par_1_40' title="bbox 2023 1305 3603 1390">
     <span class='ocr_line' id='line_1_40' title="bbox 2023 1305 3603 1390; baseline -0.003 -16"><span class='ocrx_word' id='word_1_336' title='bbox 2023 1319 2225 1375; x_wconf 76' lang='lat' dir='ltr'><strong>factum</strong></span> <span class='ocrx_word' id='word_1_337' title='bbox 2256 1322 2361 1376; x_wconf 86' lang='lat' dir='ltr'><strong>sub</strong></span> <span class='ocrx_word' id='word_1_338' title='bbox 2412 1307 2529 1390; x_wconf 65' lang='lat' dir='ltr'><strong>lcée</strong></span> <span class='ocrx_word' id='word_1_339' title='bbox 2558 1320 2608 1373; x_wconf 69' lang='lat'><strong>3&#39;.</strong></span> <span class='ocrx_word' id='word_1_340' title='bbox 2651 1335 2670 1371; x_wconf 75' lang='grc' dir='ltr'><strong>ι</strong></span> <span class='ocrx_word' id='word_1_341' title='bbox 2702 1305 2881 1373; x_wconf 81' lang='lat' dir='ltr'><strong>Beata</strong></span> <span class='ocrx_word' id='word_1_342' title='bbox 2913 1335 2928 1373; x_wconf 89' lang='lat'><strong>:</strong></span> <span class='ocrx_word' id='word_1_343' title='bbox 2984 1335 3003 1369; x_wconf 87' lang='grc' dir='ltr'><strong>ι</strong></span> <span class='ocrx_word' id='word_1_344' title='bbox 3054 1317 3218 1372; x_wconf 85' lang='lat' dir='ltr'><strong>Beata</strong></span> <span class='ocrx_word' id='word_1_345' title='bbox 3271 1332 3392 1388; x_wconf 69' lang='lat' dir='ltr'><strong>qua:</strong></span> <span class='ocrx_word' id='word_1_346' title='bbox 3420 1316 3603 1372; x_wconf 85' lang='lat' dir='ltr'><strong>credi-</strong></span> 
     </span>
    </p>
   </div>
   <div class='ocr_carea' id='block_1_41' title="bbox 2018 1407 3599 1485">
    <p class='ocr_par' dir='ltr' id='par_1_41' title="bbox 2018 1407 3599 1485">
     <span class='ocr_line' id='line_1_41' title="bbox 2018 1407 3599 1485; baseline -0.006 -17"><span class='ocrx_word' id='word_1_347' title='bbox 2018 1413 2170 1479; x_wconf 82' lang='lat' dir='ltr'><strong>disti,</strong></span> <span class='ocrx_word' id='word_1_348' title='bbox 2203 1412 2331 1483; x_wconf 89' lang='lat' dir='ltr'><strong>quia</strong></span> <span class='ocrx_word' id='word_1_349' title='bbox 2362 1412 2720 1485; x_wconf 79' lang='lat' dir='ltr'><strong>perﬂeientur</strong></span> <span class='ocrx_word' id='word_1_350' title='bbox 2752 1413 2806 1466; x_wconf 88' lang='lat' dir='ltr'><strong>in</strong></span> <span class='ocrx_word' id='word_1_351' title='bbox 2841 1420 2916 1476; x_wconf 91' lang='lat' dir='ltr'><strong>te,</strong></span> <span class='ocrx_word' id='word_1_352' title='bbox 2960 1425 3087 1480; x_wconf 60' lang='lat' dir='ltr'><strong>qua;</strong></span> <span class='ocrx_word' id='word_1_353' title='bbox 3114 1409 3265 1463; x_wconf 83' lang='lat' dir='ltr'><strong>dicta</strong></span> <span class='ocrx_word' id='word_1_354' title='bbox 3311 1418 3443 1464; x_wconf 87' lang='lat' dir='ltr'><strong>sunt</strong></span> <span class='ocrx_word' id='word_1_355' title='bbox 3497 1407 3599 1461; x_wconf 86' lang='lat' dir='ltr'><strong>tibi</strong></span> 
     </span>
    </p>
   </div>
   <div class='ocr_carea' id='block_1_42' title="bbox 2019 1500 3604 1571">
    <p class='ocr_par' dir='ltr' id='par_1_42' title="bbox 2019 1500 3604 1571">
     <span class='ocr_line' id='line_1_42' title="bbox 2019 1500 3604 1571; baseline -0.004 -13"><span class='ocrx_word' id='word_1_356' title='bbox 2019 1503 2303 1559; x_wconf 90' lang='lat' dir='ltr'><strong>aDomino</strong></span> <span class='ocrx_word' id='word_1_357' title='bbox 2339 1513 2384 1561; x_wconf 73' lang='grc' dir='ltr'><strong>ι.</strong></span> <span class='ocrx_word' id='word_1_358' title='bbox 2424 1523 2444 1554; x_wconf 74' lang='grc' dir='ltr'><strong>ι</strong></span> <span class='ocrx_word' id='word_1_359' title='bbox 2481 1502 2589 1558; x_wconf 86' lang='lat' dir='ltr'><strong>Et:</strong></span> <span class='ocrx_word' id='word_1_360' title='bbox 2647 1523 2666 1556; x_wconf 82' lang='grc' dir='ltr'><strong>ι</strong></span> <span class='ocrx_word' id='word_1_361' title='bbox 2706 1503 2908 1559; x_wconf 80' lang='lat' dir='ltr'><strong>Beatus</strong></span> <span class='ocrx_word' id='word_1_362' title='bbox 2940 1512 3130 1557; x_wconf 82' lang='lat' dir='ltr'><strong>venter</strong></span> <span class='ocrx_word' id='word_1_363' title='bbox 3167 1500 3261 1571; x_wconf 88' lang='lat' dir='ltr'><strong>qui</strong></span> <span class='ocrx_word' id='word_1_364' title='bbox 3317 1509 3368 1554; x_wconf 91' lang='lat' dir='ltr'><strong>te</strong></span> <span class='ocrx_word' id='word_1_365' title='bbox 3417 1508 3604 1569; x_wconf 61' lang='lat' dir='ltr'><strong>porta-</strong></span> 
     </span>
    </p>
   </div>
   <div class='ocr_carea' id='block_1_43' title="bbox 2017 1590 3599 1668">
    <p class='ocr_par' dir='ltr' id='par_1_43' title="bbox 2017 1590 3599 1668">
     <span class='ocr_line' id='line_1_43' title="bbox 2017 1590 3599 1668; baseline -0.004 -17"><span class='ocrx_word' id='word_1_366' title='bbox 2017 1598 2115 1663; x_wconf 88' lang='lat' dir='ltr'><strong>vit,</strong></span> <span class='ocrx_word' id='word_1_367' title='bbox 2141 1606 2196 1653; x_wconf 89' lang='lat' dir='ltr'><strong>et</strong></span> <span class='ocrx_word' id='word_1_368' title='bbox 2232 1598 2399 1653; x_wconf 86' lang='lat' dir='ltr'><strong>ubera</strong></span> <span class='ocrx_word' id='word_1_369' title='bbox 2427 1608 2550 1668; x_wconf 65' lang='lat' dir='ltr'><strong>quae</strong></span> <span class='ocrx_word' id='word_1_370' title='bbox 2576 1598 2776 1653; x_wconf 82' lang='lat' dir='ltr'><strong>suxisti</strong></span> <span class='ocrx_word' id='word_1_371' title='bbox 2807 1608 2856 1650; x_wconf 72' lang='grc' dir='ltr'>ι.</span> <span class='ocrx_word' id='word_1_372' title='bbox 2908 1612 2926 1646; x_wconf 75' lang='grc' dir='ltr'><strong>ι</strong></span> <span class='ocrx_word' id='word_1_373' title='bbox 2966 1594 3135 1648; x_wconf 85' lang='lat' dir='ltr'><strong>Maria</strong></span> <span class='ocrx_word' id='word_1_374' title='bbox 3163 1611 3176 1648; x_wconf 90' lang='lat'><strong>:</strong></span> <span class='ocrx_word' id='word_1_375' title='bbox 3216 1612 3236 1645; x_wconf 87' lang='grc' dir='ltr'><strong>ι</strong></span> <span class='ocrx_word' id='word_1_376' title='bbox 3271 1590 3350 1649; x_wconf 83' lang='lat' dir='ltr'><strong>Ne</strong></span> <span class='ocrx_word' id='word_1_377' title='bbox 3380 1593 3599 1651; x_wconf 85' lang='lat' dir='ltr'><strong>timeas,</strong></span> 
     </span>
    </p>
   </div>
   <div class='ocr_carea' id='block_1_44' title="bbox 2021 1683 3598 1760">
    <p class='ocr_par' dir='ltr' id='par_1_44' title="bbox 2021 1683 3598 1760">
     <span class='ocr_line' id='line_1_44' title="bbox 2021 1683 3598 1760; baseline -0.006 -17"><span class='ocrx_word' id='word_1_378' title='bbox 2021 1690 2219 1755; x_wconf 83' lang='lat' dir='ltr'><strong>Maria;</strong></span> <span class='ocrx_word' id='word_1_379' title='bbox 2254 1691 2508 1746; x_wconf 83' lang='lat' dir='ltr'><strong>invenisti</strong></span> <span class='ocrx_word' id='word_1_380' title='bbox 2539 1691 2684 1745; x_wconf 90' lang='lat' dir='ltr'><strong>enim</strong></span> <span class='ocrx_word' id='word_1_381' title='bbox 2729 1690 2964 1760; x_wconf 80' lang='lat' dir='ltr'><strong>gratiam</strong></span> <span class='ocrx_word' id='word_1_382' title='bbox 3017 1686 3162 1756; x_wconf 86' lang='lat' dir='ltr'><strong>apud</strong></span> <span class='ocrx_word' id='word_1_383' title='bbox 3206 1683 3522 1739; x_wconf 90' lang='lat' dir='ltr'><strong>Dominum.</strong></span> <span class='ocrx_word' id='word_1_384' title='bbox 3581 1702 3598 1733; x_wconf 75' lang='grc' dir='ltr'><strong>ι</strong></span> 
     </span>
    </p>
   </div>
   <div class='ocr_carea' id='block_1_45' title="bbox 2020 1776 3602 1852">
    <p class='ocr_par' dir='ltr' id='par_1_45' title="bbox 2020 1776 3602 1852">
     <span class='ocr_line' id='line_1_45' title="bbox 2020 1776 3602 1852; baseline -0.006 -18"><span class='ocrx_word' id='word_1_385' title='bbox 2020 1782 2085 1836; x_wconf 84' lang='lat' dir='ltr'><strong>Et</strong></span> <span class='ocrx_word' id='word_1_386' title='bbox 2118 1798 2132 1835; x_wconf 91' lang='lat'><strong>:</strong></span> <span class='ocrx_word' id='word_1_387' title='bbox 2169 1800 2187 1834; x_wconf 83' lang='grc' dir='ltr'><strong>ι</strong></span> <span class='ocrx_word' id='word_1_388' title='bbox 2229 1782 2369 1837; x_wconf 79' lang='lat' dir='ltr'><strong>Ecce</strong></span> <span class='ocrx_word' id='word_1_389' title='bbox 2412 1782 2698 1852; x_wconf 90' lang='lat' dir='ltr'><strong>cencipies</strong></span> <span class='ocrx_word' id='word_1_390' title='bbox 2735 1781 2789 1834; x_wconf 92' lang='lat' dir='ltr'><strong>in</strong></span> <span class='ocrx_word' id='word_1_391' title='bbox 2822 1789 3004 1841; x_wconf 88' lang='lat' dir='ltr'><strong>utero,</strong></span> <span class='ocrx_word' id='word_1_392' title='bbox 3051 1787 3106 1833; x_wconf 86' lang='lat' dir='ltr'><strong>et</strong></span> <span class='ocrx_word' id='word_1_393' title='bbox 3163 1779 3348 1848; x_wconf 80' lang='lat' dir='ltr'><strong>paries</strong></span> <span class='ocrx_word' id='word_1_394' title='bbox 3378 1776 3602 1834; x_wconf 86' lang='lat' dir='ltr'><strong>Filium,</strong></span> 
     </span>
    </p>
   </div>
   <div class='ocr_carea' id='block_1_46' title="bbox 2019 1868 3600 1944">
    <p class='ocr_par' dir='ltr' id='par_1_46' title="bbox 2019 1868 3600 1944">
     <span class='ocr_line' id='line_1_46' title="bbox 2019 1868 3600 1944; baseline -0.006 -17"><span class='ocrx_word' id='word_1_395' title='bbox 2019 1884 2074 1928; x_wconf 87' lang='lat' dir='ltr'><strong>et</strong></span> <span class='ocrx_word' id='word_1_396' title='bbox 2104 1874 2326 1931; x_wconf 89' lang='lat' dir='ltr'><strong>vocabis</strong></span> <span class='ocrx_word' id='word_1_397' title='bbox 2362 1889 2561 1929; x_wconf 86' lang='lat' dir='ltr'><strong>nomen</strong></span> <span class='ocrx_word' id='word_1_398' title='bbox 2590 1874 2712 1944; x_wconf 88' lang='lat' dir='ltr'><strong>ejus</strong></span> <span class='ocrx_word' id='word_1_399' title='bbox 2757 1872 2944 1928; x_wconf 81' lang='lat' dir='ltr'><strong>Jesum</strong></span> <span class='ocrx_word' id='word_1_400' title='bbox 2976 1887 2989 1925; x_wconf 89' lang='lat'><strong>:</strong></span> <span class='ocrx_word' id='word_1_401' title='bbox 3035 1872 3151 1942; x_wconf 85' lang='lat' dir='ltr'><strong>ipse</strong></span> <span class='ocrx_word' id='word_1_402' title='bbox 3193 1870 3341 1925; x_wconf 89' lang='lat' dir='ltr'><strong>enim</strong></span> <span class='ocrx_word' id='word_1_403' title='bbox 3387 1868 3600 1924; x_wconf 85' lang='lat' dir='ltr'><strong>salvum</strong></span> 
     </span>
    </p>
   </div>
   <div class='ocr_carea' id='block_1_47' title="bbox 2022 1962 3602 2040">
    <p class='ocr_par' dir='ltr' id='par_1_47' title="bbox 2022 1962 3602 2040">
     <span class='ocr_line' id='line_1_47' title="bbox 2022 1962 3602 2040; baseline -0.007 -17"><span class='ocrx_word' id='word_1_404' title='bbox 2022 1970 2185 2024; x_wconf 81' lang='lat' dir='ltr'><strong>faciet</strong></span> <span class='ocrx_word' id='word_1_405' title='bbox 2222 1970 2483 2040; x_wconf 83' lang='lat' dir='ltr'><strong>populum</strong></span> <span class='ocrx_word' id='word_1_406' title='bbox 2513 1984 2674 2024; x_wconf 88' lang='lat' dir='ltr'><strong>suum</strong></span> <span class='ocrx_word' id='word_1_407' title='bbox 2710 1984 2740 2022; x_wconf 90' lang='lat' dir='ltr'><strong>a</strong></span> <span class='ocrx_word' id='word_1_408' title='bbox 2787 1968 3030 2038; x_wconf 86' lang='lat' dir='ltr'><strong>peccatis</strong></span> <span class='ocrx_word' id='word_1_409' title='bbox 3088 1981 3304 2022; x_wconf 90' lang='lat' dir='ltr'><strong>eorum.</strong></span> <span class='ocrx_word' id='word_1_410' title='bbox 3348 1962 3450 2018; x_wconf 85' lang='lat' dir='ltr'><strong>Hic</strong></span> <span class='ocrx_word' id='word_1_411' title='bbox 3497 1964 3602 2017; x_wconf 87' lang='lat' dir='ltr'><strong>erit</strong></span> 
     </span>
    </p>
   </div>
   <div class='ocr_carea' id='block_1_48' title="bbox 2020 2052 3601 2131">
    <p class='ocr_par' dir='ltr' id='par_1_48' title="bbox 2020 2052 3601 2131">
     <span class='ocr_line' id='line_1_48' title="bbox 2020 2052 3601 2131; baseline -0.006 -17"><span class='ocrx_word' id='word_1_412' title='bbox 2020 2076 2271 2131; x_wconf 74' lang='lat' dir='ltr'><strong>magnus,</strong></span> <span class='ocrx_word' id='word_1_413' title='bbox 2313 2069 2366 2115; x_wconf 88' lang='lat' dir='ltr'><strong>et</strong></span> <span class='ocrx_word' id='word_1_414' title='bbox 2398 2059 2571 2115; x_wconf 73' lang='lat' dir='ltr'><strong>Filius</strong></span> <span class='ocrx_word' id='word_1_415' title='bbox 2624 2059 2900 2114; x_wconf 79' lang='lat' dir='ltr'><strong>Altissimi</strong></span> <span class='ocrx_word' id='word_1_416' title='bbox 2944 2057 3276 2112; x_wconf 87' lang='lat' dir='ltr'><strong>vocabitur:</strong></span> <span class='ocrx_word' id='word_1_417' title='bbox 3335 2062 3393 2108; x_wconf 85' lang='lat' dir='ltr'><strong>et</strong></span> <span class='ocrx_word' id='word_1_418' title='bbox 3448 2052 3601 2107; x_wconf 71' lang='lat' dir='ltr'><strong>dabit</strong></span> 
     </span>
    </p>
   </div>
   <div class='ocr_carea' id='block_1_49' title="bbox 2020 2147 3600 2218">
    <p class='ocr_par' dir='ltr' id='par_1_49' title="bbox 2020 2147 3600 2218">
     <span class='ocr_line' id='line_1_49' title="bbox 2020 2147 3600 2218; baseline -0.006 -11"><span class='ocrx_word' id='word_1_419' title='bbox 2020 2153 2096 2207; x_wconf 88' lang='lat' dir='ltr'><strong>illi</strong></span> <span class='ocrx_word' id='word_1_420' title='bbox 2136 2152 2404 2208; x_wconf 90' lang='lat' dir='ltr'><strong>Dominus</strong></span> <span class='ocrx_word' id='word_1_421' title='bbox 2434 2152 2577 2207; x_wconf 87' lang='lat' dir='ltr'><strong>Deus</strong></span> <span class='ocrx_word' id='word_1_422' title='bbox 2609 2151 2794 2206; x_wconf 86' lang='lat' dir='ltr'><strong>sedem</strong></span> <span class='ocrx_word' id='word_1_423' title='bbox 2831 2148 2999 2204; x_wconf 85' lang='lat' dir='ltr'><strong>David</strong></span> <span class='ocrx_word' id='word_1_424' title='bbox 3034 2147 3212 2218; x_wconf 84' lang='lat' dir='ltr'><strong>patris</strong></span> <span class='ocrx_word' id='word_1_425' title='bbox 3245 2147 3388 2216; x_wconf 86' lang='lat' dir='ltr'><strong>ejus,</strong></span> <span class='ocrx_word' id='word_1_426' title='bbox 3425 2154 3479 2199; x_wconf 89' lang='lat' dir='ltr'><strong>et</strong></span> <span class='ocrx_word' id='word_1_427' title='bbox 3521 2160 3600 2198; x_wconf 89' lang='lat' dir='ltr'><strong>re-</strong></span> 
     </span>
    </p>
   </div>
   <div class='ocr_carea' id='block_1_50' title="bbox 2017 2235 3600 2313">
    <p class='ocr_par' dir='ltr' id='par_1_50' title="bbox 2017 2235 3600 2313">
     <span class='ocr_line' id='line_1_50' title="bbox 2017 2235 3600 2313; baseline -0.007 -15"><span class='ocrx_word' id='word_1_428' title='bbox 2017 2244 2210 2313; x_wconf 75' lang='lat' dir='ltr'><strong>gnabit</strong></span> <span class='ocrx_word' id='word_1_429' title='bbox 2242 2244 2296 2299; x_wconf 89' lang='lat' dir='ltr'><strong>in</strong></span> <span class='ocrx_word' id='word_1_430' title='bbox 2342 2242 2510 2298; x_wconf 88' lang='lat' dir='ltr'><strong>domo</strong></span> <span class='ocrx_word' id='word_1_431' title='bbox 2545 2241 2715 2298; x_wconf 75' lang='lat' dir='ltr'><strong>Jacob</strong></span> <span class='ocrx_word' id='word_1_432' title='bbox 2743 2242 2797 2295; x_wconf 90' lang='lat' dir='ltr'><strong>in</strong></span> <span class='ocrx_word' id='word_1_433' title='bbox 2852 2249 3140 2303; x_wconf 70' lang='lat' dir='ltr'><strong>aeternum,</strong></span> <span class='ocrx_word' id='word_1_434' title='bbox 3188 2247 3245 2293; x_wconf 90' lang='lat' dir='ltr'><strong>et</strong></span> <span class='ocrx_word' id='word_1_435' title='bbox 3298 2237 3447 2306; x_wconf 71' lang='lat' dir='ltr'><strong>regni</strong></span> <span class='ocrx_word' id='word_1_436' title='bbox 3478 2235 3600 2303; x_wconf 83' lang='lat' dir='ltr'><strong>ejus</strong></span> 
     </span>
    </p>
   </div>
   <div class='ocr_carea' id='block_1_51' title="bbox 2017 2326 3601 2400">
    <p class='ocr_par' dir='ltr' id='par_1_51' title="bbox 2017 2326 3601 2400">
     <span class='ocr_line' id='line_1_51' title="bbox 2017 2326 3601 2400; baseline -0.008 -11"><span class='ocrx_word' id='word_1_437' title='bbox 2017 2350 2127 2389; x_wconf 90' lang='lat' dir='ltr'><strong>non</strong></span> <span class='ocrx_word' id='word_1_438' title='bbox 2155 2336 2264 2390; x_wconf 88' lang='lat' dir='ltr'><strong>erit</strong></span> <span class='ocrx_word' id='word_1_439' title='bbox 2289 2335 2436 2389; x_wconf 86' lang='lat' dir='ltr'><strong>linis.</strong></span> <span class='ocrx_word' id='word_1_440' title='bbox 2469 2333 2536 2387; x_wconf 86' lang='lat' dir='ltr'><strong>Et</strong></span> <span class='ocrx_word' id='word_1_441' title='bbox 2569 2333 2649 2387; x_wconf 86' lang='lat' dir='ltr'><strong>ait</strong></span> <span class='ocrx_word' id='word_1_442' title='bbox 2682 2331 2852 2386; x_wconf 80' lang='lat' dir='ltr'><strong>Maria</strong></span> <span class='ocrx_word' id='word_1_443' title='bbox 2891 2330 2960 2385; x_wconf 87' lang='lat' dir='ltr'><strong>ad</strong></span> <span class='ocrx_word' id='word_1_444' title='bbox 2987 2331 3240 2400; x_wconf 78' lang='lat' dir='ltr'><strong>angelum</strong></span> <span class='ocrx_word' id='word_1_445' title='bbox 3269 2346 3283 2382; x_wconf 89' lang='lat'><strong>:</strong></span> <span class='ocrx_word' id='word_1_446' title='bbox 3314 2326 3601 2392; x_wconf 86' lang='lat' dir='ltr'><strong>Quomodo</strong></span> 
     </span>
    </p>
   </div>
   <div class='ocr_carea' id='block_1_52' title="bbox 2017 2418 3600 2497">
    <p class='ocr_par' dir='ltr' id='par_1_52' title="bbox 2017 2418 3600 2497">
     <span class='ocr_line' id='line_1_52' title="bbox 2017 2418 3600 2497; baseline -0.007 -16"><span class='ocrx_word' id='word_1_447' title='bbox 2017 2426 2125 2481; x_wconf 90' lang='lat' dir='ltr'><strong>erit</strong></span> <span class='ocrx_word' id='word_1_448' title='bbox 2151 2427 2286 2481; x_wconf 88' lang='lat' dir='ltr'><strong>mihi</strong></span> <span class='ocrx_word' id='word_1_449' title='bbox 2322 2426 2492 2493; x_wconf 82' lang='lat' dir='ltr'><strong>istud,</strong></span> <span class='ocrx_word' id='word_1_450' title='bbox 2528 2426 2790 2497; x_wconf 87' lang='lat' dir='ltr'><strong>quoniam</strong></span> <span class='ocrx_word' id='word_1_451' title='bbox 2821 2425 3000 2478; x_wconf 88' lang='lat' dir='ltr'><strong>virum</strong></span> <span class='ocrx_word' id='word_1_452' title='bbox 3034 2438 3141 2478; x_wconf 91' lang='lat' dir='ltr'><strong>non</strong></span> <span class='ocrx_word' id='word_1_453' title='bbox 3183 2420 3504 2493; x_wconf 78' lang='lat' dir='ltr'><strong>cognosco?</strong></span> <span class='ocrx_word' id='word_1_454' title='bbox 3536 2418 3600 2472; x_wconf 82' lang='lat' dir='ltr'><strong>Et</strong></span> 
     </span>
    </p>
   </div>
   <div class='ocr_carea' id='block_1_53' title="bbox 2017 2511 3601 2589">
    <p class='ocr_par' dir='ltr' id='par_1_53' title="bbox 2017 2511 3601 2589">
     <span class='ocr_line' id='line_1_53' title="bbox 2017 2511 3601 2589; baseline -0.008 -15"><span class='ocrx_word' id='word_1_455' title='bbox 2017 2521 2095 2574; x_wconf 86' lang='lat' dir='ltr'><strong>ait</strong></span> <span class='ocrx_word' id='word_1_456' title='bbox 2124 2519 2353 2589; x_wconf 81' lang='lat' dir='ltr'><strong>angelus</strong></span> <span class='ocrx_word' id='word_1_457' title='bbox 2383 2517 2451 2572; x_wconf 88' lang='lat' dir='ltr'><strong>ad</strong></span> <span class='ocrx_word' id='word_1_458' title='bbox 2504 2532 2624 2573; x_wconf 90' lang='lat' dir='ltr'><strong>eam</strong></span> <span class='ocrx_word' id='word_1_459' title='bbox 2661 2538 2674 2573; x_wconf 88' lang='lat'><strong>:</strong></span> <span class='ocrx_word' id='word_1_460' title='bbox 2710 2517 2953 2588; x_wconf 87' lang='lat' dir='ltr'><strong>Spiritus</strong></span> <span class='ocrx_word' id='word_1_461' title='bbox 2986 2522 3213 2571; x_wconf 89' lang='lat' dir='ltr'><strong>sanctus</strong></span> <span class='ocrx_word' id='word_1_462' title='bbox 3244 2511 3601 2581; x_wconf 87' lang='lat' dir='ltr'><strong>superveniet</strong></span> 
     </span>
    </p>
   </div>
   <div class='ocr_carea' id='block_1_54' title="bbox 2018 2604 3601 2678">
    <p class='ocr_par' dir='ltr' id='par_1_54' title="bbox 2018 2604 3601 2678">
     <span class='ocr_line' id='line_1_54' title="bbox 2018 2604 3601 2678; baseline -0.007 -12"><span class='ocrx_word' id='word_1_463' title='bbox 2018 2612 2077 2666; x_wconf 89' lang='lat' dir='ltr'><strong>in</strong></span> <span class='ocrx_word' id='word_1_464' title='bbox 2108 2621 2181 2678; x_wconf 90' lang='lat' dir='ltr'><strong>te,</strong></span> <span class='ocrx_word' id='word_1_465' title='bbox 2207 2622 2262 2667; x_wconf 90' lang='lat' dir='ltr'><strong>et</strong></span> <span class='ocrx_word' id='word_1_466' title='bbox 2288 2611 2465 2667; x_wconf 89' lang='lat' dir='ltr'><strong>virtus</strong></span> <span class='ocrx_word' id='word_1_467' title='bbox 2504 2610 2783 2665; x_wconf 80' lang='lat' dir='ltr'><strong>Altissimi</strong></span> <span class='ocrx_word' id='word_1_468' title='bbox 2816 2608 3173 2664; x_wconf 86' lang='lat' dir='ltr'><strong>obumbrabit</strong></span> <span class='ocrx_word' id='word_1_469' title='bbox 3213 2605 3312 2660; x_wconf 89' lang='lat' dir='ltr'><strong>tibi</strong></span> <span class='ocrx_word' id='word_1_470' title='bbox 3346 2622 3360 2659; x_wconf 88' lang='lat'><strong>:</strong></span> <span class='ocrx_word' id='word_1_471' title='bbox 3392 2613 3448 2659; x_wconf 91' lang='lat' dir='ltr'><strong>et</strong></span> <span class='ocrx_word' id='word_1_472' title='bbox 3480 2604 3601 2658; x_wconf 79' lang='lat' dir='ltr'><strong>ideo</strong></span> 
     </span>
    </p>
   </div>
   <div class='ocr_carea' id='block_1_55' title="bbox 2017 2694 3603 2776">
    <p class='ocr_par' dir='ltr' id='par_1_55' title="bbox 2017 2694 3603 2776">
     <span class='ocr_line' id='line_1_55' title="bbox 2017 2694 3603 2776; baseline -0.009 -17"><span class='ocrx_word' id='word_1_473' title='bbox 2017 2704 2165 2776; x_wconf 89' lang='lat' dir='ltr'><strong>quod</strong></span> <span class='ocrx_word' id='word_1_474' title='bbox 2197 2703 2408 2759; x_wconf 89' lang='lat' dir='ltr'><strong>orietur</strong></span> <span class='ocrx_word' id='word_1_475' title='bbox 2464 2700 2754 2765; x_wconf 88' lang='lat' dir='ltr'><strong>Sanctum,</strong></span> <span class='ocrx_word' id='word_1_476' title='bbox 2792 2700 3078 2755; x_wconf 83' lang='lat' dir='ltr'><strong>vocabitur</strong></span> <span class='ocrx_word' id='word_1_477' title='bbox 3118 2694 3289 2752; x_wconf 80' lang='lat' dir='ltr'><strong>Filius</strong></span> <span class='ocrx_word' id='word_1_478' title='bbox 3342 2695 3459 2749; x_wconf 91' lang='lat' dir='ltr'><strong>Dei.</strong></span> <span class='ocrx_word' id='word_1_479' title='bbox 3509 2694 3603 2746; x_wconf 82' lang='lat' dir='ltr'><strong>Ait</strong></span> 
     </span>
    </p>
   </div>
   <div class='ocr_carea' id='block_1_56' title="bbox 2016 2785 3599 2862">
    <p class='ocr_par' dir='ltr' id='par_1_56' title="bbox 2016 2785 3599 2862">
     <span class='ocr_line' id='line_1_56' title="bbox 2016 2785 3599 2862; baseline -0.008 -12"><span class='ocrx_word' id='word_1_480' title='bbox 2016 2804 2198 2850; x_wconf 83' lang='lat' dir='ltr'><strong>autem</strong></span> <span class='ocrx_word' id='word_1_481' title='bbox 2251 2792 2462 2848; x_wconf 84' lang='lat' dir='ltr'><strong>Maria:</strong></span> <span class='ocrx_word' id='word_1_482' title='bbox 2501 2790 2822 2862; x_wconf 73' lang='lat' dir='ltr'><strong>Magnificat</strong></span> <span class='ocrx_word' id='word_1_483' title='bbox 2857 2790 3042 2844; x_wconf 88' lang='lat' dir='ltr'><strong>anima</strong></span> <span class='ocrx_word' id='word_1_484' title='bbox 3090 2803 3212 2842; x_wconf 89' lang='lat' dir='ltr'><strong>mea</strong></span> <span class='ocrx_word' id='word_1_485' title='bbox 3264 2785 3599 2841; x_wconf 87' lang='lat' dir='ltr'><strong>Dominum:</strong></span> 
     </span>
    </p>
   </div>
   <div class='ocr_carea' id='block_1_57' title="bbox 2013 2872 3596 2953">
    <p class='ocr_par' dir='ltr' id='par_1_57' title="bbox 2013 2872 3596 2953">
     <span class='ocr_line' id='line_1_57' title="bbox 2013 2872 3596 2953; baseline -0.012 -11"><span class='ocrx_word' id='word_1_486' title='bbox 2013 2893 2068 2942; x_wconf 85' lang='lat' dir='ltr'><strong>et</strong></span> <span class='ocrx_word' id='word_1_487' title='bbox 2101 2884 2396 2940; x_wconf 78' lang='lat' dir='ltr'><strong>exsultavit</strong></span> <span class='ocrx_word' id='word_1_488' title='bbox 2427 2883 2656 2953; x_wconf 88' lang='lat' dir='ltr'><strong>spiritus</strong></span> <span class='ocrx_word' id='word_1_489' title='bbox 2682 2895 2839 2935; x_wconf 88' lang='lat' dir='ltr'><strong>meus</strong></span> <span class='ocrx_word' id='word_1_490' title='bbox 2870 2880 2924 2934; x_wconf 89' lang='lat' dir='ltr'><strong>in</strong></span> <span class='ocrx_word' id='word_1_491' title='bbox 2964 2879 3071 2933; x_wconf 89' lang='lat' dir='ltr'><strong>Deo</strong></span> <span class='ocrx_word' id='word_1_492' title='bbox 3102 2874 3331 2934; x_wconf 84' lang='lat' dir='ltr'><strong>salutari</strong></span> <span class='ocrx_word' id='word_1_493' title='bbox 3361 2888 3484 2929; x_wconf 91' lang='lat' dir='ltr'><strong>meo</strong></span> <span class='ocrx_word' id='word_1_494' title='bbox 3512 2872 3596 2925; x_wconf 71' lang='grc' dir='ltr'><strong>δ.»</strong></span> 
     </span>
    </p>
   </div>
   <div class='ocr_carea' id='block_1_58' title="bbox 317 2963 3603 3047">
    <p class='ocr_par' dir='ltr' id='par_1_58' title="bbox 317 2963 3603 3047">
     <span class='ocr_line' id='line_1_58' title="bbox 317 2963 3603 3047; baseline 0 -32"><span class='ocrx_word' id='word_1_495' title='bbox 317 2963 446 3017; x_wconf 67' lang='grc' dir='ltr'>ἐπεὶ</span> <span class='ocrx_word' id='word_1_496' title='bbox 471 2964 643 3037; x_wconf 78' lang='grc' dir='ltr'>ἄνδρα</span> <span class='ocrx_word' id='word_1_497' title='bbox 673 2968 735 3020; x_wconf 79' lang='grc' dir='ltr'><strong>ού</strong></span> <span class='ocrx_word' id='word_1_498' title='bbox 763 2967 1054 3037; x_wconf 87' lang='grc' dir='ltr'>γινώσκω;</span> <span class='ocrx_word' id='word_1_499' title='bbox 1087 2972 1198 3024; x_wconf 72' lang='grc' dir='ltr'>Καὶ</span> <span class='ocrx_word' id='word_1_500' title='bbox 1225 2965 1381 3025; x_wconf 74' lang='grc' dir='ltr'>εἶπεν</span> <span class='ocrx_word' id='word_1_501' title='bbox 1418 2974 1446 3025; x_wconf 91' lang='lat'><strong>6</strong></span> <span class='ocrx_word' id='word_1_502' title='bbox 1477 2974 1710 3041; x_wconf 78' lang='grc' dir='ltr'>ἄγγελος</span> <span class='ocrx_word' id='word_1_503' title='bbox 1742 2976 1880 3046; x_wconf 81' lang='grc' dir='ltr'>πρὸς</span> <span class='ocrx_word' id='word_1_504' title='bbox 1918 2976 2111 3047; x_wconf 78' lang='grc' dir='ltr'>αὐτήν.</span> <span class='ocrx_word' id='word_1_505' title='bbox 2160 2974 2385 3045; x_wconf 80' lang='grc' dir='ltr'>Πνεῦμα</span> <span class='ocrx_word' id='word_1_506' title='bbox 2416 2975 2572 3042; x_wconf 74' lang='grc' dir='ltr'>ἅγιον</span> <span class='ocrx_word' id='word_1_507' title='bbox 2605 2971 2961 3026; x_wconf 74' lang='grc' dir='ltr'>ἐπελεύσεται</span> <span class='ocrx_word' id='word_1_508' title='bbox 3004 2970 3098 3021; x_wconf 77' lang='grc' dir='ltr'>ἐπὶ</span> <span class='ocrx_word' id='word_1_509' title='bbox 3137 2969 3215 3031; x_wconf 86' lang='grc' dir='ltr'><strong>σὲ,</strong></span> <span class='ocrx_word' id='word_1_510' title='bbox 3244 2965 3340 3020; x_wconf 82' lang='grc' dir='ltr'>καὶ</span> <span class='ocrx_word' id='word_1_511' title='bbox 3368 2965 3603 3031; x_wconf 84' lang='grc' dir='ltr'>δύναμις</span> 
     </span>
    </p>
   </div>
   <div class='ocr_carea' id='block_1_59' title="bbox 332 3056 3599 3137">
    <p class='ocr_par' dir='ltr' id='par_1_59' title="bbox 332 3056 3599 3137">
     <span class='ocr_line' id='line_1_59' title="bbox 332 3056 3599 3137; baseline 0.001 -27"><span class='ocrx_word' id='word_1_512' title='bbox 332 3056 594 3126; x_wconf 67' lang='grc' dir='ltr'>Ὑψίστου</span> <span class='ocrx_word' id='word_1_513' title='bbox 653 3060 967 3113; x_wconf 76' lang='grc' dir='ltr'>ἐπισκιάσει</span> <span class='ocrx_word' id='word_1_514' title='bbox 1038 3078 1121 3115; x_wconf 87' lang='grc' dir='ltr'><strong>σοι</strong></span> <span class='ocrx_word' id='word_1_515' title='bbox 1159 3077 1173 3091; x_wconf 87' lang='grc'><strong>·</strong></span> <span class='ocrx_word' id='word_1_516' title='bbox 1230 3062 1309 3115; x_wconf 81' lang='grc' dir='ltr'><strong>διὸ</strong></span> <span class='ocrx_word' id='word_1_517' title='bbox 1376 3065 1471 3117; x_wconf 82' lang='grc' dir='ltr'>καὶ</span> <span class='ocrx_word' id='word_1_518' title='bbox 1531 3066 1592 3117; x_wconf 83' lang='grc' dir='ltr'><strong>τὸ</strong></span> <span class='ocrx_word' id='word_1_519' title='bbox 1621 3066 1914 3137; x_wconf 86' lang='grc' dir='ltr'>γενόμενον</span> <span class='ocrx_word' id='word_1_520' title='bbox 1973 3068 2166 3137; x_wconf 72' lang='grc' dir='ltr'>’Ἃγιον</span> <span class='ocrx_word' id='word_1_521' title='bbox 2233 3066 2566 3137; x_wconf 83' lang='grc' dir='ltr'>κληθήσεται</span> <span class='ocrx_word' id='word_1_522' title='bbox 2612 3064 2743 3127; x_wconf 77' lang='grc' dir='ltr'>Υἱὸς</span> <span class='ocrx_word' id='word_1_523' title='bbox 2784 3061 2944 3118; x_wconf 87' lang='grc' dir='ltr'>Θεοῦ.</span> <span class='ocrx_word' id='word_1_524' title='bbox 2997 3062 3109 3116; x_wconf 69' lang='grc' dir='ltr'><strong>Καὶ</strong></span> <span class='ocrx_word' id='word_1_525' title='bbox 3155 3057 3280 3113; x_wconf 75' lang='grc' dir='ltr'>εἷπε</span> <span class='ocrx_word' id='word_1_526' title='bbox 3329 3058 3599 3127; x_wconf 78' lang='grc' dir='ltr'>Μαριάμ⁶</span> 
     </span>
    </p>
   </div>
   <div class='ocr_carea' id='block_1_60' title="bbox 318 3152 3390 3230">
    <p class='ocr_par' dir='ltr' id='par_1_60' title="bbox 318 3152 3390 3230">
     <span class='ocr_line' id='line_1_60' title="bbox 318 3152 3390 3230; baseline 0.003 -25"><span class='ocrx_word' id='word_1_527' title='bbox 318 3152 632 3221; x_wconf 77' lang='grc' dir='ltr'>Μεγαλύνει</span> <span class='ocrx_word' id='word_1_528' title='bbox 671 3153 706 3224; x_wconf 84' lang='grc' dir='ltr'><strong>ή</strong></span> <span class='ocrx_word' id='word_1_529' title='bbox 737 3152 883 3225; x_wconf 76' lang='grc' dir='ltr'>ψυχή</span> <span class='ocrx_word' id='word_1_530' title='bbox 935 3171 1037 3224; x_wconf 87' lang='grc' dir='ltr'><strong>μου</strong></span> <span class='ocrx_word' id='word_1_531' title='bbox 1070 3155 1164 3208; x_wconf 82' lang='grc' dir='ltr'><strong>τὸν</strong></span> <span class='ocrx_word' id='word_1_532' title='bbox 1230 3154 1455 3226; x_wconf 81' lang='grc' dir='ltr'>Κύριον,</span> <span class='ocrx_word' id='word_1_533' title='bbox 1482 3225 1485 3227; x_wconf 92' lang='lat'>_</span> <span class='ocrx_word' id='word_1_534' title='bbox 1515 3158 1609 3211; x_wconf 72' lang='grc' dir='ltr'><strong>καὶ</strong></span> <span class='ocrx_word' id='word_1_535' title='bbox 1642 3160 1941 3229; x_wconf 80' lang='grc' dir='ltr'>ἡγαλλίασε</span> <span class='ocrx_word' id='word_1_536' title='bbox 1981 3161 2042 3215; x_wconf 75' lang='grc' dir='ltr'><strong>τὸ</strong></span> <span class='ocrx_word' id='word_1_537' title='bbox 2081 3158 2307 3228; x_wconf 73' lang='grc' dir='ltr'>Πνεῦμα</span> <span class='ocrx_word' id='word_1_538' title='bbox 2341 3177 2440 3230; x_wconf 88' lang='grc' dir='ltr'><strong>μου</strong></span> <span class='ocrx_word' id='word_1_539' title='bbox 2472 3159 2565 3212; x_wconf 73' lang='grc' dir='ltr'><strong>ἐπὶ</strong></span> <span class='ocrx_word' id='word_1_540' title='bbox 2594 3157 2673 3228; x_wconf 82' lang='grc' dir='ltr'>τῷ</span> <span class='ocrx_word' id='word_1_541' title='bbox 2700 3153 2820 3225; x_wconf 84' lang='grc' dir='ltr'>Θεῷ</span> <span class='ocrx_word' id='word_1_542' title='bbox 2843 3152 2922 3225; x_wconf 79' lang='grc' dir='ltr'>τῷ</span> <span class='ocrx_word' id='word_1_543' title='bbox 2952 3152 3166 3224; x_wconf 76' lang='grc' dir='ltr'>Σωτῆρι</span> <span class='ocrx_word' id='word_1_544' title='bbox 3203 3167 3329 3223; x_wconf 78' lang='grc' dir='ltr'>μου.</span> <span class='ocrx_word' id='word_1_545' title='bbox 3371 3169 3390 3202; x_wconf 73' lang='grc'><strong><em>⁸</em></strong></span> 
     </span>
    </p>
   </div>
   <div class='ocr_carea' id='block_1_61' title="bbox 382 3269 1913 3346">
    <p class='ocr_par' dir='ltr' id='par_1_61' title="bbox 382 3269 1910 3346">
     <span class='ocr_line' id='line_1_61' title="bbox 382 3269 1910 3346; baseline 0.005 -23"><span class='ocrx_word' id='word_1_546' title='bbox 382 3270 506 3324; x_wconf 73' lang='grc' dir='ltr'>Καὶ</span> <span class='ocrx_word' id='word_1_547' title='bbox 537 3269 621 3332; x_wconf 85' lang='grc' dir='ltr'><strong>τίς</strong></span> <span class='ocrx_word' id='word_1_548' title='bbox 655 3270 756 3323; x_wconf 74' lang='grc' dir='ltr'><strong>οὐκ</strong></span> <span class='ocrx_word' id='word_1_549' title='bbox 789 3269 855 3324; x_wconf 83' lang='grc' dir='ltr'><strong>ἂν</strong></span> <span class='ocrx_word' id='word_1_550' title='bbox 899 3270 1170 3339; x_wconf 80' lang='grc' dir='ltr'>ἀγάσαιτο</span> <span class='ocrx_word' id='word_1_551' title='bbox 1212 3273 1311 3343; x_wconf 86' lang='grc' dir='ltr'>τὴν</span> <span class='ocrx_word' id='word_1_552' title='bbox 1355 3276 1437 3338; x_wconf 80' lang='grc' dir='ltr'><strong>εἰς</strong></span> <span class='ocrx_word' id='word_1_553' title='bbox 1478 3275 1736 3330; x_wconf 83' lang='grc' dir='ltr'>τοσοῦτον</span> <span class='ocrx_word' id='word_1_554' title='bbox 1778 3276 1910 3346; x_wconf 71' lang='grc' dir='ltr'>ὕψος</span> 
     </span>
    </p>
   </div>
   <div class='ocr_carea' id='block_1_62' title="bbox 2016 3269 3601 3346">
    <p class='ocr_par' dir='ltr' id='par_1_62' title="bbox 2086 3269 3601 3346">
     <span class='ocr_line' id='line_1_62' title="bbox 2086 3269 3601 3346; baseline -0.007 -14"><span class='ocrx_word' id='word_1_555' title='bbox 2086 3278 2222 3346; x_wconf 86' lang='lat' dir='ltr'><strong>Quis</strong></span> <span class='ocrx_word' id='word_1_556' title='bbox 2257 3293 2393 3332; x_wconf 90' lang='lat' dir='ltr'><strong>vero</strong></span> <span class='ocrx_word' id='word_1_557' title='bbox 2427 3292 2536 3331; x_wconf 89' lang='lat' dir='ltr'><strong>non</strong></span> <span class='ocrx_word' id='word_1_558' title='bbox 2598 3274 2838 3329; x_wconf 89' lang='lat' dir='ltr'><strong>miretur</strong></span> <span class='ocrx_word' id='word_1_559' title='bbox 2887 3288 2952 3328; x_wconf 91' lang='lat' dir='ltr'><strong>eo</strong></span> <span class='ocrx_word' id='word_1_560' title='bbox 3006 3269 3358 3327; x_wconf 85' lang='lat' dir='ltr'><strong>celsitudinis</strong></span> <span class='ocrx_word' id='word_1_561' title='bbox 3396 3282 3601 3338; x_wconf 85' lang='lat' dir='ltr'><strong>prove-</strong></span> 
     </span>
    </p>
   </div>
   <div class='ocr_carea' id='block_1_63' title="bbox 313 3362 1912 3440">
    <p class='ocr_par' dir='ltr' id='par_1_63' title="bbox 313 3362 1912 3440">
     <span class='ocr_line' id='line_1_63' title="bbox 313 3362 1912 3440; baseline 0.005 -25"><span class='ocrx_word' id='word_1_562' title='bbox 313 3362 609 3432; x_wconf 82' lang='grc' dir='ltr'>ἀρθεῖσαν,</span> <span class='ocrx_word' id='word_1_563' title='bbox 635 3362 712 3425; x_wconf 83' lang='grc' dir='ltr'>ὡς</span> <span class='ocrx_word' id='word_1_564' title='bbox 736 3364 833 3416; x_wconf 72' lang='grc' dir='ltr'><strong>καὶ</strong></span> <span class='ocrx_word' id='word_1_565' title='bbox 866 3364 1100 3435; x_wconf 82' lang='grc' dir='ltr'>Μητέρα</span> <span class='ocrx_word' id='word_1_566' title='bbox 1130 3365 1389 3433; x_wconf 85' lang='grc' dir='ltr'>γενέσθαι</span> <span class='ocrx_word' id='word_1_567' title='bbox 1430 3367 1564 3421; x_wconf 89' lang='grc' dir='ltr'>Θεοῦ</span> <span class='ocrx_word' id='word_1_568' title='bbox 1591 3382 1605 3397; x_wconf 86' lang='grc'><strong>·</strong></span> <span class='ocrx_word' id='word_1_569' title='bbox 1639 3369 1703 3422; x_wconf 86' lang='grc' dir='ltr'><strong>τὸ</strong></span> <span class='ocrx_word' id='word_1_570' title='bbox 1730 3387 1912 3440; x_wconf 83' lang='grc' dir='ltr'>παρα·</span> 
     </span>
    </p>
   </div>
   <div class='ocr_carea' id='block_1_64' title="bbox 312 3454 1915 3531">
    <p class='ocr_par' dir='ltr' id='par_1_64' title="bbox 312 3454 1915 3531">
     <span class='ocr_line' id='line_1_64' title="bbox 312 3454 1915 3531; baseline 0.006 -24"><span class='ocrx_word' id='word_1_571' title='bbox 312 3455 612 3522; x_wconf 58' lang='grc' dir='ltr'>ὼξὸτατον</span> <span class='ocrx_word' id='word_1_572' title='bbox 632 3454 802 3520; x_wconf 70' lang='grc' dir='ltr'>ὅντως</span> <span class='ocrx_word' id='word_1_573' title='bbox 832 3458 928 3509; x_wconf 73' lang='grc' dir='ltr'>καὶ</span> <span class='ocrx_word' id='word_1_574' title='bbox 981 3459 1215 3529; x_wconf 79' lang='grc' dir='ltr'>πρᾶγμα</span> <span class='ocrx_word' id='word_1_575' title='bbox 1241 3463 1338 3512; x_wconf 75' lang='grc' dir='ltr'>καὶ</span> <span class='ocrx_word' id='word_1_576' title='bbox 1373 3459 1627 3531; x_wconf 80' lang='grc' dir='ltr'>ἄκουσμα</span> <span class='ocrx_word' id='word_1_577' title='bbox 1649 3480 1664 3525; x_wconf 93' lang='grc'><strong>;</strong></span> <span class='ocrx_word' id='word_1_578' title='bbox 1691 3464 1802 3515; x_wconf 83' lang='grc' dir='ltr'><strong>Καί</strong></span> <span class='ocrx_word' id='word_1_579' title='bbox 1825 3481 1915 3531; x_wconf 92' lang='grc' dir='ltr'><strong>μοι</strong></span> 
     </span>
    </p>
   </div>
   <div class='ocr_carea' id='block_1_65' title="bbox 313 3545 1917 3624">
    <p class='ocr_par' dir='ltr' id='par_1_65' title="bbox 313 3545 1917 3624">
     <span class='ocr_line' id='line_1_65' title="bbox 313 3545 1917 3624; baseline 0.005 -26"><span class='ocrx_word' id='word_1_580' title='bbox 313 3545 667 3611; x_wconf 80' lang='grc' dir='ltr'>πεισθέντες,</span> <span class='ocrx_word' id='word_1_581' title='bbox 716 3545 806 3599; x_wconf 80' lang='grc' dir='ltr'><strong>ἐπ’</strong></span> <span class='ocrx_word' id='word_1_582' title='bbox 859 3548 1029 3618; x_wconf 78' lang='grc' dir='ltr'>αὐτὴν</span> <span class='ocrx_word' id='word_1_583' title='bbox 1090 3550 1497 3622; x_wconf 77' lang='grc' dir='ltr'>ἀναδράμωμεν</span> <span class='ocrx_word' id='word_1_584' title='bbox 1567 3553 1667 3623; x_wconf 85' lang='grc' dir='ltr'>τῆς</span> <span class='ocrx_word' id='word_1_585' title='bbox 1720 3555 1917 3624; x_wconf 84' lang='grc' dir='ltr'>ἑορτῆς</span> 
     </span>
    </p>
   </div>
   <div class='ocr_carea' id='block_1_66' title="bbox 312 3638 1913 3714">
    <p class='ocr_par' dir='ltr' id='par_1_66' title="bbox 312 3638 1913 3714">
     <span class='ocr_line' id='line_1_66' title="bbox 312 3638 1913 3714; baseline 0.004 -24"><span class='ocrx_word' id='word_1_586' title='bbox 312 3638 421 3707; x_wconf 78' lang='grc' dir='ltr'>τὴν</span> <span class='ocrx_word' id='word_1_587' title='bbox 471 3638 833 3709; x_wconf 80' lang='grc' dir='ltr'>ὲξάρχουσαν,</span> <span class='ocrx_word' id='word_1_588' title='bbox 895 3639 962 3692; x_wconf 78' lang='grc' dir='ltr'>ἵν’</span> <span class='ocrx_word' id='word_1_589' title='bbox 1010 3640 1135 3692; x_wconf 87' lang='grc' dir='ltr'>ὅθεν</span> <span class='ocrx_word' id='word_1_590' title='bbox 1174 3642 1202 3695; x_wconf 89' lang='lat'><strong>6</strong></span> <span class='ocrx_word' id='word_1_591' title='bbox 1247 3641 1404 3710; x_wconf 87' lang='grc' dir='ltr'>λόγος</span> <span class='ocrx_word' id='word_1_592' title='bbox 1441 3644 1636 3714; x_wconf 74' lang='grc' dir='ltr'>μικρὸν</span> <span class='ocrx_word' id='word_1_593' title='bbox 1679 3644 1913 3709; x_wconf 75' lang='grc' dir='ltr'>ἀποϐὰς,</span> 
     </span>
    </p>
   </div>
   <div class='ocr_carea' id='block_1_67' title="bbox 312 3726 1915 3804">
    <p class='ocr_par' dir='ltr' id='par_1_67' title="bbox 312 3726 1915 3804">
     <span class='ocr_line' id='line_1_67' title="bbox 312 3726 1915 3804; baseline 0.006 -26"><span class='ocrx_word' id='word_1_594' title='bbox 312 3726 674 3798; x_wconf 79' lang='grc' dir='ltr'>ἐπαναζεύξῃ</span> <span class='ocrx_word' id='word_1_595' title='bbox 734 3727 919 3782; x_wconf 82' lang='grc' dir='ltr'>πάλιν.</span> <span class='ocrx_word' id='word_1_596' title='bbox 963 3728 1101 3801; x_wconf 82' lang='grc' dir='ltr'>Φέρε</span> <span class='ocrx_word' id='word_1_597' title='bbox 1152 3731 1355 3795; x_wconf 84' lang='grc' dir='ltr'>τοίνυν,</span> <span class='ocrx_word' id='word_1_598' title='bbox 1406 3731 1515 3785; x_wconf 84' lang='grc' dir='ltr'><strong>τῶν</strong></span> <span class='ocrx_word' id='word_1_599' title='bbox 1558 3732 1659 3801; x_wconf 76' lang='grc' dir='ltr'>τῆς</span> <span class='ocrx_word' id='word_1_600' title='bbox 1703 3734 1915 3804; x_wconf 79' lang='grc' dir='ltr'>ἡμέρας</span> 
     </span>
    </p>
   </div>
   <div class='ocr_carea' id='block_1_68' title="bbox 313 3818 1917 3896">
    <p class='ocr_par' dir='ltr' id='par_1_68' title="bbox 313 3818 1917 3896">
     <span class='ocr_line' id='line_1_68' title="bbox 313 3818 1917 3896; baseline 0.005 -25"><span class='ocrx_word' id='word_1_601' title='bbox 313 3818 615 3888; x_wconf 80' lang='grc' dir='ltr'>ὑμνῳδιῶν</span> <span class='ocrx_word' id='word_1_602' title='bbox 641 3819 1040 3890; x_wconf 82' lang='grc' dir='ltr'>ὲφαπτώμεθα,</span> <span class='ocrx_word' id='word_1_603' title='bbox 1071 3822 1165 3875; x_wconf 71' lang='grc' dir='ltr'><strong>καὶ</strong></span> <span class='ocrx_word' id='word_1_604' title='bbox 1201 3824 1375 3894; x_wconf 86' lang='grc' dir='ltr'>μικρά</span> <span class='ocrx_word' id='word_1_605' title='bbox 1420 3826 1532 3888; x_wconf 88' lang='grc' dir='ltr'>τοῖς</span> <span class='ocrx_word' id='word_1_606' title='bbox 1564 3826 1917 3896; x_wconf 85' lang='grc' dir='ltr'>συνειλεγμέ-</span> 
     </span>
    </p>
   </div>
   <div class='ocr_carea' id='block_1_69' title="bbox 312 3913 1914 3993">
    <p class='ocr_par' dir='ltr' id='par_1_69' title="bbox 312 3913 1914 3993">
     <span class='ocr_line' id='line_1_69' title="bbox 312 3913 1914 3993; baseline 0.005 -29"><span class='ocrx_word' id='word_1_607' title='bbox 312 3930 437 3976; x_wconf 85' lang='grc' dir='ltr'>νοις</span> <span class='ocrx_word' id='word_1_608' title='bbox 480 3913 1020 3993; x_wconf 78' lang='grc' dir='ltr'>προσδιαλεχθέντες,</span> <span class='ocrx_word' id='word_1_609' title='bbox 1055 3914 1155 3987; x_wconf 79' lang='grc' dir='ltr'>τὴν</span> <span class='ocrx_word' id='word_1_610' title='bbox 1195 3914 1376 3986; x_wconf 84' lang='grc' dir='ltr'>ὁρμὴν</span> <span class='ocrx_word' id='word_1_611' title='bbox 1402 3916 1496 3969; x_wconf 89' lang='grc' dir='ltr'><strong>τοῦ</strong></span> <span class='ocrx_word' id='word_1_612' title='bbox 1540 3916 1702 3985; x_wconf 84' lang='grc' dir='ltr'>λόγου</span> <span class='ocrx_word' id='word_1_613' title='bbox 1729 3917 1914 3972; x_wconf 79' lang='grc' dir='ltr'>διανα-</span> 
     </span>
    </p>
   </div>
   <div class='ocr_carea' id='block_1_70' title="bbox 313 4003 1914 4078">
    <p class='ocr_par' dir='ltr' id='par_1_70' title="bbox 313 4003 1914 4078">
     <span class='ocr_line' id='line_1_70' title="bbox 313 4003 1914 4078; baseline 0.004 -24"><span class='ocrx_word' id='word_1_614' title='bbox 313 4003 650 4073; x_wconf 80' lang='grc' dir='ltr'>παύσωμεν.</span> <span class='ocrx_word' id='word_1_615' title='bbox 697 4004 896 4058; x_wconf 87' lang='grc' dir='ltr'>Ἐδεῖτο</span> <span class='ocrx_word' id='word_1_616' title='bbox 942 4005 1232 4076; x_wconf 83' lang='grc' dir='ltr'>τοιγαροῦν</span> <span class='ocrx_word' id='word_1_617' title='bbox 1274 4009 1304 4077; x_wconf 83' lang='grc' dir='ltr'>ἡ</span> <span class='ocrx_word' id='word_1_618' title='bbox 1337 4006 1446 4059; x_wconf 85' lang='grc' dir='ltr'><strong>τῶν</strong></span> <span class='ocrx_word' id='word_1_619' title='bbox 1475 4007 1779 4078; x_wconf 83' lang='grc' dir='ltr'>ἀνθρώπων</span> <span class='ocrx_word' id='word_1_620' title='bbox 1811 4009 1914 4077; x_wconf 80' lang='grc' dir='ltr'>φύ-</span> 
     </span>
    </p>
   </div>
   <div class='ocr_carea' id='block_1_71' title="bbox 314 4094 1913 4168">
    <p class='ocr_par' dir='ltr' id='par_1_71' title="bbox 314 4094 1913 4168">
     <span class='ocr_line' id='line_1_71' title="bbox 314 4094 1913 4168; baseline 0.005 -22"><span class='ocrx_word' id='word_1_621' title='bbox 314 4112 403 4158; x_wconf 89' lang='grc' dir='ltr'><strong>σις</strong></span> <span class='ocrx_word' id='word_1_622' title='bbox 443 4094 522 4165; x_wconf 84' lang='grc' dir='ltr'>τῷ</span> <span class='ocrx_word' id='word_1_623' title='bbox 545 4094 781 4166; x_wconf 82' lang='grc' dir='ltr'>πατρῴῳ</span> <span class='ocrx_word' id='word_1_624' title='bbox 809 4097 1248 4168; x_wconf 83' lang='grc' dir='ltr'>προολισθήματι</span> <span class='ocrx_word' id='word_1_625' title='bbox 1277 4098 1649 4168; x_wconf 77' lang='grc' dir='ltr'>συντριϐεῖσα,</span> <span class='ocrx_word' id='word_1_626' title='bbox 1682 4099 1776 4154; x_wconf 88' lang='grc' dir='ltr'><strong>τοῦ</strong></span> <span class='ocrx_word' id='word_1_627' title='bbox 1802 4100 1913 4154; x_wconf 88' lang='grc' dir='ltr'>δια-</span> 
     </span>
    </p>
   </div>
   <div class='ocr_carea' id='block_1_72' title="bbox 313 4189 1911 4266">
    <p class='ocr_par' dir='ltr' id='par_1_72' title="bbox 313 4189 1911 4266">
     <span class='ocr_line' id='line_1_72' title="bbox 313 4189 1911 4266; baseline 0.004 -25"><span class='ocrx_word' id='word_1_628' title='bbox 313 4189 636 4254; x_wconf 86' lang='grc' dir='ltr'>πλάσαντος</span> <span class='ocrx_word' id='word_1_629' title='bbox 678 4190 711 4262; x_wconf 85' lang='grc' dir='ltr'><strong>ῆ</strong></span> <span class='ocrx_word' id='word_1_630' title='bbox 773 4190 1182 4264; x_wconf 83' lang='grc' dir='ltr'>ἀνορθώσαντος</span> <span class='ocrx_word' id='word_1_631' title='bbox 1239 4194 1278 4223; x_wconf 84' lang='lat'>”</span> <span class='ocrx_word' id='word_1_632' title='bbox 1308 4209 1320 4222; x_wconf 89' lang='grc'><strong>·</strong></span> <span class='ocrx_word' id='word_1_633' title='bbox 1368 4193 1464 4245; x_wconf 75' lang='grc' dir='ltr'><strong>καὶ</strong></span> <span class='ocrx_word' id='word_1_634' title='bbox 1514 4198 1665 4266; x_wconf 84' lang='grc' dir='ltr'>φωνῇ</span> <span class='ocrx_word' id='word_1_635' title='bbox 1704 4194 1911 4266; x_wconf 84' lang='grc' dir='ltr'>σιγώσῃ</span> 
     </span>
    </p>
   </div>
   <div class='ocr_carea' id='block_1_73' title="bbox 314 4284 1909 4358">
    <p class='ocr_par' dir='ltr' id='par_1_73' title="bbox 314 4284 1909 4358">
     <span class='ocr_line' id='line_1_73' title="bbox 314 4284 1909 4358; baseline 0.003 -22"><span class='ocrx_word' id='word_1_636' title='bbox 314 4284 477 4353; x_wconf 80' lang='grc' dir='ltr'>μέγα</span> <span class='ocrx_word' id='word_1_637' title='bbox 507 4284 645 4354; x_wconf 86' lang='grc' dir='ltr'>πρὸς</span> <span class='ocrx_word' id='word_1_638' title='bbox 699 4284 790 4337; x_wconf 84' lang='grc' dir='ltr'><strong>τὸν</strong></span> <span class='ocrx_word' id='word_1_639' title='bbox 848 4284 1092 4352; x_wconf 84' lang='grc' dir='ltr'>Κτίστην</span> <span class='ocrx_word' id='word_1_640' title='bbox 1153 4284 1323 4338; x_wconf 74' lang='grc' dir='ltr'>ἐϐόα·</span> <span class='ocrx_word' id='word_1_641' title='bbox 1364 4303 1383 4336; x_wconf 81' lang='grc' dir='ltr'><strong>ι</strong></span> <span class='ocrx_word' id='word_1_642' title='bbox 1433 4285 1553 4351; x_wconf 66' lang='grc' dir='ltr'>ζΊνα</span> <span class='ocrx_word' id='word_1_643' title='bbox 1595 4285 1669 4349; x_wconf 89' lang='grc' dir='ltr'><strong>τί,</strong></span> <span class='ocrx_word' id='word_1_644' title='bbox 1716 4286 1909 4358; x_wconf 83' lang='grc' dir='ltr'>Κύριε,</span> 
     </span>
    </p>
   </div>
   <div class='ocr_carea' id='block_1_74' title="bbox 311 4373 1911 4448">
    <p class='ocr_par' dir='ltr' id='par_1_74' title="bbox 311 4373 1911 4448">
     <span class='ocr_line' id='line_1_74' title="bbox 311 4373 1911 4448; baseline 0.002 -22"><span class='ocrx_word' id='word_1_645' title='bbox 311 4374 649 4444; x_wconf 77' lang='grc' dir='ltr'>ἀφέστηκας</span> <span class='ocrx_word' id='word_1_646' title='bbox 704 4374 1017 4445; x_wconf 86' lang='grc' dir='ltr'>μακρόΟεν;</span> <span class='ocrx_word' id='word_1_647' title='bbox 1066 4394 1085 4427; x_wconf 71' lang='grc' dir='ltr'><strong>ι</strong></span> <span class='ocrx_word' id='word_1_648' title='bbox 1129 4373 1502 4448; x_wconf 84' lang='grc' dir='ltr'>Γεγονὼτερον</span> <span class='ocrx_word' id='word_1_649' title='bbox 1563 4375 1619 4430; x_wconf 85' lang='grc' dir='ltr'>δὲ</span> <span class='ocrx_word' id='word_1_650' title='bbox 1663 4376 1750 4429; x_wconf 79' lang='grc' dir='ltr'>διὰ</span> <span class='ocrx_word' id='word_1_651' title='bbox 1802 4377 1911 4429; x_wconf 81' lang='grc' dir='ltr'><strong>τῶν</strong></span> 
     </span>
    </p>
   </div>
   <div class='ocr_carea' id='block_1_75' title="bbox 312 4461 1909 4543">
    <p class='ocr_par' dir='ltr' id='par_1_75' title="bbox 312 4461 1909 4543">
     <span class='ocr_line' id='line_1_75' title="bbox 312 4461 1909 4543; baseline 0.001 -23"><span class='ocrx_word' id='word_1_652' title='bbox 312 4466 628 4537; x_wconf 79' lang='grc' dir='ltr'>προφητῶν</span> <span class='ocrx_word' id='word_1_653' title='bbox 656 4467 960 4539; x_wconf 84' lang='grc' dir='ltr'>ὀδυρτικῶς</span> <span class='ocrx_word' id='word_1_654' title='bbox 980 4461 1269 4521; x_wconf 77' lang='grc' dir='ltr'>ἐποτνιᾶτο</span> <span class='ocrx_word' id='word_1_655' title='bbox 1286 4482 1300 4505; x_wconf 78' lang='grc'><strong>·</strong></span> <span class='ocrx_word' id='word_1_656' title='bbox 1323 4487 1341 4543; x_wconf 81' lang='lat' dir='ltr'><strong>t</strong></span> <span class='ocrx_word' id='word_1_657' title='bbox 1366 4467 1473 4520; x_wconf 90' lang='grc' dir='ltr'>Ποῦ</span> <span class='ocrx_word' id='word_1_658' title='bbox 1497 4469 1625 4534; x_wconf 86' lang='grc' dir='ltr'>εἱσι,</span> <span class='ocrx_word' id='word_1_659' title='bbox 1651 4466 1909 4537; x_wconf 83' lang='grc' dir='ltr'>λέγουσα,</span> 
     </span>
    </p>
   </div>
   <div class='ocr_carea' id='block_1_76' title="bbox 307 4556 1911 4631">
    <p class='ocr_par' dir='ltr' id='par_1_76' title="bbox 307 4556 1911 4631">
     <span class='ocr_line' id='line_1_76' title="bbox 307 4556 1911 4631; baseline -0.001 -16"><span class='ocrx_word' id='word_1_660' title='bbox 307 4560 382 4615; x_wconf 70' lang='grc' dir='ltr'>τὰ</span> <span class='ocrx_word' id='word_1_661' title='bbox 408 4558 539 4629; x_wconf 79' lang='grc' dir='ltr'>έλέη</span> <span class='ocrx_word' id='word_1_662' title='bbox 571 4575 664 4611; x_wconf 87' lang='grc' dir='ltr'><strong>σου</strong></span> <span class='ocrx_word' id='word_1_663' title='bbox 694 4560 762 4613; x_wconf 84' lang='grc' dir='ltr'>τὰ</span> <span class='ocrx_word' id='word_1_664' title='bbox 788 4560 1018 4629; x_wconf 86' lang='grc' dir='ltr'>ἀρχαῖα,</span> <span class='ocrx_word' id='word_1_665' title='bbox 1068 4559 1263 4631; x_wconf 82' lang='grc' dir='ltr'>Κύριε,</span> <span class='ocrx_word' id='word_1_666' title='bbox 1307 4557 1343 4613; x_wconf 78' lang='grc' dir='ltr'>ει</span> <span class='ocrx_word' id='word_1_667' title='bbox 1375 4558 1600 4631; x_wconf 80' lang='grc' dir='ltr'>ὤμοσας</span> <span class='ocrx_word' id='word_1_668' title='bbox 1631 4559 1708 4630; x_wconf 82' lang='grc' dir='ltr'><strong>τῷ</strong></span> <span class='ocrx_word' id='word_1_669' title='bbox 1744 4556 1911 4613; x_wconf 75' lang='grc' dir='ltr'>Δαὸὶδ</span> 
     </span>
    </p>
   </div>
   <div class='ocr_carea' id='block_1_77' title="bbox 307 4630 1983 4724">
    <p class='ocr_par' dir='ltr' id='par_1_77' title="bbox 307 4630 1983 4724">
     <span class='ocr_line' id='line_1_77' title="bbox 307 4630 1983 4724; baseline 0.001 -21"><span class='ocrx_word' id='word_1_670' title='bbox 307 4653 374 4704; x_wconf 71' lang='grc' dir='ltr'>ἐν</span> <span class='ocrx_word' id='word_1_671' title='bbox 440 4652 509 4722; x_wconf 77' lang='grc' dir='ltr'>τῇ</span> <span class='ocrx_word' id='word_1_672' title='bbox 564 4652 796 4724; x_wconf 80' lang='grc' dir='ltr'>ἀληθείᾳ</span> <span class='ocrx_word' id='word_1_673' title='bbox 852 4669 982 4720; x_wconf 75' lang='grc' dir='ltr'>σούς</span> <span class='ocrx_word' id='word_1_674' title='bbox 1044 4672 1064 4703; x_wconf 73' lang='grc' dir='ltr'><strong>ι</strong></span> <span class='ocrx_word' id='word_1_675' title='bbox 1130 4630 1197 4707; x_wconf 88' lang='grc' dir='ltr'>Τί</span> <span class='ocrx_word' id='word_1_676' title='bbox 1250 4647 1344 4706; x_wconf 87' lang='grc' dir='ltr'><strong>οῦν</strong></span> <span class='ocrx_word' id='word_1_677' title='bbox 1401 4630 1437 4704; x_wconf 14' lang='grc' dir='ltr'>ιν</span> <span class='ocrx_word' id='word_1_678' title='bbox 1487 4652 1779 4724; x_wconf 82' lang='grc' dir='ltr'>ὁθελητὴς</span> <span class='ocrx_word' id='word_1_679' title='bbox 1812 4651 1905 4706; x_wconf 84' lang='grc' dir='ltr'><strong>τοῦ</strong></span> <span class='ocrx_word' id='word_1_680' title='bbox 1942 4630 1983 4685; x_wconf 69' lang='grc' dir='ltr'>θ</span> 
     </span>
    </p>
   </div>
   <div class='ocr_carea' id='block_1_78' title="bbox 304 4743 1909 4816">
    <p class='ocr_par' dir='ltr' id='par_1_78' title="bbox 304 4743 1909 4816">
     <span class='ocr_line' id='line_1_78' title="bbox 304 4743 1909 4816; baseline -0.002 -17"><span class='ocrx_word' id='word_1_681' title='bbox 304 4744 548 4810; x_wconf 79' lang='grc' dir='ltr'>ἐλέους;</span> <span class='ocrx_word' id='word_1_682' title='bbox 588 4763 607 4794; x_wconf 73' lang='grc' dir='ltr'><strong>ι</strong></span> <span class='ocrx_word' id='word_1_683' title='bbox 652 4745 766 4815; x_wconf 80' lang='grc' dir='ltr'><strong>Οὐχ</strong></span> <span class='ocrx_word' id='word_1_684' title='bbox 813 4744 1100 4816; x_wconf 82' lang='grc' dir='ltr'>ὑπερεῖδεν</span> <span class='ocrx_word' id='word_1_685' title='bbox 1124 4784 1140 4810; x_wconf 93' lang='grc'><strong>,</strong></span> <span class='ocrx_word' id='word_1_686' title='bbox 1196 4743 1299 4797; x_wconf 80' lang='grc' dir='ltr'><strong>οὐκ</strong></span> <span class='ocrx_word' id='word_1_687' title='bbox 1335 4743 1660 4797; x_wconf 80' lang='grc' dir='ltr'>ἀνεϐάλετο·</span> <span class='ocrx_word' id='word_1_688' title='bbox 1686 4745 1787 4797; x_wconf 78' lang='grc' dir='ltr'><strong>οὐκ</strong></span> <span class='ocrx_word' id='word_1_689' title='bbox 1828 4745 1909 4807; x_wconf 87' lang='grc' dir='ltr'>εἰς</span> 
     </span>
    </p>
   </div>
   <div class='ocr_carea' id='block_1_79' title="bbox 312 4830 1906 4909">
    <p class='ocr_par' dir='ltr' id='par_1_79' title="bbox 312 4830 1906 4909">
     <span class='ocr_line' id='line_1_79' title="bbox 312 4830 1906 4909; baseline -0.001 -18"><span class='ocrx_word' id='word_1_690' title='bbox 312 4836 546 4909; x_wconf 72' lang='grc' dir='ltr'>μακρὰν</span> <span class='ocrx_word' id='word_1_691' title='bbox 568 4836 636 4891; x_wconf 88' lang='grc' dir='ltr'><strong>τά</strong></span> <span class='ocrx_word' id='word_1_692' title='bbox 664 4838 1108 4909; x_wconf 85' lang='grc' dir='ltr'>παραγγέλματα</span> <span class='ocrx_word' id='word_1_693' title='bbox 1125 4836 1441 4907; x_wconf 86' lang='grc' dir='ltr'>παρέτεινε.</span> <span class='ocrx_word' id='word_1_694' title='bbox 1465 4837 1601 4890; x_wconf 88' lang='grc' dir='ltr'>Ποῖα</span> <span class='ocrx_word' id='word_1_695' title='bbox 1620 4836 1678 4890; x_wconf 83' lang='grc' dir='ltr'>δὲ</span> <span class='ocrx_word' id='word_1_696' title='bbox 1700 4830 1906 4904; x_wconf 70' lang='grc' dir='ltr'>ταῦτας</span> 
     </span>
    </p>
   </div>
   <div class='ocr_carea' id='block_1_80' title="bbox 315 4927 1908 5001">
    <p class='ocr_par' dir='ltr' id='par_1_80' title="bbox 315 4927 1908 5001">
     <span class='ocr_line' id='line_1_80' title="bbox 315 4927 1908 5001; baseline 0 -20"><span class='ocrx_word' id='word_1_697' title='bbox 315 4948 335 4980; x_wconf 83' lang='grc' dir='ltr'><strong>ι</strong></span> <span class='ocrx_word' id='word_1_698' title='bbox 377 4930 458 4983; x_wconf 78' lang='grc' dir='ltr'><strong>Οὐ</strong></span> <span class='ocrx_word' id='word_1_699' title='bbox 493 4932 569 5001; x_wconf 84' lang='grc' dir='ltr'>μή</span> <span class='ocrx_word' id='word_1_700' title='bbox 603 4946 662 4983; x_wconf 89' lang='grc' dir='ltr'><strong>σε</strong></span> <span class='ocrx_word' id='word_1_701' title='bbox 694 4930 830 4996; x_wconf 81' lang='grc' dir='ltr'>ἀνῶ,</span> <span class='ocrx_word' id='word_1_702' title='bbox 867 4929 976 4983; x_wconf 80' lang='grc' dir='ltr'>οὐδ’</span> <span class='ocrx_word' id='word_1_703' title='bbox 1015 4930 1075 4981; x_wconf 81' lang='grc' dir='ltr'><strong>ού</strong></span> <span class='ocrx_word' id='word_1_704' title='bbox 1129 4928 1204 4998; x_wconf 87' lang='grc' dir='ltr'>μή</span> <span class='ocrx_word' id='word_1_705' title='bbox 1236 4944 1294 4980; x_wconf 87' lang='grc' dir='ltr'><strong>σε</strong></span> <span class='ocrx_word' id='word_1_706' title='bbox 1318 4927 1745 4996; x_wconf 76' lang='grc' dir='ltr'>έγκαταλείπω.</span> <span class='ocrx_word' id='word_1_707' title='bbox 1787 4948 1806 4980; x_wconf 73' lang='grc' dir='ltr'><strong>ι</strong></span> <span class='ocrx_word' id='word_1_708' title='bbox 1844 4929 1908 4981; x_wconf 88' lang='grc' dir='ltr'><strong>Ὃ</strong></span> 
     </span>
    </p>
   </div>
   <div class='ocr_carea' id='block_1_81' title="bbox 305 5019 1907 5094">
    <p class='ocr_par' dir='ltr' id='par_1_81' title="bbox 305 5019 1907 5094">
     <span class='ocr_line' id='line_1_81' title="bbox 305 5019 1907 5094; baseline -0.001 -21"><span class='ocrx_word' id='word_1_709' title='bbox 305 5024 555 5082; x_wconf 79' lang='grc' dir='ltr'>καὶτοῖς</span> <span class='ocrx_word' id='word_1_710' title='bbox 614 5023 889 5094; x_wconf 83' lang='grc' dir='ltr'>μαθηταῖς</span> <span class='ocrx_word' id='word_1_711' title='bbox 941 5022 1168 5091; x_wconf 77' lang='grc' dir='ltr'>ὕστερον</span> <span class='ocrx_word' id='word_1_712' title='bbox 1223 5020 1332 5073; x_wconf 78' lang='grc' dir='ltr'><strong>ἀπὸ</strong></span> <span class='ocrx_word' id='word_1_713' title='bbox 1379 5020 1483 5089; x_wconf 79' lang='grc' dir='ltr'>γῆς</span> <span class='ocrx_word' id='word_1_714' title='bbox 1529 5022 1608 5084; x_wconf 85' lang='grc' dir='ltr'><strong>είς</strong></span> <span class='ocrx_word' id='word_1_715' title='bbox 1643 5019 1907 5091; x_wconf 80' lang='grc' dir='ltr'>οὐρανοὺς</span> 
     </span>
    </p>
   </div>
   <div class='ocr_carea' id='block_1_82' title="bbox 306 5109 1907 5187">
    <p class='ocr_par' dir='ltr' id='par_1_82' title="bbox 306 5109 1907 5187">
     <span class='ocr_line' id='line_1_82' title="bbox 306 5109 1907 5187; baseline -0.001 -21"><span class='ocrx_word' id='word_1_716' title='bbox 306 5115 636 5186; x_wconf 78' lang='grc' dir='ltr'>ἀνατρέχων</span> <span class='ocrx_word' id='word_1_717' title='bbox 661 5155 677 5183; x_wconf 90' lang='grc'><strong>,</strong></span> <span class='ocrx_word' id='word_1_718' title='bbox 732 5115 796 5181; x_wconf 74' lang='grc' dir='ltr'>ἐξ</span> <span class='ocrx_word' id='word_1_719' title='bbox 822 5109 909 5187; x_wconf 66' lang='grc' dir='ltr'>ξῶν</span> <span class='ocrx_word' id='word_1_720' title='bbox 961 5116 1023 5168; x_wconf 83' lang='grc' dir='ltr'><strong>οὐ</strong></span> <span class='ocrx_word' id='word_1_721' title='bbox 1073 5114 1379 5185; x_wconf 86' lang='grc' dir='ltr'>διέστηκεν,</span> <span class='ocrx_word' id='word_1_722' title='bbox 1422 5111 1662 5183; x_wconf 76' lang='grc' dir='ltr'>ἔφασκεν</span> <span class='ocrx_word' id='word_1_723' title='bbox 1689 5131 1702 5144; x_wconf 88' lang='grc'><strong>·</strong></span> <span class='ocrx_word' id='word_1_724' title='bbox 1741 5132 1759 5164; x_wconf 85' lang='grc' dir='ltr'><strong>ι</strong></span> <span class='ocrx_word' id='word_1_725' title='bbox 1793 5113 1907 5165; x_wconf 74' lang='grc' dir='ltr'>Οὐκ</span> 
     </span>
    </p>
   </div>
   <div class='ocr_carea' id='block_1_83' title="bbox 386 5293 2148 5363">
    <p class='ocr_par' dir='ltr' id='par_1_83' title="bbox 386 5293 2148 5363">
     <span class='ocr_line' id='line_1_83' title="bbox 386 5293 2148 5363; baseline 0.001 -15"><span class='ocrx_word' id='word_1_726' title='bbox 386 5294 412 5363; x_wconf 56' lang='lat'><strong><em>3</em></strong></span> <span class='ocrx_word' id='word_1_727' title='bbox 449 5294 642 5350; x_wconf 82' lang='lat' dir='ltr'><strong>Ezecb.</strong></span> <span class='ocrx_word' id='word_1_728' title='bbox 715 5310 802 5363; x_wconf 83' lang='grc' dir='ltr'>ιιι,</span> <span class='ocrx_word' id='word_1_729' title='bbox 836 5295 924 5349; x_wconf 77' lang='grc'><strong>12.</strong></span> <span class='ocrx_word' id='word_1_730' title='bbox 999 5302 1029 5332; x_wconf 77' lang='grc' dir='ltr'><strong>ιι</strong></span> <span class='ocrx_word' id='word_1_731' title='bbox 1060 5294 1202 5351; x_wconf 85' lang='lat' dir='ltr'><strong>Psal.</strong></span> <span class='ocrx_word' id='word_1_732' title='bbox 1232 5311 1420 5361; x_wconf 70' lang='lat' dir='ltr'><strong>cum,</strong></span> <span class='ocrx_word' id='word_1_733' title='bbox 1456 5298 1511 5360; x_wconf 69' lang='grc'>4,</span> <span class='ocrx_word' id='word_1_734' title='bbox 1539 5295 1592 5349; x_wconf 81' lang='grc'><strong>5.</strong></span> <span class='ocrx_word' id='word_1_735' title='bbox 1670 5302 1699 5335; x_wconf 74' lang='grc' dir='ltr'><strong>τ</strong></span> <span class='ocrx_word' id='word_1_736' title='bbox 1732 5293 2054 5356; x_wconf 81' lang='lat' dir='ltr'><strong>Psal.&#39;t.xxt,</strong></span> <span class='ocrx_word' id='word_1_737' title='bbox 2095 5294 2148 5350; x_wconf 83' lang='lat'><em>6.</em></span> 
     </span>
    </p>
   </div>
   <div class='ocr_carea' id='block_1_84' title="bbox 838 5358 3591 5436">
    <p class='ocr_par' dir='ltr' id='par_1_84' title="bbox 838 5358 3591 5436">
     <span class='ocr_line' id='line_1_84' title="bbox 838 5358 3591 5436; baseline -0.002 -16"><span class='ocrx_word' id='word_1_738' title='bbox 838 5368 866 5406; x_wconf 75' lang='grc' dir='ltr'>δ</span> <span class='ocrx_word' id='word_1_739' title='bbox 901 5366 1034 5420; x_wconf 90' lang='lat' dir='ltr'><strong>Luc.</strong></span> <span class='ocrx_word' id='word_1_740' title='bbox 1095 5383 1130 5431; x_wconf 87' lang='grc' dir='ltr'><strong>ι,</strong></span> <span class='ocrx_word' id='word_1_741' title='bbox 1168 5367 1236 5420; x_wconf 79' lang='grc'><strong>50</strong></span> <span class='ocrx_word' id='word_1_742' title='bbox 1258 5358 1415 5436; x_wconf 78' lang='lat' dir='ltr'><strong>seqq.</strong></span> <span class='ocrx_word' id='word_1_743' title='bbox 1499 5358 1536 5405; x_wconf 44' lang='grc' dir='ltr'><strong><em>⁷ο</em></strong></span> <span class='ocrx_word' id='word_1_744' title='bbox 1564 5365 1708 5420; x_wconf 85' lang='lat' dir='ltr'><strong>Psal.</strong></span> <span class='ocrx_word' id='word_1_745' title='bbox 1744 5380 1820 5427; x_wconf 79' lang='lat' dir='ltr'><strong>Ix,</strong></span> <span class='ocrx_word' id='word_1_746' title='bbox 1861 5363 1951 5418; x_wconf 71' lang='lat'><strong>22.</strong></span> <span class='ocrx_word' id='word_1_747' title='bbox 2028 5363 2054 5403; x_wconf 75' lang='grc' dir='ltr'><strong><em>ἀ</em></strong></span> <span class='ocrx_word' id='word_1_748' title='bbox 2084 5364 2232 5424; x_wconf 86' lang='lat' dir='ltr'><strong>Psal.</strong></span> <span class='ocrx_word' id='word_1_749' title='bbox 2262 5377 2523 5429; x_wconf 74' lang='lat' dir='ltr'><strong>Lxxxvut,</strong></span> <span class='ocrx_word' id='word_1_750' title='bbox 2546 5364 2636 5418; x_wconf 82' lang='lat'><strong>50.</strong></span> <span class='ocrx_word' id='word_1_751' title='bbox 2672 5362 2872 5418; x_wconf 58' lang='lat' dir='ltr'><strong>“Osee.</strong></span> <span class='ocrx_word' id='word_1_752' title='bbox 2964 5378 3039 5429; x_wconf 84' lang='lat' dir='ltr'><strong>vt,</strong></span> <span class='ocrx_word' id='word_1_753' title='bbox 3069 5361 3123 5415; x_wconf 80' lang='lat'><em>6.</em></span> <span class='ocrx_word' id='word_1_754' title='bbox 3208 5359 3228 5398; x_wconf 70' lang='grc' dir='ltr'><strong>ί</strong></span> <span class='ocrx_word' id='word_1_755' title='bbox 3261 5358 3429 5414; x_wconf 84' lang='lat' dir='ltr'><strong>Josue</strong></span> <span class='ocrx_word' id='word_1_756' title='bbox 3454 5373 3493 5424; x_wconf 80' lang='grc' dir='ltr'><strong>ι,</strong></span> <span class='ocrx_word' id='word_1_757' title='bbox 3524 5363 3591 5419; x_wconf 75' lang='lat'><strong>5;</strong></span> 
     </span>
    </p>
   </div>
   <div class='ocr_carea' id='block_1_85' title="bbox 303 5360 737 5426">
    <p class='ocr_par' dir='ltr' id='par_1_85' title="bbox 303 5360 737 5426">
     <span class='ocr_line' id='line_1_85' title="bbox 303 5360 737 5426; baseline 0.016 -13"><span class='ocrx_word' id='word_1_758' title='bbox 303 5374 332 5405; x_wconf 76' lang='grc' dir='ltr'>ι</span> <span class='ocrx_word' id='word_1_759' title='bbox 378 5360 597 5426; x_wconf 53' lang='lat' dir='ltr'><strong>Lucan,</strong></span> <span class='ocrx_word' id='word_1_760' title='bbox 639 5365 706 5418; x_wconf 78' lang='lat'><strong>2&#39;7</strong></span> <span class='ocrx_word' id='word_1_761' title='bbox 723 5408 737 5421; x_wconf 89' lang='lat'><strong>.</strong></span> 
     </span>
    </p>
   </div>
   <div class='ocr_carea' id='block_1_86' title="bbox 299 5431 741 5503">
    <p class='ocr_par' dir='ltr' id='par_1_86' title="bbox 299 5431 741 5503">
     <span class='ocr_line' id='line_1_86' title="bbox 299 5431 741 5503; baseline 0.002 -14"><span class='ocrx_word' id='word_1_762' title='bbox 299 5431 482 5489; x_wconf 77' lang='lat' dir='ltr'><strong>Hebr.</strong></span> <span class='ocrx_word' id='word_1_763' title='bbox 528 5450 650 5503; x_wconf 72' lang='lat' dir='ltr'><strong>xm,</strong></span> <span class='ocrx_word' id='word_1_764' title='bbox 686 5435 741 5490; x_wconf 78' lang='lat'><strong>5.</strong></span> 
     </span>
    </p>
   </div>
   <div class='ocr_carea' id='block_1_87' title="bbox 2018 3360 3606 3437">
    <p class='ocr_par' dir='ltr' id='par_1_87' title="bbox 2018 3360 3606 3437">
     <span class='ocr_line' id='line_1_87' title="bbox 2018 3360 3606 3437; baseline -0.009 -9"><span class='ocrx_word' id='word_1_765' title='bbox 2018 3382 2164 3428; x_wconf 90' lang='lat' dir='ltr'><strong>ctam</strong></span> <span class='ocrx_word' id='word_1_766' title='bbox 2190 3410 2205 3437; x_wconf 90' lang='lat'><strong>,</strong></span> <span class='ocrx_word' id='word_1_767' title='bbox 2238 3380 2297 3428; x_wconf 91' lang='lat' dir='ltr'><strong>ut</strong></span> <span class='ocrx_word' id='word_1_768' title='bbox 2349 3372 2513 3426; x_wconf 85' lang='lat' dir='ltr'><strong>etiam</strong></span> <span class='ocrx_word' id='word_1_769' title='bbox 2548 3368 2647 3423; x_wconf 91' lang='lat' dir='ltr'><strong>Dei</strong></span> <span class='ocrx_word' id='word_1_770' title='bbox 2681 3366 2852 3422; x_wconf 82' lang='lat' dir='ltr'><strong>Mater</strong></span> <span class='ocrx_word' id='word_1_771' title='bbox 2890 3364 3242 3429; x_wconf 70' lang='lat' dir='ltr'><strong>efﬁceretur;</strong></span> <span class='ocrx_word' id='word_1_772' title='bbox 3279 3377 3403 3432; x_wconf 73' lang='lat' dir='ltr'><strong>quae</strong></span> <span class='ocrx_word' id='word_1_773' title='bbox 3439 3360 3606 3431; x_wconf 87' lang='lat' dir='ltr'><strong>plane</strong></span> 
     </span>
    </p>
   </div>
   <div class='ocr_carea' id='block_1_88' title="bbox 2019 3453 3605 3530">
    <p class='ocr_par' dir='ltr' id='par_1_88' title="bbox 2019 3453 3605 3530">
     <span class='ocr_line' id='line_1_88' title="bbox 2019 3453 3605 3530; baseline -0.009 -10"><span class='ocrx_word' id='word_1_774' title='bbox 2019 3479 2237 3521; x_wconf 88' lang='lat' dir='ltr'><strong>summe</strong></span> <span class='ocrx_word' id='word_1_775' title='bbox 2271 3461 2639 3529; x_wconf 86' lang='lat' dir='ltr'><strong>admirabilis,</strong></span> <span class='ocrx_word' id='word_1_776' title='bbox 2677 3474 2925 3530; x_wconf 85' lang='lat' dir='ltr'><strong>novaque</strong></span> <span class='ocrx_word' id='word_1_777' title='bbox 2973 3473 3068 3517; x_wconf 75' lang='lat' dir='ltr'><strong>res</strong></span> <span class='ocrx_word' id='word_1_778' title='bbox 3093 3466 3197 3518; x_wconf 87' lang='lat' dir='ltr'><strong>est.</strong></span> <span class='ocrx_word' id='word_1_779' title='bbox 3251 3472 3316 3510; x_wconf 91' lang='lat' dir='ltr'><strong>ac</strong></span> <span class='ocrx_word' id='word_1_780' title='bbox 3345 3453 3605 3508; x_wconf 80' lang='lat' dir='ltr'><strong>auditio?</strong></span> 
     </span>
    </p>
   </div>
   <div class='ocr_carea' id='block_1_89' title="bbox 2016 3545 3601 3624">
    <p class='ocr_par' dir='ltr' id='par_1_89' title="bbox 2016 3545 3601 3624">
     <span class='ocr_line' id='line_1_89' title="bbox 2016 3545 3601 3624; baseline -0.006 -15"><span class='ocrx_word' id='word_1_781' title='bbox 2016 3556 2095 3611; x_wconf 79' lang='lat' dir='ltr'><strong>Ac</strong></span> <span class='ocrx_word' id='word_1_782' title='bbox 2121 3556 2252 3610; x_wconf 86' lang='lat' dir='ltr'><strong>mihi</strong></span> <span class='ocrx_word' id='word_1_783' title='bbox 2279 3555 2504 3619; x_wconf 87' lang='lat' dir='ltr'><strong>credite,</strong></span> <span class='ocrx_word' id='word_1_784' title='bbox 2536 3554 2605 3609; x_wconf 88' lang='lat' dir='ltr'><strong>ad</strong></span> <span class='ocrx_word' id='word_1_785' title='bbox 2632 3554 2809 3624; x_wconf 90' lang='lat' dir='ltr'><strong>ipsam</strong></span> <span class='ocrx_word' id='word_1_786' title='bbox 2880 3565 3238 3607; x_wconf 88' lang='lat' dir='ltr'><strong>recurramus</strong></span> <span class='ocrx_word' id='word_1_787' title='bbox 3295 3548 3449 3604; x_wconf 76' lang='lat' dir='ltr'><strong>festa:</strong></span> <span class='ocrx_word' id='word_1_788' title='bbox 3494 3545 3601 3602; x_wconf 86' lang='lat' dir='ltr'><strong>diei</strong></span> 
     </span>
    </p>
   </div>
   <div class='ocr_carea' id='block_1_90' title="bbox 2017 3641 3599 3714">
    <p class='ocr_par' dir='ltr' id='par_1_90' title="bbox 2017 3641 3599 3714">
     <span class='ocr_line' id='line_1_90' title="bbox 2017 3641 3599 3714; baseline -0.006 -13"><span class='ocrx_word' id='word_1_789' title='bbox 2017 3648 2351 3712; x_wconf 84' lang='lat' dir='ltr'><strong>antistitam,</strong></span> <span class='ocrx_word' id='word_1_790' title='bbox 2416 3656 2475 3701; x_wconf 92' lang='lat' dir='ltr'><strong>ut</strong></span> <span class='ocrx_word' id='word_1_791' title='bbox 2510 3646 2658 3701; x_wconf 91' lang='lat' dir='ltr'><strong>unde</strong></span> <span class='ocrx_word' id='word_1_792' title='bbox 2708 3658 2895 3701; x_wconf 88' lang='lat' dir='ltr'><strong>sermo</strong></span> <span class='ocrx_word' id='word_1_793' title='bbox 2953 3642 3240 3714; x_wconf 88' lang='lat' dir='ltr'><strong>paululum</strong></span> <span class='ocrx_word' id='word_1_794' title='bbox 3302 3641 3599 3703; x_wconf 87' lang='lat' dir='ltr'><strong>abscessit,</strong></span> 
     </span>
    </p>
   </div>
   <div class='ocr_carea' id='block_1_91' title="bbox 2015 3731 3600 3807">
    <p class='ocr_par' dir='ltr' id='par_1_91' title="bbox 2015 3731 3600 3807">
     <span class='ocr_line' id='line_1_91' title="bbox 2015 3731 3600 3807; baseline -0.006 -11"><span class='ocrx_word' id='word_1_795' title='bbox 2015 3741 2210 3796; x_wconf 88' lang='lat' dir='ltr'><strong>eodem</strong></span> <span class='ocrx_word' id='word_1_796' title='bbox 2263 3740 2452 3794; x_wconf 90' lang='lat' dir='ltr'><strong>denuo</strong></span> <span class='ocrx_word' id='word_1_797' title='bbox 2507 3745 2842 3795; x_wconf 85' lang='lat' dir='ltr'><strong>revertatur.</strong></span> <span class='ocrx_word' id='word_1_798' title='bbox 2900 3737 3013 3807; x_wconf 83' lang='lat' dir='ltr'><strong>Age</strong></span> <span class='ocrx_word' id='word_1_799' title='bbox 3063 3735 3258 3805; x_wconf 75' lang='lat' dir='ltr'><strong>igitur,</strong></span> <span class='ocrx_word' id='word_1_800' title='bbox 3306 3731 3600 3805; x_wconf 79' lang='lat' dir='ltr'><strong>aggredia-</strong></span> 
     </span>
    </p>
   </div>
   <div class='ocr_carea' id='block_1_92' title="bbox 2017 3826 3602 3903">
    <p class='ocr_par' dir='ltr' id='par_1_92' title="bbox 2017 3826 3602 3903">
     <span class='ocr_line' id='line_1_92' title="bbox 2017 3826 3602 3903; baseline -0.005 -16"><span class='ocrx_word' id='word_1_801' title='bbox 2017 3849 2141 3887; x_wconf 90' lang='lat' dir='ltr'><strong>mur</strong></span> <span class='ocrx_word' id='word_1_802' title='bbox 2189 3833 2296 3888; x_wconf 88' lang='lat' dir='ltr'><strong>diei</strong></span> <span class='ocrx_word' id='word_1_803' title='bbox 2346 3831 2732 3903; x_wconf 85' lang='lat' dir='ltr'><strong>hymnodiam,</strong></span> <span class='ocrx_word' id='word_1_804' title='bbox 2792 3845 2856 3884; x_wconf 87' lang='lat' dir='ltr'><strong>ac</strong></span> <span class='ocrx_word' id='word_1_805' title='bbox 2886 3829 2982 3882; x_wconf 89' lang='lat' dir='ltr'><strong>ubi</strong></span> <span class='ocrx_word' id='word_1_806' title='bbox 3020 3827 3303 3882; x_wconf 89' lang='lat' dir='ltr'><strong>modicum</strong></span> <span class='ocrx_word' id='word_1_807' title='bbox 3333 3826 3467 3897; x_wconf 88' lang='lat' dir='ltr'><strong>quid</strong></span> <span class='ocrx_word' id='word_1_808' title='bbox 3505 3827 3602 3879; x_wconf 84' lang='lat' dir='ltr'><strong>ad-</strong></span> 
     </span>
    </p>
   </div>
   <div class='ocr_carea' id='block_1_93' title="bbox 2017 3918 3601 3981">
    <p class='ocr_par' dir='ltr' id='par_1_93' title="bbox 2017 3918 3601 3981">
     <span class='ocr_line' id='line_1_93' title="bbox 2017 3918 3601 3981; baseline -0.006 -1"><span class='ocrx_word' id='word_1_809' title='bbox 2017 3925 2126 3980; x_wconf 84' lang='lat' dir='ltr'><strong>huc</strong></span> <span class='ocrx_word' id='word_1_810' title='bbox 2178 3925 2470 3980; x_wconf 88' lang='lat' dir='ltr'><strong>collectam</strong></span> <span class='ocrx_word' id='word_1_811' title='bbox 2513 3923 2734 3978; x_wconf 89' lang='lat' dir='ltr'><strong>turbam</strong></span> <span class='ocrx_word' id='word_1_812' title='bbox 2791 3920 3062 3975; x_wconf 77' lang='lat' dir='ltr'><strong>fuerimus</strong></span> <span class='ocrx_word' id='word_1_813' title='bbox 3115 3918 3290 3981; x_wconf 79' lang='lat' dir='ltr'><strong>aﬂ‘ati,</strong></span> <span class='ocrx_word' id='word_1_814' title='bbox 3327 3918 3601 3972; x_wconf 86' lang='lat' dir='ltr'><strong>orationis</strong></span> 
     </span>
    </p>
   </div>
   <div class='ocr_carea' id='block_1_94' title="bbox 2015 4011 3600 4084">
    <p class='ocr_par' dir='ltr' id='par_1_94' title="bbox 2015 4011 3600 4084">
     <span class='ocr_line' id='line_1_94' title="bbox 2015 4011 3600 4084; baseline -0.006 -12"><span class='ocrx_word' id='word_1_815' title='bbox 2015 4033 2243 4073; x_wconf 90' lang='lat' dir='ltr'><strong>cursum</strong></span> <span class='ocrx_word' id='word_1_816' title='bbox 2281 4021 2568 4073; x_wconf 88' lang='lat' dir='ltr'><strong>sistamus.</strong></span> <span class='ocrx_word' id='word_1_817' title='bbox 2622 4015 2833 4084; x_wconf 86' lang='lat' dir='ltr'><strong>Egebat</strong></span> <span class='ocrx_word' id='word_1_818' title='bbox 2866 4014 3055 4083; x_wconf 86' lang='lat' dir='ltr'><strong>itaque</strong></span> <span class='ocrx_word' id='word_1_819' title='bbox 3088 4021 3289 4065; x_wconf 87' lang='lat' dir='ltr'><strong>natura</strong></span> <span class='ocrx_word' id='word_1_820' title='bbox 3334 4011 3600 4077; x_wconf 86' lang='lat' dir='ltr'><strong>humana,</strong></span> 
     </span>
    </p>
   </div>
   <div class='ocr_carea' id='block_1_95' title="bbox 2015 4103 3602 4181">
    <p class='ocr_par' dir='ltr' id='par_1_95' title="bbox 2015 4103 3602 4181">
     <span class='ocr_line' id='line_1_95' title="bbox 2015 4103 3602 4181; baseline -0.006 -15"><span class='ocrx_word' id='word_1_821' title='bbox 2015 4111 2250 4181; x_wconf 85' lang='lat' dir='ltr'><strong>antiquo</strong></span> <span class='ocrx_word' id='word_1_822' title='bbox 2279 4110 2441 4179; x_wconf 87' lang='lat' dir='ltr'><strong>primi</strong></span> <span class='ocrx_word' id='word_1_823' title='bbox 2492 4108 2744 4179; x_wconf 87' lang='lat' dir='ltr'><strong>parentis</strong></span> <span class='ocrx_word' id='word_1_824' title='bbox 2790 4107 2985 4162; x_wconf 90' lang='lat' dir='ltr'><strong>collisa</strong></span> <span class='ocrx_word' id='word_1_825' title='bbox 3028 4107 3224 4176; x_wconf 88' lang='lat' dir='ltr'><strong>lapsu,</strong></span> <span class='ocrx_word' id='word_1_826' title='bbox 3280 4119 3347 4158; x_wconf 90' lang='lat' dir='ltr'><strong>eo</strong></span> <span class='ocrx_word' id='word_1_827' title='bbox 3386 4103 3482 4173; x_wconf 87' lang='lat' dir='ltr'><strong>qui</strong></span> <span class='ocrx_word' id='word_1_828' title='bbox 3516 4118 3602 4157; x_wconf 89' lang='lat' dir='ltr'><strong>re-</strong></span> 
     </span>
    </p>
   </div>
   <div class='ocr_carea' id='block_1_96' title="bbox 2015 4180 3661 4261">
    <p class='ocr_par' dir='ltr' id='par_1_96' title="bbox 2015 4180 3661 4261">
     <span class='ocr_line' id='line_1_96' title="bbox 2015 4180 3661 4261; baseline -0.005 -6"><span class='ocrx_word' id='word_1_829' title='bbox 2015 4200 2359 4256; x_wconf 84' lang='lat' dir='ltr'><strong>formaturus</strong></span> <span class='ocrx_word' id='word_1_830' title='bbox 2394 4216 2459 4253; x_wconf 86' lang='lat' dir='ltr'><strong>ac</strong></span> <span class='ocrx_word' id='word_1_831' title='bbox 2490 4200 2839 4254; x_wconf 87' lang='lat' dir='ltr'><strong>instauratus</strong></span> <span class='ocrx_word' id='word_1_832' title='bbox 2869 4204 3054 4261; x_wconf 89' lang='lat' dir='ltr'><strong>esset;</strong></span> <span class='ocrx_word' id='word_1_833' title='bbox 3097 4211 3160 4248; x_wconf 88' lang='lat' dir='ltr'><strong>ac</strong></span> <span class='ocrx_word' id='word_1_834' title='bbox 3214 4195 3418 4250; x_wconf 85' lang='lat' dir='ltr'><strong>silente</strong></span> <span class='ocrx_word' id='word_1_835' title='bbox 3443 4208 3597 4256; x_wconf 87' lang='lat' dir='ltr'><strong>voce,</strong></span> <span class='ocrx_word' id='word_1_836' title='bbox 3658 4180 3661 4185; x_wconf 58' lang='grc'><em>’</em></span> 
     </span>
    </p>
   </div>
   <div class='ocr_carea' id='block_1_97' title="bbox 2015 4284 3597 4355">
    <p class='ocr_par' dir='ltr' id='par_1_97' title="bbox 2015 4284 3597 4355">
     <span class='ocr_line' id='line_1_97' title="bbox 2015 4284 3597 4355; baseline -0.004 -8"><span class='ocrx_word' id='word_1_837' title='bbox 2015 4295 2187 4347; x_wconf 81' lang='lat' dir='ltr'><strong>altum</strong></span> <span class='ocrx_word' id='word_1_838' title='bbox 2203 4291 2270 4346; x_wconf 88' lang='lat' dir='ltr'><strong>ad</strong></span> <span class='ocrx_word' id='word_1_839' title='bbox 2303 4292 2621 4345; x_wconf 87' lang='lat' dir='ltr'><strong>Creatorem</strong></span> <span class='ocrx_word' id='word_1_840' title='bbox 2647 4288 2961 4344; x_wconf 87' lang='lat' dir='ltr'><strong>clamabat:</strong></span> <span class='ocrx_word' id='word_1_841' title='bbox 2996 4306 3015 4337; x_wconf 84' lang='grc' dir='ltr'><strong>ι</strong></span> <span class='ocrx_word' id='word_1_842' title='bbox 3047 4285 3115 4341; x_wconf 93' lang='lat' dir='ltr'><strong>Ut</strong></span> <span class='ocrx_word' id='word_1_843' title='bbox 3153 4285 3306 4355; x_wconf 89' lang='lat' dir='ltr'><strong>quid,</strong></span> <span class='ocrx_word' id='word_1_844' title='bbox 3341 4284 3597 4351; x_wconf 90' lang='lat' dir='ltr'><strong>Domine,</strong></span> 
     </span>
    </p>
   </div>
   <div class='ocr_carea' id='block_1_98' title="bbox 2016 4375 3597 4449">
    <p class='ocr_par' dir='ltr' id='par_1_98' title="bbox 2016 4375 3597 4449">
     <span class='ocr_line' id='line_1_98' title="bbox 2016 4375 3597 4449; baseline -0.004 -15"><span class='ocrx_word' id='word_1_845' title='bbox 2016 4380 2297 4436; x_wconf 88' lang='lat' dir='ltr'><strong>recessisti</strong></span> <span class='ocrx_word' id='word_1_846' title='bbox 2350 4381 2510 4449; x_wconf 81' lang='lat' dir='ltr'><strong>longe</strong></span> <span class='ocrx_word' id='word_1_847' title='bbox 2537 4378 2603 4431; x_wconf 70' lang='grc' dir='ltr'><strong>οἳ</strong></span> <span class='ocrx_word' id='word_1_848' title='bbox 2640 4398 2658 4429; x_wconf 72' lang='grc' dir='ltr'><strong>ι</strong></span> <span class='ocrx_word' id='word_1_849' title='bbox 2696 4375 3108 4432; x_wconf 86' lang='lat' dir='ltr'><strong>Penetrabilius</strong></span> <span class='ocrx_word' id='word_1_850' title='bbox 3164 4390 3299 4429; x_wconf 81' lang='lat' dir='ltr'><strong>vero</strong></span> <span class='ocrx_word' id='word_1_851' title='bbox 3337 4390 3435 4444; x_wconf 86' lang='lat' dir='ltr'><strong>per</strong></span> <span class='ocrx_word' id='word_1_852' title='bbox 3470 4390 3597 4443; x_wconf 86' lang='lat' dir='ltr'><strong>pro-</strong></span> 
     </span>
    </p>
   </div>
   <div class='ocr_carea' id='block_1_99' title="bbox 2014 4466 3597 4543">
    <p class='ocr_par' dir='ltr' id='par_1_99' title="bbox 2014 4466 3597 4543">
     <span class='ocr_line' id='line_1_99' title="bbox 2014 4466 3597 4543; baseline -0.004 -17"><span class='ocrx_word' id='word_1_853' title='bbox 2014 4473 2211 4543; x_wconf 83' lang='lat' dir='ltr'><strong>phetas</strong></span> <span class='ocrx_word' id='word_1_854' title='bbox 2266 4470 2559 4540; x_wconf 82' lang='lat' dir='ltr'><strong>lugubrem</strong></span> <span class='ocrx_word' id='word_1_855' title='bbox 2614 4470 2669 4523; x_wconf 90' lang='lat' dir='ltr'><strong>in</strong></span> <span class='ocrx_word' id='word_1_856' title='bbox 2721 4468 2946 4521; x_wconf 89' lang='lat' dir='ltr'><strong>modum</strong></span> <span class='ocrx_word' id='word_1_857' title='bbox 2979 4468 3402 4535; x_wconf 85' lang='lat' dir='ltr'><strong>quiritabatur:</strong></span> <span class='ocrx_word' id='word_1_858' title='bbox 3440 4483 3459 4517; x_wconf 85' lang='grc' dir='ltr'><strong>ι</strong></span> <span class='ocrx_word' id='word_1_859' title='bbox 3491 4466 3597 4521; x_wconf 77' lang='lat' dir='ltr'><strong>Ubi</strong></span> 
     </span>
    </p>
   </div>
   <div class='ocr_carea' id='block_1_100' title="bbox 2013 4557 3599 4629">
    <p class='ocr_par' dir='ltr' id='par_1_100' title="bbox 2013 4557 3599 4629">
     <span class='ocr_line' id='line_1_100' title="bbox 2013 4557 3599 4629; baseline -0.005 -10"><span class='ocrx_word' id='word_1_860' title='bbox 2013 4573 2145 4619; x_wconf 90' lang='lat' dir='ltr'><strong>sunt</strong></span> <span class='ocrx_word' id='word_1_861' title='bbox 2202 4562 2611 4618; x_wconf 70' lang='lat' dir='ltr'><strong>misericordiae</strong></span> <span class='ocrx_word' id='word_1_862' title='bbox 2667 4569 2775 4615; x_wconf 76' lang='lat' dir='ltr'><strong>tuae</strong></span> <span class='ocrx_word' id='word_1_863' title='bbox 2825 4561 3092 4629; x_wconf 72' lang='lat' dir='ltr'><strong>antiquae,</strong></span> <span class='ocrx_word' id='word_1_864' title='bbox 3124 4557 3392 4621; x_wconf 89' lang='lat' dir='ltr'><strong>Domine,</strong></span> <span class='ocrx_word' id='word_1_865' title='bbox 3452 4560 3599 4613; x_wconf 86' lang='lat' dir='ltr'><strong>sicut</strong></span> 
     </span>
    </p>
   </div>
   <div class='ocr_carea' id='block_1_101' title="bbox 2006 4650 3599 4726">
    <p class='ocr_par' dir='ltr' id='par_1_101' title="bbox 2006 4650 3599 4726">
     <span class='ocr_line' id='line_1_101' title="bbox 2006 4650 3599 4726; baseline -0.004 -16"><span class='ocrx_word' id='word_1_866' title='bbox 2006 4656 2214 4726; x_wconf 78' lang='lat' dir='ltr'><strong>jura-sti</strong></span> <span class='ocrx_word' id='word_1_867' title='bbox 2275 4655 2452 4709; x_wconf 87' lang='lat' dir='ltr'><strong>David</strong></span> <span class='ocrx_word' id='word_1_868' title='bbox 2491 4655 2548 4709; x_wconf 91' lang='lat' dir='ltr'><strong>in</strong></span> <span class='ocrx_word' id='word_1_869' title='bbox 2602 4655 2840 4708; x_wconf 84' lang='lat' dir='ltr'><strong>veritate</strong></span> <span class='ocrx_word' id='word_1_870' title='bbox 2894 4663 2986 4706; x_wconf 88' lang='lat' dir='ltr'><strong>tua</strong></span> <span class='ocrx_word' id='word_1_871' title='bbox 3025 4650 3098 4706; x_wconf 75' lang='lat' dir='ltr'><strong>d?</strong></span> <span class='ocrx_word' id='word_1_872' title='bbox 3139 4670 3158 4703; x_wconf 74' lang='grc' dir='ltr'><strong>ι</strong></span> <span class='ocrx_word' id='word_1_873' title='bbox 3219 4650 3363 4717; x_wconf 87' lang='lat' dir='ltr'><strong>Quid</strong></span> <span class='ocrx_word' id='word_1_874' title='bbox 3430 4651 3599 4722; x_wconf 75' lang='lat' dir='ltr'><strong>igitur</strong></span> 
     </span>
    </p>
   </div>
   <div class='ocr_carea' id='block_1_102' title="bbox 2006 4743 3598 4834">
    <p class='ocr_par' dir='ltr' id='par_1_102' title="bbox 2006 4743 3598 4834">
     <span class='ocr_line' id='line_1_102' title="bbox 2006 4743 3598 4834; baseline -0.004 -34"><span class='ocrx_word' id='word_1_875' title='bbox 2006 4748 2099 4803; x_wconf 88' lang='lat' dir='ltr'><strong>ille</strong></span> <span class='ocrx_word' id='word_1_876' title='bbox 2137 4767 2157 4800; x_wconf 83' lang='grc' dir='ltr'><strong>ι</strong></span> <span class='ocrx_word' id='word_1_877' title='bbox 2191 4748 2288 4819; x_wconf 89' lang='lat' dir='ltr'><strong>qui</strong></span> <span class='ocrx_word' id='word_1_878' title='bbox 2322 4748 2445 4801; x_wconf 91' lang='lat' dir='ltr'><strong>vult</strong></span> <span class='ocrx_word' id='word_1_879' title='bbox 2499 4745 2950 4803; x_wconf 88' lang='lat' dir='ltr'><strong>misericordiam</strong></span> <span class='ocrx_word' id='word_1_880' title='bbox 2986 4746 3059 4799; x_wconf 67' lang='grc' dir='ltr'><strong>οἳ</strong></span> <span class='ocrx_word' id='word_1_881' title='bbox 3093 4764 3112 4797; x_wconf 72' lang='grc' dir='ltr'><strong>ι</strong></span> <span class='ocrx_word' id='word_1_882' title='bbox 3174 4743 3299 4834; x_wconf 64' lang='lat' dir='ltr'><strong>Non}</strong></span> <span class='ocrx_word' id='word_1_883' title='bbox 3341 4752 3598 4800; x_wconf 86' lang='lat' dir='ltr'><strong>contem-</strong></span> 
     </span>
    </p>
   </div>
   <div class='ocr_carea' id='block_1_103' title="bbox 2007 4836 3596 4909">
    <p class='ocr_par' dir='ltr' id='par_1_103' title="bbox 2007 4836 3596 4909">
     <span class='ocr_line' id='line_1_103' title="bbox 2007 4836 3596 4909; baseline -0.003 -15"><span class='ocrx_word' id='word_1_884' title='bbox 2007 4840 2152 4909; x_wconf 86' lang='lat' dir='ltr'><strong>psit,</strong></span> <span class='ocrx_word' id='word_1_885' title='bbox 2185 4855 2296 4895; x_wconf 91' lang='lat' dir='ltr'><strong>non</strong></span> <span class='ocrx_word' id='word_1_886' title='bbox 2352 4839 2610 4906; x_wconf 88' lang='lat' dir='ltr'><strong>distulit,</strong></span> <span class='ocrx_word' id='word_1_887' title='bbox 2665 4855 2775 4893; x_wconf 91' lang='lat' dir='ltr'><strong>non</strong></span> <span class='ocrx_word' id='word_1_888' title='bbox 2819 4839 2873 4892; x_wconf 91' lang='lat' dir='ltr'><strong>in</strong></span> <span class='ocrx_word' id='word_1_889' title='bbox 2925 4838 3151 4907; x_wconf 78' lang='lat' dir='ltr'><strong>longum</strong></span> <span class='ocrx_word' id='word_1_890' title='bbox 3187 4836 3596 4905; x_wconf 71' lang='lat' dir='ltr'><strong>prontissiones</strong></span> 
     </span>
    </p>
   </div>
   <div class='ocr_carea' id='block_1_104' title="bbox 2006 4924 3592 4999">
    <p class='ocr_par' dir='ltr' id='par_1_104' title="bbox 2006 4924 3592 4999">
     <span class='ocr_line' id='line_1_104' title="bbox 2006 4924 3592 4999; baseline -0.006 -12"><span class='ocrx_word' id='word_1_891' title='bbox 2006 4931 2246 4987; x_wconf 89' lang='lat' dir='ltr'><strong>remisit.</strong></span> <span class='ocrx_word' id='word_1_892' title='bbox 2282 4928 2434 4996; x_wconf 87' lang='lat' dir='ltr'><strong>Quas</strong></span> <span class='ocrx_word' id='word_1_893' title='bbox 2472 4930 2644 4988; x_wconf 84' lang='lat' dir='ltr'><strong>illas?</strong></span> <span class='ocrx_word' id='word_1_894' title='bbox 2674 4948 2692 4981; x_wconf 89' lang='grc' dir='ltr'><strong>ι</strong></span> <span class='ocrx_word' id='word_1_895' title='bbox 2728 4929 2850 4984; x_wconf 86' lang='lat' dir='ltr'><strong>Non</strong></span> <span class='ocrx_word' id='word_1_896' title='bbox 2879 4937 2934 4984; x_wconf 91' lang='lat' dir='ltr'><strong>te</strong></span> <span class='ocrx_word' id='word_1_897' title='bbox 2979 4930 3256 4993; x_wconf 86' lang='lat' dir='ltr'><strong>deseram,</strong></span> <span class='ocrx_word' id='word_1_898' title='bbox 3291 4941 3473 4999; x_wconf 90' lang='lat' dir='ltr'><strong>neque</strong></span> <span class='ocrx_word' id='word_1_899' title='bbox 3498 4924 3592 4979; x_wconf 89' lang='lat' dir='ltr'><strong>de-</strong></span> 
     </span>
    </p>
   </div>
   <div class='ocr_carea' id='block_1_105' title="bbox 2006 5017 3597 5093">
    <p class='ocr_par' dir='ltr' id='par_1_105' title="bbox 2006 5017 3597 5093">
     <span class='ocr_line' id='line_1_105' title="bbox 2006 5017 3597 5093; baseline -0.006 -15"><span class='ocrx_word' id='word_1_900' title='bbox 2006 5024 2321 5093; x_wconf 88' lang='lat' dir='ltr'><strong>relinquam</strong></span> <span class='ocrx_word' id='word_1_901' title='bbox 2368 5021 2426 5077; x_wconf 77' lang='grc' dir='ltr'><strong>ί.</strong></span> <span class='ocrx_word' id='word_1_902' title='bbox 2487 5043 2507 5076; x_wconf 73' lang='grc' dir='ltr'><strong>ι</strong></span> <span class='ocrx_word' id='word_1_903' title='bbox 2581 5022 2740 5089; x_wconf 88' lang='lat' dir='ltr'><strong>Quod</strong></span> <span class='ocrx_word' id='word_1_904' title='bbox 2807 5023 2976 5077; x_wconf 89' lang='lat' dir='ltr'><strong>etiam</strong></span> <span class='ocrx_word' id='word_1_905' title='bbox 3044 5030 3237 5090; x_wconf 89' lang='lat' dir='ltr'><strong>postea</strong></span> <span class='ocrx_word' id='word_1_906' title='bbox 3300 5017 3597 5089; x_wconf 86' lang='lat' dir='ltr'><strong>discipulis</strong></span> 
     </span>
    </p>
   </div>
   <div class='ocr_carea' id='block_1_106' title="bbox 2013 5109 3595 5183">
    <p class='ocr_par' dir='ltr' id='par_1_106' title="bbox 2013 5109 3595 5183">
     <span class='ocr_line' id='line_1_106' title="bbox 2013 5109 3595 5183; baseline -0.006 -12"><span class='ocrx_word' id='word_1_907' title='bbox 2013 5115 2174 5183; x_wconf 78' lang='lat' dir='ltr'><strong>dixit,</strong></span> <span class='ocrx_word' id='word_1_908' title='bbox 2204 5130 2387 5170; x_wconf 88' lang='lat' dir='ltr'><strong>cuma</strong></span> <span class='ocrx_word' id='word_1_909' title='bbox 2423 5123 2576 5172; x_wconf 90' lang='lat' dir='ltr'><strong>terra</strong></span> <span class='ocrx_word' id='word_1_910' title='bbox 2624 5115 2678 5170; x_wconf 87' lang='lat' dir='ltr'><strong>in</strong></span> <span class='ocrx_word' id='word_1_911' title='bbox 2736 5114 2940 5170; x_wconf 68' lang='lat' dir='ltr'><strong>coelum</strong></span> <span class='ocrx_word' id='word_1_912' title='bbox 3000 5122 3398 5177; x_wconf 86' lang='lat' dir='ltr'><strong>reverteretur,</strong></span> <span class='ocrx_word' id='word_1_913' title='bbox 3452 5109 3595 5163; x_wconf 89' lang='lat' dir='ltr'><strong>unde</strong></span> 
     </span>
    </p>
   </div>
   <div class='ocr_carea' id='block_1_107' title="bbox 2229 5254 3634 5357">
    <p class='ocr_par' dir='ltr' id='par_1_107' title="bbox 2229 5254 3634 5357">
     <span class='ocr_line' id='line_1_107' title="bbox 2229 5254 3634 5357; baseline -0.005 -9"><span class='ocrx_word' id='word_1_914' title='bbox 2229 5303 2253 5330; x_wconf 71' lang='grc' dir='ltr'><strong>π</strong></span> <span class='ocrx_word' id='word_1_915' title='bbox 2298 5293 2433 5347; x_wconf 83' lang='lat' dir='ltr'><strong>Luc.</strong></span> <span class='ocrx_word' id='word_1_916' title='bbox 2466 5309 2503 5357; x_wconf 91' lang='lat' dir='ltr'><strong>l,</strong></span> <span class='ocrx_word' id='word_1_917' title='bbox 2536 5293 2625 5347; x_wconf 73' lang='lat'><strong>42.</strong></span> <span class='ocrx_word' id='word_1_918' title='bbox 2699 5300 2729 5337; x_wconf 64' lang='grc' dir='ltr'>δ’</span> <span class='ocrx_word' id='word_1_919' title='bbox 2763 5291 2939 5346; x_wconf 81' lang='lat' dir='ltr'><strong>Galat.</strong></span> <span class='ocrx_word' id='word_1_920' title='bbox 2972 5308 3044 5353; x_wconf 84' lang='lat' dir='ltr'><strong>tv,</strong></span> <span class='ocrx_word' id='word_1_921' title='bbox 3080 5292 3137 5344; x_wconf 72' lang='grc'><strong>4.</strong></span> <span class='ocrx_word' id='word_1_922' title='bbox 3217 5301 3239 5327; x_wconf 72' lang='grc' dir='ltr'><em>τ</em></span> <span class='ocrx_word' id='word_1_923' title='bbox 3270 5289 3398 5343; x_wconf 86' lang='lat' dir='ltr'><strong>Luc.</strong></span> <span class='ocrx_word' id='word_1_924' title='bbox 3439 5294 3475 5354; x_wconf 66' lang='lat' dir='ltr'><strong>t‘,</strong></span> <span class='ocrx_word' id='word_1_925' title='bbox 3501 5287 3592 5341; x_wconf 64' lang='lat'><strong>15-</strong></span> <span class='ocrx_word' id='word_1_926' title='bbox 3628 5254 3634 5262; x_wconf 36' lang='grc' dir='ltr'><strong>Ι</strong></span> 
     </span>
    </p>
   </div>
   <div class='ocr_carea' id='block_1_108' title="bbox 1610 5574 2283 5678">
    <p class='ocr_par' dir='ltr' id='par_1_108' title="bbox 1610 5574 2283 5678">
     <span class='ocr_line' id='line_1_108' title="bbox 1610 5574 2283 5678; baseline -0.003 0"><span class='ocrx_word' id='word_1_927' title='bbox 1610 5618 1847 5678; x_wconf 60' lang='lat' dir='ltr'><strong>vuum</strong></span> <span class='ocrx_word' id='word_1_928' title='bbox 1876 5574 2283 5676; x_wconf 78' lang='lat' dir='ltr'><strong>LscrtoNEs.</strong></span> 
     </span>
    </p>
   </div>
   <div class='ocr_carea' id='block_1_109' title="bbox 396 5755 1913 5846">
    <p class='ocr_par' dir='ltr' id='par_1_109' title="bbox 396 5755 1913 5846">
     <span class='ocr_line' id='line_1_109' title="bbox 396 5755 1913 5846; baseline 0.001 -20"><span class='ocrx_word' id='word_1_929' title='bbox 396 5755 440 5787; x_wconf 62' lang='grc' dir='ltr'>η</span> <span class='ocrx_word' id='word_1_930' title='bbox 467 5765 833 5842; x_wconf 76' lang='lat' dir='ltr'><strong>Septuaginta</strong></span> <span class='ocrx_word' id='word_1_931' title='bbox 895 5771 1083 5843; x_wconf 81' lang='grc' dir='ltr'>θήσεις</span> <span class='ocrx_word' id='word_1_932' title='bbox 1136 5773 1481 5846; x_wconf 77' lang='grc' dir='ltr'>διαγράψεις.</span> <span class='ocrx_word' id='word_1_933' title='bbox 1560 5774 1599 5807; x_wconf 87' lang='grc'>¹¹</span> <span class='ocrx_word' id='word_1_934' title='bbox 1636 5773 1765 5845; x_wconf 74' lang='lat' dir='ltr'><strong>ch.</strong></span> <span class='ocrx_word' id='word_1_935' title='bbox 1800 5774 1913 5828; x_wconf 71' lang='lat' dir='ltr'><strong>dwar</strong></span> 
     </span>
    </p>
   </div>
   <div class='ocr_carea' id='block_1_110' title="bbox 2016 5755 2703 5846">
    <p class='ocr_par' dir='ltr' id='par_1_110' title="bbox 2022 5768 2703 5842">
     <span class='ocr_line' id='line_1_110' title="bbox 2022 5768 2703 5842; baseline -0.003 -16"><span class='ocrx_word' id='word_1_936' title='bbox 2022 5789 2207 5837; x_wconf 84' lang='grc' dir='ltr'>σοντος</span> <span class='ocrx_word' id='word_1_937' title='bbox 2232 5786 2245 5799; x_wconf 92' lang='grc'><strong>·</strong></span> <span class='ocrx_word' id='word_1_938' title='bbox 2280 5768 2703 5842; x_wconf 77' lang='grc' dir='ltr'>ἀνορθώσοντος.</span> 
     </span>
    </p>
   </div>
   <div class='ocr_carea' id='block_1_111' title="bbox 599 5885 1304 5957">
    <p class='ocr_par' dir='ltr' id='par_1_111' title="bbox 599 5885 1304 5957">
     <span class='ocr_line' id='line_1_111' title="bbox 599 5885 1304 5957; baseline 0.011 -8"><span class='ocrx_word' id='word_1_939' title='bbox 599 5885 876 5951; x_wconf 66' lang='lat' dir='ltr'><strong>Parant.</strong></span> <span class='ocrx_word' id='word_1_940' title='bbox 915 5890 1033 5954; x_wconf 77' lang='lat' dir='ltr'><strong>Gn.</strong></span> <span class='ocrx_word' id='word_1_941' title='bbox 1065 5892 1304 5957; x_wconf 75' lang='lat' dir='ltr'><strong>XCVII.</strong></span> 
     </span>
    </p>
   </div>
  </div>
