3966 6436
406 348 532 421 ³675

1590 348 1653 410 S.
1691 342 2020 407 ANDREE
2060 342 2486 409 CRETENSIS

3572 352 3678 418 8m

425 481 538 524 non
567 463 909 520 discesserat
940 476 952 515 :
995 480 1014 514 ‹
1049 460 1170 516 Non
1196 451 1517 531 relinquam
1559 474 1656 515 vos
1685 459 1989 530 orphanos:

2105 456 2304 533 ἀφήσω
2331 457 2476 527 ὑμᾶς
2500 455 2772 528 ὀρφανούς
2791 474 2803 485 ·
2837 455 3068 529 ἔρχομαι
3100 456 3234 528 πρὸς
3269 451 3431 530 ύμᾶς.
3468 480 3488 514 ι
3512 460 3679 519 Τοῦτο

428 561 644 616 veniam
684 556 752 613 ad
787 559 959 635 voss.
1019 575 1037 608 ι
1071 554 1186 611 Hoc
1237 569 1461 625 quoque
1507 564 1637 608 ante
1664 551 1998 607 ineffabilem

426 667 584 708 suam
612 649 1051 705 incarnationem
1088 662 1187 718 per
1225 647 1527 719 prophetas
1568 646 1862 717 pollicitus
1893 650 1997 698 est.

2105 545 2199 599 καὶ
2257 545 2363 616 πρὸ
2410 546 2513 615 τῆς
2565 546 2850 618 ἀφράστου
2884 547 3350 620 ὲνανθρωπήσεως
3382 551 3549 604 αὑτοῦ
3596 553 3682 608 διὰ

2104 637 2399 709 προφητῶν
2458 638 2734 710 ἀριδήλως
2800 639 3087 710 ὑπέσχετο.
3162 641 3316 695 ’Ens‘t
3393 638 3490 697 οὖν
3541 644 3682 698 οὕτω

424 743 561 798 Cum
600 742 715 797 haec
746 755 882 813 ergo
921 740 1003 796 sic
1038 739 1331 806 haberent,
1375 738 1603 809 jamque
1652 742 1874 790 vocaret
1903 749 1989 804 op-

2102 731 2299 793 ταῦτα,
2327 732 2424 786 καὶ
2468 732 2570 803 ἤδη
2624 734 2818 805 καιρὸς
2870 735 3057 788 ἐκάλει
3091 736 3266 806 πέρας
3293 740 3565 793 ἐπιθεῖναι
3604 740 3684 811 τῷ

423 843 727 909 portunum
784 841 1006 905 tempus
1042 843 1104 889 ut
1139 832 1506 904 promissioni
1544 831 1707 886 ﬁnem
1751 830 2000 898 impone-

420 935 530 991 ret,
567 926 693 980 vide
717 924 848 994 quid
896 931 1045 995 agat,
1082 930 1289 978 nostra:
1341 923 1462 993 ipse
1492 920 1727 984 salutis,
1777 932 1995 983 massaa,

421 1019 671 1090 inquam,
720 1028 963 1083 nostrae,
999 1016 1285 1086 negotium
1339 1029 1532 1087 agens.
1595 1013 1715 1069 Non
1774 1010 1999 1066 aliunde

419 1110 631 1165 invexit
679 1108 1152 1172 instrumentum;
1218 1121 1328 1160 non
1383 1121 1450 1160 ex
1515 1103 1827 1161 substantia
1889 1101 1996 1156 alia

418 1218 514 1259 vas
566 1200 933 1269 reformavit;
980 1199 1077 1256 sed
1130 1215 1196 1256 ex
1228 1199 1420 1255 eodem
1463 1198 1586 1269 ipso
1635 1199 1773 1262 luto,
1806 1204 1994 1266 atque,

416 1302 478 1349 ut
505 1295 581 1349 ita
609 1293 817 1359 dicam,
850 1308 916 1347 ex
953 1291 1146 1346 eadem
1190 1303 1401 1355 massa,
1433 1304 1535 1345 ceu
1567 1287 1899 1359 quisquilias
1930 1299 1994 1340 ac

418 1396 781 1458 purgamenta
843 1383 1149 1451 attrahens,
1205 1382 1513 1453 pretiosum
1565 1381 1696 1444 sibi,
1746 1382 1995 1449 adeoque

414 1492 586 1547 supra
629 1476 850 1532 modum
902 1490 1120 1529 arcame
1159 1489 1224 1528 ac
1269 1474 1542 1530 mirabilis
1589 1470 1993 1543 compactionis

415 1568 707 1640 templum,
741 1567 1038 1623 aediﬁcavit
1065 1584 1078 1621 :
1112 1567 1165 1621 in
1198 1580 1310 1637 quo
1342 1564 1558 1637 primus
1587 1565 1705 1635 ipse
1731 1579 1796 1619 ae
1835 1563 1992 1619 solus

415 1660 689 1724 l‘ontifex,
747 1657 992 1729 Bexque,
1053 1656 1499 1728 dispensatione,
1560 1666 1811 1716 nostram
1864 1670 1988 1709 cum

412 1754 577 1808 Patre
629 1768 732 1807 suo
779 1750 1294 1805 reconciliationem
1347 1763 1448 1818 pro
1498 1761 1659 1802 more
1688 1744 1986 1802 sacerdotii

2099 819 2520 891 ὲπαγγέλματι·
2554 822 2655 892 ὅρα
2708 824 2761 876 τί
2793 826 2957 890 ποιεῖ,
2988 827 3018 879 ὁ
3061 825 3158 895 τὴν
3192 829 3471 900 ἡμετέραν
3505 847 3683 902 σωτη-

2103 911 2226 981 ρίαν
2249 952 2264 979 ,
2292 911 2389 966 τοῦ
2421 912 2581 984 ἡμῶν
2612 915 2959 986 φυράματος,
3015 922 3563 989 πραγματευόμενος.
3608 925 3685 978 Οὐ

2098 1001 2336 1073 θύραθεν
2361 1000 2746 1075 είσκεκόμικιν
2795 1006 3060 1077 ὄργανον·
3109 1010 3210 1064 οὐκ
3262 1009 3324 1075 ὲξ
3373 1013 3569 1081 ἑτέρας
3592 1014 3685 1067 οὗ·

2099 1083 2223 1156 σίας
2257 1096 2618 1168 ἀνεμόρφωσε
2656 1098 2885 1163 σκεῦος·
2913 1100 3031 1154 ἀλλ’
3065 1102 3128 1156 ὲκ
3163 1102 3257 1157 τοῦ
3289 1104 3460 1157 αὑτοῦ
3486 1105 3687 1177 πηλοῦ,

2097 1186 2191 1240 καὶ
2240 1187 2345 1257 τῆς
2375 1189 2546 1259 αὐτῆς
2600 1189 2676 1254 ὡς
2731 1191 2797 1245 ἄν
2828 1208 2915 1256 τις
2956 1194 3094 1265 φαίη
3137 1184 3319 1266 ζύμης
3358 1198 3691 1263 ὑποσπάσας

2098 1280 2350 1350 συρμάδα
2383 1281 2447 1345 ’³,
2471 1281 2653 1352 τίμιον
2695 1283 2897 1355 ἐαυτῷ,
2954 1284 3049 1338 καὶ
3092 1285 3193 1356 τῆς
3224 1287 3484 1359 τοιαύτης
3510 1290 3683 1354 ὄντως

2095 1370 2481 1442 ὑπεραρῤήτου
2511 1375 2865 1444 συμπήξεως,
2891 1376 3019 1430 ναὸν
3036 1379 3366 1450 ἐτεκτήνατο
3385 1397 3398 1411 ·
3432 1383 3491 1435 ὲν
3519 1366 3683 1455 ᾧπερ

2094 1462 2260 1526 αὐτὸς
2295 1464 2324 1517 ὁ
2358 1465 2581 1536 πρῶτος
2610 1468 2708 1519 καὶ
2760 1467 2923 1537 μόνος
2952 1468 3270 1541 ’Δρχιερεύς
3294 1490 3353 1526 τε
3390 1476 3484 1528 καὶ
3514 1477 3686 1531 Βασι-

2091 1553 2241 1619 λεὺς,
2275 1557 2635 1627 οἰκονομικῶς
2664 1556 2765 1629 τὴν
2799 1559 2922 1613 καθ’
2961 1560 3104 1631 ἡμᾶς
3140 1563 3506 1635 ἱερουργήσας
3545 1566 3689 1639 πρὸς

2091 1647 2182 1702 τδν
2212 1649 2407 1702 ἑαυτοῦ
2437 1651 2659 1722 Πατέρα
2703 1653 3073 1724 καταλλαγὴν,
3107 1656 3237 1727 ὃλην
3278 1658 3436 1728 ὑμῶν
3476 1661 3580 1728 τὴν
3599 1659 3688 1715 οὐ·

2094 1742 2216 1795 σίαν
2263 1742 2575 1813 ὑπερουσίω
2596 1764 2627 1808 ν,
2661 1745 2757 1798 καὶ
2784 1745 2906 1799 κατ’
2937 1748 3125 1803 οὐσίαν
3156 1751 3219 1801 ὲκ
3260 1749 3362 1818 τῆς
3389 1750 3685 1821 ἀνθρώπου

411 1858 712 1917 peragens,
786 1851 960 1897 totam
1017 1850 1270 1896 nostram
1342 1839 1739 1905 substantiam,
1802 1838 1987 1892 altiori

2092 1835 2280 1897 οὐσίας
2309 1835 2592 1889 ἀνέλαϐεν.
2654 1838 2931 1909 Ἐμνήσθη
2981 1840 3273 1910 τοιγαροῦν
3324 1841 3433 1895 τῶν
3489 1843 3686 1897 ἑαυτοῦ

408 1953 578 2007 supra
623 1935 995 1992 substantiam
1051 1933 1237 1996 modo,
1287 1931 1639 1989 substantiali
1705 1930 1990 1985 nihilomi-

408 2042 533 2092 nus,
571 2040 636 2081 ex
687 2026 976 2080 hominum
1022 2024 1343 2079 substantia
1394 2022 1868 2095 accepit./ltaque
1902 2036 1987 2076 re-

408 2116 675 2169 cordatus
737 2122 822 2169 cst
884 2112 1030 2170 Deus
1089 2120 1404 2169 creatorum
1463 2116 1530 2169 ah
1585 2114 1726 2184 ipso.
1776 2112 1991 2183 Quippe

408 2218 602 2268 [rentes
632 2221 827 2261 omnes
879 2206 1005 2274 ejus
1053 2214 1185 2261 sunt
1228 2206 1490 2260 creatura
1525 2225 1537 2260 :
1583 2223 1601 2259 ι
1641 2205 1990 2260 Rccordatns

405 2310 491 2356 est
523 2301 944 2355 miserationum
978 2315 1231 2366 suarum,
1261 2316 1384 2369 qua:
1416 2315 1444 2352 a
1472 2300 1678 2354 saeculo
1710 2308 1838 2354 sunt
1870 2299 1920 2362 ιι,
1964 2315 1982 2349 ι

411 2394 677 2449 llotnittus
716 2393 834 2461 ipse
867 2394 1200 2448 saeculorum
1254 2410 1267 2445 :
1319 2392 1647 2446 recordatus
1702 2398 1786 2445 cst
1821 2399 1991 2444 testa-

409 2484 575 2539 menti
602 2484 748 2554 quod
790 2499 920 2538 cum
972 2483 1293 2538 hominibus
1344 2483 1571 2552 pepigit.
1636 2480 1986 2536 Recordatus

407 2583 529 2642 est;
570 2589 673 2628 nec
700 2572 1026 2627 recordatus
1058 2572 1298 2638 distulit,
1359 2571 1454 2625 sed
1490 2587 1614 2624 tuin:
1658 2571 1984 2625 beneﬁcium

302 2728 307 2735 ρ
407 2665 647 2720 induxit.
710 2663 1058 2719 Recordatus
1116 2664 1265 2717 enim
1316 2661 1541 2717 Davidis
1576 2665 1620 2725 ί,
1678 2677 1740 2715 ac
1793 2676 1983 2736 eorum

406 2755 914 2828 quaajurejurando
935 2755 1064 2823 olim
1098 2754 1471 2824 promisisset,
1493 2753 1611 2809 fore
1644 2762 1700 2808 ut
1727 2753 1986 2809 Christus

387 2863 474 2903 ‘ex
524 2849 647 2918 ejus
705 2846 919 2902 semine
979 2855 1339 2916 exsurgeret,
1403 2848 1458 2900 in
1511 2860 1622 2916 quo
1676 2846 1980 2915 collapsum

2091 1928 2410 1997 κτισμάτων
2468 1932 2496 1982 ὁ
2554 1928 2728 1993 Θεός⁶
2782 1931 2994 1999 κτίσμα
3048 1932 3157 2004 γὰρ
3189 1933 3358 1987 αἰτοῦ
3400 1936 3581 1990 πάντα
3615 1937 3690 1992 τὰ

2089 2018 2249 2089 ἔθνη·
2296 2038 2314 2071 ι
2377 2019 2653 2091 Ἐμνήσθη
2699 2021 2810 2073 τῶν
2865 2022 3170 2093 οίκτιρμῶν
3234 2025 3383 2095 αὑτῷ
3429 2026 3538 2079 τῶν
3587 2029 3689 2082 ἀπ’

2090 2108 2289 2174 αἰῶνος
2312 2149 2328 2175 ,
2367 2129 2387 2162 ι
2421 2112 2450 2163 ὁ
2485 2110 2597 2164 τῶν
2635 2111 2848 2167 αἰώνων
2867 2113 3069 2185 Κύριος
3098 2154 3112 2180 ,
3147 2116 3399 2187 ἐμνήσθη
3436 2119 3540 2188 τῆς
3566 2120 3693 2175 δια-

2091 2205 2264 2277 θήκης
2294 2201 2361 2278 ἧς
2395 2207 2533 2277 πρὸς
2577 2207 2900 2278 ἀνθρώπους
2950 2209 3178 2265 διέθετο.
3243 2210 3552 2284 Ἐμνήσθη,
3588 2216 3689 2268 καὶ

2094 2302 2355 2371 μνησθεὶς
2389 2302 2489 2373 οὐχ
2544 2302 2877 2374 ὑπερέθετοο
2908 2304 3024 2357 ἀλλ’
3075 2303 3276 2358 αὐτίκα
3317 2305 3420 2373 τὴν
3459 2307 3691 2377 εὐεργε-

2092 2392 2214 2441 σίαν
2243 2391 2516 2460 ἐπήγαγε.
2548 2391 2823 2461 Μνησθεὶς
2851 2391 2960 2463 γὰρ
2990 2392 3083 2444 τοῦ
3103 2393 3399 2456 Δαῦὶδ,γ.αὶ
3426 2389 3501 2449 ὧν
3532 2397 3691 2465 αὐτῷ

2087 2480 2352 2549 διωμόκει
2412 2483 2700 2552 πρότερον,
2753 2483 2819 2535 ὲκ
2870 2483 2965 2535 τοῦ
3020 2484 3340 2555 σπέρματος
3385 2485 3554 2545 αὐτοῦ
3589 2487 3692 2539 τὸν

2087 2573 2321 2641 Χριστὸν
2354 2574 2703 2643 ἀναστήσειν,
2736 2575 2796 2627 ὲν
2833 2568 2878 2643 ᾧ
2929 2576 2988 2628 τὸ
3047 2576 3337 2641 πεπτωκὸς
3387 2577 3482 2631 τοῦ
3541 2580 3693 2648 ἠμε-

2090 2665 2250 2732 τέρου
2310 2667 2504 2735 γένους
2562 2667 2768 2737 σκηνῆς
2816 2667 2972 2739 δίκην
3026 2670 3415 2740 ἀνῳκοδόμησε
3443 2671 3687 2743 ποίημα,

2092 2755 2399 2825 παράδοξον
2453 2758 2547 2811 ὲπὶ
2598 2757 2884 2829 παραδόξῳ
2921 2758 3187 2830 θαύματι,
3220 2764 3686 2835 συνεισκεκόμικε

2092 2846 2299 2918 θαῦμα.

406 2940 585 2995 nostri
644 2939 871 3010 generis
922 2952 1086 3010 Opus,
1152 2938 1501 2993 tabernaculi
1576 2938 1754 2991 instar
1820 2937 2181 2993 reaediﬁcaret
2223 2952 2268 3009 ι,
2341 2956 2545 2995 norum
2614 2941 2969 3014 insolensque
3024 2946 3375 3012 miraculum,
3431 2948 3559 3003 novi
3617 2964 3687 3004 ac

406 3032 700 3088 insolentis
732 3028 985 3084 miraculi
1013 3043 1200 3083 comes
1227 3028 1456 3082 invexit.

474 3124 613 3178 Cum
669 3122 858 3192 itaque
905 3122 1097 3177 sobria
1131 3136 1194 3176 ac
1233 3129 1386 3176 casta
1426 3127 1609 3187 Anna,
1654 3122 1810 3193 gravi
1848 3137 1985 3178 mm-

2163 3119 2275 3173 Καὶ
2325 3118 2389 3187 δὴ
2431 3120 2532 3189 τῆς
2588 3120 2867 3193 σώφρονος
2955 3126 3155 3196 Ἀννης
3220 3126 3402 3197 πολλῷ
3450 3088 3530 3198 τῶ
3580 3131 3681 3202 τῆς

394 3216 550 3273 roris
578 3231 789 3287 angore
823 3221 1150 3281 teneretur;
1199 3229 1323 3267 cum
1367 3214 1565 3285 primis
1596 3222 1804 3280 autem,
1838 3213 1983 3283 quod

397 3310 569 3365 etiam
612 3307 835 3377 coniux,
873 3308 943 3362 ob
977 3306 1149 3378 prolis
1192 3307 1496 3361 carentiam
1533 3320 1723 3361 amare
1752 3321 1986 3361 vexare-

407 3413 497 3456 tur
530 3421 543 3457 :
576 3404 865 3456 amborum
898 3397 1049 3457 Deus
1075 3398 1432 3455 sterilitatem
1462 3398 1651 3464 solvit,
1680 3413 1988 3468 eorumque

406 3494 755 3565 supplicibus
815 3488 1053 3547 inflexus
1100 3488 1268 3558 votis,
1305 3491 1489 3547 sterili
1541 3490 1762 3561 quidem
1815 3489 1986 3545 fetum

406 3586 624 3649 tribuit,
665 3599 827 3655 quem
873 3591 1003 3640 ante
1050 3584 1303 3654 precatio
1351 3582 1616 3650 sevisset;
1666 3582 1869 3637 marito
1896 3596 1987 3635 au-

407 3686 515 3734 tem
553 3677 749 3731 tribuit
795 3669 1070 3741 fructum,
1106 3690 1270 3745 quem
1322 3689 1451 3745 spes
1483 3675 1887 3745 germinasset;
1921 3689 1987 3727 ac

405 3771 645 3831 domum,
705 3766 1128 3822 iniucunditatis
1196 3773 1334 3820 aestu
1391 3764 1605 3821 exustis
1678 3765 1985 3835 aridisque,

406 3857 729 3928 sempiterni
772 3857 973 3911 viroris
1031 3851 1220 3909 ﬁerent
1256 3855 1550 3909 concedit:
1612 3854 1783 3923 ﬁtque
1832 3853 1989 3907 dein-

405 3965 539 4019 ceps
593 3942 829 4004 fecunda
881 3961 1106 4019 parens,
1135 3938 1257 4018 quin
1296 3948 1456 4018 prius
1504 3944 1984 4014 eratinfecunda;

408 4043 647 4112 vitisque
698 4056 919 4112 semper
963 4039 1172 4103 virens,
1204 4054 1328 4109 qua:
1372 4052 1597 4110 germen
1628 4052 1740 4092 non
1784 4036 1987 4093 edidis-

405 4141 511 4188 set.
567 4130 712 4197 Quid
752 4140 925 4200 porro
971 4142 1034 4183 ea
1084 4129 1256 4199 prolis
1288 4129 1643 4197 susceptione
1694 4126 1985 4181 venerabi-

405 4227 558 4281 lius?
591 4223 737 4292 Quid
767 4239 898 4279 vero
933 4221 1259 4292 ampliorem
1295 4220 1507 4277 habens
1534 4220 1984 4284 admirationem,

404 4334 566 4389 quam
609 4327 668 4374 ut
697 4318 791 4373 Dei
840 4312 1095 4379 Matrem,
1133 4313 1203 4370 ab
1252 4321 1481 4385 experte
1528 4312 1759 4370 seminis
1805 4322 1983 4380 utero,

2089 3212 2247 3275 ἀνίας
2271 3212 2314 3244 ³³
2329 3212 2486 3283 ἄχθει
2507 3214 2937 3287 κατησχημένης
2956 3233 2971 3248 ο
2992 3218 3136 3289 μάλα
3164 3218 3242 3285 δὲ,
3262 3220 3356 3273 καὶ
3377 3221 3538 3276 τοῦτο
3553 3241 3681 3277 συν-

2088 3302 2245 3355 εύνου
2277 3301 2491 3373 πικρῶς
2512 3302 2842 3375 πιεζομένου
2876 3306 2976 3376 τῆς
2992 3308 3248 3374 ἀτεκνίας
3273 3313 3436 3382 χάριν
3459 3328 3475 3345 '
3503 3314 3682 3384 ἀμφο-

2086 3395 2263 3464 τέρων
2292 3393 2449 3447 ἔλυσε
2480 3394 2578 3466 τὴν
2608 3395 2868 3468 στέρησιν
2908 3399 2936 3452 ὁ
2961 3397 3093 3465 Θεός
3114 3416 3128 3431 ⁸
3148 3401 3325 3467 λιταῖς
3349 3418 3431 3472 τε,
3471 3405 3682 3461 τούτων

2088 3485 2485 3555 ὲπικαμφθεὶς,
2516 3487 2702 3541 δίδωσι
2734 3491 2800 3560 τῇ
2836 3490 3025 3562 στείρᾳ
3057 3492 3243 3565 γονὴν,
3273 3496 3342 3564 ἣν
3382 3498 3680 3567 προέσπει·

2095 3591 2186 3645 ρεν
2238 3575 2373 3648 εὐχή
2402 3591 2416 3607 ο
2465 3576 2563 3631 καὶ
2591 3576 2668 3649 τῷ
2710 3579 2954 3650 συνεὺνῳ
2997 3583 3230 3652 καρπὸν,
3261 3580 3320 3637 ὃν
3344 3581 3682 3659 ἐϐλάστησεν

2090 3667 2267 3732 ἐλπὶς,
2301 3671 2399 3724 καὶ
2459 3668 2625 3734 ἄνθος
2673 3668 2925 3735 ἀειθαλὲς
2972 3672 3086 3737 τοῖς
3127 3672 3683 3751 ἀποξηρανθεῖσιτῆς

2088 3760 2349 3826 ἀπαιδίας
2391 3760 2472 3833 τῷ
2500 3761 2785 3818 καύσωνι*
2833 3765 2930 3818 καὶ
2969 3764 3183 3833 γίνεται
3226 3769 3453 3840 γόνιμος
3480 3770 3513 3844 ἠ
3539 3774 3680 3845 πρό-

2086 3870 2243 3924 τερον
2274 3854 2486 3921 ἄγονος,
2513 3856 2609 3909 καὶ
2639 3856 2739 3929 κλη
2751 3858 2911 3927 ματὶς
2950 3857 3346 3930 ἀναϐάλλουσα,
3377 3865 3408 3934 ἡ
3446 3863 3681 3934 βλαστὸν

2085 3946 2185 3998 οὐκ
2211 3945 2516 4014 ἐκφύουσα.
2537 3947 2648 4001 Καὶ
2670 3948 2724 4001 τί
2777 3949 2984 4019 ταύτης
3012 3948 3166 4004 ἔσται
3203 3952 3305 4023 τῆς
3330 3954 3680 4024 παιδοποιίας

2085 4035 2551 4109 αίδεσιμὼτερον;
2588 4039 2654 4091 Τί
2707 4038 3264 4116 δὴπαραδοξότερον,
3314 4042 3409 4099 τοῦ
3454 4042 3679 4117 βλέπειν

2088 4129 2322 4201 Μητέρα
2357 4128 2517 4196 Θεοῦ,
2553 4130 2914 4204 διανοιγείσης
2950 4133 3072 4205 μὲν,
3106 4134 3169 4188 οὐ
3197 4136 3596 4211 διαφθαρείσης
3619 4141 3679 4195 δὲ

2084 4221 2186 4292 τὴν
2221 4222 2407 4292 νηδὺν,
2429 4224 2493 4277 ὲκ
2513 4225 2815 4296 νεοσπόρου
2842 4227 2885 4258 ίδ
2913 4225 3171 4297 γαστρὸς,
3199 4229 3415 4299 καρπὸν
3448 4232 3677 4299 ἁγνείας

2088 4312 2420 4381 ὲκφύουσαν,
2448 4314 2543 4369 καὶ
2567 4316 2838 4387 παρθένον
2867 4318 2930 4370 ὲκ
2967 4316 3188 4390 στείρας
3216 4318 3412 4389 ἀγόνου
3438 4316 3675 4393 βλαστά-

403 4422 595 4483 ιψϊιο
621 4410 867 4483 quidem,
918 4406 1016 4464 sed
1073 4422 1185 4463 non
1214 4414 1505 4478 corrupto,
1551 4406 1830 4461 castitatis
1864 4405 1986 4461 frn-

2088 4420 2320 4470 νουσαν;
2349 4405 2467 4459 Ἵνα
2493 4406 2546 4459 τί
2570 4406 2799 4477 γένηται
2821 4426 2836 4476 ;
2862 4408 2981 4462 Ἵνα
2999 4409 3076 4482 τῷ
3101 4406 3225 4464 κατ’
3250 4412 3420 4484 αὐτὴν
3444 4415 3679 4486 ὑπεραί-

403 4511 552 4558 ctum
612 4499 859 4570 proferre
915 4498 1240 4562 videamus,
1298 4505 1362 4552 a’c
1416 4497 1686 4566 virginem
1742 4513 1805 4549 ex
1842 4496 1984 4552 infe-

2087 4512 2238 4566 ροντι
2288 4494 2534 4568 θαύματι
2587 4498 2649 4553 τὸ
2702 4499 2804 4571 τῆς
2851 4501 3116 4572 τεκούσης
3173 4483 3566 4578 ’πιστώσηται⁷
3609 4508 3675 4562 Ἡ

403 4590 588 4645 cunda
629 4605 696 4646 ac
739 4588 915 4646 sterili
970 4588 1180 4644 femina
1228 4586 1674 4659 germinantem?
1703 4583 1982 4661 Quorsum

2090 4587 2210 4657 μὲν,
2238 4586 2266 4641 δ
2298 4588 2373 4660 μὴ
2405 4591 2669 4663 πρότερον
2689 4595 2759 4663 τῇ
2786 4592 2948 4661 φύσει
2967 4593 3075 4649 τῶν
3111 4595 3415 4667 ἀνθρώπων
3443 4597 3679 4670 ὲγνὼρι-

403 4682 555 4737 haec?
592 4680 887 4745 Nimirum,
928 4687 991 4753 ut
1037 4678 1334 4736 excellenti
1366 4677 1492 4748 eju‘s
1541 4676 1839 4743 miraculo,
1868 4676 1985 4730 Ma-

2088 4695 2199 4743 στο,
2231 4680 2485 4753 ἀπάτορα
2518 4682 2677 4737 τόκον
2720 4682 2780 4749 ἑξ
2814 4684 3123 4756 ἀλοχεύτων
3159 4682 3368 4742 ὠδίνων
3407 4691 3475 4760 τῇ
3510 4689 3676 4758 φύσει

403 4774 506 4853 tris
534 4773 864 4828 miraculum
896 4768 1278 4828 conﬁrmaret.
1317 4769 1509 4823 Altera
1551 4766 1800 4839 quidem,
1833 4766 1984 4837 quod

2086 4768 2239 4840 παρά
2268 4770 2368 4842 τὴν
2408 4770 2574 4839 φύσιν
2622 4774 2943 4842 εἰσήγαγεν.
2995 4774 3268 4845 ὑπερφυεῖ
3313 4776 3540 4847 δυνάμει
3579 4778 3677 4831 τὸν

406 4865 645 4922 necdum
680 4864 924 4919 humano
966 4861 1158 4936 generi
1209 4862 1557 4925 innotuerat,
1605 4867 1830 4930 partum
1866 4860 1989 4914 sine

2087 4860 2185 4929 τῆς
2202 4860 2419 4930 φύσεως
2442 4861 2746 4934 αὐτουργὸν
2766 4865 2824 4917 ἐν
2854 4866 3041 4937 μήτρᾳ
3064 4868 3503 4939 παιδοποιήσασα
3523 4886 3537 4899 ·
3576 4869 3678 4923 καὶ

407 4966 588 5030 patre,
621 4957 714 5012 cui
748 4956 933 5012 nullus
958 4955 1142 5010 coitus
1167 4950 1501 5025 praeivisset,
1534 4958 1748 5005 naturae
1784 4958 1988 5021 praeter

2087 4949 2280 5018 γέγονε
2319 4949 2524 5023 μήτηρ,
2554 4952 2625 5005 τὰ
2654 4953 2912 5024 μητέρων
2956 4954 3236 5024 φυγοῦσα·
3262 4957 3359 5010 καὶ
3387 4958 3447 5009 τδ
3472 4955 3676 5027 βρέφος

407 5055 663 5100 naturam
701 5044 992 5107 invehens,
1025 5041 1206 5113 ipsum
1232 5047 1447 5095 natura
1469 5039 1766 5092 Auctorem
1799 5037 1988 5092 altiori

2085 5040 2186 5095 οὐκ
2216 5039 2330 5113 εἶχε
2364 5045 2578 5116 πατέρα
2605 5045 2793 5099 καλεῖν
2832 5047 2924 5101 ἐπὶ
2970 5050 3095 5116 γῆς,
3126 5049 3208 5102 ὄτι
3232 5048 3305 5118 μὴ
3332 5048 3542 5120 σπορᾶς
3576 5064 3675 5118 με·-

404 5153 573 5208 supra
599 5147 854 5191 naturam
890 5135 1106 5190 ratione
1141 5134 1197 5188 in
1244 5132 1415 5223 lvulva
1462 5130 1755 5201 concepit,
1789 5141 1985 5203 estque

2087 5134 2414 5204 σιτευούσης
2446 5137 2797 5207 συνείληπτο,
2831 5138 2965 5208 μηδὲ
2991 5138 3200 5209 φθορᾶς
3236 5136 3675 5210 ’ὑποδραμούσης

401 5227 599 5283 effecta
641 5234 837 5293 mater,
881 5241 1007 5282 cum
1055 5240 1119 5280 ea
1174 5238 1297 5296 quae
1344 5233 1476 5279 sunt
1514 5231 1752 5277 matrum
1811 5224 1984 5278 vitas-

2084 5225 2117 5291 ή
2176 5224 2415 5279 τεκοῦσα
2456 5228 2787 5298 γεγέννηκεν
2809 5245 2822 5259 ·
2849 5230 2881 5299 ἠ
2911 5228 2986 5295 δὲ,
3017 5230 3225 5302 καίπερ
3268 5230 3440 5283 πολλά
3465 5231 3579 5284 τῶν
3614 5234 3675 5283 ἐν

403 5326 487 5373 set
514 5337 528 5388 ;
560 5333 664 5373 nec
701 5318 889 5372 infans
922 5316 1163 5371 habebat
1189 5325 1396 5397 patrem
1448 5327 1644 5367 vocare
1684 5328 1846 5382 super
1873 5323 1980 5366 ter-

2089 5313 2376 5386 στειρώσει
2439 5316 2826 5388 προλαϐόντων
2893 5319 3092 5390 ἔχουσα
3151 5320 3221 5374 τὰ
3271 5302 3671 5391 ὑποδείγματα,

403 5423 544 5474 ram,
577 5407 671 5478 qui
718 5408 869 5462 nulla
918 5415 1163 5463 semente
1213 5402 1391 5458 media
1423 5411 1723 5473 conceptus
1755 5401 1976 5468 fuisset,

2087 5405 2229 5459 κατά
2289 5406 2482 5462 πασῶν
2525 5408 2910 5480 ὑπερνικῶσαν
2943 5410 3069 5481 ἔσχε
3090 5411 3191 5482 τὴν
3236 5411 3438 5481 ψῆφον.
3473 5412 3533 5464 Ei
3562 5410 3674 5479 γὰρ

1626 5543 1815 5599 i[’sal.
1844 5560 2041 5612 cxxxl,
2094 5545 2181 5598 Η.
2263 5547 2276 5595 l
2315 5548 2484 5606 Amos
2536 5564 2617 5617 ιι,
2650 5550 2710 5606 M
2746 5562 2761 5615 ;
2870 5548 2997 5608 Act.
3029 5565 3120 5615 xv,
3184 5548 3239 5604 9.

1709 5683 1947 5741 νΑιιιΑε
1978 5682 2388 5741 LEC'I'IONES.

1034 5778 1076 5811 ⁸³
1104 5777 1191 5834 ed.
1223 5793 1508 5849 perperam
1538 5777 1743 5841 ἀνοίας.
1864 5778 1906 5809 ι’
1930 5777 2017 5830 ἴσ.
2042 5775 2311 5847 ἀσπόρου.

475 5556 503 5594 ε
532 5546 693 5603 Joan.
749 5562 864 5613 xw,
896 5547 983 5603 l8.
1061 5548 1086 5586 ιι
1120 5525 1273 5602 Psal.
1303 5564 1453 5616 xxw,
1486 5546 1535 5607 6,

480 5772 517 5800 ²¹
547 5775 631 5828 ϊσ.
679 5773 745 5830 σύ
756 5790 899 5844 ρματ

3173 5894 3355 5912 ..σι-6
