3966 6474
446 354 554 423 877

1480 340 1562 412 ΙΝ
1600 337 2121 412 ΝΑΤΝΙΤΑΤΕΜ
2162 347 2225 405 Β.
2257 345 2544 406 MARI/E.
2582 335 2681 408 1V-

3619 341 3725 408 δ’ῖὸ

445 472 541 529 καὶ
588 467 964 539 πὰτριάρχαις
1014 463 1294 535 συνῴκουν
1353 464 1427 529 ὡς
1485 464 1751 527 σύνευνοι,
1799 461 1901 530 τῆς
1934 461 2033 532 μὲν

2163 476 2201 514 ιο
2230 474 2389 527 quem
2419 473 2646 528 parens,
2685 465 2743 511 ut
2784 455 2936 511 nulla
2965 454 3235 512 subiisset
3284 459 3596 537 corruptio,
3634 478 3728 530 ge-

438 564 634 635 ὀμοίας
687 559 917 622 εἰκότως
963 554 1401 629 θαυματοποιίας
1445 555 1711 626 ἠξίωνται
1751 553 1911 607 λῦσαι
1943 553 2038 606 καὶ

439 653 607 707 αὑταὶ
646 650 760 703 τῶν
815 647 1033 719 δεσμῶν
1071 647 1170 717 τῆς
1215 644 1564 716 στειρὼσεως
1593 660 1607 674 ο
1655 644 1743 697 ναὶ
1774 643 1902 713 γὰρ,
1939 642 2037 713 τῆς

444 740 759 815 ἱερογενοῦς
814 738 1020 806 ταύτης
1067 736 1257 801 παιδὸς
1287 735 1687 808 προειλήχεσαν
1733 729 1873 787 εἶναι
1906 751 2038 804 προ-

442 834 685 901 μήτορες
709 844 724 859 ο
754 825 872 878 ἀλλ’
911 826 968 878 αἱ
997 826 1094 896 μὲν
1135 824 1475 896 πορρωτάτω
1504 840 1607 876 που
1645 823 1738 875 καὶ
1767 821 1890 875 λίαν
1913 820 2040 876 ἄπο-

435 919 537 973 θεν
586 917 680 972 τοῦ
726 917 871 970 κατὰ
922 904 1028 988 τὴν
1079 915 1231 993 θείαν
1276 912 1589 985 οἰκονομίαν
1646 910 1929 985 θαύματος
1978 913 2039 993 τὸ

439 1010 712 1077 συγγενὲς
735 1008 953 1080 ἔχουσιν
976 1026 988 1038 ’
1020 1009 1053 1078 ἡ
1082 1007 1160 1071 δὲ,
1196 1003 1423 1076 ὕστερον
1458 1004 1581 1076 μὲν,
1611 1002 1705 1058 ἐπὶ
1736 1004 1933 1076 καιροῦ
1957 988 2034 1068 δὲ,

438 1103 542 1155 καὶ
578 1101 712 1171 πρὸς
733 1096 884 1169 αὑτῷ
906 1116 969 1167 γε
1001 1098 1079 1169 τῷ
1105 1097 1304 1169 πέρατι
1336 1097 1447 1149 τῶν
1470 1097 1698 1166 καιρῶν,
1728 1096 1814 1149 ὅτε
1848 1093 1912 1165 δὴ
1942 1093 2039 1148 καὶ

435 1194 639 1253 αὑταῖς
674 1189 947 1258 ἐφέστηκε
984 1190 1202 1260 θύραις,
1247 1190 1276 1242 6
1317 1188 1415 1260 τὴν
1444 1187 1696 1259 δραχμὴν
1722 1186 1821 1258 τὴν
1848 1182 2051 1257 βασιλι-

2149 551 2397 615 nuisset;
2431 550 2604 604 altera
2642 557 2845 613 autem,
2893 562 3218 619 quanquam
3269 548 3401 604 olim
3449 552 3731 608 sterilium

2148 643 2388 712 plurium
2419 643 2669 713 exempla
2731 642 2962 707 habens,
2997 641 3053 694 in
3090 656 3284 698 omnes
3320 651 3501 697 tamen
3536 643 3733 714 singu-

2149 734 2281 790 laris
2311 735 2692 806 przerogativte
2720 735 2994 790 calculum
3036 734 3365 805 reportavit.
3398 736 3731 806 Quanquam

2146 829 2292 882 enim
2345 829 2510 883 etiam
2542 826 2670 882 cntn
2705 828 3040 897 patriarchis
3086 828 3480 899 conjugiijure
3517 829 3727 899 habita~

2148 924 2299 978 runt,
2364 902 2651 987 similique
2701 926 2756 971 et
2787 918 2922 986 ipsa:
3001 916 3278 972 miraculo
3330 920 3400 972 ab
3455 918 3731 986 ejusmodi

2146 1010 2458 1064 sterilitatis
2494 994 2733 1064 vinculis
2770 994 2980 1064 absolvi
3012 1025 3124 1064 non
3174 1011 3482 1082 incongrue
3515 1027 3724 1065 merue-

2144 1109 2310 1155 runt:
2346 1101 2552 1156 etenim
2613 1085 2838 1157 fuerunt
2894 1090 3071 1157 sacrzc
3127 1102 3291 1172 hujus
3332 1104 3529 1174 puellae
3601 1103 3733 1159 olim

2143 1193 2326 1247 avize:
2380 1192 2755 1248 remotissitne
2822 1202 3029 1259 tamen,
3083 1208 3147 1248 ac
3194 1195 3351 1250 valde
3390 1198 3584 1265 procul
3642 1210 3733 1249 co-

439 1285 555 1354 κήν
576 1299 590 1313 ο
617 1283 766 1351 λέγω
787 1280 843 1334 δὲ
876 1282 975 1351 τὴν
1020 1281 1143 1335 καθ’
1194 1283 1344 1353 ἡμᾶς
1375 1279 1657 1350 ἐπιζητῶν
1703 1278 1889 1333 εἰκόνα
1911 1295 1925 1310 ο
1960 1277 2049 1333 ἵνα

2163 1287 2407 1354 {natione
2437 1285 2505 1338 ad
2545 1283 2752 1339 divina:
2782 1285 3113 1341 (nconomiae
3147 1288 3476 1342 miraculum
3523 1288 3735 1342 habue-

435 1375 540 1429 τὸν
580 1374 710 1446 χοῦν
734 1375 791 1426 ἐν
890 1365 1159 1445 πρότερον
1190 1373 1604 1440 ἀποκέκρυπτο,
1636 1367 1701 1442 τῇ
1733 1370 2047 1441 ἀνακαθάρ-

404 1490 411 1505 ι
441 1486 535 1521 σει
558 1466 650 1520 τοῦ
675 1466 959 1528 θεοτελοῦς
992 1464 1349 1537 ἐναποσμήξῃ
1399 1463 1718 1534 Πνεύματος
1741 1479 1755 1492 ο
1788 1463 2047 1516 κάκεῖθεν

438 1561 641 1629 ὥσπερ
672 1561 729 1611 ἐν
751 1558 933 1629 ἑαυτῷ
948 1556 1363 1628 ,φιλανθρώπως
1393 1555 1494 1627 τὴν
1528 1554 1876 1627 ἀνθρωπίνην
1910 1554 2046 1608 ἀνὰ-

443 1650 812 1722 μορφῶσηται
840 1649 1021 1717 φύσιν.
1456 1632 1465 1641 Ν

2143 1378 2270 1428 ra‘nt
2298 1391 2312 1427 :
2344 1375 2460 1428 haec
2519 1384 2727 1437 autem,
2781 1384 2971 1445 postea
3020 1377 3270 1446 quidem,
3316 1385 3372 1432 at
3403 1391 3736 1449 opportune,

2143 1466 2359 1537 subque
2419 1464 2542 1536 ipso
2627 1458 2872 1520 termino
2924 1476 3281 1539 temporum:
3346 1485 3473 1523 cum
3529 1471 3740 1525 scilicet

2156 1555 2296 1625 ipsis
2332 1571 2504 1625 prope
2528 1557 2992 1628 instaretjanuis,
3043 1561 3138 1630 qui
3175 1561 3381 1631 regiam
3416 1561 3736 1617 drachmam

2146 1658 2453 1716 quaereret;
2515 1650 2780 1714 humano,
2850 1652 3104 1723 inquam,
3164 1656 3354 1723 generi
3412 1654 3737 1724 imprtssam

444 1743 770 1812 imaginata,
811 1749 868 1796 ut
910 1742 1212 1810 pulverem,
1260 1738 1315 1792 in
1344 1746 1455 1809 quo
1494 1739 1730 1808 primum
1820 1734 1915 1791 illo
1983 1735 2321 1802 delituisset,
2380 1740 2558 1796 deifici
2606 1738 2848 1811 Spiritus
2917 1745 3318 1801 emundalione
3397 1747 3734 1817 detergeret:

441 1844 618 1903 atque
652 1838 709 1887 ttt
748 1833 874 1887 inde
904 1834 959 1884 in
991 1847 1051 1887 se
1097 1832 1213 1902 ipse
1246 1841 1502 1884 naturam
1538 1830 1836 1883 humanam
1874 1826 2112 1900 benigne
2141 1828 2501 1885 instauraret.

523 1975 624 2038 Τίς
661 1967 755 2028 οὖν
773 1973 803 2024 6
831 1971 962 2041 χοῦς
1000 1971 1060 2023 ὲν
1087 1964 1132 2039 ᾧ
1156 1969 1219 2023 τὸ
1270 1968 1389 2022 καθ’
1421 1970 1571 2040 ἡμᾶς
1595 1970 1816 2038 εὐγενὲς
1844 1969 2049 2025 ἀποκέ-

445 2083 706 2138 κρυπτος
737 2066 809 2118 ’Ἦ
839 2064 1002 2133 δῆλον
1024 2062 1253 2115 αὐτόθεν
1282 2062 1444 2132 τάχα,
1475 2062 1580 2116 κᾶν
1601 2064 1764 2134 ἡμεῖς
1789 2063 1863 2134 μὴ
1875 2062 2049 2130 λέγω·

455 2156 783 2227 μεν,ὃτιτὸν
801 2154 928 2224 χοῦν
947 2156 1153 2207 ἐκεῖνον
1176 2154 1233 2220 ἐξ
1251 2146 1311 2205 οὗ
1329 2153 1406 2207 διε
1416 2153 1627 2224 πλάσθη
1638 2150 1736 2225 μιν
1760 2153 2049 2225 πρότερον,

459 2254 563 2302 κάκ.
628 2248 1042 2318 ἀνεπλάσθημεν
1076 2246 1341 2317 ὕστερον,
1389 2248 1761 2317 ἀνερευνήσας
1788 2248 1815 2299 6
1837 2245 2052 2309 πλάσας

465 2342 643 2409 ἡμᾶς,
665 2341 723 2392 τὸ
749 2340 1081 2410 ζητούμενον
1111 2334 1239 2410 εὗρε
1266 2357 1282 2407 ;
1305 2340 1370 2393 Τί
1400 2339 1593 2405 τοῦτο;
1635 2339 1709 2392 Τὸ
1730 2340 1828 2409 τῆς
1844 2338 2054 2399 εἰκόνος

467 2433 794 2502 ἀρχέτυπον,
818 2434 956 2503 ὅπερ
1002 2431 1420 2503 συγκεχωμὲνον
1488 2431 1565 2484 ἴδε
1602 2434 1717 2494 τοῖς
1761 2431 1991 2486 πάθεσιν
2026 2433 2054 2485 ὁ

460 2526 587 2578 κατ’
614 2526 802 2579 οὐσίαν
822 2525 1062 2595 ἀπαθής.
1090 2526 1132 2576 Τ
1137 2526 1195 2578 ὸν
1214 2524 1342 2595 χοῦν
1354 2524 1446 2577 τὸν
1468 2527 1525 2576 ὲν
1565 2524 1737 2594 Ἀδὰμ
1764 2517 2049 2594 ἀνερεύνα.

469 2623 535 2675 Ὀ
574 2622 632 2676 δὲ
667 2620 798 2691 χοῦς
852 2623 911 2674 ἐν
951 2614 995 2688 ᾧ
1019 2621 1081 2674 τὸ
1106 2620 1341 2691 ζητηθὲν
1375 2620 1596 2692 εὑρέθη,
1631 2619 1705 2689 γῆ
1738 2619 1836 2689 μὲν
1856 2616 1924 2693 ἦν
1955 2615 2050 2672 τοῦ

458 2714 756 2785 καθ’ήμᾶς
780 2714 1148 2786 ὁμοιὸμορφος
1186 2712 1459 2783 σώματος,
1499 2713 1701 2781 ἔχουσα
1746 2711 1929 2783 χώραν
1953 2711 2053 2783 τὴν

463 2806 806 2877 παρθενικὴν
835 2807 1137 2877 ὑπεράγων
1191 2804 1430 2875 μήτραν.
1471 2803 1694 2873 Ταύτην
1744 2804 1854 2872 γὰρ
1894 2796 2055 2873 εὗρεν

458 2897 709 2970 ἄρουραν
728 2901 757 2950 6
783 2896 1092 2968 ζωαρχικὸς
1109 2894 1268 2967 ὑμῶν
1294 2894 1519 2966 στάχυς,
1550 2897 1609 2947 ἐν
1695 2896 1903 2966 σπορᾶς
1923 2896 2054 2949 ἄνευ

459 2991 563 3043 καὶ
599 2989 881 3061 γεωργίας
931 2990 1104 3060 χωρὶς
1127 3020 1144 3053 ,
1184 2986 1434 3056 ἐκφύσεις
1473 2986 1770 3058 ὑπερφυῶς
1824 2984 2057 3040 ἀνεϐλά-

459 3099 688 3154 στησεν.
752 3074 926 3146 Οὗτος
983 3083 1012 3134 6
1061 3079 1229 3151 χοῦς·
1288 3074 1444 3143 οὗτος
1482 3081 1512 3133 6
1557 3078 1761 3148 στάχυς
1790 3094 1804 3107 °
1833 3077 1993 3132 τοῦτο
2020 3080 2055 3148 ἡ

462 3172 623 3245 χώρα
643 3173 742 3244 τῆς
770 3173 897 3243 γῆς,
928 3173 988 3226 ὲν
1014 3165 1459 3247 ᾖκαινοπρεπῶς
1486 3170 1933 3242 ἀνεπλάσθημεν,
1960 3170 2056 3224 καὶ

2224 1966 2492 2033 Quisnam
2528 1980 2661 2039 ergo
2706 1970 2888 2040 pulvis
2927 1971 3018 2025 ille
3066 1971 3120 2024 itt
3149 1983 3259 2040 quo
3295 1970 3611 2044 ingenuitas
3643 1991 3741 2028 n0-

2153 2066 2269 2114 stra
2303 2060 2657 2117 delituisset?
2690 2061 2886 2117 Nonne
2938 2080 3000 2115 ex
3034 2063 3204 2117 dictis
3253 2065 3607 2135 perspicuum
3646 2067 3743 2121 ha-

2152 2149 2320 2214 betis.
2354 2154 2573 2207 tametsi
2601 2169 2712 2207 non
2738 2154 2994 2208 dicamus
3021 2154 3151 2223 ipsi,
3192 2163 3251 2208 ut
3279 2156 3488 2224 plastes
3523 2166 3741 2220 uaster,

2158 2242 2314 2296 illum
2348 2245 2655 2314 pulverem,
2686 2262 2751 2301 ex
2797 2260 2911 2316 quo
2945 2247 3103 2316 prius
3145 2248 3368 2301 formati
3402 2249 3633 2313 fuimus,
3675 2267 3742 2304 ac

2154 2335 2512 2401 postmodum
2546 2336 2859 2402 reformati,
2888 2345 3171 2401 scrutatis,
3214 2339 3360 2408 quod
3392 2340 3745 2409 quaerebatur

2156 2424 2478 2481 invenerit?
2511 2426 2654 2494 Quid
2686 2428 2862 2483 illud?
2914 2427 3118 2499 Utique
3147 2430 3405 2500 imaginis
3434 2435 3742 2503 exemplar,

2157 2518 2305 2587 quod
2344 2519 2482 2574 vidit
2538 2521 2893 2590 passionibus
2927 2523 3214 2581 obrutum.
3264 2524 3349 2579 his
3380 2525 3473 2593 qtti
3522 2541 3618 2595 per
3649 2542 3747 2581 na-

2160 2619 2337 2665 turam
2369 2612 2437 2667 ab
2460 2615 2610 2668 omni
2633 2615 2895 2670 immunis
2926 2617 3191 2685 passione
3221 2619 3352 2687 agit.
3379 2616 3747 2674 Scrutabatur

2157 2705 2313 2759 illum
2362 2706 2560 2760 Adami
2618 2709 2927 2777 pulverem.
2972 2708 3148 2764 Porro
3199 2713 3379 2781 pulvis
3403 2713 3518 2780 ille,
3549 2715 3602 2767 itt
3634 2730 3743 2784 quo

2159 2794 2447 2850 inventum
2478 2804 2566 2851 est
2600 2798 2748 2867 quod
2785 2799 3169 2868 quaerebatur,
3202 2812 3351 2854 terra
3377 2803 3599 2872 quidem
3628 2818 3747 2859 erat

2159 2898 2352 2942 nostro
2411 2888 2617 2943 similis
2679 2891 2949 2973 corpori,‘
2975 2889 3137 2959 cujus
3202 2893 3398 2955 locus.
3456 2894 3746 2965 virginalis

2156 2980 2517 3035 sanctissima
2568 2983 2729 3036 vulva
2769 2991 2874 3037 est.
2930 2983 3088 3037 llunc
3132 2984 3279 3038 enim
3314 2986 3525 3041 invenit
3551 3003 3743 3043 arvum

2161 3071 2375 3126 vivifica
2433 3081 2628 3128 nostra
2664 3046 2853 3143 spica,
2883 3074 2935 3128 in
2967 3089 3078 3144 quo
3106 3077 3224 3131 sine
3265 3089 3532 3144 semente,
3566 3080 3746 3133 ullave.

2159 3164 2405 3227 cultura,
2448 3166 2653 3221 eximia
2701 3168 2941 3236 quadam
2990 3167 3206 3223 ratione
3234 3161 3512 3226 enasce‘ns
3545 3173 3748 3242 germi-

458 3264 535 3316 δι’
567 3260 655 3336 ἦς,
688 3265 717 3317 6
746 3265 876 3336 χοῦς
910 3267 939 3318 6
971 3263 1241 3335 ἡμέτερος
1279 3260 1723 3334 ἁναμορφωθεὶς,
1763 3261 1854 3314 ἐπὶ
1870 3262 1931 3314 τὸ
1962 3263 2056 3333 ἀρ-

2165 3255 2337 3309 navit.
2373 3254 2475 3309 llic
2509 3257 2733 3325 pulvis:
2796 3259 2910 3312 hmc
2941 3259 3134 3329 Spica;
3188 3259 3305 3315 htec
3349 3268 3512 3317 terrae
3571 3264 3745 3334 regio,

459 3359 622 3427 χαῖον
655 3356 962 3427 ἐπανῆλθεν
990 3353 1233 3427 ἀξίωμα.

520 3675 683 3739 ’Ἴδες
712 3675 814 3729 ὅσα
840 3674 940 3744 τῆς
960 3674 1158 3743 ’Δννης
1185 3671 1214 3727 6
1241 3671 1464 3736 τοκετὸς
1494 3670 1814 3743 ἐμπεριέχει
1847 3672 2058 3743 μυστή-

465 3782 601 3839 ρία⁸
630 3768 780 3830 ὅπως
813 3783 873 3820 τε
907 3765 989 3837 τῷ
1017 3764 1142 3820 καθ’
1186 3763 1462 3836 ὑπεροχὴν
1514 3763 1778 3835 θαύματι,
1806 3765 1907 3836 τῆς
1935 3764 2059 3818 κατ’

462 3858 646 3930 αὐτὴν
708 3855 922 3922 ἐνδόξου
981 3855 1349 3919 παιδοποιίας,
1431 3856 1528 3918 τὰς
1573 3854 1768 3926 πρώην
1838 3854 2061 3926 στείρας

466 3950 946 4023 ὕπερηκόντισενς
996 3948 1133 4013 Οῗας
1163 3966 1221 4002 τε
1255 3947 1534 4021 Παρθένος
1568 3949 1706 4020 κόρη
1746 3947 2059 4019 θεόκλητος,

466 4045 510 4115 ἡ
558 4044 932 4115 ὓπεράμωμος
986 4043 1126 4113 αὐτὴ
1181 4041 1394 4112 Μαρία,
1455 4039 1754 4112 κυοφορίας
1806 4040 2059 4110 ἠξίωται.

466 4136 588 4191 Καὶ
618 4136 702 4199 τίς
742 4133 1021 4204 γυναικῶν
1050 4134 1209 4204 ἄλλη.
1231 4133 1497 4195 τοιούτοις
1528 4132 1624 4184 καὶ
1660 4130 1940 4194 τοσούτοις
1979 4133 2064 4184 ἐν·

465 4229 645 4296 δόξοις
673 4228 1125 4300 ἀποθαυμάζεται
1152 4226 1406 4291 πώποτες
1459 4225 1670 4280 Οὐκοῦν
1713 4225 1901 4294 ἐπειδὴ
1928 4224 2064 4294 πρὸς

465 4319 726 4373 τοσοῦτον
780 4318 915 4388 ὕψος
969 4317 1349 4390 ὑπεραρθῆναι
1399 4316 1691 4388 περιωπῆς
1733 4317 1762 4368 6
1797 4315 2065 4386 ἡμέτερος

469 4411 888 4480 ἀσθενεῖλόγος,
912 4411 1007 4464 καὶ
1026 4410 1363 4481 προσωτέρω
1380 4410 1579 4480 χωρεῖν
1602 4408 1703 4460 οὐκ
1728 4406 1867 4478 ἔχει,
1893 4405 2065 4477 μικρὰ

468 4506 615 4560 ἄττα
640 4506 708 4575 τῇ
731 4503 918 4573 Μητρὶ
937 4501 1037 4572 τῆς
1063 4503 1239 4571 χαρᾶς
1256 4496 1411 4563 αὖθις
1438 4496 1962 4571 ἐπιχαιρετίζοντες,
1989 4498 2066 4550 ετ-

474 4610 693 4665 πωμεν.
709 4594 891 4647 Καλὸν
920 4593 1030 4663 γὰρ
1053 4593 1217 4661 αὐτῇ,
1236 4590 1297 4643 τὸ
1318 4592 1416 4660 τῆς
1431 4591 1612 4661 χαρᾶς
1641 4587 2065 4660 προσεπιλέγειν

468 4685 813 4754 ἐπίφθεγμα.
836 4685 1032 4755 Χαῖρε,
1061 4682 1479 4753 κεχαριτωμένη
1507 4698 1521 4712 ο
1538 4682 1721 4751 χαῖρε,
1739 4678 2064 4749 δεδοξασμέ-

468 4794 545 4847 νη
562 4792 576 4805 ·
603 4780 786 4849 χαῖρε,
804 4776 1100 4848 χαροποιδν
1123 4777 1222 4845 τῆς
1239 4776 1459 4829 πάντων
1482 4773 1758 4845 σωτηρίας
1778 4771 2059 4847 ἀνάθημα.

473 4869 755 4942 Χαῖρε,τὸ
807 4867 1044 4939 χρυσοῦν
1099 4867 1318 4936 ἀληθῶς
1355 4865 1464 4921 τῶν
1494 4865 1702 4936 νοητῶν
1753 4864 2065 4934 ἀρωμάτων

476 4962 872 5031 θυμιατήριον,
919 4960 980 5012 ὲν
1023 4952 1068 5027 ᾧ
1114 4958 1176 5010 τὸ
1216 4957 1403 5028 νοερὸν
1452 4956 1703 5027 θυμίαμα
1743 4955 1997 5009 συντεθὲν
2039 4956 2068 5008 6

473 5055 715 5127 Χριστὸς
748 5054 813 5107 ὲκ
836 5052 1089 5123 θεότητός
1116 5068 1177 5103 τε
1212 5051 1307 5103 καὶ
1356 5049 1797 5120 ἁνθρωπότητος,
1834 5049 1893 5100 ἐν
1933 5048 2067 5119 πυρὶ

472 5149 551 5219 τῇ
576 5145 811 5216 θεότητι,
839 5144 939 5215 τῆς
968 5142 1375 5214 ἔμψυχωμένης
1404 5140 1555 5211 αὐτῴ
1595 5142 1692 5194 καὶ
1726 5141 1915 5210 νοερᾶς
1933 5156 2072 5210 σαρ-

472 5238 577 5300 κδς
606 5237 666 5292 τὺ
692 5236 917 5301 εὐῶδες,
983 5233 1311 5304 ἀσυγχύτως
1331 5273 1347 5296 ,
1407 5232 1743 5303 ἁμερίστως,
1782 5230 2033 5297 ὑπέδειξε
2054 5243 2068 5260 ⁸

473 5329 696 5400 χαίροις
739 5331 774 5398 ἡ
835 5328 1253 5399 ἀχειρότευκτος
1300 5325 1501 5394 σκηνὴ,
1555 5326 1650 5377 καὶ
1701 5323 2071 5384 Θεότευκτος,

474 5426 564 5488 είς
591 5425 659 5496 ῆν
676 5420 823 5489 ἅπαξ
847 5421 943 5474 ἐπὶ
964 5419 1250 5488 συντελείᾳ
1299 5417 1410 5469 τῶν
1446 5415 1661 5470 αἰώνων
1699 5416 1860 5485 μόνος
1886 5420 1914 5469 6
1938 5416 2073 5480 Θεὸς

475 5517 580 5569 καὶ
612 5515 827 5586 πρῶτος
844 5513 1137 5586 ἀρχιερεὺς
1167 5509 1537 5582 εἰσελήλυθεν,
1562 5507 1662 5579 τὴν
1687 5508 1828 5580 ὑπὲρ
1853 5508 2071 5561 πάντων

473 5611 539 5662 ἐν
568 5610 650 5661 σοὶ
680 5608 1105 5678 κρυφιομύστως
1129 5604 1508 5677 ἱερουργήσων
1535 5602 1828 5673 λατρείαν*
1864 5601 1924 5653 τὸ
1961 5601 2071 5653 τῶν

408 5687 412 5691 ’
475 5701 655 5769 ἁγίων
709 5700 963 5772 δεύτερον
1024 5697 1456 5765 καταπέτασμα,
1517 5695 1575 5747 ὲν
1621 5687 1666 5763 ᾧ
1703 5694 1765 5746 τὸ
1810 5692 2076 5763 κοσμικὺν

477 5794 826 5866 ἱλαστήριον,
880 5790 1061 5845 καὶτὸ
1107 5788 1214 5843 τῶν
1248 5774 1531 5859 Χερουϐὶμ
1579 5784 1881 5869 ὺπέρ-ξιμον
1936 5788 2074 5840 ἀπο-

2162 3345 2367 3417 inqua
2421 3363 2563 3403 nova
2615 3348 2858 3419 quadam
2915 3364 2982 3403 ac
3033 3349 3251 3405 decenti
3290 3353 3511 3406 ratione
3538 3353 3748 3410 fuinms

2162 3437 2485 3504 reformati;
2517 3454 2581 3495 ac
2608 3455 2707 3510 per
2731 3455 2898 3511 quam
2952 3441 3509 3499 nostcr'refurmatus
3540 3445 3744 3515 pulvis,

2162 3528 2448 3599 antiquam
2475 3529 2804 3601 dignitatem
2834 3533 3177 3601 postliminio
3207 3535 3438 3605 recepit.

2232 3663 2406 3722 Vides
2450 3676 2613 3737 quam
2656 3670 2831 3723 multa
2890 3671 3062 3726 Anu-.e
3108 3681 3299 3741 partus
3347 3673 3749 3745 complectatur

2161 3757 2468 3827 mysteria?
2499 3769 2560 3814 ttt
2617 3762 2915 3816 excellenti
2972 3764 3241 3817 miraculo
3289 3764 3455 3819 edita:
3506 3765 3576 3820 ab
3630 3766 3748 3837 ipsa

2164 3851 2423 3920 gloriosa:
2479 3852 2677 3922 prolis,
2710 3860 2906 3909 Omnes
2956 3855 3089 3908 olim
3156 3856 3385 3912 steriles
3449 3874 3750 3928 superave-

2164 3941 2280 3996 rit?
2323 3941 2556 4009 Qualem
2618 3960 2749 4001 vero
2808 3947 2992 4015 puella
3052 3943 3243 4018 Virgo,
3288 3965 3315 4001 a
3348 3948 3459 4003 Deo
3494 3959 3749 4004 vocatum

2164 4049 2390 4100 nomen,
2445 4044 2711 4108 perquam
2756 4041 3116 4094 innnaeulata
3150 4042 3266 4097 haec
3308 4040 3504 4105 Maria,
3541 4044 3750 4114 prolem

2165 4133 2326 4181 utero
2383 4131 2652 4183 meruerit
2713 4130 3043 4200 suscipere?
3087 4131 3350 4198 Quaenam
3409 4144 3593 4189 autem
3646 4137 3751 4190 alia

2165 4217 2387 4282 mulier,
2443 4219 2650 4274 talibus
2707 4229 2901 4289 totque
2963 4238 3205 4291 unquam
3252 4225 3443 4294 gloria:
3490 4225 3753 4298 ittsigniis

2169 4308 2598 4366 admirationem
2684 4309 2918 4367 habuit?
2977 4308 3280 4386 Postquam
3363 4333 3498 4387 ergo
3562 4333 3751 4375 nostra

2167 4402 2344 4458 oratio
2374 4399 2706 4458 imbecillior
2762 4416 2868 4473 est,
2911 4422 3076 4476 quant
3125 4417 3183 4461 ut
3211 4410 3279 4462 ad
3313 4417 3530 4464 tantum
3559 4413 3753 4466 cousi‘

2168 4494 2475 4550 derationis
2531 4493 2753 4551 cttlmcn
2809 4498 2990 4552 attolli
3020 4511 3232 4569 queat,
3290 4516 3394 4556 nec
3434 4502 3599 4558 habet
3647 4520 3757 4575 quo

2170 4588 2401 4645 ulterius
2434 4590 2853 4659 progrediatur,
2898 4604 3075 4662 pauca
3128 4582 3326 4649 rursus
3360 4610 3524 4649 avere
3562 4595 3751 4667 juben-

2169 4691 2254 4736 tes
2308 4681 2495 4752 gaudii
2550 4679 2807 4747 Matrem,
2863 4699 2929 4739 ac
2976 4685 3186 4755 gaudio
3221 4688 3560 4755 salutantes,
3602 4688 3756 4746 dica-

2172 4789 2322 4830 mus.
2377 4772 2610 4829 Przestat
2671 4772 2818 4830 euitn
2877 4781 2934 4830 ttt
2994 4776 3179 4848 gaudii
3212 4778 3265 4834 ei
3298 4783 3757 4838 acclamationem

2170 4868 2446 4923 orationis
2501 4868 2721 4938 epilogo
2798 4868 3188 4927 adhibeamus.
3271 4871 3483 4939 Gaude,
3550 4891 3761 4947 avoque

2173 4963 2420 5032 gratiosa
2451 4979 2464 5014 :
2499 4961 2700 5033 gaude,
2724 4962 3033 5033 glorificata
3058 4982 3074 5031 ;
3098 4965 3300 5034 gaude,
3319 4966 3521 5022 salutis
3540 4969 3763 5024 univer-

2174 5070 2368 5110 sorum
2404 5055 2647 5126 gaudere
2705 5067 2980 5125 praestans
3032 5057 3351 5112 anathema.
3379 5056 3561 5127 Salve,
3594 5077 3762 5117 aurea

2175 5162 2304 5202 vere
2355 5146 2704 5216 spiritalium
2743 5154 3057 5200 aromatum
3109 5163 3327 5212 acerra,
3368 5149 3423 5203 in
3460 5166 3568 5221 qua
3597 5154 3764 5223 spiri-

2102 5304 2109 5311 Α
2174 5240 2287 5295 tale
2337 5240 2645 5310 thymiama
2711 5238 2999 5306 Christus,
3062 5256 3129 5294 ex
3195 5241 3382 5296 divina
3432 5245 3643 5314 pariter
3700 5263 3765 5299 at:

2174 5334 2416 5387 humana
2479 5343 2681 5387 natura
2742 5335 3156 5404 compositum,
3231 5335 3286 5388 in
3351 5335 3503 5404 igne,
3536 5337 3760 5398 tleitatc,

2176 5427 2429 5496 inquam,
2460 5427 2718 5481 animata:
2740 5443 2853 5482 sua:
2887 5442 2953 5481 ac
3001 5428 3286 5483 intellectu
3313 5429 3560 5497 prmdita:
3577 5431 3765 5483 carnis

2179 5514 2571 5585 l'ragrantiam,
2594 5516 2910 5582 inconfuse,
2931 5515 3170 5571 indivise
3188 5517 3766 5582 OSIentlit.Salve,non

2183 5622 2348 5662 manu
2402 5607 2631 5673 factum,
2664 5624 2728 5664 ac
2766 5609 2971 5663 factum
3021 5607 3197 5663 a'Deo
3232 5609 3680 5672 tabernaculuttt,
3712 5612 3765 5665 in

2181 5699 2328 5767 quod
2384 5700 2552 5755 semel
2586 5700 2640 5752 in
2675 5701 3156 5755 consummatione
3209 5700 3567 5762 Steculutunt,
3614 5701 3773 5757 solus

2186 5790 2330 5847 Deus
2353 5806 2415 5845 ac
2444 5792 2663 5861 primus
2714 5790 2971 5848 Pontifex
3024 5794 3318 5864 ingressus
3358 5801 3464 5857 est,
3502 5801 3557 5847 ut
3592 5794 3643 5849 in
3676 5802 3727 5848 te
3751 5835 3767 5853 ,
