3966 6436
425 388 536 456 879

1594 387 1655 448 S.
1695 378 2028 449 ANDREE
2063 383 2490 448 CRETENSIS
3578 384 3669 450 880

429 516 590 560 sacra
624 513 689 556 ac
721 513 921 554 arcana
972 498 1209 565 ratione,
1264 511 1467 552 munus
1498 512 1720 552 sacrum
1763 514 1860 567 pro
1894 498 2019 552 uni-

2124 499 2392 569 σκίασμα,
2417 498 2528 567 ὅσῳ
2561 496 2655 551 καὶ
2678 495 2841 549 αὑτὸν
2866 496 2956 549 τὸν
2976 495 3154 549 αὐτῶν
3185 493 3373 549 ἄδυτον
3394 496 3433 528 ⁸³
3463 490 3666 571 Κύριον,

425 589 606 646 versis
629 588 845 654 obiret;
879 597 1203 642 sanctorum
1238 586 1473 640 alterum
1504 587 1783 653 velamen,
1817 588 1868 640 in
1905 602 2014 655 quo

427 678 712 736 mundiale
748 676 1229 747 propitiatorium,
1258 691 1324 732 ac
1358 676 1627 747 praeclara
1657 677 2013 733 Cherubino—

425 784 550 825 rum
582 768 944 824 obumbratio
962 765 1297 837 k-l,quanto
1311 770 1476 823 etiam
1507 769 1687 839 ipsum
1724 768 2013 840 adytorum

427 862 746 927 Dominum,
805 862 954 917 intra
992 870 1244 928 uterum,
1296 870 1524 934 gestans
1573 870 1731 918 utero
1765 861 1819 916 in
1869 860 2018 915 vela-

424 963 614 1011 mento
636 953 908 1025 operuisti
936 974 948 1009 :
976 953 1373 1010 candelabrum
1394 953 1805 1027 ellychniorum
1834 966 1900 1007 ac
1930 952 2018 1007 lu-

426 1060 726 1102 cernarum
748 1054 1027 1119 septem",
1052 1060 1248 1118 nempe
1265 1048 1536 1105 donorum
1555 1053 1790 1117 septem,
1834 1046 1889 1100 in
1929 1043 2017 1098 fu-

428 1140 594 1198 soriis
634 1140 978 1195 illustratum
1034 1134 1283 1208 Spiritus
1322 1137 1533 1204 sancti;
1584 1137 1812 1192 lucerna
1859 1136 2019 1191 inex-

430 1229 794 1301 slinguihilis,
827 1226 1055 1282 luminis
1082 1225 1270 1282 omnia
1289 1226 1699 1292 collustrantis,
1722 1240 1885 1296 quam
1920 1224 2019 1279 alit

428 1323 674 1395 mystice
709 1321 896 1377 oleum
948 1319 1260 1377 unctionis.
1304 1317 1573 1387 Salvesis,
1612 1319 1790 1374 altare
1822 1319 1879 1373 in
1905 1333 2018 1389 quo

428 1418 623 1487 Agnus
683 1413 950 1470 Christus
1018 1412 1209 1466 vivum
1284 1410 1627 1467 sacriﬁcium
1687 1409 2020 1481 spiritaliter

431 1507 692 1569 offertur,
722 1504 930 1560 divinae
962 1517 1158 1559 mensa
1211 1502 1577 1565 initiationis,
1625 1511 1867 1556 mentem
1897 1515 2017 1555 om-

432 1615 557 1656 nem
597 1597 917 1669 superantis
952 1597 1100 1652 sacri
1144 1595 1467 1659 ministerii,
1525 1608 1692 1665 super
1722 1609 1889 1665 quam
1926 1609 2021 1665 paa

431 1697 522 1750 nis
572 1690 666 1747 ille
720 1688 969 1746 caelestis
998 1687 1257 1744 Christus
1279 1725 1294 1753 ,
1355 1686 1549 1759 Agnus
1579 1686 1673 1742 ille
1701 1702 1804 1759 pro
1835 1687 2021 1742 omni-

430 1787 534 1843 hus
556 1795 828 1856 tanquam
878 1782 1064 1838 hostia
1115 1782 1459 1852 victimaque
1509 1782 1669 1836 vivus
1715 1788 2014 1845 mactatus,

2117 588 2263 641 ἔνδον
2282 589 2477 661 νηδύος
2503 589 2594 642 ἐπὶ
2663 590 3129 660 παραπετάσματι
3187 589 3571 655 συνεκάλυπτες
3594 595 3675 665 ὲγα

2115 683 2378 752 γάστριον
2432 680 2774 751 φέρουσαοή
2834 680 3168 751 ὲπτάλυχνος
3212 679 3307 732 καὶ
3359 680 3675 748 έπτάκαυτος

2115 773 2223 826 τῶν
2272 772 2413 826 ἑπτά
2468 773 2825 844 χαρισμάτων
2881 771 3098 844 λυχνία,
3152 773 3292 825 ἑπτὰ
3341 773 3677 846 ὲπαρυστρῖσι

2117 867 2650 936 καταστραπτομένη
2690 862 2786 917 τοῦ
2837 865 3251 935 Πνεύματοςοή
3295 864 3678 932 ἁκατάσϐεστος

2120 955 2380 1027 θρυαλλὶς
2417 955 2512 1009 τοῦ
2555 954 2733 1025 φωτὸς
2765 953 2859 1008 τοῦ
2888 955 3072 1009 πάντα
3111 953 3467 1023 φωτίσαντος,
3484 956 3547 1026 ἢν
3577 959 3681 1010 ἐπι-

2118 1048 2309 1120 τρέφει
2374 1047 2667 1119 μυστικῶς
2713 1047 2773 1100 τὸ
2831 1048 2929 1117 τῆς
2959 1048 3193 1118 χρίσεως
3241 1046 3440 1102 ἔλαιον.
3479 1049 3680 1120 Χαίροις

2121 1142 2529 1214 θυσιαστήριον,
2592 1144 2650 1195 ἐν
2698 1134 2742 1210 ᾧ
2775 1140 3059 1211 μυστικῶς
3111 1142 3140 1194 6
3181 1139 3376 1211 Ἀμνὸς
3403 1140 3463 1194 τὸ
3493 1139 3684 1213 Cu)qu

2119 1234 2492 1306 ὁλοκάρπωμα
2518 1236 2756 1307 Χριστὸς
2787 1236 3127 1307 ἀναφέρεται
3148 1252 3162 1265 ⁸
3189 1238 3222 1306 ἡ
3254 1236 3548 1306 θεὸμυστος
3571 1240 3686 1309 τράο

2121 1326 2264 1392 πεζά
2294 1328 2392 1397 τῆς
2427 1326 2571 1399 ὑπὲρ
2601 1328 2725 1381 νοῦν
2750 1329 3093 1399 ἱερουργίας,
3121 1329 3206 1398 ἐφ’
3233 1329 3298 1399 ἣν
3322 1328 3350 1379 6
3384 1329 3443 1395 ἐξ
3466 1330 3688 1401 οὐρανῶν

2120 1419 2284 1490 ἄρτος
2320 1419 2627 1490 Χριστὸς,ό
2663 1419 2805 1491 ὑπὲρ
2841 1421 3059 1475 πάντων
3075 1419 3271 1491 Ἀμνδς
3288 1420 3361 1483 ὡς
3392 1419 3631 1490 θυμίαμα
3651 1419 3689 1451 ¹⁶

2121 1510 2217 1565 καὶ
2251 1509 2449 1582 ἱερεῖον
2482 1508 2924 1580 ζωοθυτούμενον
2977 1507 3222 1576 τέθυται,
3255 1506 3551 1571 ζωοποιοῦν
3580 1507 3717 1570 τοὺς.

2125 1600 2452 1671 μετέχοντας
2476 1615 2488 1628 ·
2530 1597 2590 1651 τὺ
2612 1600 2794 1669 πάσης
2824 1598 3031 1669 μύστου
3061 1598 3102 1628 ⁸⁷
3125 1589 3382 1667 λατρείας
3407 1596 3686 1666 κειμήλιον,

2123 1693 2182 1746 ὲν
2215 1686 2259 1762 ᾧ
2286 1693 2419 1757 Θεὸς
2453 1692 2620 1764 σαρκὶ
2676 1693 3062 1761 σφαγιάζεται,
3101 1691 3195 1744 καὶ
3224 1690 3445 1758 ἁγιάζει
3476 1689 3546 1742 τὰ
3570 1689 3687 1758 σύμο

2126 1800 2329 1849 παντα,
2378 1782 2477 1837 καὶ
2527 1783 2811 1853 μυστικῶς
2857 1779 3169 1852 ἀνθρώποις
3201 1778 3488 1850 ἐπιδημῶν
3523 1780 3688 1832 Evom-

432 1878 794 1933 immolatur:
846 1873 1142 1931 viviﬁcaris
1181 1888 1380 1929 omnes
1442 1873 1542 1944 qui
1596 1874 1916 1944 percipiunt
1952 1889 2018 1927 ac

2124 1876 2297 1941 ζεται,
2339 1877 2434 1929 καὶ
2468 1850 2915 1947 μετέχεται,’καὶ
2941 1850 3193 1944 άνέχεται
3238 1873 3429 1943 χερσὶν
3461 1873 3692 1942 ἁμαρτω-

430 1978 689 2034 sumunt;
744 1966 964 2038 mystici
1029 1967 1205 2021 tutius
1274 1965 1461 2021 cultus
1537 1964 1841 2029 cimelium,
1904 1979 2018 2037 quo

430 2065 579 2119 Deus
641 2077 811 2116 carne
867 2067 1173 2125 mactatur,
1236 2073 1301 2113 ac
1357 2058 1617 2113 universa
1678 2058 2015 2125 Sanctiﬁcat,

429 2155 780 2227 spiritaliqne
833 2155 1051 2209 ratione
1100 2168 1228 2206 cum
1284 2151 1605 2207 hominihus
1648 2166 2016 2214 conversaris,

431 2252 485 2303 in
514 2250 594 2305 eis
642 2247 943 2312 inhabitat,
1001 2261 1067 2301 ac
1121 2244 1468 2317 percipitur,
1528 2245 1904 2316 sustinetque,
1960 2254 2020 2300 ut

428 2351 682 2399 versetur
727 2351 1087 2411 peccatorum
1151 2339 1448 2393 manibus:
1504 2346 1673 2409 atque
1729 2347 1787 2392 ut
1845 2338 2020 2396 lahrls

432 2436 597 2490 luteis
632 2436 1025 2497 admoveatur,
1081 2438 1137 2486 et
1169 2431 1222 2484 in
1259 2438 1467 2485 nostra:
1506 2430 1695 2485 carnis
1736 2431 2019 2499 pulverem

431 2524 787 2591 retundatur,
852 2523 1217 2586 commistus,
1266 2537 1379 2579 non
1444 2526 1813 2592 vaporatione
1890 2537 2014 2577 eva-

431 2634 694 2676 nescens.
727 2617 772 2674 O
824 2616 1162 2673 ineﬂahilcm
1194 2615 1676 2671 exinanitionem!
1728 2617 1769 2669 Ο
1801 2616 2018 2670 bonita-

432 2713 569 2768 tem!
603 2711 831 2782 quando
887 2711 1049 2766 nobis
1111 2713 1228 2766 haec
1262 2712 1408 2768 Deus
1472 2728 1571 2783 per
1620 2715 2019 2780 contribulem,

431 2819 500 2857 ac
541 2802 792 2871 ejusdem
832 2802 1054 2873 generis
1103 2802 1395 2869 feminam,
1449 2820 1616 2875 snpra
1669 2818 1923 2858 naturam
1958 2821 2022 2859 ac

430 2899 667 2965 gratiam
703 2896 1026 2951 concessit:
1066 2909 1165 2965 per
1223 2894 1511 2959 feminam,
1570 2897 1821 2968 inquam,
1859 2898 2022 2966 cujus

431 2990 604 3043 animi
649 2989 873 3059 quidem
924 2988 1321 3059 decor‘usque
1354 2989 1495 3045 adeo
1523 2991 1856 3047 immensum
1891 3007 2021 3061 pro-

431 3082 601 3145 vexit,
652 3090 711 3136 ιιι
764 3080 1025 3136 Christus
1059 3080 1178 3151 ipse
1230 3082 1541 3139 immensus
1589 3083 1684 3137 ille
1737 3085 1927 3150 decor,
1966 3084 2020 3138 in

2119 1968 2226 2024 λῶν
2255 1968 2632 2022 ἀνελίττεσθαι
2652 1982 2665 1999 ·
2696 1967 2903 2036 χείλεσί
2926 1983 2986 2020 τε
3032 1965 3281 2037 πηλίνοις
3319 1963 3691 2034 προσάγεσθαι,

2120 2063 2216 2116 καὶ
2247 2062 2329 2126 εἰς
2360 2061 2453 2115 τὸν
2477 2058 2607 2131 χοῦν
2646 2062 2743 2131 τῆς
2796 2059 3000 2130 σαρκὸς
3036 2056 3195 2128 ἡμῶν
3225 2054 3567 2126 ἀνακεῖσθαι,
3591 2071 3696 2123 κιρ-

2129 2156 2397 2225 νώμενος,
2430 2154 2493 2207 οὐ
2548 2152 2960 2221 διαπνεόμενος.
2989 2151 3052 2204 Ὢ
3090 2150 3192 2220 τῆς
3228 2149 3513 2220 ἀφράστου
3550 2145 3698 2200 κενώ-

2124 2249 2295 2312 σεωςί
2327 2249 2392 2301 Ὢ
2426 2248 2523 2318 τῆς
2543 2247 2956 2319 χρηστότητοςῐ
2989 2246 3071 2300 ὅτι
3107 2244 3197 2298 διὰ
3216 2243 3481 2313 γυναικὸς
3510 2238 3695 2313 ὁμοφύ-

2122 2344 2215 2396 λου
2238 2342 2436 2408 ταῦτα,
2459 2342 2555 2395 καὶ
2575 2338 2896 2410 συγγενοῦς,
2925 2339 3067 2417 ὑπὲρ
3095 2338 3258 2408 φύσιν
3286 2338 3384 2390 καὶ
3415 2335 3563 2389 θέσιν
3585 2332 3698 2398 Θεὸς

2120 2438 2256 2507 ἡμῖν
2312 2434 2641 2505 ἐχαρίσατο·
2713 2431 2996 2501 γυναικὸς,
3039 2426 3107 2505 ἧς
3160 2428 3223 2483 τὸ
3264 2428 3366 2499 μὲν
3406 2427 3508 2497 τῆς
3539 2425 3699 2497 ψυχῆς

2123 2527 2321 2590 κάλλος
2357 2526 2653 2596 ἀπειράκις
2682 2524 2933 2595 ἀπείρως
2964 2526 3044 2587 εἰς
3076 2520 3267 2575 τοῦτον
3303 2518 3552 2590 ἐξῆρται,
3572 2517 3700 2579 ὅπως

2125 2620 2220 2673 καὶ
2238 2618 2473 2689 Χριστὸν
2531 2616 2696 2669 αὑτὸν
2745 2616 2809 2667 τὸ
2844 2616 3130 2686 ἀμήχανον
3174 2611 3378 2674 κάλλος
3412 2611 3493 2674 εἰς
3523 2606 3699 2661 ἐπιθυ-

2128 2716 2257 2784 μίαν
2278 2713 2373 2765 τοῦ
2410 2712 2618 2781 ταύτης
2659 2708 2894 2772 κάλλους
2948 2706 3146 2772 ἐλθεῖν,
3185 2705 3283 2757 καλ⁵
3328 2704 3432 2774 τὴν
3457 2702 3516 2769 ἐξ
3546 2699 3699 2769 αὐτῆς

2125 2804 2346 2858 ἑλέσθαι
2371 2805 2635 2873 δευτέραν
2666 2802 2946 2869 γέννησιν,
2992 2798 3090 2851 καὶ
3128 2795 3444 2865 ἀπατορίαν
3469 2794 3512 2824 ⁸⁸
3533 2808 3547 2822 ο
3578 2789 3699 2843 οὕτω

2123 2899 2178 2951 δὲ
2204 2900 2297 2951 καὶ
2329 2896 2426 2950 τοῦ
2497 2896 2750 2966 σώματος
2795 2889 3079 2963 εὐπρεπὴς
3118 2891 3153 2958 ἡ
3197 2888 3569 2951 κατάστασις,
3620 2883 3699 2936 καὶ

2133 2992 2262 3063 πρὸς
2293 2989 2548 3044 τοσοῦτον
2567 2987 2944 3058 καθαρότητος
2969 2985 3273 3054 φθάνουσα,
3291 2981 3407 3053 ὅσῳ
3433 2979 3531 3034 καὶ⁸
3550 2975 3698 3047 αὐτὴν

2125 3083 2488 3159 χωρῆσαιτὴν
2511 3080 2806 3152 ἀσώματόν
2831 3096 2889 3132 τε
2918 3078 3013 3131 καὶ
3025 3075 3408 3147 ἀπερίληπτον
3432 3075 3528 3144 τῆς
3555 3072 3699 3140 ὑπερ-

429 3174 555 3243 ejus
584 3171 808 3228 decoris
842 3172 1190 3227 desiderium
1248 3183 1412 3229 actus
1465 3175 1568 3240 sit,
1603 3176 2019 3247 secundamque

2126 3178 2312 3233 ουσίου
2359 3175 2576 3245 φύσεως
2638 3172 3073 3245 μεγαλειότητα,
3143 3169 3213 3223 δι’
3247 3168 3370 3232 ένδς
3406 3165 3516 3221 τῶν
3553 3162 3699 3236 τριῶν

429 3280 498 3319 ex
530 3279 593 3319 ea
627 3265 975 3319 nativitatem
1024 3266 1279 3334 elegerit,
1321 3280 1561 3338 eamque
1589 3267 1731 3321 adeo
1762 3269 1885 3323 sine
1916 3285 2015 3339 pa-

2131 3268 2303 3340 αύτῆς
2327 3268 2701 3321 ύποστάσεων.

432 3365 551 3411 tre:
585 3356 682 3412 sed
728 3364 782 3412 ct
817 3364 1073 3427 corporis
1141 3361 1195 3412 in
1243 3366 1460 3413 tantum
1512 3360 1760 3416 formosa
1811 3365 2061 3433 species,
2136 3374 2405 3432 tantaque
2464 3368 2736 3431 praestans
2816 3355 3084 3428 puritate,
3152 3362 3213 3407 ut
3268 3352 3453 3423 ipsam
3508 3361 3702 3420 quoque

435 3455 843 3523 incorporcam,
886 3467 951 3507 ac
986 3454 1611 3524 incomprehensibilem
1649 3458 2146 3527 supercssentialis
2217 3468 2433 3512 natura:
2484 3454 2873 3524 majestatem,
2935 3465 3035 3520 per
3075 3463 3242 3503 uuam
3319 3448 3492 3503 trium
3554 3442 3701 3515 ipsius

434 3558 807 3616 personarum
842 3557 1049 3612 capere
1084 3545 1329 3599 licuerit.

503 3633 632 3688 “me
663 3632 835 3688 Maria
873 3634 964 3689 Dei
1000 3635 1253 3690 Genitrix
1283 3645 1392 3705 est,
1427 3652 1726 3694 commune
1756 3640 2019 3695 Christia-

2197 3633 2347 3703 Λῦτη
2375 3632 2524 3685 ἐστὶν
2548 3631 2582 3702 ἡ
2605 3629 2866 3692 Θεοτόκος
2890 3629 3102 3700 Μαρία,
3144 3628 3206 3682 τὸ
3231 3630 3418 3685 κοινὸν
3471 3629 3702 3686 ἁπάντων

433 3737 630 3779 norum
662 3724 913 3778 omnium
983 3725 1342 3797 perfugium;
1394 3726 1573 3799 prima
1622 3728 1787 3799 primi
1844 3730 2019 3800 lapsus

2125 3731 2232 3784 τῶν
2255 3726 2606 3800 Χριστιανῶν
2647 3723 3019 3795 καταφύγιον·
3048 3725 3082 3795 ἡ
3138 3723 3330 3797 πρώτη
3381 3725 3476 3780 τοῦ
3507 3724 3703 3797 πρώτον

435 3816 736 3887 primorum
787 3825 1079 3885 parentum
1141 3818 1459 3889 reparatio;
1521 3820 1698 3875 vitiati
1739 3820 2019 3873 hominum

2128 3821 2423 3892 πτώματος
2487 3818 2598 3873 τῶν
2649 3818 2932 3888 προγόνων
2971 3816 3276 3889 ἀνάκλησις
3302 3834 3316 3848 ⁸
3360 3821 3394 3890 ἡ
3421 3818 3554 3891 πρὸς
3582 3816 3705 3871 ἁπά-

433 3909 654 3980 generis
688 3910 754 3961 ad
788 3909 1174 3979 tranquillum,
1205 3925 1270 3966 ac
1297 3911 1433 3967 vitio
1459 3921 1767 3982 expertem,
1800 3911 2019 3966 immur-

2130 3916 2282 3969 θειαν
2298 3913 2391 3969 τοῦ
2427 3911 2762 3975 πεπονθότος
2793 3910 2986 3979 γένους
3027 3911 3325 3975 ἐπάνοδοςο
3359 3912 3421 3965 τὸ
3458 3912 3595 3965 κατὰ
3620 3909 3703 3981 τὴν

435 4002 710 4070 talemque
755 4009 960 4054 statum
996 4003 1319 4068 revocatio;
1356 4002 1590 4073 mystice
1646 4001 1778 4056 olim
1836 4002 2019 4057 aduur

2132 4007 2298 4078 βάτον
2334 4004 2578 4069 Μωσέως
2607 4003 2889 4076 πρόπαλαι
2916 4002 3195 4074 μυστικῶς
3216 4003 3702 4076 σκιογραφούμενον

434 4095 591 4147 hrata
618 4093 737 4147 rubi
766 4092 948 4164 Moysi
984 4094 1128 4149 visio
1166 4103 1232 4161 n;
1267 4092 1551 4149 Cedeonis
1578 4094 1759 4150 vellus
1797 4101 1846 4161 ο,
1883 4107 2019 4164 quat

2128 4101 2312 4170 ὅραμα
2338 4117 2349 4128 ·
2390 4099 2419 4151 6
2448 4098 2611 4161 πόκος
2650 4095 2746 4151 τοῦ
2788 4095 3021 4159 Γεδεὼν,
3047 4094 3105 4150 ὃν
3140 4098 3352 4161 ἐκεῖνος·
3382 4095 3704 4169 συμϐολικῶς

438 4184 531 4238 ille
558 4180 809 4254 symbolo
842 4183 1219 4237 humectalum
1256 4200 1286 4239 e
1327 4184 1469 4239 cmlo
1502 4184 1630 4239 exili
1678 4185 1859 4257 pluvia
1914 4184 2019 4240 sint

2129 4189 2445 4245 νοτισθέντα
2474 4191 2597 4252 ταῖς
2642 4189 2700 4257 ἐξ
2727 4187 2963 4259 ούρανοῦ
2993 4188 3229 4258 ψεκάσιν
3258 4187 3505 4259 ἀψοφητὶ
3530 4184 3703 4239 θεασάο

436 4277 669 4346 strcpitu
706 4275 920 4343 videns,
954 4278 1103 4347 quod
1127 4279 1428 4348 gerebatur
1460 4279 1514 4334 in
1549 4278 1879 4333 miraculum
1907 4292 2003 4331 ver

2133 4302 2317 4356 μενος,
2367 4284 2449 4346 εἰς
2501 4282 2687 4355 θαῦμα
2721 4282 2929 4354 τρέψας
2964 4281 3026 4335 τὸ
3069 4282 3278 4354 δρᾶμα,
3318 4283 3412 4334 τὸν
3456 4279 3606 4334 ὑετὸν
3637 4278 3704 4336 είς

436 4380 580 4434 tcns,
611 4384 675 4422 ac
698 4369 938 4439 pluviam
972 4371 1285 4441 insignum,
1311 4383 1519 4427 certam
1546 4372 1623 4428 rei
1654 4371 2019 4441 conjecturam

2129 4379 2380 4448 σημεῖον,
2416 4374 2496 4445 τῷ
2523 4375 2709 4447 ἱερείῳ
2742 4377 3227 4446 συνετεκμήρατο’
3271 4376 3304 4445 ἡ
3356 4370 3701 4431 θεοποίκιλτος

436 4462 710 4517 sacrificio
733 4462 863 4517 fecit
898 4480 910 4516 :
942 4462 1132 4519 divino
1156 4480 1324 4536 opere
1348 4464 1743 4520 variaDaVidis
1764 4479 2019 4535 purpura.

2127 4470 2222 4522 τοῦ
2246 4468 2411 4522 Δα6“ιδ
2423 4468 2552 4521 ἀλου
2563 4469 2707 4539 ργ“ις,
2722 4466 2832 4538 ἠτδ
2851 4467 2948 4537 τῆς
2966 4465 3171 4538 σαρκὸς
3188 4465 3549 4537 πρόσλημμα,
3562 4462 3702 4518 οἱονεὶ

438 4566 779 4627 assumptatn
842 4544 1067 4612 carnem
1114 4575 1379 4631 purpura:
1431 4560 1608 4614 instar
1662 4559 1771 4614 Deo
1808 4559 2019 4613 Davidis

2134 4577 2315 4632 πορφυ
2328 4560 2446 4631 ρ’ίδά
2468 4558 2545 4629 τῷ
2567 4558 2688 4630 Θεῷ
2708 4557 2804 4612 τοῦ
2824 4558 2991 4613 Δαὸὶδ
3016 4558 3359 4631 σαρκωθέντι
3381 4558 3698 4633 προσάξασα¹

438 4650 733 4704 incarnato
775 4652 1031 4705 tribuens
1060 4671 1074 4706 :
1108 4654 1352 4708 thronus
1387 4651 1762 4717 Clierubicus,
1798 4666 2019 4722 prmma.

2126 4659 2155 4711 6
2187 4654 2523 4726 Χερουϐικὸς
2558 4652 2769 4723 θρόνος,
2815 4654 2844 4706 6
2884 4653 3308 4725 ὑπερμεγέθης,
3338 4657 3368 4709 6
3401 4654 3649 4726 πύρινος,
3673 4652 3698 4703 6

426 4753 581 4812 ‘gnus
609 4742 721 4806 ille,
760 4742 974 4813 igneus,
1010 4744 1292 4809 sublimis,
1321 4760 1446 4814 qua:
1490 4744 1695 4816 Regem
1735 4743 2028 4797 Dominum

438 4832 681 4888 Sabaoth
698 4835 818 4889 sinu
838 4844 1017 4906 gestet
1038 4847 1062 4886 P
1085 4855 1097 4891 :
1124 4835 1880 4908 superlimiuarecmlcslium
1899 4834 2031 4906 ady-

437 4937 641 4992 torum,
675 4928 766 4982 ubi
802 4928 1095 4999 Seraphim
1146 4931 1252 4987 alis
1288 4939 1457 4996 tecta,
1504 4945 1614 5002 qua
1662 4928 1884 4991 faciem,
1926 4941 2031 4995 qua

439 5019 624 5091 pedes,
651 5019 885 5092 aliisque
922 5024 1184 5088 volantia,
1215 5039 1474 5095 magnum
1512 5022 1652 5078 illud
1686 5038 1751 5075 ac
1777 5020 2024 5077 terribile

436 5114 719 5168 canticum
752 5116 952 5170 stantlo
968 5116 1234 5182 clamant,
1262 5117 1409 5187 quod
1437 5112 1809 5186 importahilis
1838 5112 2026 5183 gloriae

436 5213 721 5273 aspectum
759 5215 865 5260 ιιοιι
902 5205 1100 5262 ferant.
1158 5206 1443 5264 Ctelorum
1484 5214 1669 5277 porta,
1726 5217 1824 5273 per
1858 5216 2023 5271 quam

437 5297 592 5352 snllls
623 5298 881 5352 transivit
920 5302 1192 5355 ctelornm
1233 5301 1505 5356 Dominus
1532 5309 1560 5349 (ι
1594 5340 1608 5362 ,
1638 5295 1846 5351 nemini
1893 5302 2026 5351 ante

438 5397 630 5459 postve
697 5392 945 5461 pervium
1009 5394 1327 5449 concedens
1398 5395 1749 5464 ingressum.
1788 5389 2023 5454 chtare,

483 5544 746 5602 kJHchr.
790 5565 865 5615 Ix,
922 5550 941 5602 1
980 5564 1134 5618 seqq.

449 5638 589 5695 xuv,
618 5628 672 5681 2.

1235 5560 1274 5588 ιιι
1301 5549 1621 5619 Zaclt.w,2.

1676 5552 1679 5555 ’
1734 5550 1959 5607 nExod.
2005 5568 2089 5617 ιιι,
2129 5550 2183 5606 5.

2132 4748 2440 4820 μετέωρος,
2488 4746 2579 4799 τὸν
2630 4744 2867 4799 Βασιλέα
2930 4746 3137 4817 Κύριον
3160 4746 3391 4801 Σαϐαὼθ
3435 4745 3700 4815 ὲγκόλπιον

2129 4837 2409 4908 φέρουσα·
2454 4837 2517 4890 τὸ
2567 4836 2881 4909 ὑπέρθυρον
2932 4839 3042 4889 τῶν
3086 4838 3143 4889 ἐν
3200 4838 3455 4909 οὐρανοῖς
3489 4835 3697 4893 ἀδύτων,

2128 4922 2192 4983 οῦ
2216 4929 2287 4983 τὰ
2307 4929 2564 5002 Σεραφὶμ
2593 4930 2839 4997 εἱστήκει
2875 4929 3301 4999 συνεπτυγμένα
3322 4930 3444 4992 ταῖς
3465 4923 3695 4997 πτέρυξι·

2130 5026 2250 5089 ταῖς
2284 5025 2381 5096 μὲν
2413 5024 2513 5090 τὰς
2575 5026 2750 5094 ὄψεις,
2804 5028 2927 5089 ταῖς
2981 5026 3039 5079 δὲ
3090 5027 3220 5091 τοὺς
3275 5026 3466 5089 πόδας,
3509 5024 3617 5084 ταῖς
3648 5018 3696 5070 δε

2135 5120 2435 5190 ἱπτάμενα,
2467 5117 2613 5189 μέγα
2648 5118 2894 5191 κέκραγε
2923 5118 3015 5171 τὸν
3051 5117 3282 5189 φοϐερὸν
3301 5118 3507 5171 ἐκεῖνον
3529 5113 3694 5183 ὕμνον.

2131 5214 2232 5285 τῆς
2257 5212 2527 5267 ἀστέκτου
2563 5210 2722 5280 δόξης
2770 5212 2870 5278 τὴν
2927 5210 3057 5263 θέαν
3089 5210 3151 5262 ού
3184 5210 3447 5279 φέροντα.
3484 5206 3546 5260 Ἦ
3572 5200 3695 5269 πύλη

2134 5302 2244 5357 τῶν
2273 5301 2547 5372 οὐρανῶν,
2576 5301 2644 5353 δι’
2675 5297 2746 5372 ἧς
2775 5302 2935 5370 μόνος
2959 5300 2990 5353 6
3028 5300 3138 5353 τῶν
3172 5298 3423 5370 οὐρανῶν
3445 5293 3695 5359 Δεσπότης

2133 5392 2414 5457 διώδευσε,
2491 5392 2684 5463 μηδενὶ
2744 5391 2863 5461 μετ’
2915 5391 3077 5444 αὑτὸν
3117 5391 3150 5461 ἢ
3197 5391 3306 5462 πρὸ
3330 5387 3493 5445 αὐτοῦ
3546 5383 3695 5457 βατὴν

3444 5555 3469 5598 'l
3507 5532 3702 5602 East-11.:

2296 5556 2321 5587 ο
2360 5547 2542 5605 Jndic.
2602 5564 2676 5615 vi,
2726 5548 2815 5603 58.
2934 5560 2962 5600 ι)
2998 5548 3103 5605 lsa.
3161 5564 3235 5618 vt,
3276 5548 3328 5625 6.

1719 5725 1954 5782 VARI/£1
1997 5725 2408 5786 LECTIONES.

510 5836 555 5881 υ
588 5836 720 5914 Leg.
754 5839 935 5896 αὐτῶν
962 5839 1188 5897 ἀδύτων.

1280 5843 1489 5916 ¹⁶“Ι.οε.
1528 5843 1695 5916 θῦμα.
1779 5845 1823 5877 ’⁷
1845 5843 1974 5916 Leg.
2007 5845 2295 5915 μυστικοῦ.

2381 5847 2423 5879 ¹⁸
2467 5845 2607 5902 Maz.
2641 5847 2949 5921 εὐπάτορα.
