3966 6460
253 433 377 499 889

1303 438 1386 499 IN
1425 440 2127 503 ANNUNTIATIONEM
2169 442 2237 502 B.
2277 440 2566 502 MARUE.

3440 444 3551 511 890

243 546 552 618 σχήματος
570 544 661 598 τὸν
683 542 878 601 ἑαυτοῦ
913 545 1178 616 μονογενῆ
1207 546 1334 600 Υἱδν
1363 549 1718 617 ἐπιφανέντα,
1750 566 1844 605 κα-

1959 564 2144 620 nempe
2165 549 2377 618 prolata
2413 549 2467 603 in
2497 563 2625 605 eum
2648 548 2739 617 qui
2764 547 2973 618 primos
3015 559 3270 620 parentes
3288 553 3551 625 deceptor

243 638 524 709 τακρῖναι
557 636 649 695 τὸν
680 635 1083 707 ἀντικείμενον.
1118 638 1325 711 Εἰρήνη
1361 638 1417 692 δὲ
1438 679 1454 706 ,
1494 640 1562 711 ἢν
1594 641 1854 710 ἐξαίφνης

245 731 284 799 ἡ
322 729 442 782 τῶν
467 714 715 797 ἀγγέλων
738 728 1091 798 χοροστασία,
1126 732 1194 801 τῇ
1224 728 1317 784 τοῦ
1347 731 1688 803 Εἰρηνάρχου
1722 731 1854 787 Υἱοῦ

252 822 412 876 κατὰ
435 821 615 894 σάρκα
636 822 889 892 γεννήσει
929 824 1230 894 ὁμοφώνως
1271 825 1583 898 ἀνύμνησεν
1606 842 1619 857 ο
1659 845 1679 878 ‹
1719 825 1858 895 Δόξα

250 917 316 967 ὲν
362 913 612 983 ὑψίστοις
655 912 776 985 Θεῷ
817 913 1077 984 λέγουσα,
1118 916 1214 970 καὶ
1261 916 1353 970 ἐπὶ
1390 917 1491 987 γῆς
1537 918 1752 990 εἰρήνη,
1799 918 1857 970 ὲν

250 1007 580 1079 ἀνθρώποις
640 1008 883 1063 εὐδοκία.
952 1027 972 1062 ι
1030 1010 1208 1076 Δόξα,
1258 1012 1324 1082 ἢν
1389 1010 1650 1081 ἐδοξάσθη
1705 1009 1896 1080 παρὰ·

251 1099 506 1170 Χριστοῦ
534 1099 594 1153 τὸ
614 1097 982 1171 ἀνθρώπινον,
1014 1101 1124 1155 τῶν
1167 1101 1436 1173 οὐρανίων
1464 1101 1666 1172 ἀψίδων
1692 1103 1859 1172 ὑπερ.

252 1192 381 1251 ἀνω
430 1192 764 1262 γενόμενον,
806 1194 901 1248 καὶ
952 1193 1133 1264 πάσης
1186 1192 1497 1264 ὑπεραρθὲν
1544 1192 1721 1264 ἀρχῆς
1763 1193 1859 1246 καὶ

252 1283 519 1348 ἐξουσίας
549 1285 644 1338 καὶ
664 1283 971 1356 δυνάμεως,
1007 1285 1146 1338 κατὰ
1175 1285 1265 1338 τὸν
1303 1285 1478 1355 μέγαν
1499 1284 1855 1338 Ἀπόστολον.

255 1376 477 1446 Εἰρήνη
502 1376 581 1440 δὲ,
608 1377 674 1446 ἥν
701 1376 863 1439 αὐτὸς
886 1376 1210 1447 ἐμεσίτευσε
1237 1376 1481 1446 συνάψας
1508 1380 1620 1438 τοῖς
1638 1376 1733 1428 ἐπὶ
1755 1375 1860 1445 γῆς

254 1470 329 1522 τὰ
352 1469 609 1539 οὐράνια,
640 1470 736 1523 καί
758 1467 916 1540 ξένην
939 1469 1129 1541 τρίϐον
1156 1469 1254 1540 τῆς
1280 1473 1359 1534 εἰς
1376 1471 1645 1541 οὐρανοὺς
1671 1471 1859 1524 ἀνόδου

254 1564 381 1625 τοῖς
425 1563 519 1615 ἐπὶ
554 1564 660 1632 γῆς
700 1562 1016 1634 ἐχαρίσατο.
1075 1563 1311 1619 Εὑδοκία
1332 1563 1412 1627 δὲ,
1454 1564 1521 1634 ἣν
1562 1563 1725 1628 αὐτὸς
1771 1564 1860 1623 εὑ-

256 1651 542 1722 δόκησενὸ
573 1652 782 1724 Πατὴρ,
809 1652 899 1705 τὸν
932 1651 1060 1704 Υἱδν
1099 1652 1262 1705 αὐτὸν
1293 1652 1579 1722 ἀγαπητὸν
1606 1650 1860 1706 ἀποστεί-

261 1744 535 1813 λαςλπρὸς
575 1746 704 1808 τοὺς
740 1742 1105 1815 κατακρίτους
1137 1745 1306 1814 ἡμᾶς,
1361 1744 1447 1796 ἵνα
1494 1744 1593 1813 τὴν
1631 1745 1858 1814 εὐδοκη-

264 1836 455 1890 θείσαν
483 1839 541 1889 ὲν
562 1835 714 1906 αὐτῷ
742 1836 892 1907 παρὰ
916 1836 1008 1889 τοῦ
1052 1836 1265 1908 Πατρὸς
1295 1836 1595 1907 σωτηρίαν,
1625 1836 1701 1898 ὡς
1725 1838 1858 1905 ὁμου

1958 640 2214 702 laesisset,
2254 630 2550 697 sententi’a.
2588 641 2844 706 Quando,
2875 648 2929 696 et
2953 659 2981 695 a
3015 645 3306 713 quonam?
3348 647 3548 714 Hodie.

1957 741 2013 788 et
2040 747 2069 785 a
2091 731 2253 788 Patre
2275 732 2561 787 altissimo.
2595 732 2760 788 Juxta
2792 749 2980 804 quam,
3015 737 3107 805 qui
3151 750 3349 793 natura
3381 742 3545 799 beni-

1959 840 2099 896 gnus
2125 835 2211 882 est
2259 834 2314 880 et
2374 826 2695 881 misericors
2747 826 2903 895 justc
2959 827 3207 884 decrevit
3257 842 3316 885 ut
3371 832 3550 892 Filius

1960 933 2095 972 suus
2132 918 2472 988 nnigenitus,
2509 918 2561 971 in
2596 919 2785 973 eadem
2812 918 3099 974 nobiscum
3134 930 3346 980 naturae
3373 926 3548 982 forma

1961 1023 2256 1080 apparens.
2307 1009 2686 1064 adversarium
2722 1010 3139 1067 condemnaret.
3175 1012 3284 1069 Pax
3318 1025 3503 1074 autem
3533 1059 3548 1082 ,

1959 1117 2123 1170 quam
2163 1102 2347 1156 subito
2370 1102 2591 1167 .chorus
2638 1103 2955 1174 angelorum
2992 1120 3093 1174 pro
3116 1104 3241 1161 Filii
3271 1106 3552 1181 Principis

1961 1191 2114 1259 pacis
2166 1191 2453 1247 nativitate
2508 1193 2560 1245 in
2590 1208 2780 1259 carne,
2832 1212 2937 1253 una
2975 1197 3042 1253 de
3078 1198 3222 1253 cmlo
3250 1201 3552 1258 celebravit

1961 1300 2117 1349 voce,
2151 1285 2341 1340 dicens
2377 1302 2389 1337 :
2420 1302 2439 1335 ι
2492 1284 2678 1341 Gloria
2716 1288 2770 1343 in
2834 1290 3125 1347 altissimis
3183 1290 3294 1347 Deo
3320 1332 3336 1358 ,
3371 1302 3425 1349 et
3492 1294 3548 1348 in

1962 1388 2108 1433 terra
2138 1395 2276 1448 pax,
2314 1381 2367 1433 in
2400 1381 2721 1435 hominibus
2749 1383 2893 1436 bona
2924 1385 3181 1439 voluntas
3216 1393 3262 1438 ν.
3303 1404 3321 1437 ι
3357 1386 3548 1441 Gloria

1961 1486 2125 1542 quam
2159 1486 2187 1524 a
2226 1471 2450 1527 Christo
2479 1488 2654 1543 genus
2697 1473 2998 1528 humanum
3030 1485 3117 1529 est
3155 1487 3547 1545 consecutum,

1962 1561 2108 1632 quod
2148 1574 2399 1616 evectum
2432 1565 2505 1617 sit
2540 1579 2706 1632 supra
2740 1566 3007 1619 cmlorum
3053 1567 3239 1632 orbes,
3276 1582 3341 1623 ac
3378 1584 3546 1639 supra

1962 1668 2179 1707 omnem
2218 1653 2613 1723 principatum,
2672 1666 2725 1710 et
2757 1665 3114 1726 potestatem,
3149 1669 3206 1712 et
3259 1660 3543 1722 virtutem,

1966 1753 2025 1797 ut
2069 1743 2232 1798 habet
2290 1758 2521 1815 magnus
2552 1747 2881 1816 Apostolus,
2926 1749 3157 1802 elatum.
3189 1748 3303 1803 Pax
3329 1791 3344 1815 ,
3377 1767 3544 1820 quam

1965 1834 2082 1903 ipse
2111 1844 2396 1902 sequester
2421 1842 2475 1889 et
2514 1837 2726 1890 medius
2755 1838 3094 1901 conciliavit,
3120 1850 3275 1895 arcta
3308 1840 3546 1911 quadam

265 1927 431 1999 θελὴς
485 1928 578 1981 τοῦ
629 1928 860 1998 Πατρὸς,
910 1929 990 1990 εἰς
1021 1930 1168 1998 ἡμᾶς
1211 1930 1565 2000 ἐκπληρώσῃ.
1618 1928 1788 1982 Τοῦτο
1827 1928 1853 1981 ὃ

1963 1927 2365 1982 necessitudine
2416 1929 2647 1984 terrenis
2697 1930 2939 2000 jungens
2996 1932 3280 1997 C(BleStia,
3327 1949 3550 2005 quaque

266 2017 366 2071 νῦν
415 2018 899 2088 πανηγυρίζομεν·
957 2020 1116 2075 τοῦτο
1168 2020 1406 2089 σήμερον
1469 2020 1562 2072 καὶ
1613 2018 1857 2090 Γαϐριὴλ

269 2111 634 2182 ἐγχειρίζεται
661 2110 723 2163 τὸ
750 2111 1053 2181 ἐπίταγμα,
1081 2113 1175 2165 καὶ
1211 2110 1482 2182 μεσιτεύει
1515 2111 1729 2184 θεότητι
1762 2113 1857 2166 καὶ

267 2205 677 2276 ἁνθρωπότητι,
736 2205 833 2258 καὶ
889 2205 1071 2276 πάσης
1134 2205 1480 2274 καταλλαγῆς
1549 2206 1733 2276 ὅμηρα
1790 2207 1854 2275 τῇ

282 2297 540 2369 Παρθένῳ
568 2296 790 2378 πρῶτοςὶ
815 2296 1256 2366 εὐαγγελίζεται.

1958 2034 2153 2072 novam
2192 2019 2489 2087 quamdam
2520 2020 2660 2073 viam
2706 2021 2967 2075 redeundi
2999 2023 3052 2075 in
3093 2024 3287 2088 C(elos,
3345 2026 3545 2093 positis

1958 2113 2010 2163 in
2054 2119 2198 2163 terra
2236 2110 2552 2165 hominibus
2605 2113 2850 2165 donavit.
2889 2112 3039 2167 Bona
3071 2114 3293 2169 deruunt
3338 2118 3536 2171 volun-

1957 2210 2064 2271 tas,
2089 2216 2196 2271 qua
2229 2201 2390 2257 Pater
2442 2204 2559 2272 ipse
2615 2204 2873 2259 dilectum
2922 2205 3121 2260 Filium
3155 2223 3316 2265 suum
3348 2209 3416 2263 ad
3447 2224 3549 2266 nos

1960 2308 2084 2349 reos
2139 2293 2486 2362 beuepiacito
2541 2295 2726 2361 misit;
2764 2312 2875 2366 quo
2905 2296 2975 2360 is,
3025 2296 3173 2350 velut
3220 2313 3328 2351 una
3365 2298 3549 2356 Patris

285 2392 575 2454 voluntate,
599 2406 762 2460 quam
799 2390 957 2447 Pater
980 2391 1213 2448 salutem
1244 2393 1643 2464 beneplacitam
1678 2393 1730 2446 in
1757 2388 2149 2451 eohahuisset,
2180 2389 2585 2459 probassetque
2605 2428 2622 2454 ,
2668 2390 2723 2445 in
2754 2391 2914 2445 nobis
2933 2392 3197 2460 expleret.
3245 2392 3359 2445 lloc
3414 2393 3548 2448 illud

278 2482 521 2551 estquod
544 2498 688 2538 nunc
718 2483 824 2537 diei
860 2482 999 2538 festo
1029 2494 1303 2540 conventu
1329 2487 1698 2542 celebramus.
1732 2483 1846 2538 Hoc
1865 2491 1918 2536 et
1944 2480 2164 2535 Gabriel
2189 2480 2352 2536 hodie
2391 2481 2661 2536 creditura
2692 2482 3009 2536 mandatum
3034 2486 3357 2553 exsequitur
3385 2485 3500 2555 (50)
3534 2485 3551 2536 ς

271 2574 592 2643 mediusque
626 2573 719 2630 Dei
745 2585 797 2629 et
830 2575 1141 2641 hominum,
1179 2576 1350 2632 totius
1378 2574 1847 2632 reconciliationis
1889 2571 2117 2641 pignora
2160 2571 2371 2641 primus
2399 2570 2607 2643 Virgini
2682 2574 2860 2628 lauste
2921 2576 3237 2631 annuntiat.

336 2665 457 2721 Τῶν
488 2666 597 2736 γὰρ
625 2664 989 2737 οἰκτιρμῶνὸ
1025 2668 1247 2738 πατὴρ,
1281 2670 1561 2739 οἰκτείρας
1596 2669 1659 2721 τὸ
1699 2667 1858 2736 γένος

264 2754 454 2827 ἡμῶν.
498 2756 602 2828 ήδη
651 2755 731 2825 τῷ
784 2756 881 2827 τῆς
928 2758 1205 2828 ἁμαρτίας
1252 2758 1602 2829 καταφθαρὲν
1639 2757 1860 2828 ὀλισθή-

268 2863 434 2916 ματι,
479 2845 726 2916 ἐμνήσθη
768 2845 879 2900 τῶν
909 2845 1088 2916 ἔργων
1124 2847 1233 2900 τῶν
1276 2848 1477 2919 χειρῶν
1517 2847 1720 2912 αὑτοῦ,
1763 2844 1861 2899 καὶ

265 2936 340 3009 μὴ
372 2935 557 3008 φέρων
580 2936 662 3000 είς
691 2936 850 3000 τέλος
883 2939 1030 3009 ἡμᾶς
1065 2938 1473 3010 ἀπολλυμένους
1510 2940 1665 3009 ὁρᾷν,
1712 2938 1860 3009 πρῶ-

260 3044 352 3082 τον
394 3029 496 3099 μὲν
524 3029 618 3081 τὸν
657 3030 716 3083 ἐν
750 3030 1044 3100 γράμματι
1087 3031 1253 3101 νόμον
1287 3031 1449 3095 πλαξὶ
1492 3030 1723 3094 λιθίναις
1765 3033 1857 3098 ὲγη

260 3120 656 3193 γεγραμμένον
689 3123 812 3185 ταῖς
861 3122 1105 3184 Μωσέως
1155 3123 1343 3193 χερσὶν
1381 3122 1729 3194 ἐνεχείρισεν.
1773 3122 1858 3186 Ὠς

262 3214 317 3271 δὲ
342 3214 515 3284 μηδὲν
551 3232 569 3265 ι
595 3216 625 3267 ὁ
652 3213 818 3284 νόμος
842 3216 873 3267 ὁ
898 3215 1144 3285 γραπτὸς
1170 3215 1474 3282 ἐτελείωσε,
1500 3233 1519 3265 ι
1547 3231 1857 3283 πνευματοο

261 3307 467 3378 φόρους
510 3306 714 3377 ἄνδρας
772 3306 1061 3359 ἀπέστειλε
1088 3348 1103 3371 ,
1153 3308 1282 3370 τοὺς
1337 3307 1679 3377 διορατικοὺς
1716 3305 1858 3373 λέγω

258 3398 584 3467 προφήτας,
631 3396 814 3461 πάσας
852 3398 1356 3469 παραδεικνύοντας
1397 3398 1495 3461 τάξ
1534 3397 1687 3462 ὁδοὺς
1716 3399 1852 3452 Θεοῦ

254 3491 350 3555 τὰς
393 3490 630 3554 εὐθείας.
665 3490 752 3554 Ὧς
787 3489 845 3547 δὲ
896 3490 1116 3561 βύοντες
1162 3492 1261 3555 τὰς
1302 3492 1589 3562 αἰσθήσεις
1632 3494 1682 3551 οἰ
1719 3493 1855 3563 πρὸς

250 3582 345 3647 οὓς
404 3581 827 3653 ἀπεστάλησαν,
878 3583 1031 3639 οὐδὲν
1079 3578 1244 3656 ἧττον
1291 3584 1494 3654 ὁμοίως
1556 3583 1852 3651 διέκειντο,

248 3674 367 3729 οὐδ’
400 3673 609 3741 οὕτως,
650 3676 811 3746 ήμῶν
848 3677 908 3730 τὸ
942 3675 1171 3747 πλάσμα
1199 3677 1470 3746 περιεῖδεν
1500 3679 1529 3729 ὁ
1563 3678 1853 3748 Πλάστης⁶

248 3768 376 3823 ἀλλ’
416 3769 483 3821 ὲκ
505 3767 616 3821 τῶν
644 3768 1011 3839 ὑπεραγάθων
1033 3768 1198 3823 αὐτοῦ
1223 3770 1317 3823 καὶ
1352 3768 1712 3839 παναμὼμων
1736 3770 1856 3823 κόλη

250 3876 409 3921 πων,
456 3858 550 3912 τὸν
585 3857 884 3929 ὁμόθρονον
924 3857 1094 3912 αὑτοῦ
1145 3859 1238 3912 καὶ
1279 3858 1525 3930 ἰσρσθενῆ
1584 3862 1681 3915 καὶ
1732 3860 1854 3913 ἰσά-

250 3951 436 4019 γαθον
492 3948 869 4013 ἐξαναστάντα
919 3948 1085 4015 Υἰὸν,
1142 3948 1526 4016 ἐξαπέστειλεν
1580 3951 1661 4013 εἰς
1729 3952 1854 4015 τοὺς

251 4042 518 4110 ἀναξίους
546 4042 716 4112 ἡμᾶς,
751 4059 771 4095 ι
794 4044 877 4106 εἰς
903 4040 998 4106 οὒς
1021 4041 1091 4096 τὰ
1119 4041 1246 4112 τέλη
1278 4039 1387 4095 τῶν
1418 4040 1629 4095 αἰώνων
1653 4043 1854 4113 κατήνο

251 4147 436 4205 τησεο
473 4150 492 4183 ι
534 4131 730 4203 κρίνας
783 4132 987 4202 μᾶλλον
1040 4132 1140 4204 τὴν
1179 4131 1290 4191 τῶν
1328 4132 1853 4204 προσκεκρουκότων

255 4225 546 4297 σωτηρίαν
582 4223 949 4296 ἐργάσασθαι,
986 4222 1019 4295 ἢ
1057 4223 1300 4277 τοιοῦτον
1333 4223 1428 4278 καὶ
1467 4224 1723 4278 τοσοῦτον
1752 4226 1853 4296 τῆς

251 4320 333 4382 εἰς
381 4316 444 4370 τδ
477 4315 705 4386 πλάσμα
747 4318 1010 4389 περιϊδεῖν
1044 4316 1312 4387 ἐργασίας
1345 4316 1698 4388 κατόρθωμα.
1744 4318 1854 4373 Ἑνὶ

252 4411 446 4466 τοίνυν
507 4410 618 4465 τῶν
679 4409 1007 4482 πρωτίστων
1069 4409 1320 4479 ἀγγέλων
1389 4410 1706 4483 διακονῆσαι
1776 4412 1854 4483 τῷ

255 4502 555 4574 μυστηρίῳ
587 4502 880 4566 θεσπίσας,
925 4500 1137 4567 τοιάδε,
1169 4497 1347 4573 οἶμαι,
1383 4501 1463 4572 τῷ
1510 4503 1608 4573 τῆς
1646 4503 1854 4567 οἰκείας

256 4588 689 4664 μεγαλειότητος
733 4592 1112 4647 διεκελεύσατο
1138 4592 1389 4665 νεύματι.
1430 4594 1622 4667 Δεῦρο,
1650 4595 1850 4666 λέγων,

2032 2661 2200 2716 Pater
2221 2662 2495 2733 siquidem
2518 2665 3029 2720 misericordiarum
3065 2666 3325 2720 misertus
3349 2667 3513 2720 hnma
3530 2696 3552 2706 -

1962 2754 2016 2808 ni
2072 2756 2315 2827 generis,
2380 2756 2529 2826 quod
2563 2757 2677 2826 jam
2732 2758 3087 2829 prolapsione
3147 2759 3202 2812 in
3258 2766 3548 2827 peccatum

1962 2849 2244 2919 periisset,
2297 2849 2625 2905 recordatus
2675 2865 2904 2920 operum
2977 2865 3238 2904 manuum
3300 2864 3550 2914 suarum,

1961 2952 2062 2991 nec
2099 2938 2280 2993 ferens
2315 2951 2374 2992 ut
2415 2941 2470 2992 in
2505 2938 2667 2992 linem
2704 2947 2998 3009 pereuntes
3030 2942 3273 3006 videret;
3312 2941 3550 3009 primum

1959 3028 2181 3099 quidem
2222 3028 2423 3085 tabulis
2468 3028 2698 3098 lapideis
2732 3023 3054 3099 inscriptam
3110 3030 3283 3098 legem
3317 3030 3372 3083 in
3424 3044 3547 3083 ma-

1961 3135 2066 3177 nus
2109 3118 2281 3190 Moysi
2334 3119 2587 3173 tradidit.
2634 3119 2934 3189 Postquam
2987 3136 3118 3175 vero
3150 3139 3168 3173 ι
3198 3120 3283 3175 lex
3339 3120 3550 3191 scripta

1959 3210 2100 3265 nihil
2137 3210 2203 3263 ad
2240 3210 2545 3280 perlectum
2576 3210 2898 3269 deduxisset
2923 3213 3036 3285 (Si)
3080 3228 3143 3268 ac
3172 3229 3551 3270 consummas-

1960 3312 2063 3368 set,
2106 3324 2125 3356 ι
2168 3308 2318 3360 viros
2378 3305 2532 3360 misit
2567 3305 2755 3361 divino
2790 3306 3004 3376 Spiritu
3040 3300 3296 3361 amatos:
3334 3307 3553 3378 perspi-

1961 3412 2143 3464 caces,
2178 3397 2426 3467 inquam,
2463 3413 2528 3452 ac
2558 3398 2810 3453 videntes
2838 3398 3158 3469 prophetas,
3190 3400 3285 3469 qui
3314 3399 3407 3454 Dei
3432 3400 3554 3455 vias

1958 3497 2140 3544 rectas
2178 3483 2373 3544 onmes
2407 3489 2693 3545 docerent.
2737 3488 2941 3545 Verum
2993 3506 3116 3545 cum
3171 3491 3284 3546 illis
3311 3491 3377 3545 ad
3410 3508 3553 3561 quos

1957 3581 2111 3636 missi
2150 3590 2338 3645 erant,
2402 3582 2682 3638 ohturatis
2708 3584 2966 3639 sensibus
2998 3584 3139 3647 suis,
3178 3584 3316 3639 nihil
3352 3585 3551 3639 melius

1956 3673 2136 3728 allecti
2186 3683 2397 3738 essent,
2451 3690 2554 3731 nec
2613 3676 2696 3730 sic
2734 3683 2918 3731 tamen
2982 3677 3258 3730 ﬁctionem
3300 3687 3549 3731 nostram

1956 3763 2163 3835 plastes
2182 3764 2275 3819 ille
2303 3764 2551 3835 despexit
2577 3783 2592 3832 ;
2614 3767 2705 3820 sed
2736 3782 2801 3820 ex
2830 3766 3233 3836 benignissimo
3261 3767 3555 3824 sanctissi—

1957 3869 2156 3926 meque
2180 3857 2303 3913 sinu
2326 3874 2451 3922 suo,
2469 3857 2718 3927 ejusdem
2742 3874 2932 3913 secum
2959 3859 3269 3928 maiestatis
3293 3873 3339 3915 et
3365 3868 3555 3929 poten-

1957 3947 2048 4003 tia:
2083 3960 2137 4006 et
2165 3951 2431 4006 bonitatis
2463 3950 2661 4006 Filium
2697 3967 2858 4007 suum
2890 3952 3187 4019 suscitans,
3206 3952 3273 4007 ad
3301 3953 3556 4023 indignos

1957 4060 2056 4109 nos
2082 4044 2253 4109 misit,
2286 4061 2304 4093 ι
2342 4042 2397 4096 in
2417 4056 2557 4111 quos
2591 4042 2726 4097 ﬁnes
2752 4043 3081 4099 saeculorum
3100 4044 3441 4099 devenerunt
3477 4061 3491 4096 :
3519 4060 3550 4094 ο»

1956 4136 2134 4199 satius
2169 4134 2285 4189 fore
2334 4132 2667 4188 existimans
2728 4140 2788 4186 ut
2834 4148 3026 4188 eorum
3060 4134 3153 4202 qui
3191 4132 3556 4188 οίΐειιιιίεειριιι

1954 4231 2275 4295 operaretur
2305 4223 2565 4288 salutem,
2599 4236 2768 4291 quam
2805 4230 2863 4276 ut
2900 4223 3011 4276 tale
3040 4237 3107 4278 ac
3138 4232 3350 4275 tantum
3388 4236 3548 4276 crea-

1954 4316 2123 4370 tionis
2177 4313 2476 4385 specimen,
2533 4327 2785 4382 opusque
2844 4326 3006 4366 suum
3069 4311 3402 4380 despiceret.
3448 4309 3549 4366 Uni

1955 4424 2089 4481 ergo
2117 4423 2183 4464 ex
2211 4406 2504 4478 prmeipuis
2541 4406 2775 4475 angelis,
2820 4419 2985 4475 quem
3019 4404 3355 4459 sacramenti
3385 4404 3552 4470 hujus

1956 4501 2265 4555 ministerio
2321 4498 2684 4569 praefecisset,
2748 4491 2902 4560 talia,
2943 4506 3002 4551 ut
3037 4506 3188 4569 puto.
3239 4495 3553 4566 maiestatis

1956 4607 2071 4648 sua:
2110 4600 2248 4647 nutu
2291 4590 2594 4657 mandavit,
2627 4588 2795 4653 Heus,
2841 4589 3125 4659 inquiens,
3156 4591 3291 4675 vade
3326 4588 3551 4645 Gabriel

253 4684 443 4748 ἄπιθι,
471 4685 736 4756 Γαϐριὴλ.
756 4686 836 4749 εἰς
888 4685 1145 4756 Ναζαρὲτ
1164 4726 1179 4751 ,
1226 4686 1381 4739 πόλιν
1411 4687 1513 4757 τῆς
1547 4688 1853 4759 Γαλιλαίας,

1959 4683 2232 4741 Nazareth
2263 4685 2318 4743 in
2343 4684 2623 4741 civitatem
2655 4681 2916 4756 Galilaeae,
2950 4682 3003 4736 in
3046 4697 3153 4752 qua
3182 4682 3363 4752 puclla
3390 4683 3550 4752 virgo

251 4771 371 4852 ὲνῇ
405 4777 542 4848 κόρη
575 4777 844 4849 παρθένος
865 4776 1157 4842 οἰκίζεται,
1189 4779 1648 4851 μεμνηστευμένη
1679 4781 1854 4851 ἀνδρὶ,

1956 4779 2168 4834 habitat
2225 4778 2571 4850 desponsata
2630 4776 2753 4832 viro
2805 4776 2895 4830 cui
2947 4790 3144 4830 nomen
3185 4784 3270 4831 est
3294 4773 3500 4844 Joseph
3536 4791 3548 4803 -

254 4863 299 4935 ᾧ
333 4869 514 4939 ὄνομα
553 4870 775 4940 Ἰωσήφ.
819 4870 1011 4939 Μαρία
1049 4873 1116 4943 τῇ
1152 4871 1409 4944 παρθένῳ
1437 4871 1498 4926 τί,
1540 4873 1732 4945 ὄνομα.
1762 4875 1853 4939 Εἰς

1959 4872 2151 4942 virgini
2184 4879 2365 4925 autem
2392 4885 2591 4925 nomen
2615 4879 2721 4933 est,
2758 4867 2952 4923 Maria.
2997 4866 3265 4921 Nazareth
3290 4865 3315 4919 ?
3338 4866 3541 4936 inquit.

255 4957 558 5026 Ναζαρὲτ,
617 4959 773 5031 φησί.
843 4962 946 5016 Διὰ
991 4962 1081 5030 τίς
1112 4964 1231 5017 Ἵνα
1288 4962 1348 5017 τὸ
1402 4964 1501 5034 τῆς
1554 4965 1855 5037 παρθενίας

256 5047 666 5120 θεοχαρίτωτον
703 5049 932 5117 κάλλος,
980 5050 1233 5125 καθάπερ
1259 5053 1410 5125 ῥόδον
1435 5056 1494 5122 ἐξ
1526 5058 1853 5128 ήκανθωμέ-

258 5157 361 5212 νης
408 5140 590 5212 χώρας
635 5144 664 5196 ὁ
710 5144 1115 5216 Παντοκράτωρ
1149 5146 1434 5219 ἐκλέξηται
1457 5164 1470 5179 ο
1503 5148 1598 5222 καὶ,
1633 5149 1724 5204 διὰ
1755 5151 1854 5233 τὴν

337 5326 370 5377 V.
400 5317 537 5415 Luc.
563 5336 622 5385 ll,
660 5320 748 5380 l4.

1958 4961 2244 5019 Curnam?
2272 4962 2394 5029 Quo
2417 4961 2810 5033 'gratissimum
2852 4960 2962 5015 Deo
2985 4958 3321 5029 virginitatis
3356 4957 3551 5021 decus.

1960 5057 2110 5112 velut
2143 5070 2327 5111 rosam
2350 5070 2382 5111 e
2426 5053 2663 5124 spinoso
2692 5054 2816 5108 loco
2871 5054 2976 5108 sibi
3022 5051 3392 5122 Omnipotens
3417 5052 3555 5106 deh-

1963 5154 2115 5220 geret
2143 5162 2156 5197 :
2189 5145 2261 5202 ob
2294 5145 2464 5203 etiam
2495 5144 2869 5219 prophetiam,
2899 5164 2916 5197 ι
2950 5143 3221 5212 Quoniam
3257 5141 3555 5199 Nazarmns

1590 5433 1733 5490 COM
1744 5435 1978 5492 BEF’ISII
2023 5437 2255 5495 NOTAE.

341 5528 459 5598 (50)
498 5525 671 5585 Hodie
709 5527 974 5598 creditum
1022 5527 1340 5581 mandatum
1372 5526 1700 5598 exsequitur.
1744 5528 1847 5598 Σή-

274 5596 441 5669 μερον
486 5596 878 5669 ἐγχειρίζεται,
921 5597 1016 5661 Τὸ,
1060 5598 1488 5669 σήμερονηιιιιο
1534 5596 1846 5669 retulimus,

269 5666 398 5723 eum
432 5666 705 5736 impreSSa
743 5666 1017 5723 referrent
1068 5670 1135 5721 ad
1177 5667 1494 5736 superiora,
1533 5668 1736 5735 quibus
1769 5676 1850 5718 ta-

270 5753 399 5793 men
435 5739 649 5793 videtur
681 5737 932 5792 suilicere
959 5738 1041 5800 τὸ,
1075 5737 1194 5800 νῦν,
1222 5738 1315 5793 sed
1356 5753 1441 5790 res
1472 5746 1557 5791 est
1585 5737 1776 5790 levior.

343 5807 458 5878 (5|)
502 5807 608 5861 Lex
651 5808 855 5878 scripta
901 5809 1035 5862 nihil
1085 5809 1153 5859 ad
1195 5806 1496 5878 perfectum
1517 5805 1846 5878 deduxisset.

1945 5532 2147 5599 scripta
2173 5547 2193 5585 :
2239 5545 2304 5585 ac
2337 5530 2718 5600 distinguente
2763 5545 2793 5582 a
2830 5528 2952 5600 lege
2986 5528 3252 5599 Spiritus.
3291 5544 3455 5597 quam
3494 5541 3547 5584 et

1950 5590 2227 5671 propheta:
2257 5603 2405 5655 velut
2432 5590 2584 5656 missi
2618 5601 2672 5654 in
2695 5590 3003 5671 subsidium
3030 5590 3321 5671 inagnilice
3353 5603 3547 5666 praedi~

1949 5669 2172 5736 carunt,
2232 5672 2496 5741 paulatim
2553 5669 2954 5731 transferentes
2988 5670 3055 5723 ad
3092 5672 3301 5723 cultum
3347 5672 3550 5724 molitm

1951 5758 2089 5807 rem,
2141 5752 2198 5795 ut
2248 5741 2484 5796 subinde
2531 5741 2783 5795 Andreas
2819 5749 3026 5807 noster
3073 5741 3355 5807 exprimit.
3400 5741 3541 5795 Male

1954 5811 2285 5892 lippperus:
2340 5811 2749 5892 Postquam!”
2795 5812 2997 5892 scripta
3042 5812 3175 5864 nihil
3209 5811 3492 5881 proﬁcere!
3528 5827 3547 5865 ξ

279 5874 453 5945 \Tcrba
507 5887 635 5933 sunt
691 5877 863 5944 Pauli,
920 5879 1195 5947 glossante
1255 5874 1616 5947 adjecta'illa
1673 5892 1850 5944 voce,
1954 5874 2235 5949 nisi-forte
2260 5874 2828 5953 scripsit,pcrﬁccret.

348 6179 355 6215 ἰ
