3966 6438
303 403 418 465 897

296 591 520 663 καρπὸς
549 590 646 660 τῆς
675 585 885 651 κοιλίας
915 601 1031 640 σου.
1070 602 1088 635 ι
1129 585 1240 638 Καὶ
1271 585 1497 648 εἰκότως
1527 585 1895 658 εὐλογημένη.

300 687 583 756 Ε’ὐλόγησε
618 681 728 753 γάρ
764 697 823 732 σε
853 680 881 731 ὁ
909 678 1041 741 Θεὸς
1078 677 1139 730 τὸ
1163 676 1328 730 αὐτοῦ
1364 679 1655 748 σκήνωμα,
1683 679 1773 731 ὅτε
1806 678 1898 731 τὸν

301 776 634 849 ὐπερπλήρη
676 774 777 843 τῆς
813 770 1092 842 πατρικῆς
1125 768 1282 842 δόξης
1330 770 1621 840 ἄνθρωπον
1659 771 1897 841 Χριστὸν

313 870 530 943 Ἰησοῦν
553 910 568 934 ,
592 867 687 922 τὸν
714 865 877 920 αὐτὸν
898 865 996 918 καὶ
1018 863 1173 928 Θεὸν,
1196 864 1253 917 ὲν
1277 863 1580 933 τελειότητι
1609 863 1719 918 τῶν
1746 863 1805 931 ἐξ
1824 858 1899 918 ὧν

298 969 398 1020 καὶ
433 967 489 1017 ὲν
510 957 599 1025 αἷς
621 959 925 1030 συνέστηκε
953 957 1192 1028 φύσεων,
1241 957 1637 1028 ἀπεριλήπτως
1665 956 1901 1027 ὲκυοφό-

303 1075 503 1130 ρησας.
534 1075 553 1107 ι
579 1052 933 1126 Εὐλογημένη
961 1052 1023 1105 σὺ
1055 1051 1112 1104 ὲν
1128 1050 1396 1120 γυναιξὶν,
1423 1069 1442 1103 ι
1472 1052 1505 1123 ἡ
1532 1051 1624 1105 τὸν
1650 1051 1901 1122 οὐράνιον

299 1147 605 1221 θησαυρὸν,
636 1164 656 1198 ι
686 1148 745 1201 ἐν
765 1138 810 1214 ᾧ
836 1144 1036 1209 πάντες
1064 1144 1202 1197 εἰσὶν
1219 1145 1269 1197 oi
1299 1142 1564 1215 θησαυροὶ
1584 1146 1683 1215 τῆς
1710 1143 1900 1212 σοφίας

294 1244 403 1297 καὶ
444 1241 544 1311 τῆς
584 1237 858 1315 γνώσεως,
898 1237 1243 1308 ἀπόκρυφοι,
1287 1255 1305 1288 ι
1346 1238 1403 1289 ἐν
1436 1235 1516 1308 τῷ
1563 1236 1749 1309 ἅσύλῳ
1803 1238 1903 1308 τῆς

298 1330 613 1404 παρθενίας
644 1346 740 1382 σου
779 1328 1017 1400 ταμιείῳ
1036 1370 1052 1396 ,
1087 1327 1549 1399 ἀστενοχωρήτως
1577 1330 1899 1401 χωρήσασα.

301 1419 379 1472 Σὺ
417 1417 633 1490 ἀληθῶς
659 1415 1023 1489 εὐλογημένη,
1062 1436 1082 1469 ι
1115 1412 1184 1489 ἦς
1220 1419 1253 1488 ἡ
1284 1418 1460 1471 κοιλία
1496 1418 1727 1490 Θημονία
1760 1419 1903 1473 ἄλω-

300 1527 435 1575 νος·
477 1528 497 1562 ›
531 1510 612 1563 ὅτι
647 1509 858 1581 καρπὸν
891 1508 1162 1577 εὐλογίας,
1207 1510 1299 1563 τὸν
1328 1510 1534 1580 στάχυν
1563 1512 1664 1581 τῆς
1693 1510 1905 1582 ἀφθαρ-

304 1604 436 1666 σίας
462 1603 720 1675 Χριστὸν,
750 1602 1174 1673 ἀσπερμάντως,
1205 1603 1580 1675 ἀγεωργήτως
1614 1604 1903 1674 ὲτελεσφό-

308 1713 516 1767 ρησας,
578 1694 852 1765 πολύχουν
899 1694 1132 1764 ἄμητον,
1188 1695 1606 1767 μυριοπλάσιον,
1661 1696 1906 1767 χιλιάδας

300 1788 726 1859 εὐθυνουμένων
756 1786 835 1858 τῷ
863 1786 1095 1858 γεωργῷ
1119 1787 1223 1857 τῆς
1245 1788 1401 1859 ἡμῶν
1439 1789 1712 1860 σωτηρίας
1740 1806 1908 1861 προσ-

298 1879 506 1946 ἀξασα.
560 1877 633 1933 Σὺ
672 1876 889 1948 ἀληθῶς
926 1877 1290 1949 εὐλογημένη,
1331 1880 1363 1949 ἡ
1400 1880 1534 1951 μόνη
1570 1880 1762 1935 πασῶν
1796 1899 1904 1951 μη-

297 1971 490 2041 τέρων
524 1968 1021 2041 ψοετοιμασθεῖσα
1042 1971 1226 2041 μήτηρ
1260 1971 1354 2023 τοῦ
1383 1971 1620 2026 Κτίστου
1656 1989 1772 2039 σου,
1812 1974 1906 2026 καὶ

298 2062 385 2116 τὰ
423 2062 675 2133 μητέρων
728 2060 989 2117 λαθοῦσα.
1023 2061 1145 2115 Ὅτι
1191 2065 1265 2134 μὴ
1301 2065 1402 2132 τῆς
1448 2063 1748 2134 παρθενίας
1807 2066 1907 2136 τῆς

308 2156 422 2225 σῆς
448 2155 510 2207 τὸ
536 2152 815 2224 ἐξαίρετον
856 2152 1141 2223 μητρῲαις
1161 2152 1314 2207 ὠδῖσι.
1346 2154 1619 2228 διέφθορε,
1640 2155 1736 2209 τοῦ
1768 2174 1910 2230 παρ-

310 2244 542 2299 οενικού
566 2262 652 2298 σου
689 2244 924 2316 βλαστοῦ
946 2246 1014 2299 τὰ
1044 2246 1145 2315 τῆς
1184 2247 1406 2315 ἁγνείας
1428 2264 1523 2300 σου
1565 2248 1681 2302 σῶα
1716 2265 1910 2321 συντη-

320 2339 594 2411 ρήσαντος
625 2339 931 2410 σήμαντρα.
976 2338 1048 2391 Σὺ
1078 2339 1249 2402 ὄντως
1294 2339 1659 2411 εὐλογημένη,
1693 2342 1725 2410 ἡ
1769 2340 1908 2411 μόνη

314 2430 599 2500 ἀνάνδρως
652 2430 1047 2501 κυοφορήσασα
1077 2430 1170 2482 τὸν
1199 2431 1326 2494 τοὺς
1373 2432 1639 2503 οὐρανοὺς
1679 2431 1909 2485 ἐκτανύ-

307 2538 511 2587 σαντα,
540 2522 638 2575 καὶ
666 2522 768 2593 τὴν
797 2521 905 2592 γῆν
936 2522 1036 2593 τῆς
1084 2521 1385 2592 παρθενίας
1428 2540 1522 2576 σου
1560 2522 1912 2595 ξενοπρεπῶς

299 2612 733 2686 οὐρανὼσαντα.
794 2631 813 2665 t
862 2614 1220 2685 Εὐλογημένη
1280 2614 1344 2668 σύ
1393 2614 1450 2669 ἐν
1499 2614 1766 2683 γυναιξὶν,
1805 2634 1823 2667 ι
1877 2616 1911 2687 ἡ

308 2706 465 2777 μόνη
497 2706 594 2778 τὴν
622 2706 875 2776 εὐλογίαν
906 2707 1335 2779 κληρωσαμένη,
1365 2707 1431 2778 ἢν
1461 2707 1540 2768 είς
1570 2708 1639 2761 τὰ
1669 2707 1797 2777 ἔθνη
1825 2707 1913 2763 διὰ

306 2797 419 2851 τοῦ
459 2799 709 2871 Ἀϐραὰμ
768 2800 797 2853 ὁ
833 2798 968 2863 Θεὸς
1007 2800 1394 2871 ἐπηγγείλατο.
1437 2800 1508 2852 Σὺ
1556 2801 1775 2870 ἀληθῶς
1826 2802 1915 2854 εὐ-

306 2889 635 2961 λογημένη,
685 2890 762 2953 ὡς
820 2888 959 2960 μόνη
1006 2890 1099 2944 τοῦ
1152 2890 1449 2961 εὐλογητοῦ
1499 2890 1691 2954 παιδὸς
1734 2890 1913 2961 Ἰησοῦ

306 2979 564 3052 Χριστοῦ
608 2980 707 3034 καὶ
737 2981 993 3052 Σωτῆρος
1036 2981 1194 3052 ἡμῶν
1248 2981 1643 3053 χρηματίσασα
1698 2983 1911 3054 μήτηρο

306 3072 386 3124 δι’
421 3067 491 3144 ἧς
530 3071 729 3143 κράζει
773 3072 843 3126 τὰ
881 3071 1045 3143 ἔθνη·
1083 3092 1102 3125 ι
1140 3072 1519 3144 Εὐλογημένος
1552 3074 1581 3126 ὁ
1621 3074 1917 3145 ἐρχόμενος

1338 373 1422 442 ΙΝ
1455 374 2157 445 ANNUNTIATIONEM
2209 380 2275 440 B.
2308 374 2598 443 ΜΑΒΙᾹΞ.

380 520 400 553 ι
441 495 796 568 Εὐλογημένη
848 492 912 547 οὐ
948 494 1007 546 ὲν
1047 491 1299 560 γυναιξὶ,
1342 495 1437 546 καὶ
1470 493 1837 565 εὐλογημένος
1871 495 1900 546 ὁ
1929 501 1971 558 Α

3482 385 3592 451 898

2082 511 2100 543 ι
2132 491 2427 547 Benedicta
2482 502 2541 547 tu
2611 492 2752 548 inter
2809 493 3099 560 mulieres,
3160 502 3215 550 et
3260 492 3590 554 benedictus

2000 586 2221 640 fructus
2255 584 2466 640 ventris
2491 586 2569 639 tni
2604 597 2651 640 ιι.
2695 606 2713 637 ›
2750 587 2826 641 Ac
2856 603 2983 641 vere
3011 587 3236 655 quidem
3270 589 3589 646 benedicta.

2003 679 2136 733 Nam
2199 677 2485 733 benedixit
2538 687 2589 733 te
2670 676 2816 733 Deus
2891 688 3051 733 suum
3135 681 3591 747 tabernaculum,

2000 773 2229 843 quando
2279 780 2513 841 paterna
2546 771 2725 842 gloria
2764 771 2969 827 eximie
3001 771 3268 843 plenum,
3309 774 3594 830 hominem

2000 866 2289 921 Christum
2345 863 2535 919 Jesum
2594 866 2968 934 eumdemque
3027 863 3196 920 Deum
3231 907 3245 929 ,
3288 884 3354 923 ex
3389 868 3596 938 quibus
3632 874 3648 914 ι

2003 974 2069 1014 ac
2101 961 2156 1013 in
2191 958 2398 1029 quibus
2448 956 2733 1028 perfectus
2795 964 3018 1012 constat
3064 958 3322 1023 naturis,
3375 960 3597 1014 incom-

2003 1051 2277 1120 prehensa
2328 1050 2548 1104 ratione
2604 1057 2764 1104 utero
2821 1049 3077 1120 gestasti.
3134 1068 3152 1101 ι
3207 1048 3505 1104 Benedicta
3537 1060 3593 1105 tu

2004 1141 2150 1197 inter
2187 1142 2474 1205 mulieres,
2514 1159 2533 1193 ι
2570 1156 2692 1211 quas
2754 1142 3042 1196 cmlestem
3076 1142 3428 1208 thesaurum,
3470 1162 3489 1194 ι
3540 1144 3595 1196 in

2004 1247 2118 1303 quo
2155 1243 2279 1287 sunt
2338 1247 2533 1287 omnes
2595 1232 2840 1286 thesauri
2896 1232 3183 1302 sapientiae
3243 1238 3298 1287 et
3347 1233 3600 1287 scicntia:

2005 1327 2341 1393 absconditi,
2378 1346 2396 1378 ι
2454 1327 2508 1381 in
2566 1335 2672 1381 tum
2722 1327 3065 1397 virginitatis
3118 1325 3388 1381 inviolato
3447 1328 3599 1381 velut

2004 1421 2392 1492 promptuario
2439 1420 2615 1475 libere
2667 1420 2956 1489 complexa
3015 1434 3095 1474 es.
3139 1416 3283 1475 Vere
3337 1427 3395 1473 tu
3431 1422 3600 1475 bene-

2005 1513 2155 1567 dicta
2186 1555 2200 1577 ,
2238 1511 2397 1582 cujus
2444 1529 2462 1562 ι
2497 1520 2693 1565 venter
2739 1526 2978 1566 acervus
3009 1526 3155 1566 area:
3185 1511 3236 1576 ι),
3274 1533 3293 1564 ι
3332 1512 3596 1581 quoniam

2009 1597 2250 1653 fructum
2317 1598 2726 1656 benedictionis
2798 1599 3089 1654 Christum
3157 1601 3600 1657 immortalitatis

2009 1692 2245 1761 spicam,
2277 1691 2398 1746 sine
2431 1691 2642 1747 semine
2678 1706 2742 1746 ac
2776 1692 2931 1745 nullo
2963 1691 3250 1745 hominum
3286 1693 3598 1758 excolente,

2010 1797 2197 1837 messe
2220 1783 2442 1850 copiosa
2477 1789 2532 1835 et
2575 1781 2977 1835 innumerabili
3036 1796 3100 1835 ac
3170 1781 3363 1835 multis
3413 1781 3604 1835 lzetan-

2010 1877 2149 1929 tium
2206 1875 2455 1929 millibus
2511 1874 2768 1928 humanae
2821 1873 3023 1928 salutis
3077 1874 3276 1928 colono
3312 1873 3600 1940 adductis,

2009 1967 2327 2023 absolutum
2390 1966 2631 2020 h'uctum
2682 1966 3024 2036 produxisti.
3068 1963 3152 2019 Tu
3202 1980 3333 2019 vere
3376 1964 3603 2031 benedie

2009 2066 2119 2123 cla,
2155 2074 2279 2130 quae
2317 2059 2433 2114 sola
2472 2066 2719 2112 matrum
2758 2058 3016 2113 Creatori
3051 2066 3146 2111 tuo
3176 2065 3352 2110 mater
3383 2072 3600 2127 przepa-

2010 2160 2154 2217 rata,
2205 2167 2327 2221 qua:
2383 2158 2515 2207 sunt
2561 2159 2800 2205 matrum
2858 2149 3170 2205 nescivisti.
3246 2147 3406 2203 llaud
3450 2151 3598 2203 enim

2010 2243 2219 2299 eximia
2277 2243 2370 2297 illa
2418 2252 2510 2297 tua
2549 2243 2845 2313 virginitas
2894 2251 3151 2296 materno
3193 2250 3358 2312 partu
3391 2241 3601 2294 violata

2010 2341 2119 2399 est,
2185 2334 2443 2404 virginali
2492 2334 2743 2403 germine
2790 2341 2887 2386 tuo
2959 2332 3173 2404 integra
3234 2342 3604 2388 conservante

2011 2433 2122 2480 tum
2175 2425 2456 2481 castitatis
2517 2425 2832 2495 signacula.
2884 2421 3097 2479 Revera
3147 2423 3444 2479 benedicta
3501 2432 3598 2490 tu,

2013 2535 2136 2591 quae
2167 2519 2284 2574 sola
2315 2520 2439 2575 sine
2485 2521 2608 2573 viro
2646 2534 2768 2572 eum
2822 2527 2981 2572 utero
3013 2518 3345 2588 concepisti,
3379 2517 3476 2588 qui
3508 2533 3605 2573 ex-

2015 2611 2209 2682 pandit
2236 2612 2430 2677 coelos,
2466 2627 2531 2666 ac
2576 2610 2829 2665 mirabili
2867 2612 3084 2665 ratione
3125 2619 3237 2665 tua:
3268 2608 3609 2678 virginitatis

2014 2711 2219 2759 terram
2271 2704 2475 2758 caelum
2524 2702 2677 2759 fecit.
2728 2721 2744 2753 ι
2782 2701 3077 2757 Benedicta
3134 2710 3192 2756 tu
3237 2702 3292 2756 in
3356 2702 3608 2757 mulieri-

2017 2797 2141 2860 bus,
2181 2815 2201 2848 ι
2253 2811 2375 2866 qua:
2406 2797 2523 2849 sola
2581 2795 3027 2851 benedictionem
3083 2796 3237 2849 velut
3290 2794 3610 2850 haereditate

2015 2902 2078 2941 es
2120 2896 2447 2949 consecuta,
2488 2900 2652 2955 quam
2710 2884 2857 2939 Deus
2895 2899 2997 2955 per
3028 2885 3312 2939 Abraham
3344 2884 3610 2954 gentibus

2019 2978 2380 3048 promiserat.
2406 2978 2547 3033 Vere
2582 2986 2641 3032 tu
2674 2978 2990 3043 benedicta,
3032 2986 3092 3031 ut
3122 2993 3245 3048 qua:
3284 2976 3401 3033 sola
3438 2977 3613 3034 bene»

2019 3069 2152 3122 dicti
2187 3070 2341 3139 pueri
2372 3067 2500 3123 Jesu
2536 3068 2738 3124 Christi
2778 3084 2842 3123 ac
2876 3067 3189 3124 Salvatoris
3224 3068 3405 3124 nostri
3434 3067 3613 3124 lueris

315 3166 379 3218 ὲν
409 3164 635 3236 ὀνόματι.
662 3165 894 3237 Κυρίου.
927 3185 946 3218 ι
970 3165 1081 3219 Καί
1100 3182 1114 3195 ο
1150 3185 1168 3217 ι
1194 3166 1497 3238 Εὐλογητὸν
1527 3168 1586 3219 τὸ
1615 3167 1788 3237 ὄνομα
1816 3170 1911 3239 τῆς

2020 3167 2217 3225 mater,
2272 3177 2371 3231 per
2420 3175 2587 3231 quam
2632 3170 2822 3230 gentes
2869 3160 3153 3215 clamant:
3216 3178 3235 3211 ι
3282 3158 3616 3217 Benedictus

315 3255 482 3328 δόξης
510 3257 678 3311 αὐτοῦ
712 3258 793 3321 είς
833 3256 924 3311 τὸν
960 3256 1134 3311 αἰῶνα
1158 3274 1172 3287 °
1217 3257 1311 3311 mi.
1365 3256 1790 3329 πληρωθήσεται
1821 3260 1921 3331 τῆς

313 3346 485 3418 δόξης
515 3347 682 3401 αὐτοῦ
717 3349 924 3419 πᾶσαή
964 3349 1068 3420 γῆ·
1103 3348 1335 3417 γένοιτο,
1365 3348 1597 3419 γένοιτο.
1635 3369 1652 3402 ι

401 3550 423 3583 ι
460 3530 816 3603 Εὐλογημένη
850 3531 915 3585 σύ
949 3533 1007 3585 ὲν
1043 3530 1313 3600 γυναιξὶν,
1342 3551 1360 3584 ι
1397 3533 1465 3604 ἢν
1497 3551 1518 3585 ‹
1554 3535 1920 3607 μακαρίζουσι

316 3623 541 3691 γενεαὶ,
575 3640 595 3675 ι
624 3623 692 3693 ἦν
721 3620 1006 3687 δοξάζουσι
1038 3620 1278 3691 βασιλεῖς
1299 3639 1314 3653 ο
1345 3622 1413 3693 ἢν
1437 3622 1808 3690 προσκυνοῦσι
1832 3624 1923 3677 δυ·

318 3715 561 3769 νάσται·
596 3733 614 3767 ι
644 3709 712 3787 ἦς
757 3716 1050 3785 πρόσωπον
1086 3714 1461 3768 λιτανεύουσιν
1502 3714 1574 3787 [oi
1642 3714 1919 3787 πλούσιοι]

320 3807 427 3860 τοῦ
470 3804 601 3859 λαοῦ
626 3822 639 3836 ·
673 3806 768 3860 καὶ
801 3806 1065 3877 παρθένοι
1106 3806 1285 3861 ὀπίσω
1318 3807 1487 3878 αὐτῆς
1518 3826 1536 3859 ι
1571 3808 1836 3877 έπὸμεναί
1859 3826 1919 3861 τε

322 3899 430 3952 καὶ
473 3898 899 3969 προεξέρχουσαι
925 3899 970 3931 ¹⁰
999 3939 1014 3965 ,
1067 3917 1089 3952 t
1120 3900 1202 3962 εἰς
1248 3900 1374 3952 ναὸν
1420 3900 1681 3969 βασιλέως
1716 3921 1734 3953 ι
1792 3919 1920 3955 συν-

323 3986 676 4041 ελαύνουσιν.
699 4005 719 4039 ι
744 3986 1103 4058 Εὐλογημένη
1121 3986 1185 4039 σὺ
1206 3986 1264 4039 ὲν
1288 3987 1555 4055 γυναιξίν·
1571 4006 1589 4037 ι
1612 3988 1677 4059 ῆν
1692 3987 1923 4053 Ἡσαΐας

330 4078 467 4134 ίδὼν
500 4082 858 4151 προφητικῶς
896 4080 1143 4150 ὄμμασι,
1180 4098 1198 4131 ι
1240 4079 1553 4151 Προφήτιδα
1587 4082 1679 4133 καὶ
1712 4081 1922 4153 Παρθέ-

326 4190 430 4227 νον
466 4192 485 4224 ι
523 4172 796 4243 ὠνόμασε,
831 4171 1094 4227 πλίνθον
1124 4187 1185 4225 τε
1224 4168 1315 4236 αὐ,
1356 4171 1451 4224 καὶ
1485 4189 1503 4223 ι
1534 4171 1699 4225 τόπον
1729 4173 1799 4236 ’¹,
1834 4175 1928 4228 καὶ

409 4341 441 4372 ει
475 4329 610 4385 Luc.
646 4346 688 4395 1,
722 4327 823 4385 42.
906 4327 935 4370 ιι
970 4328 1131 4383 Cant.
1158 4343 1259 4396 vn,
1285 4328 1342 4382 2.

2025 3253 2122 3322 qui
2156 3255 2304 3308 venit
2340 3254 2394 3307 in
2427 3254 2648 3309 nomine
2678 3253 2889 3308 Domini
2921 3272 2936 3321 ;
2977 3271 2994 3303 ι
3031 3263 3083 3308 et
3118 3270 3133 3307 :
3180 3271 3199 3305 ι
3244 3251 3614 3308 Benedictum

2026 3361 2231 3401 nomen
2284 3345 2476 3416 glorim
2528 3346 2648 3415 (nus
2710 3346 2765 3399 in
2822 3354 3126 3401 arternum:
3176 3352 3232 3401 et
3306 3347 3617 3418 replebitur

2026 3438 2202 3509 gloria
2234 3439 2358 3507 ejus
2389 3440 2570 3495 omnis
2597 3449 2785 3493 terra:
2819 3438 2934 3503 ﬁat,
2978 3438 3091 3495 iiat.
3129 3456 3149 3491 ι

2106 3547 2123 3580 ι
2161 3521 2470 3584 Benedicta.
2490 3539 2548 3583 tu
2597 3530 2653 3584 in
2703 3530 3075 3585 mulieribus:
3118 3549 3136 3582 ι
3189 3545 3353 3601 quam
3390 3549 3410 3583 ι
3447 3546 3616 3604 gene-

2027 3621 2278 3675 rationes
2313 3622 2527 3675 heatam
2566 3642 2586 3674 ι
2624 3622 2837 3688 dicunt,
2868 3637 3033 3692 quam
3080 3638 3240 3692 reges
3265 3622 3615 3693 gloriﬁcant,

2028 3727 2198 3782 quam
2244 3712 2482 3767 adorant
2523 3714 2842 3783 principes:
2904 3732 2923 3766 ι
2958 3712 3123 3782 cujus
3155 3714 3374 3767 vultum
3416 3714 3616 3770 divites

2026 3804 2654 3876 plebis'deprecantur:
2694 3807 3049 3877 virginesque
3097 3814 3222 3877 post
3256 3821 3379 3861 eam
3417 3806 3553 3877 (63),
3590 3825 3609 3859 ι

2032 3913 2142 3967 qua
2185 3909 2505 3969 sequentes,
2557 3914 2666 3968 qua
2700 3907 3030 3970 praeeuntes,
3067 3920 3085 3952 ι
3141 3900 3198 3955 in
3241 3901 3504 3971 templum
3537 3915 3620 3955 rc-

2029 3990 2113 4060 gis
2148 4009 2167 4040 ι
2207 4006 2311 4045 una
2352 3992 2723 4047 contendunt.
2762 4011 2781 4044 ι
2818 3992 3114 4049 Benedicta
3147 4001 3207 4048 tu
3257 3994 3314 4048 in
3365 3994 3617 4048 mulieri-

2031 4082 2158 4146 bus,
2189 4103 2208 4136 ι
2235 4099 2398 4153 quam
2432 4084 2601 4139 Isaias
2629 4085 2824 4142 videns
2854 4086 3196 4157 propheticis
3218 4086 3421 4149 oculis,
3452 4105 3470 4137 ι
3492 4083 3623 4139 Pro-

2035 4170 2345 4245 phclissam
2366 4184 2422 4231 et
2445 4175 2729 4249 Virginem
2755 4196 2775 4230 ι
2802 4177 3122 4248 appellavit;
3144 4196 3164 4229 ι
3186 4179 3410 4233 laterem
3436 4196 3455 4230 ι
3478 4177 3615 4248 (64).

1606 4505 1847 4564 ὟΑΒΙΛΕ
1877 4507 2289 4567 LECTIONES.

416 4652 464 4685 ’⁸
496 4649 636 4723 Lege
666 4651 986 4724 ἐρχόμεναι.
1064 4654 1105 4686 ¹¹
1137 4651 1280 4724 Lege
1309 4650 1511 4722 κῆπον.
1538 4651 1735 4708 Comb.

1628 4828 2015 4886 COMBEFlSll
2054 4829 2289 4887 NOTAE.

336 4982 696 5052 sacramento
725 4975 969 5052 maxime
1013 4974 1681 5052 inca_rnationis,_acuius
1709 4973 1929 5052 decreto
1966 4978 2010 5033 Ι)
2043 5043 2058 5052 _
2112 4973 2527 5052 (διίλιαιενρηι.
2560 4953 2824 5052 Πλίνθον..
2867 4976 3101 5035 Videtur
3152 4981 3429 5052 respicere
3490 4982 3622 5039 illud

336 5060 399 5099 et
435 5047 798 5113 praescientia,
820 5046 1065 5100 omnium
1098 5047 1332 5099 aliorum
1362 5045 1556 5099 salutis
1589 5046 1934 5113 prmscientia

338 5125 400 5171 et
433 5115 712 5169 decretum
747 5118 965 5184 pendet.
993 5126 1051 5170 ut
1082 5115 1249 5171 Maria
1274 5114 1402 5170 Jesu
1435 5117 1701 5169 incarnati
1740 5114 1931 5180 Mater,

340 5186 633 5239 verissima
701 5186 1015 5254 praedicatio
1063 5186 1135 5241 sit
1187 5186 1359 5241 totius
1388 5193 1612 5248 nostraz,
1642 5199 1704 5237 ac
1734 5201 1933 5240 conse-

341 5255 572 5327 quentis
594 5254 661 5309 ad
694 5253 843 5310 illam
885 5253 1015 5311 Jesu
1062 5256 1622 5327 prmdestinationem,
1656 5254 1935 5327 praedesti-

340 5326 593 5380 nationis
622 5340 687 5379 ac
719 5327 974 5396 gratuitae
1017 5325 1416 5396 providentiae:
1454 5326 1535 5382 sic
1570 5326 1772 5395 ubique
1824 5325 1935 5379 An-

343 5397 515 5450 dreas
545 5394 733 5451 noster
761 5394 986 5467 grandis
1012 5394 1117 5453 est.

352 5510 363 5527 κ
423 5488 535 5557 (65)
578 5482 924 5560 Virginesque
954 5498 1069 5556 post
1110 5504 1247 5552 eam,
1280 5484 1592 5560 etc.Verba
1627 5494 1757 5539 sunt
1801 5487 1940 5556 psal.

347 5574 501 5623 xuv,
540 5557 686 5615 velut
730 5557 1055 5629 paraphrasi
1111 5559 1382 5627 exposita.
1435 5557 1567 5612 Post
1597 5572 1727 5629 eam
1769 5570 1941 5627 ergo,

345 5631 502 5683 velut
526 5625 747 5700 τεείιιεε
766 5625 1020 5693 comites,
1056 5625 1220 5698 eique
1248 5629 1477 5700 honoris
1519 5640 1685 5681 causa
1716 5625 1770 5679 in
1802 5625 1943 5700 tem-

331 5700 505 5772 plum
538 5698 701 5771 liégis
725 5700 1086 5772 contendenti
1112 5698 1544 5772 itincrisgsociaé,
1566 5711 1799 5767 qunrum
1826 5698 1945 5772 alite

346 5767 646 5899 meream;
688 5771 808 5826 alia:
852 5779 1195 5850 sequantur,
1231 5776 1303 5841 {ut
1333 5767 1394 5824 ﬁt
1422 5776 1737 5840 magnatnm
1772 5768 1942 5823 satel-

373 5857 387 5894 ι
422 5854 494 5896 ιο.

373 5840 494 5896 itio.
944 5840 947 5841 ⁷
1146 5844 1155 5850 ’

2043 5043 2320 5135 lsachl‘ﬁ...
2706 5066 2737 5135 7:
2771 5047 2991 5135 bierunt
3024 5051 3164 5105 cocti
3211 5043 3425 5134 lateris;
3458 5068 3623 5122 quam

2042 5117 2233 5171 urbem
2273 5116 3101 5176 Moabitarum'munitissimam
3138 5116 3505 5177 communiter
3529 5140 3625 5179 ex-

2040 5195 2271 5262 ponunt,
2311 5194 2365 5262 et
2394 5203 2591 5242 nomen
2635 5185 2936 5259 proprium,
2971 5192 3117 5259 quod
3159 5192 3428 5262 interpres
3458 5207 3625 5261 expo-

2041 5260 2236 5321 suerit,
2268 5258 2414 5332 velut
2454 5258 2939 5332 esseteommune,
2989 5258 3347 5332 exponatqu'e
3373 5258 3626 5320 Andreas

2043 5336 2253 5398 noster,
2295 5336 2350 5383 et
2404 5328 2456 5381 in
2492 5327 2717 5383 Mariam
2770 5327 3079 5398 allegorice'
3116 5327 3434 5390 transferat.
3497 5349 3626 5389 vere

2044 5396 2193 5471 illam
2227 5397 2648 5452 munitissimam
2703 5400 2862 5471 nobis
2889 5396 3179 5457 civitatem
3233 5412 3287 5456 et
3317 5402 3625 5471 perfugium

2044 5468 2550 5541 ulti:num,_u_nt_non
2586 5484 2755 5541 raro,
2788 5468 2936 5541 Muri
2992 5481 3201 5525 tantum
3231 5468 3423 5541 ﬁctiles
3456 5468 3629 5526 rema-

2043 5547 2201 5591 neant
2251 5536 2369 5611 (LV
2398 5536 2525 5607 Reg.
2565 5555 2646 5601 ιιι,
2688 5540 2803 5611 25).
2852 5536 3253 5597 ΚὶνείιατεδειΙί.
3305 5541 3498 5603 Maria,
3552 5545 3608 5597 in

2043 5622 2230 5681 quam,
2255 5609 2418 5681 cujus
2454 5625 2729 5681 nusquam
2763 5609 2872 5665 non
2925 5613 3099 5665 valeat
3134 5614 3200 5666 ad
3236 5613 3626 5681 patrocinium,

2043 5679 2210 5732 etiam
2259 5679 2384 5733 aliis
2420 5678 2593 5734 veluti
2625 5680 3005 5736 amittentibus
3040 5678 3295 5736 ﬁduciam
3319 5722 3334 5744 ,
3374 5694 3622 5737 materna

2043 5749 2404 5828 przerogativa
2425 5749 2611 5828 ;_quod
2634 5756 2689 5804 et
2718 5750 3100 5828 devotiSsimns
3117 5752 3445 5828 Germanus,
3471 5751 3627 5810 orat.

2046 5818 2103 5871 in
2127 5818 2402 5888 Assumpt.
2436 5818 2639 5888 Mariae,
2676 5821 2894 5901 optime.
2929 5821 3236 5893 perpendit.
