3966 6432
532 355 643 417 9ὓό
1726 352 1785 412 S-
1829 350 2098 412 ANDRE.

2193 344 2618 414 CRETENSIS
3656 367 3740 432 9M

535 458 781 532 loquenti
846 461 1305 517 accommodaret.
1389 462 1761 529 Quamobrem
1825 465 2101 533 sapienter

2176 508 2183 525 ,
2216 465 2444 534 μήνατο,
2478 464 2680 516 εἰπών’
2714 482 2733 514 ι
2774 465 2835 518 'H
2865 465 2923 518 δὲ
2953 464 3314 533 διελογίζετοο
3344 482 3364 518 ι
3398 468 3471 537 τῷ
3517 477 3742 546 κριτηρξῳ

533 552 824 608 admodum
887 552 1172 610 adnotavit
1227 555 1599 626 Evangelista,
1660 554 1893 610 dicens:
1951 575 1969 607 ι
2016 556 2099 609 Illa

2213 557 2310 625 τῆς
2350 555 2597 627 καθαρᾶς
2643 556 2847 609 ὡσανεὶ
2893 554 3133 623 διανοίας
3168 556 3231 608 τὸ
3279 556 3518 624 λογισθὶν
3560 559 3744 628 βασανί-

532 653 717 698 autem
741 644 1059 713 cogitabat;
1116 663 1136 699 ι
1170 660 1271 717 pro
1310 647 1527 701 mundat
1576 647 1778 702 mentis
1834 646 1981 701 velut
2012 648 2098 701 tri'

2213 646 2418 711 ζουσα,
2470 647 2550 718 τῷ
2603 647 2678 718 μὴ
2733 646 2974 719 ἀκρίτως
3027 647 3090 699 τὸ
3141 648 3306 718 ῥηθὲν
3361 650 3747 719 παραδέξασθαι.

532 736 723 789 hunali
776 736 1015 805 probans
1064 752 1131 793 ac
1163 740 1489 795 examinans
1542 740 1689 810 quod
1721 740 2017 811 cogitaret,
2053 749 2098 794 ut

2219 756 2238 790 ι
2269 738 2516 802 Ποταπὺς
2557 738 2795 807 λέγουσα
2831 738 2917 807 τίη
2947 740 2976 792 6
3013 738 3306 808 ἀσπασμὸς
3348 732 3518 803 οὗτος.
3548 757 3567 792 ι
3618 742 3750 801 Em:

528 842 599 882 ne
628 826 775 897 quod
830 827 1108 885 diceretur
1175 830 1287 885 sibi
1321 839 1530 886 temere
1570 830 1866 900 arriperet.
1902 848 1923 883 ι
1958 831 2094 898 Qua-

2212 829 2322 900 γὰρ
2366 830 2541 899 αὐτὴν
2581 830 2779 899 εὐγενῆ
2836 847 2899 883 τε
2935 826 3103 883 οὖσαν
3144 830 3241 884 καί
3288 828 3560 902 Θυγατέρα
3586 835 3744 900 Δαδὶδ,

529 918 618 982 lis,
647 918 929 990 inquiens,
993 930 1145 977 esset
1174 922 1282 976 ista
1333 923 1619 979 salutatio.
1658 941 1678 976 ι
1715 918 1852 978 Nam
1886 923 1945 978 ﬁt
1979 939 2095 981 vert

2214 921 2350 992 μηδὲ
2374 921 2484 976 τῶν
2507 923 2566 975 ὲν
2595 922 2841 991 Γραφαῖς
2871 919 3126 991 ἀμοιρεῖν
3153 920 3378 974 ὲνθτίων
3404 922 3725 993 διηγημάτων

528 1010 732 1075 simile,
773 1027 898 1066 cum
927 1021 1079 1068 esset
1127 1013 1389 1085 ingenua,
1424 1030 1489 1069 ac
1532 1014 1753 1071 Davidis
1792 1015 2094 1087 liliahhauc‘

2209 1012 2287 1077 ὡς
2314 1011 2678 1083 παραπέμψαι
2707 1013 2798 1065 τὸν
2824 1012 2950 1066 νοῦν
2970 1013 3172 1069 αὐτίκα
3209 1012 3347 1082 πρὸς
3371 1012 3433 1066 τὺ
3454 1014 3549 1083 τῆς
3574 1018 3750 1087 προμή.

528 1100 702 1158 fuisse
741 1105 988 1174 ignaram
1023 1121 1219 1161 eorum
1252 1122 1378 1177 qua:
1413 1107 1720 1179 Scripturis
1749 1112 1924 1166 sacris
1947 1124 2094 1165 enar

2209 1121 2367 1175 τερος
2417 1103 2657 1174 πτῶμα,
2718 1103 2780 1158 τδ
2844 1107 2911 1158 ὲκ
2966 1106 3068 1174 τῆς
3126 1106 3347 1176 ἀπάτης
3398 1106 3751 1178 ὲνθυμηθεῐσαν

526 1201 645 1248 rata
700 1195 1012 1252 habentur:
1055 1206 1113 1253 ut
1143 1199 1515 1269 cogitationes
1561 1215 1691 1257 suas
1737 1201 1928 1255 statim
1969 1216 2092 1255 con-

2207 1194 2480 1265 ὀλίσθημα
2497 1235 2513 1260 ,
2577 1195 2673 1249 καὶ
2737 1195 2841 1249 ὅσα
2893 1196 3300 1266 ιτοιουτότροπα
3371 1197 3482 1260 τοῖς
3543 1197 3752 1264 παλαιοῖς

526 1285 754 1340 verterit
787 1286 853 1340 ad
885 1288 1076 1357 primae
1124 1290 1374 1359 parentis
1406 1292 1647 1362 lapsum,
1695 1307 1884 1348 secum
1921 1293 2092 1348 animt

2209 1286 2622 1358 προϊστόρηται.
2667 1286 2784 1339 Οὐκ
2820 1287 3050 1348 ἀπεικὸς
3085 1284 3183 1339 οὖν
3212 1285 3384 1357 αὐτὴν
3419 1285 3752 1360 διαλογιζομὶ.

522 1375 753 1432 volvens
781 1378 1125 1449 deceptionis
1148 1396 1361 1448 casum,
1400 1398 1468 1438 ac
1500 1384 1714 1447 reliqua
1749 1384 1924 1459 hujus
1951 1400 2088 1456 gene

2208 1397 2308 1450 νην
2330 1378 2359 1430 6
2390 1379 2785 1449 εὐαγγελιστὴς
2836 1378 3258 1446 συνεγράψατοο
3301 1378 3418 1433 ἀλλ’
3456 1379 3541 1433 ενα
3587 1382 3671 1435 καὶ
3705 1383 3751 1437 τὸ

522 1467 603 1521 ris
678 1478 926 1524 veterum
984 1471 1341 1527 historiarum
1423 1476 1797 1531 monumentis
1864 1478 2088 1547 prodita.

2206 1468 2463 1543 ἀγχίνουν
2516 1473 2642 1526 ὅσον
2679 1471 2891 1542 προσῆν
2928 1471 3067 1542 αὐτῇ
3108 1471 3434 1544 παραδείξῃ,
3480 1473 3572 1527 καὶ
3596 1474 3653 1526 τὸ
3675 1474 3752 1544 τῆς

521 1557 644 1613 Non
700 1560 979 1617 immerito
1035 1563 1205 1633 igitur
1278 1567 1621 1636 evangelista
1677 1568 2087 1638 cogitabundau

2206 1564 2461 1635 γνώσεως
2481 1563 2723 1636 ἀρρεπὲς
2750 1579 2810 1616 τε
2839 1564 2935 1617 καὶ
2964 1563 3165 1630 πάγιον
3181 1563 3456 1629 τέθεικεν,
3479 1564 3660 1617 ὡσανεὶ
3676 1566 3750 1619 καὶ

522 1653 788 1722 scripsit:
821 1656 918 1710 sed
955 1671 1020 1711 eo
1075 1660 1284 1727 posuit.
1328 1665 1393 1712 ut
1424 1666 1477 1714 et
1526 1661 1886 1730 sagacitatem
1925 1676 2088 1731 quani

2206 1656 2267 1711 τὸ
2299 1656 2701 1728 ἀῤῥέμϐαστον.
2734 1656 2846 1727 Τῆς
2872 1655 2983 1727 γὰρ
3022 1655 3119 1711 τοῦ
3152 1655 3324 1711 καλοῦ
3355 1658 3586 1728 κρίσεως
3612 1659 3749 1729 μήπω

524 1752 634 1796 tam
696 1743 945 1809 haberet,
982 1755 1038 1802 et
1090 1748 1344 1803 stabilem
1404 1764 1472 1804 ac
1549 1751 1760 1805 ﬁrmam
1813 1752 2090 1807 scientiam

2207 1750 2633 1821 δοκιμασθείσης
2685 1751 2752 1820 τῇ
2809 1750 3176 1820 παρεξετάσει
3229 1751 3331 1820 τῆς
3387 1750 3484 1804 τοῦ
3529 1750 3746 1822 λογισμοῦ

522 1833 770 1905 nihilque
794 1838 942 1891 velut
967 1853 1158 1909 vagam
1185 1849 1240 1894 et
1262 1850 1563 1904 errantem.
1587 1844 1922 1898 ostenderet.
1953 1842 2088 1897 Non‘

2204 1815 2543 1910 διασκέψεως
2560 1815 2601 1915 ,ς
2629 1841 2692 1895 οὐ
2726 1815 2820 1895 "6s!
2853 1815 3298 1905 συγκαταθέσθαι
3329 1841 3430 1913 τὴν
3461 1815 3744 1915 πρόσρησιν.

518 1923 650 1980 dum
710 1927 856 1993 enim
909 1926 1125 1985 honesti
1152 1929 1368 2000 judicio
1410 1931 1480 1986 ad
1514 1935 1749 1990 rationis
1804 1946 1860 1991 et
1904 1934 2102 2004 judicii
2139 1945 2340 1990 metam
2377 1935 2630 2004 probato,
2662 1930 2811 1987 haud
2882 1934 3249 1989 conveniebat
3294 1948 3401 1990 ceu
3458 1944 3620 1990 ratam
3681 1952 3746 1993 sa-

518 2018 842 2075 lutationem
883 2021 1109 2077 habere.

585 2115 856 2171 Caeterum
890 2117 1021 2186 quia
1066 2132 1188 2173 eam
1242 2121 1416 2175 animi
1451 2122 1829 2179 turbationem
1872 2123 2100 2194 suppria

2278 2116 2425 2187 Πλὴν
2470 2117 2555 2170 ὅτι
2612 2117 2712 2186 τῆς
2773 2116 2956 2187 ψυχῆς
3006 2117 3099 2169 τὸν
3147 2116 3392 2188 τάραχον
3442 2121 3741 2176 καταστεῖλαι

516 2221 667 2262 mere
733 2209 1012 2272 studebat,
1077 2212 1306 2268 minime
1359 2214 1585 2283 quidem
1635 2215 1819 2270 locuta
1858 2223 2082 2281 est;set

2209 2209 2626 2274 σπουδάζουσα,
2680 2207 2840 2275 λόγον
2899 2207 3001 2277 μὲν
3046 2209 3109 2261 οὐ
3166 2210 3486 2280 προήκατοσ
3540 2212 3668 2282 μόνῳ
3703 2212 3741 2265 δὲ

513 2297 637 2350 solo
690 2296 883 2351 habitu
950 2298 1235 2354 modicum
1290 2302 1700 2372 aliquantulum
1774 2304 2074 2359 snbdubita

2206 2301 2284 2371 τῷ
2334 2303 2610 2378 σχήματι.
2625 2299 2822 2371 μικρὸν
2867 2300 2993 2353 ὅσον
3045 2298 3486 2365 ὑπενδοιάσσσα,
3528 2302 3740 2357 διεδείκνυ

515 2387 726 2451 bunda,
769 2404 879 2457 quo
917 2396 1071 2444 esset
1111 2391 1283 2445 animi
1311 2401 1460 2448 statu
1499 2395 1849 2458 ostendebat,
1882 2412 2081 2451 mornn

2198 2389 2300 2459 τῆς
2333 2390 2515 2460 ψυχῆς
2551 2390 2652 2458 τὴν
2694 2389 3053 2452 κατάστασιν,
3079 2389 3141 2442 τὸ
3170 2387 3475 2461 tofi-11000;
3507 2392 3739 2455 εὐσταθὲς,

514 2479 928 2549 compositione
986 2482 1141 2536 vocis
1179 2482 1303 2539 loco
1359 2484 1593 2540 suffecta
1619 2505 1631 2517 ·
1680 2504 1699 2537 ι
1738 2487 1928 2553 Qualis
1954 2496 2076 2543 esse

2200 2484 2321 2537 ἀντὶ
2349 2482 2533 2552 φωνῆς
2570 2481 2950 2551 ὑποστήσασα.
2993 2499 3012 2533 ι
3044 2481 3296 2545 Ποταπὸς
3330 2481 3422 2552 εἴη
3446 2484 3476 2535 6
3500 2484 3737 2552 ἀσπασμὸς

513 2571 620 2624 ista
647 2570 917 2625 salutatio
949 2587 962 2624 :
1002 2591 1021 2624 ι
1073 2574 1224 2627 velut
1266 2576 1518 2632 diceret:
1552 2577 1690 2632 Nam
1736 2579 1851 2633 sola
1887 2593 1988 2648 ego
2015 2579 2079 2633 int

2199 2568 2355 2637 οὗτος
2380 2592 2398 2625 ι
2430 2573 2684 2642 λέγουσα’
2707 2572 2798 2644 Μὴ
2822 2572 2959 2643 μόνη
2983 2572 3263 2640 γυναικῶν
3281 2571 3396 2641 ὲγὼ
3418 2576 3728 2646 καινοτομήω

515 2667 600 2715 ter
661 2662 926 2717 mulieres
997 2677 1200 2718 novum
1253 2675 1465 2721 natura:
1515 2668 1738 2723 modum
1803 2669 2060 2724 inducam

2199 2663 2299 2734 τὴν
2324 2663 2519 2731 φύσιν;
2551 2662 2643 2732 Μὴ
2673 2663 2833 2730 μόνον
2853 2663 2952 2731 ἐμὲ
2972 2661 3198 2718 δυνατὸν
3215 2665 3557 2735 κυοφορῆσαι
3578 2663 3735 2735 καρπὸν

513 2748 671 2807 idene
704 2752 879 2805 solam
921 2755 1189 2823 possibile
1217 2765 1302 2810 est
1353 2757 1591 2814 fructum
1642 2770 1801 2816 utero
1857 2772 2076 2833 gestare

2202 2754 2277 2833 μὴ
2318 2752 2680 2806 συνελθοῦσαν
2717 2752 2905 2820 ἀνδρί;
2956 2769 2975 2804 ι
3011 2752 3264 2815 Ποταπὸς
3312 2754 3400 2825 εἴη
3434 2757 3463 2808 6
3501 2752 3738 2823 ἀσπασμὸς

513 2844 651 2898 nulli
683 2845 799 2899 viro
834 2850 1239 2917 congressam?
1284 2870 1302 2903 ι
1341 2852 1537 2918 Qualis
1574 2865 1722 2910 esset
1748 2856 1852 2911 ista
1894 2855 2074 2909 salu'a

2201 2839 2379 2909 οὗτος.
2416 2865 2435 2896 ι
2471 2845 2567 2908 Τίς
2590 2847 2619 2898 6
2655 2843 2755 2915 τὴν
2798 2844 3159 2912 ἐπαγγελίαν,
3195 2845 3292 2898 καὶ
3327 2846 3493 2899 πόθεν
3531 2844 3738 2899 εἰσελθὼν

511 2939 610 2990 tio.
646 2956 665 2988 ι
703 2935 839 3003 Quis
894 2938 987 2994 ille
1045 2950 1141 2994 aut
1192 2922 1337 2998 unde
1369 2944 1678 3011 ingressus,
1730 2948 1824 3015 qui
1858 2947 1913 3002 id
1963 2948 2076 3001 mih

2198 2938 2546 3006 είσκεκόμικε
2569 2937 2776 3005 ταύτην
2797 2952 2813 3001 ;
2845 2935 3167 3005 ’Ἄνθρωπον
3194 2935 3489 3007 λογίσομαι
3511 2937 3595 2990 τὸν
3616 2935 3739 3005 9051-

510 3029 699 3082 nuntii
757 3031 987 3084 attulit?
1043 3030 1187 3086 Num
1244 3034 1525 3090 hominem
1568 3039 1773 3106 putabo
1820 3054 1945 3093 eum
2002 3056 2076 3109 qu

2196 3031 2466 3099 γόμενον;
2520 3028 2662 3082 Ἀλλ’
2704 3028 2782 3092 ὡς
2824 3027 3144 3097 ἀσώματος
3207 3029 3484 3097 φαίνεται.
3526 3027 3740 3097 Ἄγγελον

508 3118 794 3191 loquitur?
848 3121 1050 3177 Verum
1106 3135 1343 3195 apparet
1397 3138 1661 3198 tanquam
1716 3146 1921 3186 vacans
1970 3146 2068 3185 cor

2198 3122 2361 3175 αὑτὸν
2386 3120 2631 3191 νομίσω;
2677 3119 2794 3173 ἀλλ’
2824 3120 2903 3183 ὡς
2950 3119 3240 3188 ἄνθρωπος
3273 3119 3589 3208 φθέγγεται.
3623 3119 3677 3172 Τί
3696 3117 3741 3170 τὸ

388 3267 393 3275 ,
508 3226 661 3279 pore.
710 3210 981 3283 Angelnm
1029 3216 1306 3270 censebo?
1360 3216 1561 3273 Verum
1615 3220 1867 3291 loquitur
1921 3222 1954 3275 it

2197 3213 2478 3285 ὁρώμενον
2528 3214 2741 3278 ἀγνοῶ,
2781 3212 2877 3267 καὶ
2915 3211 3053 3283 πρὸς
3095 3212 3156 3264 τὸ
3205 3211 3542 3283 λαλούμενον
3570 3212 3739 3283 ἀπορῶ.

509 3304 774 3358 hominis.
828 3305 969 3369 Quid
1001 3307 1073 3361 sit
1112 3310 1258 3377 quod
1290 3310 1506 3363 videam
1544 3312 1761 3381 ignoro,
1804 3322 1856 3366 et
1883 3314 1948 3366 ad
2000 3329 2067 3367 au

2201 3305 2267 3358 Τί
2306 3300 2399 3357 οὖν
2427 3307 2455 3358 6
2484 3304 2765 3375 Ι¹α6ριήλ;
2797 3306 2886 3367 Ὠς
2916 3304 3095 3393 μόνον⁴
3116 3303 3319 3376 ᾔσθετο
3358 3306 3457 3376 τῆς
3500 3306 3652 3377 κόρης
3673 3303 3742 3355 τὸν

507 3396 680 3451 ditqu
714 3414 1027 3455 sermonem
1079 3402 1297 3457 haesito.
1333 3402 1475 3469 Quid
1506 3420 1637 3475 ergo
1667 3402 1931 3463 Gabriel?
1958 3408 2073 3463 Cuu

2198 3396 2473 3479 τάραχον,
2498 3396 2635 3467 πρὸς
2669 3396 2834 3467 μηδὲν
2854 3397 2991 3459 ὅλως
3020 3388 3354 3466 διανοηθεὶς,
3381 3399 3575 3453 αὐτίκα
3594 3394 3740 3467 φωνὴν

506 3490 744 3558 primum
779 3494 1013 3560 puellam
1049 3496 1327 3549 turbatam
1362 3498 1657 3565 sensisset,
1689 3500 1754 3555 ad
1790 3501 1925 3555 nihil
1949 3503 2072 3556 alim

2197 3488 2498 3559 ἐπαφίησι,
2537 3488 2631 3541 καί
2679 3504 2850 3557 φησι·
2888 3506 2907 3538 ι
2949 3489 3040 3558 Μὴ
3079 3488 3271 3556 φοὸοὗ,
3309 3491 3545 3563 Μαριάμ
3570 3506 3585 3521 ·
3617 3482 3741 3556 εὗρες

505 3582 814 3650 respiciens
866 3584 1075 3650 animo,
1134 3587 1323 3641 statim
1375 3589 1580 3643 emittit
1621 3607 1837 3657 vocem,
1888 3605 1939 3648 et
1970 3594 2047 3647 ait

2194 3580 2303 3651 γὰρ
2331 3580 2491 3650 χάριν
2514 3580 2667 3647 παρὰ
2691 3579 2768 3647 τῷ
2793 3576 2930 3649 Θεῷ.
2962 3594 2982 3631 ι
3021 3579 3293 3652 Πρότερον
3313 3582 3486 3650 αὐτῆς
3506 3580 3591 3633 τὸν
3611 3570 3741 3647 φόϐον

509 3692 528 3724 ι
566 3671 641 3727 Nc
678 3677 899 3738 timeas,
937 3676 1134 3744 Maria,
1191 3680 1451 3736 invenisti
1485 3684 1630 3738 enim
1675 3685 1907 3753 gratiam
1951 3700 2075 3755 aput

2193 3672 2502 3738 διέστειλεν,
2538 3667 2639 3725 εἷθ’
2677 3670 2853 3735 οὕτως
2892 3671 3029 3743 πρὸς
3058 3672 3120 3725 τὸ
3158 3672 3386 3744 θαρρεῖν
3426 3672 3738 3737 διανέστησε·

507 3765 753 3822 lleutnd.
790 3787 809 3820 ι
867 3767 1033 3825 Prius
1096 3773 1352 3827 timorem
1414 3777 1709 3845 repressit,
1759 3786 1988 3847 tumque
2026 3793 2073 3832 at

2200 3786 2220 3820 ι
2259 3770 2349 3837 Μὴ
2382 3765 2571 3835 φοϐοῦ,
2599 3766 2794 3833 λέγων,
2814 3758 2975 3838 εὗρες
3001 3765 3112 3837 γὰρ
3134 3767 3295 3836 χάριν
3322 3766 3475 3839 παρὰ
3497 3765 3570 3835 τῷ
3589 3763 3736 3832 Θεῷ,ι

506 3859 762 3915 fiduciam
813 3864 1077 3918 excitavit
1110 3883 1122 3920 :
1178 3884 1197 3917 ι
1237 3866 1317 3921 Ne
1357 3869 1580 3937 timeas,
1624 3869 1906 3941 inquiens,
1942 3872 2065 3925 inve

2195 3861 2260 3931 ἣν
2281 3859 2564 3916 ἀπώλεσεν
2588 3858 2722 3913 Εὕα.
2744 3858 2930 3925 Χάριν
2951 3857 3140 3920 εἰπὼν,
3167 3858 3326 3911 ἔλυσε
3349 3860 3411 3913 τὸ
3433 3859 3531 3926 τῆς
3550 3854 3736 3924 γνώμης

506 3952 632 4005 nisti
667 3954 815 4008 enim
873 3956 1109 4025 gratiam
1161 3960 1308 4028 apud
1344 3959 1555 4025 Deum;
1596 3980 1615 4013 ι
1676 3962 1938 4016 nimirum
1974 3976 2072 4031 gra

2195 3952 2526 4022 ἀμφίϐολον,
2570 3953 2665 4006 καὶ
2708 3951 2768 4004 τὸ
2808 3950 2968 4015 δόξαν
3018 3947 3159 4003 εἶναι
3203 3950 3343 4016 τέως
3378 3944 3735 4021 ἀμφίϐολον¹³.

504 4044 635 4096 tiam
673 4031 837 4114 quam
878 4047 986 4103 Eva
1022 4049 1305 4104 amiserat.
1353 4051 1597 4108 Dicendo
1628 4056 1888 4122 gratiam.
1930 4055 2068 4110 solvi

2194 4043 2293 4097 Διὰ
2318 4044 2416 4114 τῆς
2439 4042 2738 4110 ἐπαγωγῆς
2755 4041 2871 4105 τοῦ,
2903 4060 2924 4091 ι
2952 4035 3121 4113 Εὗρες
3145 4041 3307 4111 χάριν
3324 4041 3476 4113 παρὰ
3498 4038 3572 4109 τῷ
3589 4034 3734 4122 Θεῷιρ

502 4138 766 4217 quicquid
812 4141 1092 4195 sententia
1142 4142 1436 4197 videbatur
1495 4121 1698 4198 habere
1747 4145 2065 4216 ambiguum

2196 4134 2437 4198 πιθανῶς
2464 4133 2825 4205 ἑξεκρούσατο
2855 4133 2955 4202 τῆς
2981 4133 3259 4202 Παρθένου
3289 4133 3382 4186 τὸν
3407 4132 3583 4201 φόϐον.
3619 4147 3635 4177 ι
3668 4121 3736 4191 Μὴ

501 4231 759 4302 quodque
818 4234 1085 4289 hactenus
1134 4236 1312 4292 visum
1366 4246 1486 4293 erat
1540 4238 1895 4295 insidiosum.
1927 4238 2065 4308 Adje

2195 4227 2383 4297 φοϐοῦ,
2415 4228 2670 4298 Μαριάμ.
2702 4244 2720 4278 ι
2764 4227 2877 4279 Οὐκ
2907 4226 3182 4296 ἀπατηλὸς
3210 4227 3238 4278 6
3267 4226 3493 4292 τρόπος’
3531 4222 3587 4275 οὐ
3634 4217 3736 4271 nia-

499 4324 682 4379 ctione
751 4324 892 4379 illa:
959 4343 980 4377 ‹
1038 4325 1305 4383 Invenisti
1353 4331 1582 4399 gratiam
1635 4330 1779 4400 apud
1834 4330 2028 4392 Deum,

2193 4320 2355 4392 νῆσαί
2398 4338 2456 4374 σε
2505 4321 2652 4390 ἧκωο
2697 4319 2760 4373 οὐ
2796 4318 2959 4374 πάλιν
3004 4318 3244 4389 συρίζων
3278 4318 3404 4387 ὄφις
3445 4315 3608 4377 λαλεῖ,
3660 4308 3735 4362 οὐκ

491 4429 717 4473 omnem
760 4416 963 4486 virgini
1023 4427 1229 4474 metum
1287 4420 1499 4477 diserte
1543 4424 1815 4478 excussit.
1855 4441 1874 4474 ι
1910 4421 1988 4477 Ne
2021 4423 2057 4477 ti

2193 4410 2301 4465 ἀπὸ
2350 4411 2454 4481 γῆς
2511 4408 2676 4480 φωνῶ
2726 4425 2829 4463 σοι.
2880 4409 2976 4463 Ἐκ
3026 4408 3136 4462 τῶν
3187 4407 3428 4477 ὑψίστων
3478 4401 3629 4475 ἦλθόν
3671 4411 3732 4449 σοι

500 4522 674 4570 meas,
712 4507 905 4563 Maria.
947 4528 965 4561 ι
1003 4510 1121 4566 Νοη
1162 4520 1290 4567 sunt
1334 4512 1674 4569 fraudulenti
1717 4530 1923 4580 mores,
1979 4530 2066 4569 nor

2193 4501 2435 4573 κομίζων
2493 4502 2558 4557 τὸ
2613 4501 2973 4572 εὐαγγέλιον·
3025 4500 3121 4554 καὶ
3183 4500 3284 4570 οὐχ
3362 4497 3543 4560 ἁπλῶς
3596 4491 3731 4554 εὐαγ·

498 4595 621 4648 veni
660 4594 884 4651 fallendi
920 4599 1130 4663 animo,
1166 4618 1276 4656 non
1307 4602 1421 4671 jam
1473 4619 1703 4673 serpens
1745 4605 1977 4660 sibilans
2013 4606 2064 4658 lo

2194 4599 2409 4668 γέλων,
2454 4596 2594 4650 ἀλλὰ
2645 4599 2822 4669 χαρᾶς
2868 4594 3205 4664 εὐαγγέλιον.
3257 4612 3276 4645 ι
3314 4595 3406 4662 Μὴ
3428 4588 3604 4660 φοϐοῦ,
3635 4583 3732 4673 Μα-

496 4685 713 4754 quitur,
771 4703 881 4742 non
919 4690 1018 4744 tibi
1069 4698 1326 4746 terrenus
1375 4672 1601 4750 nuntius
1656 4696 1875 4751 adsum.
1910 4696 1986 4751 De
2015 4696 2062 4749 al

2164 4692 2356 4763 lptdp.
2395 4710 2414 4742 ι
2452 4690 2531 4743 Οὐ
2566 4688 2766 4760 χλεύης
2803 4690 2832 4741 6
2866 4687 3192 4757 ἀσπασμὸς,
3240 4685 3302 4739 οὐ
3345 4684 3519 4753 λύπης
3552 4678 3608 4731 τδ
3650 4672 3730 4744 μή·

500 4776 730 4833 tissimis
759 4780 907 4845 veni,
950 4781 1132 4836 laetum
1168 4784 1265 4837 tibi
1309 4797 1608 4855 apportans
1649 4788 1944 4854 nuntium;
1984 4802 2086 4843 nec
2197 4800 2362 4853 νυμαο

496 4874 696 4945 qum'is
732 4877 894 4945 modo
945 4877 1127 4932 laetum
1176 4881 1455 4950 nuntium,
1491 4885 1587 4939 sed
1638 4885 1859 4954 plenum
1893 4883 2081 4955 gaudii
2149 4882 2335 4936 laetum
2400 4878 2678 4934 nuntium.
2730 4893 2750 4928 ι
2785 4874 2861 4931 Ne
2899 4875 3116 4939 timeas,
3164 4872 3356 4928 Maria.
3400 4889 3419 4923 ι
3458 4865 3570 4921 Non
3626 4856 3724 4914 irri-

496 4967 671 5023 sionis
731 4968 848 5023 haec
901 4970 1161 5027 salutatio
1214 4983 1323 5041 est,
1384 4992 1495 5031 non
1555 4977 1799 5032 tristitiae
1855 4968 2229 5032 annuntiatio.

572 5074 593 5109 ι
628 5058 889 5115 Dominus
915 5072 1094 5119 tecum
1137 5076 1205 5123 ετ
1249 5087 1268 5120 ι
1316 5071 1411 5139 qui
1470 5071 1644 5124 totius
1683 5071 1868 5140 gaudii
1914 5070 2084 5141 largi-

2269 5064 2331 5118 ‘0
2356 5064 2571 5131 Κύριος
2591 5063 2743 5132 μετὰ
2762 5060 2877 5115 σοῦ
2899 5073 2916 5089 ο
2957 5061 2985 5112 6
3020 5056 3123 5127 τῆς
3146 5057 3320 5128 χαρᾶς
3346 5054 3548 5143 ἀπάσης
3569 5043 3718 5143 δοτὴρ.

498 5155 587 5200 tor
613 5155 722 5211 est,
753 5159 810 5204 et
842 5152 1034 5207 mundi
1065 5156 1239 5212 totius
1283 5157 1563 5216 Salvator.
1612 5139 1816 5215 Tecum
1849 5168 1955 5224 est,
1987 5139 2059 5229 qu

2188 5158 2283 5212 xui.
2338 5144 2545 5219 παντὸς
2577 5154 2673 5209 τοῦ
2727 5155 2935 5224 κόσμου
2976 5151 3190 5219 Σωτήρ.
3243 5149 3395 5203 Μετὰ
3424 5142 3534 5206 σοῦ,
3582 5139 3720 5229 ὁτῶν

495 5251 526 5289 a
560 5236 685 5293 sinu
719 5249 955 5311 paterno
979 5259 1090 5298 non
1127 5245 1227 5301 fuit
1261 5258 1580 5320 separatus,
1625 5258 1680 5305 et
1715 5251 1768 5303 in
1799 5260 1893 5304 tuo
1927 5221 2061 5303 uteri

2188 5248 2476 5318 πατρικῶν
2508 5247 2724 5301 κόλπων
2762 5221 2843 5316 μὴν
2866 5243 3186 5315 χωρισθεὶς,
3223 5244 3283 5295 ὲν
3307 5241 3362 5294 δὲ
3390 5240 3454 5308 τῇ
3488 5221 3715 5320 μήτρᾳῖῇ

498 5326 600 5382 iuit
640 5326 966 5404 conceptus.
1014 5311 1341 5395 Gratiosam
1371 5355 1421 5400 te
1458 5343 1754 5414 appellavi,
1797 5351 1857 5399 ut
1885 5342 2062 5397 exibit

2190 5345 2258 5413 σῇ
2284 5311 2633 5412 συλληφθείς.
2697 5311 3162 5408 κὲχάῥὶτέυμένην
3224 5351 3282 5387 σε
3319 5328 3488 5388 εἷπον,
3525 5324 3602 5378 ἵνα
3639 5311 3718 5386 τὴν

568 5502 595 5542 ’³
627 5504 763 5564 Luc.
792 5526 832 5574 ι,
861 5508 948 5563 '50.
1019 5515 1043 5545 ε
1089 5510 1222 5567 ibid.
1264 5512 1357 5567 ‘28.

1760 5649 1995 5706 VARIJE
2027 5646 2435 5705 LECTIONES.

567 5749 613 5782 ’³
645 5752 809 5812 Forte
854 5756 1158 5813 ἐπίϐουλον.
