3966 6478
352 406 477 468 905

1355 399 1437 460 IN
1477 398 2173 460 ANNUNTIATIONEM
2210 401 2274 458 B.
2315 401 2600 460 ΜΑΗΙᾸΞ.

3488 384 3622 477 sua
3693 427 3698 431 ’

352 511 541 585 χαράν
568 510 661 565 τοῦ
695 511 751 563 ὲν
784 508 866 561 σοὶ
907 509 1204 580 μυστηρίου
1259 510 1504 581 μηνύσω.
1542 512 1927 582 Κεχαριτωμέ-

2042 512 2093 563 in
2132 521 2181 565 te
2208 512 2545 565 sacramenti
2577 511 2834 580 gaudiu'n
2878 512 3274 581 signiﬁcarem.
3307 515 3618 577 Gratiosam

349 621 463 675 νην
496 621 554 657 σε
595 599 769 664 εἷπον,
800 601 875 665 ὡς
915 602 1084 672 αὐτὴν
1112 603 1237 673 ὅλην
1262 602 1359 674 τὴν
1408 603 1585 674 χαρὰν
1639 603 1940 673 δεξαμένην

348 697 423 747 ὲν
453 696 636 766 μήτρᾳ
669 710 764 747 σου
786 733 799 757 ,
853 693 947 746 καὶ
982 693 1174 765 στολὴν
1222 696 1391 758 ὅντως
1432 695 1830 767 χαριτωθεῖσαν
1871 699 1938 766 τῇ

345 786 470 839 τῶν
503 770 662 839 θείων
717 785 1075 856 χαρισμάτων
1127 786 1499 859 λαμπρότητι.
1561 806 1580 839 ι
1632 787 1692 840 Ὀ
1735 786 1940 858 Κύριος

346 879 505 946 μετὰ
539 878 656 943 σοῦ,
685 897 704 928 ›
741 877 1165 948 προσεφώνησα,
1186 878 1273 931 ἵνα
1296 877 1393 949 τὴν
1422 878 1672 943 ἐξουσίαν
1696 878 1787 933 τοῦ
1809 895 1941 949 προ-

284 972 289 979 ’
340 970 657 1041 δραμόντος
716 971 774 1023 ὲν
825 969 911 1039 σοὶ
964 970 1356 1041 καταμηνύσω.
1419 989 1437 1022 ι
1472 970 1681 1043 Κύριος
1708 972 1817 1043 γὰρ
1845 971 1941 1024 καὶ

340 1061 492 1125 Θεὸς
523 1060 898 1130 ὲξουσιαστὴς,
935 1061 1120 1133 ἄρχων
1146 1060 1370 1131 εἰρήνης
1399 1078 1417 1111 ι
1444 1061 1606 1124 αὐτός
1629 1062 1766 1126 ἐστι,
1807 1080 1826 1113 ι
1846 1062 1940 1115 καὶ

338 1153 452 1207 τοῦ
483 1153 773 1222 μέλλοντος
808 1153 1004 1213 αἰῶνος
1039 1152 1242 1223 πατὴρ,
1274 1170 1293 1203 ι
1323 1153 1437 1205 ’καὶ
1470 1152 1564 1205 σοῦ
1595 1152 1694 1223 τῆς
1724 1153 1939 1224 Παρθέ-

336 1263 449 1299 νου
474 1245 624 1308 Υἱὸς,
648 1244 740 1296 καὶ
769 1244 986 1295 πάντων
1009 1242 1221 1311 Σωτήρ.
1253 1261 1271 1293 ι
1304 1242 1363 1295 '0
1377 1242 1580 1313 Κύριος
1609 1244 1746 1315 μετὰ
1770 1245 1863 1297 006
1883 1262 1898 1276 ’
1914 1265 1933 1296 ι

336 1338 379 1407 ὴ
421 1336 587 1406 χάρις
618 1335 713 1387 καὶ
757 1338 790 1404 ἡ
823 1332 1056 1403 ἀλήθεια
1090 1334 1230 1404 μετὰ
1263 1332 1387 1386 006'
1440 1335 1645 1404 Κύριος
1697 1335 1797 1404 μὲν
1844 1336 1939 1389 τοῦ

336 1431 546 1500 νόμου,
574 1429 677 1497 τῆς
700 1429 756 1480 δὲ
774 1429 997 1499 χάριτος
1028 1426 1229 1498 πατὴρ,
1246 1427 1339 1480 καὶ
1366 1428 1464 1498 τῆς
1481 1427 1738 1496 ἀληθείας
1764 1430 1937 1500 πηγή.

345 1541 367 1573 ι
395 1520 495 1592 Μὴ
526 1519 717 1589 φοϐοῦ,
737 1518 1000 1588 Μαριάμ·
1029 1519 1057 1570 6
1077 1516 1281 1588 Κύριος
1311 1518 1451 1585 μετὰ
1477 1517 1594 1571 σοῦ.
1615 1537 1634 1569 ι
1678 1517 1738 1572 '0
1760 1519 1941 1588 πάσης

338 1610 584 1683 κυρείας
601 1610 962 1680 ὲξουσιάρχης
981 1625 996 1639 ο
1032 1608 1061 1661 6
1082 1609 1173 1661 τοῦ
1195 1609 1411 1679 Πατρδς
1439 1608 1548 1662 τῶν
1576 1609 1770 1679 φώτων
1788 1610 1938 1673 Υἱὸς,

340 1707 375 1758 ὁ
413 1704 668 1774 ἅνάρχως
694 1702 754 1768 ἐξ
782 1698 950 1755 αὑτοῦ
973 1700 1279 1770 γεννηθεὶς,
1315 1700 1410 1752 καὶ
1448 1700 1509 1752 ἐν
1537 1699 1716 1770 χρόνῳ
1750 1701 1816 1752 ὲκ
1844 1698 1938 1752 σοῦ

342 1793 694 1865 σαρκωθείς·
742 1795 771 1846 6
796 1793 910 1846 ﬁve)
958 1791 1077 1854 ὅλος
1106 1793 1204 1844 σὺν
1244 1790 1396 1861 αὐτῷ
1440 1791 1750 1860 ὲγκόλπιος,
1786 1791 1940 1844 κάτω

338 1887 471 1951 ὅλος
511 1887 648 1957 μετὰ
678 1885 772 1939 006
801 1874 1147 1953 ἐγγὰστριος.
1178 1884 1349 1947 Αὐτός
1379 1884 1497 1936 ἐστι
1531 1883 1671 1954 μετὰ
1698 1883 1815 1948 σοῦ,
1840 1884 1936 1937 καὶ

304 2003 309 2007 υ
339 1981 404 2033 ὲν
440 1979 547 2033 σοί.
597 1976 928 2047 Προφθάσας
957 1976 1066 2047 γάρ
1111 1977 1444 2047 εἰσεπήδησε
1467 2017 1482 2043 ,
1549 1976 1645 2029 καὶ
1701 1978 1801 2048 τὴν
1834 1977 1933 2048 σὴν

342 2070 521 2122 ὑπέδυ
558 2069 743 2138 νηδὺν,
803 2068 900 2121 καὶ
952 2068 1175 2136 γέγονεν
1202 2069 1260 2121 ὲν
1303 2069 1385 2120 σοὶ
1419 2069 1688 2140 χωρητδς,
1737 2069 1765 2120 6
1790 2067 1934 2122 κατὰ

345 2161 515 2229 φύσιν
560 2158 867 2229 ἁχὼρητος.
910 2176 928 2208 ι
958 2158 1049 2227 Μὴ
1079 2155 1270 2226 φοϐοῦ,
1306 2158 1575 2227 Μαριάμ·
1612 2152 1770 2229 εὗρες
1823 2157 1933 2227 γάρ

304 2266 309 2273 ’
348 2258 510 2327 χάριν
534 2254 683 2325 παρᾶ
715 2253 794 2323 τῷ
823 2251 962 2323 Θεῷ.
993 2271 1010 2303 ι
1036 2252 1232 2321 Χάριν,
1260 2252 1326 2322 ἢν
1351 2252 1453 2305 οὐκ
1486 2249 1705 2316 ἐδέξατο
1722 2251 1932 2323 Σάρρα,

352 2351 423 2419 ἦν
458 2350 555 2406 οὐκ
585 2347 724 2417 ἔγνω
767 2344 1056 2406 Ῥεϐέκκα,
1105 2344 1197 2397 καὶ
1233 2337 1433 2421 Ῥαχὴλ
1467 2343 1568 2396 οὐκ
1604 2343 1926 2412 ἐγνώρισεν.

358 2461 378 2494 ι
417 2437 583 2512 Εὗρες
628 2439 825 2510 χάριν,
860 2456 877 2489 ι
939 2431 1008 2513 ἦς
1065 2437 1098 2506 ή
1160 2433 1490 2500 ἐξάκουστος
1547 2434 1649 2489 οὐκ
1702 2434 1933 2503 ἠξίωται

348 2535 541 2598 Ἅννα,
571 2532 697 2585 οὗτε
724 2532 985 2591 Φενάννα,
1020 2531 1053 2599 ἡ
1082 2528 1289 2600 ταύτης
1318 2527 1619 2591 ἁντίθετος.
1653 2527 1843 2593 Ὅσον,
1877 2529 1932 2581 αἱ

342 2628 450 2700 μὲν
473 2625 532 2696 ἐξ
566 2625 809 2681 ἀτέκνων
838 2623 1073 2696 μητέρες
1105 2623 1409 2691 πεφήνασι,
1455 2619 1932 2674 συναποϐαλοῦσαι

335 2724 410 2792 τῇ
448 2718 716 2793 παρθενίᾳ
749 2719 850 2788 τὴν
912 2716 1230 2786 στείρωσιν·
1266 2715 1331 2767 σὺ
1386 2713 1464 2771 δὲ,
1502 2712 1642 2784 μετὰ
1671 2712 1765 2766 τοῦ
1790 2709 1931 2767 εἶναι

341 2816 553 2886 μήτηρ,
588 2813 681 2864 καὶ
725 2811 787 2864 τὸ
816 2807 1174 2880 παρθενεύειν
1204 2807 1572 2878 ἀναφαίρετον
1604 2807 1769 2874 ἔξεις,
1800 2805 1933 2879 (Μὴ

335 2908 522 2963 τοίνυν
549 2906 717 2975 φοϐοῦ
736 2922 749 2935 ·
792 2897 947 2977 εὗρες
978 2903 1087 2973 γὰρ
1120 2906 1278 2973 χάριν
1304 2905 1454 2974 παρὰ
1480 2902 1557 2972 τῷ
1586 2902 1725 2973 Θεῷ.
1756 2922 1777 2956 ι
1813 2903 1930 2957 Χά-

328 2984 454 3070 ριν,
489 3001 556 3072 ἢν
592 2998 768 3062 οὐδεὶς
798 2990 925 3068 εὗρε
947 2995 1056 3050 τῶν
1092 2996 1184 3048 ἀπ’
1227 2995 1441 3060 αἰῶνος,
1483 2995 1562 3059 ὡς
1596 2995 1681 3050 σύ.
1715 2996 1826 3049 Καὶ
1846 2996 1930 3059 τίς

332 3092 409 3144 ἂν
446 3089 659 3157 γένοιτο
689 3087 852 3159 χάρις
879 3084 1104 3157 τοιαύτη
1157 3083 1309 3156 παρὰ
1363 3082 1501 3137 Θεοῦ
1540 3084 1616 3139 ατο
1649 3083 1930 3166 ἐξαίρετον

333 3181 468 3254 ἔχου
476 3197 542 3233 σα
560 3196 577 3255 ς

418 3382 436 3412 ι
466 3357 641 3433 Εὗρες
667 3359 847 3414 τοίνυν
872 3359 1031 3435 χάριν
1061 3358 1215 3428 παρὰ
1240 3358 1317 3427 τῷ
1336 3357 1457 3428 Θεῷ
1474 3372 1487 3383 ⁸
1533 3358 1641 3411 Καὶ
1674 3356 1782 3411 ἰδοὺ
1802 3356 1929 3410 συλ-

282 3480 287 3485 τ
334 3454 489 3526 λήψῃ
518 3455 576 3507 ἐν
607 3452 828 3521 γαστρὶ,
854 3453 948 3504 καὶ
969 3448 1099 3522 τέξῃ
1128 3448 1263 3512 υἱὸν,
1282 3448 1380 3502 καὶ
1400 3447 1654 3511 καλέσεις
1675 3448 1739 3500 τὸ
1758 3447 1930 3517 ὄνομα

333 3543 509 3597 αὐτοῦ
547 3540 776 3611 Ἰησοῦν.
805 3560 823 3592 ι
850 3540 1025 3593 Βαϐαὶ
1051 3537 1147 3591 τοῦ
1181 3538 1463 3607 θαύματος
1488 3537 1500 3590 ι
1538 3537 1765 3608 Πρῶτον
1787 3538 1925 3610 αὐτῇ

331 3634 401 3687 τὸ
437 3631 541 3702 τῆς
576 3630 809 3701 ἀπορίας
829 3631 1135 3683 ὲπελύσατο
1164 3630 1483 3699 πρόϐλημα,
1515 3624 1617 3681 εἷθ’
1640 3627 1814 3691 οὕτως
1835 3628 1927 3682 τὸν

330 3724 440 3795 τῆς
471 3720 767 3792 ἑρμηνείας
803 3721 1168 3791 συνεισήγαγε
1202 3719 1383 3787 λόγον.
1416 3718 1526 3771 Καὶ
1558 3719 1663 3789 ὅρα
1695 3719 1838 3773 πόσα
1867 3720 1927 3773 ὲν

332 3813 507 3881 ὀλίγῳ
534 3815 698 3866 ποιεῖ.
742 3811 1118 3871 Καταστέλλει
1146 3811 1238 3865 τὸν
1283 3810 1471 3879 φόϐον,
1494 3810 1803 3882 προμηνύει
1827 3810 1926 3881 τὴν

330 3905 521 3975 χάριν,
555 3903 855 3975 ὲρμηνεύει
893 3904 993 3972 τὴν
1026 3902 1245 3974 κύησιν,
1275 3886 1611 3973 προφητεύει
1632 3901 1725 3954 τὸν
1746 3900 1924 3968 τόκον,

329 3999 779 4068 ὀνοματογραφεϊ
796 3996 891 4050 τοῦ
916 3996 1240 4066 τικτομένου
1263 3995 1361 4066 τήν
1383 3994 1597 4064 κλῆσιν.
1631 3994 1745 4065 Οὐχ
1775 3994 1928 4047 ἴσταε

328 4105 427 4143 ται
466 4089 522 4142 δὲ
572 4092 736 4160 μέχρι
767 4090 972 4143 τούτων
998 4091 1026 4142 ὁ
1050 4088 1210 4157 λόγος
1238 4088 1386 4158 αὐτῷ
1406 4102 1420 4116 ’
1450 4087 1566 4140 ἀλλ’
1595 4087 1682 4139 ἵνα
1729 4087 1822 4141 καὶ
1862 4085 1925 4139 τὸ

336 4179 572 4250 μέγεθος
628 4181 729 4249 τῆς
777 4180 1026 4247 ἐξουσίας
1083 4172 1428 4249 παραδειχθῇ
1486 4180 1583 4231 τοῦ
1617 4178 1919 4247 κυήματος,

329 4255 863 4339 ὲπήγατενάὐτίκα
888 4285 902 4301 ·
962 4288 981 4321 ι
1016 4265 1187 4333 Οὗτος
1220 4269 1372 4323 ἔσται
1423 4269 1619 4338 μέγας,
1673 4268 1767 4321 καὶ
1794 4267 1923 4328 Υἱὸς

343 4360 605 4431 Ὑψίστου
670 4360 1042 4432 κληθήσεταισ
1082 4362 1178 4414 καὶ
1236 4360 1399 4414 δώσει
1454 4359 1604 4431 αὐτῷ
1639 4359 1845 4429 Κύριος
1894 4358 1921 4411 ὁ

325 4452 464 4516 Θεὸς
491 4455 583 4508 τὸν
605 4454 800 4525 θρόνον
828 4453 994 4507 Δαϐὶδ
1019 4453 1112 4508 τοῦ
1149 4453 1358 4533 πατρὸς
1392 4451 1581 4520 αὐτοῦ,
1637 4454 1729 4507 καὶ
1761 4449 1919 4531 βασι-

409 4624 430 4665 ί
455 4624 594 4687 Luc.
635 4641 675 4692 ι,
738 4623 832 4685 51,

2044 611 2094 656 te
2119 600 2255 665 dixi,
2283 601 2431 655 velut
2468 615 2588 670 qua:
2612 601 2783 670 ipsam
2817 611 2985 656 totam
3027 604 3262 675 gratiam
3307 615 3471 664 utero
3497 624 3627 663 susv

2042 689 2294 764 ceperis,
2334 691 2643 763 stolamque
2709 693 3024 748 divinorum
3076 697 3371 765 splendore
3411 700 3627 757 charis.

2041 796 2248 839 malum
2290 800 2418 840 vere
2455 787 2757 856 gratiosam
2809 787 2941 860 (75).
2995 790 3335 859 Acclamavi,
3373 812 3393 845 ‹
3435 794 3622 850 Domi-

2042 890 2147 928 nus
2199 882 2402 940 tecum,
2440 893 2460 927 ι
2511 883 2566 929 ιιι
2596 876 2719 946 ejus
2755 879 3064 947 potentiam
3100 881 3499 951 significarem,
3526 885 3621 955 qui

2040 964 2095 1018 in
2140 977 2191 1020 te
2238 968 2603 1037 praecucurrit
2649 970 2787 1043 (76).
2823 970 2874 1027 ls
2916 973 3065 1027 enim
3115 972 3385 1032 Dominus
3437 985 3523 1033 cst
3568 987 3623 1031 et

2045 1071 2064 1104 ι
2102 1053 2246 1110 Deus
2286 1062 2500 1125 patens,
2543 1057 2801 1128 princeps
2858 1062 3033 1131 pacis,
3092 1070 3149 1119 et
3202 1066 3393 1121 saeculi
3445 1065 3659 1122 futuri»

2038 1154 2216 1214 pater,
2266 1165 2286 1198 ι
2328 1155 2569 1218 tuusque
2600 1147 2848 1221 Virginis
2890 1152 3085 1220 Filius,
3137 1167 3193 1210 et
3230 1156 3619 1214 universorum

2039 1234 2314 1291 Salvator.
2353 1257 2370 1290 ι
2415 1238 2681 1296 Dominus
2730 1249 2914 1297 tecum
2952 1262 2966 1299 :
3026 1264 3046 1298 ι
3098 1247 3278 1317 gratia
3313 1257 3370 1305 et
3414 1252 3622 1305 veritas

2039 1339 2217 1383 lccum
2247 1348 2261 1383 :
2304 1330 2438 1401 legis
2470 1331 2690 1401 quidem
2724 1333 3023 1403 Dominus;
3054 1339 3242 1406 gratim
3268 1356 3401 1396 vero
3431 1341 3620 1407 Pater,

2039 1437 2102 1476 ac
2123 1422 2247 1478 fons
2281 1425 2555 1479 veritatis.
2589 1444 2608 1477 ι
2642 1425 2722 1482 Ne
2755 1428 2972 1493 timeas,
2999 1430 3208 1498 Maria;
3242 1434 3508 1493 Dominus
3539 1446 3623 1493 te-

2040 1528 2182 1567 cum.
2225 1534 2244 1567 ι
2275 1515 2350 1579 Is,
2375 1516 2630 1585 inquam,
2675 1519 2769 1588 qni
2811 1521 2991 1576 omnis
3028 1522 3423 1584 dominationis
3465 1538 3621 1598 pote—

2041 1613 2239 1661 statem
2272 1608 2435 1662 habet
2464 1624 2480 1661 :
2525 1607 2708 1665 Patris
2754 1612 3031 1667 luminttm
3071 1616 3268 1684 Filius,
3304 1633 3371 1674 ex
3401 1621 3524 1690 ipso
3552 1624 3621 1676 al-

2038 1702 2246 1749 αξιοι·ηο
2285 1697 2528 1764 genitus,
2558 1711 2624 1752 ac
2657 1698 2715 1752 in
2752 1709 3004 1770 tempore
3033 1719 3102 1758 ex
3142 1712 3195 1760 te
3223 1721 3390 1764 carne
3429 1717 3617 1766 natus.

2037 1785 2144 1850 Qui
2175 1794 2324 1842 totus
2349 1804 2592 1858 superne
2618 1790 2672 1843 in
2705 1791 2834 1846 sinu
2871 1794 3077 1859 Patris,
3115 1807 3380 1868 totusque
3408 1800 3623 1857 inferne

1969 1868 2010 1923 Β
2039 1878 2093 1932 in
2134 1886 2230 1934 tuo
2264 1889 2422 1935 utero
2475 1889 2582 1936 est.
2634 1882 2732 1938 Ille
2787 1884 2909 1952 ipse
2968 1894 3149 1942 tecum
3195 1898 3253 1943 et
3299 1892 3355 1944 in
3412 1900 3468 1947 te
3512 1903 3618 1949 est.

2035 1971 2442 2043 Praeeccupans
2483 1976 2629 2029 enim
2694 1976 2916 2044 insiliit,
2986 1993 3055 2035 ac
3113 1981 3406 2052 ingressus
3461 1993 3617 2041 tuum

2035 2076 2277 2131 uterum,
2313 2067 2368 2120 in
2411 2074 2468 2122 te
2518 2068 2701 2122 locum
2731 2071 2828 2139 qui
2864 2081 3092 2139 caperet
3124 2072 3361 2139 invenit,
3395 2079 3493 2147 qui
3521 2094 3621 2148 per

2035 2166 2290 2212 naturam
2325 2159 2450 2214 loco
2471 2160 2591 2230 capi
2627 2176 2735 2215 non
2759 2171 2972 2232 potest.
3015 2182 3034 2215 ι
3063 2163 3143 2221 Ne
3167 2167 3385 2233 timeas,
3422 2169 3613 2233 Maria.

2034 2248 2298 2304 invenisti
2350 2252 2495 2305 enim
2545 2252 2781 2321 gratiam
2826 2256 2975 2323 apud
3006 2255 3200 2312 Deum.
3235 2278 3254 2311 ι
3290 2259 3503 2327 Gratia,
3530 2263 3619 2316 in~

2033 2357 2224 2412 quam,
2259 2358 2427 2412 quam
2465 2342 2601 2398 Sara
2631 2360 2738 2400 non
2774 2347 3026 2417 accepit,
3060 2365 3226 2418 quam
3258 2366 3367 2406 non
3407 2368 3618 2421 cogno-

2032 2434 2112 2488 vit
2167 2434 2443 2503 Rebecca,
2497 2452 2663 2505 quam
2717 2432 2922 2491 Rachel
2980 2441 3244 2495 neSeivit.
3284 2460 3304 2493 ι
3352 2441 3616 2499 Invenisti

2004 2564 2005 2567 η
2034 2525 2293 2595 gratiam,
2341 2544 2359 2575 ι
2411 2541 2579 2595 quam
2618 2541 2721 2581 nec
2762 2526 3002 2582 celebris
3032 2529 3124 2582 illa
3155 2531 3337 2596 Anna,
3368 2547 3469 2588 nec
3495 2534 3618 2604 ejus

2034 2616 2355 2671 adversaria
2392 2616 2690 2673 Phcncnna
2732 2620 3000 2689 consequi
3055 2622 3277 2678 meruit.
3347 2623 3482 2678 Nam
3534 2625 3619 2679 hae

2033 2707 2277 2777 quidem,
2308 2723 2375 2763 ex
2411 2709 2704 2764 sterilibus
2749 2708 2909 2765 factae
2956 2720 3094 2766 sunt
3133 2724 3359 2780 matres,
3390 2717 3620 2787 virgini-

2036 2806 2148 2855 tate
2176 2814 2281 2854 una
2306 2814 2432 2855 cum
2456 2790 2699 2857 orbitate
2731 2804 2942 2859 amissa
2975 2823 2986 2857 :
3026 2811 3084 2858 tu
3119 2816 3330 2873 autem,
3358 2816 3418 2861 ut
3442 2819 3621 2864 mater

2034 2888 2137 2953 sis,
2165 2889 2482 2959 virginitate
2512 2898 2697 2946 tamen
2731 2890 2939 2947 frueris
2982 2907 3204 2964 semper
3244 2895 3440 2952 illmsa.
3478 2917 3498 2949 ι
3540 2900 3621 2956 Ne

2032 2977 2229 3033 timeas
2265 2992 2419 3048 ergo,
2444 2979 2708 3035 invenisti
2730 2980 2879 3037 enim
2907 2981 3141 3050 gratiam
3182 2987 3332 3054 apud
3370 2986 3562 3045 Deum.
3595 3012 3613 3040 ι

2032 3067 2280 3123 Gratiam
2321 3070 2607 3137 invenisti,
2643 3086 2810 3142 quam
2864 3072 3054 3129 nullus
3105 3087 3136 3127 a
3188 3078 3416 3143 saeculo,
3470 3081 3618 3136 sicut

2032 3169 2115 3225 tu,
2154 3159 2389 3218 invenit.
2414 3160 2549 3227 Quae
2581 3162 2731 3217 enim
2750 3161 3030 3233 ejusmodi
3061 3177 3092 3217 a
3119 3162 3231 3221 Deo
3260 3167 3464 3223 eximia
3491 3186 3617 3241 gra-

2032 3251 2107 3306 tia
2132 3252 2247 3309 sit?

2110 3366 2128 3400 ι
2166 3346 2429 3404 Invenisti
2462 3347 2649 3419 itaque
2685 3349 2920 3421 gratiam
2954 3351 3100 3423 apud
3135 3352 3305 3409 Deum
3341 3374 3354 3409 :
3398 3353 3463 3409 Et
3489 3370 3619 3411 ecce

2031 3438 2315 3508 concipies
2356 3440 2412 3494 in
2467 3450 2650 3507 utero,
2680 3448 2735 3496 et
2799 3443 2983 3513 paries
3051 3446 3253 3511 tilium,
3289 3456 3345 3502 et
3386 3447 3617 3504 vocabis

2029 3545 2233 3587 nomen
2267 3531 2390 3602 ejus
2418 3531 2605 3588 Jesum
2647 3533 2692 3588 ί.
2734 3553 2754 3587 ι
2794 3535 2955 3605 Papae
3000 3538 3375 3593 miraculum!
3420 3539 3617 3595 Prinne

2028 3624 2079 3677 ei
2113 3625 2450 3692 quaestionis
2497 3623 2731 3679 dubium
2783 3626 2974 3694 solvit,
3012 3634 3127 3683 tum
3160 3644 3294 3684 vero
3338 3636 3617 3686 sermonis

2026 3714 2435 3783 expositionem
2468 3715 2697 3784 adjecit.
2753 3717 2831 3771 Ac
2880 3717 3007 3773 vide
3050 3727 3260 3790 quanta
3290 3721 3442 3776 brevi
3489 3739 3615 3792 per-

2028 3814 2176 3875 agat.
2226 3804 2389 3862 Pellit
2453 3807 2743 3873 timorem,
2814 3811 3145 3879 praenuntiat
3194 3812 3463 3882 gratiam,
3519 3815 3618 3868 de~

2028 3901 2204 3953 clarat
2233 3908 2589 3971 conceptum,
2638 3908 2859 3970 partum
2892 3903 3263 3969 vaticinatur,
3313 3906 3617 3961 nascitura:

2029 3991 2202 4061 prolis
2231 4005 2434 4045 nomen
2470 3992 2804 4061 praescribit.
2843 3992 2957 4048 Nec
2994 4007 3131 4048 vero
3167 3993 3329 4048 linem
3372 3995 3467 4050 hic
3490 4012 3615 4051 ver-

2032 4083 2231 4136 borum
2264 4081 2438 4149 facit;
2482 4084 2578 4137 sed
2616 4091 2674 4138 ut
2720 4084 3043 4153 magnitudo
3087 4076 3614 4156 quoquepotentia:

2030 4173 2263 4230 infantis
2298 4175 2658 4243 ostendatur,
2709 4177 2899 4232 statim
2963 4176 3232 4232 addidit:
3276 4196 3294 4229 ι
3349 4178 3454 4233 Hic
3504 4180 3614 4243 erit

2031 4276 2288 4332 magnus,
2360 4271 2417 4317 et
2478 4262 2654 4318 Filius
2694 4264 2966 4321 Altissimi
2997 4267 3304 4320 vocabitur.
3356 4266 3426 4320 Et
3456 4268 3611 4322 dabit

2027 4355 2076 4408 ei
2106 4340 2376 4409 Dominus
2407 4355 2550 4409 Deus
2594 4354 2783 4411 sedem
2823 4355 2991 4409 David
3043 4358 3216 4426 patris
3255 4357 3398 4426 ejus,
3436 4367 3491 4412 et
3524 4375 3610 4413 rc-

2027 4448 2217 4521 gnabit
2247 4462 2417 4519 super
2445 4448 2670 4515 domum
2719 4446 2892 4505 Jacob
2930 4448 2986 4504 in
3036 4456 3333 4514 aeternum,
3362 4456 3417 4506 et
3449 4451 3607 4522 regni

1622 4826 2014 4886 COMBEFISII
2044 4829 2282 4886 NOTAE.

404 4967 517 5036 ('15)
554 4965 864 5037 Stolamque
921 4982 1035 5020 rere
1087 4968 1405 5036 gratiosam,
1437 4976 1544 5023 etc.
1579 4966 1689 5021 Kal.
1720 4965 1913 5036 στολὴν
1947 4971 1989 5026 D
2018 4967 2274 5037 gratiosae
2305 4980 2507 5020 nomen
2538 4964 2755 5037 habeat,
2780 4968 3126 5037 srgnilicatur
3150 4959 3337 5021 Martm
3366 4971 3606 5037 corpus;

324 5037 497 5108 ὖντως
529 5037 951 5108 χαριτωθεῖσαν.
998 5037 1220 5108 Videtur
1252 5036 1591 5108 subintelligi
1624 5037 1913 5107 repetitum

324 5107 411 5168 τὸ,
457 5107 778 5174 δεξαμένην,
823 5115 881 5159 ut
927 5107 1271 5177 signiﬁcetur
1321 5107 1913 5170 Christi’humanitas,

326 5178 589 5246 gaudium
628 5177 765 5230 illud
800 5178 1117 5231 universum
1144 5216 1158 5242 ,
1192 5192 1354 5246 quam
1383 5180 1580 5233 stolam
1622 5192 1751 5233 vere
1787 5192 1915 5247 gra-

328 5249 529 5300 tiosam
554 5255 611 5300 et
638 5249 856 5315 plenam
878 5247 1052 5316 gratia
1083 5249 1283 5303 eximio
1304 5248 1572 5303 donorum
1603 5248 1915 5316 splendore,

326 5326 573 5386 gratiosa
606 5317 880 5387 Mariayet
914 5318 1072 5387 plena
1108 5319 1302 5387 gratia,
1331 5329 1490 5373 utero
1521 5318 1787 5387 suscepit.
1822 5319 1913 5372 Sic

327 5401 478 5457 enim
530 5400 743 5451 auctor,
779 5386 985 5440 Christi
1043 5386 1337 5442 humanam
1394 5397 1647 5443 naturam
1684 5386 1913 5457 passim,

329 5456 563 5529 Paulina
599 5458 807 5526 phrasi,
842 5457 1008 5512 vestis
1042 5460 1263 5512 nomine
1311 5459 1583 5529 designat.
1639 5456 1913 5527 Interpres

328 5528 475 5581 male
501 5526 570 5580 de
612 5543 716 5581 suo
742 5529 990 5596 exponit,
1021 5536 1075 5579 et
1109 5528 1391 5598 restringit
1419 5526 1488 5583 ad
1529 5529 1696 5598 alium
1730 5526 1914 5583 etab-

263 5596 267 5599 Α
329 5610 528 5649 Senum
564 5611 808 5667 sensum,
844 5609 903 5650 ut
937 5599 1077 5652 stola
1115 5598 1207 5652 illa
1253 5596 1463 5667 sit'ipsa
1490 5597 1591 5666 τῆς
1610 5598 1915 5667 δεξαμένης

328 5667 501 5734 αυτὴν
538 5665 665 5736 ὅλην
723 5667 824 5735 τὴν
886 5668 1081 5737 χαράν,
1116 5680 1172 5722 et
1220 5665 1405 5723 Maria:
1459 5665 1598 5724 stola
1631 5685 1644 5719 :
1673 5665 1756 5721 Et
1774 5665 1913 5737 quod

329 5737 471 5789 διυὶιι
499 5748 591 5788 tua
614 5752 728 5789 vere
749 5742 820 5788 sit
846 5741 1104 5804 gratiosa,
1139 5748 1245 5794 etc.
1291 5739 1382 5793 Sic
1443 5739 1590 5794 enim
1637 5740 1775 5792 stola
1822 5739 1913 5790 illa

332 5807 729 5861 charismatum
763 5809 1056 5876 splendore
1094 5811 1356 5877 gratiosa,
1388 5820 1441 5865 et
1470 5826 1499 5864 a
1529 5824 1638 5879 qua
1690 5807 1860 5866 Maria
1890 5845 1908 5875 ,

635 5900 910 5968 Ρδτιωι..
954 5902 1068 5967 Gn.
1112 5902 1359 5967 XCVII.

2018 5036 2166 5107 quod
2227 5036 2599 5107 solumiipsi,
2654 5038 2710 5091 id
2761 5036 3077 5093 est’animae
3124 5037 3266 5106 ejus,
3306 5051 3372 5091 ac
3409 5036 3608 5107 potiori

2019 5105 2194 5176 ipsius
2225 5105 2388 5176 parti,
2416 5105 2580 5161 fuerit
2607 5108 2748 5162 stola
2780 5116 2833 5162 et
2867 5110 3070 5163 vestis:
3106 5105 3201 5177 qui
3229 5115 3380 5161 certe
3410 5105 3611 5163 sensus

2019 5179 2266 5231 absonus
2297 5186 2413 5241 est;
2437 5191 2560 5230 cum
2594 5192 2695 5234 nec
2720 5177 3055 5233 charismata
3084 5177 3460 5247 propries-iut
3483 5193 3610 5232 cor-

2020 5249 2200 5317 poris,
2236 5261 2337 5301 nec
2373 5261 2403 5298 a
2434 5248 2788 5303 charismatis
2818 5250 3089 5317 corporis,
3128 5251 3277 5303 Velut
3306 5246 3476 5310 ὅντως
3514 5266 3613 5317 χα-

2025 5318 2368 5387 ριτωθέντος,
2410 5327 2465 5372 et
2502 5318 2569 5371 iis
2602 5318 2938 5388 excellenter
2980 5318 3233 5388 gratiosi,
3284 5318 3403 5388 ipsa
3440 5319 3609 5372 Maria

2020 5382 2254 5458 ejusque
2314 5387 2533 5451 anima,
2592 5388 2647 5445 id
2705 5382 2886 5443 trahat
2945 5382 3224 5452 nbminis,
3270 5382 3390 5458 sed,
3422 5388 3611 5456 potius

2021 5455 2299 5521 econtra,
2334 5468 2393 5510 ut
2438 5460 2490 5511 in
2523 5460 2889 5527 sequentibus
2920 5458 3038 5526 ipse
3071 5468 3263 5512 auctor
3290 5455 3535 5527 deducit.

2095 5529 2207 5599 (τό)
2244 5527 2348 5594 Qui
2393 5528 2449 5581 in
2477 5537 2524 5582 te
2554 5526 2924 5599 prwcucurrit.
2963 5528 3069 5581 T06
3110 5526 3522 5599 προδραμόντος
3550 5529 3610 5580 ὲν

2023 5597 2128 5653 σοί.
2158 5598 2511 5668 Sigititicatur
2558 5597 2717 5654 Verbi
2741 5602 2794 5654 in
2831 5598 3024 5663 Maria,
3066 5597 3193 5652 ante
3216 5597 3609 5668 salutationem

2020 5667 2349 5740 angelicam,
2384 5676 2440 5723 ct
2464 5667 2586 5736 ejus
2611 5671 2665 5723 in
2690 5670 2810 5740 ipsa
2834 5669 3237 5732 incarnatione,
3264 5667 3557 5740 praesentia
3590 5684 3607 5729 ς

2020 5747 2080 5811 ut
2102 5734 2199 5811 Dei
2236 5737 2433 5811 Filius,
2468 5734 2573 5793 sibi
2608 5734 2730 5810 ipse
2760 5742 2813 5795 in
2845 5754 2907 5794 ea
2945 5741 3110 5794 fuerit
3140 5734 3474 5811 praecursor.
3512 5734 3607 5797 law

2014 5807 2208 5879 junius
2234 5809 2509 5878 interpres
2543 5826 2558 5863 :
2599 5807 2704 5879 Qui
2737 5813 2791 5865 in
2823 5821 2870 5865 te
2893 5822 2993 5866 est.

3056 5901 3131 5964 29
