3966 6458
437 429 539 498 907

1636 429 1693 489 s.
1730 430 2058 490 Amineis
2098 419 2519 491 eim'rmsrs
3594 428 3686 502 908

434 550 555 618 ejus
586 518 701 600 non
734 545 835 598 erit
872 542 996 597 ﬂuis
1031 551 1077 595 ὅ.
1120 562 1136 592 ι
1171 540 1340 595 Vides
1370 542 1616 610 qualiter
1652 543 1865 611 Virgini
1894 543 2016 596 ade-

2122 543 2300 595 λεύσει
2341 544 2433 595 ἐπὶ
2454 544 2543 597 τὸν
2564 538 2712 596 οἷκον
2752 542 2946 597 Ἰακὼῦ
2969 543 3048 604 εἰς
3079 542 3205 607 τοὺς
3235 541 3462 609 αἰῶνας,
3490 548 3580 599 καὶ
3598 552 3690 618 της

434 640 597 694 merit
629 636 871 691 metum?
903 635 1068 690 Vides
1105 646 1312 704 quanta
1357 634 1478 703 ejus
1522 635 1770 687 animum
1818 636 2020 690 ﬁducia

434 729 689 785 auxerit?
722 728 938 783 Vocaus
967 727 1115 782 enim
1161 727 1436 782 Altissimi
1484 725 1713 792 Filium,
1764 743 1827 781 ac
1858 727 2020 781 Davi-

430 822 554 877 dein
593 821 891 876 nominans
928 819 1095 890 pueri
1149 827 1387 889 patrem,
1442 819 1630 873 statim
1690 828 1862 873 totam
1898 818 2021 889 ejus

429 922 669 968 mentem
691 914 891 975 erexit,
925 912 1405 982 quemadmodum
1437 912 1762 967 declaratur
1781 926 2021 981 sequen-

430 1007 602 1060 tibus.
634 1004 769 1060 Vide
802 1015 987 1060 autem
1025 1003 1272 1072 Virginis
1320 1004 1694 1074 prudentiam.
1750 1002 1820 1058 Ut
1872 1004 2020 1058 enim

432 1099 547 1153 haec
602 1099 831 1163 audivit,
874 1113 1269 1168 summamque
1326 1098 1528 1152 divina:
1587 1097 1894 1153 voluntatis
1955 1112 2021 1152 ac

431 1189 641 1243 decreti
699 1189 1145 1245 immobilitatem
1182 1191 1487 1259 cognovit,
1546 1208 1564 1241 ι
1615 1190 1708 1245 Ait
1742 1190 1809 1246 ad
1855 1205 2021 1261 ange-

434 1281 591 1335 lum:
636 1282 927 1347 Quomodo
990 1282 1080 1335 lict
1138 1282 1310 1347 istud,
1373 1284 1639 1352 quoniam
1691 1283 1870 1338 virum
1912 1299 2019 1338 non

431 1388 709 1443 cognosco
734 1373 801 1426 11?
831 1394 849 1425 ι
883 1372 1017 1428 Rem
1050 1374 1185 1428 mihi
1217 1390 1438 1437 novam,
1475 1376 1676 1446 inquit,
1712 1376 2015 1446 polliceris.

435 1464 508 1518 Ea
562 1465 693 1519 mihi
743 1466 1073 1529 annuutias,
1114 1482 1239 1536 qua:
1270 1477 1539 1536 superant
1576 1478 1853 1523 naturam.
1904 1468 2018 1522 Nu-

438 1557 586 1627 ptias
610 1572 710 1627 cgo
764 1558 947 1612 nullas
999 1567 1229 1628 experta
1281 1574 1404 1612 sum
1438 1573 1450 1610 :
1489 1559 1829 1629 desponsata
1870 1560 2017 1614 enim

433 1662 580 1714 sum,
614 1658 670 1702 at
701 1649 928 1704 minime
965 1649 1085 1704 viro
1139 1650 1338 1707 collata
1386 1650 1521 1722 (77).
1574 1651 1851 1720 Sponsum
1895 1661 2019 1707 tan-

433 1751 575 1808 tum,
612 1756 724 1796 non
764 1741 941 1796 virum
989 1740 1296 1812 Josephum
1351 1757 1647 1814 cognosco.
1710 1742 2019 1799 Contuber-

434 1835 576 1888 nalis
612 1849 831 1902 procus,
876 1844 930 1887 at
965 1848 1073 1887 non
1110 1834 1304 1890 eodem
1335 1849 1549 1889 mecum
1580 1834 1773 1890 cubili.
1819 1834 2017 1891 Uterus

431 1926 670 1996 genitale
695 1941 884 1981 semen
919 1925 1125 1990 nescit,
1156 1924 1254 1981 sed
1288 1934 1372 1981 est
1403 1926 1649 1982 incultus
1680 1927 1766 1998 (‘).
1810 1946 1829 1979 ι
1874 1926 2041 1998 ρυοο,

432 2018 596 2072 modo
627 2018 731 2071 erit
769 2015 941 2083 istud,
977 2017 1242 2087 quoniam
1276 2018 1459 2072 virum
1494 2033 1601 2072 non
1649 2019 1966 2089 cognosco?
1997 2039 2015 2072 ι

430 2106 570 2163 Num
601 2108 775 2174 enim,
817 2108 1017 2178 inquit,
1050 2125 1139 2165 me
1166 2109 1341 2165 solam
1385 2118 1589 2163 natura
1623 2122 1857 2166 matrem
1902 2113 2023 2167 sine

433 2199 644 2271 nuptiis
698 2200 1024 2255 exhibebit?
1055 2199 1139 2254 An
1186 2200 1308 2255 sola
1352 2216 1455 2270 ego
1500 2209 1704 2270 prmter
1742 2212 2020 2269 naturam,

431 2291 777 2362 incognitum
818 2299 1038 2346 naturae
1076 2298 1274 2360 partus
1304 2291 1526 2346 modum
1569 2291 1873 2346 inducam?
1906 2293 2022 2348 Non

432 2392 562 2437 sunt
602 2389 842 2452 peractae
885 2381 1134 2451 nuptiae:
1183 2396 1294 2436 non
1344 2397 1466 2437 smn
1516 2393 1745 2452 experta
1796 2386 2021 2451 virum;

432 2487 535 2528 nec
577 2473 726 2527 enim
773 2472 1009 2543 cognovi
1043 2470 1369 2542 Josephum.
1411 2471 1717 2528 Custodem
1751 2477 2022 2544 cognovi,

431 2574 545 2614 non
575 2561 755 2615 virum
794 2576 807 2613 :
842 2578 860 2612 ι
908 2559 1199 2626 Quomodo
1226 2576 1359 2631 ergo
1395 2562 1488 2617 ﬂet
1528 2562 1726 2619 istud?
1763 2582 1783 2614 ι

505 2650 825 2721 Respondet
862 2652 1118 2722 protinus
1172 2652 1419 2718 Gabriel,
1466 2664 1519 2710 et
1569 2654 2025 2727 interrogationis

434 2742 775 2808 crassitiem,
828 2743 1120 2799 contraria:
1160 2745 1548 2815 responsionis
1579 2747 1890 2803 subtilitate
1928 2764 2026 2804 ει·-

433 2838 651 2896 teuuat,
700 2833 937 2889 dicens:
993 2834 1161 2901 Quid,
1190 2850 1223 2890 ο
1257 2835 1601 2903 beatissima,
1663 2838 1782 2893 haae
1834 2839 2027 2897 dicis?

433 2926 576 2992 Quid
622 2926 754 2981 talia
787 2926 977 2983 fundis
1006 2929 1210 2983 verba?
1245 2928 1481 2986 leitus
1512 2947 1616 3002 ego
1662 2932 1886 2998 adveni,
1925 2949 2025 2990 no-

437 3033 566 3071 vum
609 3018 708 3072 tibi
762 3020 1147 3104 conceptionis
1207 3020 1427 3076 modum
1486 3025 1843 3083 annuntians.
1902 3025 2023 3082 Non

434 3118 693 3164 terrenus
732 3110 837 3163 tibi
891 3110 1109 3181 loquor.
1155 3110 1303 3178 Dixi,
1346 3131 1365 3164 ι
1412 3113 1682 3172 Dominus
1729 3124 1913 3172 tecum
1945 3138 2018 3190 :_»

2130 636 2408 704 βασιῖεἱας
2434 635 2597 690 αὐτοῦ
2624 636 2722 689 οὐκ
2758 635 2910 690 ἔσται
2943 634 3118 699 τέλος.
3156 653 3174 687 ι
3212 633 3366 700 Εἶδες
3423 638 3566 702 ὅπως
3603 639 3691 710 τῆς

2130 726 2410 796 Παρθένου
2442 726 2808 803 παρυφείλετο
2841 727 2930 779 τὸν
2951 726 3151 795 φόϐον;
3184 723 3337 791 Εἶδες
3360 730 3439 792 εἰς
3471 730 3591 783 ὅσον
3605 734 3695 785 αὐ.

2125 817 2227 887 τῆς
2260 817 2358 888 τὴν
2376 818 2554 888 ψυχὴν
2587 818 3039 890 παρεθάρῤυνεν;
3067 817 3194 870 Υίὸν
3217 818 3327 889 γὰρ
3352 820 3519 872 εἰπὼν
3553 820 3696 891 Ὑψί-

2129 929 2276 979 στου,
2322 913 2418 966 καὶ
2448 913 2663 984 πατέρα
2694 911 2787 965 τοῦ
2816 911 3219 984 τεχθησομένου
3248 914 3341 965 τὸν
3402 914 3561 967 Δαϐὶδ
3590 915 3698 969 ὀνο-

2129 1003 2330 1074 μάσας,
2367 1003 2678 1074 ἐπτέρωσεν
2701 1003 2872 1073 αὐτῆς
2917 1004 3036 1057 ὅλον
3064 1005 3409 1074 παραχρῆμα
3430 1002 3517 1057 τὸν
3563 1005 3694 1071 νοῦν,

2125 1095 2200 1157 ὼς
2247 1095 2398 1164 δηλοῖ
2425 1095 2494 1149 τὰ
2548 1096 2808 1168 ἑπόμενα.
2861 1096 2973 1149 Καὶ
3018 1096 3120 1165 ὅρα
3164 1095 3263 1163 τῆς
3301 1095 3576 1165 Παρθένου
3609 1097 3696 1167 τὴν

2127 1188 2467 1251 σύνεσιν.”Ως
2500 1188 2610 1260 γὰρ
2638 1187 2814 1241 ταῦτα
2850 1186 3103 1254 ἐπύθετο,
3139 1186 3363 1257 καὶτῆς
3391 1187 3513 1240 καθ’
3546 1189 3696 1260 ὑπερ-

2123 1280 2255 1350 οχὴν
2290 1268 2381 1333 τοῦ
2440 1279 2585 1334 θείου
2617 1280 2921 1351 θελήματος
2969 1280 3218 1347 ἐξουσίας
3259 1279 3405 1347 ἔγνω
3448 1279 3508 1331 τὸ
3551 1278 3698 1349 ἄτρε-

2124 1389 2282 1435 πτον,
2343 1390 2362 1422 ι
2397 1373 2541 1443 Ἔφη
2597 1371 2733 1444 πρὸς
2788 1372 2879 1424 τὸν
2935 1371 3203 1441 ἄγγελον·
3266 1370 3398 1434 Πῶς
3429 1370 3579 1425 ἐσται
3617 1388 3699 1442 μοι

2121 1462 2280 1516 τοῦτο
2304 1505 2319 1531 ,
2372 1463 2496 1516 ἐπεὶ
2528 1462 2697 1534 ἄνδρα
2724 1463 2785 1516 οὺ
2810 1463 3101 1532 γινώσκω;
3135 1479 3158 1517 ι
3200 1461 3346 1515 Ξένα
3388 1479 3500 1531 μοι,
3525 1463 3696 1533 φησὶν,

2123 1554 2382 1626 ὑπισχνῇ,
2406 1555 2807 1626 ὑπερεαίνοντα
2833 1553 2932 1625 τὴν
2960 1553 3123 1625 φύσιν
3147 1553 3487 1625 ἐπαγγέλλῃ.
3522 1553 3698 1609 Ἀπει-

2125 1663 2213 1716 por.
2236 1646 2490 1718 τυγχάνω
2522 1648 2705 1718 γάμου
2724 1663 2739 1679 ·
2779 1646 3195 1718 μεμνηστευμαι
3227 1644 3362 1718 γὰρ,
3398 1644 3512 1699 ἀλλ’
3538 1647 3596 1700 οὐ
3621 1664 3698 1700 νε-

2120 1736 2488 1809 νύμφευμαι.ξ
2520 1738 2824 1808 Μνηστῆρα
2877 1737 3064 1807 μόνον,
3122 1736 3241 1791 ἀλλ’
3269 1738 3379 1791 οὐκ
3423 1735 3586 1808 ἄνδρα
3617 1738 3695 1791 τὸν

2134 1829 2330 1900 Ἰωσὴφ
2360 1830 2682 1900 ἐπίσταμαι.
2714 1829 2968 1893 Σύνοικος
2995 1829 3023 1881 6
3054 1830 3339 1900 μνήστωρ,
3365 1827 3481 1882 ἀλλ’
3512 1828 3569 1881 οὐ
3589 1828 3695 1881 σύν-

2123 1936 2296 1983 ευνος.
2331 1921 2605 1991 Ἀσπορος
2634 1920 2921 1993 ήγαστὴρ.
2955 1919 3070 1974 ἀλλ’
3108 1920 3211 1974 οὐκ
3235 1920 3527 1992 ἀρόσιμος.
3562 1923 3695 1987 «Πῶς

2122 2013 2276 2066 ἔσται
2310 2030 2399 2084 μοι
2427 2012 2606 2076 τοῦτο,
2647 2014 2772 2067 ἐπεὶ
2795 2013 2962 2084 ἄνδρα
2994 2014 3055 2068 οὐ
3089 2013 3382 2083 γινώσκω;
3416 2033 3434 2067 ι
3486 2016 3572 2086 Μὴ
3603 2017 3694 2086 γὰρ

2123 2105 2225 2174 ἐμὲ
2252 2106 2422 2177 μόνην
2458 2109 2490 2176 ὴ
2519 2106 2701 2177 φύσις,
2738 2108 2894 2175 φησὶ,
2945 2107 3162 2177 μητέρα
3187 2107 3354 2172 δείξει
3401 2108 3577 2178 γάμου
3601 2114 3694 2177 xw:

2125 2194 2242 2265 ρίς;
2279 2194 2366 2268 Μὴ
2393 2196 2529 2267 μόνη
2584 2198 2734 2265 παρὰ
2766 2197 2862 2266 τὴν
2892 2196 3053 2271 φύσιν
3097 2197 3210 2266 ἐγὼ
3262 2198 3426 2269 ξένην
3459 2201 3524 2269 τῇ
3558 2199 3693 2267 φύσει

2123 2289 2380 2359 γέννησιν
2434 2290 2769 2357 συνεισάξως
2818 2290 2893 2343 Οὐ
2925 2290 3133 2362 προέϐη
3191 2292 3399 2361 γάμος,
3435 2293 3497 2345 οὐ
3525 2295 3693 2363 πεῖραν

2124 2376 2284 2444 ἔσχον
2345 2376 2558 2446 ἀνδρός.
2622 2379 2695 2431 Οὐ
2744 2378 2854 2449 γάρ
2903 2378 3078 2448 ἔγνων
3102 2380 3192 2434 τὸν
3241 2381 3485 2452 Ἰωσήφ·
3518 2383 3690 2448 Φύλαξ,

2124 2466 2226 2520 οὐκ
2254 2465 2396 2539 ἀνὴρ
2417 2469 2724 2541 ἐγνωρίσθη
2762 2488 2880 2540 μοι,
2930 2491 2947 2522 ι
2974 2471 3083 2526 Καὶ
3122 2472 3240 2536 πῶς
3276 2473 3437 2528 ἔσται
3487 2492 3574 2546 μοι
3596 2474 3694 2528 τοῦ·

2124 2575 2270 2623 τος»

2212 2650 2598 2724 Ἀποκρίνεται
2622 2655 2760 2725 ταχὺ
2786 2654 3051 2727 Γαϐριὴλ,
3078 2656 3176 2710 καὶ
3204 2657 3268 2710 τὸ
3297 2658 3446 2730 παχὺ
3472 2658 3564 2730 τῆς
3586 2659 3692 2712 7:56-

2127 2754 2265 2799 σεως
2294 2737 2373 2808 τῷ
2423 2738 2548 2809 ὕψει
2581 2741 2682 2810 τῆς
2734 2743 3112 2815 ἀντιφράσεως
3177 2747 3567 2822 ἁπολεπτύνει,
3618 2751 3691 2803 καί

2127 2846 2291 2901 φησι·
2328 2831 2392 2884 Τί
2438 2832 2663 2888 τοιαῦτα
2695 2833 2900 2903 λέγεις,
2946 2830 2992 2890 ὦ
3025 2838 3329 2908 πανολόία;
3383 2843 3449 2895 Τί
3495 2842 3692 2895 τοιαῦτα

2126 2923 2409 2997 προϐάλλῃ
2441 2928 2700 2999 ῥήματα;
2741 2929 2882 2998 Ἐγὼ
2908 2931 3202 3002 οὐρανόθεν
3233 2929 3425 3005 ἦλθον,
3475 2937 3691 3006 κομίζων

2127 3037 2212 3073 σοι
2266 3021 2325 3075 τὸ
2355 3025 2724 3096 καινοπρεπὲς
2778 3026 2878 3097 τῆς
2913 3026 3255 3100 συλλήψεως.
3316 3032 3432 3087 Οὐκ
3483 3032 3584 3087 ἀπὸ
3609 3032 3692 3102 γῆς

2126 3115 2288 3182 φωνῶ
2322 3133 2425 3179 σοι,
2468 3137 2485 3169 ι
2533 3118 2589 3172 '0
2618 3119 2826 3191 Κύριος
2861 3121 2999 3189 μετὰ
3026 3122 3144 3189 σοῦ,
3176 3143 3194 3175 ι
3259 3124 3464 3179 εἰπών·
3500 3131 3589 3179 καὶ
3618 3128 3692 3188 σὺ,

434 3208 491 3252 ιιι
526 3214 653 3253 vero
688 3218 700 3255 :
739 3218 757 3252 ι
807 3201 1099 3267 Quomodo
1131 3204 1223 3259 lict
1282 3204 1451 3272 istud,
1496 3226 1514 3259 ι
1547 3222 1644 3263 ceu
1685 3210 2016 3281 ambigendo

2131 3226 2149 3260 ι
2177 3210 2301 3272 Πῶς
2329 3209 2485 3263 ἔσται
2519 3229 2610 3281 μοι
2652 3213 2855 3280 τοῦτο;
2895 3232 2912 3265 ι
2953 3213 3235 3286 διαπορεῖς
3264 3233 3279 3281 ;
3329 3217 3471 3285 Ἐγὼ
3489 3218 3573 3271 τὸν
3611 3219 3692 3288 τὴν

431 3293 710 3361 opponis?
741 3292 894 3348 llunc
928 3295 1027 3350 tibi
1057 3311 1159 3366 ego
1192 3299 1483 3365 annuntio,
1531 3301 1627 3370 qui
1675 3316 1853 3355 meam
1887 3320 2023 3373 prse-

435 3380 680 3436 sentiam
724 3397 828 3437 suo
856 3383 912 3437 in
973 3392 1123 3439 tuum
1165 3395 1382 3441 uterum
1444 3389 1644 3459 illapsu
1706 3396 2017 3461 occupavit.

434 3470 520 3527 Tu
559 3488 688 3527 vero
716 3475 850 3528 mihi
878 3474 944 3531 de
983 3476 1123 3544 riro,
1174 3493 1241 3533 ac
1277 3494 1377 3534 ceu
1419 3487 1639 3536 terreno
1665 3492 1823 3552 partu
1852 3485 2022 3541 disse-

347 3588 356 3596 -
430 3564 530 3628 ris,
567 3563 804 3633 aisque:
859 3582 879 3616 ι
926 3563 1217 3629 Quomodo
1267 3565 1357 3621 [iet
1403 3567 1591 3623 istud?
1650 3589 1668 3622 ι
1731 3568 2020 3636 Quomodo

432 3653 572 3707 lict?
624 3653 815 3724 Cogita
876 3655 1155 3724 quomodo
1223 3657 1374 3731 virga
1420 3657 1665 3734 ﬂoruit:
1739 3664 2018 3731 quomodo

428 3755 611 3815 petra,
644 3753 699 3800 et
731 3762 841 3817 quo
871 3747 983 3803 feta
1029 3764 1131 3805 ceu
1174 3759 1358 3820 partu,
1389 3765 1594 3821 aquam
1626 3753 1797 3807 edidit
1827 3771 1839 3807 :
1882 3769 2019 3824 quo-

429 3838 593 3893 modo
627 3839 775 3911 ignis
810 3841 930 3895 rubi
977 3843 1208 3897 arbusta
1254 3843 1519 3912 pervasit,
1563 3858 1667 3898 nec
1706 3854 1890 3900 tamen
1924 3863 2017 3901 ru-

427 3929 556 3985 bum
602 3932 933 3987 combussit.
972 3932 1105 4001 Quae
1138 3933 1250 3989 illis
1303 3933 1510 3990 habeas
1552 3934 1738 4001 tidem,
1772 3952 1841 3992 ne
1882 3940 2014 3994 mihi

427 4034 546 4071 eam
579 4019 953 4090 abrogaveris.
990 4019 1095 4089 Qui
1131 4021 1279 4076 enim
1305 4021 1421 4077 haec
1445 4023 1653 4094 illaque
1684 4024 1838 4094 facit,
1873 4044 2017 4086 unus

428 4113 542 4181 ipse
575 4122 679 4178 est,
712 4129 874 4183 quem
905 4124 960 4169 tu
995 4122 1154 4169 utero
1185 4122 1467 4186 gestatura
1494 4116 1594 4171 sis.
1635 4114 1784 4171 Nova
1822 4119 2015 4189 itaque

422 4216 622 4272 praeter
663 4213 917 4260 naturam
967 4206 1085 4277 lege
1123 4215 1406 4279 conceptae
1453 4209 1629 4280 prolis
1666 4220 1842 4267 mater
1874 4215 2010 4270 eris.

426 4297 540 4351 Non
576 4299 720 4353 sicut
750 4297 1035 4354 Elisabeth
1088 4316 1187 4355 nec
1230 4310 1290 4355 ut
1317 4303 1484 4371 ,Anna
1516 4316 1643 4373 qua:
1682 4312 1734 4359 te
1762 4306 2008 4375 peperit.

353 4418 359 4425 ο
427 4390 535 4446 Illae
568 4392 714 4446 enim
742 4391 886 4446 virili
920 4389 1159 4462 perfusae
1186 4393 1400 4449 semine
1431 4403 1636 4452 matres
1668 4394 1827 4452 factae
1857 4408 2010 4465 sunt,

424 4491 481 4535 tu
515 4490 699 4536 autem
737 4483 979 4550 sinefviri
1012 4499 1184 4554 opera
1221 4500 1346 4539 eum
1370 4500 1431 4540 es
1460 4486 1700 4551 editura,
1739 4489 1829 4557 qui
1860 4491 2011 4544 nullo

425 4573 684 4642 praeiacto
735 4575 947 4629 semine
992 4575 1044 4628 in
1084 4585 1135 4630 te
1178 4574 1468 4629 habitavit.
1521 4574 1616 4629 Sin
1666 4592 1796 4633 vero
1842 4580 2008 4634 etiam
2046 4580 2110 4640 D.

424 4665 646 4718 modum
678 4665 935 4735 ambigis,
973 4666 1122 4719 hunc
1164 4680 1388 4735 quoque
1424 4667 1521 4720 tibi
1558 4676 1746 4737 aperte
1771 4670 1971 4724 dicam.

499 4778 516 4809 ι
577 4756 819 4829 Spiritus
862 4768 1093 4813 sanctus
1139 4758 1498 4827 superveniet
1540 4758 1595 4812 in
1647 4767 1722 4824 te,
1755 4769 1809 4817 et
1836 4762 2012 4819 virtus

422 4850 1074 4917 Altissimiobumbrabit
1117 4850 1214 4904 tibi
1246 4851 1289 4908 ί.
1336 4868 1354 4900 ι
1390 4849 1511 4903 Non
1543 4852 1690 4905 enim
1716 4868 1780 4908 ex
1815 4854 2011 4910 volun-

420 4949 533 4994 tate
561 4940 688 5003 viri,
719 4955 819 4993 nec
847 4955 915 4993 ex
942 4941 1232 4993 voluntate
1285 4940 1496 5002 curuis,
1529 4955 1692 5010 quem
1737 4948 2009 5001 annuntio

420 5032 740 5085 nasciturus
778 5040 883 5086 est.
923 5030 1079 5085 Nulla
1124 5030 1366 5086 carnalis
1400 5031 1653 5103 voluptas
1694 5038 1874 5104 partui
1916 5038 1998 5095 illi

499 5192 523 5231 ι
565 5185 1003 5253 t.uc.i,52,55.
1082 5187 1385 5243 hibid.54.
1470 5187 1775 5245 iibid.55.

2124 3300 2265 3371 ἐμὴν
2315 3303 2706 3372 προφθάσαντα
2750 3305 3056 3377 παρουσίαν
3092 3309 3174 3371 είς
3226 3309 3330 3380 τὴν
3381 3313 3479 3381 σὴν
3512 3309 3691 3364 κοιλίαν

2122 3392 2550 3465 εὐαγγελίζομαι
2581 3412 2685 3460 σοι,
2724 3397 2820 3450 καὶ
2856 3398 2921 3451 σὺ
2962 3398 3093 3469 περὶ
3121 3399 3316 3472 ἀνδρὸς
3346 3402 3565 3473 διαλέγῃ
3595 3417 3691 3469 μοι,

2123 3485 2346 3555 καὶτῆς
2384 3486 2536 3540 κάτω
2593 3488 2925 3560 γεννήσεως,
2987 3490 3083 3544 καὶ
3136 3490 3344 3561 λέγεις,
3401 3494 3528 3558 sui);
3561 3493 3691 3547 ἔσται

2125 3591 2206 3627 σοι
2228 3593 2242 3642 ;
2269 3594 2289 3625 ›
2331 3576 2636 3648 Ἐννόησον,
2668 3578 2787 3642 πῶς
2820 3581 2852 3649 ή
2878 3578 3075 3649 ῥάϐδος
3095 3580 3365 3655 ἐξήνθησε
3386 3600 3400 3613 ·
3426 3583 3539 3648 πῶς
3562 3586 3591 3651 ἡ
3612 3582 3691 3634 πέ-

2119 3685 2226 3738 τρα
2253 3668 2314 3720 τὸ
2336 3667 2482 3741 ὕδωρ
2508 3670 2766 3736 ἁπέτεκε,
2804 3671 2970 3726 πόθεν
2999 3674 3438 3747 ὲγκυμονήσασα
3460 3693 3475 3709 ο
3508 3677 3617 3738 πῶς
3643 3674 3690 3727 τὲ

2119 3761 2218 3828 τῆς
2248 3760 2416 3831 βάτου
2442 3763 2555 3832 πῦρ
2585 3763 2917 3834 ὑπεισῆλθεν
2953 3769 3012 3820 ὲν
3050 3770 3117 3840 τῇ
3152 3767 3365 3841 θάμνῳ,
3404 3771 3479 3841 μὴ
3511 3767 3691 3839 φλέξειν

2120 3851 2314 3923 αὐτὴν.
2347 3851 2412 3907 Εἰ
2436 3852 2647 3919 τούτοις
2680 3855 2755 3926 μὴ
2788 3856 3068 3923 ἀπιστεῖς,
3119 3860 3259 3930 μηδὲ
3310 3862 3436 3931 ἐμοὶ
3466 3859 3689 3914 ἀπίστει’

2130 3943 2189 3998 Ὀ
2222 3944 2334 4017 γὰρ
2359 3944 2534 4000 ταῦτα
2569 3944 2799 4002 κάκεῖνᾶ
2837 3947 3028 4013 ποιῶν,
3063 3944 3143 4015 εἷς
3170 3953 3345 4016 ἐστιν,
3368 3954 3396 4006 6
3429 3954 3487 4006 ἐν
3513 3949 3689 4021 γαστρί

2119 4051 2213 4087 σου
2244 4034 2562 4105 φερόμενος.
2596 4034 2745 4108 Ξένῳ
2770 4037 2949 4091 τοίνυν
2974 4040 3126 4111 παρὰ
3160 4041 3259 4113 τὴν
3292 4043 3456 4111 φύσιν
3501 4038 3686 4109 θεσμῷ.

2116 4127 2209 4179 τοῦ
2233 4127 2293 4179 ἐν
2322 4127 2406 4180 σοὶ
2435 4128 2727 4198 κυηθέντος
2767 4128 2976 4202 γενήσῃ
2997 4132 3216 4203 τροφός.
3244 4134 3358 4204 Οὐχ
3380 4134 3457 4197 ὼς
3495 4130 3687 4187 Ἓλισὰ·

2117 4221 2232 4286 6ετ,
2250 4224 2348 4293 οὐχ
2376 4223 2451 4287 ὼς
2472 4225 2638 4277 Ἄννα
2663 4227 2695 4296 ἡ
2727 4224 2785 4279 σὲ
2802 4226 3058 4283 τεκοῦσα.
3090 4228 3330 4284 Ἐκείναι
3352 4229 3459 4298 γὰρ
3482 4230 3685 4292 svo-mp-

2117 4315 2377 4385 μαθείσαι
2404 4317 2661 4385 γεγόνασι
2697 4318 2966 4391 μητέρες,
3005 4321 3070 4374 σὺ
3122 4320 3180 4373 δὲ
3224 4321 3487 4392 ἄνανδρος
3514 4316 3686 4372 παιδο-

2116 4411 2367 4482 ποιήσεις
2394 4411 2486 4464 τὸν
2525 4411 2764 4482 ἄσπορον
2805 4412 3207 4469 εἰσοικισθέντα
3235 4431 3340 4470 σοι.
3393 4413 3503 4468 Καὶ
3534 4411 3579 4464 εί
3604 4407 3685 4461 τὸν

2113 4502 2318 4571 τρόπον
2347 4501 2688 4576 ἐπιζητοίης,
2724 4505 2818 4559 καὶ
2850 4504 3040 4559 τοῦτόν
3074 4523 3155 4560 σοι
3181 4506 3322 4573 λέξω
3352 4504 3563 4575 σαφῶς,

2196 4785 2212 4816 ι
2248 4768 2473 4840 Πνεῦμα
2511 4772 2667 4839 ἅγιον
2698 4773 3051 4828 ἐπελεύσεται
3088 4779 3180 4831 ὲπί.
3214 4776 3296 4839 σὲ,
3329 4776 3424 4829 καὶ
3471 4770 3679 4837 δύναμις·

2131 4859 2389 4928 Ὑψίστου
2420 4863 2732 4919 ἐπισκιάσει
2756 4882 2835 4919 σε.
2871 4884 2889 4919 ι
2922 4868 2995 4920 Οὐ
3022 4867 3130 4939 γὰρ
3147 4869 3210 4920 ἐκ
3229 4867 3529 4938 θελήματος
3558 4872 3676 4926 σαρ·

2115 4951 2210 5014 κὸς
2234 4952 2263 5003 6
2284 4955 2605 5023 τικτόμενος
2640 4956 2817 5010 ἔσται’
2844 4959 2919 5012 Οὐ
2961 4959 3270 5029 μεσιτεύσει
3315 4957 3512 5031 σαρκὸς
3533 4945 3676 5021 ήδωὴ

2108 5043 2333 5116 Μητρὸς
2379 5045 2516 5101 Θεοῦ
2559 5050 2798 5122 τοκετῷ·
2829 5051 2938 5105 τῶν
2972 5052 3082 5125 γὰρ
3130 5052 3231 5124 τῆς
3292 5051 3503 5124 φύσεως
3548 5045 3674 5113 ὅρων

525 5366 588 5435 (θ)
624 5366 838 5425 Clarius
867 5366 984 5421 sic:
1018 5344 1364 5435 infecundus
1395 5366 1608 5434 quidem
1645 5365 1776 5419 mihi
1814 5376 2023 5435 uterus,
2059 5369 2151 5423 sed
2188 5370 2327 5423 enim
2363 5386 2467 5423 non
2498 5371 2701 5430 cultus.

1720 5525 2109 5597 conamen
2142 5529 2375 5586 NOTAE.

494 5645 603 5704 ΓΠ)
640 5642 970 5709 Desponsam
1004 5643 1144 5697 enim
1184 5659 1323 5705 sum,
1356 5651 1412 5695 at
1445 5643 1660 5696 minime
1690 5644 1803 5695 viro
1837 5642 2002 5697 colla-

425 5733 482 5768 ta
506 5709 559 5765 ἰ».
591 5715 1044 5782 Μεμνήστευμαι,
1065 5712 1180 5764 ἀλλ’
1203 5715 1262 5766 οὐ
1294 5713 1688 5781 νενύμφευμαι.
1717 5714 1811 5765 Sic
1836 5713 2001 5766 etiam

424 5787 787 5850 Hieronymus
818 5783 1003 5836 Matth.
1044 5802 1080 5846 I,
1117 5793 1277 5850 negat
1337 5793 1662 5842 uxorcuth
1709 5784 2002 5850 coniugem

425 5871 522 5926 pro
554 5846 754 5922 sponsa
807 5856 1049 5925 ιικρυιιὶι.
1106 5846 1244 5907 Nunt
1280 5862 1461 5907 autem
1493 5868 1621 5907 vere
1652 5846 1853 5919 nuptias
1886 5846 2006 5909 sine

2104 5651 2383 5703 'cousensu
2418 5649 2471 5701 in
2498 5649 2770 5712 copulam,
2809 5666 2970 5718 quem
3004 5663 3126 5707 vota
3152 5655 3374 5718 castitas
3401 5643 3659 5718 videbatur

2111 5720 2401 5793 eiu-ludere
2456 5720 2508 5772 in
2566 5718 2753 5787 Maria,
2787 5714 2934 5777 stare
2967 5724 3199 5793 possint,
3256 5714 3656 5780 altc'riusutncl

2111 5805 2291 5859 operte
2334 5790 2516 5845 fuerit.
