3966 6436
329 381 441 446 917

1062 377 1146 438 ΙΝ
1184 377 1847 444 CIRCUMCISIONEM
1880 383 2160 444 DOMINI
2204 386 2299 445 ET
2340 387 2422 445 ΙΝ
2462 387 2517 451 S.
2564 386 2958 448 BASILIUM.

3520 388 3621 445 9H

320 483 480 550 θους.
510 487 593 541 Τὰ
630 485 758 555 περὶ
793 485 1033 557 Ἡρώδου
1087 489 1181 543 καὶ
1213 490 1470 556 Πιλάτου,
1527 493 1622 545 καὶ
1662 493 1771 546 τῶν
1823 490 1915 545 δύο

2051 502 2171 544 uxta
2206 498 2465 546 :eternam
2497 492 2841 547 nativitatem
2870 492 3042 549 addit.
3092 491 3263 546 Deum
3295 511 3306 547 :
3336 510 3355 543 ι
3396 490 3487 561 qui
3516 490 3617 543 fuit

322 577 565 649 λῃστῶν,
625 578 720 634 καὶ
752 577 871 651 μεθ’
900 580 1092 651 ἕτερα,
1126 582 1160 637 ἃ
1204 583 1318 646 τοῖς
1352 582 1562 649 λοιποῖς
1601 586 1916 657 σεσίγηνται

2051 581 2120 635 lci
2176 592 2197 619 ι’
2236 601 2253 633 ι
2290 582 2411 637 Alia
2470 583 2599 637 item
2652 584 2888 653 plurima
2945 599 3129 653 usque
3166 583 3233 638 ad
3278 584 3616 653 passionem.

320 672 775 743 εὐαγγελισταῖς.

406 940 474 995 Τί
509 940 554 995 δ’
578 941 711 996 αὐτὸ
759 941 1009 1013 βούλεται
1044 943 1245 1014 λέγειν·
1287 965 1305 997 ι
1349 949 1422 1002 Τὸ
1445 950 1644 1023 κληθὲν
1682 954 1789 1007 ὑπὸ
1826 957 1921 1011 τοῦ

316 1032 570 1102 ἀγγέλου
599 1033 708 1105 πρὸ
737 1034 833 1089 τοῦ
860 1036 1231 1109 συλληφθῆναι
1265 1040 1428 1095 αὐτὸν
1471 1045 1528 1096 ἐν
1556 1049 1621 1115 τῇ
1655 1046 1866 1119 κοιλῖᾳς
1901 1068 1917 1101 ι

317 1124 513 1189 Αὐτὸς
537 1126 974 1197 προσαποδώσει,
1000 1129 1229 1198 λέγοντα
1260 1132 1352 1185 τὸν
1383 1133 1614 1203 ἄγγελον
1642 1138 1926 1206 παριστῶν

318 1215 477 1289 πρὸς
499 1217 600 1288 τὴν
624 1219 865 1292 Μαρίανσ
904 1239 924 1273 ι
958 1221 1098 1295 Τέξῃ
1128 1223 1266 1287 υἱὸν,
1306 1224 1402 1279 καὶ
1446 1227 1695 1294 καλέσεις
1724 1231 1783 1283 τὸ
1807 1231 1926 1285 ὅνο-

321 1325 418 1378 μα
470 1308 637 1365 αὑτοῦ
684 1311 918 1384 Ἰησοῦν.
960 1307 1131 1379 Οὗτος
1187 1315 1343 1371 ἔσται
1413 1319 1606 1389 μέγας,
1675 1323 1767 1375 καὶ
1800 1324 1928 1388 Υἱὸς

262 1465 276 1484 ⁸
336 1397 610 1469 ’Υψίστου
641 1402 997 1475 κληθήσεται.
1031 1425 1049 1458 ι
1088 1408 1163 1461 Τὸ
1190 1408 1247 1462 δὲ
1265 1410 1399 1463 αὐτὸ
1427 1412 1584 1467 τοῦτο
1624 1416 1761 1470 καὶό
1784 1419 1931 1472 Ματ-

252 1496 284 1598 ι
321 1491 513 1598 Putas,
546 1493 628 1598 εἰς
649 1495 724 1598 τὰ
763 1497 917 1598 περὶ·
938 1497 1051 1598 ’τῆς
1072 1500 1337 1565 ἀπιστίας
1376 1503 1597 1574 Ἰωσὴφ,
1634 1506 1728 1560 τοῦ
1762 1509 1930 1578 ἀγγε-

274 1581 492 1677 ίλικοῦ
549 1584 830 1657 ὀνείρατος
891 1588 1011 1659 ὕψει
1072 1591 1441 1664 πιστούμενον
1495 1597 1929 1664 διαϐεϐαιοῦται,

327 1675 593 1746 γράφων·
649 1696 667 1728 ι
705 1678 1157 1754 Μνηστευθείσης
1181 1684 1445 1758 γὰρξτῆς
1498 1690 1710 1761 μητρὸς
1762 1691 1929 1747 αὐτοῦ

325 1766 562 1839 Μαρίας
593 1769 672 1839 τῷ
708 1770 929 1842 Ἰωσὴφ,
986 1775 1117 1845 πρὶν
1161 1778 1428 1833 εἰσελθεῖν
1470 1782 1690 1847 αὐτοὺς,
1730 1785 1857 1858 εὑρέ

327 1862 397 1914 ἔν
426 1864 627 1935 γαστρὶ
660 1863 859 1933 ἔχουσα
887 1866 951 1919 ἐκ
977 1867 1295 1939 Πνεύματος
1331 1872 1509 1941 ἁγίου.
1546 1876 1746 1949 Ἰωσὴφ
1792 1879 1849 1932 δὲ

329 1953 483 2024 ἀνὴρ
511 1955 701 2025 αὐτῆς,
735 1956 946 2023 δίκαιος
984 1958 1081 2026 ὢν,
1109 1964 1203 2016 καὶ
1238 1964 1312 2036 μὴ
1350 1965 1521 2021 θέλων
1550 1969 1723 2041 αὐτὴν
1756 1990 1933 2044 παρα·

333 2046 717 2116 δειγματίσαι,
749 2050 1028 2124 ἠϐουλήθη
1060 2054 1235 2125 λάθρα
1270 2058 1542 2114 ἀπολῦσαι
1570 2062 1761 2134 αὐτήν.
1791 2065 1935 2120 Ταῦ-

337 2155 410 2191 τα
441 2138 501 2191 δὲ
529 2140 696 2195 αὑτοῦ
722 2142 1141 2215 ἐνθυμηθέντος,
1170 2148 1278 2203 ἰδοῦ
1310 2151 1540 2220 ἄγγελος
1572 2154 1779 2226 κυρίου
1813 2160 1934 2212 κατ’

343 2230 481 2302 ὄναρ
505 2232 750 2305 ἀνεφάνη
787 2236 957 2308 αὐτῷ,
993 2232 1194 2307 λέγων·
1222 2241 1424 2315 Ἰωσὴφ
1463 2247 1579 2311 υἱὸς
1610 2248 1796 2312 Δαὸὶδ,
1860 2251 1937 2321 μὴ

351 2321 591 2394 φοϐηθῇς
635 2326 978 2397 παραλαϐεῖν
1023 2331 1260 2404 Μαριὰμ
1294 2336 1395 2406 τὴν
1434 2340 1673 2407 γυναῖκά
1707 2359 1823 2395 σου·
1877 2345 1940 2397 τὸ

352 2412 465 2483 γὰρ
515 2414 571 2468 ἐν
601 2415 740 2486 αὐτῇ
770 2418 1053 2491 γεννηθὲν,
1103 2423 1169 2477 ὲκ
1214 2425 1545 2497 Πνεῦματόςκ
1572 2431 1720 2488 ἐστιν
1754 2434 1936 2501 ἁγίου.

346 2504 581 2599 Τέ-ξεται
623 2507 682 2562 δὲ
724 2509 860 2576 υἱὸν,
916 2512 1013 2566 καὶ
1052 2514 1307 2582 καλέσεις
1341 2519 1398 2572 τὸ
1429 2521 1598 2593 ὄνομα
1628 2524 1793 2580 αὐτοῦ
1838 2529 1943 2599 Ἰη-

344 2596 502 2699 σοῦνο
527 2599 690 2699 αῦτθς
713 2602 822 2673 γὰρ
844 2607 1007 2658 σώσει
1034 2606 1127 2660 τὸν
1147 2607 1274 2662 λαὸν
1293 2611 1458 2667 αὑτοῦ
1490 2615 1600 2669 ἀπὸ
1628 2618 1736 2671 τῶν
1761 2596 1943 2690 ἁμαρ-

342 2690 487 2741 τιῶν
516 2690 716 2745 αὐτῶν.
759 2711 778 2743 ι
817 2695 912 2757 Ὃς
951 2697 1046 2749 καὶ
1091 2699 1341 2771 ἐπιφέρει
1381 2702 1575 2768 λέγων’
1620 2725 1638 2757 ι
1678 2708 1850 2763 Τοῦτο
1886 2712 1942 2765 δὲ

347 2777 477 2831 ὅλον
528 2780 775 2850 γέγονεν,
808 2784 898 2840 ἵνα
934 2786 1197 2861 πληρωθῇ
1251 2793 1313 2847 τὸ
1360 2794 1524 2866 ῥηθὲν
1554 2797 1659 2851 ὑπὸ
1712 2803 1803 2854 τοῦ
1833 2805 1944 2856 Κυ-

354 2870 480 2939 ρίου
528 2870 641 2944 [διὰ
692 2874 785 2928 τοῦ
835 2879 1143 2952 προφήτου]
1170 2882 1441 2952 λέγοντος·
1480 2907 1500 2940 ι
1542 2889 1787 2961 δηλονότι
1846 2896 1936 2950 Ἥ-

353 2965 540 3018 σαῖουο
570 2986 592 3018 ι
619 2966 754 3023 Ἰδοὺ
811 2971 845 3042 ἡ
902 2973 1177 3045 παρθένος
1224 2977 1282 3031 ὲν
1312 2983 1514 3051 γαστρὶ
1544 2984 1680 3053 ἕξει,
1717 2990 1811 3043 καὶ
1852 2992 1944 3045 τέ-

355 3053 513 3117 ξεται
542 3056 680 3125 υἱὸν,
705 3060 801 3112 καὶ
830 3062 1123 3119 καλέσουσι
1153 3067 1214 3119 τὸ
1239 3067 1410 3139 ὄνομα
1441 3073 1604 3127 αὑτοῦ
1632 3075 1836 3148 Ἰησοῦν
1876 3083 1942 3146 ’⁸,

1863 1787 2011 1935 028

2021 674 2287 731 Similiter
2315 690 2437 746 qua}
2468 675 2533 731 ad
2569 674 2839 732 lierodem
2875 688 2927 732 et
2978 674 3237 744 Pilatum,
3281 690 3345 732 ac
3376 676 3618 731 latrones

2024 777 2300 839 Spectant,
2331 785 2394 825 ac
2442 768 2705 841 deinceps
2742 770 2848 825 alia
2895 770 2963 826 ah
3000 768 3359 841 cvangelistis
3390 768 3517 824 aliis
3546 768 3618 822 si-

2025 861 2203 914 lentio
2239 862 2637 931 praetermissa.

2099 950 2240 1019 Quid
2272 969 2403 1010 vero
2450 952 2582 1007 illud
2619 951 2895 1026 signiﬁcat
2936 971 2949 1005 :
2984 972 3000 1005 ι
3029 951 3183 1020 Quod
3244 959 3501 1007 vocatum
3533 960 3619 1005 est

2030 1046 2098 1098 ah
2158 1047 2356 1115 angelo
2409 1045 2742 1116 priusquam
2798 1045 2855 1100 in
2896 1051 3055 1100 utero
3117 1042 3561 1114 conciperetur?
3594 1061 3611 1093 ι

2030 1132 2152 1203 lpse
2203 1134 2423 1189 abunde
2481 1135 2731 1204 exponit,
2798 1135 3052 1206 angelum
3120 1141 3534 1205 reprwsentans
3562 1132 3616 1187 in

2030 1224 2149 1279 haec
2179 1225 2348 1281 verba
2400 1226 2632 1281 Mariam
2690 1227 3062 1298 alloquentem
3096 1244 3109 1281 ε
3146 1245 3163 1277 ι
3191 1225 3383 1280 Paries
3417 1225 3617 1288 tilium,

2030 1327 2086 1371 et
2116 1316 2349 1376 voeahis
2416 1332 2618 1373 nomen
2684 1317 2805 1388 ejus
2849 1315 3061 1373 Jesum.
3102 1316 3201 1370 llic
3231 1318 3335 1371 erit
3362 1331 3618 1386 rnagnus,

2032 1418 2085 1463 et
2121 1408 2299 1465 Filius
2356 1410 2625 1467 Altissimi
2680 1411 3059 1467 vocabitur!»
3082 1409 3197 1464 Hoc
3229 1424 3394 1479 porro
3438 1411 3619 1478 ipsum

2032 1500 2200 1555 etiam
2228 1500 2544 1564 Mattheus,
2588 1501 2681 1556 ubi
2736 1499 3101 1557 dimdentiam
3142 1499 3349 1568 Joseph
3376 1505 3620 1557 enarrat,

2033 1589 2231 1660 angelo
2264 1590 2318 1645 in
2356 1592 2568 1647 somnis
2603 1602 2912 1663 apparente
2970 1588 3361 1646 conﬁrmatum
3398 1587 3621 1647 a5truit.

2034 1683 2287 1740 scribens
2313 1702 2325 1737 :
2351 1704 2369 1735 ι
2398 1683 2536 1740 Cum
2561 1694 2709 1741 esset
2737 1685 3073 1756 desponsata
3102 1682 3425 1752 mater‘ejus
3451 1681 3627 1735 Maria

2034 1772 2301 1845 Josepho,
2370 1785 2670 1847 antequam
2733 1778 3123 1839 convenirent,
3196 1774 3419 1830 iuventa
3449 1773 3622 1829 estin

2038 1876 2195 1923 utero
2272 1867 2485 1926 habens
2516 1869 2583 1925 de
2656 1869 2899 1939 Spiritus
2950 1877 3168 1924 sancto.
3201 1865 3405 1937 Josepb
3439 1873 3627 1919 autem

2035 1960 2119 2013 vir
2151 1960 2274 2029 ejus
2294 1977 2417 2016 cum
2445 1968 2594 2016 esset
2620 1958 2828 2031 justus,
2858 1971 2913 2015 et
2946 1959 3118 2014 nollet
3160 1973 3279 2013 eam
3308 1956 3625 2019 traducere,

2035 2052 2207 2105 voluit
2244 2053 2464 2109 occulte
2492 2053 2779 2110 dimittere
2816 2067 2965 2108 eam.
2991 2049 3117 2105 llzec
3149 2052 3334 2104 autem
3369 2063 3433 2103 eo
3474 2046 3629 2114 003i-

2038 2154 2222 2212 tante,
2278 2161 2408 2203 ecce
2463 2147 2693 2219 angelus
2753 2145 2974 2201 Domini
3016 2143 3277 2215 apparuit
3319 2142 3373 2195 in
3414 2142 3628 2195 somnis

2037 2236 2110 2301 ei,
2145 2236 2338 2293 dicens
2375 2255 2389 2291 :
2422 2234 2626 2307 Joseph
2660 2235 2735 2291 [ili
2768 2234 2959 2299 David,
2997 2234 3109 2289 noli
3143 2233 3343 2288 timere
3372 2230 3630 2300 accipere

2042 2326 2269 2381 Mariam
2302 2329 2594 2400 conjugem
2641 2337 2790 2381 tuam
2833 2326 3019 2395 :quod
3058 2324 3206 2379 enim
3241 2325 3297 2378 in
3340 2338 3405 2377 ea
3439 2329 3631 2375 natum

2041 2426 2148 2481 est,
2187 2418 2254 2473 de
2289 2419 2498 2490 Spiritu
2547 2426 2741 2475 sancto
2770 2428 2874 2471 est.
2938 2415 3124 2470 Pariet
3188 2421 3370 2468 autem
3436 2412 3632 2472 ﬁlium,

2040 2520 2095 2565 et
2124 2511 2351 2566 vocabis
2395 2526 2595 2565 nomen
2643 2511 2767 2580 ejus
2815 2508 3185 2578 .lesum:ipse
3235 2506 3382 2559 enim
3413 2505 3632 2559 salvum

2046 2600 2210 2655 l‘aeiet
2275 2601 2545 2671 pupulum
2606 2614 2820 2655 suuma
2858 2597 3106 2670 peccatis
3157 2611 3351 2652 eorum
3391 2596 3430 2647 ι.
3474 2613 3493 2646 ι
3531 2594 3634 2659 Qui

2045 2703 2099 2747 et
2139 2692 2327 2749 subdit
2362 2693 2555 2747 dicens
2592 2711 2605 2746 :
2651 2710 2669 2743 ι
2699 2691 2813 2747 Hoc
2853 2700 3037 2746 autem
3074 2696 3253 2745 totum
3291 2688 3500 2743 factum
3527 2692 3635 2745 est,

2049 2793 2108 2839 ut
2155 2786 2555 2856 adimpleretur
2598 2785 2750 2856 quod
2805 2785 3016 2840 dictum
3080 2791 3165 2839 est
3194 2798 3223 2837 a
3264 2781 3500 2835 Domino
3541 2795 3639 2849 per

2049 2879 2371 2947 prophetam
2425 2878 2725 2944 dicentem,
2776 2894 2975 2948 nempe
3030 2891 3128 2948 per
3182 2876 3435 2929 Isaiam:
3496 2872 3640 2925 Ecce

2048 2971 2205 3041 virgo
2238 2972 2294 3025 in
2328 2980 2491 3026 utero
2564 2971 2810 3034 habebit,
2868 2980 2921 3025 et
2950 2970 3228 3024 vocabunt
3282 2983 3482 3023 nomen
3515 2969 3641 3036 ejus

2047 3064 2371 3119 Emmanuel
2405 3083 2417 3118 :
2452 3063 2597 3134 quod
2625 3064 3034 3133 interpreteris,
3061 3062 3359 3116 Nobiscum
3386 3061 3531 3115 Deus
3550 3068 3600 3112 υ.
3618 3079 3635 3109 ι

354 3146 388 3199 ὃ
412 3147 541 3245 ἐστιΔ
561 3150 1124 3245 μεθερμηνευόμενον,
1157 3160 1293 3214 Μεθ’
1322 3164 1481 3234 ἡμῶν
1508 3169 1534 3220 ό
1559 3146 1710 3235 Θεόςὴ.
1753 3192 1771 3224 ι
1812 3174 1942 3229 Βλέ-

2053 3153 2219 3210 Vides
2249 3195 2263 3220 ,
2304 3164 2363 3210 ut
2393 3154 2748 3226 evangelista
2779 3154 3166 3225 prophetazque
3226 3152 3497 3207 sententia
3554 3167 3643 3219 pa-

358 3255 491 3337 πεις
529 3242 850 3315 ἰσαρίθμους
876 3248 1267 3318 εὐαγγελιστοῦ
1296 3257 1390 3309 καὶ
1410 3261 1691 3331 προφήτου
1730 3266 1947 3337 ρήσεις;

349 3335 957 3406 μεθερμηνευόμενον
997 3341 1126 3413 γὰρ,
1160 3344 1221 3398 τὸ
1257 3349 1398 3402 Μεθ’
1440 3351 1608 3419 ἡμῶν
1648 3357 1682 3408 ὁ
1729 3335 1891 3425 Θεὸς,
1923 3361 1952 3415 ὅ

359 3425 484 3523 ἐστι
530 3428 962 3523 σωτηρῑαῗλαοῦ·
998 3435 1079 3501 τὸ,
1115 3438 1254 3506 μετὰ
1283 3438 1487 3496 δούλων
1527 3445 1810 3520 Δεσπότην
1851 3453 1952 3523 ἐμ-

359 3516 717 3590 φιλοχωρεῖν.
778 3522 1145 3596 Συνεπᾴδεται
1192 3532 1269 3611 ’τῇ
1317 3531 1587 3608 ἀγγελικῇ
1636 3538 1698 3592 τὸ
1744 3516 1953 3612 ’ῖησοῦς

361 3611 543 3704 φωνῇ,
585 3611 808 3704 ΔἸησοῦς
857 3615 965 3687 γὰρ
1023 3619 1408 3690 ἑρμηνεύεται,
1460 3626 1538 3690 ὡς
1594 3611 1953 3704 σωτηριωδῶς

362 3699 550 3755 πάντα
578 3702 646 3756 δι’
673 3705 991 3776 οἰκονομίαν
1022 3712 1326 3781 συμπαθῶς
1355 3699 1758 3791 ἐργασάμενος..
1781 3699 1954 3783 Τοῦτϐ

365 3810 472 3895 μοι
488 3795 517 3847 ὁ
549 3795 741 3895 καιρὸς
777 3797 981 3865 δίδωσι,
1014 3805 1106 3859 καὶ
1136 3805 1168 3876 ἡ
1210 3808 1310 3878 τῆς
1344 3810 1559 3883 ἡμέρας
1592 3814 1821 3889 δύναμις
1866 3824 1955 3895 ἐρ-

360 3883 619 3977 γάζεται,
663 3890 825 3960 χάριν
871 3909 964 3962 μοι
1028 3900 1545 3966 προσανατέλλουσα
1594 3883 1810 3977 χάριτι,
1860 3883 1953 3965 καὶ

362 3973 565 4041 γνώσει
591 3980 960 4050 συνάπτουσα,
996 3985 1089 4038 καὶ
1111 3986 1415 4061 λαμρότητι
1443 3973 1957 4070 ωναναστρὰπτου-

365 4084 461 4136 σα,
516 4073 876 4165 χαριστήριον
927 4076 1214 4149 ἐλλαμψιν.
1273 4085 1382 4137 Καὶ
1422 4087 1522 4140 ’ὅτι
1583 4089 1682 4156 μὲν
1735 4094 1951 4165 ἐτέχθη,

364 4163 737 4257 προεόρτασαο
768 4169 863 4222 καὶ
906 4170 968 4224 τὸ
1012 4174 1203 4241 τεχθὲν
1258 4176 1587 4250 ἀποῤῥήτως
1628 4163 1951 4257 ἐπίσταμαι·

367 4254 467 4309 καὶ
493 4254 591 4328 τὴν
623 4258 888 4315 τεκοῦσαν
919 4262 1179 4336 ἅσπόρως
1207 4267 1480 4336 γινώσκω.

2066 3248 2219 3302 ribus
2271 3248 2420 3302 velut
2474 3247 2723 3302 numeris
2770 3247 3033 3301 decurrat
3065 3246 3089 3296 ?
3120 3244 3255 3299 lllud
3316 3245 3461 3299 enim
3504 3244 3643 3313 quod

2061 3335 2357 3391 Nobiscum
2388 3336 2532 3391 Deus
2562 3337 3092 3408 interpreteris,qua:
3115 3343 3201 3391 est
3232 3336 3420 3405 poliuli
3446 3338 3603 3389 salus
3626 3376 3641 3393 .

2060 3428 2274 3483 Domini
2333 3437 2418 3485 est
2442 3444 2569 3484 cum
2615 3430 2794 3485 servis
2856 3429 3037 3484 amica
3088 3429 3447 3483 inhabitatio.
3508 3426 3641 3481 Voci

2061 3522 2323 3593 angelica:
2377 3529 2650 3578 consonat
2710 3536 2910 3576 nomen
2975 3520 3108 3575 illud
3164 3518 3352 3576 Jesus.
3433 3518 3647 3589 Quippe

2060 3618 2248 3674 Jesum
2284 3614 2807 3688 interpreteris,‘qui
2830 3612 3176 3669 misericordi
3227 3611 3648 3682 dispensatione

2062 3711 2128 3765 ad
2162 3710 2400 3765 salutem
2464 3710 2650 3763 omnia
2679 3714 2962 3777 oneretur.
3016 3705 3141 3761 Ha’c
3182 3704 3315 3757 mihi
3348 3703 3647 3773 opportuni

2063 3804 2328 3873 temporis
2398 3802 2619 3873 largitio
2671 3808 2799 3864 est,
2868 3806 2923 3853 et
2987 3797 3133 3870 quod
3196 3797 3309 3850 diei
3380 3805 3645 3865 operatur

2061 3895 2262 3954 virtus.
2323 3894 2518 3965 gratiae
2584 3892 2968 3947 accessionem
3011 3891 3119 3943 late
3151 3888 3217 3941 ad
3252 3888 3484 3956 gratiam
3516 3888 3648 3939 amu

2063 4003 2212 4052 rens,
2248 4000 2312 4040 ae
2336 3983 2627 4040 scientiam
2646 3982 2893 4038 scientia:
2915 3991 3270 4041 ronueetens,
3292 3977 3649 4046 iunctamque

2063 4075 2345 4146 splendori
2398 4075 2702 4129 claritatem
2754 4075 2819 4127 ad
2870 4073 3007 4144 grati
3041 4072 3208 4127 animi
3249 4069 3647 4125 exliihitionem

2063 4171 2292 4223 illucere
2349 4168 2579 4221 faciens.
2617 4168 2693 4220 Ac
2745 4163 3305 4233 natumquidemjam
3331 4161 3648 4216 celebravi:

2063 4260 2328 4332 quodque
2363 4274 2570 4315 arcano
2632 4258 2803 4312 modo
2857 4267 3017 4327 partu
3061 4256 3271 4312 editum
3314 4254 3438 4319 fuit,
3483 4254 3647 4315 novi;

2065 4368 2166 4408 nec
2238 4367 2359 4407 eam
2427 4366 2552 4420 qua:
2601 4349 2755 4403 nullo
2790 4355 3054 4418 suscepto
3107 4347 3341 4412 semine,
3376 4361 3440 4401 ac
3493 4346 3650 4414 virgo

2064 4443 2295 4515 peperit,
2331 4443 2543 4510 ignoro.

442 4521 607 4578 Ἀλλὰ
639 4524 717 4595 τῷ
743 4526 1009 4597 τεχθέντι,
1045 4528 1171 4601 ἐμοὶ
1200 4531 1519 4601 προσιτέον,
1549 4534 1825 4605 Φοϐοῦμαι
1864 4538 1942 4592 κατ

2138 4533 2452 4597 Enimvero,
2518 4532 2585 4589 ad
2647 4546 2770 4585 eum
2821 4529 3079 4584 accedam
3145 4529 3242 4599 qui
3307 4536 3394 4584 est
3449 4531 3652 4584 natus?

364 4615 554 4670 δειλιῶ
584 4617 661 4687 τῷ
688 4619 1129 4691 ἀνεξερευνήτως
1164 4624 1492 4694 προαχθέντι
1533 4628 1961 4700 εὐπροσηγὸρως

370 4709 773 4781 προσαχθῆναι.
811 4713 934 4766 Ἔτι
967 4714 1083 4784 εἰμὶ
1126 4717 1185 4767 ἐν
1230 4715 1455 4788 ἀπορίᾳ,
1489 4718 1583 4770 καὶ
1611 4720 1639 4771 ὁ
1676 4719 1961 4792 πλανήτης

366 4803 465 4856 τὸν
493 4802 762 4875 δεσπότην
794 4805 871 4869 ὡς
895 4805 1128 4876 φοϐερὸν
1157 4806 1267 4860 ἀπὸ
1303 4809 1482 4879 φυγῆς
1510 4809 1673 4881 ἔχων,
1707 4813 1958 4885 ἀποκρύ-

370 4895 561 4964 ϐομαι.
594 4897 702 4951 Καὶ
725 4897 888 4951 πόθεν
917 4897 1009 4950 τοῦ
1036 4901 1281 4952 τοιούτου
1318 4900 1485 4969 φόϐου
1518 4902 1863 4975 λυθήσομαι;
1897 4908 1960 4961 Ἠ

371 4990 473 5057 τῆς
501 4987 716 5057 ἡμέρας
760 4986 996 5059 δηλώσει
1045 4988 1316 5059 ἐνέργεια,
1353 4990 1446 5043 τὸν
1475 4992 1597 5043 κατ’
1628 4991 1727 5062 ἐμὲ
1768 4991 1959 5062 κλήσει

376 5080 855 5152 προσκαλούμενον
902 5082 1299 5153 διαγράφουσα.
1349 5081 1461 5136 Καὶ
1514 5084 1599 5147 τίς
1643 5086 1675 5155 ἡ
1730 5084 1958 5155 κλῆσιςς

374 5175 609 5246 Ἰησοῦς·
656 5176 685 5230 ὃ
737 5176 1106 5248 ἑρμηνεύεται
1141 5179 1429 5247 σωητρία,
1459 5178 1601 5232 καθὰ
1657 5180 1718 5233 τὸ
1742 5181 1961 5251 Ἐμμα-

373 5268 560 5340 νουὴλ,
589 5270 730 5325 Μεθ’
763 5269 935 5339 ἡμῶν
963 5273 996 5324 ό
1027 5272 1192 5337 Θεός.
1226 5271 1295 5323 ’Ὀ
1322 5272 1438 5325 ἐστι
1492 5271 1629 5324 Θεοῦ
1682 5272 1818 5343 πρὸς
1865 5275 1961 5327 ἀν-

374 5360 633 5431 θρώπους
666 5361 984 5433 καταλλαγὴ
1029 5361 1125 5415 καὶ
1174 5362 1466 5428 οἰκείωσις,
1532 5363 1714 5431 καθὼς
1751 5364 1962 5435 Ἰησοῦς

374 5454 569 5524 Σωτὴρ
602 5454 889 5526 κέκληται.
913 5455 1083 5508 Τοῦτο
1122 5445 1216 5509 καὶ
1261 5456 1518 5525 ποιμένες
1566 5458 1960 5529 εὐηγγελίσθη-

375 5562 478 5599 σαν
507 5547 795 5618 πρότερον.
840 5548 951 5601 Καὶ
981 5547 1081 5600 οὐκ
1111 5548 1177 5601 ἂν
1213 5547 1291 5616 τῷ
1332 5548 1956 5620 βρέφειπροσέψαυσαν,

374 5639 525 5710 εἰμὴ
554 5642 622 5710 τῇ
674 5639 865 5710 κλήσει
920 5640 1463 5711 προδυσωπηθέντες,
1497 5642 1575 5714 τῷ
1619 5642 1792 5713 ὁμοίῳ
1823 5643 1960 5714 θαρ-

451 5823 467 5858 τ
500 5816 634 5873 Luc.
679 5833 759 5887 Ill,
792 5818 882 5875 38.
962 5826 979 5847 “
1019 5818 1152 5875 Luc.
1204 5836 1238 5887 ι,
1275 5820 1364 5886 3i,
1401 5820 1487 5874 3:2.

2066 4622 2259 4677 Timeo
2300 4636 2582 4691 paveoque
2635 4620 2783 4673 velut
2847 4618 3129 4673 amicioris
3158 4618 3418 4687 colloquii
3467 4619 3651 4686 specie

2064 4730 2188 4771 cum
2246 4712 2421 4777 adire,
2459 4712 2551 4782 qui
2606 4710 3076 4781 impcrscrutahili
3130 4710 3294 4764 modo
3342 4711 3395 4763 in
3472 4710 3650 4764 lucem

2064 4808 2248 4863 editus
2282 4813 2390 4860 est.
2459 4803 2657 4857 Adhuc
2704 4801 2926 4857 consilii
2964 4817 3176 4871 anceps
3210 4801 3414 4863 luereo,
3450 4815 3514 4855 ac
3547 4816 3648 4883 ceu

2065 4918 2191 4956 erro
2225 4902 2314 4957 cui
2343 4916 2370 4954 a
2399 4901 2523 4969 fuga
2588 4896 2850 4952 dominus
2910 4904 3179 4951 terrorem
3213 4896 3473 4959 incutiat,
3526 4894 3652 4947 abs-

2067 4995 2299 5051 eondor.
2365 4992 2484 5059 Qua
2555 5005 2687 5045 vero
2746 4990 2961 5043 ratione
2995 4988 3196 5041 timore
3243 4985 3520 5055 ejusmodi
3552 4986 3651 5038 ah-

2069 5086 2295 5143 solvar?
2333 5085 2446 5140 Diei
2491 5083 2772 5139 hodierna!
2826 5081 3132 5136 declarabit
3167 5081 3367 5145 virtus,
3398 5093 3522 5133 eum
3555 5077 3648 5146 qui

2067 5179 2310 5235 hominis
2356 5164 2587 5232 meeum
2675 5176 2855 5230 induit
2925 5183 3205 5237 naturam,
3259 5188 3359 5242 pro
3410 5170 3649 5225 hominis

2068 5287 2286 5325 mer-nm
2352 5272 2569 5324 ratione
2604 5270 2844 5323 nominis
2874 5267 3243 5337 appellatione
3295 5273 3522 5317 anetum
3556 5263 3646 5315 tle-

2071 5364 2349 5419 scrihcns.
2407 5360 2642 5428 Quinam
2702 5375 2832 5414 vero
2901 5357 3177 5412 vocatur?
3223 5354 3386 5410 Jesus
3444 5371 3457 5406 :
3506 5354 3649 5419 quod

2070 5457 2305 5511 Salutem
2364 5454 2769 5521 interpreteris,
2810 5451 3275 5523 quemadmodum
3330 5448 3462 5502 illud
3527 5445 3651 5498 litis-

2070 5550 2315 5610 manuel,
2346 5547 2635 5600 Nobiscum
2669 5545 2831 5599 Deus.
2879 5544 3002 5598 Haec
3034 5542 3131 5597 Dei
3170 5558 3294 5595 cum
3333 5540 3651 5593 Ιιοηιὶιιίιιιιε

2071 5640 2453 5697 reconciliatio
2500 5649 2582 5694 est
2612 5647 2664 5693 ct
2697 5639 2831 5691 inita
2885 5637 3142 5704 societas,
3184 5634 3262 5687 uti
3311 5631 3474 5688 Jesus
3533 5632 3649 5688 Sal-

1613 5822 1623 5851 '
1666 5818 1853 5872 Matth.
1891 5835 1904 5872 ι
1992 5819 2179 5871 lS-‘ll.
2255 5825 2283 5854 “
2329 5817 2456 5871 iilili.
2486 5816 2686 5879 233,35.
