3966 6440
252 441 369 507 925

966 441 1047 502 IN
1082 441 1752 506 CIRCUMCISIONEM
1792 440 2073 503 DOMINI
2112 439 2206 500 ET
2237 440 2322 501 IN
2364 441 2424 500 S.
2462 438 2861 501 BASILIUM.

3431 429 3538 499 928

252 553 372 607 Και
414 550 470 606 τί
512 549 579 606 ἃν
619 550 801 616 πάσας
844 552 1271 627 άπαριθμοίμην
1306 554 1411 620 τὰς
1453 555 1831 627 προσηγορίας

1958 528 2274 623 appellabo,
2332 553 2618 623 totiusque
2653 550 2992 622 Egyptiacte
3020 563 3087 605 ac
3134 547 3388 604 adversae
3422 545 3543 602 vir-

254 638 390 706 ὅσας
418 642 453 712 ἡ
484 640 653 712 ἀρετή
684 656 769 694 σοι
798 642 1103 714 πεποίηκε,
1135 643 1274 716 άλλη
1305 660 1392 707 τις
1420 644 1590 714 ἄλλην
1615 642 1854 699 οἰκειοῦ-

247 732 360 787 σάν
387 747 448 787 τε
481 733 577 788 καὶ
607 731 1028 804 προσάγουσανς
1062 735 1213 808 Πλὴν
1243 735 1383 808 ἡγοῦ
1402 778 1418 805 ,
1456 755 1476 789 ι
1515 736 1849 800 κατευοδοῦί,

247 827 353 880 καὶ
395 826 672 898 βασίλευε,
715 845 735 879 ι
773 828 871 883 καὶ
914 830 1175 901 ποίμαινε
1217 832 1365 903 ἡμᾶς
1388 847 1403 863 ο
1443 822 1506 884 οὖ
1549 831 1656 895 πᾶς
1698 832 1852 903 ἥκων

249 916 364 972 ὑπὸ
394 917 497 983 τὰς
533 917 815 989 πτέρυγας
848 919 1217 988 ἀναπαύεται,
1249 919 1345 977 καὶ
1376 915 1440 977 οὗ
1471 920 1719 993 διψῶμεν
1749 922 1851 992 τῆς

244 1009 464 1081 φωνῆς,
504 1006 708 1081 μᾶλλον
741 1010 775 1083 ἢ
816 1012 1004 1084 πηγῆς
1041 1012 1144 1085 τῆς
1183 1014 1584 1087 καθαρωτάτης
1619 1015 1669 1068 οι
1708 1013 1850 1084 δίψει

242 1104 576 1176 κάμνοντες,
605 1098 652 1159 ὦ
689 1102 812 1159 θεία
855 1106 951 1161 καὶ
998 1106 1121 1181 ίερὰ
1163 1106 1377 1177 κεφαλή
1409 1108 1423 1161 l
1467 1106 1573 1160 Τὸν
1602 1106 1695 1160 ἐπὶ
1738 1106 1848 1159 τῶν

239 1197 453 1271 χειρῶν
481 1198 692 1271 Κυρίου
725 1198 1218 1273 ὲξωγραφημένσν,
1250 1200 1343 1254 τὸν
1373 1199 1586 1269 ἄζυγα,
1619 1199 1712 1254 τὸν
1742 1199 1847 1253 ἀκ-

236 1290 313 1362 τή
323 1306 486 1361 μονα,
514 1290 606 1345 τὸν
632 1290 899 1363 ἄσαρκον,
927 1290 1130 1365 μικροῦ
1160 1291 1264 1357 δεῖ,
1291 1292 1386 1345 καὶ
1415 1291 1686 1362 άναίμονα
1709 1307 1723 1323 ο
1753 1289 1845 1343 τὸν

234 1382 304 1436 ἓν
330 1380 516 1452 λόγοις
549 1384 693 1455 μετὰ
724 1383 817 1438 τὸν
843 1383 1008 1454 λόγον
1032 1398 1049 1417 ⁶
1078 1384 1173 1438 τὸν
1203 1384 1262 1439 ἐν
1289 1383 1606 1453 φιλοσόφοις
1639 1381 1806 1452 σοφὸν
1825 1420 1841 1445 ,

231 1474 338 1529 τὸν
370 1474 430 1529 ὲν
459 1477 753 1547 κωμικοῖς
782 1475 1180 1549 ὑπερκόσμιον.
1206 1475 1488 1530 Σιωπᾶται
1517 1471 1586 1526 τὰ
1613 1471 1841 1535 παλαιὰ,

108 1560 129 1579 ’
230 1567 347 1621 ὅσα
390 1566 537 1629 τινες
575 1568 692 1631 τοῖς
737 1566 905 1632 θείοις
933 1565 1133 1636 Λόγοις
1177 1567 1485 1638 ἐνίδρυσαν.
1530 1565 1733 1620 Βοᾶται
1776 1563 1845 1618 τὰ

230 1658 343 1713 νέα
361 1672 376 1686 '
407 1659 504 1712 καὶ
530 1651 687 1725 οὗτος
713 1657 934 1731 ἄριστος
960 1660 1094 1732 ἡμῖν
1117 1659 1177 1712 ὲν
1200 1658 1402 1729 λόγοις,
1429 1656 1488 1722 ὃς
1515 1658 1581 1712 ἂν
1603 1656 1671 1711 τὰ
1697 1656 1842 1710 ὲκεί-

1956 647 2096 701 tutis
2126 662 2141 699 :
2171 645 2490 700 columnam
2528 646 2683 712 item,
2716 652 2773 701 et
2812 646 3221 698 ﬁrmamentum
3250 640 3543 704 Ecclesiz,

1953 748 2119 809 atque
2148 738 2493 793 voluntatem
2536 734 2782 801 Domini,
2818 736 3207 805 luminareque
3244 734 3299 788 in
3331 733 3545 788 mundo

1951 830 2104 902 quod
2138 831 2443 886 .contineat
2494 836 2663 899 atque
2704 826 2965 900 praeferat
3010 827 3242 883 verbum
3280 825 3431 889 vitae,
3473 836 3542 879 ac

1950 922 2076 978 ﬁdei
2134 920 2402 985 fulcrum,
2466 926 2523 976 et
2583 919 2882 991 hospitium
2936 918 3204 990 Spiritus.
3261 914 3538 983 Quorsum

1949 1029 2082 1070 vero
2132 1028 2325 1069 omnes
2378 1013 2569 1069 titulos
2618 1026 2940 1067 recenseam
2988 1025 3131 1081 quos
3177 1007 3278 1064 tibi
3336 1007 3536 1071 virtus,

1949 1105 2059 1161 alio
2086 1104 2253 1160 alium
2286 1102 2627 1159 conciliante
2660 1117 2725 1157 ac
2770 1100 3090 1162 inducente,
3134 1096 3377 1168 adjecit?
3420 1095 3540 1151 Cte-

1947 1206 2126 1253 terum
2184 1198 2341 1268 prmi,
2400 1216 2419 1248 ι
2458 1210 2726 1267 prospere
2774 1192 3030 1265 procede,
3063 1200 3119 1247 et
3165 1205 3378 1258 regna:
3418 1207 3437 1240 ι
3479 1197 3538 1241 ιιι

1947 1304 2048 1344 nos
2087 1304 2277 1360 pasce,
2324 1290 2428 1345 sub
2456 1289 2620 1359 cujus
2661 1288 2769 1341 alis
2822 1285 3125 1356 requiescit
3151 1281 3406 1354 quisquis
3444 1294 3551 1346 ac-,

1945 1381 2127 1449 cedit;
2179 1390 2235 1438 et
2284 1381 2448 1451 cujus
2496 1380 2604 1451 ipsi
2660 1395 2873 1442 vocem,
2909 1378 3002 1450 qui
3045 1370 3158 1433 siti'
3190 1377 3532 1438 laboramus,

1942 1486 2114 1542 supra
2149 1470 2323 1525 fontis
2373 1471 2803 1542 limpidissimas
2828 1485 3004 1540 aquas
3036 1469 3279 1525 sitimus.
3311 1467 3356 1520 ί)
3387 1466 3536 1521 divi-

1945 1579 2077 1619 num
2111 1572 2450 1636 sacrumque
2489 1564 2689 1634 caput!
2739 1561 2930 1617 Dicam
2963 1561 3241 1632 depictum
3275 1560 3330 1613 in
3363 1559 3538 1612 maui-

1941 1654 2047 1710 bus
2079 1653 2326 1721 Domini,
2386 1655 2661 1720 caelibem,
2715 1657 2979 1726 inopem;
3040 1669 3234 1725 parum
3275 1652 3432 1705 abest
3477 1656 3537 1703 ut

228 1764 336 1803 νου
390 1747 633 1819 μάλιστα
672 1749 935 1821 τυγχάνει
977 1748 1288 1819 γινώσκων,
1326 1752 1420 1805 καὶ
1457 1749 1546 1805 διὰ
1589 1748 1833 1819 γλώσσης

1940 1762 2014 1802 ne
2043 1748 2232 1803 carnis
2288 1758 2573 1817 expertem
2640 1747 2759 1819 (95)
2788 1754 2842 1803 et
2895 1745 3209 1816 sanguinis.
3241 1742 3346 1810 Qui
3392 1741 3532 1798 scri-

229 1838 451 1908 φιρων,
474 1840 568 1895 καὶ
593 1841 890 1906 συνετίζων
909 1839 1011 1906 τὰς
1034 1842 1229 1906 ἀκοάς.
1247 1843 1454 1913 Ἤρεσε
1476 1842 1586 1914 γὰρ
1612 1835 1692 1907 εἷς
1718 1840 1833 1895 ἀντὶ

1942 1841 2053 1912 ptis
2108 1841 2446 1912 eloquioque
2496 1841 2790 1912 proximus
2819 1841 2890 1895 ab
2934 1840 3226 1911 Scriptura
3256 1845 3310 1894 et
3340 1837 3535 1893 divino

229 1932 463 1984 πάντων
485 1936 599 1996 τοῖς
631 1933 1075 2006 σπουδαιοτέροις
1110 1936 1192 1999 είς
1219 1935 1526 2000 παίδευσιν,
1551 1927 1597 2004 ᾧ
1624 1934 1693 1989 τὰ
1716 1933 1833 1988 δευ-

1939 1934 2162 2005 eloquio
2221 1935 2341 2002 sis;
2403 1935 2714 2005 sapientem
2768 1934 2916 1989 inter
2947 1948 3045 1989 eos
3092 1932 3183 2003 qui
3218 1930 3532 2002 philosophi

226 2024 427 2094 τερεῖα
460 2024 599 2095 μετὰ
627 2026 755 2089 τοὺς
784 2026 1124 2091 ἀποστόλους
1149 2030 1178 2082 ὁ
1204 2028 1399 2101 χρόνος
1425 2028 1612 2083 δίδωσι
1645 2026 1830 2099 μόνον.

1942 2027 2191 2083 studium
2260 2028 2555 2100 sapientiae
2623 2027 2984 2099 proﬁtentur,
3045 2026 3332 2082 cwlestem
3384 2024 3533 2078 inter

229 2120 540 2177 mundana.
599 2120 923 2179 Traduntur
952 2124 1181 2180 silentio
1226 2130 1438 2192 vetera,
1508 2124 1557 2181 si
1629 2138 1738 2195 qua
1803 2123 2158 2180 illustrandis
2204 2124 2516 2195 Scripturis
2572 2124 2644 2180 ab
2697 2125 2823 2181 aliis
2874 2124 3080 2194 scripta
3132 2131 3300 2187 sunt;
3384 2133 3531 2173 nova

231 2212 525 2285 praeconio
572 2215 952 2285 celebrantur,
1004 2218 1164 2289 isque
1191 2218 1357 2275 nobis
1407 2220 1655 2290 optimus
1715 2218 1937 2275 videtur
1996 2226 2054 2275 et
2121 2220 2362 2291 scriptor
2392 2234 2450 2277 et
2532 2228 2745 2289 orator,
2826 2219 2874 2276 si
2918 2220 3047 2288 quis
3092 2217 3333 2272 maxime
3407 2229 3532 2284 qua:

162 2369 168 2375 _
246 2309 512 2379 suntejus
540 2311 717 2377 novit,
746 2319 802 2367 et
830 2312 1020 2385 lingua
1057 2313 1304 2385 praefert,
1329 2313 1675 2386 instillatque
1742 2312 2069 2372 erudiendis
2136 2316 2390 2372 auribus.
2441 2313 2602 2371 Unus
2652 2315 2801 2371 enim
2869 2314 2994 2369 vice
3038 2312 3308 2375 omnium,
3376 2308 3531 2362 velut

236 2398 558 2547 ὶηιάὶιᾎηόίε
594 2402 793 2472 forma,
833 2406 981 2463 seria
1013 2407 1186 2478 magis
1211 2406 1561 2466 sectantibus
1588 2408 1819 2480 placuit;
1861 2409 1952 2463 cui
2024 2407 2123 2464 uni
2178 2419 2303 2480 post
2353 2409 2658 2480 apostolos,
2730 2405 3007 2464 secundas
3058 2412 3246 2475 partes
3307 2408 3523 2469 tempus

237 2506 379 2547 conc
453 2493 516 2547 it.
1842 2512 1843 2515 η

237 2493 516 2549 concedit.
1842 2512 1843 2515 η

317 2582 489 2638 Ἀλλὰ
532 2585 711 2639 πάντα
756 2584 845 2641 διὰ
896 2586 1074 2659 μέσου,
1114 2590 1459 2657 καταλιπὼν,
1502 2591 1599 2646 τοῦ
1644 2591 1833 2655 τέλους

2010 2587 2209 2643 Verum
2272 2588 2619 2644 intermediis
2694 2586 2955 2641 omnibus
3022 2581 3279 2645 omissis,
3351 2578 3530 2635 solius

229 2677 380 2733 κατὰ
409 2678 653 2733 Μωΰσέα
682 2679 780 2733 καὶ
798 2678 1085 2735 Βασιλείου
1120 2684 1612 2756 ἐπιμνησθήσομαι
1648 2685 1832 2755 μόνον.

1936 2677 2125 2735 Basilii
2197 2677 2322 2734 ﬁnis
2356 2679 2683 2742 meminero,
2737 2691 2901 2746 quam
2970 2672 3146 2744 Moysi
3185 2670 3384 2726 similis
3435 2669 3531 2722 lia-

230 2768 461 2838 ’Ἂφῆκε
504 2769 603 2840 μὲν
631 2769 724 2825 τὸν
756 2770 873 2841 βίον
906 2772 1204 2846 ἑκάτεροςο
1249 2775 1595 2846 μνημόσυνον
1632 2776 1690 2830 δὲ
1730 2775 1833 2846 τῆς

1936 2772 2057 2828 buit
2082 2769 2219 2840 (96).
2248 2770 2517 2840 Equidem
2559 2770 2723 2824 ambo
2769 2768 3114 2837 reliquerunt
3144 2764 3351 2818 vitam:
3396 2775 3531 2814 neu-

235 2858 383 2923 ιδίας
410 2862 537 2932 περὶ
561 2861 662 2934 τὴν
691 2862 873 2934 σάρκα
904 2864 1169 2936 σχέσεως.
1194 2866 1257 2920 οὗ
1278 2866 1512 2939 θάτερος
1541 2868 1724 2922 αὐτῶν
1750 2869 1829 2940 τῷ

1938 2870 2022 2918 ter
2075 2867 2282 2922 tamen.
2317 2877 2432 2917 sua:
2466 2860 2535 2915 ad
2582 2876 2814 2915 carnem
2842 2859 3159 2913 aﬂ'ectionis
3198 2869 3531 2910 monumen-

230 2950 340 3023 βίῳ
366 2951 645 3013 κατέλιπε,
670 2953 809 3009 οὔτε
834 2955 945 3028 γὰρ
971 2957 1253 3022 Μωῦσέως
1280 2958 1450 3029 τάφος
1477 2959 1828 3033 εὑρίσκεται,

1937 2957 2051 3005 tum
2079 2951 2205 3005 vitae
2259 2949 2501 3020 reliquit.
2557 2948 2694 3003 Nam
2750 2963 2931 3018 neque
2979 2946 3183 3018 Moysis
3211 2945 3525 3014 sepulcrum

226 3038 361 3094 οὔτε
409 3036 565 3107 οὗτος
619 3045 913 3117 περιουσίᾳ
958 3045 1070 3100 τινὶ
1119 3047 1276 3120 ὑλικῇ
1327 3048 1643 3121 ὖπεχὼσθη.
1686 3048 1829 3104 ’Δλλ’

222 3131 370 3203 ὁμοῦ
402 3134 650 3206 παρῆλθε
671 3136 763 3190 τὸν
787 3135 922 3206 βίον,
949 3153 1012 3191 συ
1020 3139 1344 3210 μπαρῆλθεν
1363 3139 1512 3211 αὑτῷ
1533 3141 1604 3194 τὰ
1626 3141 1826 3207 πάντα,

224 3224 301 3278 δι’
321 3218 400 3279 ὧν
420 3228 449 3279 ό
474 3225 589 3297 βίος
613 3226 723 3280 τῶν
746 3226 1055 3299 ἀνθρώπων
1075 3228 1191 3301 ἔχει
1216 3231 1318 3302 τὴν
1343 3231 1554 3287 στάσιν.
1573 3231 1661 3296 Ὠς
1692 3231 1830 3303 μηδὲ

228 3317 436 3389 εὑρέθη
458 3318 554 3373 τοῦ
576 3318 773 3389 ἀνδρὸς
794 3319 984 3375 ὑλικὸν
1002 3318 1351 3394 μνημόσυνον
1368 3324 1431 3377 ὲκ
1451 3324 1551 3395 τῆς
1572 3324 1678 3378 τῶν
1694 3325 1831 3379 ἀπο-

1933 3046 2234 3109 invenitur,
2275 3059 2455 3114 neque
2488 3044 2577 3098 hic
2618 3042 2931 3099 substantia
2965 3040 3076 3096 ulla
3107 3048 3331 3093 terrena
3358 3036 3529 3090 obru-

1934 3147 2027 3196 tus
2063 3146 2170 3194 est.
2218 3137 2436 3209 Quippe
2493 3137 2608 3192 vita
2646 3134 2952 3191 excedente
3004 3147 3115 3189 una
3163 3136 3527 3187 excesserunt
3616 3198 3622 3202 ε

1936 3232 2392 3302 transieruutque
2437 3229 2625 3285 omnia
2670 3218 2874 3298 quibus
2925 3225 3166 3280 humana
3196 3223 3307 3277 vita
3338 3220 3530 3275 consi-

1939 3326 2058 3382 stit.
2117 3324 2301 3393 Quare
2350 3322 2580 3378 minime
2618 3321 2902 3376 inventum
2960 3327 3045 3374 est
3095 3325 3380 3372 terrenum
3423 3313 3525 3368 viri

225 3411 569 3480 λειφθέντων
592 3413 944 3483 περιουσίας,
970 3415 1355 3485 καταχωννὺον
1378 3416 1546 3469 αὐτοῦ
1570 3417 1672 3487 τὴν
1695 3414 1833 3487 πρὸς

1936 3419 2005 3475 de
2042 3417 2352 3475 substantia
2399 3416 2593 3472 relicta
2640 3420 3084 3475 monumentum,
3122 3396 3270 3481 quod
3303 3408 3426 3476 ejus
3456 3405 3525 3459 ad

221 3501 291 3556 τὸ
318 3503 571 3572 κρεῖττον
598 3500 889 3573 ὑπόληψιν.
918 3503 1111 3575 ὥσπερ
1138 3505 1232 3559 ἐπὶ
1255 3506 1353 3559 τοῦ
1383 3505 1663 3571 Μωῦσέως
1686 3508 1719 3577 ἠ
1752 3507 1832 3560 ίσ-

218 3592 391 3666 τορία
432 3596 711 3666 μαρτυρεῖ
739 3594 996 3663 λέγουσα.
1034 3595 1117 3650 ὅτι
1147 3615 1165 3647 ι
1192 3597 1306 3669 Οὐχ
1328 3597 1528 3671 εὑρέθη
1550 3598 1715 3652 αὐτοῦ
1735 3599 1832 3652 τά-

218 3698 368 3755 φος,
412 3684 518 3747 ἕως
559 3684 663 3756 τῆς
705 3686 948 3756 σήμερον
987 3685 1226 3758 ἡμέρας.
1276 3705 1295 3738 ι
1345 3688 1408 3742 El
1452 3685 1547 3741 οὖν
1588 3687 1832 3753 τοιοῦτος

218 3780 367 3849 ἡμῖν
396 3776 505 3831 ὑπὸ
532 3777 629 3832 τοῦ
659 3777 821 3847 λόγου
853 3777 1230 3834 ἀναδέδεικται
1256 3782 1285 3833 ὁ
1318 3781 1491 3852 μέγας
1522 3780 1828 3846 Βασίλειος,
1868 3826 1875 3832 .

218 3869 375 3923 ὥστε
409 3868 487 3941 μὴ
517 3868 709 3942 πόρρω
736 3870 847 3921 τῶν
872 3870 1048 3926 ἁγίων
1074 3867 1217 3927 εἶναι
1246 3873 1433 3940 αὐτὸν,
1463 3872 1554 3927 δια
1580 3872 1676 3927 τοῦ
1709 3873 1828 3944 βίοι)

221 3961 374 4035 πρὸς
410 3961 645 4018 ἕκαστον
678 3961 790 4018 τῶν
826 3964 1081 4036 μεγάλων
1119 3965 1563 4039 παρατιθέμενον
1589 3984 1603 3998 ·
1645 3965 1828 4031 καλῶς

219 4056 368 4125 ἡμῖν
401 4055 436 4125 ἡ
475 4053 771 4109 ἀκολουθία
807 4052 916 4111 τῶν
949 4056 1156 4130 ἑορτῶν
1188 4057 1282 4111 ἐπὶ
1317 4056 1508 4111 τοῦτον
1540 4055 1697 4125 ἄγειν
1730 4056 1827 4111 νῦν

204 4146 333 4225 ωτὴν
362 4147 673 4202 ἐνεστῶσαν
703 4148 1034 4221 πανήγυριν.
1067 4149 1232 4204 Ἀλλὰ
1260 4149 1349 4204 διὰ
1376 4147 1487 4203 τῶν
1514 4151 1634 4203 ἐκεῖ
1662 4166 1827 4220 κεχα-

300 4322 331 4364 ιι
394 4320 554 4380 Deut.
587 4338 772 4390 xxxiv.
799 4327 851 4384 6.

1936 3511 1992 3567 id
2018 3510 2165 3582 quod
2199 3510 2395 3565 melius
2429 3518 2535 3572 est,
2565 3506 2911 3579 propositum
2935 3504 3216 3566 obrueret,
3258 3498 3528 3571 quemad-

1937 3602 2162 3658 modum
2196 3601 2251 3656 in
2286 3601 2473 3673 Moyse
2503 3600 2735 3655 historia
2782 3598 2869 3653 his
2907 3596 3094 3651 verbis
3126 3602 3391 3651 testatum
3426 3591 3528 3645 ha-

1936 3694 2029 3749 bet
2061 3711 2074 3747 :
2113 3712 2133 3745 ι
2166 3692 2232 3745 Et
2262 3707 2373 3746 non
2406 3698 2492 3746 est
2519 3690 2807 3745 inventum
2838 3687 3158 3759 sepulcrum
3191 3682 3312 3751 ejus
3349 3698 3526 3753 usque

1934 3785 1991 3840 in
2021 3792 2345 3856 praesentem
2395 3782 2540 3838 diem
2570 3781 2622 3837 ι’.
2679 3800 2698 3835 ι
2737 3780 2841 3836 Ubi
2894 3796 3026 3851 ergo
3073 3792 3333 3848 magnum
3368 3775 3525 3830 Basi-

1932 3878 2068 3933 lium
2122 3878 2376 3933 oratione
2429 3874 2594 3931 talem
2625 3872 2996 3938 ostendimus,
3028 3871 3124 3941 qui
3152 3869 3359 3925 collata
3395 3883 3525 3922 cum

1935 3967 2153 4039 magnis
2203 3965 2522 4038 quibusque
2583 3964 2715 4031 vita,
2770 3961 2917 4018 haud
2969 3959 3166 4032 procul
3222 3974 3253 4014 a
3319 3959 3536 4014 sanctis.

1937 4060 2119 4126 absit;
2171 4057 2315 4113 bene
2359 4055 2525 4112 nobis
2576 4054 2942 4110 festivitatum
2996 4051 3172 4109 series
3225 4039 3534 4107 instantem

1936 4149 2208 4207 hodierna
2243 4147 2335 4205 die
2380 4145 2766 4206 celebritatem
2798 4144 2866 4201 ad
2900 4157 3026 4200 eum
3058 4144 3295 4200 reducit.
3328 4142 3521 4197 Enim-

1537 4465 1925 4527 COMBEFISH
1958 4466 2190 4525 ΝΟΤιΕ.

288 4549 420 4631 ’(95)
453 4556 661 4631 [orum
699 4556 867 4626 abest,
899 4566 960 4613 ut
991 4574 1057 4614 ne
1085 4562 1267 4616 carnis
1295 4571 1557 4631 expertem
1588 4569 1640 4615 et
1694 4576 1826 4631 σενι-
1858 4562 1904 4620 D
1932 4560 2301 4631 infoderetur,
2342 4546 2619 4631 reliquit;
2652 4558 2721 4615 de
2775 4572 2889 4631 quo
2955 4556 3246 4631 Possidius
3297 4554 3350 4611 in
3387 4554 3520 4631 ejus

221 4629 434 4701 guinis.
466 4627 573 4681 Τὸν
609 4627 873 4701 άσαρκον.
911 4632 1111 4701 μικροῦ
1140 4631 1241 4693 δεῖ,
1272 4627 1370 4685 καϊ
1397 4630 1688 4701 ἀναίμονα.
1719 4628 1828 4683 Ex-

222 4697 489 4767 pressum
520 4713 586 4753 ex
612 4697 777 4769 Greg.
819 4697 974 4755 Orat.
1006 4697 1079 4755 20
1106 4719 1119 4757 :
1155 4702 1233 4756 υύ
1265 4701 1403 4757 πολὺ
1434 4701 1491 4755 δὲ
1516 4697 1714 4765 εἰπεῖν,
1734 4703 1830 4753 καὶ

221 4772 480 4839 ἄσαρκος
502 4784 515 4796 ·
545 4783 611 4821 ex
632 4784 743 4841 quo
764 4778 819 4824 et
846 4770 1044 4841 nostri,
1072 4772 1126 4825 in
1155 4772 1344 4826 multis
1371 4772 1571 4826 malam
1596 4778 1831 4841 punctae

225 4842 468 4912 tionem,
519 4840 888 4912 correximus.
936 4839 1078 4895 Sunt
1117 4850 1267 4897 certe
1302 4842 1418 4897 haec
1469 4839 1689 4912 aliaque
1725 4840 1827 4912 viri

225 4910 376 4963 tanti
414 4908 677 4981 illustria,
710 4925 776 4964 ac
828 4911 882 4963 in
918 4912 1113 4979 primis
1155 4925 1278 4981 quae
1324 4912 1510 4967 statim
1561 4908 1713 4967 addit
1762 4911 1831 4966 de

226 4981 359 5048 ejus
394 4979 648 5050 proxima
677 4994 706 5033 a
752 4994 909 5034 sacra
945 4979 1286 5050 eloquentia,
1318 4997 1385 5037 ac
1429 4996 1556 5038 vere
1584 4983 1671 5036 vix
1699 4981 1831 5035 divi-

226 5052 449 5104 niorem
479 5048 750 5105 hactenus
780 5048 1344 5116 habuerlt'Ecclesia,
1394 5053 1598 5116 quibus
1630 5053 1827 5108 saltem

224 5122 357 5191 ipse
394 5119 681 5191 loquitur;
726 5120 873 5175 baud
920 5121 1067 5191 enim
1118 5122 1351 5191 perinde
1394 5119 1588 5188 fuerit,
1624 5123 1678 5177 in
1703 5123 1828 5191 ejus

229 5190 444 5256 ubique
474 5189 894 5256 interpretibus,
927 5189 1140 5247 audire.
1524 5217 1533 5252 ;

304 5258 573 5332 (96)ng
600 5259 771 5332 Moysi
806 5260 1014 5332 similis
1067 5261 1274 5317 habuit.
1322 5260 1430 5316 Τοῦ
1460 5261 1653 5326 τέλους
1684 5261 1828 5317 κατὰ

227 5329 499 5405 amenta.
532 5329 766 5405 Egregia
801 5331 856 5405 i_n
890 5331 1096 5403 Moysis
1131 5333 1453 5405 ignoratum
1475 5334 1825 5405 sepulcrum;

229 5399 604 5475 insignisque
631 5399 704 5475 ini
734 5399 1084 5475 episcopatu,
1144 5399 1737 5475 paupertatisBasilii,
1767 5419 1827 5458 re

230 5469 538 5545 animoque
562 5512 578 5535 ,
601 5469 900 5545 allegorica
931 5469 1520 5545 celebra'tioIVidetur
1549 5474 1827 5545 respicere

232 5540 371 5617 illud
400 5540 657 5614 Gregorii
707 5540 886 5617 citati,
919 5558 1029 5614 quo
1084 5543 1270 5600 Basilii
1323 5540 1680 5617 dxcqsiavet
1713 5545 1827 5614 ipse

231 5611 747 5685 celebrans',ununi
765 5615 813 5669 ei
842 5611 1068 5685 corpus,
1098 5623 1153 5671 et
1183 5611 1497 5672 necessaria
1531 5611 1824 5670 indumen-

233 5688 295 5757 ξι
330 5683 644 5757 ιςοῐὶηιιυίιη
680 5680 807 5738 Fuit
846 5680 958 5757 non
1019 5685 1295 5741 absimilis
1350 5701 1585 5757 magnus
1618 5696 1672 5741 et
1708 5687 1824 5754 ipsc

231 5748 563 5828 Latinorum
616 5756 815 5809 doctor
856 5756 1219 5828 Augustinus,
1252 5758 1338 5828 cui
1371 5748 1581 5828 abjecta
1641 5748 1823 5812 omnis

234 5823 573 5889 substantia,
606 5826 921 5881 testamenti
945 5823 1217 5881 condendi
1248 5823 1561 5881 facultatem
1594 5828 1819 5892 ademit;

232 5903 417 5967 coque
477 5909 579 5951 nec
628 5896 974 5979 sepulcrum,
1002 5912 1112 5970 quo
1171 5913 1402 5970 magnus
1462 5899 1552 5956 ille
1603 5897 1822 5956 animus

1927 4630 2077 4696 Vita.
2126 4631 2203 4685 Ac
2232 4645 2436 4701 _neque
2474 4626 2749 4686 'nostrum
2774 4626 2985 4701 Joan,
3025 4628 3331 4701 Bapti‘Stam
3368 4626 3436 4681 de
3470 4632 3531 4685 la

1930 4702 2107 4763 Nuza,
2141 4708 2194 4754 et
2230 4699 2408 4769 ipsum
2485 4701 2629 4756 inter
2683 4700 2784 4756 arvi
2812 4700 2990 4756 nostri
3019 4700 3337 4770 episcopos,
3366 4701 3525 4755 verbi

1934 4773 2030 4830 Dei
2084 4786 2386 4843 precanum
2452 4786 2517 4827 ac
2584 4770 3211 4843 Praa.licatortlm_,_vere
3262 4783 3523 4843 magnum

1932 4840 2297 4913 magistruth
2339 4842 2479 4898 dono
2537 4845 2815 4912 sapientia:
2841 4852 2889 4896 et
2910 4841 3234 4904 intellectus,
3264 4840 3319 4913 in
3348 4843 3531 4913 sacris

1929 4907 2193 4983 ρναῖσὶριιε
2245 4911 2544 4984 Scripturis
2602 4907 2964 4980 exponendis,
2995 4913 3202 4984 sancti
3258 4907 3525 4984 Ludovici

1935 4981 2226 5040 Bertr’andt
2258 4981 2379 5055 ejus
2433 4985 2677 5055 magistri
2734 4983 3059 5047 testimonio,
3105 4981 3531 5055 eximieprmdi-t

1932 5067 2083 5119 tum;
2107 5070 2241 5111 vere
2274 5053 2330 5111 et
2353 5053 2561 5125 ipsum,
2586 5070 2696 5108 non
2742 5054 2935 5108 relicto
2960 5053 3244 5125 sepulcro,
3281 5054 3391 5106 alta
3431 5053 3525 5107 illa

1930 5134 2261 5196 paupertate
2309 5122 2420 5194 qua
2455 5126 2527 5179 ad
2551 5122 2851 5196 proprium;
2878 5139 3044 5193 usque
3073 5122 3291 5186 lectum,
3311 5133 3533 5196 sancto~

1930 5194 2059 5250 Vrum‘
2080 5197 2445 5266 episcoporum
2499 5196 2785 5251 azmulator
2837 5195 2891 5248 in
2931 5209 3191 5266 pauperes
3260 5194 3524 5265 erogavit.

1931 5276 1990 5321 ut
2022 5265 2236 5337 nupera
2300 5267 2489 5337 obitus
2535 5265 2659 5335 ejus
2721 5266 2919 5321 relatio
2946 5265 3003 5319 in
3048 5266 3292 5333 capitulo
3325 5274 3530 5320 nostro

1928 5336 2119 5407 gener.
2148 5337 2308 5392 Rom.
2348 5336 2482 5393 1629
2496 5337 2839 5402 defunctum;
2859 5350 2960 5407 pro
2986 5349 3107 5407 mea
3138 5337 3193 5389 in
3226 5345 3528 5405 utrumque

1930 5406 2311 5479 illum,quem
2369 5415 2685 5479 utrumque
2705 5408 2791 5461 vir
2824 5406 3012 5462 tantus
3039 5406 3374 5479 illustravit:
3411 5408 3522 5479 pri-

1928 5493 2100 5539 mum,
2121 5477 2368 5548 inquam,
2388 5478 2872 5549 augustissimum,
2895 5477 3525 5549 etcui_sub_Deo_omnia

1928 5546 2324 5617 subiiciantur,
2357 5546 2747 5607 successorum
2787 5547 3082 5617 apostolici
3111 5546 3371 5602 culminis
3398 5547 3521 5616 cpi-

1927 5634 2253 5690 scoporum,
2288 5634 2351 5675 ac
2383 5635 2546 5689 quem
2601 5620 2866 5689 proﬁteor
2900 5618 3202 5690 humilem,
3226 5617 3522 5690 peculiari-

1928 5701 2012 5745 ter
2035 5686 2105 5745 'et
2138 5692 2318 5758 ipsum
2350 5708 2363 5755 ;
2390 5686 2485 5745 sed
2532 5686 2719 5745 tamen
2779 5687 3053 5747 subsidio,
3081 5687 3335 5743 ordinem
3370 5686 3520 5741 Prm-

1925 5762 2261 5825 dicatorum,
2294 5762 2678 5826 observantia,
2722 5769 2907 5815 tacere
2946 5759 3177 5811 omnino
3208 5759 3518 5819 debuerim,

1927 5832 2016 5885 sin
2045 5833 2251 5895 minus,
2283 5831 2415 5900 quid
2467 5833 2649 5887 omnis
2682 5840 2830 5888 retro
2892 5839 3024 5887 tetas
3084 5827 3273 5898 faciet,
3338 5829 3527 5903 dignis

1926 5903 2120 5974 elogiis
2139 5903 2421 5959 celebrare
2455 5902 2663 5974 possim
