3966 6436
253 437 362 504 99.5

960 437 1040 498 IN
1075 438 1744 501 CIRCUMCISIONEM
1787 436 2065 499 DOMINI
2106 437 2199 497 ET
2231 436 2315 497 IN
2357 438 2417 497 S.
2456 435 2854 498 BASILIUM.

3426 428 3531 496 928

255 551 365 603 Και
407 545 462 602 τί
505 545 571 601 ἃν
613 547 794 612 πάσας
837 549 1264 622 ἅπαριθμοίμην
1299 551 1403 616 τὰς
1446 551 1823 623 προσηγορίας

1952 525 2267 620 appellabo,
2326 551 2611 620 totiusque
2647 547 2985 619 Egyptiacaa
3014 561 3080 602 ac
3129 545 3381 600 adversa:
3417 543 3536 598 vir-

254 636 383 701 ὄσας
411 638 446 708 ἠ
477 636 646 708 ἀρετή
678 653 762 690 σοι
791 638 1096 710 πεποίηκε,
1129 640 1267 712 άλλη
1299 657 1384 703 τις
1414 641 1584 711 ἄλλην
1609 639 1823 695 οίκειοῦ·

1949 643 2088 698 tutis
2120 659 2133 696 :
2165 642 2483 696 columnam
2521 644 2675 709 item,
2710 649 2766 698 et
2807 643 3214 695 llrmamentum
3245 637 3537 700 Ecclesiae,

249 729 352 784 σάν
380 743 440 782 τε
474 729 570 783 καὶ
600 728 1020 798 προσάγουσαν;
1056 731 1205 802 Πλὴν
1237 731 1376 804 ἡγοῦ
1396 775 1410 800 ,
1449 752 1468 785 ι
1508 733 1842 796 κατευοδοΰ.

246 823 344 876 καὶ
388 822 664 894 βασίλευε,
708 841 728 875 ι
767 825 864 879 καὶ
907 825 1168 896 ποίμαινε
1210 828 1396 899 ἡμᾶς·
1436 819 1500 881 οὗ
1542 828 1649 892 πᾶς
1692 829 1844 899 ἥκων

245 913 355 967 ὑπὸ
387 912 489 978 τὰς
527 914 808 985 πτέρυγας
841 916 1210 984 ἀναπαύεται,
1243 916 1338 972 καὶ
1369 911 1433 973 οὗ
1465 917 1712 989 διψῶμεν
1743 919 1844 988 τῆς

242 1006 456 1077 φωνῆς,
497 1003 700 1076 μᾶλλον
736 1007 768 1078 ἢ
810 1008 996 1080 πηγῆς
1035 1010 1136 1081 τῆς
1176 1011 1578 1083 καθαρωτάτης
1612 1013 1662 1064 oi
1701 1011 1842 1080 δίψει

239 1100 568 1172 κάμνοντες,
598 1094 644 1156 ὦ
683 1099 804 1154 θεία
849 1103 944 1156 καὶ
992 1103 1113 1177 ἱερὰ
1157 1103 1416 1173 κεφαλήι
1461 1103 1566 1156 Τὸν
1596 1103 1688 1156 ἐπὶ
1732 1102 1841 1156 τῶν

237 1193 444 1266 χειρῶν
474 1195 684 1267 Κυρίου
719 1195 1211 1269 ὲξωγραφημένον,
1244 1197 1336 1250 τὸν
1366 1195 1579 1264 ἄζυγα,
1613 1195 1705 1249 τὸν
1736 1195 1840 1249 ἀκ-

235 1286 307 1357 τή
319 1303 478 1356 μονα,
506 1287 599 1340 τὸν
625 1287 892 1359 ᾶσαρκον,
921 1287 1122 1361 μικροῦ
1153 1288 1256 1353 δεῖ,
1285 1288 1379 1341 καὶ
1409 1288 1679 1358 ἀναίμονα
1703 1303 1716 1318 ·
1747 1287 1838 1339 τὸν

232 1378 295 1430 ὲν
325 1376 509 1448 λόγοις
542 1381 684 1451 μετὰ
717 1379 809 1434 τὸν
836 1380 1000 1450 λόγον
1025 1395 1042 1412 ο
1072 1381 1165 1434 τὸν
1196 1381 1255 1434 ἐν
1283 1380 1598 1448 φιλοσόφοις
1633 1377 1798 1448 σοφὸν
1818 1417 1833 1441 ,

229 1470 332 1524 τὸν
363 1471 421 1524 ἐν
451 1473 746 1543 κοσμικοῖς
775 1471 1172 1544 ὑπερκόσμιον.
1199 1471 1480 1525 Σιωπᾶται
1510 1469 1578 1522 τὰ
1607 1468 1834 1531 παλαιὰ,

121 1561 134 1574 ’
227 1563 339 1616 ὅσα
383 1563 528 1625 τινὲς
569 1565 684 1628 τοῖς
730 1563 898 1627 θείοις
926 1563 1125 1632 Λόγοις
1171 1564 1477 1634 ὲνίδρυσαν.
1523 1562 1726 1616 Βοᾶται
1769 1560 1838 1614 τά

227 1654 334 1708 νέα
353 1668 367 1682 ⁸
401 1655 496 1708 καὶ
523 1649 679 1720 οὗτος
705 1654 927 1727 ἄριστος
953 1657 1086 1728 ἡμῖν
1110 1656 1168 1709 ὲν
1193 1655 1395 1725 λόγοις,
1422 1653 1481 1718 ὃς
1508 1654 1573 1708 ἂν
1596 1653 1664 1708 τά
1691 1652 1834 1706 ὲκεί-

226 1760 328 1798 νου
381 1745 626 1815 μάλιστα
665 1746 927 1817 τυγχάνει
970 1745 1280 1815 γινώσκων,
1319 1749 1412 1801 καὶ
1450 1746 1539 1801 διὰ
1582 1745 1836 1816 γλώσσης

225 1834 442 1903 φέρων,
466 1837 561 1890 καὶ
587 1838 882 1902 συνετίζων
903 1837 1003 1902 τὰς
1027 1840 1220 1902 ἀκοάς.
1240 1839 1446 1910 Ἧρεσε
1469 1839 1578 1910 γὰρ
1604 1832 1684 1903 εἷς
1712 1837 1833 1890 ἀντὶ
1873 1821 1876 1823 Δ

1946 746 2112 806 atque
2142 735 2486 790 voluntatem
2529 732 2775 797 Domini,
2812 733 3200 802 luminareque
3238 733 3293 785 in
3326 731 3538 785 mundo

1945 828 2096 898 quod
2133 827 2435 882 .contineat
2488 833 2655 896 atque
2698 824 2958 897 prmfcrat
3004 824 3236 880 verbum
3275 823 3424 886 vitae,
3467 835 3535 876 ac

1943 918 2069 974 ﬁdei
2129 917 2396 981 fulcrum,
2460 924 2516 972 et
2577 916 2874 986 hospitium
2930 915 3197 986 Spiritus.
3255 912 3532 980 Quorsum

1942 1026 2075 1066 vero
2125 1025 2318 1066 omnes
2371 1010 2562 1065 titulos
2612 1023 2932 1064 recenseam
2981 1023 3124 1078 quos
3171 1005 3270 1060 tibi
3330 1005 3529 1068 virtus,

1943 1102 2052 1156 alio
2079 1101 2246 1156 alium
2281 1099 2619 1156 conciliante
2653 1115 2718 1154 ac
2763 1097 3082 1158 inducente,
3128 1094 3370 1165 adjecit?
3414 1093 3534 1148 Ca:-

1941 1202 2119 1249 terum
2177 1195 2334 1264 praei,
2394 1213 2412 1245 ι
2451 1208 2718 1263 prospere
2768 1190 3022 1262 procede,
3056 1197 3112 1244 et
3159 1203 3371 1255 regna:
3411 1205 3430 1237 ι
3473 1194 3531 1238 ιιι

1941 1301 2040 1340 nos
2081 1301 2270 1356 pasce,
2318 1287 2421 1342 sub
2450 1286 2612 1356 cujus
2654 1285 2762 1338 alis
2815 1281 3117 1354 requiescit
3145 1279 3400 1351 quisquis
3438 1293 3530 1332 ac-

1939 1377 2120 1444 cedit;
2173 1388 2228 1434 et
2278 1378 2440 1447 cujus
2490 1377 2596 1447 ipsi
2654 1393 2866 1438 vocem,
2902 1375 2994 1446 qui
3038 1368 3151 1430 siti'
3184 1374 3525 1435 laboramus,

1935 1483 2107 1538 supra
2143 1467 2315 1522 fontis
2366 1469 2795 1539 limpidissimas
2821 1483 2996 1537 aquas
3029 1466 3272 1521 sitimus.
3304 1465 3348 1517 0
3381 1464 3528 1518 divi-

1938 1576 2070 1615 num
2104 1569 2442 1632 sacramque
2482 1561 2680 1630 caput!
2733 1559 2922 1614 Dicam
2955 1559 3233 1629 depictum
3269 1559 3323 1610 in
3356 1558 3531 1609 maui-

1935 1651 2040 1707 bus
2073 1651 2319 1717 Domini,
2379 1653 2653 1716 caelibem,
2708 1655 2971 1723 inopem;
3033 1667 3226 1722 parum
3268 1649 3424 1702 abest
3470 1654 3528 1700 ut

1934 1759 2006 1798 ne
2036 1745 2224 1799 carnis
2281 1755 2565 1814 expertem
2633 1744 2749 1816 (95)
2780 1752 2834 1800 et
2888 1743 3202 1813 sanguinis.
3234 1741 3339 1807 Qui
3385 1739 3524 1795 scri-

1936 1838 2044 1908 ptis
2101 1839 2438 1909 eloquioque
2489 1839 2782 1908 proximus
2811 1839 2882 1892 ab
2927 1837 3217 1908 Scriptura
3249 1844 3303 1890 et
3333 1835 3526 1890 divino

223 1927 455 1980 πάντων
479 1932 591 1992 τοῖς
623 1929 1067 2002 σπουδαιοτέροις
1103 1933 1184 1994 είς
1213 1932 1518 1995 παίδευσιν,
1544 1924 1590 2000 ᾧ
1618 1931 1686 1984 τὰ.
1709 1930 1823 1984 δευ-

1932 1931 2154 2001 eloquio
2214 1932 2333 1999 sis;
2396 1933 2706 2002 sapientem
2762 1932 2908 1986 inter
2940 1947 3038 1986 eos
3085 1930 3175 2000 qui
3211 1928 3524 1999 philosophi

219 2033 280 2071 τε
292 2020 419 2089 ρεῖα
452 2021 592 2090 μετὰ
621 2023 747 2086 τοὺς
777 2023 1116 2086 ἀποστόλους
1142 2026 1170 2078 ὁ
1197 2024 1391 2096 χρόνος
1417 2025 1604 2079 δίδωσι
1639 2023 1822 2095 μόνον.

220 2116 533 2173 mundana.
593 2117 914 2174 Traduntur
945 2121 1172 2177 silentio
1219 2128 1430 2188 vetera,
1501 2121 1550 2177 si
1621 2136 1730 2191 qua
1797 2120 2150 2176 illustrandis
2198 2121 2508 2192 Scripturis
2565 2122 2636 2177 ab
2690 2123 2815 2178 aliis
2868 2122 3072 2191 scripta
3125 2129 3292 2184 sunt;

1936 2025 2184 2080 studium
2253 2026 2547 2097 sapientia:
2616 2025 2976 2096 proﬁtentur,
3038 2024 3324 2080 cuzlestem
3377 2022 3524 2076 inter

3377 2132 3523 2170 ηονει

221 2208 518 2279 praeconio
565 2211 945 2280 celebrantur,
997 2215 1156 2284 isque
1185 2215 1350 2271 nobis
1400 2217 1648 2286 optimus
1709 2215 1930 2272 videtur
1989 2223 2046 2272 et
2114 2217 2354 2288 scriptor
2385 2231 2441 2273 et
2524 2225 2737 2286 orator,
2819 2217 2866 2273 si
2911 2217 3040 2285 quis
3086 2215 3325 2269 maxime
3400 2228 3524 2282 quae

149 2363 153 2368 ι
229 2313 360 2358 sunt
383 2305 505 2374 ejus
534 2307 710 2372 novit,
739 2316 794 2363 et
825 2309 1012 2380 lingua
1050 2310 1296 2381 praefert,
1322 2310 1668 2381 instillatque
1735 2310 2062 2368 erudiendis
2129 2313 2382 2368 auribus.
2434 2311 2594 2368 Unus
2645 2313 2792 2368 enim
2862 2312 2986 2366 vice
3031 2310 3300 2372 omnium,
3369 2306 3522 2360 velut

216 2393 551 2454 erudiendis
588 2398 784 2467 forma,
827 2402 974 2458 seria
1006 2403 1179 2474 magis
1205 2403 1552 2461 sectantibus
1581 2405 1812 2476 placuit;
1855 2406 1944 2459 cui
2018 2405 2115 2460 uni
2171 2417 2296 2476 post
2345 2407 2650 2478 apostolos,
2722 2403 2999 2461 secundas
3051 2410 3238 2472 partes
3299 2406 3515 2467 tempus

219 2487 508 2544 concedit.

309 2578 482 2633 Ἀλλὰ
526 2581 702 2634 πάντα
749 2581 837 2636 διὰ
890 2582 1066 2654 μέσου,
1107 2586 1450 2653 καταλιπὼν,
1495 2587 1590 2642 τοῦ
1637 2587 1826 2650 τέλους

218 2673 371 2727 κατὰ
402 2673 646 2728 Μωῦσέα
676 2676 773 2728 καὶ
791 2677 1078 2731 Βασιλείου
1113 2681 1604 2752 ἐπιμνησθήσομαι
1641 2683 1824 2751 μόνον.

219 2764 449 2833 "At??ng
495 2765 595 2835 μὲν
624 2765 716 2821 τὸν
750 2767 865 2837 βίον
899 2769 1197 2842 ἑκάτερος·
1242 2772 1587 2842 μνημόσυνον
1625 2773 1682 2826 δὲ
1722 2772 1826 2842 τῆς

221 2855 367 2918 ίδίας
396 2858 527 2927 περὶ
553 2857 655 2929 τὴν
684 2859 865 2930 σάρκα
897 2860 1161 2931 σχέσεως.
1187 2863 1250 2916 οὑ
1272 2863 1504 2934 θάτερος
1535 2864 1715 2919 αὐτῶν
1742 2865 1820 2936 τῷ

219 2946 328 3017 βίῳ
354 2949 637 3008 κατέλιπε,
663 2949 801 3004 Οὔτε
827 2951 936 3024 γὰρ
964 2953 1245 3017 Μωῦσὲως
1273 2955 1442 3024 τάφος
1470 2956 1820 3029 εὑρίσκεται,

216 3036 352 3090 οὕτε
401 3033 557 3103 οὗτος
612 3041 905 3113 περιουσία
951 3042 1062 3096 τινὶ
1111 3043 1269 3115 ὑλικῇ
1320 3044 1635 3117 ὑπεχὼσθη.
1679 3046 1820 3100 Ἀλλ’

213 3128 361 3198 ὁμοῦ
395 3130 641 3201 παρῆλθε
664 3133 755 3185 τὸν
779 3131 913 3202 βίον,
942 3135 1336 3206 συμπαρῆλθεν
1355 3136 1504 3207 αὐτῷ
1526 3138 1595 3190 τὰ
1619 3137 1818 3202 πάντα,

213 3220 284 3274 δι’
310 3213 392 3274 ὧν
414 3224 442 3274 ό
468 3221 581 3292 βὶος
606 3222 714 3275 τῶν
739 3223 1046 3295 ἀνθρώπων
1068 3225 1183 3296 ἔχει
1209 3227 1310 3297 τὴν
1335 3228 1546 3282 στάσιν.
1565 3228 1653 3293 Ὠς
1685 3229 1821 3300 μηδὲ

217 3313 430 3385 εὑρέθη
453 3313 546 3368 τοῦ
569 3314 764 3384 ἀνδρὸς
787 3316 976 3370 ὑλικὸν
995 3313 1344 3390 μνημόσυνον
1360 3321 1424 3374 ὲκ
1444 3322 1543 3391 τῆς
1564 3320 1670 3374 τῶν
1687 3323 1822 3374 ἁπο-

2003 2584 2200 2640 Verum
2266 2585 2611 2641 intermediis
2686 2583 2947 2638 omnibus
3014 2580 3270 2642 omissis,
3344 2576 3522 2632 solius

1924 2674 2118 2731 Basilii
2190 2674 2314 2731 ﬁnis
2349 2676 2674 2738 meminero,
2730 2689 2894 2743 quam
2963 2671 3138 2741 Moysi
3178 2668 3375 2723 similis
3427 2667 3523 2720 ba-

1923 2769 2048 2825 buit
2075 2767 2211 2837 (96).
2240 2768 2509 2836 Equidem
2552 2767 2714 2820 ambo
2762 2765 3107 2834 reliquerunt
3137 2761 3301 2814 vitam
3330 2778 3342 2813 :
3388 2773 3522 2811 neu-

1931 2867 2013 2914 ter
2067 2865 2274 2919 tamen.
2310 2874 2423 2913 sua:
2459 2857 2526 2912 ad
2574 2873 2806 2912 carnem
2835 2856 3151 2910 aﬁectionis
3190 2867 3522 2907 monumen-

1929 2954 2044 3002 tum
2072 2949 2196 3002 vitze
2251 2947 2492 3016 reliquit.
2549 2945 2684 2999 Nam
2743 2961 2923 3015 neque
2971 2943 3174 3014 Moysis
3203 2943 3518 3012 sepulcrum

1927 3043 2226 3106 invenitur,
2267 3057 2446 3111 neque
2481 3042 2569 3095 hic
2609 3040 2922 3096 substantia
2958 3037 3068 3092 ulla
3099 3047 3322 3090 terrena
3349 3034 3521 3087 obru-

1926 3144 2018 3192 tus
2055 3143 2162 3191 est.
2209 3135 2426 3206 Quippe
2485 3134 2598 3189 vita
2638 3131 2944 3188 excedente
2996 3145 3106 3186 una
3155 3135 3519 3184 excesserunt

1928 3229 2384 3298 transieruutque
2429 3227 2616 3281 omnia
2662 3216 2866 3295 quibus
2918 3224 3157 3277 humana
3188 3221 3298 3274 vita
3330 3219 3521 3272 consi-

1931 3323 2050 3378 stit.
2109 3321 2291 3388 Quare
2342 3319 2571 3374 minime
2610 3318 2894 3373 inventum
2952 3325 3036 3371 cst
3087 3324 3371 3369 terrenum
3415 3311 3516 3366 viri

216 3407 560 3474 λειφθέντων
585 3409 935 3478 περιουσίας,
963 3411 1346 3481 καταχωννύον
1370 3412 1538 3466 αὐτοῦ
1562 3414 1663 3483 τὴν
1687 3411 1823 3483 πρὸς

1929 3416 1997 3471 de
2034 3415 2344 3471 substantia
2390 3414 2583 3468 relicta
2631 3417 3075 3471 monumentum,
3113 3407 3261 3478 quod
3295 3405 3417 3473 ejus
3448 3403 3516 3457 ad

215 3497 274 3551 τὸ
307 3498 562 3568 κρεῖττον
590 3497 881 3568 ὑπόληψιν,
910 3499 1103 3571 ὥσπερ
1130 3502 1224 3555 ἐπὶ
1247 3503 1344 3554 τοῦ
1375 3503 1655 3567 Μωῦσέως
1679 3505 1711 3573 ἡ
1745 3505 1823 3556 ίσ-

214 3588 383 3660 τορία
426 3592 702 3661 μαρτυρεῖ
731 3590 988 3659 λέγουσα.
1025 3593 1108 3646 ὅτι
1139 3612 1157 3643 ι
1185 3594 1297 3665 Οὐχ
1320 3594 1519 3667 εὑρέθη
1542 3595 1706 3648 αὐτοῦ
1728 3596 1823 3649 τά-

215 3695 360 3750 φος,
405 3680 511 3742 ἓως
551 3680 654 3750 τῆς
698 3683 940 3752 σήμερον
979 3682 1217 3753 ἡμέρας.
1268 3703 1286 3734 ι
1337 3685 1400 3738 Εἰ
1445 3682 1538 3738 οὖν
1580 3684 1824 3748 τοιοῦτος

215 3776 360 3844 ἡμῖν
388 3772 497 3826 ὑπὸ
525 3773 620 3827 τοῦ
651 3774 812 3843 λόγου
845 3775 1221 3830 ἁναδέδεικται
1248 3778 1277 3828 ό
1310 3778 1483 3848 μέγας
1513 3777 1819 3842 Βασίλειος,
1861 3824 1866 3828 .

215 3864 368 3918 ὥστε
402 3864 478 3935 μὴ
509 3864 700 3937 πόρρω
728 3866 838 3917 τῶν
864 3867 1039 3922 ἁγίων
1067 3863 1208 3922 εἶναι
1238 3869 1425 3935 αὑτὸν,
1455 3870 1545 3923 δια
1572 3870 1666 3923 τοῦ
1701 3871 1820 3940 βίου

217 3957 366 4029 πρὸς
403 3957 636 4012 ἕκαστον
670 3957 780 4013 τῶν
818 3961 1072 4031 μεγάλων
1111 3962 1554 4034 παρατιθέμενον
1581 3981 1594 3994 ο
1637 3963 1818 4028 καλῶς

215 4051 360 4120 ἡμῖν
393 4051 427 4120 ἡ
467 4049 761 4104 ἀκολουθία
799 4051 907 4106 τῶν
941 4051 1147 4124 ἑορτῶν
1180 4054 1273 4107 ἐπὶ
1309 4053 1500 4107 τοῦτον
1533 4053 1688 4122 ἄγειν
1722 4053 1818 4107 νῦν

203 4141 324 4218 ’τὴν
356 4143 664 4198 ἐνεστῶσαν
695 4144 1026 4217 πανήγυριν.
1059 4145 1222 4199 Ἀλλὰ
1252 4145 1340 4200 διὰ
1368 4145 1478 4199 τῶν
1507 4147 1624 4200 ἐκεῖ
1652 4163 1818 4216 κεχα-

291 4319 322 4359 b
387 4315 545 4375 Deut.
579 4335 763 4386 nnv.
791 4323 842 4380 6.

1928 3508 1983 3564 id
2010 3507 2156 3578 quod
2191 3507 2386 3562 melius
2421 3515 2527 3568 est,
2557 3504 2903 3575 propositum
2928 3502 3207 3562 obrueret,
3250 3496 3519 3568 quemad-

1930 3599 2154 3654 modum
2188 3599 2242 3652 in
2279 3598 2464 3670 Moyse
2495 3597 2726 3651 historia
2774 3595 2860 3650 his
2901 3594 3086 3648 verbis
3117 3599 3382 3648 testatum
3419 3589 3519 3642 ha-

1929 3692 2021 3746 bet
2053 3708 2066 3744 :
2105 3709 2124 3741 ‹
2159 3689 2222 3742 Et
2254 3705 2363 3742 non
2397 3696 2483 3742 est
2511 3689 2798 3742 inventum
2829 3685 3150 3756 sepulcrum
3184 3680 3302 3748 ejus
3341 3697 3516 3750 usque

1926 3782 1982 3836 in
2013 3789 2336 3852 praesentem
2387 3780 2531 3835 diem
2561 3779 2614 3834 ι’.
2671 3798 2689 3832 ι
2729 3777 2832 3833 Ubi
2886 3793 3018 3847 ergo
3066 3789 3324 3846 magnum
3359 3773 3516 3827 Basi-

1924 3875 2059 3929 lium
2113 3874 2368 3929 oratione
2420 3871 2585 3927 talem
2617 3870 2986 3934 ostendimus,
3020 3868 3115 3938 qui
3144 3867 3350 3922 collata
3386 3881 3512 3919 cum

1927 3965 2144 4035 magnis
2195 3962 2513 4035 quibusque
2575 3962 2706 4027 vita,
2761 3959 2908 4015 haud
2961 3957 3157 4029 procul
3215 3971 3244 4010 a
3311 3957 3517 4010 sanctis

1928 4057 2110 4122 absit;
2163 4054 2306 4110 bene
2350 4053 2516 4108 nobis
2568 4051 2932 4107 festivitatum
2987 4049 3164 4105 series
3218 4038 3524 4104 instantem.

1927 4147 2199 4204 hodierna
2235 4145 2326 4202 die
2373 4143 2756 4202 celebritatem
2790 4142 2858 4198 ad
2892 4156 3017 4196 eum
3050 4141 3286 4197 reducit.
3319 4139 3511 4194 Enim-

1529 4462 1916 4522 COMBEFISII
1951 4463 2180 4522 NOTAE.

279 4545 411 4626 '(95)
446 4552 651 4626 gerunt
690 4553 858 4622 abest,
891 4563 950 4608 ut
983 4571 1047 4609 ne
1076 4559 1258 4611 carnis
1286 4567 1547 4626 expertem
1579 4566 1630 4611 et
1685 4573 1816 4626 son-
1850 4559 1895 4616 ο
1923 4557 2292 4621 infoderetur,
2335 4543 2610 4626 reliquit;
2643 4555 2712 4612 de
2768 4570 2880 4626 quo
2946 4553 3237 4626 Possidius
3290 4552 3342 4607 in
3379 4551 3512 4626 ejus

217 4624 425 4695 guinis.
458 4623 563 4676 Τὸν
600 4623 864 4697 ςσαρκον.
902 4627 1102 4697 μικροῦ
1131 4627 1231 4689 δεῖ,
1264 4623 1361 4680 καῖ
1388 4627 1678 4697 ἀναίμονα.
1710 4625 1820 4678 Ex-

219 4693 479 4761 pressum
512 4709 576 4748 ex
605 4693 768 4765 Greg.
811 4693 964 4750 Orat.
997 4693 1069 4750 20
1097 4715 1110 4752 :
1147 4698 1223 4752 υύ
1257 4697 1393 4752 πολὺ
1425 4698 1481 4750 δὲ
1507 4693 1704 4760 εἰπεῖν,
1725 4700 1820 4748 καὶ

217 4768 471 4834 ἄσαρκος
494 4780 506 4791 ·
538 4779 602 4816 ex
623 4780 732 4833 quo
755 4774 809 4820 et
837 4767 1034 4837 nostri,
1063 4768 1117 4821 in
1145 4768 1334 4822 multis
1362 4768 1561 4822 malam
1587 4774 1822 4837 puncta-

221 4837 459 4908 tionern,
511 4837 878 4908 correximus.
927 4836 1068 4890 Sunt
1108 4847 1257 4893 certe
1294 4839 1408 4892 haec
1460 4836 1680 4908 aliaque
1716 4837 1818 4891 viri

219 4905 368 4958 tanti
404 4905 667 4976 illustria,
701 4922 766 4960 ac
819 4907 872 4959 in
910 4909 1103 4975 primis
1147 4922 1268 4976 quze
1315 4909 1500 4963 statim
1552 4905 1703 4963 addit
1753 4908 1822 4962 de

219 4977 350 5043 ejus
385 4975 638 5046 proxima
667 4991 696 5028 a
743 4990 900 5030 sacra
936 4975 1276 5046 eloquentia,
1309 4993 1376 5033 ac
1420 4992 1546 5034 vere
1575 4980 1662 5032 vix
1689 4977 1822 5030 divi-

221 5048 439 5099 niorem
471 5045 741 5117 hactenus
771 5045 1333 5117 liabuerit’Ecclesia,
1385 5049 1588 5117 quibus
1620 5049 1818 5103 saltem

219 5117 347 5185 ipse
387 5115 671 5187 loquitur;
717 5116 863 5170 haud
911 5118 1056 5172 enim
1109 5119 1342 5187 perinde
1385 5115 1578 5183 fuerit,
1615 5120 1668 5173 in
1694 5119 1818 5187 ejus

222 5187 434 5252 ubique
465 5185 884 5252 interpretibus,
918 5185 1129 5243 audire.
1514 5239 1523 5248 .

295 5255 563 5327 (96)ng
591 5257 762 5327 Moysi
811 5257 1004 5313 similis
1058 5258 1264 5312 habuit.
1313 5257 1420 5311 Τοῦ
1451 5257 1642 5321 τέλους
1675 5259 1818 5313 κατὰ

221 5326 489 5400 Menidan.
524 5325 756 5400 Egregia
792 5328 846 5400 in
882 5327 1086 5399 Moysis
1121 5330 1431 5400 ignoratum
1466 5331 1815 5400 sepulcrum;

223 5395 594 5477 insignisque
622 5395 693 5477 ini
725 5395 1074 5477 episcopatu,
1133 5395 1484 5477 paupertatis
1514 5395 1728 5477 Basilii,
1759 5416 1817 5454 re

224 5469 528 5541 animoque
553 5509 567 5530 ,
591 5469 889 5541 allegorica
921 5469 1510 5541 celebratio.’Videtur
1541 5471 1817 5541 respicere

225 5535 362 5612 illud
389 5535 646 5610 Gregorii
697 5535 876 5612 citati,
909 5555 1018 5609 quo
1074 5540 1259 5596 Basilii
1313 5541 1583 5612 ἀκτησίαν
1615 5535 1670 5595 ét
1703 5542 1817 5610 ipse

223 5607 540 5681 celebrans,
568 5625 736 5681 unu_rn
756 5611 803 5664 ci
833 5607 1057 5681 corpus,
1088 5619 1142 5667 et
1172 5607 1488 5667 necessaria
1521 5607 1814 5666 indumen-

225 5684 287 5754 ta
323 5680 634 5754 relinquit._
671 5679 796 5733 Fuit
837 5679 947 5754 non
1009 5682 1284 5736 absimilis
1340 5698 1574 5754 magnus
1608 5693 1662 5737 et
1699 5685 1814 5750 ipse

223 5743 552 5824 Latinoer
606 5752 805 5804 doctor
847 5753 1208 5824 Augustinus,
1242 5755 1327 5824 cui
1361 5743 1571 5824 abjet'ta
1633 5743 1812 5808 omnis

225 5818 562 5883 substantia,
596 5822 910 5876 testamenti
935 5818 1205 5877 condendi
1238 5818 1551 5877 facultatem
1585 5825 1809 5887 ademit;

225 5898 407 5960 eoque
468 5905 568 5946 nec
619 5892 963 5963 sepulcrum,
993 5909 1101 5964 quo
1161 5910 1392 5966 magnus
1452 5896 1542 5952 ille
1594 5895 1812 5952 animus

1918 4627 2068 4681 Vita.
2118 4628 2194 4681 Ac
2223 4642 2426 4698 ineque
2466 4623 2740 4682 'nostrum
2765 4623 2976 4698 Joan,
3016 4625 3322 4698 Baptistam
3361 4623 3428 4678 de
3463 4629 3522 4682 la

1922 4699 2098 4758 Nuza,
2133 4705 2185 4750 ct
2221 4697 2398 4766 ipsum
2476 4698 2620 4752 inter
2675 4697 2776 4752 aevi
2804 4697 2981 4752 nostri
3011 4697 3328 4767 episcopus,
3359 4699 3514 4752 verbi

1926 4771 2021 4826 Dei
2075 4783 2377 4839 preconum
2443 4783 2507 4823 ac
2575 4768 3036 4839 Praelicatorum,
3073 4782 3202 4821 vere
3255 4781 3514 4839 magnum

1923 4837 2288 4910 magiStrumﬂ,
2331 4839 2470 4894 dono
2529 4842 2807 4909 sapientiw
2833 4850 2880 4893 et
2902 4838 3225 4900 intellertus,
3257 4837 3310 4910 i_n
3341 4841 3516 4910 sacris

1919 4905 2184 4979 prticipue
2236 4908 2534 4980 Scripturis
2593 4905 2955 4978 exponendis,
3017 4911 3194 4962 sancti
3252 4905 3516 4980 Ludovici

1926 4981 2216 5036 Bertrandt
2249 4979 2368 5050 ejus
2423 4983 2668 5051 magistri
2725 4981 3050 5044 testimonio,
3097 4979 3288 5051 eximie
3321 4980 3521 5044 prwdiu

1923 5064 2073 5115 tum;
2098 5067 2232 5107 vere
2265 5049 2321 5106 ct
2344 5049 2549 5120 ipsum,
2579 5067 2686 5105 non
2733 5053 2926 5105 relicto
2952 5049 3236 5120 sepulcro,
3273 5051 3384 5103 alta
3424 5051 3514 5103 illa

1921 5131 2251 5192 paupertate
2301 5119 2410 5190 qua
2446 5122 2518 5175 ad
2543 5123 2816 5190 proprium
2870 5137 3035 5190 usque
3064 5119 3282 5183 lectum,
3303 5131 3522 5175 εαηειοε-

1921 5210 2042 5246 rum
2071 5195 2435 5263 episcoporum
2490 5193 2775 5247 ωηιιιίαιον
2829 5193 2882 5245 in
2923 5207 3182 5261 pauperes
3251 5192 3513 5262 erogavit,

1922 5273 1980 5317 ut
2013 5279 2226 5334 nupera
2291 5265 2479 5334 obitus
2526 5263 2650 5331 ejus
2712 5263 2910 5317 relatio
2939 5263 2995 5317 in
3039 5263 3284 5329 capitqu
3317 5271 3519 5316 nostro.

1919 5332 2111 5402 gener.
2139 5334 2297 5388 Rom.
2339 5332 2472 5388 16'29
2487 5334 2830 5398 defunctum;
2852 5348 2952 5403 pro
2978 5347 3097 5387 mea
3128 5333 3183 5386 in
3217 5342 3516 5402 utrumque

1920 5407 2098 5465 illmn,
2138 5419 2300 5475 quem
2359 5412 2662 5474 utrumque
2696 5405 2782 5457 vir
2815 5413 3003 5460 tantus
3031 5403 3364 5475 illustravit:
3403 5405 3512 5472 pri-

1919 5490 2090 5534 mum.
2112 5474 2358 5544 inquam,
2379 5475 2863 5545 augustissimum,
2887 5474 3044 5529 etcui
3060 5474 3186 5545 sub
3201 5475 3514 5545 Dcooumia

1919 5546 2313 5612 subiiciantur.
2347 5544 2737 5603 successorum
2778 5544 3072 5614 apostolici
3102 5544 3362 5598 culminis
3389 5544 3510 5613 epi-

1918 5632 2242 5686 scoporum,
2279 5631 2340 5671 ac
2374 5633 2536 5686 quem
2591 5617 2856 5686 proﬁteor
2891 5615 3191 5686 humilem,
3217 5614 3511 5686 peculiari-

1919 5698 2002 5741 ter
2026 5683 2094 5740 et
2129 5689 2308 5754 ipsum
2341 5706 2352 5750 ;
2381 5683 2474 5741 sed
2522 5683 2708 5741 tamen
2769 5685 3044 5745 subsidio,
3072 5685 3326 5739 ordinent
3360 5683 3509 5738 Prte-

1917 5759 2251 5820 dicatorum,
2284 5759 2667 5822 observantia,
2713 5766 2898 5812 tacere
2938 5756 3167 5809 omnino
3199 5756 3508 5813 debuerim.

1917 5830 2005 5882 sin
2036 5829 2240 5891 minus,
2273 5829 2404 5897 quid
2457 5830 2638 5883 omnis
2675 5837 2819 5885 retro
2883 5838 3014 5883 aetas
3075 5825 3262 5894 faciet,
3328 5825 3516 5898 dignis

1917 5900 2109 5970 elogiis
2129 5901 2410 5955 celebrare
2445 5900 2652 5970 possim
