3966 6440
451 404 559 466 997
616 434 621 439 λ

1650 393 1704 452 S.
1739 390 2072 451 ANDREE
2111 388 2537 452 CRETENSIS

3597 394 3690 458 993

449 518 582 559 vero
615 504 778 557 fuerit
824 518 1130 573 congruum
1166 510 1224 555 ut
1248 503 1525 556 memon-ite
1558 504 2033 567 commendemus,

2139 502 2411 571 ρισμένων
2433 503 2648 573 ἐκείνῳ,
2675 503 2976 574 προσάγειν
2997 501 3207 575 πρέπον
3227 497 3292 556 ἂν
3312 502 3393 583 εἴη
3413 502 3477 575 τῇ
3504 506 3693 577 μνήμῃ.

450 611 549 665 per
585 612 649 651 ea
694 611 814 665 qu:e
856 597 966 651 illic
1004 609 1069 650 ae
1123 596 1176 649 iu
1219 596 1377 650 rudis
1411 597 1612 649 donata
1665 603 1815 650 sunt.
1855 596 1922 652 Ut
1962 612 2031 651 ne

449 698 630 741 autem
693 705 800 758 pra'
838 691 1108 745 orationis
1162 692 1413 747 exilitate
1450 693 1781 746 miraculum
1817 693 1869 746 in
1898 708 2031 747 con-

448 786 713 846 temptum
771 779 951 840 alit-at,
1019 778 1480 850 laudantiumque
1540 782 1832 835 conatibus
1884 781 2032 835 illius

448 870 592 941 apud
623 886 818 927 onmes
869 873 1140 926 obtinenti
1198 874 1446 938 opinioni
1498 874 1750 927 nonnihil
1779 873 2028 938 decedat,

448 967 673 1026 praestat
735 973 790 1014 ut
850 962 952 1030 ipsi
1021 957 1268 1016 illllOiliS
1324 964 1742 1016 admirationem
1809 962 2033 1017 silentio

446 1062 770 1116 augeamus.
809 1066 972 1119 quam
1011 1058 1071 1103 ut
1116 1051 1332 1105 laudem
1392 1068 1653 1107 sermone
1690 1054 2028 1106 minuamus.

446 1142 551 1208 Qui
606 1142 751 1196 enim
807 1143 1058 1212 pluribus
1116 1143 1612 1211 impraesentiarum
1685 1142 1905 1197 beatum
1979 1150 2035 1198 te

445 1236 777 1297 dixerimus,
812 1251 846 1289 0
881 1244 1034 1305 pater
1080 1234 1289 1289 Basili?
1322 1234 1419 1297 Te,
1480 1236 1726 1303 inquam,
1774 1234 1865 1304 qui
1918 1250 2036 1290 ser-

446 1328 628 1382 monis
684 1327 878 1382 aculeo
935 1343 1181 1383 errorem
1234 1328 1493 1381 Vulneres
1547 1327 1893 1396 abigasque;
1936 1325 2031 1395 qui

445 1419 597 1474 velut
630 1419 749 1487 apis
785 1418 1093 1485 prudenter
1120 1419 1365 1482 incedas,
1400 1422 1749 1489 morerisque
1784 1421 1837 1473 in
1872 1430 2031 1489 prato

358 1522 365 1527 '
444 1506 864 1577 Scripturarum
930 1507 1199 1565 divinitus
1279 1510 1696 1579 inspiratarum,
1779 1528 1843 1567 ac
1905 1511 2036 1569 inde

445 1600 803 1668 prophetiros
838 1600 998 1656 liores
1039 1612 1094 1656 et
1136 1604 1503 1672 apostolicum
1548 1619 1728 1658 rorem
1760 1605 2030 1677 colligas;

445 1692 539 1760 qui
584 1694 849 1748 virtutum
882 1696 1149 1764 symbolis
1178 1697 1438 1750 assiduus
1471 1696 1734 1764 iusideas,
1758 1696 2035 1753 divinam-

447 1799 555 1852 que
593 1800 657 1839 ex
694 1788 774 1839 eis
805 1788 1071 1842 confic’as
1108 1789 1379 1858 propolim
1418 1789 1566 1860 (97);
1600 1791 1693 1859 qui
1730 1792 1835 1844 mel
1862 1791 2034 1846 incul-

2147 593 2235 655 Ὠς
2271 593 2337 647 ἂν
2379 596 2441 649 ού
2481 597 2546 667 τῇ
2588 596 2890 668 μικροφυῖᾳ
2928 593 3024 648 τοῦ
3065 594 3225 662 λόγου
3267 594 3697 667 συγκαθαιρεθείη

2131 686 2192 739 τὸ
2226 685 2436 757 θαῦμα,
2468 688 2565 741 καὶ
2600 690 2699 759 τῆς
2734 689 2790 740 ὲν
2821 687 3040 757 ἑκάστῳ
3076 686 3173 740 νῦν
3208 686 3336 755 περὶ
3370 684 3526 747 αὑτοῦ
3559 686 3698 759 δόξης

2107 776 2343 843 ,γένοιτό
2369 795 2473 842 τις,
2501 779 2591 832 διὰ
2615 779 2724 832 τῶν
2750 780 2996 833 ἐπαινεῖν
3017 776 3464 849 ἐπιχειρούντων,
3486 778 3699 832 ὲλάττω-

2134 886 2248 934 σις,
2288 874 2535 942 κρεῖττον
2579 872 2645 925 ἂν
2688 872 2780 926 ἐπὶ
2817 872 2919 942 τῆς
2955 872 3166 941 σιωπῆς
3204 869 3401 941 μᾶλλον
3440 868 3614 935 αὔξειν
3651 873 3703 926 ἐν

2134 961 2346 1025 ἑαυτοῖς
2385 962 2445 1015 τὸ
2480 962 2687 1030 θαῦμα,
2726 962 2759 1034 ἢ
2799 962 2890 1017 διὰ
2930 961 3026 1016 τοῦ
3067 962 3228 1031 λόγου
3267 962 3705 1034 κατασμικρύνειν

2132 1053 2224 1105 τὸν
2251 1052 2494 1107 ἔπαινον.
2522 1054 2647 1117 Πῶς
2677 1055 2784 1125 γὰρ
2812 1055 3131 1117 ὲπειπόντες
3160 1054 3257 1107 καὶ⁸
3281 1052 3377 1108 νῦν
3401 1070 3458 1106 σε
3492 1057 3706 1127 μακαρί-

2136 1159 2340 1213 σωμεν,
2368 1145 2548 1217 πάτερ
2568 1145 2819 1199 Βασίλειε
2842 1164 2856 1212 ;
2892 1147 2949 1200 '0
2975 1144 3053 1217 τῷ
3079 1146 3293 1217 κέντρῳ
3317 1143 3412 1221 τού
3439 1144 3591 1213 λόγου
3619 1147 3708 1219 τὴν

2136 1236 2346 1307 πλάνην
2374 1237 2579 1291 νύττων
2610 1239 2707 1292 καὶ
2740 1238 3066 1292 ἀπελαύνων
3088 1250 3104 1266 ⁸
3142 1240 3170 1292 ό
3204 1238 3456 1308 ἀπαίρων
3486 1237 3709 1303 συνετῶς

2134 1320 2251 1393 ἅμα
2296 1326 2418 1388 ταῖς
2464 1326 2777 1397 μελίτταις,
2820 1328 2915 1382 καὶ
2963 1320 3179 1399 σκηνῶν
3216 1330 3295 1391 εἰς
3337 1328 3574 1398 λειμῶνα
3612 1328 3711 1383 τῶν

2137 1414 2514 1470 θεοπνεύστων
2535 1418 2771 1489 Γραφῶν
2787 1459 2803 1485 ,
2824 1418 3082 1473 κάκεῖθεν
3104 1417 3412 1487 ἀνθολογῶν
3435 1415 3567 1490 ἄνθη
3592 1436 3713 1491 προ·

2106 1503 2374 1572 ·φητικά,
2419 1504 2610 1576 δρόσον
2654 1507 3047 1578 ἀποστολικήν.
3084 1507 3145 1561 Ὀ
3186 1509 3274 1561 ἀεὶ
3320 1508 3576 1572 ὲνιζάνων
3612 1512 3713 1573 τοῖς

2138 1609 2201 1645 συ
2211 1594 2430 1664 μόόλοις
2454 1596 2821 1684 τῶνάρετῶν,
2849 1602 2943 1655 καὶ
2966 1600 3028 1665 ἐξ
3049 1599 3230 1654 αὐτῶν
3252 1601 3352 1672 τὴν
3376 1600 3525 1657 θείαν
3548 1601 3716 1656 ποιούο

2138 1701 2299 1751 μενος
2338 1688 2626 1757 πρόπολιν.
2662 1690 2719 1743 '0
2755 1690 2815 1743 τὸ
2856 1691 2977 1761 μέλι
3014 1691 3115 1761 τῆς
3156 1693 3462 1763 ἀμωμήτου
3499 1694 3716 1756 πίστεως

2137 1778 2316 1845 σοφῶς
2347 1779 2726 1850 ἐργασάμενος
2759 1784 2816 1836 ὲν
2848 1782 3129 1853 Πνεύματι
3165 1783 3332 1854 ἁγίῳ,
3371 1784 3400 1837 ὁ
3430 1783 3536 1837 τῶν
3567 1801 3718 1855 πονη-

446 1850 586 1945 patre
631 1877 756 1930 tidri
807 1879 860 1932 in
902 1879 1112 1947 Spiritu
1147 1889 1343 1935 sancto
1395 1850 1675 1951 sapienter
1735 1881 2028 1949 effeceris;

2142 1869 2252 1940 ρῶν
2272 1871 2510 1941 ,σφηκῶν
2539 1876 2904 1944 καταφρονεῖν
2933 1850 3223 1938 διδάσκων,
3254 1850 3351 1929 καὶ
3380 1874 3580 1945 πτῆσιν
3605 1850 3716 1929 ποι-

446 1969 542 2035 qui
580 1969 753 2024 malas
802 1985 996 2040 vespas
1026 1976 1366 2044 contemptui
1402 1976 1626 2041 habere,
1659 1992 1724 2033 ac
1757 1980 1944 2035 volatu
1977 1980 2034 2036 in

444 2058 645 2112 coelum
679 2061 1016 2117 contendere
1043 2065 1244 2119 doceas
1273 2082 1286 2132 ;
1318 2066 1408 2134 qui
1446 2067 1592 2122 sicut
1626 2068 1797 2123 David
1828 2072 2036 2126 clama-

444 2149 842 2216 veristhuam
867 2150 1049 2208 dulcia
1086 2152 1344 2213 faucibus
1385 2158 1523 2213 meis
1559 2159 1779 2231 eloquia
1823 2171 1915 2217 tua
1947 2174 2027 2230 0,:

446 2237 676 2294 Domine
697 2244 709 2296 l

521 2331 639 2386 Una
693 2343 896 2401 tecum,
943 2354 976 2391 ο
1016 2340 1190 2396 fi.!elis
1238 2342 1423 2410 Basili,
1460 2342 1796 2403 desiderium
1830 2363 2036 2404 acuen—

448 2437 553 2489 tes,
589 2425 693 2478 larti
727 2429 938 2496 pariter
984 2432 1328 2502 plausimus,
1373 2440 1510 2494 nihil
1548 2441 1646 2495 tibi
1685 2458 1713 2496 a
1751 2443 1913 2498 nobis
1953 2442 2037 2496 af-

448 2514 728 2583 ferentes;
781 2521 985 2591 quippe
1038 2532 1395 2583 temerarium
1445 2542 1584 2588 est:
1639 2534 1737 2588 sed
1774 2535 2038 2591 laudatio-

448 2623 574 2662 nem
625 2626 653 2663 a
706 2613 1051 2671 dulcissimis
1106 2629 1327 2675 tuarum
1388 2624 1614 2678 laudum
1681 2628 2035 2695 praeconilms

449 2700 762 2767 collectam,
800 2705 965 2760 haece
1017 2710 1183 2763 vitam
1223 2711 1417 2767 ferenti
1465 2716 1794 2771 celebritate
1822 2727 2037 2774 octava:

448 2789 555 2843 diei
590 2792 1049 2853 Circunirisionis
1081 2805 1485 2871 ccugrssimus,
1527 2821 1771 2876 congrua
1809 2808 1877 2861 ad
1911 2825 2038 2864 can-

448 2882 615 2937 ticum
646 2900 769 2942 Cum
803 2891 1062 2946 omnibus
1097 2894 1440 2949 celebrantes
1493 2899 1781 2954 memoria.
1821 2898 2033 2955 Etenim

450 2985 643 3029 octava
693 2978 1159 3041 Circutncisionis
1206 2984 1294 3041 die
1346 2987 1512 3041 vitam
1547 2988 1721 3043 solvis
1762 2991 2034 3059 emigras-

446 3083 578 3135 que,
623 3070 712 3125 ubi
746 3089 919 3127 annos
951 3090 1146 3132 omnes
1188 3071 1299 3131 Deo
1330 3079 1638 3134 servisses:
1684 3080 1739 3133 in
1770 3081 1849 3134 eis
1881 3097 2034 3149 vero,

2136 1963 2315 2017 εἴσοαι
2352 1965 2435 2027 είς
2473 1964 2637 2018 αὐτὸν
2672 1965 2765 2019 τὸν
2801 1966 3054 2038 οὐρανόν.
3093 1965 3151 2019 '0
3189 1965 3396 2037 βοήσας
3430 1966 3506 2030 ὡς
3536 1964 3716 2033 nam,

2142 2077 2161 2108 ι
2186 2051 2270 2119 Ὠς
2300 2056 2507 2125 γλυκέα
2546 2057 2625 2129 τῷ
2650 2058 2889 2131 λάρυγγί
2920 2075 3027 2131 μου
3055 2058 3125 2113 τὰ
3152 2058 3314 2128 λόγια
3342 2076 3462 2127 σου,
3492 2077 3510 2111 ι
3539 2057 3718 2128 Κύριεὶ

2208 2330 2319 2404 Σοὶ,
2346 2340 2503 2395 πιστὲ
2528 2340 2774 2397 Βασίλειε
2795 2383 2810 2408 ,
2843 2342 2936 2397 τδν
2972 2342 3137 2397 πόθον
3175 2341 3720 2415 συμπαραθήγοντες,

2134 2434 2226 2488 τὸν
2251 2435 2383 2506 ἡδὺν
2414 2435 2929 2507 συνεκρουσάμεθα’
2948 2437 3049 2490 οὐκ
3075 2435 3133 2501 ἐξ
3154 2436 3312 2508 ἡμῶν
3346 2453 3402 2490 τι
3440 2436 3525 2491 σοὶ
3557 2451 3717 2507 προσ-

2135 2525 2385 2591 οίσαντες
2427 2544 2443 2561 ο
2496 2527 2769 2600 τολμηρὸν
2827 2529 2975 2599 γάρ’
3035 2528 3151 2582 ἀλλ’
3207 2530 3276 2583 ὲκ
3336 2528 3449 2582 τῶν
3509 2527 3727 2598 ἡδίστων

2137 2620 2440 2671 ἐπαινετῶν
2471 2619 2662 2673 τοῦτον
2691 2621 3079 2691 ὲρανισάμενοι
3100 2661 3115 2685 ,
3150 2621 3207 2673 ὲν
3235 2619 3419 2691 ταύτῃ
3447 2617 3726 2691 συνηθροί-

2138 2725 2312 2779 σαμεν
2336 2711 2402 2780 τῇ
2434 2709 2711 2781 φερεσὸίῳ
2744 2705 3051 2779 πανηγύρει
3073 2709 3175 2779 τῆς
3194 2708 3549 2782 ὀκταημέρου
3577 2709 3727 2778 Περι-

2136 2800 2311 2872 τομῆς
2352 2800 2422 2854 τὰ
2456 2802 2674 2856 ἐοικότα
2706 2802 2843 2873 πρὸς
2892 2798 3062 2872 ὕμνον
3099 2805 3164 2871 τῇ
3210 2804 3409 2876 μνήμῃ
3451 2800 3727 2871 συνεορτά-

2139 2890 2322 2955 ζοντες
2338 2909 2353 2922 ·
2376 2889 2710 2963 ὀκταημέρῳ
2734 2892 2845 2962 γὰρ
2867 2892 3141 2961 περιτομῇ
3172 2891 3469 2955 καταλύεις
3492 2890 3582 2963 τὸν
3604 2889 3725 2958 βίον,

2138 2983 2323 3047 ὅπλοις
2366 2983 2411 3015 ³⁸
2448 2983 2548 3053 μὲν
2592 2981 2809 3054 χρόνοις
2839 2981 3137 3048 δουλεύσας
3174 2982 3297 3054 Θεῷ
3323 3025 3338 3051 ,
3380 2982 3526 3037 ὀκτὼ
3579 2982 3633 3034 δὲ
3677 2983 3729 3035 ἐν

2137 3074 2277 3139 ὅλοις
2316 3074 2464 3129 ἔτεσι
2494 3075 2584 3128 τὸν
2614 3073 2715 3145 τῆς
2760 3074 2912 3145 ἱερᾶς
2949 3091 3042 3128 σου
3092 3074 3366 3145 καθέδρας
3402 3074 3586 3137 ίθύνας
3618 3072 3730 3143 θρό·

449 3170 575 3214 octo
622 3162 894 3219 duntaxat
946 3175 1054 3222 tuae
1096 3170 1243 3239 sedis
1272 3173 1534 3226 thronum
1585 3171 1904 3230 moderatus
1944 3190 2033 3230 es-

2140 3185 2251 3223 νον.
2292 3162 2463 3232 Οὗτος
2501 3168 2616 3231 τοῖς
2655 3165 2847 3221 ἔπεσιν
2896 3166 2949 3219 ὁ“
2974 3165 3151 3238 μέγας
3188 3165 3502 3237 Γρηγόριος
3543 3160 3730 3217 ἐννοεῖν

447 3267 561 3309 ses.
596 3252 706 3307 Hoc
730 3254 960 3328 magnus
985 3260 1146 3314 docet
1177 3258 1500 3332 Gregorius,
1537 3263 1628 3319 ubi
1659 3261 2034 3322 desideratum

447 3344 702 3400 versibus
761 3348 1065 3417 proscribit
1111 3350 1223 3420 (98)
1279 3352 1653 3423 cogitandum.
1713 3352 2036 3427 Gregorius,

448 3435 698 3505 inquam,
770 3439 933 3510 cujus
988 3443 1191 3499 Studiis
1256 3442 1487 3517 irrigata
1542 3449 1701 3506 nobis
1756 3450 2036 3522 theologia

450 3530 723 3588 illustrius
778 3535 1151 3603 splendescit;
1208 3546 1371 3609 teque
1422 3542 1664 3613 theologi
1696 3555 1850 3607 nota,
1884 3545 2038 3599 velut

392 3682 397 3687 .
449 3618 541 3685 qui
584 3621 747 3674 ambo
801 3622 945 3678 idem
996 3624 1223 3695 spiretis
1279 3636 1333 3683 et
1362 3628 1430 3683 ad
1492 3630 1637 3686 idem
1696 3633 2034 3702 respiciatis,

451 3708 699 3777 insignit.
735 3709 882 3767 Sane
911 3728 1020 3768 una
1055 3715 1114 3770 in
1168 3725 1410 3788 utroque
1441 3721 1627 3776 anima
1662 3720 1879 3778 duobus
1909 3739 2039 3779 cor-

448 3800 679 3867 poribus
733 3802 976 3858 ferendis
1030 3806 1339 3864 dicebatur.
1391 3811 1524 3885 Post
1578 3813 1728 3868 hunc
1805 3831 2037 3886 quoque

449 3888 749 3959 Gregorius
775 3892 1082 3964 Nyssenus,
1124 3909 1180 3953 et
1215 3900 1337 3972 ipse
1368 3898 1689 3959 divinorum
1722 3904 2028 3976 interpres,

450 3995 514 4055 ac
551 3982 637 4035 vix
669 3983 969 4054 quidquam
1004 3989 1102 4044 tibi
1138 3990 1318 4062 gloria
1354 3993 1551 4065 impar,
1584 4004 1645 4049 ut
1676 4012 1855 4066 neque
1884 3997 2041 4054 deest

450 4070 658 4140 aliquid
693 4073 761 4128 ad
792 4077 1258 4148 propinquitatem
1290 4092 1522 4139 naturae.
1557 4083 1641 4140 Ad
1675 4086 1777 4142 bos
1816 4088 2034 4143 accedit

451 4160 723 4230 l'lphraem,
756 4169 848 4237 qui
920 4169 1131 4239 Spiritu
1190 4171 1383 4231 divino
1440 4190 1642 4232 arcana
1693 4177 2031 4247 iudiciorum

449 4252 548 4309 Dei
596 4258 836 4315 fidelium
869 4263 1137 4323 cordibus
1168 4281 1267 4322 ceu
1302 4269 1557 4338 potaudis
1592 4268 1856 4325 infundit.
1889 4268 2032 4326 Huic

451 4348 790 4406 revelatione
819 4352 1149 4423 iunotescis,
1197 4358 1360 4431 isque
1407 4367 1460 4416 te
1484 4361 1863 4418 nescientibus
1892 4377 2031 4433 prae-

2142 3262 2311 3331 ἡμᾶς,
2348 3262 2414 3333 τῇ
2444 3257 2722 3331 ὲπιθυμίῳ
2752 3276 2847 3314 σου
2881 3260 3182 3332 προγραφῇ
3215 3257 3555 3314 ἐκδιδάσκει.
3600 3254 3725 3326 Παρ¹

2139 3348 2253 3423 οἶδὴ
2284 3350 2531 3422 θεολογία
2554 3349 2689 3423 ἡμῖν
2718 3350 3066 3423 ὲπαρδομένη
3083 3350 3529 3422 καταστράπτει,
3561 3348 3650 3403 καί
3676 3363 3729 3399 σε

2139 3440 2213 3509 ὡς
2245 3444 2492 3513 θεολόγον
2527 3443 2972 3515 διασημαίνεται,
3009 3442 3085 3506 ὡς
3115 3442 3175 3495 τὸ
3212 3436 3272 3495 ἓν
3322 3443 3586 3505 πνέοντες
3606 3481 3620 3505 ,
3648 3439 3734 3493 καὶ

2140 3534 2277 3605 πρὸς
2308 3533 2369 3587 τὸ
2396 3532 2453 3587 ἓν
2486 3532 2793 3604 βλέποντες.
2822 3531 2937 3587 Μία
2972 3529 3073 3603 μὲν
3110 3534 3168 3585 ἐν
3198 3534 3544 3603 ἀμφοτέροις
3572 3530 3732 3585 ἐδόκει

2139 3628 2306 3699 ψυχὴ,
2340 3626 2435 3681 δύο
2463 3625 2693 3698 σώματα
2726 3627 2987 3698 φέρουσα.
3024 3625 3292 3689 Συναῦθις
3326 3627 3427 3681 καὶ
3448 3624 3735 3698 Γρηγόριος

2139 3721 2168 3773 ὁ
2196 3717 2515 3787 Νυσσαέων,
2543 3717 2639 3774 καὶ
2668 3719 2831 3783 αὐτὸς
2849 3719 2959 3773 τῶν
2989 3718 3151 3773 θείων
3179 3717 3461 3789 ἐξηγητής
3487 3733 3500 3748 ·
3525 3718 3598 3788 μὴ
3623 3730 3734 3768 τοσ-

2138 3812 2299 3867 οὖτον
2345 3813 2444 3884 τῆς
2480 3812 2632 3885 παρὰ
2677 3811 2772 3866 σοῦ
2798 3812 2971 3882 ςδόξης
3013 3811 3477 3880 ἀπολειπόμενος,
3510 3810 3585 3874 ὡς
3626 3805 3735 3861 οὐδὲ

2139 3908 2208 3975 τῇ
2237 3907 2373 3976 πρὸς
2391 3903 2552 3975 φύσιν
2580 3902 2863 3975 ὲγγύτητι.
2895 3903 3000 3956 Σὺν
3023 3896 3105 3967 οἷς
3135 3903 3230 3955 καὶ
3262 3901 3534 3973 Ἐφραῒμ,
3554 3903 3582 3955 ὀ
3614 3897 3734 3968 θείῳ

2140 3996 2425 4067 Πνεύματι
2469 3995 2542 4049 τά
2569 3995 2861 4067 ἀπόρρητα
2884 3993 2994 4047 τῶν
3032 3993 3193 4047 θείων
3224 3993 3519 4064 χριμάτων
3544 4005 3737 4060 καταρ-

2140 4087 2337 4152 δεύσας
2356 4090 2478 4152 ταῖς
2495 4087 2745 4158 καρδίαις
2774 4085 2883 4139 τῶν
2905 4085 3139 4139 πιστῶν.
3170 4085 3270 4147 ’⁷ος
3306 4101 3371 4137 σε
3399 4084 3499 4138 καὶ
3518 4082 3586 4136 δι’
3607 4082 3736 4134 ἀπο·-

2142 4178 2429 4249 καλύψεως
2454 4175 2736 4249 γνωρίζει,
2761 4177 2994 4240 καὶτοῖς
3027 4174 3428 4245 ἀγνοουμένοις
3458 4172 3735 4245 κηρύττει.

2153 4270 2242 4335 Ὠς
2270 4272 2380 4342 γάρ
2410 4289 2470 4326 σε
2501 4270 2623 4324 θεῖα
2645 4271 2897 4342 νοήματα
2927 4269 3336 4341 προκείμενον,
3379 4270 3447 4340 τῇ
3481 4265 3578 4320 τοῦ
3610 4259 3737 4318 Θεοῦ

2152 4362 2450 4434 Ἐκκλησία
2482 4361 2721 4432 φανῆναι
2753 4360 3148 4432 προτρέπεται.

451 4439 614 4494 conio
663 4446 923 4501 ostendit.
985 4446 1151 4507 Velut
1224 4453 1374 4509 enim
1422 4453 1770 4525 exponendis
1825 4453 2034 4510 divinis
2072 4453 2258 4511 sensis
2301 4454 2656 4526 prepositum
2716 4450 2859 4524 (99),
2909 4449 3007 4507 Dei
3066 4457 3122 4506 te
3187 4448 3463 4508 Ecclesiae
3529 4441 3742 4517 conspi-

452 4545 618 4586 cuum
651 4535 769 4591 fieri
805 4539 1151 4605 adhortatur.

530 4701 554 4730 ο
589 4691 735 4750 P.~al.
766 4712 958 4765 cxvllt,
996 4699 1121 4755 105.
1204 4776 1216 4786 ⁸

1751 4836 1991 4897 VARUS
2022 4835 2438 4896 LECTIONES.

528 4925 573 4958 ³ο
590 4924 758 4982 Forte
790 4929 954 4992 ὅλοις.

1763 5050 2158 5121 consensu
2188 5050 2423 5108 nom.

525 5141 637 5213 (97)
691 5141 988 5220 Propolim.
1026 5144 1085 5201 ln
1119 5161 1286 5217 apum
1350 5147 1629 5220 operibus
1663 5147 1870 5203 dicitur
1929 5158 2042 5204 ler-
2075 5153 2122 5212 D
2222 5148 2443 5220 Qctom's
2501 5147 2660 5204 annis
2688 5146 2872 5220 populi
2893 5163 2949 5203 es
2980 5145 3300 5204 moderatus
3335 5146 3571 5202 habenas

455 5214 535 5267 tiu
551 5229 600 5265 ιιι
624 5229 765 5271 cera:
788 5214 1228 5281 fundamentum,
1251 5234 1317 5272 ex
1345 5214 1629 5275 crassiore
1650 5222 2045 5288 tenacioreqne

457 5292 726 5359 constans
755 5290 981 5359 materia
1020 5289 1225 5359 frigori
1267 5289 1596 5359 injurizeque
1625 5305 1820 5346 omnes
1855 5289 2043 5347 aditus

457 5356 777 5428 obstruens,
813 5356 1437 5428 favosque'stabiliens.
1469 5356 1607 5415 Plin.
1628 5373 1690 5422 ιι,
1716 5376 1765 5414 c.
1797 5362 1858 5428 7;
1880 5360 2050 5425 idem,

461 5427 499 5480 1.
534 5440 684 5493 utv,
719 5444 768 5482 c.
858 5446 874 5485 :
902 5426 1098 5503 Populi
1124 5430 1301 5498 ferunt
1342 5431 1395 5484 in
1418 5429 1565 5498 [aliis
1608 5426 1929 5502 guttam,ea:
1949 5449 2054 5503 qua

464 5511 587 5565 apes
615 5498 879 5568 propolim
915 5501 1143 5568 faciunt.

539 5567 763 5637 (98)Uhi
802 5567 1166 5643 desideratum
1203 5570 1510 5639 proscribit;
1559 5571 1942 5643 Τῇέπιθυμίῳ
1960 5590 2054 5627 σου

2224 5217 2585 5276 Christiania.

2154 5290 2261 5378 Ero
2318 5291 2475 5378 χοεῖς
2546 5288 2700 5346 illius
2768 5288 3139 5361 explicatione
3207 5285 3435 5344 videndi
3508 5285 3733 5356 interpr.

2156 5361 2539 5506 ϐὓέθίίῖἶνείιιε
2562 5431 2705 5506 enim
2746 5431 3073 5502 exponendis
3095 5430 3290 5506 diuinis
3312 5422 3739 5506 sensisproposi-

2161 5498 2297 5558 tum.
2332 5498 2594 5558 Mendosa
2651 5498 2967 5563 litteraaut
3029 5502 3244 5565 mutila,
3278 5514 3384 5554 nec
3418 5498 3576 5553 nobis
3608 5498 3740 5549 faci-

2164 5591 2289 5630 mus
2342 5575 2505 5628 satis.
2538 5570 2767 5628 Fuerint
2792 5572 2979 5627 forsan
3016 5571 3133 5626 haec
3167 5569 3439 5625 Basiliiin
3473 5568 3739 5635 Ephrrem,
3776 5602 3781 5613 .

467 5634 788 5714 προγραφῇ.
814 5638 1027 5714 Nempe
1057 5634 1340 5714 epitaphio
1371 5643 1491 5707 illo,
1516 5634 1798 5712 qno'telut
1831 5634 1884 5697 in
1916 5634 2056 5698 ima-
2162 5660 2327 5714 quem
2383 5645 2551 5699 nimia
2584 5644 2933 5714 [humilitate
2962 5636 3067 5697 Sub
3093 5641 3365 5714 monachi
3400 5634 3589 5714 habitu
3617 5634 3735 5689 deli-

469 5707 616 5775 gine,
641 5707 712 5783 ob
740 5707 934 5766 rivulos
964 5707 1339 5767 desideratum
1366 5707 1567 5783 ponit';
1605 5714 1695 5770 ubi
1718 5723 1803 5770 est
1826 5714 1920 5771 ille
1941 5730 2059 5772 ver-

475 5792 590 5841 sus,
618 5778 683 5851 ad
721 5796 880 5851 quem
918 5791 1108 5837 auctor
1138 5784 1355 5841 aTludit.

584 5927 592 5934 ἢ
639 5849 904 5919 Ὀκταετῆ
930 5853 1076 5908 λαοῖο
1104 5854 1157 5908 θε
1177 5855 1393 5938 ἱοίρονος
1422 5855 1543 5927 ἡνία
1565 5856 1749 5921 τείνας

2166 5708 2471 5769 ιέερειιιιτιιι
2496 5757 2510 5780 ,
2547 5713 2615 5768 ad
2648 5713 2909 5769 Ecclesiae
2961 5712 3360 5786 magisterium
3406 5710 3491 5786 vir
3520 5708 3741 5786 __bvatus

2168 5777 2574 5853 impulerim-si
2624 5786 2933 5855 praesertim
2961 5823 2975 5845 ,
3009 5777 3080 5836 ιιῐ
3099 5783 3263 5855 habet
3318 5777 3740 5855 Amphilochius

2178 5864 2233 5912 et
2253 5844 2647 5929 Menoln'gium',
2684 5855 2750 5912 ad
2779 5855 3154 5914 sacerdotium
3177 5851 3365 5926 adegit
3389 5867 3401 5907 :
3443 5844 3553 5923 quo
3578 5844 3738 5920 gradu
