3966 6432
291 445 402 511 929

925 441 1007 503 IN
1041 440 1704 502 CIRCUMCISIONEM
1733 440 2010 502 DOMINI
2048 441 2141 501 ET
2182 390 2264 501 1N
2304 441 2363 500 s.
2407 412 2799 502 BASILIUM.

3376 431 3386 441 ’
3457 441 3565 505 930

380 556 542 612 Ἀλλὰ
589 554 686 609 σὺν
721 553 903 617 αὐτοῖς
942 556 1056 631 τοῖς
1101 552 1269 617 θείοις
1308 553 1643 618 ἐπαινέταις,
1690 553 1872 623 πάτερ

2052 555 2369 621 Enimvero,
2418 553 2584 608 Basili
2641 563 2820 623 pater,
2868 554 2961 624 qui
3012 569 3136 609 cum
3174 554 3311 625 ipsis
3355 554 3564 611 divinis

294 648 566 712 Βασίλειε,
597 646 653 699 ἐν
674 643 1033 715 πατριαρχῶν
1070 643 1461 698 συναπολαύων
1482 647 1709 715 σκηναῖς
1742 646 1878 699 ἀπο-

298 738 504 791 στόλων
535 752 595 788 τε
636 734 733 788 καὶ
769 732 1065 803 προφητῶν
1108 733 1560 804 μυσταγωγίαις,
1605 733 1700 786 καὶ
1738 751 1879 803 μαρ-

294 827 479 893 τύρων
509 822 923 894 στεφηφορίαις,
962 821 1059 876 καὶ
1118 821 1369 893 μοναχῶν
1410 823 1673 892 χορείαις,
1721 822 1880 876 θείων

292 935 356 971 τε
390 916 662 989 ἱεραρχῶν
692 914 785 968 καὶ
816 914 1033 968 πάντων
1071 913 1296 967 δικαίων
1337 914 1788 985 ἀγαθοτρυφίαις,
1811 914 1881 969 τὰ

294 1010 441 1080 ὑπὲρ
460 1008 620 1080 ἡμῶν
664 1008 955 1078 μνήσθητι,
1000 1006 1417 1078 συνεπαγείρων
1455 1009 1534 1072 εἰς
1581 1006 1881 1080 πρεσϐείαν

294 1103 508 1165 πάντας
539 1102 877 1171 ὁμοσκήνους
926 1115 1045 1163 σου,
1084 1098 1179 1152 τοῦ
1214 1098 1607 1153 καθικετεῦσαι
1649 1099 1881 1153 πάντοτε

299 1193 425 1264 μὲν,
454 1192 547 1246 καὶ
576 1190 673 1246 νῦν
701 1191 759 1244 δὲ
790 1191 883 1245 τὸν
916 1190 1094 1244 κοινὸν
1127 1190 1407 1260 Δεσπότην
1434 1190 1575 1261 ὑπὲρ
1609 1191 1706 1262 τῆς
1743 1191 1881 1245 πάν-

291 1298 405 1335 των
451 1280 728 1352 σωτηρίας
752 1278 1132 1353 Χριστιανῶνιο
1175 1279 1398 1350 βασιλέα
1436 1280 1781 1351 καταρτίζων
1823 1282 1882 1333 ὲν

296 1371 615 1444 δικαιοσύνῃ
669 1373 763 1426 καὶ
807 1370 1126 1438 θεοσεϐείᾳ,
1158 1371 1226 1424 ἵν’
1269 1371 1384 1443 ἔχοι
1421 1372 1560 1427 Θεὸν
1592 1372 1883 1443 σύμμαχον

256 1514 259 1521 .
292 1465 463 1520 αὐτοῦ
500 1468 614 1529 τοῖς
643 1465 878 1536 νοήμασι
902 1503 918 1529 ,
946 1463 1039 1518 τὸν
1072 1463 1355 1535 ἀδιάδοχον
1387 1465 1637 1534 βασιλέα,
1665 1465 1798 1536 παρ’
1821 1460 1882 1520 οῦ

291 1557 619 1623 δεσπόζεται
666 1556 912 1611 ἄνωθενο
968 1555 1236 1625 ἄρχοντάς
1273 1573 1335 1609 τε
1375 1556 1470 1610 καὶ
1504 1555 1785 1628 ἡγεμόνας
1826 1556 1886 1610 ἐν

294 1649 553 1721 εὐσεϐείᾳ
578 1648 817 1706 διέποιτο
852 1647 1150 1717 ὑπηκόους,
1185 1647 1404 1719 στρατῷ
1432 1649 1881 1720 συμμαχόμενος,

295 1740 394 1795 καὶ
422 1740 513 1795 τὸν
557 1740 746 1793 λοιπὸν
787 1740 917 1794 λαὸν
965 1741 1021 1792 ὲν
1054 1738 1280 1810 ὁμονοίᾳ
1318 1740 1387 1809 τῇ
1429 1739 1567 1809 πρὸς
1604 1739 1703 1810 τὴν
1732 1739 1884 1796 θείαν

295 1832 505 1899 πίστιν,
520 1834 615 1888 καὶ
635 1833 700 1904 τῇ
720 1832 855 1903 πρὸς
870 1831 1132 1902 ἀλλήλους
1146 1831 1336 1902 εἰρήνῃ
1355 1831 1665 1901 διακρατῶν
1682 1848 1695 1861 ’
1715 1831 1885 1903 χρίων

294 1927 578 1997 ἀρχιερεῖς
611 1926 668 1979 ὲν
704 1922 978 1994 θεολογία,
1010 1921 1191 1984 καλῶς
1218 1920 1501 1992 κυϐερνᾷ-θ,
1525 1921 1623 1993 τὴν
1650 1924 1715 1977 ὲκ
1747 1921 1884 1976 Θεοῦ

294 2017 394 2069 καὶ
422 2014 573 2085 παρὰ
637 2010 734 2067 σοῦ
802 2011 986 2080 σοφῶς
1030 2008 1496 2080 πεπαιδευμένην,
1543 2012 1641 2064 καὶ
1703 2012 1887 2079 αὐτοῖς

293 2105 754 2179 ἐμπιστευθεῖσαν
817 2101 1164 2174 Ἐκκλησίαν.
1236 2102 1426 2173 Ἱερεῖς
1502 2104 1562 2156 ὲν
1625 2103 1887 2176 εὐλαϐείᾳ

290 2197 592 2270 διατηρῶν,
624 2198 772 2260 ὅπως
798 2194 1110 2266 θεαρέστως
1149 2192 1413 2264 βιοῦντες,
1463 2194 1561 2248 καὶ
1595 2195 1687 2249 τὸν
1716 2194 1887 2267 ὕμνον

293 2290 538 2357 ἐπαξίως
560 2288 640 2357 τῷ
674 2305 733 2342 σε
773 2286 889 2343 νυνί
917 2303 978 2339 τε
1019 2284 1450 2356 προσλαϐομένῳ
1490 2286 1587 2340 καὶ
1628 2286 1887 2355 στέψαντι

293 2385 394 2438 καὶ
454 2380 619 2435 παντὶ
678 2378 759 2451 τῷ
810 2376 989 2450 πιστῷ
1048 2377 1213 2449 δήμῳ
1272 2377 1549 2449 περιφανῆ
1604 2379 1841 2445 δείξαντι
1871 2419 1887 2445 ,

294 2474 557 2544 ποιμένα,
586 2472 680 2526 καὶ
711 2473 776 2544 δὴ
815 2472 1123 2542 πλέξωμεν.
1171 2473 1268 2534 Ὃς
1294 2470 1362 2524 δι’
1393 2472 1543 2542 ἡμᾶς
1569 2471 1889 2543 ὲπτώχευσε

297 2565 555 2629 πλούσιος
582 2563 678 2629 ὣν,
720 2567 786 2617 ὲκ
815 2563 1054 2633 γαστρὸς
1090 2561 1375 2632 προελθὼν
1419 2566 1785 2638 σαρκοφόρος.
1813 2567 1890 2632 ὠς

264 2651 441 2715 ,οῐδεν
474 2655 659 2718 αὐτός.
699 2654 757 2707 '0
790 2654 902 2709 ἄνω
941 2653 1019 2725 τῷ
1054 2654 1229 2722 Πατρῖ
1265 2654 1760 2728 συγκαθεζόμενος,
1795 2660 1891 2713 καὶ

296 2749 360 2802 ἐν
399 2747 645 2819 σπηλαίῳ
684 2763 743 2800 τε
796 2747 1133 2817 τικτόμενος,
1170 2748 1266 2801 καὶ
1312 2748 1372 2802 ὲν
1417 2749 1594 2822 φάτνῃ
1642 2767 1892 2823 σπαργα-

296 2839 582 2912 νούμενος.
632 2840 691 2894 '0
736 2840 841 2894 ὑπὸ
888 2841 1138 2911 ἀγγέλων
1179 2842 1606 2913 ἀνυμνούμενος,
1652 2848 1746 2900 καὶ
1787 2846 1891 2900 ὑπὸ

296 2931 577 3001 ποιμένων
605 2930 1040 3003 θαυμαζόμενος.
1079 2932 1137 2985 Ὁ
1166 2934 1233 3003 τῇ
1253 2933 1504 3006 παρούσῃ
1525 2935 1687 3008 ὀγδόῃ
1706 2938 1891 3008 ἡμέρᾳ

298 3023 791 3094 περιτεμνόμενος,
826 3023 922 3076 καὶ
963 3022 1140 3095 Ἰησοῦ
1169 3010 1547 3096 προσηγορίαν
1575 3026 1888 3098 δεχόμενος.

311 3114 374 3167 '0
402 3112 679 3184 καθάρσια
703 3114 1033 3186 προσφέρων
1056 3153 1071 3177 ,
1105 3116 1199 3168 καὶ
1239 3116 1345 3170 ὑπὸ
1379 3116 1608 3188 Συμεὼν
1645 3120 1739 3172 καὶ
1767 3122 1893 3173 Ἀν-

296 3222 399 3275 νης
421 3205 976 3277 ἀνθομολογούμενος,
1004 3207 1097 3259 καὶ
1124 3206 1231 3260 ὑπὸ
1254 3192 1459 3277 Μάγων
1481 3208 1889 3282 δορυφορούμε-
1918 3245 1962 3303 c

297 3314 410 3361 νος.
461 3297 518 3349 '0
544 3297 763 3365 φεύγων
804 3300 884 3361 εἱς
913 3298 1206 3365 Αἴγυπτον,
1236 3301 1331 3353 καὶ
1362 3319 1383 3352 ι
1420 3300 1581 3354 σείων
1607 3302 1678 3355 τὰ
1707 3320 1890 3373 χειρο-

297 3386 503 3457 ποίητα
526 3386 825 3455 Αἰγύπτου.
884 3405 903 3437 ι
960 3385 1019 3439 Ὀ
1051 3386 1150 3457 τὴν
1192 3387 1407 3441 τελείαν
1445 3389 1637 3460 ἀνδρὸς
1677 3390 1893 3458 ἠλικίαν

297 3477 614 3547 δεχόμενος,
670 3477 766 3531 καὶ
816 3477 921 3533 ὑπὸ
943 3478 1133 3532 δούλου
1201 3478 1599 3550 βαπτιζόμενος
1623 3517 1640 3545 ,
1680 3482 1774 3535 καὶ
1814 3482 1894 3553 τῷ

302 3567 458 3622 ὕδατι
491 3568 727 3639 βυθίζων
753 3568 852 3640 τὴν
882 3567 977 3622 τοῦ
1014 3569 1226 3641 κόσμου
1266 3572 1566 3643 ἁμαρτίαν.
1616 3572 1674 3626 ⁸0
1701 3573 1895 3644 κόσμῳ

301 3661 733 3733 φανερούμενος,
785 3661 881 3716 καὶ
922 3662 1026 3716 ὑπὸ
1087 3662 1358 3717 Ἰουδαίων
1417 3664 1769 3735 μισούμενος,
1814 3661 1897 3727 οἷς

300 3752 399 3805 καὶ
444 3752 515 3805 τὰ
555 3752 681 3818 ξένα
708 3752 1174 3825 ἐθαυματούργει.
1217 3754 1416 3819 Τέλος,
1466 3742 1898 3826 παραδιδόμενος

272 3843 401 3907 ,καὶ
451 3842 898 3914 σταυρούμενος,
947 3841 1069 3897 εἶτα
1116 3844 1215 3897 καὶ
1262 3844 1623 3915 θαπτόμενος,
1675 3846 1764 3900 ἵνα
1806 3845 1898 3899 τὸν

302 3936 439 4009 ᾅδην
468 3936 900 4006 αἰχμαλωτίσας,
930 3936 993 3989 τὸ
1025 3937 1125 4006 τῆς
1166 3937 1521 4000 ἀναστάσεως
1546 3940 1660 4001 τοῖς
1698 3939 1757 3990 ἐν
1794 3938 1897 4009 ᾅδῃ

304 4028 693 4100 περιαστράψῃ
715 4028 1067 4099 ἐπάγγελμα.
1100 4030 1197 4090 Ὃς
1216 4028 1313 4081 καὶ
1338 4028 1543 4099 ἀνέστη
1571 4030 1773 4100 τριήμε
1781 4047 1897 4101 ρος,

280 4116 429 4181 ¹δούς
466 4134 558 4187 μοι
584 4118 683 4190 τὴν
719 4118 983 4188 δευτέραν
1029 4117 1257 4187 όγδοάδα
1295 4119 1558 4189 τιμᾶσθαι
1595 4119 1695 4189 τῆς
1732 4118 1902 4181 ὅντως

305 4209 691 4275 ἀναπαύσεως,
734 4210 815 4274 είς
834 4210 934 4281 τὴν
969 4208 1272 4279 μέλλουσαν
1304 4209 1535 4278 ὁγδοάδα
1563 4210 1662 4281 τῆς
1687 4209 1903 4273 τελείας

304 4299 402 4357 τοῦ
438 4300 655 4371 κόσμου¹
672 4291 1101 4371 ἀπολυτρώσεως
1128 4300 1387 4370 ἄγουσαν.
1406 4300 1569 4357 Ὅθεν
1597 4302 1692 4359 καὶ
1723 4300 1904 4372 μαθη-

306 4394 431 4456 ταῖς
462 4391 778 4462 ἐμφανίζει,
816 4393 913 4446 καὶ
961 4390 1269 4464 βλεπόντων
1301 4392 1482 4447 αὐτῶν
1524 4392 1607 4456 είς
1639 4392 1905 4461 οὐρανοὺς

305 4484 551 4554 αῖρεται,
586 4484 648 4537 τὸ
677 4484 798 4538 κατ’
838 4483 939 4555 ἐμὲ
974 4484 1233 4539 ταπεινὸν
1261 4483 1486 4553 ἀνυψῶν
1507 4499 1521 4513 '
1555 4484 1651 4539 xui.
1678 4479 1762 4548 εἷς
1793 4484 1908 4538 Κύ-

312 4593 430 4647 ρος
459 4578 513 4629 ὲν
543 4575 637 4629 δύο
665 4576 860 4646 φύσεσι
883 4577 1231 4648 γνωρίζεται,
1255 4577 1333 4648 τῷ
1356 4578 1535 4648 Πατρὶ
1562 4578 1658 4633 καὶ
1681 4576 1759 4647 τῷ
1779 4576 1910 4647 θείῳ

310 4666 597 4745 Ιίνεύματι
642 4668 1259 4740 συμπροσκυνούμενος.
1305 4669 1367 4721 Ὀ
1404 4668 1505 4733 τὰς
1533 4669 1628 4723 δύο
1657 4668 1905 4740 θελήσεις

312 4760 518 4832 ὁμοίως
561 4759 658 4813 καὶ
691 4760 979 4831 ἐνεργείας
1012 4760 1219 4832 φέρων,
1273 4760 1333 4814 Ὅ
1372 4760 1671 4816 κάντεῦθεν
1702 4760 1907 4832 ληπτὸς

316 4852 413 4906 καὶ
450 4851 833 4921 ἁπερίληττος,
880 4851 1130 4923 γραπτδς
1178 4853 1274 4906 καὶ
1317 4852 1767 4924 ἀπερίγραπτοςο
1818 4851 1910 4904 τό-

319 4958 443 5002 ποις
489 4940 534 4971 “
562 4940 657 4994 καὶ
694 4939 1069 5011 εἰκονίσμασιν
1113 4943 1246 5013 ἡμῖν
1289 4941 1783 5013 προγραφόμενος,
1814 4940 1911 4995 καὶ

321 5037 382 5087 ἐν
404 5033 608 5098 αὐτοῖς,
628 5032 704 5095 ὡς
725 5030 814 5085 διὰ
849 5031 1016 5103 μέσου
1046 5031 1248 5103 σαρκὸς
1279 5034 1375 5087 καὶ
1399 5033 1733 5104 πνεύματος,
1750 5051 1914 5106 προσ-

323 5124 678 5194 κυνούμενος.
747 5123 876 5184 Τοῖς
932 5122 1154 5188 οἰκείοις
1227 5122 1504 5192 θεολόγοις
1581 5124 1675 5177 καὶ
1745 5126 1914 5191 πᾶσιν

321 5214 503 5282 ἁγίοις
557 5200 989 5282 ἐκτυπούμενος.
1054 5212 1347 5266 Κοινωνῶν
1394 5214 1531 5284 ἡμῖν
1568 5213 1655 5281 ἐφ’
1707 5213 1913 5282 ᾆπασιν

1980 644 2328 714 praeconibus
2356 643 2798 714 patriarcharum
2850 644 3129 701 delicieris
3157 646 3560 711 tabernaculis,

1981 736 2476 807 apostolornmque
2526 747 2581 791 et
2634 738 3031 807 prophetarum
3083 738 3261 793 sacris
3294 739 3564 792 initiatio-

1980 828 2166 892 nibus,
2211 835 2631 899 martyrumque
2660 829 2908 894 coronis,
2944 837 2997 884 et
3036 829 3222 884 choris
3258 831 3561 885 monacho-

1982 934 2126 983 rum,
2183 918 2612 988 divinorumque
2686 920 3008 990 praesulum,
3084 928 3250 989 atque
3312 921 3560 975 omnium

1977 1009 2256 1079 jnstorum
2314 1010 2723 1080 voluptatibus,
2758 1011 2936 1066 nostri
2989 1012 3321 1075 recordare,
3369 1027 3563 1067 omnes

1983 1100 2180 1156 iisdem
2230 1109 2411 1156 tecum
2468 1101 2841 1156 tabernaculis
2892 1116 3267 1172 congregans.
3319 1110 3379 1157 ut
3415 1118 3564 1158 sem-

1983 1204 2081 1259 per
2126 1204 2192 1244 ac
2233 1189 2415 1248 ,modo
2460 1190 2516 1243 in
2564 1190 2782 1259 primis,
2836 1191 3119 1245 communi
3175 1191 3404 1245 Domino
3465 1206 3565 1260 pro

1984 1281 2163 1337 salute
2234 1282 2678 1337 Christianorum
2766 1282 3154 1336 universorum
3207 1274 3561 1351 supplicent:

1985 1373 2374 1442 imperatorem
2410 1373 2464 1426 in
2502 1372 2717 1441 iustitia
2749 1379 2804 1426 ct
2836 1372 3095 1439 religiosa
3140 1371 3348 1440 pietate
3374 1372 3564 1440 dispo-

1986 1474 2164 1525 nens,
2218 1467 2278 1515 ut
2334 1461 2501 1516 Deum
2561 1460 2781 1527 habeat,
2860 1461 3248 1529 imperatorem
3304 1462 3456 1515 illum
3510 1469 3566 1514 ct

1988 1567 2167 1623 regem
2191 1593 2206 1616 ,
2241 1552 2329 1608 cui
2376 1553 2561 1608 nullus
2605 1552 2877 1619 succedit,
2912 1567 2942 1605 a
2978 1567 3088 1621 quo
3143 1554 3283 1608 coelo
3333 1555 3563 1621 regitur,

1985 1643 2105 1713 ejus
2162 1644 2472 1713 adjutorem
2530 1644 2808 1706 consiliis,
2847 1644 3239 1714 principesque
3285 1659 3350 1699 ac
3395 1645 3568 1701 duch

1986 1739 2039 1786 et
2065 1731 2349 1801 subjectos
2385 1733 2586 1802 pietate
2615 1742 2813 1803 regat;
2863 1736 3131 1789 exercitui
3164 1736 3465 1799 auxilians,
3503 1752 3567 1789 ac

1985 1822 2250 1892 populum
2307 1824 2584 1893 reliquum
2637 1824 2693 1878 in
2730 1824 2919 1880 divina
2954 1826 3288 1881 concordem
3346 1828 3470 1892 (ide,
3503 1845 3568 1882 ac

1916 1903 1959 1958 Β
1988 1928 2123 1982 pace
2152 1922 2342 1969 mutua
2377 1917 2701 1972 continens:
2740 1932 2954 1987 ungens
2983 1917 3274 1987 pontifices
3309 1918 3361 1973 in
3417 1920 3573 1973 then-

1987 2004 2153 2073 logia.
2188 2015 2246 2059 ut
2280 1999 2585 2062 Ecclesiam
2618 2023 2684 2063 ex
2709 2007 2818 2063 Deo
2843 2009 3065 2078 tuisque
3103 2010 3568 2080 praeceptionibus

1989 2095 2269 2164 sapienter
2309 2096 2641 2162 institutam,
2699 2097 2893 2167 eisque
2944 2098 3236 2163 creditam,
3272 2100 3444 2168 probe
3476 2116 3570 2170 gu-

1989 2185 2241 2242 bernent.
2296 2188 2631 2244 Sacerdotes
2670 2189 2726 2243 in
2760 2191 2965 2259 pietate
3014 2202 3329 2246 reverentes
3376 2205 3569 2247 custo-

1989 2275 2170 2341 diens,
2206 2283 2268 2331 ut
2317 2277 2517 2346 placite
2572 2276 2685 2331 Deo
2740 2279 3010 2343 viventes,
3058 2280 3223 2334 etiam
3278 2281 3324 2334 ei
3383 2282 3478 2348 qui
3517 2290 3572 2335 te

1991 2380 2142 2421 nunc
2195 2366 2503 2435 assumpsit
2573 2368 2999 2437 coronavitque,
3056 2384 3119 2421 ac
3168 2372 3264 2422 toti
3326 2370 3569 2425 fidelium

1991 2457 2198 2528 populo
2248 2457 2580 2527 praeclarum
2632 2465 2913 2527 pastorem
2948 2457 3222 2520 exhibuit,
3258 2458 3419 2527 digne
3455 2472 3575 2511 om-

1995 2564 2093 2604 nes
2119 2548 2399 2603 canticum
2431 2547 2856 2604 concinnemus.
2891 2548 2976 2611 Ei,
3026 2551 3278 2619 inquam,
3322 2550 3414 2617 qui
3448 2566 3571 2604 cum

1990 2647 2140 2696 esset
2207 2638 2382 2705 dives,
2444 2646 2667 2709 propter
2722 2654 2822 2694 nos
2873 2638 3054 2694 factus
3104 2648 3186 2695 est
3228 2656 3454 2710 pauper,
3506 2656 3575 2693 ex

1993 2740 2153 2805 utero
2194 2746 2320 2786 cum
2367 2746 2534 2787 carne
2595 2745 2944 2800 progressus,
2983 2723 3091 2800 qua
3145 2730 3260 2799 ipse
3292 2731 3446 2787 novit
3482 2745 3574 2783 ra-

1996 2822 2162 2878 tione.
2194 2822 2297 2889 Qui
2331 2823 2384 2877 in
2442 2822 2603 2877 ctelis
2643 2821 2895 2889 considet
2928 2820 3096 2883 Patri,
3141 2830 3195 2875 et
3227 2823 3478 2876 nascitur
3517 2823 3573 2875 in

1993 2917 2279 2985 spelunca,
2311 2924 2477 2984 atque
2518 2914 2573 2968 in
2607 2913 2840 2983 praesepi
2887 2915 3086 2981 pannis
3121 2914 3438 2966 involvitur.
3471 2914 3572 2967 Cui

1994 3008 2175 3078 angeli
2221 3008 2548 3071 concinunt,
2604 3014 2658 3060 et
2708 3021 2869 3074 quem
2922 3012 3171 3074 pastores
3204 3005 3575 3058 admiratione

1996 3088 2427 3170 prosequuntur.
2480 3096 2583 3162 Qui
2637 3096 2805 3173 haece
2856 3102 3049 3147 octava
3080 3094 3167 3147 die
3206 3093 3573 3148 circumcisus

1995 3200 2104 3257 est,
2145 3198 2197 3245 et
2224 3187 2355 3245 Jesu
2388 3187 2813 3258 appellationem
2852 3187 3081 3256 accepit.
3138 3184 3243 3252 Qui
3277 3185 3433 3241 ollcrt
3469 3185 3579 3255 pia-

1994 3287 2216 3341 culares
2258 3284 2497 3347 hostias,
2546 3292 2600 3337 et.
2635 3281 2721 3335 cui
2780 3280 3005 3333 Simeon
3042 3287 3096 3332 et
3127 3281 3282 3333 Anna
3331 3279 3576 3332 vicissim

1992 3376 2349 3437 conﬁtentur,
2401 3388 2466 3428 ac
2504 3372 2645 3443 Magi
2702 3370 2967 3428 satellitio
3019 3370 3420 3437 obsequuntur.
3471 3366 3577 3433 Qui

1994 3470 2137 3539 fugit
2167 3468 2220 3522 in
2253 3467 2576 3537 Egyptum,
2612 3472 2666 3519 et
2702 3483 2719 3514 ι
2765 3461 3019 3517 concutit
3052 3459 3370 3513 manufacta
3409 3457 3582 3529 [Egy-

1994 3560 2099 3631 pti.
2142 3578 2160 3610 ι
2195 3557 2298 3623 Qui
2335 3561 2614 3624 assumpta
2662 3559 2826 3627 mtate
2884 3549 3154 3619 perfecta,
3209 3549 3522 3617 baptizatur
3550 3564 3581 3599 a

1996 3664 2179 3713 servo,
2226 3646 2528 3714 mundique
2577 3652 2861 3715 peccatum
2914 3640 3219 3710 submergit
3271 3655 3435 3709 aqua.
3472 3638 3578 3705 Qui

1974 3742 2206 3811 .mundo
2262 3737 2673 3797 manifestalus,
2748 3733 2876 3787 odio
2940 3732 3007 3785 ab
3062 3730 3266 3785 Iudaeis
3328 3731 3581 3794 habetur,

1999 3836 2204 3907 quibus
2230 3841 2284 3888 et
2313 3848 2452 3887 nova
2492 3827 2757 3884 miracula
2808 3827 3163 3896 operabatur.
3202 3824 3416 3893 Quique
3462 3832 3587 3877 tan-

1999 3928 2124 3983 dem
2152 3924 2388 3979 traditus
2437 3929 2492 3977 et
2544 3919 2696 3975 cruci
2752 3915 2967 3982 afﬁxus,
3018 3916 3368 3986 postmodum
3420 3914 3585 3968 etiam

2002 4020 2254 4091 sepultus
2291 4024 2399 4079 est,
2433 4024 2496 4069 ut
2546 4010 2826 4084 captivato
2884 4008 3126 4079 inferno,
3159 4006 3588 4061 resurrectionis

2001 4107 2355 4165 annuntiatio
2386 4103 2603 4161 inferno
2637 4102 3011 4156 illucesccret.
3066 4097 3172 4163 Qui
3205 4098 3371 4151 etiam
3402 4112 3584 4151 resur.

2004 4200 2147 4255 rexit
2184 4196 2276 4252 die
2302 4195 2490 4257 tertia,
2526 4192 2651 4248 data
2688 4190 2821 4244 mihi
2856 4189 3051 4251 altera,
3090 4201 3215 4241 vere
3246 4188 3338 4239 illa
3375 4187 3590 4255 requie-
3676 4261 3685 4268 θ

2006 4287 2175 4344 tionis
2206 4291 2420 4350 octava,
2454 4296 2620 4352 quam
2671 4279 2885 4334 honore
2939 4289 3325 4345 prosequerer,
3353 4273 3596 4328 ducente

2005 4381 2079 4436 ad
2153 4378 2394 4433 futuram
2444 4376 2838 4427 consummata:
2917 4365 3313 4432 redemptionis
3398 4366 3587 4417 mundi

2008 4483 2280 4535 octavam,
2336 4463 2706 4533 Quamobrem
2742 4458 2908 4513 etiam
2961 4456 3315 4511 manifestius
3364 4462 3591 4525 apparet

1938 4577 1987 4637 ι)
2013 4560 2322 4632 discipulis,
2378 4564 2434 4612 et
2484 4553 2621 4624 ipsis
2662 4549 3020 4605 cernentibus
3071 4548 3124 4601 in
3160 4547 3362 4601 cmlum
3391 4548 3591 4608 elatus,

2013 4653 2276 4710 humilem
2354 4654 2606 4703 naturam
2691 4641 2936 4696 hominis
3003 4653 3228 4695 sursum
3298 4637 3592 4701 subvehit,

2014 4757 2267 4813 unusque
2327 4739 2593 4795 Dominus
2649 4735 2705 4789 in
2768 4732 2985 4788 duabus
3039 4730 3297 4801 cognitus
3359 4730 3593 4792 naturis,

2014 4852 2140 4893 cum
2172 4834 2340 4888 Patre
2368 4838 2423 4887 et
2466 4827 2679 4897 Spiritu
2710 4831 2905 4879 sancto
2931 4822 3139 4891 pariter
3166 4820 3454 4874 adoratur.
3490 4819 3595 4884 Qui

2016 4930 2153 4984 duas
2184 4938 2341 4995 atque
2395 4920 2709 4977 voluntates
2751 4924 2915 4985 atque
2962 4914 3318 4984 operationes
3376 4911 3599 4974 habent,

2018 5033 2197 5091 eoque
2244 5010 2761 5084 comprehensibilis
2826 5007 2899 5064 sit
2947 5014 3003 5060 et
3074 5002 3599 5073 incomprehensus.

2019 5113 2235 5181 Quique
2274 5107 2419 5178 pingi
2468 5119 2533 5158 ac
2590 5101 2833 5157 describi
2870 5098 3066 5168 possit,
3119 5096 3300 5165 sitque
3325 5095 3603 5148 nihilomi-

1983 5252 1987 5257 .
2021 5219 2127 5260 nus
2158 5196 2707 5263 incircumscriptus:
2740 5204 2902 5260 quem
2935 5187 3124 5259 ﬁguris
3154 5185 3603 5255 imaginibusque

323 5273 533 5377 ὁμοίως
553 5320 566 5337 ⁸
616 5303 708 5357 καὶ
737 5273 845 5374 γαρ
877 5273 959 5372 τῇ*
990 5302 1245 5358 ἐντεῦθεν
1285 5273 1661 5376 προσκυνήσει
1697 5276 1775 5372 τῷ
1815 5306 1893 5374 ἀρ

2022 5290 2460 5367 proscribanms,
2509 5293 2676 5353 atque
2726 5281 2779 5334 in
2813 5280 2916 5360 eis,
2957 5286 3017 5331 ut
3049 5276 3198 5330 velut
3230 5273 3409 5329 media
3437 5286 3605 5327 carne

1506 5416 1509 5421 ⁴
1608 5396 1863 5497 “sui:
1883 5431 2292 5494 LECTlONES.

397 5538 440 5572 ³⁸
466 5536 609 5607 Lege
653 5534 864 5594 τύποις.

335 5723 601 5790 deinceps
634 5759 649 5782 .
703 5719 951 5790 velutex
1011 5713 1240 5790 officio,
1278 5723 1332 5770 et
1350 5714 1637 5790 secundas
1663 5730 1691 5768 a
1717 5713 1915 5784 primis

338 5794 450 5847 illis
513 5786 966 5860 praedicatoribus
1025 5797 1079 5860 et
1139 5786 1416 5860 episcopis
1449 5794 1645 5860 partes
1695 5800 1914 5860 gerens,

1613 5616 2005 5691 consensu
2030 5615 2264 5672 NOTJE.

2024 5710 2091 5765 ad
2115 5705 2589 5778 Amphilochium,
2659 5699 3031 5778 praedicaret:
3082 5709 3205 5778 nam
3241 5692 3466 5778 Basilio,
3514 5689 3607 5778 qui

2028 5765 2292 5836 assiduus
2353 5765 2614 5846 populum
2659 5765 2915 5846 'pontifcs
2958 5770 3196 5846 doceret,
3254 5765 3461 5836 ubiun
3493 5765 3612 5818 cla—

340 5837 1086 5935 adimitiiiiifiiiii'ﬁr'apru
1130 5837 1830 5927 subieciaipl'e‘be,vqu‘avde
1863 5837 1922 5910 re
2030 5852 2314 5917 rissimus,
2341 5837 2527 5903 minus
2560 5837 2796 5916 quadrat
2831 5839 3144 5897 exhortatio
3174 5837 3308 5891 haee.
