3966 6468
207 429 311 502 93:1

1219 430 1304 496 IN
1343 432 2191 500 TRANSFIGURATIONEM
2228 438 2532 515 DOMINL

3400 450 3505 515 934

198 570 362 624 τητα,
388 552 467 614 είς
508 550 572 621 ἢν
601 548 784 620 μικρῷ
820 539 1060 620 πρόσθεν
1116 547 1549 623 μυστικώτερον,
1578 552 1674 605 καὶ
1699 552 1795 606 νῦν

1901 563 1991 608 cat
2031 553 2095 620 f;
2131 546 2476 622 ’Enimvero,
2539 554 2671 625 quid
2756 555 3004 613 fac-turns
3060 556 3237 624 ducti,
3297 562 3502 633 quidve

199 641 612 714 ἐμφανέστερον
649 640 738 695 διὰ
786 642 884 712 τῆς
918 643 1402 715 μεταμορφώσεως
1443 640 1633 712 αὑτοῦ,
1661 660 1793 716 μετ-

200 732 552 803 εστοιχείωσε
608 733 709 804 τὴν
742 733 1058 787 ἀκούσασαν
1100 732 1266 805 φύσιν
1289 775 1304 801 ,
1336 754 1355 788 ι
1387 736 1466 807 Γῆ
1492 730 1562 804 εἴ,
1600 738 1696 791 καὶ
1719 739 1799 803 είς

201 826 307 893 γῆν
335 824 640 896 ἀπελεύση.
682 842 701 875 ι
739 823 913 878 Τοῦτο
945 825 1129 878 τοίνυν
1159 824 1496 896 ἑορτάζομεν
1530 829 1795 900 σήμερον.

200 918 303 987 τὴν
334 917 435 986 τῆς
463 916 682 985 φύσεως
716 914 935 981 θέωσιν,
971 916 1072 989 τὴν
1094 917 1175 981 είς
1202 917 1265 971 τὸ
1294 920 1545 989 κρεῖττον
1574 919 1801 974 ἀλλοίω-

203 1018 310 1067 σιν,
346 1002 447 1073 τὴν
476 1000 570 1056 ἐπὶ
595 1003 664 1057 τὰ
685 1004 827 1075 ὑπὲρ
855 1005 1020 1073 φύσιν
1052 1005 1163 1062 τῶν
1185 1008 1325 1062 κατά
1349 1007 1513 1077 φύσιν
1542 1008 1801 1065 ἔκστασιν

202 1092 299 1147 καὶ
332 1093 620 1148 ἀνάϐασιν.
652 1095 781 1159 Πῶς
816 1096 910 1150 καὶ
935 1096 1100 1151 πόθεν
1140 1097 1241 1167 τῆς
1265 1096 1409 1152 οὕτω
1437 1099 1681 1171 μεγάλης
1706 1101 1801 1154 καὶ

203 1186 521 1259 ὑπερφυοῦς
558 1187 785 1259 χάριτος
837 1193 918 1254 είς
967 1191 1117 1261 ἡμᾶς
1158 1189 1493 1262 προῖούσης;
1547 1191 1803 1262 ’Υπερνι-

200 1282 393 1352 κώσης
433 1280 512 1353 τῷ
540 1280 685 1353 λόγῳ
726 1282 931 1356 δηλαδὴ
975 1285 1037 1338 τὸ
1077 1285 1423 1358 ἀνθρώπινον
1482 1285 1584 1357 τῆς
1621 1288 1801 1341 πάντα

201 1372 326 1426 νοῦν
362 1373 460 1428 καὶ
495 1373 656 1443 λόγον
695 1376 1047 1447 ἀσυγκρίτως
1091 1378 1650 1449 ὑπεραναόεσηκυίας
1678 1378 1802 1432 θεό-

199 1482 366 1536 τητος
386 1483 402 1498 ·
422 1467 519 1520 καὶ
539 1468 745 1537 κυρίως
765 1468 926 1521 τοῦτο
947 1469 1211 1540 ποιούσης
1229 1470 1290 1524 τὸ
1318 1470 1633 1542 χριόμενον,
1659 1470 1803 1526 κατά

199 1562 300 1629 τὴν
340 1561 558 1632 ἀπλανῆ
592 1560 688 1614 καὶ
724 1562 1119 1618 ἀναπόδεικτον
1143 1564 1241 1618 τοῦ
1279 1565 1588 1636 μυστηρίου
1622 1565 1804 1638 παρά-

197 1648 371 1714 δοσιν,
403 1649 542 1720 ὅπερ
562 1649 696 1703 αὐτὸ
731 1649 793 1702 τὸ
821 1650 975 1721 χρίον
1014 1653 1132 1706 ἐστὶ
1165 1653 1260 1707 καὶ
1303 1654 1667 1726 ὀνομάζεταιο
1701 1656 1800 1727 μό-

199 1758 300 1810 νης
335 1742 436 1813 τῆς
471 1743 735 1814 ἀκινήτου
764 1742 1054 1814 διαφορᾶς,
1085 1746 1349 1808 ἀκινήτου
1392 1747 1805 1820 φυλαττομένης

197 1833 278 1903 τῷ
315 1836 627 1907 μυστηρίῳ,
654 1834 742 1891 διὰ
772 1836 871 1908 τὴν
896 1837 1207 1909 ἀσύγχυτον
1229 1839 1441 1907 ἕνωσιν,
1468 1840 1591 1895 καθ’
1618 1842 1684 1912 ἢν
1705 1843 1800 1896 καὶ

1913 643 2224 703 docturus?
2256 646 2484 717 Nempe,
2528 658 2585 701 ut
2621 663 2790 718 supra
2824 651 3005 719 fulgur
3039 652 3331 708 micantem
3363 656 3507 714 divi-

1902 740 2095 796 nitatis
2149 756 2264 795 sua:
2319 741 2552 810 gloriam
2589 750 2643 795 et
2694 742 3049 813 splendorem
3110 746 3407 801 ostendat:
3443 748 3504 803 in

1902 848 2068 905 quam
2133 833 2302 904 paulo
2395 833 2656 903 superius
2728 849 2934 890 arcana
3003 837 3183 907 magis
3243 839 3500 905 ratione,

1903 929 2067 985 modo
2103 938 2287 984 autem
2329 944 2433 985 sua
2484 928 2838 986 manifestius
2873 930 3365 1003 transﬁguratione
3400 951 3503 989 na-

1904 1024 2086 1072 turam
2160 1020 2580 1083 transmutavit,
2652 1035 2776 1090 qua:
2852 1022 3103 1077 audierat
3172 1024 3496 1094 quondam:
3554 1006 3559 1012 ’

1909 1128 1928 1162 ι
1969 1109 2142 1165 Terra
2193 1125 2277 1176 es,
2339 1121 2394 1166 et
2445 1111 2499 1165 in
2543 1118 2747 1166 terram
2782 1113 3078 1168 reverteris
3108 1115 3154 1168 Β.
3194 1132 3214 1166 ι
3253 1115 3371 1171 Hoc
3400 1115 3506 1188 igi-

1905 1207 1992 1253 tur
2033 1199 2299 1255 hodierna
2329 1200 2420 1255 die
2456 1200 2613 1257 festis
2658 1203 2878 1272 gaudiis
2911 1204 3283 1262 celebramus.
3321 1206 3502 1262 Nimi-

1906 1307 2028 1346 rum
2071 1301 2285 1348 natura:
2313 1293 2747 1363 dedicationem,
2793 1296 3155 1351 mutationem
3190 1299 3244 1353 in
3275 1301 3498 1365 melius,

1904 1386 2244 1440 naturalium
2279 1387 2335 1440 in
2369 1385 2425 1441 id
2461 1380 2617 1455 quod
2643 1397 2842 1443 natura
2874 1390 3136 1459 superius
3163 1400 3271 1454 est,
3303 1406 3500 1447 exces-

1904 1493 2026 1533 sum
2057 1488 2112 1532 et
2148 1493 2468 1534 ascensum.
2542 1478 2649 1547 Qui
2687 1496 2820 1536 vero
2865 1496 2932 1536 ac
2967 1482 3113 1537 unde
3147 1489 3262 1536 tam
3303 1498 3501 1554 magna

1904 1581 1961 1629 et
1990 1573 2262 1629 mirabilis
2322 1573 2715 1646 excellensque
2744 1575 2800 1629 in
2836 1590 2941 1630 nos
2976 1577 3153 1647 gratia
3183 1574 3506 1644 processit?

1905 1662 2076 1720 Plane
2115 1665 2431 1729 divinitate,
2463 1681 2587 1736 quae
2627 1674 2863 1721 mentem
2897 1680 3119 1721 omnem
3153 1680 3507 1721 sermonem-.

1908 1771 2038 1826 que,
2074 1771 2139 1811 ac
2178 1757 2448 1811 rationem
2520 1756 2946 1826 incomparabili
3004 1771 3238 1814 excessu
3300 1770 3500 1827 super-

1911 1847 2162 1915 greditur
2192 1866 2206 1902 :
2252 1844 2520 1902 Sermone
2567 1847 2661 1901 illo
2688 1853 2743 1901 et
2769 1845 2974 1914 Verbo,
3007 1848 3156 1918 quod
3197 1849 3499 1905 humanum

197 1926 295 1980 τοῦ
345 1927 659 2001 κρείττονος
703 1931 737 1999 ἡ
775 1929 1085 2002 ὲκνίκησις.
1122 1933 1192 1985 Ἢ
1225 1931 1288 1985 τό
1342 1949 1406 2001 γε
1464 1931 1796 2005 κυριώτερον

1907 1945 1988 1990 εει
2038 1935 2369 1992 immensum
2422 1937 2713 2003 vincente;
2770 1952 2834 1992 ac
2874 1936 3116 1994 faciente
3162 1949 3224 1995 ut
3252 1941 3496 2011 proprie,

194 2022 400 2084 εἰπεῖν,
456 2023 489 2094 ἡ
533 2021 907 2094 ἀνεκλάλητος
974 2023 1199 2091 θέωσις,
1257 2024 1537 2091 ἀπόδειξιν
1592 2026 1801 2097 ταύτην

196 2116 409 2187 ἑαυτῆς
442 2117 826 2188 ἀληθεστάτην
869 2119 1247 2191 παρεχομένη,
1287 2121 1388 2191 τὴν
1427 2121 1802 2193 ὑποστατικὴν

193 2208 310 2260 τῶν
335 2209 703 2263 συνελθόντων
749 2210 979 2278 ἑνότητα
1012 2215 1109 2265 καὶ
1142 2214 1474 2283 ταυτότητα,
1523 2214 1591 2284 ἢν
1626 2215 1798 2287 ὑπερ-

196 2302 355 2370 φυῶς
384 2302 548 2371 ἴσμεν
576 2306 954 2375 γεγενημένην
984 2305 1044 2373 ἐξ
1070 2305 1242 2374 αὐτῆς
1270 2304 1449 2376 ἄκρας
1471 2307 1801 2378 συμπήξεως

192 2392 294 2446 τοῦ
333 2395 639 2466 μυστηρίου
660 2411 673 2425 ο
705 2395 851 2464 λέγω
882 2396 948 2467 δὴ
977 2396 1103 2472 ὅσον
1131 2396 1270 2469 πρὸς
1299 2398 1449 2467 ἡμᾶς
1475 2398 1640 2452 τείνει
1662 2415 1676 2430 ο
1707 2399 1804 2454 καὶ

192 2483 298 2556 τὴν
328 2486 480 2539 κάτω
515 2487 609 2539 καὶ
663 2487 732 2540 δι’
759 2488 911 2559 ἡμᾶς
967 2488 1459 2561 ἀκραιφνεστάτην
1487 2488 1582 2542 τοῦ
1622 2489 1802 2558 Λόγου

194 2576 456 2632 σύνθεσιν
490 2579 584 2633 καὶ
634 2579 921 2647 οὐσίωσιν,
958 2581 1054 2635 καὶ
1088 2580 1188 2653 τὴν
1239 2580 1503 2654 δευτέραν
1540 2582 1804 2655 γέννησιν

191 2669 299 2740 τὴν
331 2671 396 2722 ὲκ
432 2669 714 2740 Παρθένου
754 2672 1004 2743 Μητρὸς,
1035 2672 1131 2727 καὶ
1154 2672 1432 2745 ἀπάτορα.
1460 2675 1626 2730 Ὅθεν
1654 2678 1801 2733 κατά

106 2774 123 2787 ⁸
192 2761 297 2832 τὴν
331 2760 539 2832 ἀψευδῆ
599 2762 708 2815 τῶν
759 2761 1030 2833 θεολόγων
1069 2767 1482 2835 μυᾚταγωγίαν,
1513 2766 1703 2839 ὥσπερ
1739 2769 1798 2837 ἐξ

190 2854 430 2908 ἁεννάου
463 2855 668 2927 πηγῆς,
707 2857 830 2910 κατ’
864 2856 1240 2929 ἀπειρόδωρον
1272 2858 1432 2930 χάριν
1458 2858 1558 2931 τῆς
1583 2860 1798 2932 ἀκηρά-

192 2964 292 3001 του
335 2946 609 3014 θεὼσεως,
638 2948 720 3011 είς
743 2947 894 3018 ἡμᾶς
931 2947 993 3001 τὸ
1018 2947 1164 3020 μέγα
1202 2949 1422 3023 πρόεισι
1450 2951 1647 3024 δῶρον.

1904 2028 2208 2084 secundum
2243 2043 2433 2083 veram
2466 2041 2520 2084 et
2568 2029 3120 2086 indemonstrabilem
3157 2033 3495 2087 sacramenti

1902 2123 2175 2175 rationem
2210 2120 2307 2193 (ὅ),
2346 2121 2399 2176 id
2453 2122 2600 2192 quod
2643 2122 2894 2193 ungitur,
2928 2121 3171 2193 idipsum
3205 2122 3352 2188 quod
3384 2141 3494 2180 un-

1904 2208 1985 2279 git
2011 2210 2083 2265 sit
2112 2224 2178 2264 ac
2223 2210 2488 2265 dicatur:
2545 2221 2606 2266 ut
2637 2213 2761 2266 sola
2813 2212 3112 2269 immobilis
3160 2212 3497 2280 differentia,

1905 2302 2207 2358 immobilis
2257 2317 2322 2358 ac
2361 2303 2514 2359 salva
2564 2312 2784 2359 constet
2839 2316 3216 2372 sacramento,
3272 2315 3521 2377 propter-

1900 2393 2252 2450 inconfusam
2323 2395 2608 2450 unionem.
2668 2394 2778 2452 Pro
2829 2395 2993 2467 cujus
3029 2398 3197 2452 etiam
3256 2400 3497 2464 ratione,

1902 2495 1989 2542 est
2021 2487 2255 2557 potioris
2281 2489 2539 2553 victoria,
2574 2488 2678 2554 vel,
2717 2499 2776 2543 ut
2806 2490 3034 2561 proprie
3067 2490 3244 2560 magis
3277 2491 3499 2562 loquar,

1902 2576 2183 2633 deificatio
2228 2577 2576 2633 ineﬂ'abilis:
2643 2592 2809 2648 quam
2863 2579 3214 2635 verissimam
3262 2593 3509 2636 concur-t

1900 2669 2144 2724 rentium
2192 2670 2326 2724 unio
2362 2657 2716 2741 bypoStatica
2748 2683 2815 2725 ac
2868 2670 3157 2737 identitas,
3187 2686 3352 2742 quam
3383 2680 3508 2728 sta-

1907 2762 2005 2815 tim
2037 2775 2067 2815 a
2105 2762 2283 2833 prima
2314 2762 2654 2817 sacramenti
2701 2762 3298 2840 coalitionenovimus
3331 2765 3501 2818 mira-

1904 2854 2094 2910 biliter
2139 2851 2364 2920 factam,
2400 2852 2658 2908 exhibeat
2677 2853 3016 2924 probetque;
3049 2854 3221 2924 quod,
3247 2855 3497 2925 inquam,

1902 2948 1971 3004 ad
2021 2962 2125 3004 nos
2190 2948 2430 3012 attinet;
2517 2947 2723 3016 iliaque
2749 2946 2974 3001 humilis
3007 2947 3500 3019 sincerissimaque

192 3038 369 3096 Verbi
426 3051 654 3112 prOptet‘
707 3056 810 3098 nos
844 3043 1208 3114 compositio,
1270 3059 1336 3099 ac
1380 3045 1803 3111 substantiatio,
1843 3044 2200 3114 secundaque
2251 3057 2315 3097 ex
2350 3041 2527 3097 Matre
2559 3040 2810 3111 Virgine,
2852 3047 2908 3095 et
2937 3043 3058 3097 sine
3129 3048 3286 3112 patre
3350 3040 3496 3095 nati-

193 3139 367 3193 vitas.
404 3136 584 3203 Unde,
612 3145 673 3191 ut
728 3136 900 3194 habet
944 3153 1074 3194 vera
1131 3140 1517 3210 theologorum
1575 3141 1852 3205 doctrina,
1893 3140 2046 3195 velut
2077 3154 2142 3195 ex
2168 3136 2298 3210 'jugi
2333 3135 2504 3202 fonte,
2547 3148 2810 3206 magnum
2861 3134 2996 3190 illud
3030 3135 3235 3192 donum
3304 3137 3359 3193 in
3392 3144 3504 3199 nos;

190 3232 473 3301 procedit,
522 3229 686 3286 amne
712 3233 999 3289 immensae
1044 3231 1123 3286 illi
1155 3232 1349 3303 gratiae
1379 3232 1639 3306 perfectae
1669 3233 2069 3289 deificationis.

266 3348 441 3402 Τοῦτο
486 3347 864 3419 θαυμάζουσιν
902 3348 1159 3418 ἀγγελοιο
1213 3350 1371 3405 τοῦτο
1409 3351 1782 3423 δοξολογοῦσιν

1959 3349 2074 3407 Hoc
2109 3350 2289 3422 angeli
2313 3350 2697 3407 admirantur:
2732 3349 2839 3407 hoc
2885 3349 3198 3422 glorificant
3261 3351 3510 3411 archanvt

190 3442 530 3515 ἀρχάγγελοι
552 3460 565 3473 ·
594 3443 770 3514 τούτῳ
809 3443 960 3497 πᾶσα
992 3443 1104 3498 τῶν
1136 3444 1526 3518 ὑπερκοσμίων
1556 3447 1589 3519 ἡ
1626 3446 1793 3519 νοητὴ

187 3536 560 3607 διακόσμησις
616 3535 795 3598 ἀΰλως
833 3534 1161 3605 ὲστιωμένη,
1223 3537 1522 3608 τεκμήριον
1566 3537 1795 3608 ἐναργέ-

189 3628 393 3687 στατόν
418 3645 478 3681 τε
510 3627 609 3682 καὶ
631 3627 1035 3698 ἀψευδέστατον
1065 3627 1277 3681 τίθεται
1326 3628 1424 3700 τῆς
1472 3630 1613 3701 ὑπὲρ
1645 3631 1796 3702 ἡμᾶς

185 3721 290 3775 τοῦ
344 3719 525 3788 Λόγου
584 3720 1037 3792 φιλανθρωπίαςο
1081 3713 1149 3793 ἧς
1201 3720 1263 3775 τδ
1313 3707 1545 3792 ἄπειρον
1602 3722 1794 3776 καὶτὸ

185 3813 454 3884 ἀόριστον
480 3812 722 3881 πέλαγος
754 3812 895 3866 ἑλεῖν
921 3811 1262 3867 ἀδυνατοῦσα
1314 3814 1379 3885 τῇ
1441 3811 1664 3886 θεωρίᾳ,
1695 3813 1794 3885 τὴν

185 3905 582 3977 ἀκαταληψίαν
611 3907 711 3978 τῆς
757 3906 1036 3978 θεότητος,
1069 3906 1247 3978 ἀρχὴν
1273 3908 1512 3959 ποιεῖται
1543 3904 1793 3976 μείζονος

186 4000 437 4072 θεωρίας
488 4000 585 4054 καὶ
629 4000 972 4065 ἀναϐάσεως.
1004 3999 1177 4053 Τοῦτο
1232 3999 1327 4053 καὶ
1368 3998 1524 4053 αὐτοὶ
1564 3999 1660 4054 νῦν
1704 3999 1793 4064 ὲξ-

183 4096 390 4163 υμνεῖν
428 4091 733 4164 βουλόμεθα
776 4092 898 4163 μὲν,
930 4092 991 4145 οὐ
1032 4090 1312 4162 δυνάμεθα
1344 4090 1402 4144 δὲ
1445 4091 1571 4145 ὅσον
1617 4092 1788 4159 ἄξιον.

188 4186 322 4249 [Ῑῶς
351 4188 492 4257 γάρ;
533 4185 668 4239 ὅπου
697 4201 761 4254 γε
794 4184 854 4238 τὸ
891 4186 1001 4239 πᾶν
1038 4184 1138 4255 τῆς
1174 4184 1464 4256 ὑμνήσεως
1494 4183 1590 4238 καὶ
1620 4184 1789 4252 ἀγγέ-

184 4275 310 4340 λοις
341 4277 656 4344 ἀνέφικτον,
681 4277 793 4339 τοῖς
819 4276 1051 4348 θεωροῖς
1080 4275 1180 4346 τῆς
1205 4273 1432 4345 πρώτης
1470 4275 1793 4347 λαμπρότη-

183 4387 308 4435 τος,
336 4369 433 4423 καὶ
457 4370 586 4440 περὶ
613 4368 785 4439 αὐτὴν
812 4367 1177 4432 ἀδιαλείπτως
1202 4366 1489 4439 χορεύουσι
1510 4366 1610 4439 τὴν
1638 4368 1794 4438 βασι-

181 4464 312 4517 λίδα
345 4462 459 4517 τῶν
507 4462 646 4517 ὅλων
688 4462 952 4533 θεότητα.
1006 4462 1099 4532 Μὴ
1146 4462 1228 4515 ὅτι
1259 4478 1322 4530 γε
1355 4460 1482 4526 τοῖς
1521 4460 1793 4530 δεσμίοις

180 4553 304 4620 τῆς
334 4552 470 4624 γῆς,
502 4554 532 4607 ὃ
564 4570 732 4625 φησιν
765 4554 793 4605 ὁ
825 4553 972 4616 θεῖος
1009 4551 1316 4623 Ἱερεμίας,
1348 4552 1441 4606 καὶ
1467 4547 1550 4616 οἷς
1576 4553 1606 4606 ό
1628 4552 1791 4622 ζόφος

180 4642 352 4707 οὗτος
411 4644 721 4716 ὲπιπροσθῇ
783 4643 878 4697 τοῦ
942 4642 1223 4715 μοχθηροῦ
1262 4644 1356 4698 καὶ
1402 4642 1661 4699 ταπεινοῦ
1696 4645 1791 4698 καὶ

270 4825 294 4863 ί
330 4824 770 4891 Matth.xvn,2.
877 4834 902 4873 ι
930 4823 1068 4881 Gen.
1122 4781 1215 4891 ιιι,
1260 4823 1346 4880 l9.

1894 3444 2005 3516 geli
2033 3460 2047 3499 :
2079 3442 2184 3499 hoc
2217 3444 2365 3498 velut
2396 3443 2560 3513 epulo
2591 3442 2837 3501 universi
2875 3444 3355 3514 supercmlestium
3379 3448 3509 3514 ενι-ν

1895 3535 2088 3592 ritales
2113 3534 2343 3591 ordines
2388 3535 2713 3605 spiritaliter
2738 3535 3085 3601 deliciantes,
3109 3538 3502 3608 perspicuissi-

1896 3644 2049 3684 mum
2076 3642 2143 3684 ac
2176 3628 2531 3685 verissimum
2559 3627 2758 3683 divina:
2794 3628 2848 3683 in
2878 3644 2984 3686 nos
3041 3627 3210 3686 Verbi
3254 3645 3499 3701 propen-

1896 3718 2072 3776 sionis
2129 3727 2515 3790 argumentum
2568 3727 2839 3797 “ponunt,
2931 3721 3092 3790 cuius
3159 3722 3494 3778 immensum

1895 3811 2174 3882 nullisque
2229 3813 2480 3868 clausum
2536 3812 2732 3883 spatiis
2768 3809 3021 3886 pelagus,
3068 3828 3192 3869 cum
3220 3823 3497 3884 nequeant

1895 3902 2326 3975 contemplando
2372 3918 2588 3974 capere,
2640 3903 2947 3961 divinitatis
2978 3903 3498 3976 incomprehensioo

1894 4011 2022 4053 nem
2062 3996 2290 4068 majoris
2331 3995 2825 4067 contemplationis
2862 4010 3247 4069 ascensusque
3272 3997 3493 4053 initium

1895 4088 2142 4144 faciunt.
2211 4089 2330 4145 Hoc
2386 4095 2442 4143 et
2500 4088 2608 4159 ipsi
2672 4086 3180 4159 impraesentiarum
3234 4089 3493 4146 volumus

1894 4182 2118 4253 quidem
2150 4181 2373 4253 hymnis
2402 4181 2662 4253 prosequi
2704 4196 2771 4238 ac
2802 4182 3108 4248 celebrare,
3142 4189 3199 4236 at
3225 4196 3336 4237 non
3359 4175 3498 4253 pos?

1892 4292 2088 4333 sumus
2121 4284 2385 4347 quantum
2420 4290 2510 4331 res
2542 4276 2705 4347 petit.
2764 4275 2868 4343 Qui
2895 4275 3091 4331 enim?
3130 4275 3352 4346 quando
3387 4290 3503 4332 nec:

1892 4368 2126 4439 angelis,
2151 4366 2320 4437 primi
2352 4365 2503 4422 illius
2547 4365 2860 4437 splendoris
2888 4363 3489 4436 speculatoribus,qui-

1891 4475 2001 4531 que
2025 4460 2235 4531 iugiter
2280 4459 2492 4514 circum
2524 4458 2701 4529 ipsam
2733 4456 2984 4528 reginam
3014 4455 3266 4512 omnium
3299 4454 3487 4511 Deita-

1893 4561 2002 4608 tem
2052 4552 2258 4608 οιιοτοε
2311 4558 2528 4620 agunt,
2585 4563 2916 4605 concessum
2973 4555 3059 4604 εει
3128 4555 3189 4602 ιιι
3244 4561 3311 4602 ex
3371 4553 3490 4601 ιοιο

1891 4644 2250 4706 celebrarint.
2301 4640 2544 4699 Tantum
2580 4642 2736 4700 abest
2764 4649 2825 4698 ut
2855 4641 2929 4698 sit
2946 4653 3273 4697 concessum
3297 4638 3509 4727 vinctis“

1475 4965 1870 5039 consensu
1893 4966 2127 5026 Nom.

267 5061 351 5128 (4)
382 5057 447 5145 fit
476 5060 711 5145 proprie:
738 5058 1031 5145 secundum
1054 5076 1245 5145 ueram
1261 5057 1803 5145 eLfndenrorrstrabi-
1835 5063 1880 5120 D
1907 5062 2107 5145 dogma
2132 5057 2499 5145 sequentibus
2516 5056 2890 5145 perstringit;
2928 5055 3295 5145 acutissima
3314 5046 3502 5145 ξηρῇ-ε

183 5135 322 5197 lem,
348 5132 896 5185 εῑο.Ἀναπόδεικτον
922 5131 1245 5201 παράδοσιν.
1299 5128 1469 5185 Plane
1509 5131 1797 5201 indemouo-

185 5203 451 5261 strabilis
507 5202 843 5272 sacramenti
904 5199 1155 5272 traditio,
1210 5203 1265 5256 in
1311 5215 1422 5272 quo
1490 5209 1604 5255 tota
1663 5199 1796 5255 facti

84 5334 87 5337 λ
186 5278 347 5330 ratio
382 5274 454 5328 sit
513 5272 763 5343 potentia
815 5271 1113 5343 facientis;
1149 5286 1217 5326 ex
1244 5271 1353 5341 qua
1386 5272 1663 5326 excellens
1700 5272 1795 5343 illa

186 5341 528 5399 divinitatis
553 5342 810 5407 victoria,
841 5357 954 5413 non
984 5341 1327 5413 demutantis
1350 5355 1380 5395 a
1405 5356 1502 5413 sua
1536 5342 1795 5413 proprie-

186 5423 318 5471 tate
349 5426 608 5470 naturam
642 5414 733 5467 cui
764 5415 820 5468 in
854 5411 1039 5469 Verbo
1079 5412 1293 5478 unitur,
1323 5412 1418 5469 sed
1455 5411 1790 5468 immensum

184 5488 267 5541 ad
298 5502 358 5542 se
394 5495 447 5541 et
491 5501 590 5539 sua
652 5484 946 5547 trahentis,
1008 5481 1298 5554 Yerboque
1361 5483 1797 5552 appropriantis,

189 5567 261 5612 ut
287 5558 403 5626 jam
453 5572 563 5611 non
593 5570 690 5610 sua
723 5555 818 5622 sit,
853 5555 947 5612 sed
1009 5552 1410 5623 Verbifeoque
1434 5555 1614 5621 ipsum
1632 5554 1795 5626 idem

185 5622 451 5699 proprie,
490 5627 639 5696 quod
670 5627 810 5695 ipsa,
842 5640 1163 5696 quanquam
1188 5627 1240 5679 in
1284 5622 1548 5680 concreto
1576 5640 1591 5676 :
1629 5622 1793 5699 Deus,

187 5694 456 5766 inquam,
491 5694 806 5753 substantia
845 5694 901 5752 et
928 5707 1149 5759 natura,
1181 5711 1309 5766 non?
1345 5702 1605 5766 tantum”
1632 5694 1793 5749 habi~

184 5764 400 5824 tudine
445 5777 502 5823 et
556 5768 762 5838 σχέσει,
814 5782 919 5837 qua
976 5775 1032 5821 et
1095 5766 1203 5835 ipsi
1260 5765 1501 5838 dicimur
1556 5764 1631 5818 dii
1694 5780 1790 5833 per

183 5842 440 5911 gratiam
477 5857 489 5892 :
529 5837 915 5911 quotl_tautum
961 5839 1156 5911 nititur
1208 5837 1473 5911 Andreas
1511 5846 1785 5911 astruere,

183 5904 638 5983 ﬁonquidqu'am
663 5907 1025 5980 Eutychianis
1047 5906 1253 5976 favere,
1276 5904 1511 5978 quorum
1532 5906 1786 5961 insanum

1904 5129 2027 5188 cata
2084 5130 2358 5204 catholica
2413 5130 2671 5204 veritate.
2715 5130 2860 5184 utin
2892 5143 2960 5204 eo
2993 5129 3323 5204 habeamus,
3347 5129 3500 5204 _nonj

1904 5205 2084 5259 solum
2119 5200 2384 5257 ﬂosculos
2408 5200 2500 5269 qui
2534 5208 2806 5266 recreent,
2864 5200 2962 5255 sed
2992 5207 3048 5255 et
3078 5197 3491 5254 maturissimos

1902 5272 2197 5328 divinioris
2222 5268 2509 5341 theologia:
2540 5270 2882 5341 fructus.‘qui
2913 5276 3147 5341 pascant
3179 5268 3305 5322 :vix
3339 5277 3493 5341 certe

1943 5343 2215 5398 redierint
2252 5338 2603 5413 medit‘atoria
2639 5341 2785 5413 {cepi
2808 5338 3162 5413 ορκονομίας,
3203 5348 3262 5393 ιιι
3294 5338 3491 5413 paucis

1923 5416 2063 5470 ineis
2127 5420 2303 5468 totum
2333 5411 2447 5467 fere
2480 5410 2691 5481 grande
2717 5406 2866 5465 illud
2900 5406 3341 5481 sacramentum,
3364 5406 3491 5462 elle-

1896 5494 2158 5556 ctumque
2197 5483 2340 5556 ejus
2384 5484 2440 5537 in
2485 5478 2702 5556 nobis,
2764 5482 2851 5535 vir
2917 5481 3165 5556 apprime
3199 5478 3491 5546 theologus

1894 5549 2283 5627 expresserit}
2311 5554 2430 5627 ipse
2463 5549 3023 5627 satis_expressuset
3053 5549 3274 5627 clarus,
3306 5558 3493 5627 quan:

1894 5618 2058 5696 qu'ain
2132 5618 2403 5696 profunde
2463 5618 2817 5696 'Ilieologus._
2870 5622 3035 5696 modo
3064 5618 3252 5673 versio
3293 5625 3497 5696 nostrai
3586 5684 3595 5693 '

1893 5674 2109 5765 nihil-ej
2119 5674 2185 5750 us
2206 5674 2455 5751 EIBEﬁEm
2472 5674 2710 5749 ‘oife’ééﬁ
2719 5674 2775 5749 [ξ
2789 5674 3498 5765 Longiorconﬂuentium-g

1895 5783 2061 5850 quam
2089 5759 2216 5849 fere
2252 5779 2413 5823 voces
2433 5764 2663 5837 singulae
2693 5759 2971 5845 peterent,
3013 5760 3246 5818 alterius
3271 5759 3503 5829 videtur,

1897 5847 2161 5894 instituti.
