3966 6426
264 326 369 390 937

1245 319 1334 380 IN
1357 268 2206 379 TRANSFIGURATIONEM
2244 309 2550 370 DOMINI.

3431 310 3536 375 933

266 439 395 494 πίδα
421 436 521 508 τῆς
554 435 853 499 ἐποπτείας
881 434 915 505 ἢ
967 433 1200 506 εὐωχίας
1224 475 1239 499 ,
1277 436 1311 508 ἢ
1342 435 1443 488 ούκ
1472 433 1588 489 οἶδα
1626 436 1654 488 ὃ
1678 453 1731 489 τι
1755 435 1851 489 καὶ

1964 428 2362 500 praestiteritmt
2387 425 2512 480 inde
2542 423 2705 494 hujus
2736 423 2854 480 sive
2882 422 3246 494 inspectionis
3273 425 3389 483 sive
3408 444 3544 483 eor:-

265 527 373 599 χρὴ
398 525 604 595 λέγειν,
620 523 699 595 τῷ
718 523 938 595 μεγέθει
960 525 1060 596 τῆς
1088 526 1332 596 χάριτος,
1358 527 1454 580 καὶ
1475 526 1728 595 γλῶσσαν
1754 528 1854 580 ικαὶ

266 616 508 672 διάνοιαν
541 614 943 687 ἐκνικώμενος,
987 616 1201 671 ἐνθένδε
1249 618 1601 688 ποιήσασθαι.
1663 619 1721 673 '0
1755 620 1855 691 μὲν

266 704 361 763 οὖν
398 708 676 772 θιατθαίος
700 707 789 763 τὸν
816 710 1022 779 Κύριον
1054 712 1267 779 εἰσάγει
1304 714 1416 776 τοῖς
1446 712 1720 785 μαθηταῖς
1748 713 1856 782 φά-

269 819 469 856 σκοντα
498 801 704 866 οὕτως’
747 821 769 854 ι
816 804 990 874 Ἀμὴν
1018 803 1162 873 λέγω
1217 805 1378 875 ὑμῖν,
1418 804 1526 858 είσί
1569 822 1714 870 τινες
1744 806 1856 860 τῶν

267 887 373 947 ὦδε
401 891 675 958 ἑστώτων,
710 894 905 958 οἵτινες
927 896 990 948 οὑ
1023 894 1098 966 μὴ
1126 895 1419 963 γεύσονται
1464 896 1720 962 θανάτου,
1749 897 1857 963 ἕως

266 984 335 1039 ἂν
369 985 518 1039 ἴδωσι
572 986 663 1041 τὸν
712 986 841 1039 Υίὺν
870 986 965 1040 τοῦ
1022 988 1315 1059 ἀνθρώπου
1350 990 1648 1059 ἐρχόμενον
1694 991 1757 1044 ὲν
1786 993 1854 1062 τῇ

269 1077 521 1150 βασιλείᾳ
546 1077 733 1132 αὑτοῦ.
778 1080 888 1133 Kal
917 1078 1038 1151 μεθ’
1070 1080 1284 1152 ἡμέρας
1331 1079 1393 1146 ἓξ
1432 1082 1857 1154 παραλαμϐάνει

264 1169 297 1222 6
338 1168 546 1240 Ἰησοῦς
583 1168 674 1222 τὸν
705 1169 935 1242 Πέτρον,
985 1169 1082 1223 καὶ
1110 1170 1372 1225 Ἰάκωϐον
1398 1214 1415 1239 ,
1463 1173 1559 1226 καὶ
1600 1172 1857 1243 Ἰωάννην

264 1260 360 1314 τὸν
386 1261 614 1329 ἀδελφὸν
647 1261 834 1327 αὑτοῦ,
885 1262 981 1315 καὶ
1038 1262 1301 1334 ἀναφέρει
1354 1263 1555 1327 αὐτοὺς
1600 1266 1681 1328 είς
1730 1265 1857 1337 ὅρος

267 1352 475 1424 ὑψηλὸν
502 1355 622 1407 κατ’
650 1353 811 1419 ἰδίαν,
842 1354 937 1407 καὶ
974 1354 1378 1426 μετεμορφώθη
1413 1356 1727 1427 ἔμπροσθεν
1760 1356 1859 1410 αὺ-

264 1445 398 1500 τῶν.
428 1446 538 1498 Kal
558 1444 801 1516 ἔλαμψεν
828 1445 890 1500 τὸ
919 1446 1213 1518 πρόσωπον
1238 1447 1406 1501 αὑτοῦ
1425 1449 1503 1514 ὡς
1533 1452 1561 1503 6
1588 1448 1860 1520 ἦλιος,.τά

265 1536 325 1589 δὲ
355 1537 548 1606 ἱμάτια
587 1536 754 1592 αὐτοῦ
786 1537 1003 1606 ἐγένετο
1030 1537 1221 1605 λευκὰ,
1256 1539 1332 1604 ὡς
1357 1541 1422 1613 τὸ
1459 1541 1595 1610 φῶς.
1636 1560 1654 1594 ι
1695 1543 1808 1596 Kal
1829 1543 1858 1596 6

265 1627 495 1698 Μάρκος
514 1628 570 1681 δὲ
592 1627 681 1682 διὰ
700 1627 810 1682 τῶν
839 1628 1021 1683 αὐτῶν
1053 1628 1199 1700 ἵησιν
1212 1630 1296 1696 ὡς
1326 1631 1396 1685 τὰ
1413 1633 1587 1687 πολλὰ
1603 1632 1681 1703 τῷ
1703 1635 1858 1689 Ματ-

267 1718 451 1790 θαίῳ⁶
486 1721 580 1773 καὶ
621 1722 835 1792 ῥήμασι
883 1720 979 1774 καὶ
1026 1722 1262 1793 νοήμασι
1314 1722 1416 1794 τὴν
1457 1723 1599 1793 πρὸς
1647 1725 1859 1778 ἐκεῖνον

1954 515 2106 588 vivii,
2140 530 2236 574 aut
2275 519 2462 574 nescio
2514 533 2622 588 quo
2684 516 2916 572 debeam
2976 519 3201 574 nomine
3262 522 3543 591 appellare

1956 614 2060 685 (sic
2086 619 2140 667 et
2170 612 2411 682 linguam
2436 619 2492 665 et
2521 618 2761 666 mentem
2795 621 3022 682 superat
3075 612 3272 683 gratiae
3325 614 3539 684 magni-

1957 701 2133 772 tudo),
2155 700 2492 771 crepidinem
2522 715 2588 754 ac
2612 699 3032 757 fundamentum
3057 703 3368 772 jaciamus.
3403 704 3545 759 Mat-

1955 794 2131 848 tha-us
2183 807 2314 863 ergo
2379 794 2461 848 sic
2515 793 2812 849 Dominum
2863 795 3179 865 loquentem
3256 797 3547 869 discipulis

1955 884 2209 939 inducit:
2246 903 2263 936 ι
2311 882 2482 939 Amen
2515 884 2642 940 dico
2673 886 2851 953 vobis,
2890 895 3021 941 sunt
3041 888 3264 958 quidam
3335 891 3404 946 de
3456 892 3550 947 hic

1956 975 2258 1040 stantibus,
2294 974 2389 1045 qui
2438 989 2549 1030 non
2591 976 2892 1047 gustabunt
2943 986 3177 1036 mortem
3201 1021 3217 1047 ,
3250 980 3427 1038 donec
3463 985 3542 1037 vi-

1956 1067 2123 1123 deant
2151 1064 2354 1122 Filium
2398 1066 2640 1122 hominis
2693 1069 3002 1125 venientem
3078 1071 3133 1125 in
3200 1087 3369 1144 regno
3422 1091 3546 1132 suo.

1911 1146 1921 1159 ’
1957 1159 2025 1214 Et
2058 1169 2184 1230 post
2210 1161 2328 1216 dies
2354 1162 2450 1215 s'ex
2480 1161 2716 1216 assumit
2757 1159 2921 1218 Jesus
2969 1163 3219 1232 Petrum,
3281 1176 3338 1222 et
3383 1167 3543 1224 Jaco-

1958 1250 2110 1318 bum,
2135 1259 2188 1307 et
2211 1248 2476 1307 Joannem
2490 1251 2730 1308 fratrem
2750 1253 2893 1324 ejus,
2910 1257 3137 1311 etducit
3164 1259 3289 1315 illos
3314 1261 3366 1315 in
3392 1278 3549 1316 mon-

1959 1348 2066 1396 tem
2094 1344 2378 1399 excelsum
2411 1358 2663 1399 seorsum
2696 1361 2709 1397 :
2769 1354 2825 1401 et
2861 1346 3285 1418 transﬁguratus
3311 1363 3395 1407 est
3422 1363 3549 1407 ante

1958 1448 2053 1492 eos
2080 1475 2094 1488 .
2118 1435 2181 1489 Et
2206 1435 2546 1507 resplenduit
2582 1437 2756 1495 facies
2779 1440 2900 1508 ejus
2924 1440 3067 1497 sicut
3088 1442 3171 1498 sol
3196 1456 3210 1497 :
3250 1451 3551 1501 vestimen-

1961 1537 2014 1582 ta
2038 1540 2219 1585 autem
2254 1531 2375 1602 ejus
2407 1530 2548 1586 facta
2577 1540 2707 1588 sunt
2734 1534 2992 1600 candida,
3021 1536 3171 1591 sicut
3221 1537 3408 1594 lumen
3433 1537 3483 1594 ιι.
3525 1558 3544 1591 ι

1962 1618 2067 1675 Sed
2094 1632 2146 1676 et
2188 1620 2405 1678 Marcus
2434 1622 2631 1677 iisdem
2668 1624 2784 1679 fere
2803 1631 2968 1695 atque
2992 1623 3279 1684 Matthaeus
3302 1631 3550 1702 vestigiis

1961 1712 2232 1783 graditur,
2255 1712 2552 1784 quamdam
2586 1728 2800 1770 cumeo
2825 1726 2880 1771 et
2903 1716 3092 1773 verbis
3120 1725 3175 1772 et
3198 1719 3382 1776 sensis
3406 1724 3552 1777 velut

267 1811 518 1881 στέργων
562 1812 861 1878 οίκείωσιν,
914 1812 997 1876 ὡς
1027 1813 1122 1866 καὶ
1162 1813 1241 1884 τῷ
1266 1813 1722 1887 αὐτῷΠνεύματι
1756 1817 1856 1889 τὴν

1967 1800 2232 1858 οἱΐεοιοηε
2292 1803 2787 1871 necessitudinem,
2850 1806 3000 1861 velut
3065 1807 3260 1863 eodem
3341 1808 3550 1881 Spiritu

263 1898 447 1971 ψυχὴν
505 1900 901 1972 έμπνεόμενος,
947 1902 1045 1955 καὶ
1086 1901 1430 1972 τυπούμενος
1461 1903 1563 1974 τὴν
1597 1903 1860 1960 διάνοιαν.

259 1992 331 2045 El
365 1994 422 2046 δὲ
451 1993 549 2046 καὶ
578 1993 775 2065 μικρόν
797 2010 850 2047 τι
876 1992 1214 2049 διαλλάττειν
1243 1995 1369 2049 καθ’
1399 1994 1463 2050 ἓν
1499 1995 1564 2066 δὴ
1592 1995 1797 2051 τούτων
1826 1996 1860 2068 ἢ

264 2085 393 2138 κατ’
450 2086 741 2157 ἀμφότερα
774 2085 1002 2151 δόξειεν,
1044 2086 1159 2141 ἀλλ’
1214 2088 1316 2141 οὐκ
1367 2089 1703 2161 ἐναντιότης,
1738 2089 1863 2145 οὐδὲ

269 2175 423 2247 μάχη
458 2176 619 2230 τοῦτο
662 2178 801 2248 πρὸς
853 2179 1097 2245 ἐκεῖνον,
1132 2178 1166 2250 ἢ
1206 2180 1334 2245 τοὺς
1370 2181 1570 2246 ἄλλους
1616 2182 1790 2236 ἐστίν’
1826 2182 1860 2253 ἢ

264 2267 382 2340 γὰρ
416 2268 588 2341 ἑτέρῳ
611 2271 798 2341 τρόπῳ
821 2270 969 2326 κατὰ
1008 2272 1111 2344 τὴν
1154 2272 1356 2343 φράσιν
1392 2274 1643 2345 άψευδῶς
1664 2277 1733 2329 τά
1766 2292 1864 2328 πε-

270 2361 569 2432 πραγμένα
624 2361 913 2433 δηλοῦντες
968 2363 1096 2437 (ἵνα
1147 2365 1383 2419 συνελὼν
1434 2368 1787 2439 φιλοσοφῄσω
1808 2386 1859 2422 τι

264 2457 403 2526 ιπερὶ
428 2456 635 2512 τούτων
651 2457 729 2530 )ἢ
763 2458 833 2513 τὰ
884 2461 1199 2532 παρειμένα
1250 2461 1388 2534 πρὸς
1432 2462 1589 2517 τοῦδε
1631 2465 1792 2534 τυχὸν
1825 2463 1859 2536 ἦ

269 2545 426 2601 τοῦδε
454 2545 564 2602 τῶν
596 2548 1024 2618 εύαγγελιστῶν,
1048 2553 1257 2616 ἐκεῖνος
1282 2552 1315 2624 ἢ
1347 2546 1525 2619 οὗτος,
1552 2554 1586 2625 ἢ
1612 2555 1707 2608 καὶ
1736 2554 1860 2609 τού-

268 2654 384 2693 των
429 2638 562 2692 ἔνιοι
624 2641 1039 2712 παραδιδόντες,
1090 2642 1378 2713 διαφωνεῖν
1427 2646 1699 2713 δοκοῦσιν,
1739 2644 1861 2701 οὐδὲ

265 2733 417 2787 κατὰ
449 2732 643 2804 μικρὸν
671 2733 924 2805 ἀλλήλοις
948 2736 1437 2806 ἀντεπεξάγοντες.
1489 2738 1576 2802 Ὠς
1597 2738 1720 2794 οὔτε
1745 2757 1861 2795 κοι-

270 2823 380 2888 νῶς
404 2824 533 2894 ἑξῆς
566 2825 831 2890 ἅπαντες,
856 2826 979 2880 οὔτε
1017 2829 1124 2900 ἰδίᾳ
1166 2829 1278 2882 τῶν
1308 2831 1595 2904 τεσσάρων
1623 2832 1744 2887 οὐδὲ
1776 2829 1860 2900 εἷς

269 2919 521 2990 γέγραφε
556 2919 754 2986 πάντα,
784 2921 884 2974 ὅσα
915 2924 1061 2977 κατὰ
1092 2925 1191 2994 τὴν
1221 2924 1506 2996 ἄφραστον
1544 2927 1859 2997 οἰκονομίαν

274 3010 416 3078 μετὰ
436 3008 643 3080 σαρκὸς
667 3010 697 3061 6
722 3010 897 3079 Λόγος
923 3014 1247 3083 πεποίηκεν,
1292 3016 1322 3068 6
1357 3014 1652 3086 λεγόμενος
1699 3016 1856 3088 σάρξ,

266 3102 367 3156 καὶ
420 3102 497 3176 μὴ
541 3102 715 3157 λιπὼν
748 3102 808 3157 τὸ
830 3099 972 3158 εἶναι
1003 3105 1177 3169 Θεόςτ
1209 3107 1389 3161 καίτοι
1433 3124 1496 3176 γε
1540 3109 1743 3163 σκοπὸν
1762 3110 1860 3164 ’ένα

265 3193 372 3265 τὴν
400 3193 659 3264 ἀλήθειαν
688 3194 737 3247 οί
760 3194 1026 3266 τέσσαρες
1059 3195 1299 3268 ἔχοντες,
1326 3200 1423 3252 καὶ
1454 3200 1516 3253 τὸ
1554 3201 1675 3254 ὅλον
1700 3200 1863 3273 δυνά-

275 3304 368 3357 μει
404 3287 495 3340 διὰ
521 3286 616 3341 τοῦ
668 3288 871 3360 μέρους
923 3287 1333 3360 περιληπτικῶς
1388 3293 1861 3362 συνεκφαίνοντες.

264 3375 379 3434 Dia
400 3378 666 3443 πολλάκις
687 3379 901 3449 γίνεται
917 3380 1008 3434 διὰ
1026 3383 1124 3453 τὴν
1141 3383 1281 3454 πρὸς
1305 3383 1509 3457 ἄλληλα
1535 3385 1642 3439 τῶν
1663 3386 1862 3456 λογίων

270 3472 367 3526 τοῦ
400 3471 725 3544 Πνεύματος
756 3474 1080 3544 συμφωνίαν
1103 3476 1196 3529 καὶ
1227 3476 1515 3548 ἁρμονίαν,
1553 3480 1647 3533 καὶ
1676 3475 1764 3534 οἷα
1789 3481 1865 3545 ὡς

271 3566 331 3619 ὲν
359 3565 442 3619 ἑνὶ
476 3564 692 3637 σώματι
715 3566 894 3637 μελῶν
916 3566 1095 3639 δίκην,
1125 3569 1209 3638 ἐφ’
1241 3571 1492 3642 ἁρμογήν
1522 3590 1580 3626 τε
1617 3575 1712 3628 καὶ
1738 3574 1865 3628 σύν-

262 3654 426 3710 θεσιν
456 3656 517 3710 τὺ
550 3659 774 3728 συνεχὲς
826 3658 1115 3715 ἀδιάλυτον
1163 3663 1464 3735 φέρουσαν.
1496 3666 1785 3735 Μαρτυρεῖ
1809 3666 1866 3720 δὲ

270 3752 338 3820 τῇ
370 3749 607 3822 ἀληθεία
631 3751 741 3805 τῶν
764 3752 1096 3823 λεγομένων,
1124 3754 1185 3808 ού
1214 3733 1283 3808 τὰ
1320 3756 1466 3821 ίδίως
1492 3733 1624 3827 παρ’
1655 3733 1864 3827 αύτοῖς,

273 3838 466 3910 ἢπαρ’
489 3840 655 3903 ἐνίοις
688 3840 869 3894 αὐτῶν
903 3842 1273 3914 εὑρισκόμενα
1309 3844 1492 3915 μόνον,
1528 3844 1670 3900 ἀλλὰ
1709 3847 1805 3900 καὶ
1838 3849 1868 3901 6

273 3930 484 4003 ὑψηλὸς
532 3930 813 4004 Ἰωάννης,
868 3934 994 3988 κατ’
1043 3934 1175 3989 αὐτὸ
1203 3934 1267 4007 δὴ
1296 3936 1391 3990 τοῦ
1438 3936 1778 4008 Εὐαγγελίου
1806 3937 1867 3993 τὸ

275 4020 452 4093 πέρας
475 4021 766 4092 γενόμενος
787 4039 801 4054 ο
834 4040 856 4074 ι
905 4024 1060 4078 Ἔστι
1088 4025 1147 4078 δὲ
1171 4029 1262 4080 καὶ
1292 4026 1427 4082 ἄλλα
1452 4027 1645 4094 πολλὰ,
1674 4030 1863 4100 φησὶν,

271 4113 308 4167 ἃ
331 4115 596 4185 ἐποίησεν
629 4116 658 4168 6
703 4116 930 4187 Ἰησοῦς,
984 4118 1144 4173 ἅτινα
1176 4119 1273 4174 ἐὰν
1307 4121 1589 4193 γράφηται
1632 4121 1757 4175 καθ’
1784 4121 1863 4186 ἓν,

271 4207 397 4261 οὐδὲ
423 4209 589 4263 αὐτὸν
622 4206 779 4282 οἶμαι
808 4211 900 4266 τὸν
923 4212 1128 4283 κόσμον
1158 4214 1408 4285 χωρῆσαι
1438 4215 1508 4269 τὰ
1542 4215 1866 4289 γραφόμενα

274 4299 482 4371 βιϐλία.
518 4321 537 4354 ι
576 4301 659 4356 Τά
688 4304 828 4358 αὑτά
859 4304 916 4358 δὲ
959 4307 1054 4359 καὶ
1090 4308 1222 4379 περὶ
1270 4305 1365 4361 τοῦ
1401 4308 1591 4361 Λουκᾶ
1619 4308 1862 4374 λέξεται,

269 4393 333 4457 ὃς
362 4411 428 4464 γε
455 4394 519 4466 δὴ
549 4397 651 4465 τῆς
680 4398 1166 4469 μεταμορφώσεως
1195 4399 1296 4471 τὴν
1320 4403 1483 4473 χάριν
1508 4401 1866 4474 ἐκδιηγούμε-

1964 1892 2184 1948 amante
2213 1894 2481 1959 animum,
2507 1907 2573 1949 ac
2613 1901 2853 1950 mentem
2880 1894 3183 1954 formante.
3226 1898 3385 1966 Quod
3419 1918 3551 1958 vero

1965 1985 2219 2041 nonnihil
2246 1987 2301 2041 in
2331 2001 2444 2043 uno
2465 2002 2533 2042 ex
2561 1986 2726 2042 dictis
2750 1988 2834 2042 vel
2859 1997 3096 2061 utroque
3117 1991 3338 2050 diﬂ‘erre
3372 1995 3555 2051 vidca-

1964 2086 2076 2142 tur,
2100 2078 2247 2134 haud
2278 2089 2462 2135 tamen
2501 2094 2565 2135 ea
2587 2082 2981 2148 contrarietas,
3023 2092 3084 2139 ut
3120 2100 3374 2156 pugnare
3421 2103 3550 2144 cum

1963 2172 2060 2227 illo
2092 2179 2187 2226 aut
2221 2172 2347 2230 aliis
2379 2174 2623 2243 putanda
2666 2174 2760 2230 sit.
2803 2175 2928 2231 Ideo
2969 2178 3140 2243 enim,
3168 2188 3231 2235 ut
3265 2182 3459 2250 paucis
3485 2188 3554 2237 ne

1964 2263 2052 2318 his
2089 2264 2297 2335 aliquid
2327 2266 2704 2336 philosopher,
2750 2268 3009 2324 videntur
3035 2270 3347 2338 dissonare,
3380 2290 3554 2343 quan-

1964 2371 2133 2427 quam
2172 2372 2248 2413 ne
2286 2358 2574 2413 minimum
2603 2358 2735 2430 quid
2789 2361 2893 2416 sibi
2927 2375 3258 2434 repugnent,
3312 2367 3399 2421 vel
3427 2369 3557 2439 quia

1965 2450 2074 2506 alio
2101 2449 2294 2518 modo,
2323 2452 2470 2522 quod
2503 2461 2716 2524 spectat
2759 2458 2829 2508 ad
2880 2456 3126 2526 phrasim
3178 2466 3234 2512 et
3286 2460 3557 2516 elocutio-

1962 2556 2113 2609 nem,
2152 2557 2277 2614 ηοω
2306 2544 2435 2599 vere
2467 2552 2620 2615 gesta
2656 2553 2788 2600 sunt
2817 2546 3142 2617 explicent;
3177 2549 3266 2606 vel
3297 2552 3431 2622 quia
3465 2552 3557 2606 hic

1962 2633 2145 2702 illeve,
2175 2643 2273 2690 aut
2294 2635 2457 2691 etiam
2480 2637 2653 2708 aliqui
2684 2635 2817 2692 huic
2849 2636 2994 2693 forte
3025 2639 3174 2695 illive
3201 2642 3559 2713 evangelista:

1961 2727 2168 2784 omissa
2202 2728 2446 2784 tradant.
2499 2728 2671 2796 Quasi
2720 2745 2899 2801 neque
2956 2748 3065 2787 una
3100 2748 3318 2799 omnes,
3381 2751 3563 2806 neque

1964 2820 2326 2891 peculiariter
2353 2820 2553 2892 aliquis
2577 2836 2765 2878 eorum
2790 2833 3031 2893 quatuor
3059 2826 3352 2896 scripserit
3374 2827 3562 2882 omnia

1963 2928 2305 2982 quaecunque
2363 2912 2496 2970 fecit
2559 2911 2823 2983 Verbum,
2888 2931 2996 2987 quo
3050 2925 3301 2990 tempore
3363 2921 3563 2976 huma-

1962 3021 2087 3061 nam
2124 3006 2359 3062 salutem
2426 3005 2688 3063 ineﬂ'abili
2725 3017 3070 3066 sacramento
3132 3010 3190 3066 in
3229 3027 3398 3069 carne
3443 3014 3563 3068 dis-

1966 3100 2233 3169 pensavit.
2277 3098 2543 3166 Verbum,
2586 3100 2835 3171 inquam,
2867 3103 3018 3173 quod
3049 3104 3258 3160 dictum
3285 3118 3369 3161 est
3408 3122 3560 3171 caro,

1970 3207 2285 3264 quanquam
2318 3208 2439 3248 esse
2470 3192 2617 3250 Deus
2647 3193 2876 3250 minime
2931 3196 3114 3251 desit:
3176 3198 3397 3254 tametsi
3453 3215 3563 3255 una

1971 3285 2108 3357 ipsis
2142 3291 2386 3356 quatuor
2415 3284 2641 3351 veritas,
2683 3299 2889 3357 seopus
2928 3287 3214 3357 proposita
3265 3289 3359 3353 sit,
3404 3297 3459 3344 et
3506 3301 3563 3343 ut

1973 3392 2189 3433 summa
2254 3385 2450 3444 totum,
2547 3377 2754 3434 virtute
2790 3394 2857 3435 ex
2912 3386 3075 3450 parte
3145 3381 3313 3437 simul
3379 3381 3570 3438 decla-

1973 3479 2136 3539 rent;
2172 3472 2320 3542 quod
2360 3486 2469 3526 non
2508 3486 2635 3527 raro
2673 3488 2741 3529 ex
2776 3482 2967 3528 mutua
3010 3474 3359 3545 eloquiorum
3395 3476 3565 3547 Spiri-

1973 3572 2063 3619 tus
2097 3564 2466 3621 conscnsione
2498 3575 2665 3636 atque
2706 3566 3019 3635 harmonia,
3076 3576 3130 3622 et
3173 3583 3315 3639 qum,
3384 3570 3566 3625 instar

1975 3654 2349 3709 membrorum
2410 3655 2465 3710 in
2525 3670 2781 3726 corpore,
2833 3656 3186 3713 insolubilem
3244 3674 3565 3730 compagem

1972 3747 2545 3818 compositionemque
2575 3749 2822 3804 continui
2853 3749 3046 3814 faciat,
3090 3750 3315 3806 accidit.
3368 3749 3563 3818 Porro,

1972 3850 2162 3891 eorum
2198 3852 2320 3908 qua:
2356 3838 2506 3892 dicta
2556 3846 2687 3893 sunt
2733 3840 2958 3894 veritati
3018 3839 3415 3911 suffragantur,
3455 3859 3567 3897 nun

1973 3934 2186 3983 tantum
2208 3945 2333 4000 qua:
2352 3931 2656 4000 peculiaria
2691 3933 2835 4003 apud
2866 3948 2982 3997 eos,
3019 3934 3104 3990 vel
3130 3949 3323 3990 eorum
3353 3936 3570 4007 aliquos

1973 4032 2301 4085 occurrunt,
2338 4019 2434 4075 sed
2471 4022 2635 4075 etiam
2693 4021 2952 4077 sublimis
3014 4022 3107 4077 ille
3162 4021 3428 4097 Joannes,
3474 4028 3565 4080 uhi

1975 4113 2041 4166 ad
2078 4112 2261 4183 ipsum
2303 4111 2588 4183 Evangelii
2624 4112 2789 4169 linem
2824 4115 2944 4167 ait:
2986 4131 3005 4165 ι
3063 4112 3207 4169 Sunt
3265 4127 3452 4172 autem
3516 4130 3569 4170 et

1974 4203 2080 4258 alia
2111 4205 2278 4259 multa
2314 4219 2439 4275 quae
2474 4204 2816 4274 fecitJesus,
2846 4223 2969 4277 qua:
3008 4207 3057 4263 si
3094 4207 3413 4267 scribantur
3470 4226 3569 4280 ρω-

1974 4298 2214 4371 singula,
2244 4312 2345 4355 nec
2382 4298 2565 4367 ipsum
2607 4298 2848 4354 arbitror
2880 4301 3149 4354 mundum
3182 4315 3381 4370 capere
3401 4317 3568 4372 posse
3634 4335 3643 4343 -

1973 4407 2093 4459 eos,
2149 4392 2240 4464 qui
2280 4390 2565 4448 scribendi
2603 4402 2759 4457 sunt,
2795 4392 2969 4448 libros
3008 4393 3026 4433 ί
3065 4433 3078 4446 .
3115 4411 3136 4444 ι
3192 4390 3433 4462 ldipsutn
3500 4394 3568 4448 de

270 4503 365 4550 νος
413 4487 578 4566 φησίν
599 4504 613 4518 ο
650 4508 671 4541 ‹
717 4491 966 4559 Ἐγένετο
987 4490 1044 4545 δὲ
1077 4493 1218 4563 μετὰ
1251 4498 1380 4558 τοὺς
1405 4493 1603 4562 λόγους
1639 4493 1861 4559 τούτους

1973 4484 2119 4539 Luca
2155 4485 2480 4552 dixerimus,
2516 4484 2613 4556 qui
2643 4499 2776 4540 sane
2803 4498 3072 4540 enarratis
3099 4487 3336 4556 gratiam
3386 4496 3567 4541 trans-

266 4577 410 4632 ὡσεὶ
430 4580 645 4661 ᾑμέραι
677 4582 860 4637 ὀκτώ’
908 4585 1003 4639 καὶ
1044 4584 1380 4655 παραλαϐὼν
1420 4587 1449 4640 6
1503 4586 1713 4658 Ἰησοῦς
1759 4588 1867 4642 Πέ-

266 4686 428 4742 τρον,
459 4673 556 4726 καὶ
598 4671 881 4742 Ἰάκωϐον,
915 4675 1009 4729 καὶ
1051 4676 1334 4747 Ἰωάννην,
1360 4676 1529 4747 ἀνέϐη
1559 4678 1638 4741 είς
1659 4678 1721 4731 τὸ
1746 4676 1872 4749 ὅρος

1971 4576 2338 4647 ﬁgurationis,
2364 4577 2440 4631 ita
2469 4576 2547 4631 ait
2581 4593 2596 4630 :
2635 4595 2654 4629 ι
2693 4573 2923 4635 Factum
2972 4583 3056 4632 est
3089 4584 3271 4632 autem
3295 4585 3419 4647 pust
3450 4577 3567 4632 haec

1968 4672 2155 4737 verba,
2177 4668 2291 4726 fere
2324 4668 2444 4724 dies
2473 4675 2638 4725 octo:
2666 4669 3080 4741 assumptisque
3106 4666 3270 4726 Jesus
3299 4667 3486 4735 Petro,
3511 4680 3567 4725 et

271 4762 703 4834 προσεύξασθαι.
727 4784 822 4817 ›-
846 4784 865 4818 ι
890 4765 1162 4834 Ἐγένετο,
1190 4768 1346 4838 φησὶ,
1371 4769 1511 4840 μετὰ
1531 4770 1657 4832 τοὺς
1675 4768 1861 4838 λόγους

1966 4763 2201 4829 Jacobo,
2240 4774 2298 4819 et
2324 4762 2574 4828 Joanne,
2605 4764 2860 4820 ascendit
2901 4763 2957 4819 in
2984 4772 3230 4820 montem
3262 4769 3558 4841 utoraretj.

244 4916 249 4919 _
273 4854 503 4918 τούτους
532 4854 668 4908 ὡσεὶ
695 4856 902 4929 ἡμέραι
934 4858 1100 4912 ὀκτώ.
1141 4878 1158 4912 ι
1187 4859 1254 4912 Τί
1282 4877 1414 4914 ποτε
1436 4861 1593 4932 δρᾷς,
1620 4855 1666 4914 ὦ
1694 4859 1861 4931 μύστο

1969 4857 2201 4929 Factum
2236 4868 2361 4926 est,
2411 4860 2632 4931 inquit,
2671 4869 2796 4931 post
2852 4857 2971 4917 hac
3020 4858 3227 4925 verba,
3283 4859 3398 4914 fere
3442 4859 3563 4913 diu:

272 4950 391 5005 τῶν
419 4951 786 5024 ἀπορρήτωνς
813 4951 879 5005 Τί
902 4950 1104 5020 λέγεις,
1135 4970 1157 5004 ι
1186 4952 1446 5021 Ἐγένετο
1473 4953 1616 5024 μετὰ
1633 4946 1762 5018 τοὺς
1784 4953 1872 5008 λόο

270 5058 409 5112 γους
422 5042 648 5107 τούτους
668 5043 801 5098 ὡσεὶ
822 5043 1031 5117 ἡμέραι
1052 5044 1232 5111 ὀκτὼ;
1260 5065 1280 5099 ι
1305 5047 1414 5101 Kal
1446 5045 1500 5100 τί
1526 5046 1592 5100 ἂν
1616 5046 1869 5119 ποιήσαι-

275 5150 405 5206 μεν,
423 5134 521 5189 τοῦ
536 5136 767 5211 Μάρκου
802 5137 897 5190 καὶ
922 5135 1016 5189 τού
1051 5135 1339 5192 Ματθαίου
1361 5136 1430 5190 δι’
1454 5137 1572 5202 ἐνὸς
1598 5138 1870 5211 στόματος

272 5222 397 5280 οἷον
433 5227 686 5298 ἀλλήλοις
731 5227 1246 5301 συμφθεγγομένων
1277 5231 1372 5282 καὶ
1418 5228 1645 5283 τοιαῦτα
1683 5228 1870 5301 λεγόν-

1970 4964 2118 5010 octo.
2159 4975 2179 5010 υ
2214 4954 2485 5022 Quidnam
2539 4970 2671 5010 vero
2715 4955 2854 5025 agis,
2880 4970 2914 5008 ο
2941 4962 3120 5024 mysta
3178 4953 3565 5009 arcanorum?

1967 5042 2112 5109 Quid
2152 5049 2257 5110 ais,
2302 5066 2320 5092 α
2355 5042 2584 5100 Factum
2620 5050 2705 5099 est
2730 5055 2852 5115 post
2887 5042 3051 5099 verba
3106 5043 3223 5098 haec
3251 5083 3267 5108 ,
3304 5043 3418 5098 fere
3446 5042 3565 5098 dies

1968 5136 2132 5192 octo?
2171 5157 2189 5189 ›
2222 5136 2366 5204 Quid
2400 5138 2684 5192 enimvero
2714 5131 3051 5193 fecerimus?
3090 5151 3217 5192 cum
3270 5135 3486 5192 Marcus
3512 5144 3568 5194 et

1965 5226 2276 5293 Mattheeus,
2309 5228 2459 5285 velut
2518 5242 2627 5282 uno
2663 5218 2779 5281 ore
2817 5230 3021 5298 pariter
3075 5228 3457 5299 pronuntient,
3497 5241 3564 5280 ac

271 5334 415 5373 των·
458 5338 477 5372 ι
507 5319 617 5373 Kal
644 5319 763 5389 μεθ’
794 5320 1009 5391 ἡμέρας
1037 5319 1116 5387 ἓξ,
1151 5320 1574 5393 παραλαμϐάνει
1597 5324 1626 5375 6
1661 5322 1861 5393 Ἰησοῦς

1971 5312 2151 5375 verba
2171 5319 2447 5391 ejusmodi
2483 5319 2672 5374 dicant
2702 5337 2716 5373 :
2752 5338 2769 5369 ι
2803 5317 2869 5373 Ει
2896 5330 3020 5391 post
3045 5335 3143 5377 sex
3174 5320 3293 5376 dies
3333 5320 3565 5376 assumit

271 5413 370 5467 τὸν
391 5413 621 5484 Πέτρον,
656 5414 749 5468 καὶ
791 5415 1069 5480 Ἰάκωϐον,
1104 5417 1199 5470 καὶ
1230 5415 1486 5487 Ἰωάννην
1514 5417 1609 5470 τὸν
1642 5416 1861 5489 ἀδελφὺν

1971 5410 2132 5468 Jcsus
2190 5411 2432 5477 Petrum,
2473 5420 2527 5468 et
2577 5410 2866 5477 Jacobum,
2901 5419 2956 5466 et
3011 5409 3277 5468 Joannem
3340 5410 3562 5466 fratrem

276 5505 481 5560 αὐτοῦ’
517 5507 610 5559 καὶ
643 5507 919 5579 ἀναφέρει
951 5510 1151 5572 αὐτοὺς
1207 5511 1287 5574 είς
1340 5511 1469 5581 θρος
1515 5509 1719 5580 ὑψηλὸν
1747 5510 1868 5565 κατ’

280 5598 439 5666 ἰδίαν,
472 5599 567 5653 καὶ
619 5600 1020 5670 μετεμορφώθη
1070 5601 1382 5674 ἔμπροσθεν
1412 5602 1591 5656 αὐτῶν
1621 5619 1638 5672 ;
1678 5622 1695 5652 ι
1729 5603 1870 5671 Nal,

351 5784 383 5817 ιι
440 5776 638 5833 Matth.
677 5795 792 5845 xvi,
846 5777 951 5845 28;
1016 5795 1152 5844 xvn,
1188 5780 1240 5841 l,
1271 5779 1326 5833 2.
1413 5779 1759 5849 ann.1m,
1805 5781 1861 5837 ἓξ

1981 5782 1993 5830 i
2044 5781 2177 5837 Luc.
2216 5797 2292 5849 IX,
2350 5783 2442 5850 τε,
2476 5782 2566 5836 29.

602 5875 880 5936 ΡΑτῐιοι..
915 5876 1030 5935 Gn.
1064 5873 1306 5937 XCVII.

1976 5504 2134 5570 eius:
2161 5515 2217 5561 et
2243 5505 2398 5560 ducit
2435 5505 2559 5562 illos
2608 5506 2663 5561 in
2695 5514 2940 5560 montem
2970 5506 3253 5561 excelsum
3283 5518 3561 5569 seorsum,

1980 5613 2033 5660 et
2086 5601 2518 5672 transﬁguratus
2550 5609 2635 5657 est
2669 5615 2853 5659 coram
2907 5600 3065 5672 ipsis.
3117 5618 3136 5653 ι
3172 5597 3250 5654 ita
3291 5597 3453 5670 plane
3486 5598 3565 5652 ait

3209 5868 3284 5935 30
