3966 6436
357 418 465 483 943

1550 411 1612 472 S.
1656 410 1755 473 AN
1765 409 1984 472 DRE/E
2024 410 2447 477 CRETENSIS

3511 416 3610 483 9U.

353 535 598 602 videtur,
650 530 1079 600 morborumque
1128 539 1192 581 ac
1230 523 1582 582 aﬂ‘ectionum
1621 528 1932 582 animarum

2039 527 2401 591 ἀναπαύσεως
2438 545 2457 579 ι
2502 526 2642 581 αὐτὰ
2687 527 3000 600 διαθρέψειε
3020 546 3033 561 ’
3086 529 3182 585 καὶ
3213 529 3305 586 ὢν
3337 533 3433 604 μὲν
3463 536 3615 610 ἔκδη-

354 630 649 685 habiturus
710 634 796 683 est.
829 638 1044 688 curam,
1084 636 1149 677 ac
1207 634 1508 689 congruam
1552 619 1633 675 eis
1665 618 1932 675 medelam

340 720 771 792 ‘excogitat‘urus
801 736 815 773 :
847 733 914 773 ac
951 729 1157 787 pecora
1183 713 1404 784 quidem
1436 714 1650 769 ratione
1678 713 1931 782 praedita,

354 798 658 880 recensque
719 815 1008 880 compacta
1096 806 1446 872 formataque
1503 805 1569 861 ad
1634 807 1932 876 pietatem,

358 924 376 956 ι
413 905 467 960 in
497 904 619 959 loco
640 917 863 973 pascuae
889 901 1219 967 collocabit;
1252 898 1512 954 educabit
1600 914 1733 954 vero
1766 914 1935 968 super

354 1012 551 1068 aquam
579 995 901 1055 refectionis
927 998 1029 1057 P51;
1051 1006 1071 1042 ι
1101 1002 1269 1066 atque
1310 991 1657 1064 peregrinum
1688 999 1741 1047 et
1769 1007 1936 1047 exsu-

352 1090 553 1146 lantem
582 1104 612 1144 a
648 1088 847 1160 patria,
885 1102 952 1142 ac
999 1087 1056 1141 in
1101 1087 1282 1143 aliena
1320 1094 1467 1142 terra
1528 1086 1931 1155 demorantem,

354 1186 667 1255 factumque
711 1199 943 1255 vagum,
992 1184 1115 1252 ejus
1145 1196 1174 1236 a
1207 1182 1381 1252 patria
1435 1181 1584 1235 velut
1628 1174 1934 1235 absenti‘am

349 1282 403 1327 et
457 1274 958 1346 peregrinationem
1031 1271 1322 1331 reveritus.
1388 1271 1483 1341 qui
1541 1271 1717 1324 nostri
1767 1283 1937 1324 causa

353 1360 579 1435 peregre
638 1365 963 1421 demoratus
986 1369 1073 1418 est
1111 1375 1178 1415 ac
1224 1359 1401 1416 factus
1435 1361 1664 1430 hospes,
1691 1359 1744 1413 in
1779 1373 1933 1413 suam

352 1454 469 1525 ipse
536 1454 783 1522 domum,
814 1469 1163 1524 quaecunque
1213 1450 1437 1508 tandem
1471 1450 1564 1505 illa
1616 1451 1706 1517 sit,
1759 1451 1937 1506 libens

351 1548 608 1616 inducet;
659 1563 689 1603 a
742 1555 962 1604 terrena
988 1547 1210 1618 quidem
1250 1560 1317 1601 ac
1356 1545 1580 1601 dividua
1622 1545 1734 1599 vita
1761 1539 1938 1598 abdu-

349 1656 482 1699 cens
513 1642 612 1713 (8),
647 1641 714 1696 ad
764 1641 917 1696 illum
976 1655 1109 1696 vero
1152 1637 1438 1695 individue
1460 1653 1630 1692 unum
1668 1651 1733 1692 ac
1767 1635 1936 1691 coele-

349 1741 489 1791 stem
518 1742 841 1791 sanctorum
876 1733 1062 1789 laetum
1088 1739 1419 1788 conventum
1455 1731 1697 1798 migrare
1723 1730 1936 1787 faciens

348 1845 414 1885 ac
442 1826 808 1891 transferens,
839 1827 932 1883 ubi
958 1826 1188 1888 Paulus,
1211 1834 1267 1880 et
1289 1825 1382 1895 qui
1413 1825 1609 1879 timent
1636 1823 1934 1878 Dominum

2041 620 2291 689 μήσαντα
2313 623 2411 690 τῆς
2442 620 2653 685 οἰκείας
2709 624 2991 695 πατρίδος,
3026 625 3122 679 καὶ
3172 624 3268 678 ἐπὶ
3322 624 3476 700 ξένης
3519 632 3615 703 γῆς

2036 711 2405 783 διατρίϐοντα,
2431 717 2527 769 καί⁹
2558 716 2765 789 ἀλήτην
2789 719 3080 790 γενόμενον
3100 718 3202 790 τὴν
3229 719 3487 786 ξενιτείαν
3510 723 3616 794 (33)

2038 806 2361 861 αἰδεσθέντα
2389 809 2487 867 τοῦ
2500 808 2576 862 ’δι’
2609 811 2757 880 ἡμᾶς
2792 811 3221 878 ξενιτεύσαντος,
3249 814 3341 866 ἐπὶ
3371 815 3466 887 τὴν
3491 816 3618 871 ἰδίαν

2037 895 2245 962 ἑστίαν,
2293 898 2419 968 ἥτις
2467 900 2810 966 ποτέέστιν,
2859 903 3110 974 ἀσμένως
3157 909 3615 978 χειραγωγήσειε·

2039 987 2142 1057 τῆς
2169 989 2273 1058 μὲν
2308 992 2507 1064 γηϊνης
2543 994 2639 1048 καὶ
2682 996 2946 1068 μεριστῆς
2990 999 3312 1069 ἀποστήσας
3343 999 3506 1072 ζωῆς,
3532 1006 3619 1062 ἐπὶ

2037 1080 2214 1153 δὲτὴν
2248 1083 2461 1138 ἑνιαίαν
2510 1086 2607 1139 καὶ
2637 1088 2892 1150 οὐράνιον
2951 1091 3270 1160 μετοικίσας
3304 1092 3413 1148 τῶν
3454 1096 3618 1165 ἁγίων

2039 1176 2372 1246 πανήγυριν,
2426 1177 2556 1233 ἔνθα
2608 1181 2825 1234 Παύλου
2883 1185 3113 1240 καὶτῶν
3164 1187 3512 1259 φοϐουμένων
3533 1190 3618 1247 τὸν

2038 1266 2246 1339 Κύριον
2265 1269 2387 1322 ’ἐστί
2405 1271 2466 1325 τὸ
2490 1271 2813 1344 πολίτευμα⁶
2834 1275 2971 1329 ἀλλὰ
2994 1277 3087 1332 καὶ
3110 1278 3269 1333 ἄλλον
3303 1282 3623 1354 ἀπογυμνω-

2039 1360 2201 1416 θέντα
2240 1361 2342 1432 τῆς
2384 1365 2666 1435 πατρικῆς
2715 1368 2908 1433 οὐσίας
2940 1368 3238 1442 θεώμενος,
3268 1374 3370 1443 τῆς
3395 1391 3455 1427 τε
3487 1377 3623 1432 κατὰ

2037 1453 2365 1525 προαίρεσιν
2431 1455 2748 1528 ἀφθαρσίας
2805 1459 2904 1529 τὴν
2964 1463 3161 1532 στολὴν
3220 1464 3622 1535 ἑκδυσάμενον,

2039 1541 2271 1613 ἐλεήσας
2298 1545 2399 1616 τὴν
2430 1546 2738 1617 γύμνωσιν,
2767 1550 2978 1605 ὲνδύσει
3011 1552 3198 1619 πάλιν,
3224 1555 3317 1608 τὸν
3341 1556 3482 1611 κατὰ
3501 1557 3625 1612 Θεὸν

2039 1633 2134 1689 καὶ
2186 1637 2462 1706 μακάριον
2514 1639 2908 1712 εἰσηγούμενος
2955 1642 3092 1715 βίον.
3145 1646 3209 1698 Τί
3237 1647 3294 1699 δὲ
3342 1646 3433 1702 τὸν
3472 1648 3624 1702 ἀσθε-

2038 1729 2237 1784 νοῦντα
2269 1735 2336 1803 τῇ
2372 1733 2575 1795 πίστει,
2618 1736 2712 1790 καὶ
2748 1738 2878 1809 περὶ
2907 1737 3007 1810 τὴν
3044 1739 3322 1810 διάκρισιν
3350 1742 3459 1796 τῶν
3488 1762 3626 1814 πρα-

2039 1821 2213 1877 κτέων
2243 1825 2617 1897 νηπιάζουσαν
2647 1828 2728 1882 ἔτι
2763 1828 2864 1900 τὴν
2891 1830 3134 1885 διάνοιαν
3172 1833 3454 1904 φέροντα;
3484 1833 3626 1910 τΑρα

347 1927 753 1977 conversantur
781 1929 807 1958 τ
843 1939 856 1975 :
895 1918 989 1975 sed
1030 1925 1084 1974 et
1118 1917 1288 1972 alium
1334 1917 1530 1973 videns
1561 1927 1793 1988 paterna
1820 1932 1932 1971 nu-

2037 1918 2483 1989 παραδραμεῑται
2519 1924 2676 1994 σιγῇς
2704 1924 2974 1994 οὐμενοῦν
2995 1941 3008 1956 ·
3042 1925 3159 1980 ἀλλ’
3184 1928 3277 1981 ἐπὶ
3301 1929 3403 2000 τὴν
3436 1908 3626 1985 ποθου-

347 2012 536 2067 datum
561 2012 890 2075 substantia,
917 2026 980 2067 ac
1002 2009 1441 2081 incorruptionis
1464 2010 1650 2064 tunica
1683 2024 1806 2079 quae
1835 2016 1919 2064 est

347 2108 406 2164 in
441 2107 723 2163 voluntate
758 2111 984 2161 exutum
1024 2107 1072 2172 ',
1104 2102 1376 2160 nuditatis
1421 2103 1688 2159 misertus
1737 2100 1931 2157 induet

345 2197 567 2261 iterum,
604 2180 812 2252 docens
842 2196 1057 2251 beatam
1082 2194 1301 2250 vivendi
1335 2194 1606 2250 rationem
1630 2203 1686 2249 et
1721 2208 1932 2249 secun-

347 2288 477 2344 dtnn
511 2286 702 2343 Deum.
737 2286 879 2353 Quid
942 2300 1075 2340 vero
1129 2285 1410 2339 infirmum
1459 2284 1516 2339 in
1550 2284 1654 2339 fide
1682 2285 1702 2322 ί
1747 2284 1930 2340 dicam

347 2388 510 2450 atque
572 2363 753 2435 adhuc
808 2377 1075 2449 puerilem
1134 2379 1386 2432 animum
1445 2377 1741 2443 ferentem,
1779 2376 1926 2447 quod

346 2484 563 2546 spectat
600 2474 669 2530 ad
707 2472 1046 2545 agendorum
1089 2472 1496 2530 discernentem
1537 2470 1935 2543 prudentiam?

348 2568 487 2623 Num
518 2583 649 2624 vero
677 2575 765 2624 est
792 2567 1015 2623 silentio
1038 2566 1471 2638 praeteriturus?
1496 2563 1933 2636 Haudquaquam

348 2662 514 2733 plane
553 2680 567 2717 :
601 2662 696 2718 sed
760 2661 829 2717 ad
878 2660 1252 2717 desideratam
1306 2661 1601 2716 sanitatem
1657 2658 1937 2729 finemque

345 2753 634 2823 proprium
672 2767 838 2823 quam
895 2752 1166 2807 citissime
1193 2762 1558 2807 revocaturus
1589 2759 1671 2807 est
1707 2769 1721 2806 :
1758 2751 1936 2822 partis

348 2847 540 2901 aliena:
563 2861 592 2899 a
620 2847 840 2901 ratione
861 2845 1012 2901 vitiis
1045 2860 1110 2901 ac
1132 2844 1656 2914 perturbationibus
1679 2859 1936 2900 sermone

344 2940 593 2996 veritatis
618 2939 839 3011 fugatis,
872 2938 1201 3009 rationeque
1249 2937 1415 2994 insita
1450 2937 1517 2992 ad
1551 2953 1712 2994 suum
1758 2938 1936 3009 ipsius

345 3035 653 3089 instaurata
686 3033 1018 3105 principium
1055 3052 1068 3088 :
1104 3047 1169 3089 ac
1214 3033 1343 3103 biga
1384 3032 1562 3103 partis
1597 3030 1794 3087 anima:
1839 3046 1936 3102 pa-

346 3127 537 3195 tibilis,
585 3128 689 3194 ira,
729 3127 993 3198 inquam,
1023 3133 1078 3182 et
1133 3124 1454 3196 cupiditate,
1499 3140 1560 3181 ex
1600 3126 1813 3182 ratione
1844 3140 1934 3179 ra-

2036 2013 2207 2083 μένην
2264 2014 2479 2082 ὑγίειαν
2510 2055 2524 2078 ,
2562 2015 2748 2070 καὶτὸ
2791 2018 2991 2072 οἰκεῖον
3023 2019 3180 2086 τέλος
3233 2022 3626 2098 ἀνακαλέσεται

2032 2106 2284 2177 τάχιστα,
2302 2106 2386 2177 .τῷ
2413 2108 2558 2179 λόγῳ
2590 2109 2689 2178 τῆς
2716 2109 2978 2179 ἀληθείας
3001 2111 3070 2166 τὰ
3103 2114 3251 2186 πάθη
3284 2117 3627 2186 φυγαδεύσας

2031 2199 2134 2270 τῆς
2162 2200 2412 2269 ἀλογίας,
2468 2204 2686 2257 καὶ’τδν
2717 2204 2960 2276 ἔμφυτον
3013 2207 3175 2277 λόγον
3220 2210 3320 2264 ὲπὶ
3351 2212 3452 2282 τὴν
3493 2212 3626 2268 ἰδίαν

2033 2293 2499 2366 ἀποκαταστήσας
2548 2296 2724 2367 ἀρχήν
2750 2313 2763 2326 ·
2822 2296 2995 2367 θυμὸν
3036 2300 3130 2353 καὶ
3163 2300 3485 2372 ἐπιθυμίαν,
3535 2304 3632 2375 τοῦ,

2034 2383 2342 2455 παθητικοῦ
2398 2386 2498 2457 τῆς
2528 2388 2708 2458 ψυχῆς
2763 2390 2964 2461 μέρους
3009 2392 3108 2463 τὴν
3169 2393 3461 2466 ξυνωρίδα,
3486 2397 3629 2452 κατά

2034 2473 2194 2543 λόγον
2221 2475 2506 2544 ὑποδείξας
2557 2478 2636 2549 τῷ
2672 2479 2837 2551 λόγῳ,
2889 2482 2984 2537 καὶ
3023 2482 3108 2553 ἐφ’
3137 2484 3174 2540 ἀ
3203 2485 3287 2540 δεῖ
3341 2488 3627 2560 πτερώσας

2035 2568 2131 2622 καὶ
2163 2569 2523 2634 ἀνακαινίσας
2565 2571 2645 2642 τῷ
2671 2571 2965 2644 πνεύματι.
2993 2575 3118 2629 Ἐπί
3150 2576 3207 2630 δὲ
3242 2577 3483 2648 τούτοις,
3535 2583 3628 2636 καὶ

2036 2658 2129 2711 τὸν
2159 2659 2564 2731 καθειργμένον
2598 2664 2697 2733 μὲν
2746 2664 2828 2736 .τῷ
2867 2666 3016 2738 ζόφῳ
3058 2667 3162 2739 τῆς
3195 2669 3448 2738 ἀγνοίας,
3504 2672 3628 2727 ἰδεῖν

2034 2750 2094 2804 δὲ
2126 2751 2189 2804 τδ
2222 2752 2340 2820 φῶς
2379 2754 2476 2824 τῆς
2520 2756 2799 2822 ἀπλανοῦς
2846 2758 3106 2827 γνώσεως
3149 2760 3521 2833 κωλυόμενον,
3552 2765 3628 2836 τῷ

2039 2843 2313 2915 σκοπεινῷ
2338 2845 2527 2917 χωρίῳ
2554 2847 2697 2901 κατά
2729 2848 2989 2919 πρόνοιαν
3021 2851 3272 2919 ἐπιστὰς,
3325 2853 3516 2926 ὥσπερ
3544 2855 3629 2910 διά

2034 2950 2184 2998 τινος
2205 2936 2443 3004 ἀγγέλου
2471 2936 2568 2990 τοῦ
2598 2938 2928 3004 φωτίζοντος
2955 2940 3054 3013 τὴν
3078 2941 3325 2998 διάνοιαν
3356 2945 3536 3014 λόγου,
3562 2946 3628 3000 τὰ

2035 3026 2133 3096 τῆς
2163 3028 2389 3095 ἀγνοίας
2418 3028 2719 3100 διαρρήξας
2739 3031 2936 3102 δεσμὰ,
2961 3033 3055 3087 ἐπὶ
3085 3034 3146 3086 τὸ
3173 3034 3289 3102 φῶς
3325 3038 3628 3107 προαγάγοι

2035 3114 2101 3170 ἂν
2124 3120 2222 3188 τῆς
2243 3121 2385 3172 κατὰ
2421 3120 2657 3192 Χριστὸν
2689 3122 3010 3192 ἐλευθερίας
3038 3127 3132 3179 καὶ
3162 3126 3466 3194 πολιτείας,
3493 3131 3627 3201 μήτε

343 3221 479 3275 tioni
534 3220 856 3290 composita,
913 3218 1289 3288 subnexisque
1355 3217 1551 3289 pennis
1577 3216 1644 3272 ad
1706 3232 1771 3272 ea
1810 3231 1932 3288 quae

2037 3207 2191 3279 ζυγῷ
2216 3208 2465 3274 δουλείας
2491 3210 2681 3264 λοιπὸν
2706 3212 3046 3284 ἐνεχόμενον,
3092 3217 3230 3286 μήτε
3263 3218 3406 3288 πρὸς
3436 3219 3505 3273 τὰ
3535 3221 3628 3273 οὐ·

344 3319 584 3382 0portet,
642 3324 710 3365 ac
740 3308 945 3381 spiritu
1006 3317 1273 3364 renovata
1301 3316 1349 3361 ιι.
1410 3306 1491 3362 Ad
1545 3307 1661 3362 haec
1711 3315 1925 3372 autem,

2037 3303 2200 3375 ράνια
2222 3302 2393 3376 κάλλη
2420 3303 2670 3374 Δβαδίζειν
2700 3308 2768 3377 τῇ
2803 3305 3015 3378 διανοίᾳ
3048 3310 3172 3361 κατ’
3217 3307 3475 3375 ἐξουσίαν
3516 3311 3628 3385 sip-

343 3405 510 3460 etiam
543 3420 704 3476 quem
763 3402 914 3458 velut
950 3416 1177 3457 carcere
1219 3399 1548 3468 ignorantia:
1578 3399 1757 3470 caligo
1788 3398 1931 3454 deti-
2039 3398 2295 3469 γόμενον.

345 3503 456 3561 net,
510 3510 573 3550 ac
613 3509 715 3550 nec
774 3508 919 3548 vera:
949 3491 1198 3548 scientiae
1230 3490 1420 3544 lumen
1481 3489 1672 3544 videre
1746 3491 1988 3558 sinitur,
2033 3483 2394 3546 tenebricoso
2443 3504 2541 3559 por
2572 3489 2985 3560 providentiam
3019 3506 3086 3546 ac
3136 3506 3330 3547 curam
3370 3494 3493 3550 loco
3516 3495 3626 3551 im-

341 3591 585 3655 minens,
646 3603 904 3644 sermone
951 3586 1047 3658 qui
1112 3584 1388 3641 illuminat.
1438 3583 1712 3648 animum,
1775 3586 1927 3640 velut
1967 3586 2166 3656 angelo
2192 3583 2437 3653 quodam
2472 3581 2842 3652 infringente,
2927 3583 3208 3655 disruptis
3300 3585 3628 3657 ignorantiae

344 3682 579 3740 vinculis
637 3682 705 3737 ad
738 3681 924 3736 lumen
986 3693 1132 3734 verae
1173 3677 1229 3731 in
1286 3668 1515 3732 Christo
1553 3676 1829 3731 libertatis
1867 3692 1933 3733 ac
2006 3678 2131 3732 vitae
2186 3675 2543 3747 provexerit;
2593 3683 2652 3729 ut
2685 3676 2730 3731 is
2776 3690 2961 3745 neque
3016 3675 3127 3745 jan.
3165 3685 3424 3733 teneatur
3499 3681 3627 3753 jugo

343 3778 654 3843 servitutis,
719 3792 783 3833 ac
839 3792 1021 3848 neque
1068 3782 1356 3842 arceatur,
1402 3781 1464 3829 ut
1493 3789 1564 3828 ne
1617 3772 1757 3829 liber
1797 3788 1863 3829 ac
1905 3790 2008 3846 pro
2048 3774 2263 3863 arbitrii
2309 3772 2571 3831 facultate
2617 3773 2848 3844 pulchra
2902 3774 3029 3829 coeli
3065 3774 3362 3833 incesserit
3420 3793 3487 3837 ac
3546 3780 3629 3836 Ιιι-

344 3873 557 3930 strarit.

419 3963 585 4018 Plane
635 3976 789 4027 vero,
826 3974 1077 4032 congrua
1132 3960 1352 4016 ratione
1385 3968 1442 4015 et
1477 3958 1645 4016 modo
1674 3956 1935 4013 universa

345 4055 482 4120 haec,
517 4070 583 4109 ac
631 4054 677 4109 si
711 4069 819 4124 qua
852 4052 1126 4124 ejusmodi
1170 4060 1320 4118 sunt,
1367 4053 1645 4108 charitate
1687 4053 1931 4106 lucerna:

345 4154 524 4205 instar
585 4148 772 4203 animo
830 4148 1116 4213 illucente,
1147 4145 1355 4217 duplici
1416 4144 1673 4201 exhibeat
1704 4150 1922 4214 oportet

344 4239 581 4294 ratione.
636 4235 793 4304 Quod
859 4238 1007 4293 enim
1046 4238 1300 4308 duplices
1351 4235 1552 4300 simus,
1609 4252 1676 4291 ex
1741 4235 1929 4290 anima

344 4331 635 4389 constituti
684 4338 741 4386 et
778 4345 1072 4404 scorpore,
1106 4331 1313 4403 duplex
1380 4332 1547 4386 etiam
1582 4330 1753 4386 fuerit
1780 4345 1928 4386 curae

345 4426 488 4479 ratio
527 4442 539 4478 :
574 4438 683 4494 qua
713 4433 769 4479 et
796 4411 901 4494 ipsi
938 4438 1134 4480 omnes
1173 4424 1512 4495 indigemus,
1560 4423 1710 4478 velut
1748 4422 1930 4478 homi-

346 4531 483 4583 nes;
530 4532 848 4587 quanquam
914 4516 1278 4574 nihilominus
1343 4517 1439 4573 ille
1503 4516 1782 4588 amplius,
1839 4516 1931 4572 hic

375 4666 456 4708 tut!
477 4657 621 4715 Psal.
655 4674 789 4723 xx",
841 4661 905 4721 2;
930 4654 1011 4711 lca
1037 4671 1186 4726 xL,tt.
1265 4646 1277 4654 ’

1425 4671 1446 4698 ι
1487 4658 1725 4732 Philipp.
1758 4673 1845 4725 tu,
1891 4658 1982 4715 20.
2061 4662 2083 4692 ⁸
2110 4655 2246 4710 Luc.
2278 4670 2370 4719 xv,
2407 4651 2493 4706 22.

2110 3957 2217 4010 Kal
2250 3954 2429 4010 πάντα
2462 3951 2641 4008 ⁴ταῦτα
2674 3954 2770 4008 καὶ
2803 3953 2871 4009 τὰ
2895 3955 3121 4009 τοιαῦτα
3147 3955 3293 4009 κατὰ
3317 3958 3413 4010 τὸν
3444 3958 3628 4012 εἰκότα

2035 4049 2192 4120 λόγον
2230 4049 2324 4103 καὶ
2355 4049 2576 4122 τρόπον,
2609 4047 2715 4101 ὑπὸ
2743 4048 2842 4113 τῆς
2871 4049 3093 4119 ἀγάπης
3144 4047 3242 4120 τὴν
3276 4049 3462 4123 ψυχὴν
3494 4068 3629 4121 φρυ-

2032 4142 2437 4214 κτωρούμενος,
2467 4141 2662 4203 διττῶς
2707 4138 3062 4206 ἐπιδείξεται.
3092 4138 3213 4191 Kal
3259 4138 3373 4210 γὰρ
3422 4138 3625 4192 διπλῶν

2030 4237 2201 4292 ὄντων
2231 4237 2409 4307 ἡμῶν,
2443 4238 2508 4291 ἐκ
2543 4234 2721 4305 ψυχῆς
2748 4249 2808 4287 τε
2839 4233 2935 4286 καὶ
2973 4231 3252 4303 σώματος,
3278 4231 3508 4287 διπλοῦν
3534 4232 3627 4286 καὶ

2021 4331 2130 4402 ’τῆς
2161 4328 2485 4401 ἐπιμελείας
2510 4328 2572 4382 τὸ
2599 4322 2761 4392 εἶδος,
2783 4320 2852 4397 ἦς
2880 4325 2975 4381 καὶ
2995 4325 3152 4379 αὐτοὶ
3178 4324 3386 4390 πάντες
3417 4325 3627 4395 ἄνθρω-

2029 4441 2120 4478 ποι
2178 4422 2475 4498 χρῄζομεν,
2525 4423 2574 4476 εἰ
2617 4422 2710 4474 καὶ
2761 4420 2790 4472 ὁ
2838 4419 2936 4490 μὲν
2978 4419 3072 4473 ἐπὶ
3119 4417 3326 4487 πλεῖον,
3384 4419 3415 4472 ὁ
3453 4418 3510 4472 δὲ
3539 4416 3623 4471 ἐπ’

2032 4516 2277 4582 ἔλαττον,
2316 4514 2423 4578 ἓως
2464 4512 2569 4567 ὑπὸ
2603 4512 2815 4584 τροπὴν
2862 4512 2996 4583 ἡμῖν
3032 4512 3066 4583 ἡ
3117 4510 3480 4582 προαίρεσις,
3532 4508 3624 4563 καὶ

2597 4652 2614 4687 ι
2650 4649 2814 4705 Rom.
2841 4665 2932 4707 rtv
2967 4650 3018 4704 ί.
3093 4652 3123 4683 ιι
3152 4647 3361 4719 Ephes.
3401 4662 3478 4713 tv,
3508 4616 3615 4705 ‘25.

1644 4795 1876 4853 VARle
1916 4790 2325 4850 LECTIONES.

482 4887 524 4917 ³³
562 4886 735 4949 ἙοτῑιξΔ
750 4887 1042 4951 αἰδεσθείς.

1633 5054 1641 5065 ,
1676 4996 2079 5055 COMBEFISH
2106 4996 2345 5055 NOTAE.

429 5124 507 5196 (8)
547 5126 872 5197 Ac‘dividya
895 5128 1004 5180 vita
1045 5125 1331 5197 abducens.
1360 5126 1471 5180 Kal
1495 5125 1761 5197 μεριστῆς
1793 5127 1932 5180 ἀπο·
1964 5128 2009 5184 D
2040 5126 2295 5197 superius
2325 5121 2447 5197 ἀντὶ
2466 5122 2560 5177 τοῦ
2596 5122 3194 5197 αἱδεσθένταΑ-Ιθεὶιιιιιε
3225 5116 3527 5197 αἰδεσθεὶςν,
3559 5122 3614 5167 εει

330 5194 547 5269 στήσας
581 5197 747 5267 ζωῆς.
784 5194 965 5269 Vitam
1027 5195 1332 5269 divi‘duam,
1384 5194 1925 5269 seuipseparabilem,

341 5265 570 5338 opponit
590 5270 654 5339 τῇ
685 5265 899 5339 ’ἑνιαίῳιμ
932 5265 1266 5339 πανηγύρει,
1314 5269 1439 5321 lano
1485 5267 1565 5339 illi
1601 5276 1924 5339 sanctorum

341 5343 661 5405 conrentui,
723 5338 873 5394 velut
928 5338 1214 5393 individue
1262 5339 1356 5392 uni
1403 5354 1469 5393 ac
1514 5338 1920 5407 inseparabili:

342 5423 609 5477 nusquam
677 5411 879 5474 sciaso,
933 5408 1016 5463 vel
1064 5409 1234 5479 ipsoa
1268 5409 1472 5480 scipso,
1518 5408 1925 5480 dissidentibus

344 5481 615 5553 partibus,
645 5497 794 5553 quas
837 5496 944 5536 una
984 5482 1313 5553 charitasin
1347 5479 1585 5553 idipsum
1634 5479 1925 5553 inviolabi-

343 5549 470 5624 liter
494 5549 773 5624 astringit,
818 5568 924 5624 nec
950 5566 980 5605 a
1008 5553 1137 5613 Deo,
1169 5551 1264 5624 qui
1297 5550 1476 5619 ipsum
1499 5550 1655 5624 _illud
1680 5550 1922 5624 idipsutn

340 5620 415 5674 sit
437 5623 492 5676 in
517 5638 627 5693 quo
662 5620 772 5678 tam
809 5623 1035 5679 feliciter
1061 5623 1461 5693 astringantur.
1499 5620 1690 5675 Potest
1737 5620 1923 5693 haberi

340 5706 407 5764 ex
444 5691 547 5747 hac
588 5696 846 5749 antithesi
903 5694 1035 5764 quid
1092 5709 1218 5747 vere
1249 5691 1350 5747 ’sit
1376 5691 1468 5764 τδ,
1495 5691 1920 5764 ένιαῖοςνςιιιοιι

343 5758 479 5835 Lex.
507 5764 690 5820 minus
716 5775 841 5835 apte
866 5758 1138 5835 reddunt,
1176 5763 1394 5835 aliquis.
1426 5762 1624 5817 Melius
1653 5758 1836 5835 S_uid.,
1859 5758 1921 5813 τὺ

340 5830 579 5907 ιιιαῖον·
628 5837 689 5888 τὸ
724 5830 1034 5907 μοναδικόν.
1091 5830 1289 5889 Habuit
1331 5830 1475 5907 forte
1518 5844 1629 5887 vet.
1685 5830 1819 5907 Leti.
1853 5846 1920 5907 ex

339 5915 449 5974 quo
468 5903 595 5971 alia,
626 5900 762 5960 unu's
788 5906 980 5976 aliquis
1009 5924 1026 5961 :
1058 5907 1203 5977 quod
1228 5913 1311 5961 est
1343 5905 1483 5961 satis
1514 5912 1722 5976 aptum.
1749 5900 1920 5957 Paulo

2038 5187 2244 5252 referat
2270 5195 2646 5266 colligentem,
2679 5195 2772 5266 qui
2814 5187 3253 5266 ex_Chr'isti_pr_o
3305 5188 3470 5266 nobis
3514 5187 3614 5266 hoc

2032 5254 2535 5337 spitisreveretitia,
2566 5254 2840 5337 hospitem
2872 5262 3100 5337 fratrem
3125 5254 3179 5317 in
3203 5264 3424 5318 domum
3455 5254 3612 5311 indu-

2028 5334 2119 5408 cat
2158 5355 2170 5390 :
2211 5337 2389 5400 illam,
2438 5338 2706 5408 inquam,
2741 5334 2797 5388 in
2853 5335 3008 5405 caelis
3041 5375 3056 5400 ,
3111 5350 3218 5402 qua
3246 5344 3373 5408 vere
3423 5339 3614 5408 omnes

2030 5407 2277 5478 hospites
2325 5401 2543 5472 sumus,
2577 5406 2683 5460 nisi
2733 5401 2998 5473 quantum
3032 5401 3608 5478 Aconversationejatn

2030 5467 2177 5534 velut
2205 5478 2409 5532 mundo
2426 5467 2771 5533 excessimus
2801 5493 2814 5530 :
2841 5490 2951 5545 quo
2972 5476 3136 5549 etiam
3168 5473 3330 5549 modo
3374 5467 3612 5549 esplicat

2029 5551 2243 5618 reliqua
2296 5565 2462 5604 sensu
2512 5549 2782 5619 mystico,
2830 5538 2938 5619 n'on
2974 5538 3474 5619 exclusolittetzali,
3504 5553 3610 5605 quo

2026 5609 2190 5674 etiam
2221 5621 2517 5674 doceamur
2548 5609 2976 5673 c'uramhabere
3006 5631 3304 5685 corporum
3324 5609 3606 5685 fratrum.

2027 5705 2135 5765 non
2170 5700 2386 5765 tantum
2428 5689 2739 5765 animorum
2768 5703 2934 5765 :_qua,
2974 5681 3173 5756 inquit,
3203 5681 3414 5765 duplici
3450 5690 3603 5765 cura;

2024 5762 2118 5828 qui
2146 5775 2213 5815 cx
2238 5762 2421 5815 anima
2451 5756 2741 5828 constituti
2771 5746 2951 5828 simus
2970 5766 3024 5811 et
3049 5746 3306 5823 corpore",
3333 5751 3424 5805 καὶ
3454 5746 3606 5828 αὐτοί

2027 5816 2232 5895 πάντες
2265 5830 2543 5901 ἄνθρωποι
2578 5827 2875 5901 χρῄζομεν
2923 5826 3042 5901 ῙΡκεέ
3066 5816 3229 5901 “id!”
3257 5816 3605 5901 οἰῙΨαΡέΨ

2023 5902 2256 5956 homines
2290 5895 2497 5973 egimus
2534 5895 2895 5972 :qu'anquam
2944 5900 3067 5970 plus
3103 5897 3217 5964 alii,
3269 5895 3363 5952 alii
3401 5895 3601 5946 minui:
