3966 6468
338 491 443 557 ριε

1324 486 1408 549 ΙΝ
1448 486 2292 552 TRANSFIGURATIONEM
2315 486 2617 549 DOMINI.

3507 480 3611 546 946

339 610 472 681 παρ’
526 607 729 678 ἑαυτῆς
789 606 825 678 ἡ
876 604 977 676 ὕλη
1049 604 1208 676 φέρει
1280 604 1345 658 τὸ
1385 605 1624 661 ἄτακτον
1695 608 1791 661 καλ⁸
1831 610 1926 663 ἅν-

2037 607 2255 674 minus;
2325 605 2573 676 quandiu
2659 604 2922 660 nimirum
2977 601 3237 658 voluntas
3297 600 3611 657 mutatione

338 700 581 772 ὠμαλον,
608 700 642 772 ἢ
673 700 768 753 καὶ
786 702 906 762 ταῖς
932 697 1134 766 ἔξωθεν
1152 698 1442 770 ὲπηρείαις
1470 699 1921 772 καὶδυσχερείαις

339 794 643 848 ἁλίσκεται.
679 792 770 845 Διὸ
821 793 915 844 καὶ
962 792 1204 861 μάλιστα
1233 790 1635 862 φιλανθρώπως
1667 791 1920 863 ἀλλήλοις

340 881 626 953 χρηστέον,
654 881 742 934 ἵνα
769 881 862 935 καὶ
892 880 1069 944 ἄλλως
1094 879 1311 952 ’μᾶλλον
1343 882 1570 944 ἑαυτοὺς
1615 882 1921 954 εὐεργετῶ·-

343 988 466 1042 μεν.
496 972 571 1025 Τδ
610 972 717 1042 γὰρ
743 972 1105 1042 εὐεργέτημα
1123 969 1308 1040 μεῖζον
1339 970 1535 1025 ἑαυτοῦ
1565 973 1718 1041 παρὰ
1743 970 1821 1042 τῷ
1861 967 1920 1025 εὗ

339 1065 569 1118 παθόντι
597 1050 914 1135 γενόμενον,
948 1064 1044 1117 ἐπὶ
1086 1063 1177 1116 τὸν
1215 1063 1515 1133 εὐεργέτην
1541 1063 1924 1135 δαψιλέστερον

338 1157 734 1209 ἀντεπάνεισιο
784 1158 881 1209 καὶ
937 1154 1112 1217 οὕτως
1156 1157 1215 1208 ὲν
1266 1155 1346 1223 τῷ
1403 1155 1813 1226 εὐεργετεῖσθαι
1863 1154 1925 1208 τὸ

341 1250 650 1321 εὐεργετεῖν
680 1248 1171 1319 ἀντιπεριίσταται.
1202 1248 1392 1318 Τούτῳ
1418 1247 1476 1300 δὲ
1509 1247 1791 1319 προδήλως
1831 1249 1926 1303 καὶ

343 1344 597 1412 μιμεῖται
625 1341 760 1394 Θεὸν
794 1340 1084 1409 ἄνθρωπος
1110 1355 1124 1372 ο
1171 1340 1204 1409 ή
1245 1339 1303 1391 δὲ
1338 1340 1591 1407 μίμησις,
1612 1340 1889 1404 οἰκείωσις
1908 1357 1923 1371 ο

342 1434 377 1503 ἡ
401 1433 457 1485 δὲ
486 1432 786 1494 οἰκείωσις,
816 1430 1142 1501 ἐξομοίωσις
1162 1445 1174 1459 ’
1199 1432 1232 1499 ἡ
1264 1429 1342 1495 δὲ,
1370 1433 1481 1482 τῶν
1511 1430 1735 1497 ἀγαθῶν
1760 1432 1929 1502 ἀκρό-

342 1540 525 1578 τατον.
584 1523 747 1594 Ὁρᾷς
798 1526 899 1592 τῆς
951 1521 1364 1590 φιλανθρωπίας
1415 1521 1644 1588 πηλίκος
1695 1523 1847 1575 ἐστὶν
1901 1525 1930 1575 ὁ

342 1615 594 1687 καρτοός;
644 1614 802 1669 Οὕτω
848 1614 906 1667 δὲ
956 1615 1053 1667 καὶ
1097 1612 1189 1665 διὰ
1226 1613 1326 1682 τῆς
1380 1613 1700 1676 αὐτοτελοῦς
1743 1613 1929 1677 ἑξάδος

342 1705 455 1760 τῶν
481 1705 733 1770 ἐντολῶν,
764 1704 929 1775 φόϐον
959 1704 1178 1758 ἅπαντα
1212 1703 1559 1776 δουλοπρεπῆ
1593 1706 1930 1775 παρωσάμε-

345 1816 456 1863 νος,
504 1798 644 1867 μετὰ
688 1796 808 1865 τῆς.
835 1795 1014 1864 κακῆς
1065 1794 1173 1848 τῶν
1228 1795 1419 1849 παθῶν
1462 1792 1794 1867 ἆχθηδόνος,
1835 1796 1930 1849 καὶ

346 1889 541 1944 ἑαυτὸν
569 1889 925 1959 ἀνακαθήρας
952 1888 1026 1952 ὡς
1052 1883 1164 1942 οἷόν
1191 1905 1273 1952 τε,
1307 1890 1402 1942 καὶ
1429 1891 1488 1941 ὲν
1512 1892 1576 1959 τῇ
1619 1890 1809 1961 ἀγάπῃ
1839 1907 1930 1943 τε-

345 1982 616 2045 λειωθεὶς,
664 1978 830 2035 ἆθλον
879 1982 1086 2053 ἀρετῆς
1141 1986 1439 2053 κομιεῖται,
1498 1983 1675 2057 [καὶ]
1727 1987 1826 2055 τῆς
1871 1987 1929 2039 ἐν

346 2075 621 2145 πνεύματι
674 2076 911 2146 φυσικῆς
965 2074 1201 2145 θεωρίας
1250 2075 1349 2145 τὴν
1385 2075 1687 2130 ἄπταιστον
1728 2078 1932 2146 γνῶσιν

346 2169 457 2225 τῶν
486 2169 592 2223 ὑπὸ
622 2168 668 2201 ³⁵
700 2168 892 2242 χρόνον
918 2167 1014 2222 καὶ
1042 2167 1230 2238 φύσιν,
1260 2168 1358 2222 καὶ
1391 2170 1484 2223 τὸν
1519 2172 1575 2225 ὲν
1609 2170 1669 2235 ἓξ
1698 2172 1934 2243 ἡμέραις

346 2263 657 2318 ὑποστάντα
687 2262 915 2333 κόσμον,
957 2261 1049 2316 τὸν
1080 2261 1266 2315 ὑλικὸν
1309 2262 1407 2317 καὶ
1435 2262 1733 2335 ὁρώμενον,
1764 2264 1933 2320 τύπον

346 2352 509 2418 εἰδὼς
532 2351 629 2408 τοῦ
659 2353 1065 2424 ἀναϐεϐηκότος
1088 2353 1188 2424 τὴν
1225 2353 1505 2424 αἴσθησιν,
1537 2353 1728 2425 ὄψεται
1753 2354 1934 2420 καλῶς

346 2444 437 2498 διὰ
472 2443 566 2498 τοῦ
595 2445 879 2514 ὁρωμένου
908 2443 1001 2498 τὸν
1041 2444 1115 2516 μὴ
1142 2443 1443 2516 ὁρώμενον,
1476 2446 1933 2519 μεταῤῥυθμίζων

348 2537 686 2607 ἐναρμονὶως
717 2536 810 2590 ἐπὶ
840 2537 940 2607 τὴν
964 2536 1164 2608 νοητὴν
1195 2537 1293 2591 καὶ
1320 2537 1640 2606 πολύφωτον
1666 2538 1935 2612 ὡραιότη-

346 2644 416 2682 τα
437 2627 507 2682 τὰ
533 2627 707 2698 κάλλη
742 2627 853 2681 τῶν
885 2628 1257 2699 φαινομένων,
1297 2629 1411 2683 Καὶ
1439 2629 1583 2684 οὕτω
1609 2631 1707 2703 τὴν
1733 2632 1930 2698 κτίσιν,

347 2719 444 2773 ἐπὶ
473 2720 565 2774 τὸν
620 2721 822 2790 ἑαυτῆς
869 2719 1044 2774 αίτιον
1097 2719 1211 2785 ἕξει
1263 2722 1714 2792 χειραγωγοῦσαν
1767 2724 1933 2778 αὐτοῦ

350 2810 446 2884 τὴν
471 2811 732 2866 διάνοιαν.
753 2811 919 2865 Ὥστε
939 2812 1007 2865 δι’
1036 2811 1390 2884 ἀμφοτέρων,
1416 2813 1670 2884 πράξεως
1698 2815 1934 2886 δηλέγω

351 2904 443 2957 καὶ
475 2902 731 2976 θεωρίας,
777 2904 918 2975 μετὰ
950 2904 1050 2976 τὴν
1092 2905 1152 2958 ὲν
1190 2906 1396 2975 ἀμφοῖν
1442 2906 1779 2977 τελειότητα,
1834 2907 1935 2978 τὴν

351 2996 438 3050 διὰ
482 2997 582 3066 τῆς
613 2996 800 3062 ἑξάδος
839 2996 950 3050 τῶν
995 2996 1158 3052 θείων
1191 2997 1445 3065 ἐντολῶν,
1483 2998 1579 3052 καὶ
1611 2998 1793 3070 μέντοι
1841 3002 1935 3056 καὶ

348 3086 457 3139 τῶν
494 3087 725 3161 ἡμερῶν
749 3087 1109 3160 δηλουμένην,
1141 3090 1200 3142 ὲν
1239 3085 1322 3153 οἷς
1352 3091 1381 3142 ό
1408 3089 1683 3159 ὁρώμενος
1715 3092 1928 3163 ὑπέστη

348 3181 574 3247 κόσμος,
623 3181 916 3250 δυνήσεται
973 3180 1230 3252 καθαρῶς
1288 3182 1552 3248 συνιέναι,
1606 3181 1665 3236 τί
1725 3186 1788 3238 τὸ
1834 3186 1933 3258 τῆς

2026 699 2309 765 subditur,
2373 703 2602 770 ipsaque
2661 713 2693 752 a
2763 713 2823 753 se
2857 697 3090 753 materia
3139 696 3610 751 inordinationem

2026 804 2091 845 ac
2146 789 2577 845 inconstantiam
2633 787 2860 843 adducit
2890 787 2981 859 (9).
3007 788 3094 842 vel
3139 787 3308 842 etiam
3361 787 3612 841 externis

2027 880 2253 949 injuriis
2287 880 2671 949 molestiisque
2726 879 3102 948 intereipitur.
3137 877 3319 943 Quare
3387 885 3616 947 praestat

2026 972 2252 1027 omnino
2318 980 2381 1027 ut
2424 981 2535 1026 tota
2580 971 2924 1025 humanitate
2984 969 3226 1024 invicem
3276 980 3608 1032 coutamnr,

2028 1079 2137 1135 quo
2167 1072 2222 1119 et
2255 1064 2460 1134 alioqui
2498 1064 2603 1134 ipsi
2642 1062 2802 1117 nobis
2850 1061 3179 1117 beneﬁcium
3215 1063 3393 1131 majus
3422 1060 3615 1115 confe-

2033 1174 2242 1214 ramus.
2286 1155 2624 1212 Beneﬁeium
2657 1155 2862 1226 quippe
2924 1154 3112 1224 seipse
3156 1154 3379 1208 auctius
3414 1140 3612 1207 redita

2029 1248 2359 1304 benelieiato
2391 1248 2459 1301 ad
2493 1246 2800 1303 beneﬁcum
2838 1264 2852 1301 :
2890 1257 3057 1317 atque
3091 1246 3230 1301 adeo
3277 1246 3332 1300 in
3359 1242 3613 1298 beneﬁcii

2030 1337 2656 1408 acceptione-quaedam
2710 1337 2999 1405 reciproca
3070 1334 3321 1389 beneﬁcii
3389 1331 3615 1387 collatio

2028 1441 2132 1485 est.
2205 1428 2283 1484 Eo
2345 1429 2491 1484 enim
2544 1428 2837 1499 perspicue
2899 1427 3065 1481 homo
3101 1425 3269 1480 Deum
3337 1426 3610 1479 imitatur.

2033 1522 2271 1576 imitatio
2308 1530 2514 1586 autem,
2551 1520 2869 1576 conciliatio
2904 1527 2989 1575 est
3014 1535 3030 1586 ;
3056 1518 3379 1572 conciliatio
3403 1526 3611 1579 autem,

2033 1616 2364 1670 assimilatio
2397 1623 2452 1668 et
2475 1613 2766 1682 expressio
2804 1630 2816 1667 :
2847 1628 3022 1683 eaque
3043 1626 3363 1682 supremmn
3389 1611 3616 1673 bonum,

2038 1707 2231 1763 Viden’
2290 1715 2528 1776 quantus
2587 1709 2661 1761 sit
2699 1707 3067 1761 humanitatis
3127 1715 3184 1760 et
3218 1703 3621 1757 naiSericordire

2033 1798 2288 1854 fructus?
2328 1797 2420 1851 Sic
2486 1811 2616 1851 vero
2659 1798 2849 1861 etiam,
2883 1799 3074 1867 Seipso
3111 1794 3361 1867 perfecto
3393 1796 3621 1850 manda-

2034 1899 2214 1946 torum
2251 1888 2497 1952 senario,
2525 1896 2673 1943 metu
2707 1889 2858 1941 omni
2883 1888 3075 1943 servili
3101 1901 3211 1941 una
3261 1902 3387 1941 cum
3417 1887 3619 1941 vitiosa

2036 1984 2511 2057 perturbationum
2573 1981 2827 2036 molestia
2885 1980 3140 2050 depulso,
3185 1980 3386 2052 suique
3453 1997 3619 2051 quam

2034 2084 2219 2148 potest
2248 2075 2436 2131 haberi
2475 2074 2740 2140 maxima,
2763 2073 3160 2129 emundatione
3181 2087 3244 2126 ac
3264 2087 3622 2127 (’OIISllmllla-

2036 2178 2089 2222 ta
2125 2168 2401 2223 eharitate
2426 2206 2441 2232 ,
2474 2165 2699 2221 virtutis
2731 2180 2795 2218 ac
2828 2164 3102 2219 naturalis
3157 2163 3212 2217 in
3254 2164 3457 2233 spiritu
3487 2178 3621 2219 con-

2036 2259 2414 2330 templationis
2449 2255 2564 2329 (10)
2598 2255 2930 2312 inoffensam
2965 2270 3150 2310 rerum
3211 2269 3378 2325 supra
3402 2263 3621 2326 tempus

2036 2361 2409 2422 naturamque
2467 2349 2780 2420 positarum
2838 2346 3154 2410 scientiam,
3212 2349 3500 2416 praemium
3536 2363 3621 2400 re-

2036 2442 2390 2513 portaverit-z
2424 2442 2731 2512 vidensque
2762 2440 3027 2496 mundum
3066 2441 3265 2495 diebus
3308 2440 3460 2495 senis
3489 2456 3626 2496 con-

2036 2537 2254 2601 ditmn,
2305 2535 2488 2601 illum,
2530 2535 2779 2605 inquam,
2806 2535 2861 2589 in
2893 2536 3147 2602 materia,
3189 2545 3242 2590 et
3268 2536 3445 2591 oculis
3488 2537 3623 2590 suh-

2032 2629 2273 2701 jectum;
2340 2628 2531 2683 mundi
2605 2644 2773 2700 supra
2827 2643 3053 2684 sensum
3139 2628 3337 2683 elcvati
3396 2628 3622 2699 ﬁguram

2036 2722 2240 2792 probe,
2294 2721 2440 2792 quod
2506 2719 2647 2791 fugit
2688 2721 2887 2776 oculos
2943 2734 3048 2775 nec
3095 2721 3372 2791 aspectari
3405 2728 3622 2791 potest;

2034 2832 2219 2873 rerum
2266 2814 2570 2870 visibilium
2621 2820 2853 2868 ornatis
2886 2812 2942 2868 in
2976 2813 3288 2883 spiritalem
3336 2814 3626 2882 multoque

2035 2909 2244 2963 lumine
2303 2909 2570 2961 illustrem
2599 2907 2852 2961 decorem
2907 2905 3184 2960 concinna
3214 2904 3628 2960 "accommoda-

2041 3002 2194 3055 tione
2242 3000 2609 3065 transferens,
2670 3012 2738 3053 eo
2772 2999 2920 3069 quod
2972 3012 3304 3068 corporeum
3370 2998 3628 3068 subjacet

2036 3092 2241 3157 oculis,
2270 3093 2590 3163 perspiciet.
2623 3089 2827 3161 Sicque
2877 3090 3123 3145 futurum
3149 3098 3235 3146 est
3268 3098 3327 3145 ut
3371 3099 3625 3145 creatura

2037 3187 2285 3241 animum
2342 3185 2464 3255 ejus
2499 3184 2555 3239 in
2623 3199 2784 3239 suum
2860 3182 3039 3255 ipsius
3092 3185 3240 3238 velut
3287 3184 3628 3239 manuducat

348 3269 542 3341 ὀγδόης
578 3271 896 3342 μυστήριον.
941 3273 1006 3326 Ὃ
1031 3270 1120 3326 διὰ
1149 3271 1250 3341 τῆς
1278 3271 1374 3327 τοῦ
1409 3274 1597 3329 Λουκᾶ
1638 3291 1933 3346 μυσταγω-

2038 3277 2395 3348 principium.
2434 3276 2804 3344 Quamobrem
2829 3283 3084 3346 utroque,
3105 3278 3345 3344 actione,
3374 3274 3622 3346 inquam,

348 3360 499 3428 γίας,
535 3360 613 3425 ὥς
658 3362 724 3431 γέ
773 3380 863 3434 μοι
910 3358 1187 3433 φαίνεται,
1232 3367 1786 3439 παραγυμνούμενον,
1835 3370 1936 3424 ἴδοι

346 3466 433 3512 τις
465 3450 532 3505 ἂν
557 3451 665 3505 τῶν
711 3451 1065 3522 θεωρητικῶν
1099 3470 1160 3507 τε
1202 3457 1296 3509 καὶ
1331 3455 1445 3511 ἄνω
1497 3457 1808 3528 βεϐηκότων
1835 3461 1967 3532 τὴν,

351 3539 630 3611 αἴσθησιν.
662 3541 758 3596 »Τό
802 3544 861 3597 δὲ
900 3544 1197 3616 λεγόμενον
1241 3548 1336 3600 καὶ
1385 3546 1642 3615 γνώσεως
1680 3550 1936 3622 ἀληθοῦς,

353 3632 462 3697 ἔξω
510 3635 715 3706 σαρκὸς
760 3637 857 3691 καὶ
899 3637 1108 3709 κόσμου
1152 3639 1463 3711 γενόμενοι,
1498 3641 1622 3696 καθ’
1666 3642 1792 3697 ὅσον
1843 3647 1942 3712 ἐφ-

352 3724 505 3777 ικτὸν
548 3726 805 3793 ἐνταῦθα,
830 3727 898 3782 τὰ
924 3730 1025 3800 τῆς
1055 3730 1360 3801 μελλούσης
1391 3734 1782 3800 καταστάσεως
1804 3738 1941 3809 εἴδη,

350 3816 411 3883 ἐξ
460 3809 536 3872 ὧν
593 3819 992 3891 ἐπειράθησαν,
1051 3823 1496 3895 διδαχθήσονται.
1558 3827 1720 3881 Ἀλλὰ
1772 3828 1945 3882 ταῦτα

353 3908 476 3980 μὲν,
507 3910 634 3965 ὅσον
650 3914 1186 3986 προοδοποιήσασθαι
1219 3920 1285 3989 τῇ
1313 3917 1587 3992 μελλούσῃ
1614 3923 1725 3984 τοῖς
1751 3921 1943 3993 διορα-

348 4003 674 4073 τικωτὲροις
696 4006 789 4058 ἐπὶ
821 4006 915 4060 τοῦ
952 4006 1114 4079 ὅρους
1146 4010 1649 4081 ’φανερωθήσεσθαι
1692 4012 1819 4085 δόξῃ
1849 4015 1942 4069 καὶ

346 4093 560 4164 χάριτι.
591 4096 722 4149 Ὅτε
753 4096 809 4150 δὲ
840 4098 918 4169 τῷ
967 4099 1146 4170 Ἰησοῦ
1178 4102 1619 4165 συνανελθόντες,
1669 4105 1801 4158 εἵσω
1842 4107 1941 4177 τῆς

349 4184 583 4254 νεφέλης
603 4187 867 4255 γένοιντο,
886 4190 1008 4244 τότε
1034 4191 1218 4263 πολλῷ
1242 4195 1484 4265 τρανὼτε
1495 4194 1586 4265 ρόν
1610 4211 1668 4247 τε
1693 4197 1786 4249 καὶ
1803 4195 1942 4267 ὕψη·

346 4275 594 4346 λάτερον,
623 4278 712 4331 διὰ
735 4280 844 4334 τῶν
872 4281 1278 4337 λευκανθέντων
1313 4283 1446 4338 ὡσεὶ
1486 4286 1641 4355 χιὼν,
1676 4287 1772 4339 καὶ
1802 4286 1940 4358 λαμ-

345 4366 568 4435 ψάντων
614 4369 691 4434 ὼς
732 4371 795 4424 τὸ
847 4371 966 4443 φῶς
1018 4374 1251 4444 ἱματίων
1308 4374 1403 4429 τοῦ
1461 4375 1660 4445 Λόγου,
1707 4378 1803 4447 τῆς
1836 4395 1938 4449 μυ-

349 4462 548 4533 στικῆς
613 4463 723 4517 τῶν
799 4467 1221 4538 προειρημένων
1291 4468 1421 4533 θέας
1494 4468 1896 4542 ἀξιωθήσονται
1925 4515 1940 4540 ,

347 4552 614 4619 εἰξάντων
648 4554 749 4626 ἤδη
777 4556 888 4612 τῶν
919 4559 1207 4629 συμϐόλων
1241 4561 1310 4630 τῇ
1344 4559 1601 4631 ἀληθεία,

2043 3382 2097 3428 et
2126 3371 2621 3442 contemplatione,
2682 3378 2812 3440 post
2881 3368 3138 3439 adeptam
3180 3369 3236 3423 in
3268 3368 3354 3424 eis
3389 3369 3623 3439 positam

2047 3464 2481 3534 perfectionem,
2543 3462 2693 3516 illam
2749 3462 3016 3516 nimirum
3076 3468 3192 3514 tum
3254 3477 3376 3531 quae
3406 3459 3629 3516 senarin

2046 3557 2362 3612 divinorum
2416 3554 2831 3619 mandatorum,
2913 3563 3027 3608 tum
3066 3568 3205 3621 quae
3264 3553 3628 3609 nihilominus

2042 3651 2239 3705 diebus
2276 3648 2444 3713 senis,
2476 3648 2675 3717 quibus
2709 3644 2951 3701 mundus
2991 3646 3095 3700 fuit
3125 3645 3412 3711 conditus,
3445 3645 3624 3713 signi-

2044 3737 2262 3800 ﬁcatur,
2295 3737 2575 3807 quodnam
2632 3734 2707 3789 sit
2739 3732 2967 3789 Octavae
3029 3744 3468 3798 sacramentum,
3503 3748 3627 3804 per-

2044 3830 2236 3899 spicue
2272 3826 2637 3883 intellexerit.
2678 3824 2861 3895 Atque
2896 3823 2974 3893 id,
3002 3840 3121 3880 mea
3153 3824 3374 3894 quidem
3408 3834 3632 3879 senten-

2044 3924 2142 3986 tia,
2203 3919 2442 3992 spiritali
2498 3918 2664 3974 Lucae
2699 3917 2954 3973 doctrina
3011 3918 3213 3973 viderit
3261 3916 3629 3974 declaratum.

2045 4015 2140 4086 qui
2171 4014 2252 4069 sic
2274 4011 2743 4081 contemplativus
2775 4025 2840 4065 ac
2889 4025 3058 4066 sensu
3087 4010 3343 4081 superior
3369 4008 3628 4065 evaserit.

2046 4106 2180 4160 Dico
2213 4112 2421 4170 autem,
2478 4118 2755 4174 verusque
2791 4111 2877 4158 est
2912 4103 3187 4158 sermonis
3241 4117 3462 4163 sensus,
3516 4098 3635 4153 fore

2044 4205 2126 4263 ut,
2170 4203 2440 4266 quantum
2505 4195 2720 4249 mortali
2786 4194 2895 4248 vita
2965 4194 3080 4248 ﬁeri
3132 4201 3335 4263 potest,
3391 4204 3627 4261 corpare

2041 4287 2361 4357 mundoque
2417 4286 2770 4346 excellentes,
2826 4284 2941 4353 jam
3001 4299 3065 4355 ea
3097 4299 3227 4353 qua:
3262 4281 3431 4336 futuri
3471 4279 3624 4335 illius

2046 4386 2225 4435 status
2273 4387 2423 4439 sunt,
2477 4392 2541 4430 ex
2580 4376 2648 4430 iis
2692 4389 2926 4445 quorum
2978 4373 3159 4428 fecere
3207 4372 3512 4444 periculum
3541 4388 3635 4444 gu-

2052 4480 2312 4540 stumque
2388 4474 2781 4538 perceperunt,
2852 4466 3184 4521 doceantur.
3236 4464 3456 4521 Verum
3520 4466 3635 4523 luce

2049 4563 2278 4634 quidem
2345 4568 2407 4616 ut
2463 4568 2675 4614 tantum
2736 4566 3001 4628 prceeant,
3063 4572 3128 4612 ac
3178 4558 3324 4613 velut
3383 4557 3638 4612 muniant

346 4644 498 4699 viam
554 4646 863 4705 manifesta:
888 4651 942 4705 in
970 4661 1157 4707 monte
1198 4653 1700 4724 perspicacioribus
1755 4655 1931 4711 oculis
1968 4656 2252 4729 gloriae‘et
2293 4652 2504 4723 gratim.
2539 4649 2640 4706 Ubi
2675 4662 2858 4705 autem
2913 4667 3018 4704 una
3061 4665 3187 4704 cum
3232 4649 3364 4705 Jcsu
3439 4666 3637 4703 ascen-

348 4738 568 4806 dentes,
607 4739 750 4795 intra
779 4743 981 4798 nubem
1008 4746 1367 4801 constiterint
1389 4787 1405 4813 ,
1450 4756 1582 4803 tunc
1606 4748 1766 4818 longe
1787 4748 1994 4805 clarius
2022 4748 2429 4816 sublimiusque
2456 4746 2691 4800 vestium
2726 4742 2886 4799 Verbi
2926 4741 3137 4812 fulgore
3167 4742 3344 4798 instar
3379 4743 3632 4798 luminis.

351 4836 644 4907 mysticam
703 4838 1061 4909 prazfatorum
1122 4841 1389 4898 visionem
1451 4846 1732 4916 accepturi
1783 4856 1935 4913 sunt,
1974 4861 2098 4901 cum
2128 4845 2240 4915 jam
2274 4843 2524 4914 symbola
2560 4842 2776 4897 veritati
2809 4841 3212 4897 concesserint.

415 4944 421 4949 ’
809 4950 819 4959 ’
1644 4958 1876 5015 VARle
1914 4957 2323 5016 LEC'l‘lONES.

457 5042 501 5074 ²¹⁶
519 5041 665 5114 Lege
694 5044 861 5117 ὑπέρ.

1684 5142 2079 5200 COMBEFISH
2111 5143 2347 5200 NOTIE.

423 5230 502 5300 (9)
535 5229 765 5302 Ipsaque
788 5252 819 5287 α
845 5250 900 5288 se
934 5234 1159 5288 ntaleria
1184 5234 1631 5290 inordinalionem
1666 5254 1729 5291 ac
1752 5239 1933 5293 incon-

351 5305 610 5374 stantiam
653 5303 893 5374 adducit.
945 5305 1106 5374 Φέρει
1156 5305 1285 5374 παρ’
1329 5307 1535 5373 ἑαυτῆς
1597 5307 1659 5358 τὸ
1694 5309 1932 5362 ἄτακτον

348 5372 448 5425 καὶ
486 5371 798 5442 ἀνώμαλον.
825 5371 1174 5447 Xerha’sunt
1226 5371 1582 5447 GregoriiQin
1620 5395 1740 5447 quae
1767 5382 1937 5441 etiam,

350 5451 762 5498 commentatur
822 5444 1116 5507 Maximus,
1181 5454 1350 5510 orat.,
1384 5446 1440 5500 ni
1507 5444 1690 5515 fallor,
1728 5447 1813 5515 16,
1858 5449 1936 5503 De

350 5527 534 5590 amore
575 5530 893 5590 pauperum,
924 5517 1372 5590 inquaunosler
1405 5518 1677 5590 Andreas,
1714 5519 1769 5573 in
1796 5536 1937 5590 prie-

351 5583 563 5659 latione
584 5583 879 5659 charitatis
939 5585 1241 5641 virtutibus
1286 5589 1433 5652 aliis,
1465 5583 1695 5659 ejusque
1725 5592 1779 5645 in
1797 5583 1941 5659 'prno

351 5653 563 5725 animum
580 5656 975 5732 cognatissima
1003 5668 1244 5732 utraque
1267 5653 1681 5732 misericordia,
1701 5653 1941 5732 spiritali

352 5726 748 5801 accorporali.
792 5742 1026 5795 quarum
1069 5726 1161 5781 illa
1199 5730 1381 5797 potior
1405 5729 1499 5801 sit.
1533 5744 1710 5801 eoque
1733 5726 1943 5801 "magis

351 5793 595 5870 debita;
614 5793 979 5870 nonparum,
1021 5793 1354 5870 quanquam
1381 5799 1493 5854 alio
1517 5793 1687 5870 scopo
1712 5793 1944 5870 suisq'ue

352 5863 608 5946 plurimis
643 5863 1142 5946 aeiisilltrs_tribus
1208 5863 1462 5941 adjemis,
1520 5863 1941 5929 ettii'nlmnGrc-

353 5937 571 6005 corium
597 5937 849 5993 imitatus
883 5937 1152 5993 videatur.

2118 5237 2245 5311 (l0)
2296 5238 2547 5311 Virtutis.
2584 5255 2657 5311 ac_
2684 5239 2952 5311 nqmralis
2984 5239 3041 5293 in
3068 5239 3262 5307 spiritu
3308 5241 3637 5308 contempla-

2058 5307 2241 5373 tionis,
2275 5317 2384 5365 etc.
2420 5309 2695 5364 Nonnulla
2732 5307 2837 5363 fuit
2880 5318 3211 5375 punctorum
3247 5307 3634 5375 mutatio,ad-

2040 5379 2189 5446 jecta
2219 5380 2384 5434 etiam
2420 5380 2688 5449 particula
2720 5379 2835 5433 καί.
2868 5380 2962 5445 Τὸ,
2992 5379 3120 5442 ὑπό,
3150 5380 3471 5434 mutandum
3502 5380 3634 5435 duxi

2043 5451 2099 5504 in
2133 5451 2297 5521 ὑπέρ,
2331 5451 2475 5519 quod
2508 5450 2737 5520 margini
2772 5452 3008 5519 ascripsi
3036 5492 3051 5514 ,
3086 5457 3143 5503 ut
3173 5450 3346 5521 velit,
3406 5451 3632 5521 virtute,

2041 5536 2166 5591 qua:
2209 5520 2471 5590 operibus
2500 5521 2789 5576 charitatis
2811 5530 2864 5573 et
2910 5520 3309 5574 misericordia:
3334 5520 3632 5590 explicatis

2046 5591 2320 5660 praecipue
2362 5602 2677 5655 exercetur,
2712 5591 3381 5659 rerumque-naturalium
3414 5592 3637 5659 spirita-

2047 5662 2174 5715 liori
2197 5663 2690 5732 contemplatione,
2732 5676 2832 5715 ceu
2885 5661 3089 5732 duplici
3143 5661 3366 5715 senario
3422 5676 3636 5732 praepa-

2048 5739 2207 5785 rante
2238 5732 2304 5786 ad
2331 5731 2532 5787 montis
2580 5748 2894 5797 accessum,
2951 5731 3274 5786 inoffensam
3324 5731 3634 5799 comparari

2052 5802 2363 5873 divinorum
2388 5811 2445 5857 et
2471 5803 2808 5873 spiritalium
2839 5802 3238 5872 cognitionem,
3258 5801 3419 5873 longe
3452 5812 3633 5873 tamen

2054 5888 2116 5925 ea
2148 5871 2517 5933 inferiorem,‘
2551 5887 2675 5942 qua:
2724 5871 2958 5926 habetur
2984 5874 3039 5927 in
3062 5875 3184 5943 ipso
3211 5871 3419 5939 monte,
3457 5871 3642 5929 Verbo

2049 5943 2387 6013 peruliarius
2411 5943 2779 6009 illuminante,
2822 5953 2929 5997 etc.
