3966 6488
407 493 517 560 947

419 710 552 763 stes.
606 701 812 771 quibus
845 710 901 755 et
944 701 1253 773 obtegitur,
1293 711 1348 758 et
1378 703 1661 774 detegitur
1688 719 1753 759 ac
1781 702 1991 759 ritviela-

408 801 518 846 tur.
544 792 700 858 Quod
727 807 779 847 et
798 792 1053 848 videatur
1078 794 1356 850 mirabile.
1384 794 1503 850 Una
1528 795 1750 865 quidem
1776 797 1993 850 ratione

406 886 693 957 anagogiaa
750 900 814 939 ac
862 901 1065 941 sensus
1111 885 1409 956 spiritalis,
1465 897 1525 941 ut
1570 888 1793 958 quidem
1854 888 1990 941 mihi

402 977 640 1042 videtur,
674 978 816 1032 dicta
843 977 1059 1033 factavc
1103 978 1411 1034 Salvatoris
1445 993 1543 1049 per
1579 979 1702 1034 vita:
1754 979 1859 1034 hoc
1885 994 1991 1034 sa:-

401 1072 530 1124 eulo
580 1070 868 1125 institutae
925 1071 1289 1138 curriculum,
1348 1070 1509 1136 Viue,
1540 1071 1788 1140 inquam,
1839 1070 1990 1124 illius

401 1164 745 1218 intemeratae
781 1177 846 1218 ac
904 1164 1319 1231 immaculatte;
1369 1163 1519 1229 vitm,
1552 1163 1737 1218 carnis
1766 1162 1990 1231 dispen-

402 1256 618 1311 satione
649 1255 858 1310 mundo
889 1256 1071 1325 palam
1100 1256 1383 1320 exliibitte,
1416 1264 1673 1311 eazterum
1702 1270 1811 1309 non
1836 1269 1990 1309 eom-

400 1345 688 1411 prehensa:
710 1361 724 1409 ;
750 1345 875 1399 vitm
900 1345 967 1397 ab
993 1345 1142 1397 omni
1165 1344 1394 1398 omnino
1415 1352 1470 1397 et
1492 1343 1631 1397 citra
1651 1341 1814 1395 ullam
1832 1355 1987 1394 com-

386 1437 740 1505 parationem
775 1436 981 1489 malitia
1012 1436 1219 1503 liberae,
1247 1452 1476 1506 qumque
1504 1435 1669 1489 totius
1696 1432 1983 1487 munditici

394 1539 449 1583 et
471 1528 784 1582 sanctitatis
799 1542 967 1582 causa
997 1526 1119 1590 fuit,
1144 1537 1197 1581 et
1220 1526 1759 1596 exemplarhuinano
1775 1523 1981 1594 generi.

393 1620 570 1685 Quam
596 1619 642 1673 is
666 1619 756 1688 qui
784 1633 947 1688 supra
980 1619 1345 1673 substantiam
1369 1625 1475 1677 est,
1498 1632 1628 1670 vero
1650 1615 1715 1669 ad
1740 1615 1992 1670 substan-

392 1711 528 1764 tiam
586 1725 834 1773 acccssu,
873 1724 1041 1779 supra
1095 1709 1462 1764 substantiam
1489 1707 1887 1762 substantiatus
1922 1720 1986 1758 ac

392 1802 757 1857 substantiam
783 1800 1033 1865 indutus,
1062 1799 1227 1855 nobis
1254 1809 1570 1867 nostraque
1600 1797 1797 1852 salutis
1818 1812 1983 1851 causa

393 1894 448 1946 in
479 1906 649 1947 carne
698 1891 839 1945 vixit
884 1910 896 1944 :
950 1905 1073 1961 quae
1100 1898 1156 1945 et
1206 1889 1327 1959 ipsa
1364 1889 1566 1944 eximie
1598 1889 1649 1942 iu
1680 1898 1867 1945 monte
1899 1904 1956 1944 rc

391 1982 694 2053 splenduit.
714 1980 832 2035 Non
854 1982 1002 2036 velut
1042 1981 1094 2035 id
1130 1980 1398 2050 temporis
1429 1980 1633 2035 clarior
1662 1981 1979 2035 sublimior-

388 2091 498 2144 que
513 2090 574 2129 se
606 2074 722 2142 ipsa
747 2072 990 2128 evaserit
1030 2091 1043 2125 :
1076 2071 1224 2126 absit
1254 2072 1399 2138 hoc;
1428 2070 1524 2127 sed
1550 2086 1719 2142 quam
1749 2071 1981 2143 perfecti

389 2180 457 2221 ac
488 2166 816 2234 sublimiora
876 2166 1030 2220 docti
1060 2164 1348 2236 discipuli,
1384 2165 1516 2235 quid
1564 2173 1618 2219 et
1648 2166 1803 2236 prius
1832 2175 1983 2221 esset

391 2259 628 2314 veritate
679 2259 792 2315 sint
854 2258 1242 2329 contemplati.
1303 2256 1459 2312 Dicta
1509 2272 1639 2328 ergo
1690 2269 1976 2330 gestaque,

391 2352 597 2422 quibus
650 2352 765 2406 vita
821 2352 915 2405 illa
987 2351 1356 2412 constitisset.
1417 2350 1749 2419 quibuscum
1808 2353 1978 2406 etiam

391 2445 660 2498 immensa
706 2442 876 2497 Verbi
912 2443 966 2496 in
1000 2458 1104 2498 nos
1156 2440 1591 2512 dispensationis
1627 2440 1981 2511 profunditas

387 2535 729 2596 ostenditur.
765 2550 876 2589 non
914 2534 1190 2589 immerito
1228 2533 1379 2588 velut
1433 2531 1744 2590 Salvatoris
1785 2542 1969 2589 vestes

391 2627 691 2683 habuerint
739 2626 964 2697 accipit.
1004 2626 1112 2681 Seu
1135 2627 1383 2683 vestibus
1419 2626 1696 2695 ejusmodi
1748 2635 1982 2694 utraque

394 2720 486 2773 illa
518 2719 765 2789 Spiritus
799 2719 1195 2775 cmundatione
1230 2719 1407 2775 instar
1435 2719 1662 2775 luminis
1696 2718 1979 2789 fulgentia,

390 2813 462 2867 ob
487 2810 865 2867 omnimodam
897 2811 1227 2865 munditiam
1256 2826 1648 2882 summamque
1670 2811 1978 2867 claritatem

388 2906 542 2961 velut
579 2912 712 2976 typo
753 2894 1175 2974 repraesentari.

464 2998 589 3052 Alio
641 3005 827 3052 autem
887 2995 1054 3051 modo
1101 2996 1384 3066 potuerint
1427 2995 1758 3052 vestimenta
1812 2993 1974 3050 Verbi

391 3092 651 3163 intelligi,
710 3106 812 3146 nec
855 3099 989 3160 puto
1038 3091 1264 3160 indigna
1321 3090 1536 3157 Spiritu
1570 3087 1973 3160 expositione:

387 3199 504 3239 tum
545 3198 735 3239 eorum
769 3198 895 3254 qua:
942 3182 1259 3253 procreavit
1285 3180 1627 3252 deduxitque
1668 3187 1729 3235 ut
1758 3188 1972 3244 essent,

385 3276 795 3348 magnificentia
853 3291 920 3332 ac
950 3276 1101 3331 velut
1142 3277 1588 3346 sumptuositas;
1643 3283 1758 3329 tum
1806 3273 1972 3329 etiam
2006 3302 2050 3363 ε

391 3368 680 3438 Scriptura
728 3381 910 3422 sacra".
956 3365 1064 3420 Illa'
1091 3365 1338 3436 quidem,
1387 3380 1511 3434 quae
1539 3361 1974 3419 invisibilemil-

387 3464 499 3516 lum
527 3470 587 3516 et:
619 3474 784 3531 quem
840 3459 978 3514 nihil
1020 3459 1223 3528 capiat,
1272 3457 1327 3511 in
1361 3459 1480 3527 ipsa
1533 3455 1886 3511 incnmmiste
1909 3468 1976 3507 ac

386 3557 736 3619 iutemerate,
764 3567 875 3619 qua
906 3553 1121 3605 ratione
1158 3549 1389 3604 Creator
1409 3556 1495 3605 est
1524 3557 1580 3605 et
1608 3562 1800 3617 causa,
1826 3549 1976 3603 velut

384 3647 633 3703 abditum
659 3659 725 3700 ac
745 3644 1159 3700 delitescentem
1187 3643 1361 3713 palam
1384 3641 1553 3696 faciat
1581 3657 1595 3694 :
1619 3640 1736 3695 haec
1764 3648 1977 3703 autem,

383 3748 443 3793 ut
461 3753 585 3809 quae
601 3736 846 3792 Verbum
865 3750 1071 3792 arcana
1094 3735 1333 3805 quadam
1357 3734 1575 3789 ratione
1597 3733 1651 3788 in
1683 3733 1804 3802 ipsa
1825 3733 1976 3788 velut

388 3829 648 3884 habitans
670 3842 735 3882 ae
760 3827 998 3883 libenter
1025 3814 1276 3889 manetis,
1301 3827 1370 3882 iis
1407 3825 1502 3895 qui
1528 3825 1680 3895 digni
1706 3826 1819 3880 sint
1852 3824 1976 3896 Spi—

384 3923 493 3974 ritu
524 3918 888 3973 demonstret.
922 3919 1095 3972 Anibo
1123 3918 1274 3973 enim
1302 3915 1510 3986 Spiritu
1537 3915 1882 3983 depurantur
1910 3928 1977 3970 ac

388 4013 739 4068 illustrantur
771 4031 785 4066 :
817 4011 1063 4081 taliaque
1093 4010 1304 4065 suailla
1340 4007 1972 4075 munditia~,divinorum

385 4122 449 4160 ac
475 4104 887 4175 contemplandi
912 4103 1228 4160 amant-ibus
1257 4110 1473 4174 parent,
1496 4122 1517 4155 ι
1539 4102 1723 4173 qualia
1740 4118 1851 4158 non
1876 4118 1976 4174 po-

383 4204 487 4254 test
517 4196 658 4252 f'ullo'
678 4211 845 4266 super
868 4205 1071 4250 terram
1097 4195 1331 4250 candida
1360 4193 1543 4251 facere
1568 4203 1618 4250 τ.
1647 4213 1757 4246 ι-
1777 4213 1797 4249 ι
1840 4193 1974 4250 Nam

386 4290 653 4362 Spiritus,
708 4289 908 4360 inquit,
953 4288 1140 4345 omnia
1168 4295 1471 4355 scrutatur,
1498 4289 1668 4344 etiam
1699 4286 1974 4359 profunda

387 4381 481 4436 llei
515 4388 565 4435 κ.
609 4398 630 4433 ι
671 4378 768 4434 Sic
826 4378 997 4449 igitur
1027 4378 1262 4434 vestium
1316 4378 1663 4435 adminiculo
1699 4379 1882 4435 latens
1915 4381 1975 4433 in

380 4472 465 4528 eis
514 4470 753 4527 Verbum
809 4471 1055 4542 seipsum
1110 4470 1322 4541 prodit,
1372 4485 1438 4525 ae
1482 4471 1826 4540 cognitionis
1859 4485 1974 4527 suae

383 4571 567 4621 lumen
598 4565 857 4631 emittit;
904 4563 972 4619 iis
1002 4564 1264 4619 nimirum
1308 4564 1426 4635 qui,
1473 4565 1620 4619 sicut
1655 4561 1885 4631 Petrus,
1918 4574 1973 4620 et

1589 502 1651 563 S.
1683 502 2010 563 ANDRE/E
2049 500 2479 565 CRETENSIS'

477 608 656 665 Porro
685 608 887 665 fuerint
913 608 1181 681 spiritalis
1201 611 1683 682 contemplationis
1721 611 1880 668 Verbi
1916 629 1999 667 ve-
2029 619 2074 674 Α

3546 502 3636 570 648

2184 615 2400 685 Ἱμάτια
2430 614 2487 668 δὲ
2513 610 2607 667 τοῦ
2639 611 2814 681 Λόγου
2845 609 2986 669 κατά
3014 609 3113 683 τὴν
3135 609 3193 664 ἐν
3237 611 3494 683 πνεύματι
3520 613 3643 670 θεω-

2096 706 2219 776 ρίαν
2249 701 2361 760 εἷεν
2392 706 2478 773 ἂν,
2504 704 2597 775 ὑφ’
2624 697 2700 759 ὧν
2746 703 3159 776 περιστέλλεται
3197 705 3289 757 καλ⁵
3318 705 3382 757 δι’
3405 697 3475 759 ὧν
3498 708 3644 762 ἐκκα-

2092 796 2379 855 λύπτεται.
2425 798 2493 849 ’Ὁ
2535 797 2629 850 καὶ
2676 795 2978 866 παράδοξόν
3021 812 3162 858 πως.
3203 794 3339 848 Καθ’
3365 794 3420 849 ἓν
3452 796 3541 866 μὲν
3571 795 3644 852 εἷ-

2091 889 2179 952 δος
2218 888 2530 958 ἀναγωγῆς,
2572 885 2649 951 ὥς
2682 888 2747 956 γε
2796 904 2886 957 μοι
2914 886 3083 952 δοκεῖ,
3135 885 3203 939 τὰ
3249 886 3385 940 κατὰ
3430 888 3517 941 τὸν
3544 888 3646 959 βίον

2092 983 2302 1034 ἐκεῖνον
2345 979 2615 1053 εἰρημένα
2646 979 2730 1050 τῷ
2760 978 2973 1049 Σωτῆρι
3021 979 3116 1031 καὶ
3162 978 3536 1049 πεπραγμένα,
3564 980 3647 1033 τὸν

2092 1074 2361 1145 ἄχραντόν
2390 1090 2446 1126 τε
2487 1072 2582 1127 καὶ
2611 1071 2947 1143 ἀκηλίδωτον
2971 1087 2984 1101 ·
3027 1072 3119 1125 τὸν
3141 1071 3221 1142 τῷ
3244 1071 3432 1141 κόσμῳ
3454 1071 3537 1125 διὰ
3559 1071 3651 1141 τῆς

2091 1167 2232 1221 κατὰ
2260 1165 2359 1238 τὴν
2401 1165 2582 1236 σάρκα
2631 1164 2949 1236 οἰκονομίας
2982 1164 3417 1235 προφαινόμενον
3456 1163 3568 1233 μὲν,
3596 1164 3651 1217 οὐ

2091 1257 2647 1329 καταλαμϐανόμενον
2708 1256 2766 1310 δέ
2797 1273 2833 1295 ·-
2864 1255 2956 1309 τὸν
3015 1256 3198 1324 πάσης
3258 1253 3354 1325 μὲν
3406 1255 3654 1325 πονηρίας

2089 1351 2439 1421 ἀσυγκρίτως
2492 1347 2817 1417 ἐλεύθερον,
2856 1346 3039 1417 πάσης
3080 1347 3139 1400 δὲ
3197 1346 3559 1417 καθαρότητός
3601 1364 3655 1400 τε

2091 1443 2185 1497 καὶ
2218 1442 2507 1513 ἁγιότητος
2549 1439 2724 1494 αἴτιον
2752 1441 2784 1509 ἡ
2796 1438 2914 1508 μῶν
2945 1439 3039 1491 καὶ
3076 1439 3443 1510 ὑπογραμμὸν
3478 1442 3545 1510 τῇ
3573 1439 3659 1508 eti-

2091 1550 2172 1586 σει
2199 1532 2513 1601 γενόμενον.
2555 1534 2653 1583 Ὃν
2683 1532 2713 1584 ό
2757 1531 3084 1603 ὑπεροὺσιος
3116 1531 3197 1594 εἰς
3232 1531 3420 1583 οὐσίαν
3454 1530 3657 1601 ἀληθῶς

2035 1613 2280 1688 ’ἐλθὼν,
2339 1626 2436 1679 καὶ
2501 1623 2643 1696 ὑπὲρ
2688 1623 2881 1677 οὐσίαν
2941 1623 3262 1686 οὐσιωθεὶς,
3323 1622 3413 1677 διὰ
3469 1623 3661 1695 σαρκὸς

2086 1720 2220 1788 ἡμῖν
2247 1716 2653 1770 πεπολίτευται.
2701 1717 2797 1780 Ὃς
2828 1714 2894 1785 δὴ
2939 1718 3035 1769 καὶ
3074 1716 3527 1787 ὑπερϐαλλόντως
3574 1715 3661 1767 ἐπὶ

2086 1810 2180 1864 τοῦ
2231 1811 2391 1881 ὅρους
2432 1807 2799 1881 ἐξήστραψεν.
2849 1809 2925 1862 Οὐ
2976 1807 3098 1860 τότε
3135 1807 3433 1877 γενόμενος
3474 1804 3660 1861 ἑαυτοῦ

2086 1903 2470 1975 διαυγέστερος
2517 1904 2550 1973 ἢ
2603 1900 2937 1973 ὑψηλότερος
2959 1913 2974 1929 ⁶
3006 1900 3192 1968 ἄπαγε
3216 1918 3235 1932 ο
3264 1898 3381 1955 ἀλλ’
3411 1900 3546 1970 ὅπερ
3574 1898 3661 1952 καὶ

2087 1996 2350 2065 πρότερον
2414 1991 2505 2069 ἦν,
2551 1991 2665 2060 τοῖς
2709 1993 3057 2065 τελουμένοις
3107 1991 3219 2046 τῶν
3273 1991 3535 2063 μαθητῶν
3578 1991 3666 2044 καί⁷

2087 2087 2413 2156 μυουμένοις
2441 2086 2510 2140 τὰ
2544 2084 2857 2159 ὑψηλότερα
2896 2083 3039 2139 κατὰ
3071 2081 3335 2153 ἀλήθειαν
3364 2079 3666 2151 θεωρουμέ-

2083 2196 2231 2242 νοις.-
2249 2178 2333 2233 Τὰ
2357 2180 2423 2233 δι’
2449 2172 2526 2232 ὧν
2566 2174 2660 2231 οὖν
2681 2178 2709 2231 6
2739 2176 2854 2248 βίος
2879 2176 3088 2240 ἐκεῖνος
3122 2174 3427 2242 συνέστηκε
3456 2168 3667 2244 ῥήματά

2082 2289 2142 2325 τε
2175 2271 2270 2325 καὶ
2320 2272 2641 2343 πράγματα,
2690 2262 2772 2333 οἷς
2816 2267 2915 2323 καὶ
2963 2268 3269 2337 ἀπέραντος
3309 2266 3338 2317 ὁ
3369 2264 3532 2336 βυθὸς
3572 2262 3667 2332 τῆς

2084 2363 2215 2435 περὶ
2243 2365 2393 2434 ἡμᾶς
2429 2363 2745 2433 οἰκονομίας
2793 2360 2888 2417 τοῦ
2929 2360 3104 2428 Λόγου
3161 2355 3666 2419 ωναποδείκνυται,

2083 2455 2183 2508 οὐκ
2224 2455 2534 2518 ἀπεικότως
2560 2454 2629 2508 ἂν
2659 2454 2738 2515 εἰς
2781 2452 2852 2506 τὰ
2883 2452 3077 2523 ἱμάτια
3104 2450 3199 2504 τοῦ
3249 2450 3511 2521 Σωτῆρος
3536 2449 3670 2518 λαμ-

2085 2546 2323 2601 ϐάνοιτο.
2360 2547 2433 2599 Ἦ
2464 2547 2648 2600 ἐκεῖνα
2673 2545 2742 2599 δι’
2795 2544 2974 2598 αὑτῶν
3019 2543 3346 2614 σημαίνοιτο
3369 2544 3436 2613 τῇ
3470 2542 3672 2595 divam-

2084 2639 2276 2708 θάρσει
2319 2637 2415 2693 τοῦ
2464 2635 2784 2710 Πνεὺματος
2831 2636 3119 2707 ἀμφότερα
3157 2634 3463 2703 λάμποντα
3496 2632 3574 2693 ὼς
3612 2630 3672 2682 τὸ

2084 2731 2222 2802 φῶς,
2246 2731 2334 2784 διὰ
2371 2730 2470 2800 τὴν
2498 2729 2736 2800 παντελῆ
2765 2726 3119 2798 καθαρότητα
3144 2725 3240 2779 καὶ
3271 2724 3376 2797 τὴν
3402 2725 3486 2788 εἰς
3508 2722 3673 2794 ἄκρον

2083 2824 2385 2895 φανότητα.

2136 3002 2296 3057 Καθ’
2343 3001 2531 3074 ἕτερον
2583 3000 2642 3055 δὲ
2691 2999 2896 3072 τρόπον
2932 2997 3126 3069 ἱμάτια
3165 2995 3262 3050 τοῦ
3289 2995 3473 3064 Λόγου
3506 2991 3675 3045 νοοῖτο

2082 3096 2170 3159 ἂν,
2204 3094 2297 3148 καὶ
2325 3094 2426 3147 οὐκ
2449 3091 2704 3158 ἀναξίως,
2726 3087 2903 3163 οἶμαι,
2930 3089 3026 3144 τοῦ
3051 3087 3191 3142 [Ινεὺ
3202 3104 3379 3158 ματος
3405 3103 3421 3120 ·
3454 3084 3566 3140 τῶν
3587 3080 3674 3137 ὑπ’

2081 3184 2249 3240 αὑτοῦ
2278 3184 2341 3256 δὴ
2356 3184 2451 3238 τοῦ
2472 3184 2649 3252 Λόγου
2676 3182 3137 3253 προσεϐλημένων
3157 3197 3219 3233 τε
3249 3180 3351 3234 καὶ
3385 3173 3676 3249 παρηγμέ-

2081 3296 2189 3332 νων
2234 3277 2370 3349 πρὸς
2412 3276 2650 3348 ὕπαρξιν
2694 3277 2728 3347 ἡ
2758 3273 3204 3346 μεγαλοπρέπειά
3231 3289 3293 3325 τε
3314 3271 3418 3325 καὶ
3451 3267 3681 3323 πολυτέ-

2084 3371 2218 3434 λεια,
2255 3371 2349 3423 καὶ
2395 3371 2576 3440 μέντοι
2624 3367 2720 3422 καὶ
2762 3368 2823 3421 τὸ
2872 3368 2913 3421 Γ
2920 3367 3113 3439 ράμμα
3154 3366 3216 3420 τὺ
3267 3364 3442 3436 ἱερόν.
3483 3362 3551 3416 Ἡ
3586 3360 3681 3433 μὲν

2083 3462 2159 3526 ὡς
2185 3461 2410 3532 κτίστην
2439 3462 2531 3514 καὶ
2545 3462 2714 3515 αἴτιον
2739 3458 3186 3533 ὲγκρυπτόμενον
3212 3459 3516 3529 ἀχράντως
3544 3453 3680 3523 αὐτῇ

2084 3553 2392 3627 φανεροῦσα
2445 3552 2536 3607 τὸν
2582 3552 2812 3624 ἀόρατον
2863 3554 2960 3606 καὶ⁵
3008 3550 3297 3621 ἀχώρητον
3323 3568 3337 3581 ·
3374 3549 3445 3602 τὸ
3491 3546 3572 3613 δὲ,
3608 3545 3684 3606 ὡς

2081 3641 2254 3714 Λόγον
2284 3643 2564 3716 μυστικῶς
2588 3640 3071 3715 ὲμφιλοχωροῦντα
3114 3641 3207 3695 καὶ
3253 3637 3683 3709 ὲναυλιζόμενον

2058 3737 2251 3808 αὐτῷ,
2279 3739 2578 3809 προφαῖνον
2606 3737 2864 3809 ἀρρήτως
2908 3735 3022 3796 τοῖς
3067 3732 3245 3799 ἀξίοις
3287 3731 3393 3785 τοῦ
3430 3727 3687 3799 Πνεῦμα-

2081 3847 2194 3894 τος.
2244 3828 2560 3900 Ἀμφότερα
2583 3829 2694 3900 γὰρ
2730 3827 2821 3881 διὰ
2861 3825 2956 3880 τοῦ
3008 3823 3335 3896 Πνεύματος
3376 3816 3687 3877 ἀνακαθαί-

2085 3939 2240 3996 ρεται
2266 3922 2364 3977 καὶ
2390 3919 2796 3993 λαμπρύνεται,
2832 3916 2932 3972 καὶ
2957 3915 3186 3970 τοιαῦτα
3226 3917 3299 3987 τῇ
3336 3911 3690 3984 καθαρότητι

2080 4015 2478 4072 διαδείκνυνται
2527 4015 2644 4077 τοῖς
2682 4012 2939 4084 ἐρασταῖς
2989 4008 3098 4063 τῶν
3137 4007 3324 4071 θείων,
3385 4004 3490 4060 καὶ
3542 4000 3689 4073 φιλοι

2083 4109 2368 4179 θεάμοσιν,
2416 4103 2549 4161 «οἷα
2573 4104 2817 4175 γναφεὺς
2871 4103 2968 4158 ἐπὶ
3010 4102 3115 4171 τῆς
3163 4101 3268 4172 γῆς
3318 4099 3599 4152 λευκᾶναι
3629 4095 3687 4149 οὗ

2081 4204 2324 4258 δύναται.
2355 4219 2374 4252 ι
2412 4228 2482 4242 --
2506 4217 2525 4253 ι
2553 4198 2628 4252 Τὸ
2655 4198 2765 4269 γὰρ
2786 4194 3021 4266 Πνεῦμα
3042 4192 3224 4248 πάντα
3259 4191 3495 4263 ἐρευνᾷ,
3533 4187 3690 4260 φησὶ,

2083 4292 2179 4348 καὶ
2225 4292 2296 4346 τὰ
2339 4292 2479 4363 βάθη
2517 4290 2612 4344 τοῦ
2650 4288 2808 4344 Θεοῦ.
2839 4306 2859 4341 ι
2895 4285 3085 4349 Οὖτως
3134 4285 3236 4357 μὲν
3284 4280 3391 4338 οὖν
3442 4283 3537 4336 διὰ
3584 4279 3694 4334 τῶν

2085 4385 2316 4457 ἱματίων
2352 4385 2381 4436 ὁ
2402 4383 2534 4437 είσω
2570 4380 2775 4435 τούτων
2797 4376 3253 4450 ὲγκρυπτόμενος
3272 4375 3467 4445 Λόγος
3496 4370 3692 4429 ἑαυτὸν

2083 4477 2327 4548 φανεροτ,
2368 4475 2466 4530 καὶ
2497 4475 2597 4544 τῆς
2626 4472 2883 4542 γνώσεως
2910 4468 3160 4525 αὐτοῦτὸ
3182 4468 3304 4538 φῶς
3337 4467 3656 4537 ἐπαφίησιν
3676 4478 3699 4493 ν

2083 4566 2313 4630 ἐκείνοις
2337 4565 2601 4638 δηλονότι,
2646 4566 2757 4627 τοῖς
2787 4562 2933 4618 κατὰ
2970 4561 3198 4632 Πέτρον,
3246 4560 3349 4613 καὶ
3400 4555 3693 4620 Ἰάκωϐον,

381 4655 646 4719 Jacobus,
669 4662 726 4709 et
748 4651 998 4710 Ioannes
1028 4662 1161 4709 sunt
1203 4654 1408 4727 spiritu
1470 4653 1720 4725 perfecti.
1771 4654 1815 4708 E
1847 4656 1965 4726 qui-

2086 4657 2175 4711 καὶ
2212 4656 2467 4726 Ἰωάννην
2495 4653 2903 4724 τετελεσμένοις
2928 4652 3008 4724 τῷ
3028 4651 3329 4723 πνεύματι.
3367 4643 3480 4704 Ὧν
3508 4653 3540 4704 6
3571 4648 3694 4724 uti),

383 4753 513 4816 bus,
548 4748 640 4803 hic
659 4747 1086 4819 quideminstar
1118 4746 1290 4811 Petri,
1331 4747 1566 4803 firmiter
1591 4747 1756 4803 nixus
1777 4757 1968 4818 petrae,

2086 4750 2156 4813 ὡς
2185 4748 2415 4819 Πέτρος,
2441 4747 2534 4800 ἐπὶ
2568 4748 2635 4817 τῇ
2664 4747 2840 4818 πέτρα
2872 4745 3087 4813 παγίως
3112 4742 3549 4814 ἐρηρεισμένος,
3592 4740 3696 4809 τῆς

381 4852 496 4896 tum
529 4842 654 4897 fidei
686 4840 1134 4905 fundamentum,
1182 4848 1298 4897 tum
1336 4840 1637 4898 virtutibus
1668 4855 1981 4912 assurgens

2086 4859 2139 4897 τε
2180 4842 2416 4905 πίστεως
2450 4841 2541 4895 τὸν
2580 4839 2851 4909 θεμέλιον,
2895 4837 2996 4892 καὶ
3033 4836 3134 4909 τὴν
3167 4835 3259 4889 διὰ
3305 4835 3429 4889 τῶν
3476 4833 3699 4906 ἀρετῶν

381 4931 676 4987 :cdificlum
711 4929 974 4988 Ecclesia:
1011 4932 1067 4987 in
1093 4947 1155 4988 se
1183 4931 1385 5003 recipit
1417 4950 1429 4986 :
1466 4931 1551 4988 Itis
1577 4939 1790 4997 autem,
1827 4933 1975 4988 velut

2086 4931 2389 5003 οἰκοδομίαν
2431 4932 2532 5001 τῆς
2583 4928 2913 5000 Ἐκκλησίας
2957 4929 3044 4999 ἐφ’
3086 4926 3283 4980 ἑαυτὸν
3320 4925 3561 4998 δέχεται
3586 4923 3696 4976 ’ὀί

392 5042 412 5075 ι
450 5024 578 5079 tiliis
628 5024 858 5079 tonitrui
889 5030 942 5091 γ,
980 5042 999 5077 ι
1040 5023 1384 5079 sublimioris
1412 5023 1707 5093 theologiae
1734 5024 1967 5095 mystica

2086 5025 2137 5079 δὲ
2165 5026 2264 5095 τῆς
2302 5024 2511 5096 ὑψηλῆς
2545 5022 2847 5092 θεολογίας,
2887 5021 2965 5084 ὡς
3014 5020 3165 5073 «υἱοὶ
3212 5019 3494 5091 βροντῆς,
3522 5040 3545 5072 ι
3599 5016 3700 5089 τὴν

383 5116 662 5186 inspectio
700 5117 953 5187 visioque
975 5130 1008 5171 a
1043 5113 1226 5172 Verbo
1258 5115 1530 5182 creditur,
1573 5115 1779 5186 quibus
1812 5124 1969 5186 petra

2086 5116 2352 5190 μυστικὴν
2404 5115 2636 5184 ἐποψίοιν
2689 5112 2844 5185 παρὰ
2894 5110 2989 5166 τοῦ
3056 5112 3232 5181 Λόγου
3292 5112 3694 5173 πιστεύονται,

386 5207 712 5272 immobilis,
760 5208 913 5264 basis
939 5207 1099 5262 firma
1140 5208 1215 5264 sit
1240 5219 1293 5263 et
1323 5209 1688 5265 inconcussa,
1715 5207 1973 5262 Arbitror

2086 5206 2232 5275 Ξάσιν
2297 5204 2617 5276 στερέμνιον
2672 5205 2768 5258 καὶ
2836 5203 3177 5275 ἀκράδαντον
3247 5200 3486 5271 ἔχοντες
3514 5241 3532 5265 ,
3576 5198 3699 5271 ,τὴν

382 5318 539 5369 vero,
598 5303 696 5358 illo
750 5301 978 5374 quidem
1007 5301 1295 5373 designari
1343 5301 1471 5357 fidei
1499 5301 1967 5372 profunditatem;

2086 5296 2331 5368 Ξικίνητον
2386 5294 2613 5366 πέτραν.
2645 5328 2649 5332 ~
2676 5292 2788 5347 Καὶ
2839 5293 2869 5344 ὁ
2916 5293 3016 5363 μὲν
3069 5291 3145 5345 τὸη
3176 5291 3399 5362 βάθος,Β
3428 5295 3501 5351 οἰ,
3529 5291 3591 5345 δὲ
3636 5289 3698 5343 τὸ

383 5395 489 5449 hoc
542 5403 751 5459 autem,
808 5391 1159 5448 latitudinem
1202 5401 1257 5448 et
1281 5392 1681 5449 sublimitatem
1720 5408 1733 5444 :
1771 5392 1972 5464 quibus

2086 5389 2307 5453 πλάτος,
2377 5383 2566 5458 οἶμαι,
2638 5385 2735 5439 καὶ
2788 5384 2924 5455 ὕψος
2982 5382 3371 5455 παραδηλοῦσι
3429 5386 3540 5456 τῆς
3609 5382 3699 5438 πί-

386 5486 721 5545 sacramenti
782 5487 1473 5553 incomprebensibilitate,
1502 5486 1684 5542 omnis
1724 5486 1973 5557 undique

2086 5500 2268 5548 ςτεως,
2322 5481 2402 5553 τῷ
2456 5479 2818 5552 ὰπεριλήπτῳ
2886 5476 2980 5530 τοῦ
3037 5475 3345 5549 μυστηρίου
3414 5475 3570 5529 κατὰ
3636 5474 3699 5527 τὸ

384 5580 630 5636 infinitas
657 5580 966 5650 atqualibus
994 5578 1175 5635 modis
1214 5578 1517 5636 exeeditur.

2086 5578 2196 5629 ἴσον
2223 5576 2402 5629 πᾶσαν
2429 5574 2689 5642 ἀπειρίαν
2720 5570 3044 5625 ἐκϐαίνοντα
3074 5568 3369 5625 πάντοθεν.

458 5672 754 5728 Enimvero
776 5671 1051 5743 ejusmodi
1078 5671 1324 5742 quidem,
1358 5686 1422 5726 ac
1447 5686 1515 5725 eo
1546 5679 1676 5728 sunt
1709 5671 1969 5741 spiendo~

389 5778 451 5819 re
476 5759 786 5821 Salvatoris
814 5764 1163 5821 vestimenta.
1199 5763 1339 5829 Quid
1361 5769 1542 5818 autem
1583 5763 1759 5817 facies
1805 5777 1969 5831 supra

2086 5763 2255 5827 οὑτως
2310 5763 2678 5834 ἐκλάμποντα.
2729 5760 2795 5812 Τί
2843 5759 2900 5813 δὲ
2958 5758 3017 5813 τὺ
3067 5756 3370 5830 πρόσωπον
3406 5753 3488 5821 ¹τὸ
3529 5754 3704 5824 ὑπερ⁶

456 5950 485 5978 ν
522 5941 711 5998 Hatth.
778 5942 938 6015 tx,2.
1020 5950 1047 5979 π
1078 5939 1097 5995 Ι
1129 5942 1253 5998 Cor.
1292 5943 1481 6013 11,10.
1565 5953 1591 5992 1
1653 5943 1824 5998 Murt‘.
1862 5960 1947 6010 HI,
1998 5942 2086 5995 Π.

2164 5669 2325 5724 Ἀλλὰ
2366 5667 2594 5722 τοιαῦτα
2634 5666 2732 5733 μὲν
2777 5666 2844 5719 τὰ
2884 5663 2981 5717 τοῦ
3009 5666 3260 5735 Σωτῆρος
3303 5660 3546 5732 ἱμάτια,
3600 5660 3699 5713 καὶ
3790 5712 3801 5717 _
