  <div class='ocr_page' id='page_1' title='image "/cluster/home/n/w/nwhite01/storage/ocr_20150623/97/coo.31924054870013/505.png"; bbox 0 0 3966 6432; ppageno 0'>
   <div class='ocr_carea' id='block_1_1' title="bbox 470 404 3722 541">
    <p class='ocr_par' dir='ltr' id='par_1_1' title="bbox 470 404 3722 541">
     <span class='ocr_line' id='line_1_1' title="bbox 470 404 3722 541; baseline 0.018 -59"><span class='ocrx_word' id='word_1_1' title='bbox 470 404 596 495; x_wconf 70' lang='lat'><strong>&#39;951</strong></span> <span class='ocrx_word' id='word_1_2' title='bbox 739 477 747 486; x_wconf 91' lang='lat'><strong>.</strong></span> <span class='ocrx_word' id='word_1_3' title='bbox 828 477 877 525; x_wconf 37' lang='grc' dir='ltr'>,η</span> <span class='ocrx_word' id='word_1_4' title='bbox 922 480 967 525; x_wconf 15' lang='grc' dir='ltr'><strong>ἱ.</strong></span> <span class='ocrx_word' id='word_1_5' title='bbox 1674 443 1738 506; x_wconf 93' lang='lat' dir='ltr'><strong>s.</strong></span> <span class='ocrx_word' id='word_1_6' title='bbox 1786 446 2117 508; x_wconf 64' lang='lat' dir='ltr'><strong>meum</strong></span> <span class='ocrx_word' id='word_1_7' title='bbox 2158 447 2579 515; x_wconf 73' lang='lat' dir='ltr'><strong>CRETENSIS</strong></span> <span class='ocrx_word' id='word_1_8' title='bbox 3628 476 3722 541; x_wconf 74' lang='lat'><strong>952</strong></span> 
     </span>
    </p>
   </div>
   <div class='ocr_carea' id='block_1_2' title="bbox 492 542 2053 655">
    <p class='ocr_par' dir='ltr' id='par_1_2' title="bbox 492 542 2053 625">
     <span class='ocr_line' id='line_1_2' title="bbox 492 542 2053 625; baseline 0.008 -28"><span class='ocrx_word' id='word_1_9' title='bbox 492 552 641 600; x_wconf 79' lang='lat' dir='ltr'><strong>esset</strong></span> <span class='ocrx_word' id='word_1_10' title='bbox 689 542 1191 619; x_wconf 55' lang='lat' dir='ltr'><strong>transﬁgurationi&#39;s</strong></span> <span class='ocrx_word' id='word_1_11' title='bbox 1253 558 1688 619; x_wconf 87' lang='lat' dir='ltr'><strong>sacramentum,</strong></span> <span class='ocrx_word' id='word_1_12' title='bbox 1719 555 1882 625; x_wconf 81' lang='lat' dir='ltr'><strong>cujus</strong></span> <span class='ocrx_word' id='word_1_13' title='bbox 1910 572 2053 614; x_wconf 74' lang='lat' dir='ltr'><strong>caus:</strong></span> 
     </span>
    </p>
   </div>
   <div class='ocr_carea' id='block_1_3' title="bbox 2161 542 3721 655">
    <p class='ocr_par' dir='ltr' id='par_1_3' title="bbox 2182 556 3721 655">
     <span class='ocr_line' id='line_1_3' title="bbox 2182 556 3721 655; baseline 0.02 -44"><span class='ocrx_word' id='word_1_14' title='bbox 2182 556 2251 655; x_wconf 45' lang='lat' dir='ltr'><strong>étj</strong></span> <span class='ocrx_word' id='word_1_15' title='bbox 2279 559 2309 613; x_wconf 77' lang='grc' dir='ltr'><strong>ό</strong></span> <span class='ocrx_word' id='word_1_16' title='bbox 2331 561 2423 615; x_wconf 74' lang='grc' dir='ltr'>καὶ</span> <span class='ocrx_word' id='word_1_17' title='bbox 2447 563 2867 632; x_wconf 82' lang='grc' dir='ltr'>ἀγαλλιάσονται</span> <span class='ocrx_word' id='word_1_18' title='bbox 2893 564 3063 639; x_wconf 73' lang='grc' dir='ltr'>δήπου</span> <span class='ocrx_word' id='word_1_19' title='bbox 3092 568 3289 645; x_wconf 77' lang='grc' dir='ltr'><strong>Θαὸὼρ</strong></span> <span class='ocrx_word' id='word_1_20' title='bbox 3313 574 3634 652; x_wconf 71' lang='grc' dir='ltr'>καῖἘρμὼν,</span> <span class='ocrx_word' id='word_1_21' title='bbox 3657 589 3721 655; x_wconf 75' lang='grc' dir='ltr'>ὡς</span> 
     </span>
    </p>
   </div>
   <div class='ocr_carea' id='block_1_4' title="bbox 489 636 2053 740">
    <p class='ocr_par' dir='ltr' id='par_1_4' title="bbox 489 636 2053 719">
     <span class='ocr_line' id='line_1_4' title="bbox 489 636 2053 719; baseline 0.008 -27"><span class='ocrx_word' id='word_1_22' title='bbox 489 645 637 693; x_wconf 83' lang='lat' dir='ltr'><strong>esset</strong></span> <span class='ocrx_word' id='word_1_23' title='bbox 674 636 857 693; x_wconf 87' lang='lat' dir='ltr'><strong>futura</strong></span> <span class='ocrx_word' id='word_1_24' title='bbox 888 639 1164 710; x_wconf 82' lang='lat' dir='ltr'><strong>ejusmodi</strong></span> <span class='ocrx_word' id='word_1_25' title='bbox 1197 642 1464 719; x_wconf 82' lang='lat' dir='ltr'><strong>montium</strong></span> <span class='ocrx_word' id='word_1_26' title='bbox 1485 644 1807 712; x_wconf 83' lang='lat' dir='ltr'><strong>exsultatio,</strong></span> <span class='ocrx_word' id='word_1_27' title='bbox 1827 648 2053 704; x_wconf 88' lang='lat' dir='ltr'><strong>velutar</strong></span> 
     </span>
    </p>
   </div>
   <div class='ocr_carea' id='block_1_5' title="bbox 2161 636 3726 740">
    <p class='ocr_par' dir='ltr' id='par_1_5' title="bbox 2181 636 3726 740">
     <span class='ocr_line' id='line_1_5' title="bbox 2181 636 3726 740; baseline 0.014 -36"><span class='ocrx_word' id='word_1_28' title='bbox 2181 649 2421 740; x_wconf 74' lang='grc' dir='ltr'>ἀρῤητόν</span> <span class='ocrx_word' id='word_1_29' title='bbox 2451 672 2509 708; x_wconf 88' lang='grc' dir='ltr'><strong>τε</strong></span> <span class='ocrx_word' id='word_1_30' title='bbox 2545 657 2638 711; x_wconf 77' lang='grc' dir='ltr'>καὶ</span> <span class='ocrx_word' id='word_1_31' title='bbox 2667 636 3018 733; x_wconf 81' lang='grc' dir='ltr'>ἀνεπινόητον</span> <span class='ocrx_word' id='word_1_32' title='bbox 3046 667 3171 736; x_wconf 80' lang='grc' dir='ltr'>σιγῇ</span> <span class='ocrx_word' id='word_1_33' title='bbox 3204 636 3726 740; x_wconf 41' lang='grc' dir='ltr'>τετίμηκενξείς</span> 
     </span>
    </p>
   </div>
   <div class='ocr_carea' id='block_1_6' title="bbox 488 731 2053 833">
    <p class='ocr_par' dir='ltr' id='par_1_6' title="bbox 488 731 2053 819">
     <span class='ocr_line' id='line_1_6' title="bbox 488 731 2053 819; baseline 0.009 -38"><span class='ocrx_word' id='word_1_34' title='bbox 488 744 687 784; x_wconf 84' lang='lat' dir='ltr'><strong>canum</strong></span> <span class='ocrx_word' id='word_1_35' title='bbox 755 731 1225 819; x_wconf 81' lang='lat' dir='ltr'><strong>et-incogitabile</strong></span> <span class='ocrx_word' id='word_1_36' title='bbox 1269 735 1490 793; x_wconf 90' lang='lat' dir='ltr'><strong>silentio</strong></span> <span class='ocrx_word' id='word_1_37' title='bbox 1565 737 1878 808; x_wconf 76' lang='lat' dir='ltr'><strong>honoravit,</strong></span> <span class='ocrx_word' id='word_1_38' title='bbox 1927 757 2053 812; x_wconf 77' lang='lat' dir='ltr'><strong>qum</strong></span> 
     </span>
    </p>
   </div>
   <div class='ocr_carea' id='block_1_7' title="bbox 2161 731 3704 833">
    <p class='ocr_par' dir='ltr' id='par_1_7' title="bbox 2182 731 3704 833">
     <span class='ocr_line' id='line_1_7' title="bbox 2182 731 3704 833; baseline 0.021 -41"><span class='ocrx_word' id='word_1_39' title='bbox 2182 739 2279 811; x_wconf 78' lang='grc' dir='ltr'>ρὸν</span> <span class='ocrx_word' id='word_1_40' title='bbox 2308 746 2421 809; x_wconf 79' lang='grc' dir='ltr'>τοῖς</span> <span class='ocrx_word' id='word_1_41' title='bbox 2447 745 2629 811; x_wconf 75' lang='grc' dir='ltr'>ἀξίοις.</span> <span class='ocrx_word' id='word_1_42' title='bbox 2646 746 2735 804; x_wconf 77' lang='grc' dir='ltr'><strong>διὰ</strong></span> <span class='ocrx_word' id='word_1_43' title='bbox 2760 749 2860 821; x_wconf 85' lang='grc' dir='ltr'>τῆς</span> <span class='ocrx_word' id='word_1_44' title='bbox 2887 731 3084 824; x_wconf 81' lang='grc' dir='ltr'>πείρας</span> <span class='ocrx_word' id='word_1_45' title='bbox 3114 731 3305 828; x_wconf 50' lang='lat' dir='ltr'><strong>item,</strong></span> <span class='ocrx_word' id='word_1_46' title='bbox 3325 731 3558 833; x_wconf 69' lang='grc' dir='ltr'>ἐέθέμις</span> 
     </span>
    </p>
   </div>
   <div class='ocr_carea' id='block_1_8' title="bbox 455 820 2053 908">
    <p class='ocr_par' dir='ltr' id='par_1_8' title="bbox 455 820 2045 904">
     <span class='ocr_line' id='line_1_8' title="bbox 455 820 2045 904; baseline 0.009 -28"><span class='ocrx_word' id='word_1_47' title='bbox 455 830 803 892; x_wconf 75' lang='grc' dir='ltr'>σορροτιυιιο</span> <span class='ocrx_word' id='word_1_48' title='bbox 880 832 1128 896; x_wconf 89' lang='lat' dir='ltr'><strong>tempore</strong></span> <span class='ocrx_word' id='word_1_49' title='bbox 1160 827 1285 898; x_wconf 88' lang='lat' dir='ltr'><strong>ipso</strong></span> <span class='ocrx_word' id='word_1_50' title='bbox 1324 820 1704 899; x_wconf 74' lang='lat' dir='ltr'><strong>experimento</strong></span> <span class='ocrx_word' id='word_1_51' title='bbox 1731 832 1801 889; x_wconf 90' lang='lat' dir='ltr'><strong>iis</strong></span> <span class='ocrx_word' id='word_1_52' title='bbox 1832 833 1929 904; x_wconf 85' lang='lat' dir='ltr'><strong>qui</strong></span> <span class='ocrx_word' id='word_1_53' title='bbox 1987 834 2045 890; x_wconf 79' lang='lat' dir='ltr'><strong>di</strong></span> 
     </span>
    </p>
   </div>
   <div class='ocr_carea' id='block_1_9' title="bbox 2161 820 2655 908">
    <p class='ocr_par' dir='ltr' id='par_1_9' title="bbox 2178 833 2655 908">
     <span class='ocr_line' id='line_1_9' title="bbox 2178 833 2655 908; baseline 0.015 -21"><span class='ocrx_word' id='word_1_54' title='bbox 2178 833 2655 908; x_wconf 72' lang='grc' dir='ltr'>γνωσθησόμενον.</span> 
     </span>
    </p>
   </div>
   <div class='ocr_carea' id='block_1_10' title="bbox 484 910 2077 996">
    <p class='ocr_par' dir='ltr' id='par_1_10' title="bbox 484 910 2077 996">
     <span class='ocr_line' id='line_1_10' title="bbox 484 910 2077 996; baseline 0.01 -33"><span class='ocrx_word' id='word_1_55' title='bbox 484 912 575 978; x_wconf 64' lang='grc' dir='ltr'>μιιὶ</span> <span class='ocrx_word' id='word_1_56' title='bbox 633 910 833 982; x_wconf 90' lang='lat' dir='ltr'><strong>forent,</strong></span> <span class='ocrx_word' id='word_1_57' title='bbox 866 914 911 970; x_wconf 91' lang='lat' dir='ltr'><strong>si</strong></span> <span class='ocrx_word' id='word_1_58' title='bbox 939 916 1012 969; x_wconf 88' lang='lat' dir='ltr'><strong>ita</strong></span> <span class='ocrx_word' id='word_1_59' title='bbox 1062 916 1229 973; x_wconf 83' lang='lat' dir='ltr'><strong>liceat</strong></span> <span class='ocrx_word' id='word_1_60' title='bbox 1288 918 1496 986; x_wconf 83' lang='lat' dir='ltr'><strong>dicere,</strong></span> <span class='ocrx_word' id='word_1_61' title='bbox 1556 930 1702 978; x_wconf 88' lang='lat' dir='ltr'><strong>esset</strong></span> <span class='ocrx_word' id='word_1_62' title='bbox 1733 937 2077 996; x_wconf 78' lang='lat' dir='ltr'><strong>cognoscen-</strong></span> 
     </span>
    </p>
   </div>
   <div class='ocr_carea' id='block_1_11' title="bbox 483 1004 637 1057">
    <p class='ocr_par' dir='ltr' id='par_1_11' title="bbox 483 1004 637 1057">
     <span class='ocr_line' id='line_1_11' title="bbox 483 1004 637 1057; baseline 0.006 -1"><span class='ocrx_word' id='word_1_63' title='bbox 483 1004 637 1057; x_wconf 89' lang='lat' dir='ltr'><strong>dum.</strong></span> 
     </span>
    </p>
   </div>
   <div class='ocr_carea' id='block_1_12' title="bbox 561 1095 2075 1178">
    <p class='ocr_par' dir='ltr' id='par_1_12' title="bbox 561 1095 2075 1178">
     <span class='ocr_line' id='line_1_12' title="bbox 561 1095 2075 1178; baseline 0.013 -32"><span class='ocrx_word' id='word_1_64' title='bbox 561 1095 866 1166; x_wconf 83' lang='lat' dir='ltr'><strong>Hucusque</strong></span> <span class='ocrx_word' id='word_1_65' title='bbox 921 1113 1052 1154; x_wconf 86' lang='lat' dir='ltr'><strong>vero</strong></span> <span class='ocrx_word' id='word_1_66' title='bbox 1090 1113 1355 1169; x_wconf 74' lang='lat' dir='ltr'><strong>provema</strong></span> <span class='ocrx_word' id='word_1_67' title='bbox 1406 1103 1678 1167; x_wconf 91' lang='lat' dir='ltr'><strong>oratione,</strong></span> <span class='ocrx_word' id='word_1_68' title='bbox 1716 1096 1901 1176; x_wconf 59' lang='lat' dir='ltr'><strong>Opera;</strong></span> <span class='ocrx_word' id='word_1_69' title='bbox 1953 1123 2075 1178; x_wconf 85' lang='lat' dir='ltr'><strong>pre-</strong></span> 
     </span>
    </p>
   </div>
   <div class='ocr_carea' id='block_1_13' title="bbox 2260 1102 3723 1197">
    <p class='ocr_par' dir='ltr' id='par_1_13' title="bbox 2260 1102 3723 1197">
     <span class='ocr_line' id='line_1_13' title="bbox 2260 1102 3723 1197; baseline 0.016 -40"><span class='ocrx_word' id='word_1_70' title='bbox 2260 1102 2524 1197; x_wconf 78' lang='grc' dir='ltr'>Ἐνταῦθα</span> <span class='ocrx_word' id='word_1_71' title='bbox 2544 1108 2604 1162; x_wconf 83' lang='grc' dir='ltr'><strong>δὲ</strong></span> <span class='ocrx_word' id='word_1_72' title='bbox 2631 1110 2724 1163; x_wconf 82' lang='grc' dir='ltr'><strong>τοῦ</strong></span> <span class='ocrx_word' id='word_1_73' title='bbox 2767 1111 2927 1181; x_wconf 80' lang='grc' dir='ltr'><strong>λόγου</strong></span> <span class='ocrx_word' id='word_1_74' title='bbox 2963 1117 3277 1187; x_wconf 78' lang='grc' dir='ltr'><strong>γενομένου,</strong></span> <span class='ocrx_word' id='word_1_75' title='bbox 3317 1121 3408 1174; x_wconf 79' lang='grc' dir='ltr'>καὶ</span> <span class='ocrx_word' id='word_1_76' title='bbox 3434 1122 3499 1177; x_wconf 79' lang='grc' dir='ltr'>τὰ</span> <span class='ocrx_word' id='word_1_77' title='bbox 3516 1124 3723 1197; x_wconf 78' lang='grc' dir='ltr'>λεγόμε-</span> 
     </span>
    </p>
   </div>
   <div class='ocr_carea' id='block_1_14' title="bbox 484 1188 2053 1284">
    <p class='ocr_par' dir='ltr' id='par_1_14' title="bbox 484 1188 2053 1269">
     <span class='ocr_line' id='line_1_14' title="bbox 484 1188 2053 1269; baseline 0.008 -28"><span class='ocrx_word' id='word_1_78' title='bbox 484 1189 622 1242; x_wconf 87' lang='lat' dir='ltr'><strong>tium</strong></span> <span class='ocrx_word' id='word_1_79' title='bbox 678 1188 811 1244; x_wconf 78' lang='lat' dir='ltr'><strong>duxi</strong></span> <span class='ocrx_word' id='word_1_80' title='bbox 857 1202 916 1245; x_wconf 91' lang='lat' dir='ltr'><strong>ut</strong></span> <span class='ocrx_word' id='word_1_81' title='bbox 963 1201 1018 1247; x_wconf 88' lang='lat' dir='ltr'><strong>et</strong></span> <span class='ocrx_word' id='word_1_82' title='bbox 1053 1192 1219 1249; x_wconf 88' lang='lat' dir='ltr'><strong>Petro</strong></span> <span class='ocrx_word' id='word_1_83' title='bbox 1274 1195 1491 1265; x_wconf 89' lang='lat' dir='ltr'><strong>prolata</strong></span> <span class='ocrx_word' id='word_1_84' title='bbox 1543 1197 2053 1269; x_wconf 87' lang='lat' dir='ltr'><strong>verba,quanquan</strong></span> 
     </span>
    </p>
   </div>
   <div class='ocr_carea' id='block_1_15' title="bbox 2161 1188 3726 1284">
    <p class='ocr_par' dir='ltr' id='par_1_15' title="bbox 2175 1188 3726 1284">
     <span class='ocr_line' id='line_1_15' title="bbox 2175 1188 3726 1284; baseline 0.014 -36"><span class='ocrx_word' id='word_1_85' title='bbox 2175 1212 2240 1249; x_wconf 86' lang='grc' dir='ltr'><strong>να</strong></span> <span class='ocrx_word' id='word_1_86' title='bbox 2270 1195 2346 1267; x_wconf 82' lang='grc' dir='ltr'><strong>τῷ</strong></span> <span class='ocrx_word' id='word_1_87' title='bbox 2393 1198 2586 1271; x_wconf 84' lang='grc' dir='ltr'><strong>Πέτρῳ</strong></span> <span class='ocrx_word' id='word_1_88' title='bbox 2611 1200 2791 1265; x_wconf 87' lang='grc' dir='ltr'>καλῶς</span> <span class='ocrx_word' id='word_1_89' title='bbox 2819 1200 2963 1273; x_wconf 74' lang='grc' dir='ltr'>ἔχειν</span> <span class='ocrx_word' id='word_1_90' title='bbox 2984 1203 3133 1259; x_wconf 85' lang='grc' dir='ltr'>δοκεῖ</span> <span class='ocrx_word' id='word_1_91' title='bbox 3171 1224 3261 1276; x_wconf 86' lang='grc' dir='ltr'><strong>μοι</strong></span> <span class='ocrx_word' id='word_1_92' title='bbox 3285 1188 3726 1284; x_wconf 72' lang='grc' dir='ltr'>διαψηλαφήσαντι</span> 
     </span>
    </p>
   </div>
   <div class='ocr_carea' id='block_1_16' title="bbox 484 1280 2053 1373">
    <p class='ocr_par' dir='ltr' id='par_1_16' title="bbox 484 1280 2047 1359">
     <span class='ocr_line' id='line_1_16' title="bbox 484 1280 2047 1359; baseline 0.008 -25"><span class='ocrx_word' id='word_1_93' title='bbox 484 1282 534 1335; x_wconf 90' lang='lat' dir='ltr'><strong>ls</strong></span> <span class='ocrx_word' id='word_1_94' title='bbox 576 1280 975 1339; x_wconf 90' lang='lat' dir='ltr'><strong>abundantiori</strong></span> <span class='ocrx_word' id='word_1_95' title='bbox 1010 1285 1212 1357; x_wconf 77' lang='lat' dir='ltr'><strong>gaudio</strong></span> <span class='ocrx_word' id='word_1_96' title='bbox 1246 1296 1432 1342; x_wconf 87' lang='lat' dir='ltr'><strong>lentus</strong></span> <span class='ocrx_word' id='word_1_97' title='bbox 1459 1288 1682 1359; x_wconf 90' lang='lat' dir='ltr'><strong>spiritu,</strong></span> <span class='ocrx_word' id='word_1_98' title='bbox 1711 1307 1821 1346; x_wconf 91' lang='lat' dir='ltr'><strong>non</strong></span> <span class='ocrx_word' id='word_1_99' title='bbox 1846 1291 2047 1347; x_wconf 85' lang='lat' dir='ltr'><strong>habere</strong></span> 
     </span>
    </p>
   </div>
   <div class='ocr_carea' id='block_1_17' title="bbox 2161 1280 3724 1373">
    <p class='ocr_par' dir='ltr' id='par_1_17' title="bbox 2175 1280 3724 1373">
     <span class='ocr_line' id='line_1_17' title="bbox 2175 1280 3724 1373; baseline 0.014 -32"><span class='ocrx_word' id='word_1_100' title='bbox 2175 1290 2493 1361; x_wconf 80' lang='grc' dir='ltr'>φανερῶσαι</span> <span class='ocrx_word' id='word_1_101' title='bbox 2517 1292 2595 1364; x_wconf 84' lang='grc' dir='ltr'><strong>τῷ</strong></span> <span class='ocrx_word' id='word_1_102' title='bbox 2622 1292 2786 1366; x_wconf 82' lang='grc' dir='ltr'>λόγῳ,</span> <span class='ocrx_word' id='word_1_103' title='bbox 2823 1295 2861 1350; x_wconf 78' lang='grc' dir='ltr'><strong>ἃ</strong></span> <span class='ocrx_word' id='word_1_104' title='bbox 2900 1299 2994 1352; x_wconf 68' lang='grc' dir='ltr'>καὶ</span> <span class='ocrx_word' id='word_1_105' title='bbox 3046 1301 3123 1370; x_wconf 82' lang='grc' dir='ltr'>μὴ</span> <span class='ocrx_word' id='word_1_106' title='bbox 3152 1300 3295 1371; x_wconf 81' lang='grc' dir='ltr'>έχων</span> <span class='ocrx_word' id='word_1_107' title='bbox 3318 1303 3346 1356; x_wconf 87' lang='grc' dir='ltr'><strong>ὅ</strong></span> <span class='ocrx_word' id='word_1_108' title='bbox 3372 1315 3424 1357; x_wconf 83' lang='grc' dir='ltr'><strong>τι</strong></span> <span class='ocrx_word' id='word_1_109' title='bbox 3442 1280 3445 1281; x_wconf 12' lang='grc' dir='ltr'><em>ν</em></span> <span class='ocrx_word' id='word_1_110' title='bbox 3577 1280 3724 1373; x_wconf 69' lang='grc' dir='ltr'>εἴποι,</span> 
     </span>
    </p>
   </div>
   <div class='ocr_carea' id='block_1_18' title="bbox 480 1373 2053 1469">
    <p class='ocr_par' dir='ltr' id='par_1_18' title="bbox 480 1373 2053 1452">
     <span class='ocr_line' id='line_1_18' title="bbox 480 1373 2053 1452; baseline 0.008 -25"><span class='ocrx_word' id='word_1_111' title='bbox 480 1373 616 1442; x_wconf 87' lang='lat' dir='ltr'><strong>quid</strong></span> <span class='ocrx_word' id='word_1_112' title='bbox 655 1374 892 1443; x_wconf 88' lang='lat' dir='ltr'><strong>diceret,</strong></span> <span class='ocrx_word' id='word_1_113' title='bbox 918 1379 1063 1434; x_wconf 87' lang='lat' dir='ltr'><strong>velut</strong></span> <span class='ocrx_word' id='word_1_114' title='bbox 1095 1380 1371 1451; x_wconf 87' lang='lat' dir='ltr'><strong>palpando</strong></span> <span class='ocrx_word' id='word_1_115' title='bbox 1408 1383 1763 1452; x_wconf 77' lang='lat' dir='ltr'><strong>explicarem.</strong></span> <span class='ocrx_word' id='word_1_116' title='bbox 1797 1383 1891 1439; x_wconf 86' lang='lat' dir='ltr'><strong>Illa</strong></span> <span class='ocrx_word' id='word_1_117' title='bbox 1922 1386 2053 1441; x_wconf 83' lang='lat' dir='ltr'><strong>enin</strong></span> 
     </span>
    </p>
   </div>
   <div class='ocr_carea' id='block_1_19' title="bbox 2161 1373 3729 1469">
    <p class='ocr_par' dir='ltr' id='par_1_19' title="bbox 2172 1379 3729 1469">
     <span class='ocr_line' id='line_1_19' title="bbox 2172 1379 3729 1469; baseline 0.013 -37"><span class='ocrx_word' id='word_1_118' title='bbox 2172 1379 2250 1450; x_wconf 84' lang='grc' dir='ltr'><strong>τῷ</strong></span> <span class='ocrx_word' id='word_1_119' title='bbox 2278 1382 2553 1453; x_wconf 79' lang='grc' dir='ltr'>πνεύματι</span> <span class='ocrx_word' id='word_1_120' title='bbox 2601 1387 2890 1456; x_wconf 87' lang='grc' dir='ltr'>γενόμενος</span> <span class='ocrx_word' id='word_1_121' title='bbox 2938 1392 3190 1460; x_wconf 80' lang='grc' dir='ltr'><strong>κάτοχος,</strong></span> <span class='ocrx_word' id='word_1_122' title='bbox 3244 1393 3352 1446; x_wconf 77' lang='grc' dir='ltr'><strong>ὑπὸ</strong></span> <span class='ocrx_word' id='word_1_123' title='bbox 3400 1398 3729 1469; x_wconf 77' lang='grc' dir='ltr'>περιχαρείας</span> 
     </span>
    </p>
   </div>
   <div class='ocr_carea' id='block_1_20' title="bbox 482 1466 2053 1560">
    <p class='ocr_par' dir='ltr' id='par_1_20' title="bbox 482 1466 2053 1547">
     <span class='ocr_line' id='line_1_20' title="bbox 482 1466 2053 1547; baseline 0.008 -28"><span class='ocrx_word' id='word_1_124' title='bbox 482 1466 705 1523; x_wconf 86' lang='lat' dir='ltr'><strong>luminis</strong></span> <span class='ocrx_word' id='word_1_125' title='bbox 760 1471 1114 1541; x_wconf 77' lang='lat' dir='ltr'><strong>apparitione</strong></span> <span class='ocrx_word' id='word_1_126' title='bbox 1164 1473 1373 1546; x_wconf 89' lang='lat' dir='ltr'><strong>Deique</strong></span> <span class='ocrx_word' id='word_1_127' title='bbox 1402 1476 1618 1531; x_wconf 82' lang='lat' dir='ltr'><strong>visione</strong></span> <span class='ocrx_word' id='word_1_128' title='bbox 1651 1491 1819 1547; x_wconf 84' lang='lat' dir='ltr'><strong>supra</strong></span> <span class='ocrx_word' id='word_1_129' title='bbox 1847 1475 2053 1532; x_wconf 81' lang='lat' dir='ltr'><strong>modun</strong></span> 
     </span>
    </p>
   </div>
   <div class='ocr_carea' id='block_1_21' title="bbox 2161 1466 3733 1560">
    <p class='ocr_par' dir='ltr' id='par_1_21' title="bbox 2174 1466 3733 1560">
     <span class='ocr_line' id='line_1_21' title="bbox 2174 1466 3733 1560; baseline 0.013 -34"><span class='ocrx_word' id='word_1_130' title='bbox 2174 1472 2495 1542; x_wconf 77' lang='grc' dir='ltr'>ἐφθέγξατο.</span> <span class='ocrx_word' id='word_1_131' title='bbox 2555 1478 2634 1548; x_wconf 84' lang='grc' dir='ltr'><strong>Τῇ</strong></span> <span class='ocrx_word' id='word_1_132' title='bbox 2685 1478 2795 1548; x_wconf 83' lang='grc' dir='ltr'><strong>γάρ</strong></span> <span class='ocrx_word' id='word_1_133' title='bbox 2854 1483 3199 1557; x_wconf 79' lang='grc' dir='ltr'>γεγενημένῃ</span> <span class='ocrx_word' id='word_1_134' title='bbox 3257 1466 3605 1560; x_wconf 70' lang='grc' dir='ltr'>φωτοφανεία</span> <span class='ocrx_word' id='word_1_135' title='bbox 3649 1492 3733 1545; x_wconf 72' lang='grc' dir='ltr'>καὶ</span> 
     </span>
    </p>
   </div>
   <div class='ocr_carea' id='block_1_22' title="bbox 480 1562 2053 1650">
    <p class='ocr_par' dir='ltr' id='par_1_22' title="bbox 480 1562 2053 1639">
     <span class='ocr_line' id='line_1_22' title="bbox 480 1562 2053 1639; baseline 0.005 -24"><span class='ocrx_word' id='word_1_136' title='bbox 480 1562 706 1630; x_wconf 75' lang='lat' dir='ltr'><strong>gavisus</strong></span> <span class='ocrx_word' id='word_1_137' title='bbox 756 1562 951 1620; x_wconf 88' lang='lat' dir='ltr'><strong>Petrus</strong></span> <span class='ocrx_word' id='word_1_138' title='bbox 991 1566 1370 1633; x_wconf 85' lang='lat' dir='ltr'><strong>acdelinitus,</strong></span> <span class='ocrx_word' id='word_1_139' title='bbox 1422 1574 1684 1639; x_wconf 87' lang='lat' dir='ltr'><strong>totusque</strong></span> <span class='ocrx_word' id='word_1_140' title='bbox 1726 1571 1956 1624; x_wconf 90' lang='lat' dir='ltr'><strong>numine</strong></span> <span class='ocrx_word' id='word_1_141' title='bbox 1985 1567 2053 1623; x_wconf 45' lang='lat' dir='ltr'><strong>af.</strong></span> 
     </span>
    </p>
   </div>
   <div class='ocr_carea' id='block_1_23' title="bbox 2161 1562 3733 1650">
    <p class='ocr_par' dir='ltr' id='par_1_23' title="bbox 2174 1565 3733 1650">
     <span class='ocr_line' id='line_1_23' title="bbox 2174 1565 3733 1650; baseline 0.01 -32"><span class='ocrx_word' id='word_1_142' title='bbox 2174 1565 2404 1638; x_wconf 81' lang='grc' dir='ltr'>θεοπτίᾳ</span> <span class='ocrx_word' id='word_1_143' title='bbox 2442 1567 2543 1638; x_wconf 80' lang='grc' dir='ltr'>τὴν</span> <span class='ocrx_word' id='word_1_144' title='bbox 2590 1569 2772 1641; x_wconf 76' lang='grc' dir='ltr'>ψυχὴν</span> <span class='ocrx_word' id='word_1_145' title='bbox 2805 1571 2949 1643; x_wconf 82' lang='grc' dir='ltr'>ὑπὲρ</span> <span class='ocrx_word' id='word_1_146' title='bbox 2992 1573 3157 1642; x_wconf 81' lang='grc' dir='ltr'>φύσιν</span> <span class='ocrx_word' id='word_1_147' title='bbox 3203 1577 3233 1629; x_wconf 86' lang='grc' dir='ltr'>ὁ</span> <span class='ocrx_word' id='word_1_148' title='bbox 3266 1576 3470 1647; x_wconf 80' lang='grc' dir='ltr'><strong>Πέτρος</strong></span> <span class='ocrx_word' id='word_1_149' title='bbox 3500 1579 3733 1650; x_wconf 60' lang='grc' dir='ltr'><strong>⁴ἡδόμενος</strong></span> 
     </span>
    </p>
   </div>
   <div class='ocr_carea' id='block_1_24' title="bbox 476 1652 2053 1742">
    <p class='ocr_par' dir='ltr' id='par_1_24' title="bbox 476 1652 2053 1731">
     <span class='ocr_line' id='line_1_24' title="bbox 476 1652 2053 1731; baseline 0.006 -24"><span class='ocrx_word' id='word_1_150' title='bbox 476 1652 661 1719; x_wconf 85' lang='lat' dir='ltr'><strong>ﬂatus.</strong></span> <span class='ocrx_word' id='word_1_151' title='bbox 703 1671 807 1712; x_wconf 88' lang='lat' dir='ltr'><strong>nec</strong></span> <span class='ocrx_word' id='word_1_152' title='bbox 864 1658 1053 1713; x_wconf 86' lang='lat' dir='ltr'><strong>valens</strong></span> <span class='ocrx_word' id='word_1_153' title='bbox 1110 1673 1364 1716; x_wconf 86' lang='lat' dir='ltr'><strong>sermone</strong></span> <span class='ocrx_word' id='word_1_154' title='bbox 1410 1660 1688 1731; x_wconf 79' lang='lat' dir='ltr'><strong>explicare</strong></span> <span class='ocrx_word' id='word_1_155' title='bbox 1728 1661 1896 1716; x_wconf 89' lang='lat' dir='ltr'><strong>animi</strong></span> <span class='ocrx_word' id='word_1_156' title='bbox 1935 1660 2053 1717; x_wconf 80' lang='lat' dir='ltr'><strong>aﬂ‘e-</strong></span> 
     </span>
    </p>
   </div>
   <div class='ocr_carea' id='block_1_25' title="bbox 2161 1652 3732 1742">
    <p class='ocr_par' dir='ltr' id='par_1_25' title="bbox 2171 1659 3732 1742">
     <span class='ocr_line' id='line_1_25' title="bbox 2171 1659 3732 1742; baseline 0.008 -30"><span class='ocrx_word' id='word_1_157' title='bbox 2171 1659 2266 1713; x_wconf 73' lang='grc' dir='ltr'>καὶ</span> <span class='ocrx_word' id='word_1_158' title='bbox 2321 1659 2669 1731; x_wconf 78' lang='grc' dir='ltr'><strong>θελγόμενος,</strong></span> <span class='ocrx_word' id='word_1_159' title='bbox 2706 1664 2802 1718; x_wconf 79' lang='grc' dir='ltr'>καὶ</span> <span class='ocrx_word' id='word_1_160' title='bbox 2838 1664 2960 1728; x_wconf 85' lang='grc' dir='ltr'>ὅλος</span> <span class='ocrx_word' id='word_1_161' title='bbox 3002 1665 3193 1732; x_wconf 77' lang='grc' dir='ltr'>ἔνθους</span> <span class='ocrx_word' id='word_1_162' title='bbox 3238 1668 3546 1739; x_wconf 81' lang='grc' dir='ltr'>γενόμενος,</span> <span class='ocrx_word' id='word_1_163' title='bbox 3582 1671 3732 1742; x_wconf 79' lang='grc' dir='ltr'>ἀφερ-</span> 
     </span>
    </p>
   </div>
   <div class='ocr_carea' id='block_1_26' title="bbox 475 1749 2053 1828">
    <p class='ocr_par' dir='ltr' id='par_1_26' title="bbox 475 1749 2053 1825">
     <span class='ocr_line' id='line_1_26' title="bbox 475 1749 2053 1825; baseline 0.006 -26"><span class='ocrx_word' id='word_1_164' title='bbox 475 1749 713 1804; x_wconf 75' lang='grc' dir='ltr'>ιιιίοηθηι</span> <span class='ocrx_word' id='word_1_165' title='bbox 735 1790 748 1815; x_wconf 92' lang='grc'><strong>,</strong></span> <span class='ocrx_word' id='word_1_166' title='bbox 779 1764 843 1804; x_wconf 90' lang='lat' dir='ltr'><strong>ac</strong></span> <span class='ocrx_word' id='word_1_167' title='bbox 872 1765 1051 1821; x_wconf 87' lang='lat' dir='ltr'><strong>neque</strong></span> <span class='ocrx_word' id='word_1_168' title='bbox 1106 1766 1331 1807; x_wconf 88' lang='lat' dir='ltr'><strong>rursum</strong></span> <span class='ocrx_word' id='word_1_169' title='bbox 1370 1761 1428 1807; x_wconf 86' lang='lat' dir='ltr'><strong>ut</strong></span> <span class='ocrx_word' id='word_1_170' title='bbox 1457 1754 1681 1809; x_wconf 89' lang='lat' dir='ltr'><strong>silentio</strong></span> <span class='ocrx_word' id='word_1_171' title='bbox 1727 1754 1902 1825; x_wconf 78' lang='lat' dir='ltr'><strong>gratia</strong></span> <span class='ocrx_word' id='word_1_172' title='bbox 1958 1754 2053 1809; x_wconf 90' lang='lat' dir='ltr'><strong>dif-</strong></span> 
     </span>
    </p>
   </div>
   <div class='ocr_carea' id='block_1_27' title="bbox 2161 1749 3731 1828">
    <p class='ocr_par' dir='ltr' id='par_1_27' title="bbox 2173 1750 3731 1828">
     <span class='ocr_line' id='line_1_27' title="bbox 2173 1750 3731 1828; baseline 0.007 -25"><span class='ocrx_word' id='word_1_173' title='bbox 2173 1750 2432 1821; x_wconf 85' lang='grc' dir='ltr'>μηνεύειν</span> <span class='ocrx_word' id='word_1_174' title='bbox 2455 1753 2512 1807; x_wconf 84' lang='grc' dir='ltr'><strong>δὲ</strong></span> <span class='ocrx_word' id='word_1_175' title='bbox 2538 1753 2618 1825; x_wconf 79' lang='grc' dir='ltr'>τῷ</span> <span class='ocrx_word' id='word_1_176' title='bbox 2648 1754 2795 1828; x_wconf 86' lang='grc' dir='ltr'>λόγῳ</span> <span class='ocrx_word' id='word_1_177' title='bbox 2828 1757 2890 1810; x_wconf 84' lang='grc' dir='ltr'>τὸ</span> <span class='ocrx_word' id='word_1_178' title='bbox 2915 1757 3086 1823; x_wconf 81' lang='grc' dir='ltr'>πάθος</span> <span class='ocrx_word' id='word_1_179' title='bbox 3125 1760 3426 1825; x_wconf 85' lang='grc' dir='ltr'>ἀδυνατῶν,</span> <span class='ocrx_word' id='word_1_180' title='bbox 3465 1762 3555 1814; x_wconf 80' lang='grc' dir='ltr'>καὶ</span> <span class='ocrx_word' id='word_1_181' title='bbox 3590 1763 3731 1817; x_wconf 83' lang='grc' dir='ltr'>πάλιν</span> 
     </span>
    </p>
   </div>
   <div class='ocr_carea' id='block_1_28' title="bbox 474 1842 2053 1926">
    <p class='ocr_par' dir='ltr' id='par_1_28' title="bbox 474 1844 2053 1925">
     <span class='ocr_line' id='line_1_28' title="bbox 474 1844 2053 1925; baseline 0.007 -27"><span class='ocrx_word' id='word_1_182' title='bbox 474 1844 669 1899; x_wconf 83' lang='lat' dir='ltr'><strong>ﬂueret</strong></span> <span class='ocrx_word' id='word_1_183' title='bbox 715 1845 1001 1902; x_wconf 86' lang='lat' dir='ltr'><strong>sustinens</strong></span> <span class='ocrx_word' id='word_1_184' title='bbox 1030 1887 1046 1911; x_wconf 90' lang='lat'><strong>,</strong></span> <span class='ocrx_word' id='word_1_185' title='bbox 1107 1864 1218 1904; x_wconf 82' lang='lat' dir='ltr'><strong>non</strong></span> <span class='ocrx_word' id='word_1_186' title='bbox 1270 1849 1439 1905; x_wconf 86' lang='lat' dir='ltr'><strong>stulta</strong></span> <span class='ocrx_word' id='word_1_187' title='bbox 1467 1850 1805 1922; x_wconf 90' lang='lat' dir='ltr'><strong>stolidaque,</strong></span> <span class='ocrx_word' id='word_1_188' title='bbox 1844 1862 1906 1907; x_wconf 93' lang='lat' dir='ltr'><strong>ut</strong></span> <span class='ocrx_word' id='word_1_189' title='bbox 1932 1855 2053 1925; x_wconf 81' lang='lat' dir='ltr'><strong>quis</strong></span> 
     </span>
    </p>
   </div>
   <div class='ocr_carea' id='block_1_29' title="bbox 2161 1842 3737 1926">
    <p class='ocr_par' dir='ltr' id='par_1_29' title="bbox 2166 1842 3737 1926">
     <span class='ocr_line' id='line_1_29' title="bbox 2166 1842 3737 1926; baseline 0.008 -31"><span class='ocrx_word' id='word_1_190' title='bbox 2166 1842 2494 1914; x_wconf 73' lang='grc' dir='ltr'>διαρρυῆναι</span> <span class='ocrx_word' id='word_1_191' title='bbox 2545 1849 2670 1917; x_wconf 78' lang='grc' dir='ltr'>σιγῇ</span> <span class='ocrx_word' id='word_1_192' title='bbox 2694 1847 2792 1919; x_wconf 77' lang='grc' dir='ltr'>τὴν</span> <span class='ocrx_word' id='word_1_193' title='bbox 2821 1847 2983 1919; x_wconf 84' lang='grc' dir='ltr'>χάριν</span> <span class='ocrx_word' id='word_1_194' title='bbox 3011 1849 3073 1903; x_wconf 87' lang='grc' dir='ltr'>οὐ</span> <span class='ocrx_word' id='word_1_195' title='bbox 3113 1851 3425 1923; x_wconf 79' lang='grc' dir='ltr'><strong>καρτερῶν,</strong></span> <span class='ocrx_word' id='word_1_196' title='bbox 3451 1854 3550 1906; x_wconf 76' lang='grc' dir='ltr'>οὐκ</span> <span class='ocrx_word' id='word_1_197' title='bbox 3580 1856 3737 1926; x_wconf 77' lang='grc' dir='ltr'>ἀφροο</span> 
     </span>
    </p>
   </div>
   <div class='ocr_carea' id='block_1_30' title="bbox 476 1936 2064 2015">
    <p class='ocr_par' dir='ltr' id='par_1_30' title="bbox 476 1936 2064 2015">
     <span class='ocr_line' id='line_1_30' title="bbox 476 1936 2064 2015; baseline 0.006 -25"><span class='ocrx_word' id='word_1_198' title='bbox 476 1937 621 1993; x_wconf 81' lang='lat' dir='ltr'><strong>forte</strong></span> <span class='ocrx_word' id='word_1_199' title='bbox 671 1936 841 1993; x_wconf 81' lang='lat' dir='ltr'><strong>fuerit</strong></span> <span class='ocrx_word' id='word_1_200' title='bbox 882 1940 1203 2009; x_wconf 81' lang='lat' dir='ltr'><strong>suspicatus</strong></span> <span class='ocrx_word' id='word_1_201' title='bbox 1227 1980 1243 2006; x_wconf 86' lang='lat'><strong>,</strong></span> <span class='ocrx_word' id='word_1_202' title='bbox 1274 1942 1505 2012; x_wconf 84' lang='lat' dir='ltr'><strong>protulit</strong></span> <span class='ocrx_word' id='word_1_203' title='bbox 1528 1944 1695 1999; x_wconf 86' lang='lat' dir='ltr'><strong>verba</strong></span> <span class='ocrx_word' id='word_1_204' title='bbox 1731 1944 1899 2015; x_wconf 88' lang='lat' dir='ltr'><strong>:quin</strong></span> <span class='ocrx_word' id='word_1_205' title='bbox 1931 1960 2064 2000; x_wconf 88' lang='lat' dir='ltr'><strong>vero</strong></span> 
     </span>
    </p>
   </div>
   <div class='ocr_carea' id='block_1_31' title="bbox 477 2030 2064 2102">
    <p class='ocr_par' dir='ltr' id='par_1_31' title="bbox 477 2030 2064 2102">
     <span class='ocr_line' id='line_1_31' title="bbox 477 2030 2064 2102; baseline 0.005 -20"><span class='ocrx_word' id='word_1_206' title='bbox 477 2030 607 2084; x_wconf 80' lang='lat' dir='ltr'><strong>talia</strong></span> <span class='ocrx_word' id='word_1_207' title='bbox 640 2030 910 2102; x_wconf 82' lang='lat' dir='ltr'><strong>loquitur,</strong></span> <span class='ocrx_word' id='word_1_208' title='bbox 947 2048 1069 2102; x_wconf 83' lang='lat' dir='ltr'><strong>quae</strong></span> <span class='ocrx_word' id='word_1_209' title='bbox 1100 2048 1321 2090; x_wconf 65' lang='lat' dir='ltr'><strong>arcanae</strong></span> <span class='ocrx_word' id='word_1_210' title='bbox 1376 2034 1529 2091; x_wconf 91' lang='lat' dir='ltr'><strong>illius</strong></span> <span class='ocrx_word' id='word_1_211' title='bbox 1560 2035 1893 2092; x_wconf 90' lang='lat' dir='ltr'><strong>initiationis</strong></span> <span class='ocrx_word' id='word_1_212' title='bbox 1920 2035 2064 2090; x_wconf 87' lang='lat' dir='ltr'><strong>divi-</strong></span> 
     </span>
    </p>
   </div>
   <div class='ocr_carea' id='block_1_32' title="bbox 470 2126 2062 2204">
    <p class='ocr_par' dir='ltr' id='par_1_32' title="bbox 470 2126 2062 2204">
     <span class='ocr_line' id='line_1_32' title="bbox 470 2126 2062 2204; baseline 0.005 -27"><span class='ocrx_word' id='word_1_213' title='bbox 470 2139 669 2195; x_wconf 79' lang='lat' dir='ltr'><strong>meque</strong></span> <span class='ocrx_word' id='word_1_214' title='bbox 726 2126 1065 2204; x_wconf 82' lang='lat' dir='ltr'><strong>operationis</strong></span> <span class='ocrx_word' id='word_1_215' title='bbox 1116 2128 1299 2198; x_wconf 89' lang='lat' dir='ltr'><strong>proles</strong></span> <span class='ocrx_word' id='word_1_216' title='bbox 1348 2137 1538 2184; x_wconf 84' lang='lat' dir='ltr'><strong>essent</strong></span> <span class='ocrx_word' id='word_1_217' title='bbox 1580 2138 1744 2201; x_wconf 87' lang='lat' dir='ltr'><strong>atque</strong></span> <span class='ocrx_word' id='word_1_218' title='bbox 1793 2132 2062 2200; x_wconf 78' lang='lat' dir='ltr'><strong>germina.</strong></span> 
     </span>
    </p>
   </div>
   <div class='ocr_carea' id='block_1_33' title="bbox 469 2216 2058 2292">
    <p class='ocr_par' dir='ltr' id='par_1_33' title="bbox 469 2216 2058 2292">
     <span class='ocr_line' id='line_1_33' title="bbox 469 2216 2058 2292; baseline 0.004 -22"><span class='ocrx_word' id='word_1_219' title='bbox 469 2216 747 2282; x_wconf 82' lang='lat' dir='ltr'><strong>Quidnam</strong></span> <span class='ocrx_word' id='word_1_220' title='bbox 814 2228 999 2273; x_wconf 86' lang='lat' dir='ltr'><strong>autem</strong></span> <span class='ocrx_word' id='word_1_221' title='bbox 1054 2220 1417 2290; x_wconf 85' lang='lat' dir='ltr'><strong>pronuntiat?</strong></span> <span class='ocrx_word' id='word_1_222' title='bbox 1450 2240 1468 2271; x_wconf 79' lang='grc' dir='ltr'><strong>ι</strong></span> <span class='ocrx_word' id='word_1_223' title='bbox 1508 2218 1738 2276; x_wconf 88' lang='lat' dir='ltr'><strong>Domine</strong></span> <span class='ocrx_word' id='word_1_224' title='bbox 1769 2260 1783 2287; x_wconf 90' lang='lat'><strong>,</strong></span> <span class='ocrx_word' id='word_1_225' title='bbox 1831 2223 2010 2292; x_wconf 86' lang='lat' dir='ltr'><strong>inquit</strong></span> <span class='ocrx_word' id='word_1_226' title='bbox 2043 2266 2058 2289; x_wconf 92' lang='lat'><strong>,</strong></span> 
     </span>
    </p>
   </div>
   <div class='ocr_carea' id='block_1_34' title="bbox 466 2309 2060 2381">
    <p class='ocr_par' dir='ltr' id='par_1_34' title="bbox 466 2309 2060 2381">
     <span class='ocr_line' id='line_1_34' title="bbox 466 2309 2060 2381; baseline 0.004 -18"><span class='ocrx_word' id='word_1_227' title='bbox 466 2309 675 2365; x_wconf 87' lang='lat' dir='ltr'><strong>bonum</strong></span> <span class='ocrx_word' id='word_1_228' title='bbox 700 2319 783 2367; x_wconf 87' lang='lat' dir='ltr'><strong>est</strong></span> <span class='ocrx_word' id='word_1_229' title='bbox 803 2326 918 2367; x_wconf 87' lang='lat' dir='ltr'><strong>nos-</strong></span> <span class='ocrx_word' id='word_1_230' title='bbox 938 2311 1030 2366; x_wconf 92' lang='lat' dir='ltr'><strong>hic</strong></span> <span class='ocrx_word' id='word_1_231' title='bbox 1062 2312 1256 2368; x_wconf 76' lang='lat' dir='ltr'><strong>esseb.</strong></span> <span class='ocrx_word' id='word_1_232' title='bbox 1291 2332 1310 2365; x_wconf 73' lang='grc' dir='ltr'><strong>ι</strong></span> <span class='ocrx_word' id='word_1_233' title='bbox 1342 2311 1646 2381; x_wconf 85' lang='lat' dir='ltr'><strong>Quorsum,</strong></span> <span class='ocrx_word' id='word_1_234' title='bbox 1673 2314 1871 2372; x_wconf 88' lang='lat' dir='ltr'><strong>Petre?</strong></span> <span class='ocrx_word' id='word_1_235' title='bbox 1896 2315 2060 2372; x_wconf 84' lang='lat' dir='ltr'><strong>Nem-</strong></span> 
     </span>
    </p>
   </div>
   <div class='ocr_carea' id='block_1_35' title="bbox 468 2402 2062 2477">
    <p class='ocr_par' dir='ltr' id='par_1_35' title="bbox 468 2402 2062 2477">
     <span class='ocr_line' id='line_1_35' title="bbox 468 2402 2062 2477; baseline 0.005 -23"><span class='ocrx_word' id='word_1_236' title='bbox 468 2416 536 2469; x_wconf 84' lang='lat' dir='ltr'><strong>pe</strong></span> <span class='ocrx_word' id='word_1_237' title='bbox 596 2409 659 2455; x_wconf 92' lang='lat' dir='ltr'><strong>ut</strong></span> <span class='ocrx_word' id='word_1_238' title='bbox 696 2402 865 2472; x_wconf 86' lang='lat' dir='ltr'><strong>plena</strong></span> <span class='ocrx_word' id='word_1_239' title='bbox 903 2402 1219 2459; x_wconf 84' lang='lat' dir='ltr'><strong>turbatione</strong></span> <span class='ocrx_word' id='word_1_240' title='bbox 1270 2404 1556 2459; x_wconf 84' lang='lat' dir='ltr'><strong>hominum</strong></span> <span class='ocrx_word' id='word_1_241' title='bbox 1597 2406 2062 2477; x_wconf 82' lang='lat' dir='ltr'><strong>interpellatione</strong></span> 
     </span>
    </p>
   </div>
   <div class='ocr_carea' id='block_1_36' title="bbox 467 2494 2057 2569">
    <p class='ocr_par' dir='ltr' id='par_1_36' title="bbox 467 2494 2057 2569">
     <span class='ocr_line' id='line_1_36' title="bbox 467 2494 2057 2569; baseline 0.005 -23"><span class='ocrx_word' id='word_1_242' title='bbox 467 2494 807 2564; x_wconf 63' lang='lat' dir='ltr'><strong>acgmolestia</strong></span> <span class='ocrx_word' id='word_1_243' title='bbox 835 2494 1074 2560; x_wconf 89' lang='lat' dir='ltr'><strong>liberati,</strong></span> <span class='ocrx_word' id='word_1_244' title='bbox 1110 2496 1468 2568; x_wconf 87' lang='lat' dir='ltr'><strong>animumque</strong></span> <span class='ocrx_word' id='word_1_245' title='bbox 1480 2504 1537 2553; x_wconf 88' lang='lat' dir='ltr'><strong>et</strong></span> <span class='ocrx_word' id='word_1_246' title='bbox 1556 2512 1804 2562; x_wconf 89' lang='lat' dir='ltr'><strong>sensum,</strong></span> <span class='ocrx_word' id='word_1_247' title='bbox 1830 2514 2057 2569; x_wconf 84' lang='lat' dir='ltr'><strong>separa-</strong></span> 
     </span>
    </p>
   </div>
   <div class='ocr_carea' id='block_1_37' title="bbox 435 2589 2056 2663">
    <p class='ocr_par' dir='ltr' id='par_1_37' title="bbox 435 2589 2056 2663">
     <span class='ocr_line' id='line_1_37' title="bbox 435 2589 2056 2663; baseline 0.006 -24"><span class='ocrx_word' id='word_1_248' title='bbox 435 2628 441 2635; x_wconf 97' lang='lat'><strong>.</strong></span> <span class='ocrx_word' id='word_1_249' title='bbox 470 2589 619 2643; x_wconf 86' lang='lat' dir='ltr'><strong>tione</strong></span> <span class='ocrx_word' id='word_1_250' title='bbox 645 2602 675 2642; x_wconf 89' lang='lat' dir='ltr'><strong>a</strong></span> <span class='ocrx_word' id='word_1_251' title='bbox 714 2589 910 2652; x_wconf 85' lang='lat' dir='ltr'><strong>turbis,</strong></span> <span class='ocrx_word' id='word_1_252' title='bbox 936 2602 1404 2663; x_wconf 75' lang='lat' dir='ltr'><strong>qu’orumcunque</strong></span> <span class='ocrx_word' id='word_1_253' title='bbox 1444 2600 1696 2649; x_wconf 88' lang='lat' dir='ltr'><strong>motuum</strong></span> <span class='ocrx_word' id='word_1_254' title='bbox 1726 2599 2056 2651; x_wconf 81' lang='lat' dir='ltr'><strong>verborum-</strong></span> 
     </span>
    </p>
   </div>
   <div class='ocr_carea' id='block_1_38' title="bbox 434 2680 2056 2758">
    <p class='ocr_par' dir='ltr' id='par_1_38' title="bbox 434 2680 2056 2758">
     <span class='ocr_line' id='line_1_38' title="bbox 434 2680 2056 2758; baseline 0.004 -24"><span class='ocrx_word' id='word_1_255' title='bbox 434 2738 437 2742; x_wconf 19' lang='grc' dir='ltr'><em>Α</em></span> <span class='ocrx_word' id='word_1_256' title='bbox 467 2696 577 2750; x_wconf 77' lang='lat' dir='ltr'><strong>que</strong></span> <span class='ocrx_word' id='word_1_257' title='bbox 621 2680 864 2748; x_wconf 80' lang='lat' dir='ltr'><strong>colluvie</strong></span> <span class='ocrx_word' id='word_1_258' title='bbox 904 2683 1177 2751; x_wconf 80' lang='lat' dir='ltr'><strong>mandati,</strong></span> <span class='ocrx_word' id='word_1_259' title='bbox 1210 2684 1477 2739; x_wconf 77' lang='lat' dir='ltr'><strong>ineffabili</strong></span> <span class='ocrx_word' id='word_1_260' title='bbox 1511 2693 1604 2741; x_wconf 90' lang='lat' dir='ltr'><strong>tua</strong></span> <span class='ocrx_word' id='word_1_261' title='bbox 1632 2687 1723 2741; x_wconf 88' lang='lat' dir='ltr'><strong>illa</strong></span> <span class='ocrx_word' id='word_1_262' title='bbox 1745 2686 1930 2742; x_wconf 82' lang='lat' dir='ltr'><strong>divina</strong></span> <span class='ocrx_word' id='word_1_263' title='bbox 1956 2702 2056 2758; x_wconf 85' lang='lat' dir='ltr'><strong>ap-</strong></span> 
     </span>
    </p>
   </div>
   <div class='ocr_carea' id='block_1_39' title="bbox 468 2773 2054 2844">
    <p class='ocr_par' dir='ltr' id='par_1_39' title="bbox 468 2773 2054 2844">
     <span class='ocr_line' id='line_1_39' title="bbox 468 2773 2054 2844; baseline 0.006 -18"><span class='ocrx_word' id='word_1_264' title='bbox 468 2773 771 2843; x_wconf 82' lang='lat' dir='ltr'><strong>paritione,</strong></span> <span class='ocrx_word' id='word_1_265' title='bbox 824 2774 918 2830; x_wconf 85' lang='lat' dir='ltr'><strong>hic</strong></span> <span class='ocrx_word' id='word_1_266' title='bbox 964 2776 1068 2831; x_wconf 81' lang='lat' dir='ltr'><strong>loci</strong></span> <span class='ocrx_word' id='word_1_267' title='bbox 1123 2776 1412 2833; x_wconf 87' lang='lat' dir='ltr'><strong>irremisse</strong></span> <span class='ocrx_word' id='word_1_268' title='bbox 1457 2778 2054 2844; x_wconf 85' lang='lat' dir='ltr'><strong>fruamur,oDomine.</strong></span> 
     </span>
    </p>
   </div>
   <div class='ocr_carea' id='block_1_40' title="bbox 464 2862 2056 2936">
    <p class='ocr_par' dir='ltr' id='par_1_40' title="bbox 464 2862 2056 2936">
     <span class='ocr_line' id='line_1_40' title="bbox 464 2862 2056 2936; baseline 0.004 -20"><span class='ocrx_word' id='word_1_269' title='bbox 464 2862 583 2918; x_wconf 77' lang='lat' dir='ltr'><strong>Hoc</strong></span> <span class='ocrx_word' id='word_1_270' title='bbox 659 2871 844 2919; x_wconf 89' lang='lat' dir='ltr'><strong>autem</strong></span> <span class='ocrx_word' id='word_1_271' title='bbox 914 2865 1044 2936; x_wconf 80' lang='lat' dir='ltr'><strong>quid</strong></span> <span class='ocrx_word' id='word_1_272' title='bbox 1092 2866 1290 2922; x_wconf 86' lang='lat' dir='ltr'><strong>melius</strong></span> <span class='ocrx_word' id='word_1_273' title='bbox 1317 2867 1428 2922; x_wconf 86' lang='lat' dir='ltr'><strong>sit?</strong></span> <span class='ocrx_word' id='word_1_274' title='bbox 1489 2866 1629 2934; x_wconf 84' lang='lat' dir='ltr'><strong>Quid</strong></span> <span class='ocrx_word' id='word_1_275' title='bbox 1696 2883 1870 2933; x_wconf 84' lang='lat' dir='ltr'><strong>vero,</strong></span> <span class='ocrx_word' id='word_1_276' title='bbox 1927 2869 2056 2924; x_wconf 88' lang='lat' dir='ltr'><strong>dum</strong></span> 
     </span>
    </p>
   </div>
   <div class='ocr_carea' id='block_1_41' title="bbox 463 2957 2057 3026">
    <p class='ocr_par' dir='ltr' id='par_1_41' title="bbox 463 2957 2057 3026">
     <span class='ocr_line' id='line_1_41' title="bbox 463 2957 2057 3026; baseline 0.003 -14"><span class='ocrx_word' id='word_1_277' title='bbox 463 2957 591 3026; x_wconf 82' lang='lat' dir='ltr'><strong>quis</strong></span> <span class='ocrx_word' id='word_1_278' title='bbox 618 2971 843 3014; x_wconf 85' lang='lat' dir='ltr'><strong>sensum</strong></span> <span class='ocrx_word' id='word_1_279' title='bbox 878 2957 1083 3013; x_wconf 78' lang='lat' dir='ltr'><strong>habeat</strong></span> <span class='ocrx_word' id='word_1_280' title='bbox 1102 2998 1116 3022; x_wconf 90' lang='lat'><strong>,</strong></span> <span class='ocrx_word' id='word_1_281' title='bbox 1145 2957 1584 3024; x_wconf 80' lang='lat' dir='ltr'><strong>desiderabilius</strong></span> <span class='ocrx_word' id='word_1_282' title='bbox 1602 2970 1697 3016; x_wconf 89' lang='lat' dir='ltr'><strong>aut</strong></span> <span class='ocrx_word' id='word_1_283' title='bbox 1723 2960 2057 3017; x_wconf 71' lang='lat' dir='ltr'><strong>amabilius?</strong></span> 
     </span>
    </p>
   </div>
   <div class='ocr_carea' id='block_1_42' title="bbox 464 3048 2053 3117">
    <p class='ocr_par' dir='ltr' id='par_1_42' title="bbox 464 3048 2053 3117">
     <span class='ocr_line' id='line_1_42' title="bbox 464 3048 2053 3117; baseline 0.004 -15"><span class='ocrx_word' id='word_1_284' title='bbox 464 3048 839 3117; x_wconf 86' lang='lat' dir='ltr'><strong>Quamobrem</strong></span> <span class='ocrx_word' id='word_1_285' title='bbox 882 3068 894 3104; x_wconf 91' lang='lat'><strong>:</strong></span> <span class='ocrx_word' id='word_1_286' title='bbox 944 3069 963 3102; x_wconf 82' lang='grc' dir='ltr'><strong>ι</strong></span> <span class='ocrx_word' id='word_1_287' title='bbox 995 3048 1245 3117; x_wconf 87' lang='lat' dir='ltr'><strong>Domine,</strong></span> <span class='ocrx_word' id='word_1_288' title='bbox 1279 3051 1325 3106; x_wconf 92' lang='lat' dir='ltr'><strong>si</strong></span> <span class='ocrx_word' id='word_1_289' title='bbox 1361 3052 1467 3117; x_wconf 87' lang='lat' dir='ltr'><strong>vis,</strong></span> <span class='ocrx_word' id='word_1_290' title='bbox 1519 3052 1789 3109; x_wconf 79' lang='lat' dir='ltr'><strong>faciamus</strong></span> <span class='ocrx_word' id='word_1_291' title='bbox 1834 3053 1923 3110; x_wconf 91' lang='lat' dir='ltr'><strong>hic</strong></span> <span class='ocrx_word' id='word_1_292' title='bbox 1948 3054 2053 3108; x_wconf 79' lang='lat' dir='ltr'><strong>tria</strong></span> 
     </span>
    </p>
   </div>
   <div class='ocr_carea' id='block_1_43' title="bbox 462 3142 2056 3211">
    <p class='ocr_par' dir='ltr' id='par_1_43' title="bbox 462 3142 2056 3211">
     <span class='ocr_line' id='line_1_43' title="bbox 462 3142 2056 3211; baseline 0.004 -16"><span class='ocrx_word' id='word_1_293' title='bbox 462 3143 844 3209; x_wconf 68' lang='lat' dir='ltr'><strong>tabernacula;</strong></span> <span class='ocrx_word' id='word_1_294' title='bbox 897 3142 997 3198; x_wconf 89' lang='lat' dir='ltr'><strong>tibi</strong></span> <span class='ocrx_word' id='word_1_295' title='bbox 1062 3158 1255 3209; x_wconf 87' lang='lat' dir='ltr'><strong>unum,</strong></span> <span class='ocrx_word' id='word_1_296' title='bbox 1287 3151 1344 3200; x_wconf 90' lang='lat' dir='ltr'><strong>et</strong></span> <span class='ocrx_word' id='word_1_297' title='bbox 1387 3142 1525 3202; x_wconf 76' lang='lat' dir='ltr'><strong>Mosi</strong></span> <span class='ocrx_word' id='word_1_298' title='bbox 1601 3161 1796 3211; x_wconf 91' lang='lat' dir='ltr'><strong>unum,</strong></span> <span class='ocrx_word' id='word_1_299' title='bbox 1837 3156 1891 3203; x_wconf 91' lang='lat' dir='ltr'><strong>et</strong></span> <span class='ocrx_word' id='word_1_300' title='bbox 1925 3145 2056 3202; x_wconf 62' lang='lat' dir='ltr'><strong>Elite</strong></span> 
     </span>
    </p>
   </div>
   <div class='ocr_carea' id='block_1_44' title="bbox 2173 1936 3730 2012">
    <p class='ocr_par' dir='ltr' id='par_1_44' title="bbox 2173 1936 3730 2012">
     <span class='ocr_line' id='line_1_44' title="bbox 2173 1936 3730 2012; baseline 0.006 -23"><span class='ocrx_word' id='word_1_301' title='bbox 2173 1936 2338 2008; x_wconf 85' lang='grc' dir='ltr'>σύνης</span> <span class='ocrx_word' id='word_1_302' title='bbox 2389 1938 2511 1993; x_wconf 75' lang='grc' dir='ltr'>οὐδὲ</span> <span class='ocrx_word' id='word_1_303' title='bbox 2560 1940 2936 2012; x_wconf 79' lang='grc' dir='ltr'>ἠλιθιότητος,</span> <span class='ocrx_word' id='word_1_304' title='bbox 2989 1942 3067 2007; x_wconf 84' lang='grc' dir='ltr'><strong>ὡς</strong></span> <span class='ocrx_word' id='word_1_305' title='bbox 3109 1942 3175 1998; x_wconf 81' lang='grc' dir='ltr'><strong>ἀν</strong></span> <span class='ocrx_word' id='word_1_306' title='bbox 3221 1961 3369 2008; x_wconf 81' lang='grc' dir='ltr'>τινες</span> <span class='ocrx_word' id='word_1_307' title='bbox 3413 1946 3730 2012; x_wconf 75' lang='grc' dir='ltr'>ὑπολάϐοιεν,</span> 
     </span>
    </p>
   </div>
   <div class='ocr_carea' id='block_1_45' title="bbox 2170 2033 3729 2109">
    <p class='ocr_par' dir='ltr' id='par_1_45' title="bbox 2170 2033 3729 2109">
     <span class='ocr_line' id='line_1_45' title="bbox 2170 2033 3729 2109; baseline 0.004 -23"><span class='ocrx_word' id='word_1_308' title='bbox 2170 2033 2582 2102; x_wconf 77' lang='grc' dir='ltr'><strong>ἀποφθέγγεται</strong></span> <span class='ocrx_word' id='word_1_309' title='bbox 2610 2036 2853 2105; x_wconf 77' lang='grc' dir='ltr'>ῥήματα·</span> <span class='ocrx_word' id='word_1_310' title='bbox 2887 2034 3025 2089; x_wconf 89' lang='grc' dir='ltr'><strong>ἀλλά</strong></span> <span class='ocrx_word' id='word_1_311' title='bbox 3050 2035 3151 2106; x_wconf 77' lang='grc' dir='ltr'>τῆς</span> <span class='ocrx_word' id='word_1_312' title='bbox 3181 2038 3427 2109; x_wconf 70' lang='grc' dir='ltr'>ἀρρήτου</span> <span class='ocrx_word' id='word_1_313' title='bbox 3467 2056 3729 2108; x_wconf 84' lang='grc' dir='ltr'>μυσταγω-</span> 
     </span>
    </p>
   </div>
   <div class='ocr_carea' id='block_1_46' title="bbox 2168 2126 3733 2202">
    <p class='ocr_par' dir='ltr' id='par_1_46' title="bbox 2168 2126 3733 2202">
     <span class='ocr_line' id='line_1_46' title="bbox 2168 2126 3733 2202; baseline 0.005 -24"><span class='ocrx_word' id='word_1_314' title='bbox 2168 2127 2295 2194; x_wconf 84' lang='grc' dir='ltr'>γίας</span> <span class='ocrx_word' id='word_1_315' title='bbox 2327 2126 2545 2200; x_wconf 74' lang='grc' dir='ltr'>ἐκείνης</span> <span class='ocrx_word' id='word_1_316' title='bbox 2587 2127 2685 2182; x_wconf 74' lang='grc' dir='ltr'>καὶ</span> <span class='ocrx_word' id='word_1_317' title='bbox 2734 2127 3025 2200; x_wconf 85' lang='grc' dir='ltr'>θεουργίας</span> <span class='ocrx_word' id='word_1_318' title='bbox 3055 2133 3374 2201; x_wconf 71' lang='grc' dir='ltr'>γεννήματα</span> <span class='ocrx_word' id='word_1_319' title='bbox 3402 2132 3495 2184; x_wconf 76' lang='grc' dir='ltr'>καὶ</span> <span class='ocrx_word' id='word_1_320' title='bbox 3526 2132 3733 2202; x_wconf 71' lang='grc' dir='ltr'>βλαστή-</span> 
     </span>
    </p>
   </div>
   <div class='ocr_carea' id='block_1_47' title="bbox 2178 2219 3734 2293">
    <p class='ocr_par' dir='ltr' id='par_1_47' title="bbox 2178 2219 3734 2293">
     <span class='ocr_line' id='line_1_47' title="bbox 2178 2219 3734 2293; baseline 0.005 -23"><span class='ocrx_word' id='word_1_321' title='bbox 2178 2235 2349 2289; x_wconf 83' lang='grc' dir='ltr'><strong>ματα,</strong></span> <span class='ocrx_word' id='word_1_322' title='bbox 2365 2222 2599 2273; x_wconf 84' lang='grc' dir='ltr'>ποιεϊται</span> <span class='ocrx_word' id='word_1_323' title='bbox 2618 2219 2689 2274; x_wconf 83' lang='grc' dir='ltr'><strong>τὰ</strong></span> <span class='ocrx_word' id='word_1_324' title='bbox 2715 2222 2956 2291; x_wconf 78' lang='grc' dir='ltr'>ῥήματα.</span> <span class='ocrx_word' id='word_1_325' title='bbox 2979 2221 3045 2275; x_wconf 87' lang='grc' dir='ltr'>Τί</span> <span class='ocrx_word' id='word_1_326' title='bbox 3064 2221 3121 2275; x_wconf 81' lang='grc' dir='ltr'><strong>δὲ</strong></span> <span class='ocrx_word' id='word_1_327' title='bbox 3139 2222 3234 2276; x_wconf 69' lang='grc' dir='ltr'><strong>καὶ</strong></span> <span class='ocrx_word' id='word_1_328' title='bbox 3252 2222 3579 2293; x_wconf 80' lang='grc' dir='ltr'>φθέγγεται;</span> <span class='ocrx_word' id='word_1_329' title='bbox 3599 2244 3618 2276; x_wconf 82' lang='grc' dir='ltr'><strong>ι</strong></span> <span class='ocrx_word' id='word_1_330' title='bbox 3638 2224 3734 2278; x_wconf 82' lang='grc' dir='ltr'><strong>Κύ-</strong></span> 
     </span>
    </p>
   </div>
   <div class='ocr_carea' id='block_1_48' title="bbox 2173 2305 3733 2382">
    <p class='ocr_par' dir='ltr' id='par_1_48' title="bbox 2173 2305 3733 2382">
     <span class='ocr_line' id='line_1_48' title="bbox 2173 2305 3733 2382; baseline 0.004 -21"><span class='ocrx_word' id='word_1_331' title='bbox 2173 2325 2280 2381; x_wconf 86' lang='grc' dir='ltr'>ριε,</span> <span class='ocrx_word' id='word_1_332' title='bbox 2315 2310 2476 2363; x_wconf 72' lang='grc' dir='ltr'>καλὸν</span> <span class='ocrx_word' id='word_1_333' title='bbox 2505 2311 2673 2382; x_wconf 80' lang='grc' dir='ltr'>ἡμᾶς,</span> <span class='ocrx_word' id='word_1_334' title='bbox 2697 2313 2883 2382; x_wconf 69' lang='grc' dir='ltr'>φησὶν,</span> <span class='ocrx_word' id='word_1_335' title='bbox 2908 2305 3009 2365; x_wconf 80' lang='grc' dir='ltr'>ὧδε</span> <span class='ocrx_word' id='word_1_336' title='bbox 3027 2310 3393 2378; x_wconf 76' lang='grc' dir='ltr'>εἷναι.»Τίνος</span> <span class='ocrx_word' id='word_1_337' title='bbox 3421 2315 3619 2381; x_wconf 74' lang='grc' dir='ltr'><strong>⁶ἕνεκεν,</strong></span> <span class='ocrx_word' id='word_1_338' title='bbox 3645 2317 3733 2368; x_wconf 85' lang='grc' dir='ltr'><strong>Πέ-</strong></span> 
     </span>
    </p>
   </div>
   <div class='ocr_carea' id='block_1_49' title="bbox 2166 2402 3731 2477">
    <p class='ocr_par' dir='ltr' id='par_1_49' title="bbox 2166 2402 3731 2477">
     <span class='ocr_line' id='line_1_49' title="bbox 2166 2402 3731 2477; baseline 0.003 -23"><span class='ocrx_word' id='word_1_339' title='bbox 2166 2418 2259 2472; x_wconf 85' lang='grc' dir='ltr'><strong>τρε</strong></span> <span class='ocrx_word' id='word_1_340' title='bbox 2277 2418 2292 2466; x_wconf 89' lang='lat'><strong>;</strong></span> <span class='ocrx_word' id='word_1_341' title='bbox 2315 2402 2432 2455; x_wconf 84' lang='grc' dir='ltr'>Ἵνα</span> <span class='ocrx_word' id='word_1_342' title='bbox 2447 2404 2549 2473; x_wconf 82' lang='grc' dir='ltr'>τῆς</span> <span class='ocrx_word' id='word_1_343' title='bbox 2575 2403 2953 2475; x_wconf 78' lang='grc' dir='ltr'>πολυταράχου</span> <span class='ocrx_word' id='word_1_344' title='bbox 2968 2404 3295 2476; x_wconf 86' lang='grc' dir='ltr'>διοχλήσεως</span> <span class='ocrx_word' id='word_1_345' title='bbox 3320 2405 3430 2459; x_wconf 87' lang='grc' dir='ltr'><strong>τῶν</strong></span> <span class='ocrx_word' id='word_1_346' title='bbox 3451 2405 3731 2477; x_wconf 82' lang='grc' dir='ltr'>ἀνθρώπων</span> 
     </span>
    </p>
   </div>
   <div class='ocr_carea' id='block_1_50' title="bbox 2164 2493 3735 2570">
    <p class='ocr_par' dir='ltr' id='par_1_50' title="bbox 2164 2493 3735 2570">
     <span class='ocr_line' id='line_1_50' title="bbox 2164 2493 3735 2570; baseline 0.004 -24"><span class='ocrx_word' id='word_1_347' title='bbox 2164 2493 2598 2565; x_wconf 78' lang='grc' dir='ltr'>ἀπηλλαγμένοι,</span> <span class='ocrx_word' id='word_1_348' title='bbox 2622 2496 2719 2551; x_wconf 76' lang='grc' dir='ltr'>καὶ</span> <span class='ocrx_word' id='word_1_349' title='bbox 2755 2495 2931 2567; x_wconf 80' lang='grc' dir='ltr'>ψυχὴν</span> <span class='ocrx_word' id='word_1_350' title='bbox 2962 2498 3058 2550; x_wconf 79' lang='grc' dir='ltr'>καὶ</span> <span class='ocrx_word' id='word_1_351' title='bbox 3100 2496 3359 2568; x_wconf 79' lang='grc' dir='ltr'>αἴσθησιν</span> <span class='ocrx_word' id='word_1_352' title='bbox 3383 2501 3449 2570; x_wconf 81' lang='grc' dir='ltr'><strong>τῇ</strong></span> <span class='ocrx_word' id='word_1_353' title='bbox 3479 2498 3735 2553; x_wconf 76' lang='grc' dir='ltr'>διαστάσει</span> 
     </span>
    </p>
   </div>
   <div class='ocr_carea' id='block_1_51' title="bbox 2163 2586 3734 2663">
    <p class='ocr_par' dir='ltr' id='par_1_51' title="bbox 2163 2586 3734 2663">
     <span class='ocr_line' id='line_1_51' title="bbox 2163 2586 3734 2663; baseline 0.001 -23"><span class='ocrx_word' id='word_1_354' title='bbox 2163 2587 2273 2641; x_wconf 90' lang='grc' dir='ltr'><strong>τῶν</strong></span> <span class='ocrx_word' id='word_1_355' title='bbox 2311 2586 2508 2658; x_wconf 74' lang='grc' dir='ltr'>ὄχλων,</span> <span class='ocrx_word' id='word_1_356' title='bbox 2532 2587 2643 2642; x_wconf 87' lang='grc' dir='ltr'><strong>τῶν</strong></span> <span class='ocrx_word' id='word_1_357' title='bbox 2672 2589 2819 2653; x_wconf 82' lang='grc' dir='ltr'>ὅπως</span> <span class='ocrx_word' id='word_1_358' title='bbox 2852 2589 2986 2643; x_wconf 83' lang='grc' dir='ltr'>ποτὲ</span> <span class='ocrx_word' id='word_1_359' title='bbox 3016 2591 3359 2661; x_wconf 82' lang='grc' dir='ltr'>κινουμένων</span> <span class='ocrx_word' id='word_1_360' title='bbox 3384 2591 3418 2662; x_wconf 80' lang='grc' dir='ltr'><strong>ἢ</strong></span> <span class='ocrx_word' id='word_1_361' title='bbox 3447 2591 3734 2663; x_wconf 84' lang='grc' dir='ltr'>λεγομένων</span> 
     </span>
    </p>
   </div>
   <div class='ocr_carea' id='block_1_52' title="bbox 2164 2679 3733 2753">
    <p class='ocr_par' dir='ltr' id='par_1_52' title="bbox 2164 2679 3733 2753">
     <span class='ocr_line' id='line_1_52' title="bbox 2164 2679 3733 2753; baseline 0.001 -21"><span class='ocrx_word' id='word_1_362' title='bbox 2164 2679 2589 2751; x_wconf 86' lang='grc' dir='ltr'>κεκαθαρμένοι,</span> <span class='ocrx_word' id='word_1_363' title='bbox 2617 2679 2719 2751; x_wconf 83' lang='grc' dir='ltr'>τῆς</span> <span class='ocrx_word' id='word_1_364' title='bbox 2760 2680 2863 2749; x_wconf 77' lang='grc' dir='ltr'>σῆς</span> <span class='ocrx_word' id='word_1_365' title='bbox 2900 2681 3184 2753; x_wconf 86' lang='grc' dir='ltr'>ἀφράστου</span> <span class='ocrx_word' id='word_1_366' title='bbox 3232 2681 3553 2752; x_wconf 81' lang='grc' dir='ltr'>θεοφανείας</span> <span class='ocrx_word' id='word_1_367' title='bbox 3595 2680 3733 2734; x_wconf 80' lang='grc' dir='ltr'>ἀνέν-</span> 
     </span>
    </p>
   </div>
   <div class='ocr_carea' id='block_1_53' title="bbox 2161 2771 3737 2845">
    <p class='ocr_par' dir='ltr' id='par_1_53' title="bbox 2161 2771 3737 2845">
     <span class='ocr_line' id='line_1_53' title="bbox 2161 2771 3737 2845; baseline 0 -19"><span class='ocrx_word' id='word_1_368' title='bbox 2161 2772 2313 2826; x_wconf 83' lang='grc' dir='ltr'>δοτον</span> <span class='ocrx_word' id='word_1_369' title='bbox 2339 2771 2575 2826; x_wconf 78' lang='grc' dir='ltr'>ἐνταῦθα</span> <span class='ocrx_word' id='word_1_370' title='bbox 2602 2771 2702 2843; x_wconf 75' lang='grc' dir='ltr'>τὴν</span> <span class='ocrx_word' id='word_1_371' title='bbox 2727 2771 3030 2826; x_wconf 80' lang='grc' dir='ltr'>ἀπόλαυσιν</span> <span class='ocrx_word' id='word_1_372' title='bbox 3053 2773 3299 2845; x_wconf 78' lang='grc' dir='ltr'>ἔχοιμεν,</span> <span class='ocrx_word' id='word_1_373' title='bbox 3324 2774 3585 2829; x_wconf 78' lang='grc' dir='ltr'>Δέσποτα.</span> <span class='ocrx_word' id='word_1_374' title='bbox 3616 2773 3737 2827; x_wconf 83' lang='grc' dir='ltr'><strong>Τού-</strong></span> 
     </span>
    </p>
   </div>
   <div class='ocr_carea' id='block_1_54' title="bbox 2162 2862 3735 2937">
    <p class='ocr_par' dir='ltr' id='par_1_54' title="bbox 2162 2862 3735 2937">
     <span class='ocr_line' id='line_1_54' title="bbox 2162 2862 3735 2937; baseline -0.001 -20"><span class='ocrx_word' id='word_1_375' title='bbox 2162 2880 2259 2919; x_wconf 89' lang='grc' dir='ltr'><strong>του</strong></span> <span class='ocrx_word' id='word_1_376' title='bbox 2279 2863 2337 2917; x_wconf 80' lang='grc' dir='ltr'><strong>δὲ</strong></span> <span class='ocrx_word' id='word_1_377' title='bbox 2360 2864 2414 2916; x_wconf 88' lang='grc' dir='ltr'><strong>τί</strong></span> <span class='ocrx_word' id='word_1_378' title='bbox 2442 2862 2513 2918; x_wconf 82' lang='grc' dir='ltr'>ἂν</span> <span class='ocrx_word' id='word_1_379' title='bbox 2543 2862 2753 2934; x_wconf 87' lang='grc' dir='ltr'>βέλτιον</span> <span class='ocrx_word' id='word_1_380' title='bbox 2786 2862 2909 2934; x_wconf 75' lang='grc' dir='ltr'>εἴης</span> <span class='ocrx_word' id='word_1_381' title='bbox 2944 2864 2998 2918; x_wconf 87' lang='grc' dir='ltr'><strong>τί</strong></span> <span class='ocrx_word' id='word_1_382' title='bbox 3029 2864 3088 2918; x_wconf 82' lang='grc' dir='ltr'><strong>δὲ</strong></span> <span class='ocrx_word' id='word_1_383' title='bbox 3131 2864 3515 2937; x_wconf 76' lang='grc' dir='ltr'>ποθεινότερον</span> <span class='ocrx_word' id='word_1_384' title='bbox 3546 2864 3589 2934; x_wconf 71' lang='grc' dir='ltr'><strong>’ἢ</strong></span> <span class='ocrx_word' id='word_1_385' title='bbox 3620 2865 3735 2935; x_wconf 80' lang='grc' dir='ltr'>ὲρα-</span> 
     </span>
    </p>
   </div>
   <div class='ocr_carea' id='block_1_55' title="bbox 2162 2955 3739 3029">
    <p class='ocr_par' dir='ltr' id='par_1_55' title="bbox 2162 2955 3739 3029">
     <span class='ocr_line' id='line_1_55' title="bbox 2162 2955 3739 3029; baseline -0.001 -18"><span class='ocrx_word' id='word_1_386' title='bbox 2162 2956 2471 3029; x_wconf 86' lang='grc' dir='ltr'>σμιὼτερον</span> <span class='ocrx_word' id='word_1_387' title='bbox 2494 2959 2607 3021; x_wconf 78' lang='grc' dir='ltr'>τοῖς</span> <span class='ocrx_word' id='word_1_388' title='bbox 2630 2973 2690 3025; x_wconf 89' lang='grc' dir='ltr'><strong>γε</strong></span> <span class='ocrx_word' id='word_1_389' title='bbox 2715 2955 2840 3012; x_wconf 82' lang='grc' dir='ltr'>νοῦν</span> <span class='ocrx_word' id='word_1_390' title='bbox 2858 2955 3107 3027; x_wconf 78' lang='grc' dir='ltr'>έχουσιν;</span> <span class='ocrx_word' id='word_1_391' title='bbox 3136 2958 3303 3012; x_wconf 81' lang='grc' dir='ltr'>Ὥστε</span> <span class='ocrx_word' id='word_1_392' title='bbox 3316 2955 3414 3012; x_wconf 84' lang='grc' dir='ltr'>οὖν</span> <span class='ocrx_word' id='word_1_393' title='bbox 3432 2975 3451 3009; x_wconf 80' lang='grc' dir='ltr'><strong>ι</strong></span> <span class='ocrx_word' id='word_1_394' title='bbox 3475 2958 3536 3012; x_wconf 85' lang='lat' dir='ltr'><strong>El</strong></span> <span class='ocrx_word' id='word_1_395' title='bbox 3555 2957 3739 3020; x_wconf 66' lang='grc' dir='ltr'>θέλεις,</span> 
     </span>
    </p>
   </div>
   <div class='ocr_carea' id='block_1_56' title="bbox 2164 3041 3735 3121">
    <p class='ocr_par' dir='ltr' id='par_1_56' title="bbox 2164 3041 3735 3121">
     <span class='ocr_line' id='line_1_56' title="bbox 2164 3041 3735 3121; baseline -0.002 -19"><span class='ocrx_word' id='word_1_396' title='bbox 2164 3049 2363 3120; x_wconf 84' lang='grc' dir='ltr'>Κύριε,</span> <span class='ocrx_word' id='word_1_397' title='bbox 2409 3051 2738 3120; x_wconf 86' lang='grc' dir='ltr'>ποιήσωμεν</span> <span class='ocrx_word' id='word_1_398' title='bbox 2767 3041 2872 3101; x_wconf 83' lang='grc' dir='ltr'>ὧδε</span> <span class='ocrx_word' id='word_1_399' title='bbox 2915 3051 3065 3119; x_wconf 83' lang='grc' dir='ltr'>τρεῖς</span> <span class='ocrx_word' id='word_1_400' title='bbox 3108 3049 3338 3114; x_wconf 75' lang='grc' dir='ltr'>σκηνὰς,</span> <span class='ocrx_word' id='word_1_401' title='bbox 3367 3050 3454 3103; x_wconf 77' lang='grc' dir='ltr'>σοὶ</span> <span class='ocrx_word' id='word_1_402' title='bbox 3485 3050 3630 3121; x_wconf 86' lang='grc' dir='ltr'>μίαν,</span> <span class='ocrx_word' id='word_1_403' title='bbox 3654 3050 3735 3103; x_wconf 81' lang='grc' dir='ltr'><strong>καί</strong></span> 
     </span>
    </p>
   </div>
   <div class='ocr_carea' id='block_1_57' title="bbox 2156 3139 3736 3214">
    <p class='ocr_par' dir='ltr' id='par_1_57' title="bbox 2156 3139 3736 3214">
     <span class='ocr_line' id='line_1_57' title="bbox 2156 3139 3736 3214; baseline -0.002 -18"><span class='ocrx_word' id='word_1_404' title='bbox 2156 3142 2353 3196; x_wconf 84' lang='grc' dir='ltr'><strong>Μωσεῖ</strong></span> <span class='ocrx_word' id='word_1_405' title='bbox 2378 3140 2530 3211; x_wconf 76' lang='grc' dir='ltr'>μεαν,</span> <span class='ocrx_word' id='word_1_406' title='bbox 2552 3140 2646 3194; x_wconf 73' lang='grc' dir='ltr'>καὶ</span> <span class='ocrx_word' id='word_1_407' title='bbox 2683 3139 2844 3211; x_wconf 73' lang='grc' dir='ltr'>Ἠλίᾳ</span> <span class='ocrx_word' id='word_1_408' title='bbox 2879 3139 3067 3211; x_wconf 79' lang='grc' dir='ltr'>μίαν.»</span> <span class='ocrx_word' id='word_1_409' title='bbox 3094 3140 3277 3195; x_wconf 82' lang='grc' dir='ltr'>Καλὸν</span> <span class='ocrx_word' id='word_1_410' title='bbox 3308 3141 3420 3214; x_wconf 84' lang='grc' dir='ltr'><strong>γὰρ</strong></span> <span class='ocrx_word' id='word_1_411' title='bbox 3450 3143 3544 3196; x_wconf 76' lang='grc' dir='ltr'>καὶ</span> <span class='ocrx_word' id='word_1_412' title='bbox 3573 3141 3632 3195; x_wconf 83' lang='grc' dir='ltr'>τὸ</span> <span class='ocrx_word' id='word_1_413' title='bbox 3659 3156 3736 3194; x_wconf 84' lang='grc' dir='ltr'>τε-</span> 
     </span>
    </p>
   </div>
   <div class='ocr_carea' id='block_1_58' title="bbox 460 3231 2053 3318">
    <p class='ocr_par' dir='ltr' id='par_1_58' title="bbox 460 3232 2051 3308">
     <span class='ocr_line' id='line_1_58' title="bbox 460 3232 2051 3308; baseline 0.001 -16"><span class='ocrx_word' id='word_1_414' title='bbox 460 3251 633 3292; x_wconf 87' lang='lat' dir='ltr'><strong>unum</strong></span> <span class='ocrx_word' id='word_1_415' title='bbox 660 3247 706 3291; x_wconf 72' lang='grc' dir='ltr'>ε.</span> <span class='ocrx_word' id='word_1_416' title='bbox 732 3254 751 3285; x_wconf 75' lang='grc' dir='ltr'><strong>ι</strong></span> <span class='ocrx_word' id='word_1_417' title='bbox 789 3234 1022 3292; x_wconf 78' lang='lat' dir='ltr'><strong>Prtestat</strong></span> <span class='ocrx_word' id='word_1_418' title='bbox 1050 3235 1199 3290; x_wconf 89' lang='lat' dir='ltr'><strong>enim</strong></span> <span class='ocrx_word' id='word_1_419' title='bbox 1232 3244 1293 3291; x_wconf 88' lang='lat' dir='ltr'><strong>ut</strong></span> <span class='ocrx_word' id='word_1_420' title='bbox 1330 3245 1387 3292; x_wconf 91' lang='lat' dir='ltr'><strong>et</strong></span> <span class='ocrx_word' id='word_1_421' title='bbox 1416 3232 1635 3293; x_wconf 81' lang='lat' dir='ltr'><strong>mortua</strong></span> <span class='ocrx_word' id='word_1_422' title='bbox 1676 3238 1815 3308; x_wconf 78' lang='lat' dir='ltr'><strong>legis</strong></span> <span class='ocrx_word' id='word_1_423' title='bbox 1845 3239 2051 3305; x_wconf 86' lang='lat' dir='ltr'><strong>littera,</strong></span> 
     </span>
    </p>
   </div>
   <div class='ocr_carea' id='block_1_59' title="bbox 2161 3231 3737 3318">
    <p class='ocr_par' dir='ltr' id='par_1_59' title="bbox 2163 3231 3737 3303">
     <span class='ocr_line' id='line_1_59' title="bbox 2163 3231 3737 3303; baseline 0.001 -18"><span class='ocrx_word' id='word_1_424' title='bbox 2163 3231 2434 3302; x_wconf 79' lang='grc' dir='ltr'>λευτῆσαν</span> <span class='ocrx_word' id='word_1_425' title='bbox 2460 3233 2698 3303; x_wconf 80' lang='grc' dir='ltr'>γράμμα</span> <span class='ocrx_word' id='word_1_426' title='bbox 2720 3231 2816 3285; x_wconf 86' lang='grc' dir='ltr'><strong>τοῦ</strong></span> <span class='ocrx_word' id='word_1_427' title='bbox 2852 3232 3042 3301; x_wconf 78' lang='grc' dir='ltr'>νόμου,</span> <span class='ocrx_word' id='word_1_428' title='bbox 3076 3231 3105 3285; x_wconf 81' lang='grc' dir='ltr'>δ</span> <span class='ocrx_word' id='word_1_429' title='bbox 3141 3231 3233 3287; x_wconf 86' lang='grc' dir='ltr'>διά</span> <span class='ocrx_word' id='word_1_430' title='bbox 3258 3233 3355 3288; x_wconf 89' lang='grc' dir='ltr'><strong>τοῦ</strong></span> <span class='ocrx_word' id='word_1_431' title='bbox 3390 3233 3632 3296; x_wconf 81' lang='grc' dir='ltr'>Μωσέως</span> <span class='ocrx_word' id='word_1_432' title='bbox 3651 3248 3737 3299; x_wconf 81' lang='grc' dir='ltr'>ση-</span> 
     </span>
    </p>
   </div>
   <div class='ocr_carea' id='block_1_60' title="bbox 461 3323 2053 3399">
    <p class='ocr_par' dir='ltr' id='par_1_60' title="bbox 461 3327 2053 3399">
     <span class='ocr_line' id='line_1_60' title="bbox 461 3327 2053 3399; baseline 0.001 -15"><span class='ocrx_word' id='word_1_433' title='bbox 461 3344 585 3398; x_wconf 69' lang='lat' dir='ltr'><strong>qute</strong></span> <span class='ocrx_word' id='word_1_434' title='bbox 607 3344 703 3399; x_wconf 89' lang='lat' dir='ltr'><strong>per</strong></span> <span class='ocrx_word' id='word_1_435' title='bbox 729 3328 938 3384; x_wconf 81' lang='lat' dir='ltr'><strong>Mosem</strong></span> <span class='ocrx_word' id='word_1_436' title='bbox 968 3327 1320 3399; x_wconf 78' lang='lat' dir='ltr'><strong>designatur,</strong></span> <span class='ocrx_word' id='word_1_437' title='bbox 1365 3338 1535 3399; x_wconf 87' lang='lat' dir='ltr'><strong>atque</strong></span> <span class='ocrx_word' id='word_1_438' title='bbox 1571 3329 1694 3384; x_wconf 88' lang='lat' dir='ltr'><strong>viva</strong></span> <span class='ocrx_word' id='word_1_439' title='bbox 1728 3330 1814 3384; x_wconf 73' lang='lat' dir='ltr'><strong>lex</strong></span> <span class='ocrx_word' id='word_1_440' title='bbox 1846 3338 2053 3386; x_wconf 72' lang='lat' dir='ltr'><strong>natura:</strong></span> 
     </span>
    </p>
   </div>
   <div class='ocr_carea' id='block_1_61' title="bbox 2161 3323 3738 3399">
    <p class='ocr_par' dir='ltr' id='par_1_61' title="bbox 2167 3323 3738 3397">
     <span class='ocr_line' id='line_1_61' title="bbox 2167 3323 3738 3397; baseline -0.001 -18"><span class='ocrx_word' id='word_1_441' title='bbox 2167 3324 2446 3396; x_wconf 71' lang='grc' dir='ltr'>μαίνεται*</span> <span class='ocrx_word' id='word_1_442' title='bbox 2477 3326 2688 3379; x_wconf 74' lang='grc' dir='ltr'>καὶτὸν</span> <span class='ocrx_word' id='word_1_443' title='bbox 2712 3323 2892 3390; x_wconf 78' lang='grc' dir='ltr'>ζῶντα</span> <span class='ocrx_word' id='word_1_444' title='bbox 2921 3328 3087 3397; x_wconf 86' lang='grc' dir='ltr'>νόμον</span> <span class='ocrx_word' id='word_1_445' title='bbox 3126 3326 3229 3397; x_wconf 81' lang='grc' dir='ltr'>τῆς</span> <span class='ocrx_word' id='word_1_446' title='bbox 3258 3325 3502 3397; x_wconf 72' lang='grc' dir='ltr'>φύσεως,</span> <span class='ocrx_word' id='word_1_447' title='bbox 3548 3325 3637 3379; x_wconf 79' lang='grc' dir='ltr'>τὸν</span> <span class='ocrx_word' id='word_1_448' title='bbox 3660 3324 3738 3378; x_wconf 74' lang='grc' dir='ltr'><strong>διὰ</strong></span> 
     </span>
    </p>
   </div>
   <div class='ocr_carea' id='block_1_62' title="bbox 459 3420 2052 3493">
    <p class='ocr_par' dir='ltr' id='par_1_62' title="bbox 459 3420 2052 3493">
     <span class='ocr_line' id='line_1_62' title="bbox 459 3420 2052 3493; baseline -0.001 -15"><span class='ocrx_word' id='word_1_449' title='bbox 459 3437 624 3492; x_wconf 82' lang='lat' dir='ltr'><strong>quam</strong></span> <span class='ocrx_word' id='word_1_450' title='bbox 691 3423 884 3479; x_wconf 81' lang='lat' dir='ltr'><strong>vivens</strong></span> <span class='ocrx_word' id='word_1_451' title='bbox 912 3421 1184 3493; x_wconf 84' lang='lat' dir='ltr'><strong>propheta</strong></span> <span class='ocrx_word' id='word_1_452' title='bbox 1211 3420 1510 3493; x_wconf 78' lang='lat' dir='ltr'><strong>signiﬁcat,</strong></span> <span class='ocrx_word' id='word_1_453' title='bbox 1537 3421 1626 3478; x_wconf 90' lang='lat' dir='ltr'><strong>hic</strong></span> <span class='ocrx_word' id='word_1_454' title='bbox 1654 3432 1832 3478; x_wconf 84' lang='lat' dir='ltr'><strong>tecum</strong></span> <span class='ocrx_word' id='word_1_455' title='bbox 1866 3424 2052 3480; x_wconf 81' lang='lat' dir='ltr'><strong>sedem</strong></span> 
     </span>
    </p>
   </div>
   <div class='ocr_carea' id='block_1_63' title="bbox 460 3514 2050 3588">
    <p class='ocr_par' dir='ltr' id='par_1_63' title="bbox 460 3514 2050 3588">
     <span class='ocr_line' id='line_1_63' title="bbox 460 3514 2050 3588; baseline 0.001 -18"><span class='ocrx_word' id='word_1_456' title='bbox 460 3518 720 3584; x_wconf 77' lang='lat' dir='ltr'><strong>habeant,</strong></span> <span class='ocrx_word' id='word_1_457' title='bbox 771 3518 861 3588; x_wconf 82' lang='lat' dir='ltr'><strong>qui</strong></span> <span class='ocrx_word' id='word_1_458' title='bbox 895 3515 1141 3572; x_wconf 78' lang='lat' dir='ltr'><strong>Verbum</strong></span> <span class='ocrx_word' id='word_1_459' title='bbox 1171 3530 1234 3572; x_wconf 84' lang='lat' dir='ltr'><strong>es</strong></span> <span class='ocrx_word' id='word_1_460' title='bbox 1259 3514 1466 3570; x_wconf 86' lang='lat' dir='ltr'><strong>factum</strong></span> <span class='ocrx_word' id='word_1_461' title='bbox 1514 3514 1698 3580; x_wconf 90' lang='lat' dir='ltr'><strong>homo,</strong></span> <span class='ocrx_word' id='word_1_462' title='bbox 1725 3522 1780 3571; x_wconf 92' lang='lat' dir='ltr'><strong>et</strong></span> <span class='ocrx_word' id='word_1_463' title='bbox 1809 3517 1955 3587; x_wconf 86' lang='lat' dir='ltr'><strong>quod</strong></span> <span class='ocrx_word' id='word_1_464' title='bbox 1992 3517 2050 3587; x_wconf 74' lang='lat' dir='ltr'><strong>in</strong></span> 
     </span>
    </p>
   </div>
   <div class='ocr_carea' id='block_1_64' title="bbox 460 3606 2050 3679">
    <p class='ocr_par' dir='ltr' id='par_1_64' title="bbox 460 3606 2050 3679">
     <span class='ocr_line' id='line_1_64' title="bbox 460 3606 2050 3679; baseline 0.001 -16"><span class='ocrx_word' id='word_1_465' title='bbox 460 3610 784 3666; x_wconf 88' lang='lat' dir='ltr'><strong>hominibus</strong></span> <span class='ocrx_word' id='word_1_466' title='bbox 816 3609 1083 3665; x_wconf 75' lang='lat' dir='ltr'><strong>habitavit</strong></span> <span class='ocrx_word' id='word_1_467' title='bbox 1111 3607 1139 3648; x_wconf 77' lang='grc' dir='ltr'><strong>(ι</strong></span> <span class='ocrx_word' id='word_1_468' title='bbox 1171 3626 1186 3664; x_wconf 91' lang='lat'>:</span> <span class='ocrx_word' id='word_1_469' title='bbox 1219 3607 1315 3679; x_wconf 83' lang='lat' dir='ltr'><strong>qui</strong></span> <span class='ocrx_word' id='word_1_470' title='bbox 1346 3622 1477 3664; x_wconf 82' lang='lat' dir='ltr'><strong>vere</strong></span> <span class='ocrx_word' id='word_1_471' title='bbox 1499 3606 1762 3674; x_wconf 76' lang='lat' dir='ltr'><strong>refectio,</strong></span> <span class='ocrx_word' id='word_1_472' title='bbox 1812 3610 1909 3679; x_wconf 92' lang='lat' dir='ltr'><strong>qui</strong></span> <span class='ocrx_word' id='word_1_473' title='bbox 1943 3608 2050 3665; x_wconf 63' lang='lat' dir='ltr'><strong>Do.</strong></span> 
     </span>
    </p>
   </div>
   <div class='ocr_carea' id='block_1_65' title="bbox 457 3701 2046 3770">
    <p class='ocr_par' dir='ltr' id='par_1_65' title="bbox 457 3701 2046 3770">
     <span class='ocr_line' id='line_1_65' title="bbox 457 3701 2046 3770; baseline 0 -11"><span class='ocrx_word' id='word_1_474' title='bbox 457 3706 646 3761; x_wconf 88' lang='lat' dir='ltr'><strong>minus</strong></span> <span class='ocrx_word' id='word_1_475' title='bbox 694 3705 820 3759; x_wconf 64' lang='lat' dir='ltr'><strong>vita</strong></span> <span class='ocrx_word' id='word_1_476' title='bbox 851 3714 902 3760; x_wconf 91' lang='lat' dir='ltr'><strong>et</strong></span> <span class='ocrx_word' id='word_1_477' title='bbox 930 3702 1164 3764; x_wconf 86' lang='lat' dir='ltr'><strong>mortis,</strong></span> <span class='ocrx_word' id='word_1_478' title='bbox 1209 3702 1301 3758; x_wconf 89' lang='lat' dir='ltr'><strong>cui</strong></span> <span class='ocrx_word' id='word_1_479' title='bbox 1353 3701 1553 3768; x_wconf 81' lang='lat' dir='ltr'><strong>vivunt</strong></span> <span class='ocrx_word' id='word_1_480' title='bbox 1596 3702 1773 3757; x_wconf 87' lang='lat' dir='ltr'><strong>sancti</strong></span> <span class='ocrx_word' id='word_1_481' title='bbox 1835 3716 2046 3770; x_wconf 91' lang='lat' dir='ltr'><strong>omnes,</strong></span> 
     </span>
    </p>
   </div>
   <div class='ocr_carea' id='block_1_66' title="bbox 457 3794 2049 3868">
    <p class='ocr_par' dir='ltr' id='par_1_66' title="bbox 457 3794 2049 3868">
     <span class='ocr_line' id='line_1_66' title="bbox 457 3794 2049 3868; baseline 0.001 -19"><span class='ocrx_word' id='word_1_482' title='bbox 457 3812 774 3868; x_wconf 84' lang='lat' dir='ltr'><strong>quanquam</strong></span> <span class='ocrx_word' id='word_1_483' title='bbox 796 3795 1069 3866; x_wconf 81' lang='lat' dir='ltr'><strong>partibus,</strong></span> <span class='ocrx_word' id='word_1_484' title='bbox 1093 3794 1297 3866; x_wconf 87' lang='lat' dir='ltr'><strong>quibus</strong></span> <span class='ocrx_word' id='word_1_485' title='bbox 1361 3794 1602 3850; x_wconf 88' lang='lat' dir='ltr'><strong>humana</strong></span> <span class='ocrx_word' id='word_1_486' title='bbox 1646 3795 1958 3866; x_wconf 90' lang='lat' dir='ltr'><strong>completur</strong></span> <span class='ocrx_word' id='word_1_487' title='bbox 1984 3810 2049 3851; x_wconf 89' lang='lat' dir='ltr'><strong>ac</strong></span> 
     </span>
    </p>
   </div>
   <div class='ocr_carea' id='block_1_67' title="bbox 458 3885 2047 3953">
    <p class='ocr_par' dir='ltr' id='par_1_67' title="bbox 458 3885 2047 3953">
     <span class='ocr_line' id='line_1_67' title="bbox 458 3885 2047 3953; baseline 0 -11"><span class='ocrx_word' id='word_1_488' title='bbox 458 3889 823 3945; x_wconf 59' lang='lat' dir='ltr'><strong>constituitur</strong></span> <span class='ocrx_word' id='word_1_489' title='bbox 850 3888 1096 3953; x_wconf 89' lang='lat' dir='ltr'><strong>coalitio,</strong></span> <span class='ocrx_word' id='word_1_490' title='bbox 1138 3894 1392 3942; x_wconf 88' lang='lat' dir='ltr'><strong>mutuum</strong></span> <span class='ocrx_word' id='word_1_491' title='bbox 1423 3885 1708 3951; x_wconf 90' lang='lat' dir='ltr'><strong>discretis,</strong></span> <span class='ocrx_word' id='word_1_492' title='bbox 1737 3887 2047 3942; x_wconf 88' lang='lat' dir='ltr'><strong>naturalem</strong></span> 
     </span>
    </p>
   </div>
   <div class='ocr_carea' id='block_1_68' title="bbox 458 3977 2051 4049">
    <p class='ocr_par' dir='ltr' id='par_1_68' title="bbox 458 3977 2051 4049">
     <span class='ocr_line' id='line_1_68' title="bbox 458 3977 2051 4049; baseline 0.001 -18"><span class='ocrx_word' id='word_1_493' title='bbox 458 3982 697 4037; x_wconf 79' lang='lat' dir='ltr'><strong>obierint</strong></span> <span class='ocrx_word' id='word_1_494' title='bbox 715 3988 950 4036; x_wconf 78' lang='lat' dir='ltr'><strong>mortem</strong></span> <span class='ocrx_word' id='word_1_495' title='bbox 985 3998 1000 4034; x_wconf 91' lang='lat'>:</span> <span class='ocrx_word' id='word_1_496' title='bbox 1031 3978 1125 4049; x_wconf 91' lang='lat' dir='ltr'><strong>qui</strong></span> <span class='ocrx_word' id='word_1_497' title='bbox 1154 3978 1270 4032; x_wconf 84' lang='lat' dir='ltr'><strong>Rex</strong></span> <span class='ocrx_word' id='word_1_498' title='bbox 1296 3994 1364 4034; x_wconf 86' lang='lat' dir='ltr'><strong>es</strong></span> <span class='ocrx_word' id='word_1_499' title='bbox 1383 3977 1795 4042; x_wconf 84' lang='lat' dir='ltr'><strong>universorum,</strong></span> <span class='ocrx_word' id='word_1_500' title='bbox 1815 3979 2051 4032; x_wconf 88' lang='lat' dir='ltr'><strong>-omnia-</strong></span> 
     </span>
    </p>
   </div>
   <div class='ocr_carea' id='block_1_69' title="bbox 457 4070 2048 4145">
    <p class='ocr_par' dir='ltr' id='par_1_69' title="bbox 457 4070 2048 4145">
     <span class='ocr_line' id='line_1_69' title="bbox 457 4070 2048 4145; baseline -0.003 -15"><span class='ocrx_word' id='word_1_501' title='bbox 457 4091 565 4145; x_wconf 82' lang='lat' dir='ltr'><strong>que</strong></span> <span class='ocrx_word' id='word_1_502' title='bbox 612 4072 884 4137; x_wconf 79' lang='lat' dir='ltr'><strong>contines,</strong></span> <span class='ocrx_word' id='word_1_503' title='bbox 912 4079 971 4129; x_wconf 89' lang='lat' dir='ltr'><strong>et</strong></span> <span class='ocrx_word' id='word_1_504' title='bbox 1001 4071 1195 4129; x_wconf 84' lang='lat' dir='ltr'><strong>ellicis.</strong></span> <span class='ocrx_word' id='word_1_505' title='bbox 1239 4071 1309 4128; x_wconf 89' lang='lat' dir='ltr'><strong>Ut</strong></span> <span class='ocrx_word' id='word_1_506' title='bbox 1333 4080 1389 4128; x_wconf 90' lang='lat' dir='ltr'><strong>et</strong></span> <span class='ocrx_word' id='word_1_507' title='bbox 1450 4070 1563 4142; x_wconf 87' lang='lat' dir='ltr'><strong>ipsi</strong></span> <span class='ocrx_word' id='word_1_508' title='bbox 1619 4071 1905 4128; x_wconf 86' lang='lat' dir='ltr'><strong>inaccesso</strong></span> <span class='ocrx_word' id='word_1_509' title='bbox 1952 4080 2048 4126; x_wconf 84' lang='lat' dir='ltr'><strong>tuo</strong></span> 
     </span>
    </p>
   </div>
   <div class='ocr_carea' id='block_1_70' title="bbox 455 4161 2046 4233">
    <p class='ocr_par' dir='ltr' id='par_1_70' title="bbox 455 4161 2046 4233">
     <span class='ocr_line' id='line_1_70' title="bbox 455 4161 2046 4233; baseline -0.001 -13"><span class='ocrx_word' id='word_1_510' title='bbox 455 4168 553 4221; x_wconf 81' lang='lat' dir='ltr'><strong>illo</strong></span> <span class='ocrx_word' id='word_1_511' title='bbox 585 4166 710 4223; x_wconf 84' lang='lat' dir='ltr'><strong>fuso</strong></span> <span class='ocrx_word' id='word_1_512' title='bbox 743 4164 955 4220; x_wconf 84' lang='lat' dir='ltr'><strong>lumine</strong></span> <span class='ocrx_word' id='word_1_513' title='bbox 982 4164 1266 4230; x_wconf 86' lang='lat' dir='ltr'><strong>illustrati,</strong></span> <span class='ocrx_word' id='word_1_514' title='bbox 1301 4174 1375 4228; x_wconf 89' lang='lat' dir='ltr'><strong>te,</strong></span> <span class='ocrx_word' id='word_1_515' title='bbox 1405 4161 1672 4231; x_wconf 79' lang='lat' dir='ltr'><strong>Verbum,</strong></span> <span class='ocrx_word' id='word_1_516' title='bbox 1699 4162 1841 4233; x_wconf 82' lang='lat' dir='ltr'><strong>quod</strong></span> <span class='ocrx_word' id='word_1_517' title='bbox 1879 4163 2046 4219; x_wconf 78' lang='lat' dir='ltr'><strong>itreis</strong></span> 
     </span>
    </p>
   </div>
   <div class='ocr_carea' id='block_1_71' title="bbox 456 4252 2047 4321">
    <p class='ocr_par' dir='ltr' id='par_1_71' title="bbox 456 4252 2047 4321">
     <span class='ocr_line' id='line_1_71' title="bbox 456 4252 2047 4321; baseline -0.002 -9"><span class='ocrx_word' id='word_1_518' title='bbox 456 4258 675 4314; x_wconf 85' lang='lat' dir='ltr'><strong>habites</strong></span> <span class='ocrx_word' id='word_1_519' title='bbox 694 4264 753 4315; x_wconf 89' lang='lat' dir='ltr'><strong>et</strong></span> <span class='ocrx_word' id='word_1_520' title='bbox 781 4255 1118 4320; x_wconf 77' lang='lat' dir='ltr'><strong>inambules&#39;,</strong></span> <span class='ocrx_word' id='word_1_521' title='bbox 1177 4254 1384 4310; x_wconf 87' lang='lat' dir='ltr'><strong>mundo</strong></span> <span class='ocrx_word' id='word_1_522' title='bbox 1448 4252 1655 4308; x_wconf 82' lang='lat' dir='ltr'><strong>faciant</strong></span> <span class='ocrx_word' id='word_1_523' title='bbox 1707 4264 1916 4321; x_wconf 86' lang='lat' dir='ltr'><strong>notum,</strong></span> <span class='ocrx_word' id='word_1_524' title='bbox 1946 4268 2047 4309; x_wconf 84' lang='lat' dir='ltr'><strong>sua</strong></span> 
     </span>
    </p>
   </div>
   <div class='ocr_carea' id='block_1_72' title="bbox 456 4344 2048 4419">
    <p class='ocr_par' dir='ltr' id='par_1_72' title="bbox 456 4344 2048 4419">
     <span class='ocr_line' id='line_1_72' title="bbox 456 4344 2048 4419; baseline -0.001 -16"><span class='ocrx_word' id='word_1_525' title='bbox 456 4351 700 4418; x_wconf 86' lang='lat' dir='ltr'><strong>ipsorum</strong></span> <span class='ocrx_word' id='word_1_526' title='bbox 760 4346 935 4419; x_wconf 81' lang='lat' dir='ltr'><strong>priori</strong></span> <span class='ocrx_word' id='word_1_527' title='bbox 981 4345 1091 4399; x_wconf 89' lang='lat' dir='ltr'><strong>vita</strong></span> <span class='ocrx_word' id='word_1_528' title='bbox 1117 4344 1391 4415; x_wconf 85' lang='lat' dir='ltr'><strong>deposita,</strong></span> <span class='ocrx_word' id='word_1_529' title='bbox 1420 4354 1514 4400; x_wconf 92' lang='lat' dir='ltr'><strong>tua</strong></span> <span class='ocrx_word' id='word_1_530' title='bbox 1554 4351 1738 4400; x_wconf 90' lang='lat' dir='ltr'><strong>autem</strong></span> <span class='ocrx_word' id='word_1_531' title='bbox 1773 4344 1892 4400; x_wconf 93' lang='lat' dir='ltr'><strong>sola</strong></span> <span class='ocrx_word' id='word_1_532' title='bbox 1922 4359 2048 4414; x_wconf 74' lang='lat' dir='ltr'><strong>gra-</strong></span> 
     </span>
    </p>
   </div>
   <div class='ocr_carea' id='block_1_73' title="bbox 454 4435 2045 4508">
    <p class='ocr_par' dir='ltr' id='par_1_73' title="bbox 454 4435 2045 4508">
     <span class='ocr_line' id='line_1_73' title="bbox 454 4435 2045 4508; baseline -0.003 -14"><span class='ocrx_word' id='word_1_533' title='bbox 454 4442 532 4494; x_wconf 85' lang='lat' dir='ltr'><strong>tia</strong></span> <span class='ocrx_word' id='word_1_534' title='bbox 592 4440 709 4503; x_wconf 84' lang='lat' dir='ltr'><strong>illa.</strong></span> <span class='ocrx_word' id='word_1_535' title='bbox 741 4438 796 4493; x_wconf 92' lang='lat' dir='ltr'><strong>in</strong></span> <span class='ocrx_word' id='word_1_536' title='bbox 833 4445 928 4493; x_wconf 80' lang='lat' dir='ltr'><strong>tuo</strong></span> <span class='ocrx_word' id='word_1_537' title='bbox 951 4436 1132 4508; x_wconf 84' lang='lat' dir='ltr'><strong>posita</strong></span> <span class='ocrx_word' id='word_1_538' title='bbox 1159 4435 1375 4505; x_wconf 85' lang='lat' dir='ltr'><strong>Spiritu</strong></span> <span class='ocrx_word' id='word_1_539' title='bbox 1393 4435 1693 4505; x_wconf 81' lang='lat' dir='ltr'><strong>divinaque</strong></span> <span class='ocrx_word' id='word_1_540' title='bbox 1722 4435 1858 4507; x_wconf 68' lang='lat' dir='ltr'><strong>igni,</strong></span> <span class='ocrx_word' id='word_1_541' title='bbox 1884 4435 2045 4505; x_wconf 80' lang='lat' dir='ltr'><strong>juxta</strong></span> 
     </span>
    </p>
   </div>
   <div class='ocr_carea' id='block_1_74' title="bbox 455 4525 2042 4602">
    <p class='ocr_par' dir='ltr' id='par_1_74' title="bbox 455 4525 2042 4602">
     <span class='ocr_line' id='line_1_74' title="bbox 455 4525 2042 4602; baseline -0.004 -16"><span class='ocrx_word' id='word_1_542' title='bbox 455 4531 605 4602; x_wconf 86' lang='lat' dir='ltr'><strong>quod</strong></span> <span class='ocrx_word' id='word_1_543' title='bbox 635 4529 930 4600; x_wconf 75' lang='lat' dir='ltr'><strong>Evangelia</strong></span> <span class='ocrx_word' id='word_1_544' title='bbox 956 4528 1296 4590; x_wconf 87' lang='lat' dir='ltr'><strong>decernitur,</strong></span> <span class='ocrx_word' id='word_1_545' title='bbox 1315 4526 1579 4583; x_wconf 88' lang='lat' dir='ltr'><strong>admissa.</strong></span> <span class='ocrx_word' id='word_1_546' title='bbox 1610 4525 1759 4590; x_wconf 83' lang='lat' dir='ltr'><strong>Vita,</strong></span> <span class='ocrx_word' id='word_1_547' title='bbox 1790 4527 2042 4597; x_wconf 88' lang='lat' dir='ltr'><strong>inquam,</strong></span> 
     </span>
    </p>
   </div>
   <div class='ocr_carea' id='block_1_75' title="bbox 457 4615 2043 4684">
    <p class='ocr_par' dir='ltr' id='par_1_75' title="bbox 457 4615 2043 4684">
     <span class='ocr_line' id='line_1_75' title="bbox 457 4615 2043 4684; baseline -0.004 -4"><span class='ocrx_word' id='word_1_548' title='bbox 457 4623 681 4680; x_wconf 76' lang='lat' dir='ltr'><strong>sublimi</strong></span> <span class='ocrx_word' id='word_1_549' title='bbox 752 4631 810 4678; x_wconf 89' lang='lat' dir='ltr'><strong>et</strong></span> <span class='ocrx_word' id='word_1_550' title='bbox 862 4621 1040 4675; x_wconf 88' lang='lat' dir='ltr'><strong>aliena</strong></span> <span class='ocrx_word' id='word_1_551' title='bbox 1106 4634 1137 4674; x_wconf 90' lang='lat' dir='ltr'><strong>a</strong></span> <span class='ocrx_word' id='word_1_552' title='bbox 1204 4618 1471 4684; x_wconf 85' lang='lat' dir='ltr'><strong>materia,</strong></span> <span class='ocrx_word' id='word_1_553' title='bbox 1518 4618 1635 4673; x_wconf 87' lang='lat' dir='ltr'><strong>vita</strong></span> <span class='ocrx_word' id='word_1_554' title='bbox 1674 4615 1996 4681; x_wconf 79' lang='lat' dir='ltr'><strong>,immortali</strong></span> <span class='ocrx_word' id='word_1_555' title='bbox 2027 4658 2043 4684; x_wconf 87' lang='lat'><strong>,</strong></span> 
     </span>
    </p>
   </div>
   <div class='ocr_carea' id='block_1_76' title="bbox 456 4711 2051 4782">
    <p class='ocr_par' dir='ltr' id='par_1_76' title="bbox 456 4711 2051 4782">
     <span class='ocr_line' id='line_1_76' title="bbox 456 4711 2051 4782; baseline -0.002 -13"><span class='ocrx_word' id='word_1_556' title='bbox 456 4719 571 4772; x_wconf 79' lang='lat' dir='ltr'><strong>vita</strong></span> <span class='ocrx_word' id='word_1_557' title='bbox 631 4731 743 4772; x_wconf 91' lang='lat' dir='ltr'><strong>non</strong></span> <span class='ocrx_word' id='word_1_558' title='bbox 806 4720 1138 4773; x_wconf 82' lang='lat' dir='ltr'><strong>senescente</strong></span> <span class='ocrx_word' id='word_1_559' title='bbox 1190 4723 1284 4767; x_wconf 89' lang='lat' dir='ltr'><strong>aut</strong></span> <span class='ocrx_word' id='word_1_560' title='bbox 1342 4711 1646 4768; x_wconf 79' lang='lat' dir='ltr'><strong>defectibili</strong></span> <span class='ocrx_word' id='word_1_561' title='bbox 1681 4751 1696 4775; x_wconf 91' lang='lat'><strong>,</strong></span> <span class='ocrx_word' id='word_1_562' title='bbox 1773 4711 1868 4768; x_wconf 90' lang='lat' dir='ltr'><strong>sed</strong></span> <span class='ocrx_word' id='word_1_563' title='bbox 1929 4726 2051 4782; x_wconf 71' lang='lat' dir='ltr'><strong>quae</strong></span> 
     </span>
    </p>
   </div>
   <div class='ocr_carea' id='block_1_77' title="bbox 459 4801 2054 4878">
    <p class='ocr_par' dir='ltr' id='par_1_77' title="bbox 459 4801 2054 4878">
     <span class='ocr_line' id='line_1_77' title="bbox 459 4801 2054 4878; baseline -0.003 -17"><span class='ocrx_word' id='word_1_564' title='bbox 459 4821 699 4878; x_wconf 89' lang='lat' dir='ltr'><strong>semper,</strong></span> <span class='ocrx_word' id='word_1_565' title='bbox 761 4807 992 4878; x_wconf 87' lang='lat' dir='ltr'><strong>spiritus</strong></span> <span class='ocrx_word' id='word_1_566' title='bbox 1037 4803 1250 4860; x_wconf 81' lang='lat' dir='ltr'><strong>fervore</strong></span> <span class='ocrx_word' id='word_1_567' title='bbox 1309 4801 1381 4857; x_wconf 86' lang='lat' dir='ltr'><strong>ad</strong></span> <span class='ocrx_word' id='word_1_568' title='bbox 1418 4802 1692 4873; x_wconf 87' lang='lat' dir='ltr'><strong>ampliora</strong></span> <span class='ocrx_word' id='word_1_569' title='bbox 1751 4801 2054 4857; x_wconf 87' lang='lat' dir='ltr'><strong>diviniora-</strong></span> 
     </span>
    </p>
   </div>
   <div class='ocr_carea' id='block_1_78' title="bbox 458 4896 2055 4970">
    <p class='ocr_par' dir='ltr' id='par_1_78' title="bbox 458 4896 2055 4970">
     <span class='ocr_line' id='line_1_78' title="bbox 458 4896 2055 4970; baseline -0.001 -17"><span class='ocrx_word' id='word_1_570' title='bbox 458 4917 586 4970; x_wconf 78' lang='lat' dir='ltr'><strong>que,</strong></span> <span class='ocrx_word' id='word_1_571' title='bbox 616 4918 684 4958; x_wconf 80' lang='lat' dir='ltr'><strong>ex</strong></span> <span class='ocrx_word' id='word_1_572' title='bbox 722 4899 1090 4957; x_wconf 84' lang='lat' dir='ltr'><strong>immensitate</strong></span> <span class='ocrx_word' id='word_1_573' title='bbox 1148 4896 1349 4970; x_wconf 77' lang='lat' dir='ltr'><strong>gratiae</strong></span> <span class='ocrx_word' id='word_1_574' title='bbox 1404 4904 1723 4967; x_wconf 86' lang='lat' dir='ltr'><strong>promoveat</strong></span> <span class='ocrx_word' id='word_1_575' title='bbox 1764 4903 1932 4967; x_wconf 88' lang='lat' dir='ltr'><strong>atque</strong></span> <span class='ocrx_word' id='word_1_576' title='bbox 1968 4910 2055 4951; x_wconf 87' lang='lat' dir='ltr'><strong>as-</strong></span> 
     </span>
    </p>
   </div>
   <div class='ocr_carea' id='block_1_79' title="bbox 459 5005 673 5065">
    <p class='ocr_par' dir='ltr' id='par_1_79' title="bbox 459 5005 673 5065">
     <span class='ocr_line' id='line_1_79' title="bbox 459 5005 673 5065; baseline 0.019 -16"><span class='ocrx_word' id='word_1_577' title='bbox 459 5005 673 5065; x_wconf 76' lang='lat' dir='ltr'><strong>surgat.</strong></span> 
     </span>
    </p>
   </div>
   <div class='ocr_carea' id='block_1_80' title="bbox 528 5083 2049 5158">
    <p class='ocr_par' dir='ltr' id='par_1_80' title="bbox 528 5083 2049 5158">
     <span class='ocr_line' id='line_1_80' title="bbox 528 5083 2049 5158; baseline -0.004 -14"><span class='ocrx_word' id='word_1_578' title='bbox 528 5087 637 5144; x_wconf 84' lang='lat' dir='ltr'><strong>Sed</strong></span> <span class='ocrx_word' id='word_1_579' title='bbox 660 5094 714 5143; x_wconf 88' lang='lat' dir='ltr'><strong>et</strong></span> <span class='ocrx_word' id='word_1_580' title='bbox 740 5088 886 5142; x_wconf 90' lang='lat' dir='ltr'><strong>intra</strong></span> <span class='ocrx_word' id='word_1_581' title='bbox 942 5087 1144 5143; x_wconf 91' lang='lat' dir='ltr'><strong>nubem</strong></span> <span class='ocrx_word' id='word_1_582' title='bbox 1229 5084 1619 5158; x_wconf 82' lang='lat' dir='ltr'><strong>procedamus,</strong></span> <span class='ocrx_word' id='word_1_583' title='bbox 1649 5083 2049 5153; x_wconf 84' lang='lat' dir='ltr'><strong>videamusque</strong></span> 
     </span>
    </p>
   </div>
   <div class='ocr_carea' id='block_1_81' title="bbox 460 5175 2047 5249">
    <p class='ocr_par' dir='ltr' id='par_1_81' title="bbox 460 5175 2047 5249">
     <span class='ocr_line' id='line_1_81' title="bbox 460 5175 2047 5249; baseline -0.005 -13"><span class='ocrx_word' id='word_1_584' title='bbox 460 5181 724 5249; x_wconf 85' lang='lat' dir='ltr'><strong>quidnam</strong></span> <span class='ocrx_word' id='word_1_585' title='bbox 749 5181 841 5236; x_wconf 91' lang='lat' dir='ltr'><strong>illa</strong></span> <span class='ocrx_word' id='word_1_586' title='bbox 862 5181 1013 5236; x_wconf 87' lang='lat' dir='ltr'><strong>sensi</strong></span> <span class='ocrx_word' id='word_1_587' title='bbox 1041 5180 1245 5235; x_wconf 85' lang='lat' dir='ltr'><strong>habeat</strong></span> <span class='ocrx_word' id='word_1_588' title='bbox 1270 5197 1285 5246; x_wconf 88' lang='lat'><strong>;</strong></span> <span class='ocrx_word' id='word_1_589' title='bbox 1324 5187 1385 5233; x_wconf 94' lang='lat' dir='ltr'><strong>ut</strong></span> <span class='ocrx_word' id='word_1_590' title='bbox 1408 5193 1505 5234; x_wconf 88' lang='lat' dir='ltr'><strong>eos</strong></span> <span class='ocrx_word' id='word_1_591' title='bbox 1534 5175 1629 5247; x_wconf 92' lang='lat' dir='ltr'><strong>qui</strong></span> <span class='ocrx_word' id='word_1_592' title='bbox 1668 5182 2047 5246; x_wconf 82' lang='lat' dir='ltr'><strong>apparuerunt</strong></span> 
     </span>
    </p>
   </div>
   <div class='ocr_carea' id='block_1_82' title="bbox 466 5266 2049 5343">
    <p class='ocr_par' dir='ltr' id='par_1_82' title="bbox 466 5266 2049 5343">
     <span class='ocr_line' id='line_1_82' title="bbox 466 5266 2049 5343; baseline -0.005 -14"><span class='ocrx_word' id='word_1_593' title='bbox 466 5276 522 5329; x_wconf 91' lang='lat' dir='ltr'><strong>in</strong></span> <span class='ocrx_word' id='word_1_594' title='bbox 560 5275 729 5339; x_wconf 88' lang='lat' dir='ltr'><strong>nube,</strong></span> <span class='ocrx_word' id='word_1_595' title='bbox 759 5282 815 5328; x_wconf 84' lang='lat' dir='ltr'><strong>et</strong></span> <span class='ocrx_word' id='word_1_596' title='bbox 846 5273 1310 5343; x_wconf 83' lang='lat' dir='ltr'><strong>colloquebantur</strong></span> <span class='ocrx_word' id='word_1_597' title='bbox 1364 5285 1493 5325; x_wconf 89' lang='lat' dir='ltr'><strong>eum</strong></span> <span class='ocrx_word' id='word_1_598' title='bbox 1534 5268 1691 5333; x_wconf 78' lang='lat' dir='ltr'><strong>Jesu,</strong></span> <span class='ocrx_word' id='word_1_599' title='bbox 1729 5269 1888 5339; x_wconf 80' lang='lat' dir='ltr'><strong>juxta</strong></span> <span class='ocrx_word' id='word_1_600' title='bbox 1939 5266 2049 5321; x_wconf 89' lang='lat' dir='ltr'><strong>imo</strong></span> 
     </span>
    </p>
   </div>
   <div class='ocr_carea' id='block_1_83' title="bbox 463 5358 2051 5436">
    <p class='ocr_par' dir='ltr' id='par_1_83' title="bbox 463 5358 2051 5436">
     <span class='ocr_line' id='line_1_83' title="bbox 463 5358 2051 5436; baseline -0.006 -16"><span class='ocrx_word' id='word_1_601' title='bbox 463 5369 724 5424; x_wconf 88' lang='lat' dir='ltr'><strong>latentem</strong></span> <span class='ocrx_word' id='word_1_602' title='bbox 757 5363 1027 5436; x_wconf 84' lang='lat' dir='ltr'><strong>profundo</strong></span> <span class='ocrx_word' id='word_1_603' title='bbox 1058 5361 1499 5430; x_wconf 75' lang='lat' dir='ltr'><strong>intelligentiam,</strong></span> <span class='ocrx_word' id='word_1_604' title='bbox 1530 5367 1808 5431; x_wconf 85' lang='lat' dir='ltr'><strong>quantum</strong></span> <span class='ocrx_word' id='word_1_605' title='bbox 1830 5358 2051 5413; x_wconf 89' lang='lat' dir='ltr'><strong>licuerit</strong></span> 
     </span>
    </p>
   </div>
   <div class='ocr_carea' id='block_1_84' title="bbox 458 5450 2043 5530">
    <p class='ocr_par' dir='ltr' id='par_1_84' title="bbox 458 5450 2043 5530">
     <span class='ocr_line' id='line_1_84' title="bbox 458 5450 2043 5530; baseline -0.003 -20"><span class='ocrx_word' id='word_1_606' title='bbox 458 5459 692 5530; x_wconf 75' lang='lat' dir='ltr'><strong>vestigio</strong></span> <span class='ocrx_word' id='word_1_607' title='bbox 742 5452 1111 5527; x_wconf 84' lang='lat' dir='ltr'><strong>inquirentes,</strong></span> <span class='ocrx_word' id='word_1_608' title='bbox 1171 5468 1281 5508; x_wconf 88' lang='lat' dir='ltr'><strong>non</strong></span> <span class='ocrx_word' id='word_1_609' title='bbox 1351 5454 1511 5523; x_wconf 82' lang='lat' dir='ltr'><strong>longe</strong></span> <span class='ocrx_word' id='word_1_610' title='bbox 1545 5453 1720 5508; x_wconf 92' lang='lat' dir='ltr'><strong>simus</strong></span> <span class='ocrx_word' id='word_1_611' title='bbox 1756 5450 2043 5506; x_wconf 69' lang='lat' dir='ltr'><strong>averi‘tate</strong></span> 
     </span>
    </p>
   </div>
   <div class='ocr_carea' id='block_1_85' title="bbox 459 5541 2045 5621">
    <p class='ocr_par' dir='ltr' id='par_1_85' title="bbox 459 5541 2045 5621">
     <span class='ocr_line' id='line_1_85' title="bbox 459 5541 2045 5621; baseline -0.004 -18"><span class='ocrx_word' id='word_1_612' title='bbox 459 5546 579 5605; x_wconf 87' lang='lat' dir='ltr'><strong>illis</strong></span> <span class='ocrx_word' id='word_1_613' title='bbox 605 5547 936 5621; x_wconf 81' lang='lat' dir='ltr'><strong>significata.</strong></span> <span class='ocrx_word' id='word_1_614' title='bbox 969 5546 1068 5602; x_wconf 87' lang='lat' dir='ltr'><strong>Est</strong></span> <span class='ocrx_word' id='word_1_615' title='bbox 1099 5547 1284 5615; x_wconf 87' lang='lat' dir='ltr'><strong>itaque</strong></span> <span class='ocrx_word' id='word_1_616' title='bbox 1322 5561 1445 5600; x_wconf 91' lang='lat' dir='ltr'><strong>meo</strong></span> <span class='ocrx_word' id='word_1_617' title='bbox 1482 5559 1649 5599; x_wconf 90' lang='lat' dir='ltr'><strong>sensu</strong></span> <span class='ocrx_word' id='word_1_618' title='bbox 1692 5543 1874 5599; x_wconf 86' lang='lat' dir='ltr'><strong>nubes</strong></span> <span class='ocrx_word' id='word_1_619' title='bbox 1906 5541 2045 5597; x_wconf 85' lang='lat' dir='ltr'><strong>luci-</strong></span> 
     </span>
    </p>
   </div>
   <div class='ocr_carea' id='block_1_86' title="bbox 456 5635 2040 5712">
    <p class='ocr_par' dir='ltr' id='par_1_86' title="bbox 456 5635 2040 5712">
     <span class='ocr_line' id='line_1_86' title="bbox 456 5635 2040 5712; baseline -0.005 -16"><span class='ocrx_word' id='word_1_620' title='bbox 456 5643 549 5706; x_wconf 79' lang='lat' dir='ltr'><strong>da.</strong></span> <span class='ocrx_word' id='word_1_621' title='bbox 574 5658 640 5699; x_wconf 78' lang='lat' dir='ltr'><strong>ex</strong></span> <span class='ocrx_word' id='word_1_622' title='bbox 664 5655 773 5712; x_wconf 89' lang='lat' dir='ltr'><strong>qua</strong></span> <span class='ocrx_word' id='word_1_623' title='bbox 828 5638 1079 5710; x_wconf 88' lang='lat' dir='ltr'><strong>procedit</strong></span> <span class='ocrx_word' id='word_1_624' title='bbox 1132 5652 1239 5692; x_wconf 81' lang='lat' dir='ltr'><strong>vox</strong></span> <span class='ocrx_word' id='word_1_625' title='bbox 1289 5637 1380 5691; x_wconf 87' lang='lat' dir='ltr'><strong>illa</strong></span> <span class='ocrx_word' id='word_1_626' title='bbox 1438 5644 1688 5707; x_wconf 87' lang='lat' dir='ltr'><strong>paterna,</strong></span> <span class='ocrx_word' id='word_1_627' title='bbox 1721 5635 1871 5690; x_wconf 90' lang='lat' dir='ltr'><strong>clare</strong></span> <span class='ocrx_word' id='word_1_628' title='bbox 1903 5649 2040 5703; x_wconf 75' lang='lat' dir='ltr'><strong>pra:-</strong></span> 
     </span>
    </p>
   </div>
   <div class='ocr_carea' id='block_1_87' title="bbox 457 5727 2095 5807">
    <p class='ocr_par' dir='ltr' id='par_1_87' title="bbox 457 5727 2095 5807">
     <span class='ocr_line' id='line_1_87' title="bbox 457 5727 2095 5807; baseline -0.007 -18"><span class='ocrx_word' id='word_1_629' title='bbox 457 5735 652 5790; x_wconf 73' lang='lat' dir='ltr'><strong>clicans</strong></span> <span class='ocrx_word' id='word_1_630' title='bbox 682 5733 941 5802; x_wconf 79' lang='lat' dir='ltr'><strong>quisnam</strong></span> <span class='ocrx_word' id='word_1_631' title='bbox 967 5747 1032 5786; x_wconf 86' lang='lat' dir='ltr'><strong>ac</strong></span> <span class='ocrx_word' id='word_1_632' title='bbox 1060 5728 1206 5785; x_wconf 88' lang='lat' dir='ltr'><strong>unde</strong></span> <span class='ocrx_word' id='word_1_633' title='bbox 1228 5730 1300 5784; x_wconf 89' lang='lat' dir='ltr'><strong>sit</strong></span> <span class='ocrx_word' id='word_1_634' title='bbox 1337 5730 1431 5801; x_wconf 91' lang='lat' dir='ltr'><strong>qui</strong></span> <span class='ocrx_word' id='word_1_635' title='bbox 1461 5727 1915 5796; x_wconf 80' lang='lat' dir='ltr'><strong>transfiguratur,</strong></span> <span class='ocrx_word' id='word_1_636' title='bbox 1943 5741 2045 5807; x_wconf 81' lang='lat' dir='ltr'><strong>co-</strong></span> <span class='ocrx_word' id='word_1_637' title='bbox 2088 5771 2095 5777; x_wconf 93' lang='lat'><strong>.</strong></span> 
     </span>
    </p>
   </div>
   <div class='ocr_carea' id='block_1_88' title="bbox 530 5904 1828 5976">
    <p class='ocr_par' dir='ltr' id='par_1_88' title="bbox 530 5904 1828 5976">
     <span class='ocr_line' id='line_1_88' title="bbox 530 5904 1828 5976; baseline -0.006 -7"><span class='ocrx_word' id='word_1_638' title='bbox 530 5912 559 5956; x_wconf 70' lang='grc' dir='ltr'>δ</span> <span class='ocrx_word' id='word_1_639' title='bbox 591 5911 783 5969; x_wconf 73' lang='lat' dir='ltr'><strong>Matth.</strong></span> <span class='ocrx_word' id='word_1_640' title='bbox 856 5926 990 5976; x_wconf 82' lang='lat' dir='ltr'><strong>xvu,</strong></span> <span class='ocrx_word' id='word_1_641' title='bbox 1016 5910 1067 5965; x_wconf 75' lang='grc' dir='ltr'>ι.</span> <span class='ocrx_word' id='word_1_642' title='bbox 1150 5919 1170 5946; x_wconf 73' lang='grc' dir='ltr'><strong>ε</strong></span> <span class='ocrx_word' id='word_1_643' title='bbox 1208 5908 1340 5965; x_wconf 83' lang='lat' dir='ltr'><strong>ibid.</strong></span> <span class='ocrx_word' id='word_1_644' title='bbox 1420 5906 1442 5946; x_wconf 77' lang='grc' dir='ltr'><em>δ</em></span> <span class='ocrx_word' id='word_1_645' title='bbox 1469 5905 1628 5963; x_wconf 81' lang='lat' dir='ltr'><strong>Joan.</strong></span> <span class='ocrx_word' id='word_1_646' title='bbox 1673 5921 1710 5973; x_wconf 85' lang='lat' dir='ltr'><strong>t,</strong></span> <span class='ocrx_word' id='word_1_647' title='bbox 1743 5904 1828 5961; x_wconf 72' lang='grc' dir='ltr'><strong>Η.</strong></span> 
     </span>
    </p>
   </div>
   <div class='ocr_carea' id='block_1_89' title="bbox 2160 3415 3737 3491">
    <p class='ocr_par' dir='ltr' id='par_1_89' title="bbox 2160 3415 3737 3491">
     <span class='ocr_line' id='line_1_89' title="bbox 2160 3415 3737 3491; baseline -0.001 -21"><span class='ocrx_word' id='word_1_648' title='bbox 2160 3416 2257 3471; x_wconf 90' lang='grc' dir='ltr'><strong>τοῦ</strong></span> <span class='ocrx_word' id='word_1_649' title='bbox 2286 3415 2490 3482; x_wconf 81' lang='grc' dir='ltr'>ζῶντος</span> <span class='ocrx_word' id='word_1_650' title='bbox 2527 3418 2812 3488; x_wconf 85' lang='grc' dir='ltr'>προφήτου</span> <span class='ocrx_word' id='word_1_651' title='bbox 2833 3416 3186 3489; x_wconf 82' lang='grc' dir='ltr'>δηλούμενον,</span> <span class='ocrx_word' id='word_1_652' title='bbox 3216 3419 3461 3474; x_wconf 71' lang='grc' dir='ltr'>ἐνταῦθα</span> <span class='ocrx_word' id='word_1_653' title='bbox 3492 3417 3638 3491; x_wconf 83' lang='grc' dir='ltr'>παρὰ</span> <span class='ocrx_word' id='word_1_654' title='bbox 3665 3417 3737 3470; x_wconf 74' lang='grc' dir='ltr'>σοὶ</span> 
     </span>
    </p>
   </div>
   <div class='ocr_carea' id='block_1_90' title="bbox 2162 3504 3738 3581">
    <p class='ocr_par' dir='ltr' id='par_1_90' title="bbox 2162 3504 3738 3581">
     <span class='ocr_line' id='line_1_90' title="bbox 2162 3504 3738 3581; baseline -0.002 -19"><span class='ocrx_word' id='word_1_655' title='bbox 2162 3508 2611 3579; x_wconf 82' lang='grc' dir='ltr'>κατασκηνῶσαι,</span> <span class='ocrx_word' id='word_1_656' title='bbox 2648 3510 2743 3564; x_wconf 72' lang='grc' dir='ltr'>τὸν</span> <span class='ocrx_word' id='word_1_657' title='bbox 2791 3504 3298 3580; x_wconf 80' lang='grc' dir='ltr'>ὲνανθρωπήσαντα</span> <span class='ocrx_word' id='word_1_658' title='bbox 3328 3511 3527 3581; x_wconf 82' lang='grc' dir='ltr'>Λόγον,</span> <span class='ocrx_word' id='word_1_659' title='bbox 3560 3509 3653 3565; x_wconf 85' lang='grc' dir='ltr'>καὶ</span> <span class='ocrx_word' id='word_1_660' title='bbox 3685 3509 3738 3561; x_wconf 76' lang='grc' dir='ltr'>ἐν</span> 
     </span>
    </p>
   </div>
   <div class='ocr_carea' id='block_1_91' title="bbox 2159 3598 3736 3673">
    <p class='ocr_par' dir='ltr' id='par_1_91' title="bbox 2159 3598 3736 3673">
     <span class='ocr_line' id='line_1_91' title="bbox 2159 3598 3736 3673; baseline -0.003 -19"><span class='ocrx_word' id='word_1_661' title='bbox 2159 3599 2473 3673; x_wconf 84' lang='grc' dir='ltr'>ἀνθρώποις</span> <span class='ocrx_word' id='word_1_662' title='bbox 2501 3599 2880 3672; x_wconf 84' lang='grc' dir='ltr'>σκηνώσαντα,</span> <span class='ocrx_word' id='word_1_663' title='bbox 2924 3600 3024 3673; x_wconf 84' lang='grc' dir='ltr'>τὴν</span> <span class='ocrx_word' id='word_1_664' title='bbox 3061 3601 3234 3666; x_wconf 76' lang='grc' dir='ltr'>ὅντως</span> <span class='ocrx_word' id='word_1_665' title='bbox 3269 3602 3605 3665; x_wconf 72' lang='grc' dir='ltr'>ἀνάπαυσιν,</span> <span class='ocrx_word' id='word_1_666' title='bbox 3655 3598 3736 3651; x_wconf 75' lang='grc' dir='ltr'>τὸν</span> 
     </span>
    </p>
   </div>
   <div class='ocr_carea' id='block_1_92' title="bbox 2159 3688 3735 3764">
    <p class='ocr_par' dir='ltr' id='par_1_92' title="bbox 2159 3688 3735 3764">
     <span class='ocr_line' id='line_1_92' title="bbox 2159 3688 3735 3764; baseline -0.004 -16"><span class='ocrx_word' id='word_1_667' title='bbox 2159 3693 2304 3764; x_wconf 78' lang='grc' dir='ltr'>ζωῆς</span> <span class='ocrx_word' id='word_1_668' title='bbox 2331 3694 2424 3747; x_wconf 81' lang='grc' dir='ltr'>καὶ</span> <span class='ocrx_word' id='word_1_669' title='bbox 2455 3691 2691 3747; x_wconf 81' lang='grc' dir='ltr'>θανάτου</span> <span class='ocrx_word' id='word_1_670' title='bbox 2721 3693 2949 3764; x_wconf 83' lang='grc' dir='ltr'>Κύριον,</span> <span class='ocrx_word' id='word_1_671' title='bbox 2972 3688 3019 3761; x_wconf 81' lang='grc' dir='ltr'>ᾧ</span> <span class='ocrx_word' id='word_1_672' title='bbox 3051 3693 3256 3758; x_wconf 86' lang='grc' dir='ltr'>πάντες</span> <span class='ocrx_word' id='word_1_673' title='bbox 3286 3693 3461 3757; x_wconf 73' lang='grc' dir='ltr'>ζῶσιν</span> <span class='ocrx_word' id='word_1_674' title='bbox 3485 3693 3537 3747; x_wconf 84' lang='grc' dir='ltr'>οἱ</span> <span class='ocrx_word' id='word_1_675' title='bbox 3582 3691 3735 3760; x_wconf 70' lang='grc' dir='ltr'>ἅγιοι,</span> 
     </span>
    </p>
   </div>
   <div class='ocr_carea' id='block_1_93' title="bbox 2159 3782 3737 3857">
    <p class='ocr_par' dir='ltr' id='par_1_93' title="bbox 2159 3782 3737 3857">
     <span class='ocr_line' id='line_1_93' title="bbox 2159 3782 3737 3857; baseline -0.003 -20"><span class='ocrx_word' id='word_1_676' title='bbox 2159 3783 2264 3838; x_wconf 87' lang='grc' dir='ltr'>κᾶν</span> <span class='ocrx_word' id='word_1_677' title='bbox 2286 3786 2353 3856; x_wconf 82' lang='grc' dir='ltr'>τῇ</span> <span class='ocrx_word' id='word_1_678' title='bbox 2397 3782 2668 3856; x_wconf 77' lang='grc' dir='ltr'>διακρίσει</span> <span class='ocrx_word' id='word_1_679' title='bbox 2704 3784 2815 3838; x_wconf 83' lang='grc' dir='ltr'><strong>τῶν</strong></span> <span class='ocrx_word' id='word_1_680' title='bbox 2849 3783 3072 3855; x_wconf 85' lang='grc' dir='ltr'>συμπλη</span> <span class='ocrx_word' id='word_1_681' title='bbox 3083 3783 3327 3853; x_wconf 85' lang='grc' dir='ltr'>ρούντων</span> <span class='ocrx_word' id='word_1_682' title='bbox 3354 3784 3543 3857; x_wconf 82' lang='grc' dir='ltr'>μερῶν</span> <span class='ocrx_word' id='word_1_683' title='bbox 3567 3784 3626 3836; x_wconf 79' lang='grc' dir='ltr'><strong>το</strong></span> <span class='ocrx_word' id='word_1_684' title='bbox 3653 3783 3737 3835; x_wconf 81' lang='grc' dir='ltr'>ἀν-</span> 
     </span>
    </p>
   </div>
   <div class='ocr_carea' id='block_1_94' title="bbox 2159 3875 3735 3947">
    <p class='ocr_par' dir='ltr' id='par_1_94' title="bbox 2159 3875 3735 3947">
     <span class='ocr_line' id='line_1_94' title="bbox 2159 3875 3735 3947; baseline -0.003 -17"><span class='ocrx_word' id='word_1_685' title='bbox 2159 3875 2437 3947; x_wconf 80' lang='grc' dir='ltr'>θρώπινον</span> <span class='ocrx_word' id='word_1_686' title='bbox 2460 3875 2764 3946; x_wconf 84' lang='grc' dir='ltr'>σύγκριμα,</span> <span class='ocrx_word' id='word_1_687' title='bbox 2786 3875 2877 3929; x_wconf 82' lang='grc' dir='ltr'>τὸν</span> <span class='ocrx_word' id='word_1_688' title='bbox 2905 3875 3136 3944; x_wconf 78' lang='grc' dir='ltr'>φυσικὸν</span> <span class='ocrx_word' id='word_1_689' title='bbox 3151 3876 3467 3931; x_wconf 82' lang='grc' dir='ltr'>πεπόνθασι</span> <span class='ocrx_word' id='word_1_690' title='bbox 3498 3875 3735 3931; x_wconf 86' lang='grc' dir='ltr'>θάνατον’</span> 
     </span>
    </p>
   </div>
   <div class='ocr_carea' id='block_1_95' title="bbox 2156 3965 3745 4038">
    <p class='ocr_par' dir='ltr' id='par_1_95' title="bbox 2156 3965 3745 4038">
     <span class='ocr_line' id='line_1_95' title="bbox 2156 3965 3745 4038; baseline -0.003 -18"><span class='ocrx_word' id='word_1_691' title='bbox 2156 3967 2248 4020; x_wconf 77' lang='grc' dir='ltr'>τὸν</span> <span class='ocrx_word' id='word_1_692' title='bbox 2277 3966 2515 4021; x_wconf 86' lang='grc' dir='ltr'>Βασιλέα</span> <span class='ocrx_word' id='word_1_693' title='bbox 2543 3965 2653 4020; x_wconf 83' lang='grc' dir='ltr'><strong>τῶν</strong></span> <span class='ocrx_word' id='word_1_694' title='bbox 2679 3966 2837 4032; x_wconf 86' lang='grc' dir='ltr'>ὅλων,</span> <span class='ocrx_word' id='word_1_695' title='bbox 2873 3965 2970 4020; x_wconf 76' lang='grc' dir='ltr'>καὶ</span> <span class='ocrx_word' id='word_1_696' title='bbox 2994 3968 3243 4038; x_wconf 79' lang='grc' dir='ltr'>συνοχέα,</span> <span class='ocrx_word' id='word_1_697' title='bbox 3277 3968 3378 4021; x_wconf 73' lang='grc' dir='ltr'>καὶ</span> <span class='ocrx_word' id='word_1_698' title='bbox 3408 3966 3603 4021; x_wconf 80' lang='grc' dir='ltr'>αἴτιον.</span> <span class='ocrx_word' id='word_1_699' title='bbox 3635 3965 3745 4018; x_wconf 85' lang='grc' dir='ltr'>Ἴνα-</span> 
     </span>
    </p>
   </div>
   <div class='ocr_carea' id='block_1_96' title="bbox 2159 4056 3737 4129">
    <p class='ocr_par' dir='ltr' id='par_1_96' title="bbox 2159 4056 3737 4129">
     <span class='ocr_line' id='line_1_96' title="bbox 2159 4056 3737 4129; baseline -0.002 -18"><span class='ocrx_word' id='word_1_700' title='bbox 2159 4056 2237 4127; x_wconf 82' lang='grc' dir='ltr'>τῷ</span> <span class='ocrx_word' id='word_1_701' title='bbox 2282 4058 2564 4128; x_wconf 81' lang='grc' dir='ltr'>ἀπροσίτῳ</span> <span class='ocrx_word' id='word_1_702' title='bbox 2590 4057 2688 4129; x_wconf 81' lang='grc' dir='ltr'><strong>τῆς</strong></span> <span class='ocrx_word' id='word_1_703' title='bbox 2718 4058 2818 4127; x_wconf 85' lang='grc' dir='ltr'>σῆς</span> <span class='ocrx_word' id='word_1_704' title='bbox 2858 4057 3206 4128; x_wconf 76' lang='grc' dir='ltr'>φωτοχυσίας</span> <span class='ocrx_word' id='word_1_705' title='bbox 3259 4058 3737 4129; x_wconf 81' lang='grc' dir='ltr'>καταλαμπόμενοι</span> 
     </span>
    </p>
   </div>
   <div class='ocr_carea' id='block_1_97' title="bbox 2156 4148 3739 4221">
    <p class='ocr_par' dir='ltr' id='par_1_97' title="bbox 2156 4148 3739 4221">
     <span class='ocr_line' id='line_1_97' title="bbox 2156 4148 3739 4221; baseline -0.003 -16"><span class='ocrx_word' id='word_1_706' title='bbox 2156 4151 2253 4206; x_wconf 76' lang='grc' dir='ltr'>καὶ</span> <span class='ocrx_word' id='word_1_707' title='bbox 2277 4149 2453 4215; x_wconf 75' lang='grc' dir='ltr'>αὐτοὶ,</span> <span class='ocrx_word' id='word_1_708' title='bbox 2490 4150 2550 4203; x_wconf 83' lang='grc' dir='ltr'>σὲ</span> <span class='ocrx_word' id='word_1_709' title='bbox 2569 4148 2662 4203; x_wconf 80' lang='grc' dir='ltr'>τὸν</span> <span class='ocrx_word' id='word_1_710' title='bbox 2689 4150 2748 4202; x_wconf 84' lang='grc' dir='ltr'>ὲν</span> <span class='ocrx_word' id='word_1_711' title='bbox 2777 4150 2960 4218; x_wconf 70' lang='grc' dir='ltr'>αὐτοῖς</span> <span class='ocrx_word' id='word_1_712' title='bbox 3004 4150 3422 4221; x_wconf 74' lang='grc' dir='ltr'>κατοικήσαντα</span> <span class='ocrx_word' id='word_1_713' title='bbox 3460 4150 3556 4204; x_wconf 79' lang='grc' dir='ltr'>καὶ</span> <span class='ocrx_word' id='word_1_714' title='bbox 3582 4150 3739 4220; x_wconf 81' lang='grc' dir='ltr'>ἐμπε-</span> 
     </span>
    </p>
   </div>
   <div class='ocr_carea' id='block_1_98' title="bbox 2161 4239 3732 4315">
    <p class='ocr_par' dir='ltr' id='par_1_98' title="bbox 2161 4239 3732 4315">
     <span class='ocr_line' id='line_1_98' title="bbox 2161 4239 3732 4315; baseline -0.004 -19"><span class='ocrx_word' id='word_1_715' title='bbox 2161 4244 2543 4315; x_wconf 87' lang='grc' dir='ltr'>ριπατήσαντα</span> <span class='ocrx_word' id='word_1_716' title='bbox 2571 4241 2766 4310; x_wconf 88' lang='grc' dir='ltr'>Λόγον,</span> <span class='ocrx_word' id='word_1_717' title='bbox 2800 4239 3045 4310; x_wconf 74' lang='grc' dir='ltr'>’φανερὸν</span> <span class='ocrx_word' id='word_1_718' title='bbox 3076 4240 3155 4311; x_wconf 85' lang='grc' dir='ltr'><strong>τῷ</strong></span> <span class='ocrx_word' id='word_1_719' title='bbox 3187 4241 3385 4313; x_wconf 78' lang='grc' dir='ltr'>κόσμῳ</span> <span class='ocrx_word' id='word_1_720' title='bbox 3427 4243 3732 4310; x_wconf 82' lang='grc' dir='ltr'>ποιήσωσιν·</span> 
     </span>
    </p>
   </div>
   <div class='ocr_carea' id='block_1_99' title="bbox 2155 4324 3743 4407">
    <p class='ocr_par' dir='ltr' id='par_1_99' title="bbox 2155 4324 3743 4407">
     <span class='ocr_line' id='line_1_99' title="bbox 2155 4324 3743 4407; baseline -0.008 -18"><span class='ocrx_word' id='word_1_721' title='bbox 2155 4324 2255 4407; x_wconf 72' lang='grc' dir='ltr'>τὴν</span> <span class='ocrx_word' id='word_1_722' title='bbox 2286 4333 2385 4406; x_wconf 78' lang='grc' dir='ltr'>μὲν</span> <span class='ocrx_word' id='word_1_723' title='bbox 2415 4334 2692 4405; x_wconf 78' lang='grc' dir='ltr'>προτέραν</span> <span class='ocrx_word' id='word_1_724' title='bbox 2747 4330 2955 4385; x_wconf 77' lang='grc' dir='ltr'>ἑαυτῶν</span> <span class='ocrx_word' id='word_1_725' title='bbox 2985 4330 3133 4401; x_wconf 78' lang='grc' dir='ltr'>ζωὴν</span> <span class='ocrx_word' id='word_1_726' title='bbox 3165 4331 3525 4403; x_wconf 88' lang='grc' dir='ltr'>ἀποθέμενοι,</span> <span class='ocrx_word' id='word_1_727' title='bbox 3578 4327 3743 4401; x_wconf 77' lang='grc' dir='ltr'>μόνην</span> 
     </span>
    </p>
   </div>
   <div class='ocr_carea' id='block_1_100' title="bbox 2153 4419 3736 4497">
    <p class='ocr_par' dir='ltr' id='par_1_100' title="bbox 2153 4419 3736 4497">
     <span class='ocr_line' id='line_1_100' title="bbox 2153 4419 3736 4497; baseline -0.006 -17"><span class='ocrx_word' id='word_1_728' title='bbox 2153 4426 2212 4480; x_wconf 86' lang='grc' dir='ltr'><strong>δὲ</strong></span> <span class='ocrx_word' id='word_1_729' title='bbox 2236 4426 2336 4497; x_wconf 80' lang='grc' dir='ltr'><strong>τὴν</strong></span> <span class='ocrx_word' id='word_1_730' title='bbox 2365 4425 2463 4496; x_wconf 79' lang='grc' dir='ltr'>σὴν</span> <span class='ocrx_word' id='word_1_731' title='bbox 2494 4423 2591 4496; x_wconf 85' lang='grc' dir='ltr'>τὴν</span> <span class='ocrx_word' id='word_1_732' title='bbox 2630 4422 2708 4493; x_wconf 86' lang='grc' dir='ltr'><strong>τῷ</strong></span> <span class='ocrx_word' id='word_1_733' title='bbox 2760 4421 3041 4493; x_wconf 74' lang='grc' dir='ltr'>Πνεῦματι</span> <span class='ocrx_word' id='word_1_734' title='bbox 3075 4421 3155 4492; x_wconf 78' lang='grc' dir='ltr'>τῷ</span> <span class='ocrx_word' id='word_1_735' title='bbox 3201 4421 3302 4492; x_wconf 85' lang='grc' dir='ltr'><strong>σῷ,</strong></span> <span class='ocrx_word' id='word_1_736' title='bbox 3360 4423 3458 4477; x_wconf 77' lang='grc' dir='ltr'>καὶ</span> <span class='ocrx_word' id='word_1_737' title='bbox 3494 4420 3573 4492; x_wconf 77' lang='grc' dir='ltr'>τῷ</span> <span class='ocrx_word' id='word_1_738' title='bbox 3620 4419 3736 4487; x_wconf 80' lang='grc' dir='ltr'>θείῳ</span> 
     </span>
    </p>
   </div>
   <div class='ocr_carea' id='block_1_101' title="bbox 2157 4513 3735 4589">
    <p class='ocr_par' dir='ltr' id='par_1_101' title="bbox 2157 4513 3735 4589">
     <span class='ocr_line' id='line_1_101' title="bbox 2157 4513 3735 4589; baseline -0.006 -18"><span class='ocrx_word' id='word_1_739' title='bbox 2157 4519 2292 4589; x_wconf 75' lang='grc' dir='ltr'>πυρὶ</span> <span class='ocrx_word' id='word_1_740' title='bbox 2320 4517 2726 4587; x_wconf 83' lang='grc' dir='ltr'>συνισταμένην</span> <span class='ocrx_word' id='word_1_741' title='bbox 2751 4514 2897 4569; x_wconf 79' lang='grc' dir='ltr'>κατὰ</span> <span class='ocrx_word' id='word_1_742' title='bbox 2919 4515 3017 4587; x_wconf 82' lang='grc' dir='ltr'>τὴν</span> <span class='ocrx_word' id='word_1_743' title='bbox 3044 4513 3417 4584; x_wconf 83' lang='grc' dir='ltr'>εὐαγγελικὴν</span> <span class='ocrx_word' id='word_1_744' title='bbox 3448 4513 3735 4582; x_wconf 80' lang='grc' dir='ltr'>ἀπόφασιν,</span> 
     </span>
    </p>
   </div>
   <div class='ocr_carea' id='block_1_102' title="bbox 2076 4601 3740 4678">
    <p class='ocr_par' dir='ltr' id='par_1_102' title="bbox 2076 4601 3740 4678">
     <span class='ocr_line' id='line_1_102' title="bbox 2076 4601 3740 4678; baseline -0.007 -14"><span class='ocrx_word' id='word_1_745' title='bbox 2076 4622 2124 4678; x_wconf 82' lang='lat'><strong>1)</strong></span> <span class='ocrx_word' id='word_1_746' title='bbox 2155 4608 2527 4678; x_wconf 79' lang='grc' dir='ltr'>εἰσδεξάμενοι</span> <span class='ocrx_word' id='word_1_747' title='bbox 2550 4606 2733 4678; x_wconf 85' lang='grc' dir='ltr'>χάριν,</span> <span class='ocrx_word' id='word_1_748' title='bbox 2759 4605 2857 4678; x_wconf 80' lang='grc' dir='ltr'>τὴν</span> <span class='ocrx_word' id='word_1_749' title='bbox 2892 4606 3106 4678; x_wconf 80' lang='grc' dir='ltr'>ὑψηλήν</span> <span class='ocrx_word' id='word_1_750' title='bbox 3130 4622 3191 4659; x_wconf 87' lang='grc' dir='ltr'><strong>τε</strong></span> <span class='ocrx_word' id='word_1_751' title='bbox 3212 4608 3308 4660; x_wconf 74' lang='grc' dir='ltr'>καὶ</span> <span class='ocrx_word' id='word_1_752' title='bbox 3338 4605 3528 4672; x_wconf 83' lang='grc' dir='ltr'>ἀῡλον,</span> <span class='ocrx_word' id='word_1_753' title='bbox 3558 4602 3657 4674; x_wconf 76' lang='grc' dir='ltr'><strong>τὴν</strong></span> <span class='ocrx_word' id='word_1_754' title='bbox 3682 4601 3740 4654; x_wconf 86' lang='grc' dir='ltr'>οὐ</span> 
     </span>
    </p>
   </div>
   <div class='ocr_carea' id='block_1_103' title="bbox 2153 4692 3741 4766">
    <p class='ocr_par' dir='ltr' id='par_1_103' title="bbox 2153 4692 3741 4766">
     <span class='ocr_line' id='line_1_103' title="bbox 2153 4692 3741 4766; baseline -0.008 -12"><span class='ocrx_word' id='word_1_755' title='bbox 2153 4697 2519 4760; x_wconf 83' lang='grc' dir='ltr'>τελευτῶσαν,</span> <span class='ocrx_word' id='word_1_756' title='bbox 2561 4694 2687 4749; x_wconf 79' lang='grc' dir='ltr'>οὔτε</span> <span class='ocrx_word' id='word_1_757' title='bbox 2733 4695 3015 4766; x_wconf 84' lang='grc' dir='ltr'>γηρῶσαν,</span> <span class='ocrx_word' id='word_1_758' title='bbox 3056 4695 3090 4765; x_wconf 80' lang='grc' dir='ltr'><strong>ἢ</strong></span> <span class='ocrx_word' id='word_1_759' title='bbox 3126 4695 3450 4764; x_wconf 75' lang='grc' dir='ltr'><strong>φθίνουσαν⁸</strong></span> <span class='ocrx_word' id='word_1_760' title='bbox 3498 4693 3615 4748; x_wconf 86' lang='grc' dir='ltr'>ἀλλ’</span> <span class='ocrx_word' id='word_1_761' title='bbox 3661 4692 3741 4744; x_wconf 78' lang='grc' dir='ltr'>ἀεὶ</span> 
     </span>
    </p>
   </div>
   <div class='ocr_carea' id='block_1_104' title="bbox 2151 4781 3738 4862">
    <p class='ocr_par' dir='ltr' id='par_1_104' title="bbox 2151 4781 3738 4862">
     <span class='ocr_line' id='line_1_104' title="bbox 2151 4781 3738 4862; baseline -0.007 -17"><span class='ocrx_word' id='word_1_762' title='bbox 2151 4794 2220 4862; x_wconf 75' lang='grc' dir='ltr'>τῇ</span> <span class='ocrx_word' id='word_1_763' title='bbox 2261 4790 2410 4855; x_wconf 82' lang='grc' dir='ltr'>ζέσει</span> <span class='ocrx_word' id='word_1_764' title='bbox 2439 4787 2535 4841; x_wconf 87' lang='grc' dir='ltr'><strong>τοῦ</strong></span> <span class='ocrx_word' id='word_1_765' title='bbox 2560 4787 2892 4857; x_wconf 83' lang='grc' dir='ltr'>πνεύματος,</span> <span class='ocrx_word' id='word_1_766' title='bbox 2926 4786 3022 4839; x_wconf 77' lang='grc' dir='ltr'><strong>ἐπὶ</strong></span> <span class='ocrx_word' id='word_1_767' title='bbox 3055 4786 3116 4840; x_wconf 85' lang='grc' dir='ltr'>τὸ</span> <span class='ocrx_word' id='word_1_768' title='bbox 3149 4786 3341 4858; x_wconf 79' lang='grc' dir='ltr'>μεῖζόν</span> <span class='ocrx_word' id='word_1_769' title='bbox 3373 4804 3439 4840; x_wconf 87' lang='grc' dir='ltr'><strong>τε</strong></span> <span class='ocrx_word' id='word_1_770' title='bbox 3482 4784 3580 4840; x_wconf 72' lang='grc' dir='ltr'>καὶ</span> <span class='ocrx_word' id='word_1_771' title='bbox 3610 4781 3738 4837; x_wconf 87' lang='grc' dir='ltr'>θειό-</span> 
     </span>
    </p>
   </div>
   <div class='ocr_carea' id='block_1_105' title="bbox 2151 4873 3738 4953">
    <p class='ocr_par' dir='ltr' id='par_1_105' title="bbox 2151 4873 3738 4953">
     <span class='ocr_line' id='line_1_105' title="bbox 2151 4873 3738 4953; baseline -0.01 -14"><span class='ocrx_word' id='word_1_772' title='bbox 2151 4900 2311 4952; x_wconf 81' lang='grc' dir='ltr'>τερον</span> <span class='ocrx_word' id='word_1_773' title='bbox 2360 4880 2659 4953; x_wconf 74' lang='grc' dir='ltr'>προϊοῦσαν</span> <span class='ocrx_word' id='word_1_774' title='bbox 2714 4878 2809 4933; x_wconf 58' lang='grc' dir='ltr'><strong>καὶ⁶</strong></span> <span class='ocrx_word' id='word_1_775' title='bbox 2869 4878 3206 4950; x_wconf 78' lang='grc' dir='ltr'>ὐψουμένην,</span> <span class='ocrx_word' id='word_1_776' title='bbox 3240 4879 3330 4934; x_wconf 82' lang='grc' dir='ltr'>διὰ</span> <span class='ocrx_word' id='word_1_777' title='bbox 3359 4878 3464 4949; x_wconf 81' lang='grc' dir='ltr'>τὴν</span> <span class='ocrx_word' id='word_1_778' title='bbox 3491 4873 3738 4947; x_wconf 84' lang='grc' dir='ltr'>ἀπειρίαν</span> 
     </span>
    </p>
   </div>
   <div class='ocr_carea' id='block_1_106' title="bbox 2151 4979 2523 5051">
    <p class='ocr_par' dir='ltr' id='par_1_106' title="bbox 2151 4979 2523 5051">
     <span class='ocr_line' id='line_1_106' title="bbox 2151 4979 2523 5051; baseline -0.003 -17"><span class='ocrx_word' id='word_1_779' title='bbox 2151 4979 2253 5050; x_wconf 78' lang='grc' dir='ltr'>τῆς</span> <span class='ocrx_word' id='word_1_780' title='bbox 2278 4980 2523 5051; x_wconf 77' lang='grc' dir='ltr'>χάριτος.</span> 
     </span>
    </p>
   </div>
   <div class='ocr_carea' id='block_1_107' title="bbox 2238 5054 3738 5143">
    <p class='ocr_par' dir='ltr' id='par_1_107' title="bbox 2238 5054 3738 5143">
     <span class='ocr_line' id='line_1_107' title="bbox 2238 5054 3738 5143; baseline -0.011 -15"><span class='ocrx_word' id='word_1_781' title='bbox 2238 5073 2399 5127; x_wconf 85' lang='grc' dir='ltr'>Ἀλλά</span> <span class='ocrx_word' id='word_1_782' title='bbox 2429 5075 2524 5127; x_wconf 73' lang='grc' dir='ltr'>καὶ</span> <span class='ocrx_word' id='word_1_783' title='bbox 2552 5074 2651 5143; x_wconf 77' lang='grc' dir='ltr'>τῆς</span> <span class='ocrx_word' id='word_1_784' title='bbox 2676 5070 2908 5141; x_wconf 83' lang='grc' dir='ltr'>νεφέλης</span> <span class='ocrx_word' id='word_1_785' title='bbox 2936 5066 3070 5121; x_wconf 76' lang='grc' dir='ltr'>εἵσω</span> <span class='ocrx_word' id='word_1_786' title='bbox 3088 5065 3460 5136; x_wconf 84' lang='grc' dir='ltr'>χωρήσωμεν,</span> <span class='ocrx_word' id='word_1_787' title='bbox 3490 5061 3584 5116; x_wconf 77' lang='grc' dir='ltr'>καὶ</span> <span class='ocrx_word' id='word_1_788' title='bbox 3606 5059 3683 5120; x_wconf 82' lang='grc' dir='ltr'><strong>τίς</strong></span> <span class='ocrx_word' id='word_1_789' title='bbox 3711 5054 3738 5106; x_wconf 81' lang='grc' dir='ltr'><strong>ό</strong></span> 
     </span>
    </p>
   </div>
   <div class='ocr_carea' id='block_1_108' title="bbox 2151 5148 3734 5241">
    <p class='ocr_par' dir='ltr' id='par_1_108' title="bbox 2151 5148 3734 5241">
     <span class='ocr_line' id='line_1_108' title="bbox 2151 5148 3734 5241; baseline -0.015 -19"><span class='ocrx_word' id='word_1_790' title='bbox 2151 5168 2253 5239; x_wconf 75' lang='grc' dir='ltr'>τῆς</span> <span class='ocrx_word' id='word_1_791' title='bbox 2274 5168 2515 5241; x_wconf 78' lang='grc' dir='ltr'>νεφέλης</span> <span class='ocrx_word' id='word_1_792' title='bbox 2530 5166 2691 5234; x_wconf 81' lang='grc' dir='ltr'>λόγος</span> <span class='ocrx_word' id='word_1_793' title='bbox 2720 5163 3110 5234; x_wconf 84' lang='grc' dir='ltr'>σκοπήσωμεν·</span> <span class='ocrx_word' id='word_1_794' title='bbox 3144 5158 3232 5212; x_wconf 75' lang='grc' dir='ltr'>ἵνα</span> <span class='ocrx_word' id='word_1_795' title='bbox 3263 5155 3360 5210; x_wconf 73' lang='grc' dir='ltr'>καὶ</span> <span class='ocrx_word' id='word_1_796' title='bbox 3392 5155 3520 5218; x_wconf 82' lang='grc' dir='ltr'>τοὺς</span> <span class='ocrx_word' id='word_1_797' title='bbox 3549 5148 3734 5241; x_wconf 50' lang='lat' dir='ltr'><strong>deos“):</strong></span> 
     </span>
    </p>
   </div>
   <div class='ocr_carea' id='block_1_109' title="bbox 2150 5234 3737 5339">
    <p class='ocr_par' dir='ltr' id='par_1_109' title="bbox 2150 5234 3737 5339">
     <span class='ocr_line' id='line_1_109' title="bbox 2150 5234 3737 5339; baseline -0.015 -24"><span class='ocrx_word' id='word_1_798' title='bbox 2150 5234 2253 5326; x_wconf 78' lang='grc' dir='ltr'><strong>τας</strong></span> <span class='ocrx_word' id='word_1_799' title='bbox 2278 5234 2427 5331; x_wconf 39' lang='grc' dir='ltr'><strong>ὲν-τῇ</strong></span> <span class='ocrx_word' id='word_1_800' title='bbox 2460 5234 2661 5330; x_wconf 75' lang='grc' dir='ltr'>νεφέλῃ</span> <span class='ocrx_word' id='word_1_801' title='bbox 2699 5258 2793 5312; x_wconf 55' lang='grc' dir='ltr'><strong>καὶ¹</strong></span> <span class='ocrx_word' id='word_1_802' title='bbox 2823 5250 3220 5313; x_wconf 80' lang='grc' dir='ltr'>συλλαλοῦντας</span> <span class='ocrx_word' id='word_1_803' title='bbox 3258 5248 3336 5318; x_wconf 83' lang='grc' dir='ltr'>τῷ</span> <span class='ocrx_word' id='word_1_804' title='bbox 3379 5242 3561 5339; x_wconf 79' lang='grc' dir='ltr'>Ἰησοῦ</span> <span class='ocrx_word' id='word_1_805' title='bbox 3605 5234 3737 5339; x_wconf 75' lang='grc' dir='ltr'><strong>κατά</strong></span> 
     </span>
    </p>
   </div>
   <div class='ocr_carea' id='block_1_110' title="bbox 2151 5336 3739 5423">
    <p class='ocr_par' dir='ltr' id='par_1_110' title="bbox 2151 5336 3739 5423">
     <span class='ocr_line' id='line_1_110' title="bbox 2151 5336 3739 5423; baseline -0.016 -15"><span class='ocrx_word' id='word_1_806' title='bbox 2151 5353 2242 5407; x_wconf 75' lang='grc' dir='ltr'><strong>τὸν</strong></span> <span class='ocrx_word' id='word_1_807' title='bbox 2264 5355 2322 5405; x_wconf 81' lang='grc' dir='ltr'>ὲν</span> <span class='ocrx_word' id='word_1_808' title='bbox 2354 5350 2510 5423; x_wconf 85' lang='grc' dir='ltr'>βάθει</span> <span class='ocrx_word' id='word_1_809' title='bbox 2540 5347 2923 5423; x_wconf 83' lang='grc' dir='ltr'>κρυπτόμενον</span> <span class='ocrx_word' id='word_1_810' title='bbox 2939 5342 3091 5408; x_wconf 80' lang='grc' dir='ltr'>νοῦν,</span> <span class='ocrx_word' id='word_1_811' title='bbox 3126 5343 3227 5411; x_wconf 83' lang='grc' dir='ltr'>ὅση</span> <span class='ocrx_word' id='word_1_812' title='bbox 3244 5338 3482 5409; x_wconf 85' lang='grc' dir='ltr'>δύναμις</span> <span class='ocrx_word' id='word_1_813' title='bbox 3507 5336 3739 5423; x_wconf 70' lang='grc' dir='ltr'>ἀνιχνεύ-</span> 
     </span>
    </p>
   </div>
   <div class='ocr_carea' id='block_1_111' title="bbox 2155 5418 3739 5516">
    <p class='ocr_par' dir='ltr' id='par_1_111' title="bbox 2155 5418 3739 5516">
     <span class='ocr_line' id='line_1_111' title="bbox 2155 5418 3739 5516; baseline -0.014 -16"><span class='ocrx_word' id='word_1_814' title='bbox 2155 5418 2370 5509; x_wconf 65' lang='grc' dir='ltr'>σαντες,</span> <span class='ocrx_word' id='word_1_815' title='bbox 2410 5444 2485 5516; x_wconf 80' lang='grc' dir='ltr'>μὴ</span> <span class='ocrx_word' id='word_1_816' title='bbox 2515 5418 2705 5516; x_wconf 76' lang='grc' dir='ltr'>πόρρω</span> <span class='ocrx_word' id='word_1_817' title='bbox 2730 5442 2828 5510; x_wconf 85' lang='grc' dir='ltr'>τῆς</span> <span class='ocrx_word' id='word_1_818' title='bbox 2847 5438 2915 5491; x_wconf 80' lang='grc' dir='ltr'><strong>δι’</strong></span> <span class='ocrx_word' id='word_1_819' title='bbox 2941 5436 3123 5491; x_wconf 79' lang='grc' dir='ltr'>αὐτῶν</span> <span class='ocrx_word' id='word_1_820' title='bbox 3151 5429 3493 5504; x_wconf 83' lang='grc' dir='ltr'>δηλουμένης</span> <span class='ocrx_word' id='word_1_821' title='bbox 3516 5418 3739 5516; x_wconf 64' lang='grc' dir='ltr'>θεωρίςις</span> 
     </span>
    </p>
   </div>
   <div class='ocr_carea' id='block_1_112' title="bbox 2154 5510 3739 5608">
    <p class='ocr_par' dir='ltr' id='par_1_112' title="bbox 2154 5510 3739 5608">
     <span class='ocr_line' id='line_1_112' title="bbox 2154 5510 3739 5608; baseline -0.017 -16"><span class='ocrx_word' id='word_1_822' title='bbox 2154 5510 2712 5608; x_wconf 40' lang='grc' dir='ltr'>γενώμεθα-Νειρέλη</span> <span class='ocrx_word' id='word_1_823' title='bbox 2745 5528 3032 5601; x_wconf 87' lang='grc' dir='ltr'>τοιγαροῦν</span> <span class='ocrx_word' id='word_1_824' title='bbox 3064 5528 3183 5579; x_wconf 78' lang='grc' dir='ltr'>ἐστι</span> <span class='ocrx_word' id='word_1_825' title='bbox 3215 5521 3458 5593; x_wconf 73' lang='grc' dir='ltr'>φωτεινὴ</span> <span class='ocrx_word' id='word_1_826' title='bbox 3489 5513 3628 5608; x_wconf 74' lang='grc' dir='ltr'>κατὰ</span> <span class='ocrx_word' id='word_1_827' title='bbox 3652 5510 3739 5608; x_wconf 54' lang='grc' dir='ltr'><strong>τόν</strong></span> 
     </span>
    </p>
   </div>
   <div class='ocr_carea' id='block_1_113' title="bbox 2158 5601 3733 5709">
    <p class='ocr_par' dir='ltr' id='par_1_113' title="bbox 2158 5601 3733 5709">
     <span class='ocr_line' id='line_1_113' title="bbox 2158 5601 3733 5709; baseline -0.022 -22"><span class='ocrx_word' id='word_1_828' title='bbox 2158 5601 2427 5701; x_wconf 76' lang='grc' dir='ltr'>ήμέτερον</span> <span class='ocrx_word' id='word_1_829' title='bbox 2460 5601 2640 5695; x_wconf 82' lang='grc' dir='ltr'>λόγον,</span> <span class='ocrx_word' id='word_1_830' title='bbox 2670 5601 2730 5689; x_wconf 74' lang='grc' dir='ltr'>ἐξ</span> <span class='ocrx_word' id='word_1_831' title='bbox 2753 5623 2817 5698; x_wconf 82' lang='grc' dir='ltr'>ἧς</span> <span class='ocrx_word' id='word_1_832' title='bbox 2863 5624 2957 5676; x_wconf 74' lang='grc' dir='ltr'>καὶ</span> <span class='ocrx_word' id='word_1_833' title='bbox 2982 5618 3076 5674; x_wconf 79' lang='grc' dir='ltr'><strong>τοῦ</strong></span> <span class='ocrx_word' id='word_1_834' title='bbox 3110 5616 3322 5709; x_wconf 78' lang='grc' dir='ltr'>Πατρὸς</span> <span class='ocrx_word' id='word_1_835' title='bbox 3356 5615 3390 5683; x_wconf 80' lang='grc' dir='ltr'>ἡ</span> <span class='ocrx_word' id='word_1_836' title='bbox 3413 5607 3584 5709; x_wconf 25' lang='grc' dir='ltr'>*φωνὴ</span> <span class='ocrx_word' id='word_1_837' title='bbox 3605 5601 3733 5709; x_wconf 32' lang='lat' dir='ltr'><strong>apd-—</strong></span> 
     </span>
    </p>
   </div>
   <div class='ocr_carea' id='block_1_114' title="bbox 2158 5703 3734 5788">
    <p class='ocr_par' dir='ltr' id='par_1_114' title="bbox 2158 5703 3734 5788">
     <span class='ocr_line' id='line_1_114' title="bbox 2158 5703 3734 5788; baseline -0.015 -13"><span class='ocrx_word' id='word_1_838' title='bbox 2158 5740 2287 5788; x_wconf 82' lang='grc' dir='ltr'>εισι,</span> <span class='ocrx_word' id='word_1_839' title='bbox 2332 5722 2416 5785; x_wconf 85' lang='grc' dir='ltr'><strong>τίς</strong></span> <span class='ocrx_word' id='word_1_840' title='bbox 2459 5720 2553 5774; x_wconf 76' lang='grc' dir='ltr'>καὶ</span> <span class='ocrx_word' id='word_1_841' title='bbox 2589 5716 2753 5771; x_wconf 82' lang='grc' dir='ltr'>πόθεν</span> <span class='ocrx_word' id='word_1_842' title='bbox 2782 5718 2810 5769; x_wconf 86' lang='grc' dir='ltr'>ὁ</span> <span class='ocrx_word' id='word_1_843' title='bbox 2861 5707 3382 5786; x_wconf 76' lang='grc' dir='ltr'>μεταμορφούμενος</span> <span class='ocrx_word' id='word_1_844' title='bbox 3409 5703 3734 5770; x_wconf 72' lang='grc' dir='ltr'>διαπρυσιως</span> 
     </span>
    </p>
   </div>
  </div>
