3966 6508
464 491 581 552 953

1448 498 1531 558 IN
1569 496 2409 560 TllANSFIGUllATiONEM
2451 501 2731 563 DOBIlNI
2750 551 2763 562 .

3627 502 3767 568 955'

468 597 833 670 ιηρὺττουσα,
866 600 899 672 ἡ
934 604 1026 656 ἐπὶ
1061 603 1151 656 τὸν
1198 605 1471 677 Ἰορδάνην
1504 608 1702 679 μικρὸν
1738 610 2042 678 ἔμπροσθεν

2156 611 2335 665 lumha
2361 612 2449 665 illa
2477 613 2624 667 haud
2661 616 2732 668 ita
2768 616 2976 685 pridem
3015 617 3282 672 adt'olans
3305 617 3370 671 ad
3394 616 3687 672 Jordanem
3714 634 3732 673 τ

374 706 377 707 ⁷
464 692 790 744 καταπτᾶσα
813 697 1131 766 περιστερά·
1157 697 1220 749 τὸ
1243 697 1468 768 Πνεῦμα
1493 699 1554 751 τὸ
1585 700 1758 769 ἆγιον,
1788 702 1847 754 τὸ
1867 703 2053 755 κατιὸν

466 780 674 834 ἄνωθεν
712 784 770 835 ἐν
830 785 962 838 εεόει
1004 790 1359 858 περιστερᾶς,
1411 791 1504 842 καὶ
1563 791 1724 859 μένον
1767 794 1854 844 ἐπ’
1892 794 2052 847 αὐτὸν

466 874 675 929 ἐκεῖνον
724 875 816 929 τὸν
869 877 1287 950 βαπτιζόμενον,
1326 883 1422 934 καὶ
1457 900 1475 933 ι
1516 882 1867 952 βαπτίζοντα,
1912 886 2053 939 κατὰ

464 963 563 1034 τὴν
601 968 911 1040 μαρτυρίαν
927 971 1198 1038 Ἰωάννου,
1232 975 1290 1026 ἐν
1328 973 1602 1044 πνεύματι
1630 976 1722 1029 καὶ
1752 977 1904 1047 πυρί·
1949 997 1967 1029 ι
1993 980 2052 1030 ἐν

466 1051 512 1124 ᾧ
565 1060 659 1114 καὶ
687 1062 788 1132 τὴν
833 1063 1030 1135 μονὴν,
1058 1067 1106 1118 εί
1135 1063 1278 1119 οὔτω
1323 1067 1427 1138 χρὴ
1460 1068 1647 1136 φάναι,
1680 1068 1822 1123 κατά
1854 1069 1954 1140 τὴν
1991 1073 2051 1124 ἐν

464 1149 729 1221 ἀλλήλαις
778 1154 886 1208 τῶν
914 1156 1273 1211 ὑποστάσεων
1308 1159 1539 1231 ἵδρυσιν,
1568 1161 1888 1214 ἀδιάστατον
1912 1160 2044 1231 ἔχει.

464 1240 651 1298 Ταῦτα
681 1244 739 1299 δὲ
768 1246 896 1316 περὶ
925 1247 1024 1317 τῆς
1063 1249 1291 1319 νεφέλης
1312 1252 1450 1304 νοεῖν
1488 1252 1809 1323 έναγόμεθα,
1839 1254 1927 1307 τὸν
1951 1254 2049 1324 μέ-

463 1352 566 1404 γαν
603 1336 927 1391 ’Δπὸστολον
970 1338 1065 1393 καὶ
1110 1341 1239 1412 περὶ
1262 1341 1435 1396 ταῦτα
1465 1343 1783 1399 διδάσκαλον
1813 1345 2046 1416 ἔχοντες,

460 1427 521 1491 ὃς
549 1427 858 1498 Κορινθίοις
903 1429 1265 1497 ἐπιστέλλων,
1309 1449 1328 1483 ι
1360 1433 1435 1487 Οὐ
1466 1432 1627 1501 θέλω,
1661 1437 1846 1506 φησὶν,
1902 1437 2047 1507 ὑμᾶς

460 1518 698 1584 ἀγνοεῖν,
749 1517 991 1587 ἀδελφοὶ,
1027 1521 1108 1574 ὅτι
1141 1522 1191 1574 οἱ
1227 1524 1465 1594 πατέρες
1505 1526 1665 1595 ἡμῶν
1709 1527 1910 1592 πάντες
1942 1529 2047 1581 ὑπὸ

457 1609 556 1681 τὴν
579 1608 808 1681 νεφέλην
835 1605 996 1682 ἦσαν,
1028 1614 1123 1666 καὶ
1151 1614 1356 1678 πάντες
1371 1615 1457 1669 διὰ
1478 1620 1577 1686 τῆς
1606 1617 1880 1690 θαλάσσης
1898 1619 2047 1691 διῆλ-

457 1702 571 1770 θον,
604 1704 699 1756 καὶ
722 1703 923 1768 πάντες
957 1707 1037 1768 είς
1065 1705 1156 1759 τὸν
1187 1706 1431 1777 Μωῦσῆν
1462 1708 1875 1781 ὲόαπτίσθησαν
1894 1714 1954 1767 ὲν
1976 1715 2041 1784 τῇ

457 1792 653 1866 νεφέλῃ
689 1794 786 1849 καὶ
814 1797 872 1849 ὲν
894 1800 960 1868 τῇ
989 1795 1252 1871 θαλάσσῃ.
1286 1815 1304 1849 ο
1343 1800 1419 1870 Τῇ
1454 1799 1554 1870 μὲν
1578 1801 1773 1875 νεφέλῃ
1800 1803 1859 1856 τὸ
1883 1805 2047 1857 πνεῦ-

459 1901 558 1955 μα,
590 1888 657 1957 τῇ
686 1886 745 1940 δὲ
773 1886 1019 1961 θαλάσσῃ
1052 1889 1115 1942 τὺ
1149 1890 1293 1962 ὕδωρ
1311 1892 1516 1958 τυπῶν,
1556 1894 1615 1959 ἐξ
1642 1888 1717 1949 ὧν
1748 1899 1842 1950 καὶ
1870 1898 1937 1951 δι’
1967 1893 2043 1953 ὧν

460 1979 489 2048 ἡ
524 1978 672 2049 πηγὴ
705 1977 1084 2052 βαπτίσματος
1107 1999 1122 2013 ο
1153 1983 1351 2054 μᾶλλον
1371 1986 1429 2040 δὲ
1458 1987 1558 2057 τῆς
1598 1988 1938 2058 θεογενεσίας
1982 1992 2043 2046 τὺ

460 2067 603 2137 μέγα
627 2069 798 2141 δῶρον
820 2073 914 2125 καὶ
945 2073 1250 2128 κάλλιστον.
1289 2077 1399 2131 Καὶ
1430 2078 1537 2151 γὰρ
1553 2080 1653 2133 οὐκ
1681 2081 1828 2136 ἐστιν
1844 2082 2039 2151 ἄλλως,

458 2159 488 2230 ἢ
529 2162 588 2215 ὲν
621 2160 700 2232 τῷ
748 2164 864 2235 Υἱῷ
897 2164 989 2219 τὸν
1038 2167 1274 2239 Πατέρα,
1308 2169 1341 2240 ἢ
1375 2171 1434 2224 ὲν
1461 2171 1539 2242 τῷ
1575 2174 1751 2245 Πατρλ⁵
1797 2175 1889 2230 τὸν
1915 2176 2041 2231 Υίὸν

459 2253 895 2325 ἐνοπτρίζεσθαι,
935 2258 1016 2311 ὅτι
1067 2259 1141 2329 μὴ
1169 2261 1225 2313 ὲν
1265 2259 1342 2332 τῷ
1371 2262 1651 2334 Πνεύματι
1688 2267 1765 2337 τῷ
1797 2267 1958 2339 ἁγίῳ·
2013 2269 2042 2323 ὃ

456 2343 612 2416 παρά
631 2345 725 2399 τοῦ
758 2348 972 2419 Πατρὸς
1004 2351 1364 2422 ἐκπορεύεται
1395 2354 1513 2424 μὲν,
1556 2355 1672 2425 Υίῷ
1707 2357 1764 2410 δὲ
1798 2361 1918 2412 κατ’
1950 2361 2042 2413 οὑ-

457 2437 577 2492 σίαν
605 2438 975 2513 ἔμφιλοχωρεῖ
1000 2443 1093 2497 καὶ
1121 2445 1481 2513 ἀναπαύεται,
1512 2447 1588 2511 ὡς
1617 2447 1921 2517 ὁμοούσιον,
1947 2452 2042 2505 καὶ

455 2528 766 2602 θμόθρονον,
792 2534 887 2587 καὶ
914 2534 1192 2607 ὁμότιμον.

525 2623 820 2678 Κάνταῦθα
839 2626 1042 2695 τοίνυν,
1068 2630 1159 2683 καὶ
1191 2631 1249 2684 ἐν
1277 2630 1355 2701 τῷ
1401 2616 1644 2706 Ἰορδάνῃ
1676 2634 1736 2688 τὸ
1758 2637 1890 2690 αὐτὸ
1942 2638 2040 2706 τῆς

455 2711 685 2784 Τριάδος
705 2718 1033 2789 φανεροῦται
1057 2722 1375 2793 μυστήριον,
1406 2724 1479 2795 τῷ
1512 2726 1917 2799 ὑπερηνωμένῳ
1945 2730 2040 2783 καὶ
2072 2732 2075 2735 ⁷

2070 2822 2075 2827 '
2139 2828 2245 2883 que
2272 2806 2714 2882 singularissima
2742 2809 2949 2863 unitate
2974 2804 3479 2861 intemeratissima:
3502 2802 3723 2857 deitatis

464 2805 639 2878 πάντη
684 2809 957 2882 μοναδικῷ
988 2813 1088 2883 τῆς
1120 2815 1502 2888 ὑπερανάρχου
1537 2818 1790 2890 θεότητος
1816 2823 2038 2894 συνεχό-

459 2898 619 2963 μενόν
657 2917 717 2953 τε
744 2904 839 2956 καὶ
874 2904 1269 2977 ἐπιφαινόμενον
1294 2908 1382 2962 διὰ
1408 2909 1517 2964 τῶν
1544 2911 1723 2965 αὐτῶν
1754 2914 2034 2983 ῥημάτων.

457 2989 761 3064 Προσθήσω
779 2996 858 3061 δὲ,
886 2997 970 3051 ὅτι
999 2999 1094 3052 καὶ
1113 3000 1477 3072 πραγμάτων,
1511 3003 1589 3074 τῷ
1623 3021 1687 3073 γε
1720 3004 1879 3069 θείως
1909 3023 2038 3074 σκο-

454 3084 646 3141 ποῦντι
687 3088 784 3142 καὶ
823 3090 1008 3146 πᾶσαν
1041 3091 1548 3166 ὗπεραναϐεσηκότι
1578 3096 1676 3167 τὴν
1713 3098 1911 3165 κτίσιν,
1970 3101 2034 3170 τῇ

376 3250 383 3257 _
453 3174 648 3248 ὀδηγίᾳ
679 3179 773 3232 τοῦ
822 3181 1159 3254 Πνεύματος.
1196 3185 1367 3239 Τοῦτό
1416 3188 1533 3241 ἐστι
1567 3188 1686 3242 δι’δ
1726 3193 1790 3261 τῇ
1838 3190 2034 3263 νεφέλῃ

2156 718 2349 772 nempe
2374 703 2612 774 Spiritus
2648 712 3138 780 sanctus.Spiritus
3157 712 3319 781 quide
3338 710 3480 764 caelo
3510 708 3734 764 (lCSl'CII'

2154 791 2229 845 dit
2261 794 2529 849 columbae
2579 796 2783 864 specie,
2848 806 3143 868 manetque
3170 812 3337 867 super
3368 798 3520 852 illum
3549 799 3730 867 ipsum

2153 885 2246 952 qui
2279 883 2590 954 baptizatur
2610 897 2656 951 ε,
2685 905 2704 939 ι
2730 886 3105 958 baptizatque,
3128 889 3283 955 juxta
3313 885 3733 944 Joannis‘testi-

2155 976 2416 1040 monium,
2442 975 2495 1028 in
2528 977 2727 1046 spiritu
2759 985 2813 1031 et
2840 979 2947 1048 igni
2995 989 3009 1027 :
3039 994 3058 1028 ι
3112 980 3166 1033 in
3191 988 3363 1048 quoet
3384 983 3728 1044 continuam,

2151 1066 2196 1121 si
2226 1066 2300 1119 ita
2357 1068 2517 1121 liceat
2586 1068 2761 1139 loqui,
2833 1073 3178 1124 mansionem
3239 1070 3421 1134 habet,
3484 1087 3582 1140 pro
3637 1072 3726 1125 illa

2153 1172 2512 1228 personarum
2534 1160 2588 1213 in
2619 1177 2678 1215 sc
2711 1161 2944 1217 invicem
2992 1163 3141 1217 velut
3201 1162 3354 1216 lirma
3400 1162 3527 1217 sede
3557 1174 3608 1217 et
3640 1166 3734 1217 in-

2152 1252 2421 1307 cessione.
2490 1252 2568 1307 Ad
2615 1254 2763 1307 hunc
2805 1262 2986 1308 autem
3024 1254 3091 1308 de
3120 1256 3262 1324 nube
3308 1270 3553 1317 ερηειιιιι,
3612 1269 3736 1308 ma-

2150 1346 2243 1414 gni
2274 1346 2522 1415 Apostoli
2553 1347 2800 1400 doctrina
2831 1346 3111 1412 subvehit,
3142 1347 3215 1399 ita
3248 1346 3315 1399 de
3354 1347 3439 1401 his
3471 1347 3725 1400 scriben—

2150 1439 2222 1492 tis
2258 1438 2324 1491 ad
2390 1437 2711 1492 Corinthios
2745 1457 2757 1491 :
2789 1456 2806 1488 ι
2834 1436 2973 1492 Nolo
3022 1453 3121 1491 vos
3165 1438 3439 1506 ignorare,
3503 1436 3720 1501 fratres,

2147 1526 2407 1595 quoniam
2450 1535 2634 1595 patres
2666 1527 2838 1580 nostri
2869 1541 3065 1594 omnes
3094 1525 3195 1579 sub
3225 1526 3367 1579 nuhe
3398 1524 3639 1591 fuerunt,
3666 1536 3723 1581 et

2147 1631 2339 1671 omnes
2373 1630 2526 1670 mare
2557 1617 2998 1682 transierunt,et
3029 1600 3302 1669 omnes'in
3334 1614 3515 1685 Moyse
3539 1615 3725 1683 bapti-

2149 1708 2256 1762 zati
2331 1716 2481 1773 sunt,
2516 1708 2570 1761 in
2624 1709 2795 1772 nube,
2838 1717 2892 1762 et
2921 1708 2972 1761 in
3013 1707 3151 1761 mari
3177 1715 3270 1761 ε.»
3305 1706 3459 1761 Nube
3509 1706 3726 1776 quidem

2148 1817 2246 1856 ceu
2306 1807 2435 1871 typo
2482 1809 2886 1869 repraesentans
2946 1798 3212 1866 Spiritum
3251 1838 3266 1862 ,
3339 1798 3478 1851 mari
3543 1805 3727 1851 autem

2148 1908 2375 1962 aquam,
2398 1907 2464 1947 ex
2490 1892 2694 1960 quibus
2723 1898 2777 1946 et
2799 1906 2828 1945 a
2861 1891 3064 1961 quibus
3092 1890 3211 1943 fons
3243 1898 3330 1944 est
3357 1889 3724 1960 baptismatis,

2143 1984 2226 2037 vel
2271 1982 2454 2052 potius
2488 1982 2685 2037 divina:
2715 1981 3025 2035 nativitatis
3058 1962 3314 2049 tuagmim
3343 1981 3473 2033 illud
3506 1988 3559 2032 et
3590 1979 3728 2049 pul-

2143 2075 2480 2129 cherrimum
2544 2075 2771 2130 donum.
2844 2070 3037 2142 Neque
3101 2074 3247 2127 enim
3325 2071 3432 2123 alia
3513 2072 3726 2124 ratione

2144 2175 2345 2237 potest,
2401 2167 2485 2220 vel
2520 2164 2682 2221 Pater
2717 2165 2773 2219 in
2804 2164 2968 2231 Filio,
2996 2165 3080 2219 vel
3106 2163 3280 2219 Filius
3313 2165 3366 2216 in
3385 2164 3548 2223 Patre
3576 2162 3724 2216 velut

2142 2259 2196 2313 in
2239 2258 2462 2329 speculo
2514 2257 2755 2328 elucere,
2795 2270 2956 2325 quam
3009 2269 3118 2324 qua
3150 2253 3205 2306 in
3237 2251 3448 2321 Spiritu
3507 2258 3722 2314 sancto,

2141 2354 2234 2424 qui
2278 2367 2308 2406 a
2340 2350 2502 2406 Patre
2541 2348 2815 2420 procedit,
2870 2346 3233 2418 libensquein
3272 2344 3411 2397 Filio
3460 2352 3644 2398 manet
3668 2352 3724 2399 et

2143 2446 2483 2516 requiescit,
2554 2452 2814 2513 tanquam
2868 2441 3114 2512 ejusdem
3188 2440 3497 2503 essentiae,
3558 2448 3722 2509 atque

2140 2538 2338 2608 aequali
2384 2538 2511 2592 sede
2560 2548 2615 2592 et
2641 2536 2873 2590 honore.

2212 2627 2351 2682 Tum
2405 2627 2496 2681 hic
2543 2641 2710 2697 ergo,
2759 2633 2874 2679 tum
2914 2622 2970 2677 in
3002 2619 3242 2676 Jordane
3278 2619 3424 2673 idem
3481 2618 3726 2674 declara-

2140 2728 2232 2775 tur
2249 2717 2570 2790 gTriuitatis
2636 2716 2983 2789 mysterium,
3016 2712 3166 2791 quod
3202 2713 3442 2766 maxima
3473 2711 3723 2764 omnino-

2138 2904 2421 2970 consistit,
2455 2903 2764 2972 iisdemque
2826 2899 3008 2954 verbis
3041 2895 3445 2952 manifestatur.
3483 2893 3721 2947 Addide-

2140 2998 2241 3052 rim
2305 3009 2433 3050 vero
2462 3002 2518 3048 et
2546 2993 2713 3046 rebus
2763 2989 2983 3051 iisdem,
3020 2986 3065 3041 si
3101 2985 3226 3056 quis
3258 2985 3444 3039 divina
3485 2980 3723 3052 quadam

2138 3087 2353 3143 ratione
2377 3085 2706 3146 consideret,
2745 3094 3082 3149 omnemque
3114 3075 3475 3131 transcendat
3505 3082 3727 3129 creatu-

2138 3195 2278 3243 ram,
2320 3176 2532 3248 Spiritu
2585 3175 2748 3230 duce.
2801 3171 2934 3225 Eam
2963 3172 3034 3226 ob
3070 3185 3182 3225 rem
3217 3167 3403 3223 eximii
3437 3164 3725 3235 praecipui-

456 3269 950 3365 περιλαμφθέντες,
985 3277 1077 3330 καὶ
1099 3277 1176 3348 τῷ
1210 3279 1349 3347 φωτὶ
1376 3280 1471 3334 τοῦ
1505 3255 1799 3353 προσώπου
1826 3255 2034 3354 Κυρίοῦ

2146 3284 2247 3340 que
2280 3264 2538 3338 apostoli,
2565 3265 2603 3319 ii
2632 3262 2785 3334 digni
2834 3260 3035 3324 habiti,
3059 3259 3153 3331 qui
3209 3255 3722 3355 transliguralionis

456 3360 636 3414 πᾶσαν
668 3363 901 3437 ὀπτικὴν
923 3365 1205 3438 ἐνέργειαν
1227 3370 1613 3442 ἀφαιρεθέντες
1636 3373 1686 3426 οἱ
1713 3373 2036 3445 προκριθέν-

457 3465 547 3513 τες
586 3451 696 3505 τῶν
728 3455 1064 3523 ἀποστόλων,
1094 3461 1193 3529 τῆς
1223 3460 1316 3512 ἐπὶ
1347 3460 1440 3514 τοῦ
1482 3460 1645 3532 ὅρους
1672 3464 2039 3537 μεταμορφὼ-

458 3556 596 3606 σεως
624 3543 859 3601 ἐπόπται
887 3565 945 3601 τε
978 3550 1236 3618 γενέσθαι
1263 3552 1359 3606 καὶ
1392 3552 1672 3626 μάρτυρες
1696 3554 2039 3621 ἀξιωθέντες,

458 3631 562 3698 ἔξω
589 3636 811 3692 πάντων
842 3639 1088 3708 ἐγένοντο
1118 3643 1225 3695 τῶν
1254 3645 1566 3715 ὁρωμένων,
1598 3645 1678 3700 ἔτι
1711 3647 1768 3700 δὲ
1799 3648 1891 3702 καὶ
1922 3651 2043 3702 ἑαυ-

459 3724 599 3790 τῶν,
638 3728 726 3782 ἵνα
758 3729 820 3782 τὸ
859 3732 1042 3803 πάσης
1077 3732 1332 3809 θειόσεώς
1370 3735 1413 3768 ³⁵
1463 3752 1523 3788 τε
1568 3738 1662 3791 καὶ
1700 3739 2041 3809 ἀφαιρέσεως

461 3816 761 3886 ἐκϐεϐηκὸς
805 3820 935 3874 καθ’
968 3822 1243 3895 ὑπεροχὴν
1287 3824 1629 3896 ὑπερούσιον,
1685 3830 1750 3898 τῇ
1782 3827 2041 3896 ἐκφάνσει

461 3905 552 3958 τοῦ
587 3908 782 3977 Λόγου,
824 3912 918 3965 καὶ
935 3916 1003 3985 τῇ
1034 3915 1343 3969 ἐπισκιάσει
1376 3917 1471 3970 τοῦ
1506 3917 1832 3988 πνεύματος,
1859 3920 1951 3972 καὶ
1972 3922 2039 3992 τῇ

461 3998 668 4055 ἄνωθεν
693 4005 758 4056 ὲκ
780 4004 877 4075 τῆς
901 4006 1131 4077 νεφέλης
1165 4009 1443 4083 φερομένῃ
1487 4013 1639 4082 φωνῇ
1661 4010 1754 4064 τοῦ
1782 4013 2036 4083 γεννήτο-

464 4111 578 4166 ρος,
606 4096 685 4149 δι”
719 4097 982 4168 ἀϐλεψίας
1023 4102 1118 4154 καὶ
1145 4103 1420 4169 ἀγνωσίας
1464 4104 1794 4158 παιδευθῶσι
1834 4109 2041 4177 μυστή-

464 4201 596 4252 ριον.
641 4186 780 4240 Ὑπὸ
833 4190 1007 4261 ταύτῃ
1056 4191 1297 4259 γίνονται
1345 4197 1411 4265 τῇ
1447 4194 1646 4269 νεφέλῃ
1695 4186 1903 4267 Μωσῆς
1945 4199 2041 4252 καὶ

473 4278 677 4346 Ἠλίας,
709 4281 801 4334 κα)⁸
826 4282 905 4353 τῷ
933 4283 1108 4354 Ἰησοὸ
1145 4285 1529 4352 συλλαλοῦντες
1559 4289 1799 4359 ὡρῶντο,
1832 4292 1923 4343 καὶ
1939 4291 2041 4360 τὴν

459 4369 636 4434 ἐξοδον
687 4371 851 4426 αὑτοῦ
892 4374 989 4445 τὴν
1022 4375 1112 4429 διὰ
1161 4378 1396 4449 σταυροῦ
1428 4379 1825 4451 προμηνύουσι.
1861 4376 1963 4435 Ὧν
2011 4382 2040 4434 ὁ

462 4463 560 4531 μὲν
593 4464 683 4517 τὸν
712 4465 980 4535 γραπτὸν,
1006 4467 1081 4530 ὡς
1116 4467 1286 4540 ἔφθην
1324 4468 1515 4531 εἰπὼν,
1544 4471 1573 4522 ὁ
1604 4470 1659 4523 δὲ
1687 4470 1777 4523 τὸν
1811 4472 2041 4539 φυσικὸν

460 4552 619 4622 νόμον
657 4552 823 4624 δηλοῖ.
859 4555 957 4608 Ἵν’
981 4557 1010 4608 ὁ
1052 4555 1118 4608 δι’
1148 4555 1474 4628 ἀμφοτέρων
1509 4575 1528 4608 ι
1569 4557 1893 4628 πολυμερῶς
1943 4559 2040 4613 καὶ

2140 3360 2193 3414 in
2252 3364 2436 3413 monte
2487 3357 2829 3425 inspectores
2877 3358 3067 3406 essent
3117 3344 3166 3403 et
3228 3355 3443 3412 testes,
3496 3343 3723 3399 interci-

2140 3456 2327 3528 piente
2373 3453 2539 3519 nube,
2576 3466 2640 3506 ac
2689 3449 2813 3503 luce
2860 3462 2889 3500 a
2943 3442 3230 3499 Dominico
3280 3440 3434 3496 vultu
3485 3440 3725 3493 micante

2140 3549 2320 3604 visum
2377 3559 2594 3600 omnem
2645 3541 2942 3604 adimente,
2995 3536 3252 3592 omnibus
3299 3534 3402 3589 suh
3434 3540 3717 3602 aspectum

2139 3639 2466 3698 cadentibus
2492 3643 2849 3693 excesserunt
2894 3650 2907 3686 :
2940 3632 3008 3687 ad
3036 3632 3154 3686 haec
3174 3644 3302 3685 vero
3328 3636 3383 3683 ct
3407 3627 3607 3696 scipsis
3627 3664 3643 3689 ,
3666 3631 3724 3678 ut

2142 3733 2305 3788 Verbi
2349 3730 2655 3787 occultiore
2706 3725 2983 3791 doctrina,
3007 3734 3061 3780 et
3089 3719 3517 3778 obumbratione
3545 3716 3725 3788 Spiri-

2141 3834 2255 3892 tus,
2290 3839 2355 3880 ac
2387 3822 2667 3878 Genitoris
2723 3810 2858 3873 voce
2883 3818 2951 3872 de
2979 3816 3122 3873 coelo
3174 3815 3367 3877 missa,
3423 3811 3575 3867 velut
3622 3823 3727 3864 cae-

2140 3920 2306 3974 citate
2331 3926 2386 3975 et
2414 3917 2783 3990 ignoratione,
2808 3915 2861 3970 id
2892 3913 3030 3969 tanti
3079 3914 3491 3967 sacramentum
3548 3902 3727 3959 disce-

2141 4019 2286 4075 rent,
2306 4000 2465 4081 ηυοό
2496 4006 2670 4064 totius
2704 4008 2998 4079 positionis
3025 4012 3081 4060 et
3109 4000 3419 4072 negationis
3452 3996 3565 4067 (ll)
3591 3995 3729 4050 emi-

2142 4109 2364 4157 nentem
2425 4101 2756 4157 substantia:
2783 4097 3177 4169 perfectionem
3201 4107 3367 4162 supra
3392 4089 3611 4142 modum
3632 4100 3728 4140 ex-

2143 4194 2383 4249 cederet.
2423 4191 2539 4247 Sub
2571 4193 2676 4247 hac
2730 4190 2878 4244 nube
2908 4188 3137 4244 veniunt
3159 4182 3341 4240 Muses
3372 4187 3426 4235 ct
3460 4178 3627 4235 Elias.
3661 4190 3726 4227 ac

2142 4284 2243 4339 visi
2275 4292 2405 4338 sunt
2448 4283 2836 4352 colloquentes
2886 4296 3010 4335 cum
3038 4276 3193 4340 Iesu,
3239 4270 3723 4345 praeuuntiantque

2142 4377 2262 4446 ejus
2275 4373 2521 4429 futurum
2539 4387 2829 4429 excessum
2851 4385 2947 4439 per
2967 4362 3501 4434 crucem.',Quorum,
3519 4367 3574 4411 ut
3588 4357 3723 4417 dixi.

2143 4468 2236 4521 ille
2271 4465 2489 4536 quidem
2536 4463 2801 4531 scriptam
2839 4461 3039 4529 legem,
3080 4456 3169 4509 hic
3195 4461 3381 4507 autem
3412 4448 3721 4503 naturalem

2144 4557 2370 4613 indicat.
2425 4555 2577 4611 Adeo
2633 4560 2695 4608 ut
2754 4549 3022 4613 Verbum,
3080 4543 3231 4616 quod
3302 4560 3321 4592 ι
3358 4536 3723 4594 multifariam

459 4643 834 4716 πολυτρόπως,
867 4665 885 4697 ›
914 4647 1290 4712 ἀποστολικῶς
1312 4650 1508 4708 εἰπεῖν,
1526 4650 2036 4718 ἀναγινωσκόμενος

2146 4649 2447 4719 multisque
2501 4644 2685 4700 modis
2727 4642 2755 4683 ὶι
2796 4660 2814 4694 ι
2854 4639 3077 4711 legitur,
3131 4644 3192 4690 ut
3243 4629 3491 4704 Apostoli
3544 4626 3726 4719 verbis

458 4735 630 4802 Λόγος
651 4775 668 4800 ,
692 4737 786 4790 τοῦ
818 4739 917 4809 μὲν
947 4738 1196 4811 ποιητὴς,
1226 4740 1400 4793 τοῦ.δέ
1425 4740 1715 4813 πληρωτὴς
1739 4744 2036 4814 γνωρισθῇ·

457 4826 552 4881 καὶ
580 4826 656 4896 νῷ
689 4827 787 4898 μὲν
813 4829 962 4891 τέλος
993 4828 1185 4883 ἑαυτὸν
1218 4829 1379 4901 ἐπιθῇ
1415 4830 1477 4883 τὸ
1517 4831 1807 4902 μακάριον,
1841 4833 1932 4885 τὸν
1979 4833 2037 4884 δὲ

456 4919 838 4976 παλαιωθέντα
875 4922 975 4993 ἤδη
1016 4923 1111 4975 καὶ
1137 4923 1463 4995 διαρρυέντα
1491 4927 1604 4988 τοῖς
1635 4924 1872 4993 λογικοῖς
1933 4925 2038 4978 ὑπὸ

2148 4718 2365 4809 loquar,
2391 4736 2622 4793 alterius
2653 4733 2877 4805 quidem
2923 4735 3364 4801 cognosceretur
3398 4728 3614 4778 auctor.
3650 4718 3729 4771 al-

2146 4832 2321 4887 terius
2350 4844 2483 4886 vero
2531 4833 3007 4883 consummator:
3064 4830 3232 4891 atque
3290 4813 3449 4872 alteri
3502 4809 3726 4882 quidem

2145 4924 2366 4979 beatum
2404 4937 2466 4977 se
2517 4922 2700 4992 ipsum
2755 4918 2920 4975 linem
2954 4914 3300 4987 adjungeret,
3355 4909 3580 4964 alteram
3609 4901 3725 4975 jam

531 5115 554 5143 σ
587 5102 748 5157 Joau.
780 5117 819 5165 ι,
854 5102 945 5157 '55.
1010 5100 1159 5157 fimo
1176 5099 1363 5160 Matth.
1391 5115 1472 5167 ιιι,
1495 5092 1655 5157 Η.⁸Ι
1693 5101 1911 5166 Cor.'x,
1956 5102 2007 5168 l,
2040 5112 2042 5126 ‘

2174 5101 2203 5141 ιι
2234 5100 2403 5156 Hebr.
2436 5116 2476 5166 ι,
2538 5100 2590 5154 l.

1705 5216 1940 5272 VARIKE
1997 5213 2413 5271 LECTIONES.

528 5310 571 5344 ³⁵
604 5310 767 5359 Forte
804 5310 1028 5359 θέσεως.
2258 5352 2259 5355 η

603 5307 767 5365 Forte
804 5305 1028 5371 θέσεως.
2079 5305 2083 5308 ’
2258 5352 2259 5355 η

1777 5392 2166 5450 COMBEFISII
2196 5393 2437 5451 NOTAE.

531 5490 642 5561 (ll)
673 5487 1163 5561 Toliusiposition‘is
1191 5497 1240 5541 et
1266 5485 1586 5561 negationis,
1608 5495 1713 5540 etc.
1755 5485 1829 5561 'l‘b
1860 5485 2043 5554 πάσης
2145 5504 2266 5561 qua:
2300 5489 2541 5561 seipsam
2573 5485 2787 5561 doceat
2813 5501 2826 5536 :
2862 5480 3095 5561 omnino
3123 5477 3397 5561 excedens

459 5542 660 5636 θιὲέᾠξ
675 5542 895 5636 esset.
920 5559 1269 5636 ἀφαιρέσεως
1316 5542 1433 5636 lino
1467 5542 1603 5636 sunt
1658 5555 1805 5636 modi
1843 5542 2049 5625 cogno;
2143 5542 2211 5636 de
2236 5542 2720 5636 Deioconcipimus
2743 5568 2909 5636 supra
2942 5542 3722 5636 substantiam,‘ac‘subﬂap‘:

458 5609 657 5685 ἐξεὲῆἆῖ
682 5609 891 5703 divina,
923 5609 1490 5703 'iftiiiifdnijhigiait‘er'
1511 5609 1674 5682 altior
1721 5609 2040 5703 est;qiiau-
2142 5609 2684 5703 ﬁ§'ei.iti.§h§,‘i§._m
2716 5609 3064 5703 aﬂirmaudo,
3088 5609 3545 5703 tumhneg‘angdo:

458 5716 625 5770 quam
659 5708 715 5757 et
754 5688 889 5771 ipse.
929 5688 1419 5771 d'elicientissimus
1459 5715 1474 5752 :
1508 5705 1564 5753 ut
1590 5710 1703 5767 quo
1734 5688 1837 5771 nec
1865 5688 2035 5771 [)eum
2141 5700 2471 5771 hicﬂomnia
2522 5688 2680 5771 'valde
2727 5693 2960 5771 mystica
2988 5700 3042 5745 et
3068 5688 3262 5742 devota
3291 5723 3307 5747 ,
3356 5688 3717 5771 potiussﬁrio

458 5750 723 5841 quid-Vest
750 5750 1685 5841 ,‘iiovidiii's'.’"Mysiam1530’
1733 5750 2037 5841 εκόεϐηκὺς
2137 5750 2534 5825 nieditaiidact
2560 5750 2825 5841 trahenda
2851 5762 2915 5818 ad
2947 5774 3149 5824 mores,
3172 5771 3338 5827 quam
3356 5750 3717 5823 longioribus

459 5835 581 5895 ἐᾶθ’
638 5835 936 5913 ὑπεροχὴν,
990 5835 1318 5913 ῠίπερρύεέιον
1359 5839 1543 5909 πάσης
1591 5835 1794 5913 θέσξῷς
1823 5853 1883 5888 τε
1924 5835 2037 5890 καὶ
2134 5842 2466 5895 commentis
2497 5837 2795 5893 oneranda.

460 5907 845 5984 ἁφαιρέσειῖυς,⁷
872 5907 1239 5967 ἰ’σγοΙειιιίΙιιιιι
1274 5912 1327 5965 in
1353 5907 1557 5966 monte.
1610 5907 1858 5963 Trinitas
1922 5915 2029 5971 est,
