3966 6444
196 404 303 471 961

1282 399 1366 461 ΙΝ
1408 400 1776 461 LAZARUM
1815 398 2445 472 QUATRIDUANUM

3368 399 3476 467 ΜΞ

196 516 416 589 σηπότα
449 511 693 586 προϊέναι
708 509 802 565 τοῦ
817 509 1121 581 μνήματος,
1137 507 1198 561 οὐ
1224 508 1285 561 τὸ
1302 508 1465 579 τυχὸν
1493 504 1561 579 ἦν
1578 507 1787 579 θαῦμα,

1920 507 2063 573 ειὶο,
2097 506 2340 575 taboque
2386 504 2680 562 deﬂuentis
2715 520 2746 561 e
2796 515 3158 563 monumento
3191 513 3478 580 processio

193 610 320 663 οὐδὲ
358 607 470 661 τῶν
504 604 682 659 ἄλλων
707 602 950 667 ἔλαττον,
997 594 1072 655 ὧν
1104 601 1447 672 ὲωράκεισαν
1466 616 1480 632 ·
1509 599 1626 653 ἀλλ’
1647 600 1791 653 ὲκεί-

196 720 325 763 νους
352 699 456 753 οὒκ
509 690 777 752 ἐδυσώπει
810 695 873 749 τὸ
922 692 1377 764 μεγαλούργημα,
1441 691 1475 761 ἢ
1518 692 1601 745 ὅτι
1634 690 1794 762 μόνον

196 794 334 863 ὕλην
351 795 419 864 τῇ
459 790 608 860 σφῶν
641 788 917 859 βασκανίᾳ
938 786 1252 858 παρείχετο.
1274 783 1444 852 Δόξαν
1470 780 1564 837 οὖν
1588 782 1794 852 ταύτην

192 885 354 955 λέγει
382 884 593 952 σαφῶς,
622 883 722 950 τὴν
751 880 841 934 διὰ
875 878 1112 951 σταυροῦ
1148 876 1586 949 προσγινομένην
1621 875 1794 946 αὐτῷ,

203 978 289 1031 τὸν
319 977 463 1047 ὑπὲρ
493 974 652 1045 ἡμῶν
691 972 932 1043 ἑλομένῳ
988 971 1221 1025 θάνατον
1262 968 1541 1023 ὑπελθεῖν.
1586 968 1648 1020 Et
1682 967 1795 1038 γάρ

197 1086 281 1122 τοι
315 1068 413 1121 καὶ
443 1065 551 1136 πρὸ
580 1061 782 1126 παντὸς
813 1062 1009 1125 αἰῶνος
1039 1061 1138 1131 τὴν
1154 1059 1425 1130 πατρικὴν
1455 1054 1600 1128 εῖχεν
1637 1058 1795 1122 δόξαν

198 1161 275 1223 ὡς
305 1159 440 1221 Θεὸς
469 1157 566 1211 καὶ⁹
603 1154 740 1209 Θεοῦ
783 1154 910 1217 Υἱὸς
972 1154 1406 1223 συνουσιωμένος
1438 1151 1606 1220 αὐτῷ,
1658 1150 1795 1205 ἀλλὰ

201 1250 300 1305 καὶ
330 1253 429 1320 τῆς
471 1247 749 1315 παναγίας
804 1242 972 1300 αὐτοῦ
1025 1243 1229 1312 σαρκὸς
1283 1243 1344 1295 τὸ
1387 1242 1658 1312 μακάριον
1687 1240 1796 1293 πά-

204 1343 298 1406 θος
328 1342 488 1408 δόξαν
521 1342 767 1412 ἡγεῖται,
806 1336 1157 1409 παγκοσμίου
1192 1336 1468 1407 σωτηρίας
1504 1334 1798 1404 γενόμενον

205 1438 295 1491 αῐτ
302 1452 404 1490 ιον.

290 1575 436 1630 Ἀλλ’
482 1574 576 1628 ἐπὶ
622 1573 722 1644 τὴν
778 1571 896 1626 ὁδὸν
955 1569 1221 1640 ἔλθωμεν,
1281 1567 1349 1639 ἢν
1378 1568 1412 1638 ἡ
1442 1565 1671 1636 ἀληθινὴ
1700 1565 1800 1634 τῆς

208 1668 362 1736 ζωῆς
393 1666 513 1727 όδδς
542 1660 867 1735 παρέδειξεν
900 1662 928 1715 ὁ
960 1658 1218 1731 Χριστὸς,
1257 1656 1462 1710 εἰπών’
1503 1673 1522 1707 ι
1562 1654 1801 1717 Μείζονα

207 1758 419 1827 ταύτης
450 1755 673 1826 ἀγάπης
701 1753 882 1817 οὐδεὶς
913 1751 1150 1823 ἔχει,ῐνα
1189 1766 1269 1811 τις
1300 1746 1398 1819 τὴν
1426 1746 1604 1817 ψυχὴν
1633 1742 1799 1799 αὑτοῦ

1897 614 2008 654 non
2049 599 2275 669 vulgare
2325 598 2657 653 miraculum
2693 610 2834 665 erat,
2871 617 2973 655 nec
3006 602 3306 673 quidquam
3342 604 3481 661 visis

1897 692 2026 745 aliis
2058 691 2298 746 habebat
2338 692 2543 745 minus.
2577 691 2645 744 At
2684 708 2792 745 non
2838 692 3096 747 ﬂectebat
3135 695 3325 764 operis
3360 710 3481 749 ma-

1896 781 2150 852 gnitudo,
2204 797 2303 836 nec
2359 782 2509 836 aliud
2571 798 2736 851 quam
2793 784 3079 837 materiam
3115 785 3482 855 fomitemque

1896 871 2123 925 invidia:
2170 871 2546 926 ministrabat.
2585 870 2737 925 llanc
2764 887 2899 941 ergo
2947 873 3096 927 clare
3128 873 3360 942 gloriam
3392 873 3480 927 di-

1896 962 1994 1027 cit,
2026 976 2152 1031 quae
2180 962 2229 1015 ei
2268 977 2332 1015 ex
2362 976 2550 1027 cruce,
2601 978 2764 1032 quam
2802 978 2902 1033 pro
2936 964 3097 1018 nobis
3136 964 3308 1018 voluit
3347 965 3484 1018 sub.

1899 1053 2002 1118 ire,
2077 1054 2341 1107 accessit.
2379 1051 2514 1105 Nam
2550 1053 2681 1106 licet
2733 1063 2861 1107 ante
2893 1070 3057 1109 omne
3091 1056 3356 1109 saeculum
3388 1071 3484 1125 pa-

1898 1151 2134 1206 ternam.
2171 1154 2232 1197 ut
2284 1143 2432 1198 Deus
2461 1158 2526 1197 ac
2572 1142 2751 1197 Filius
2786 1144 2902 1210 Dei,
2941 1146 3219 1200 romtuuni
3249 1162 3371 1201 cum
3413 1162 3479 1200 ea

1899 1237 2243 1299 substantia,
2301 1236 2528 1291 haberet
2581 1237 2840 1305 gloriam,
2899 1253 3014 1291 suae
3068 1251 3247 1292 tamen
3312 1239 3477 1293 etiam

1900 1329 2304 1383 sacratissima:
2362 1328 2550 1382 carnis
2609 1328 2824 1382 beatam
2874 1327 3187 1397 passionem
3244 1328 3481 1397 gloriam

1899 1418 2078 1483 ducit,
2113 1418 2265 1473 velut
2296 1417 2491 1472 mundi
2524 1416 2699 1472 totius
2732 1416 2930 1471 salutis
2983 1432 3231 1472 causam.

1970 1552 2177 1607 Verum
2234 1552 2305 1606 ad
2350 1552 2495 1607 viam
2554 1551 2876 1616 redeamus,
2919 1565 3088 1621 quam
3139 1551 3301 1606 nobis
3358 1566 3488 1607 vera

1902 1644 2029 1699 vita:
2062 1645 2146 1698 via
2183 1643 2446 1700 Christus
2496 1645 2853 1709 monstravit,
2895 1644 3130 1700 dicens:
3164 1663 3183 1697 ι
3227 1643 3490 1714 Majorem

1903 1739 2008 1793 hac
2031 1737 2364 1793 charitatem
2390 1751 2552 1791 nemo
2582 1736 2773 1801 habet,
2798 1751 2964 1805 quam
2994 1744 3054 1791 ut
3073 1736 3312 1790 animam
3332 1752 3493 1790 suam

210 1850 279 1923 θῇ
316 1817 459 1919 ὑπὲρ
498 1817 638 1901 τῶν.
665 1844 835 1916 φίλων
873 1817 1060 1899 αὐτού.
1101 1862 1121 1894 ›
1153 1842 1308 1915 ᾜδει
1353 1817 1463 1910 γὰρ
1518 1836 1801 1909 προϊόντος

1920 1836 2075 1899 tonat
2125 1828 2255 1899 quis
2323 1844 2424 1899 pro
2479 1827 2678 1884 amicis
2728 1830 2849 1883 suis
2880 1835 2927 1882 °.
2983 1845 3002 1879 ι
3039 1817 3279 1881 Noverat
3340 1827 3491 1881 enim

208 1945 306 1998 τοῦ
349 1940 654 2011 θαύματος,
686 1936 989 2011 Ἰουδαίους
1021 1934 1120 2005 μὲν
1143 1931 1361 1986 ἀνασείε
1372 1947 1417 1983 ιν
1434 1928 1559 1992 τοὺς
1581 1927 1795 1998 δχλους,

211 2037 309 2091 καὶ
338 2031 592 2105 θορυϐεῖν
650 2027 967 2100 μέλλοντας,
1013 2024 1277 2092 Καϊάφαν
1305 2022 1367 2076 δὲ
1393 2021 1794 2094 μανησόμενον,

213 2125 410 2183 ἑαυτὸν
442 2122 502 2176 δὲ
534 2122 625 2175 τὸν
650 2118 738 2172 διὰ
769 2117 1005 2187 σταυροῦ
1034 2116 1359 2186 πεισόμενον
1394 2113 1644 2167 θάνατον.
1675 2111 1799 2164 Ὀτι

213 2223 274 2277 δὲ
335 2220 492 2292 φίλος
541 2221 570 2273 ό
618 2218 893 2288 Λάζαρος,
925 2211 987 2265 τὸ
1040 2211 1276 2282 πρᾶγμα
1302 2206 1472 2278 δηλοῖ.
1510 2226 1529 2258 ι
1577 2204 1799 2273 Ἠγάπα

213 2315 351 2385 γάρ,
385 2314 574 2383 φησιν,
603 2313 631 2365 ό
677 2305 888 2381 Ἰησοῦς
904 2305 1002 2378 τὴν
1033 2302 1266 2375 Μάρθαν
1306 2299 1403 2354 καὶ
1431 2296 1531 2369 τὴν
1565 2296 1800 2368 ἀδελφὴν

217 2406 414 2476 αὐτῆς,
442 2405 538 2458 καὶ
565 2403 656 2457 τὸν
687 2402 964 2473 Λάζαρον.
1005 2417 1025 2451 ›
1060 2396 1175 2450 Καὶ
1206 2395 1284 2460 τίς
1324 2393 1468 2449 οὕτω
1506 2391 1802 2464 μακάριος,

216 2500 295 2564 ὡς
323 2497 673 2570 ἀγαπηθῆναι
713 2494 821 2549 ὑπὸ
877 2488 1119 2563 Χριστοῦ
1178 2489 1281 2560 τῆς
1312 2487 1704 2555 αὖτοαγάπης;
1739 2482 1805 2536 Τί

219 2592 316 2646 καὶ
351 2587 690 2659 θαυμαστὸν,
754 2586 803 2639 εί
855 2582 954 2637 καὶ
1008 2582 1270 2651 γυναῖκες
1323 2574 1717 2649 ἀρῤενωθεῖσαι
1746 2574 1808 2628 τὸ

219 2681 503 2754 φρόνημα,
546 2677 702 2750 παρά
757 2674 855 2730 τοῦ
888 2737 893 2741 ,
922 2674 1132 2736 πάντας
1173 2671 1403 2726 καλέσαι
1434 2668 1571 2741 πρὸς
1613 2667 1805 2721 ἑαυτὸν

220 2772 469 2836 ἐλθόντος
498 2770 829 2841 ἡγαπῶντο;
858 2765 1122 2821 Τοσοῦτον
1150 2764 1209 2817 δὲ
1240 2762 1301 2816 τδ
1322 2759 1512 2832 περιὸν
1537 2759 1634 2830 τῆς
1669 2754 1808 2829 πρὸς

222 2864 424 2927 αὐτοὺς
452 2861 696 2933 ἀγάπης,
729 2860 805 2925 ὡς
836 2861 932 2913 καὶ
968 2858 1028 2912 τὸ
1049 2856 1237 2926 θαῦμα
1265 2853 1324 2909 τὸ
1362 2855 1444 2917 είς
1470 2852 1563 2906 τὸν
1606 2851 1811 2919 σύγγο-

208 2975 316 3012 ·νον
344 2958 453 3010 τῶν
478 2955 654 3012 ἀλλων
683 2953 1021 3025 ὐπερεξᾶραι
1039 2948 1336 3019 θαυμάτων
1366 2948 1430 3016 τῇ
1469 2943 1813 3017 μεγαλοφυτᾳ

209 3046 320 3101 τοῦ
345 3046 641 3118 δράματος.
685 3063 704 3097 ι
760 3044 850 3107 Ὠς
880 3038 975 3099 οὖν
1024 3041 1260 3105 ἥκουσεν
1296 3037 1377 3091 ὅτι
1422 3034 1658 3101 ἀσθενεῖ,
1688 3034 1811 3087 τότε

227 3140 351 3212 μὲν,
388 3140 575 3211 φησὶν,
640 3137 857 3210 ἔμεινεν
912 3136 973 3188 ὲν
1000 3127 1044 3201 ᾧ
1084 3128 1152 3204 ἦν
1191 3132 1344 3201 τόπῳ
1389 3128 1481 3183 δύο
1507 3131 1745 3199 ἡμέρας.
1788 3143 1808 3176 ι

1908 1921 2028 1977 fore
2067 1929 2128 1976 ut
2157 1921 2411 1976 miraculi
2465 1936 2767 1992 progressu
2818 1919 2994 1976 Judaei
3036 1919 3260 1991 quidem
3295 1920 3492 1975 concio

1908 2022 2090 2069 tarent
2142 2021 2198 2069 et
2249 2015 2656 2069 conturbareut
2714 2014 2951 2085 plebem,
3013 2013 3252 2083 Caiphas
3302 2020 3488 2067 autem

1905 2104 2127 2160 insania
2156 2103 2399 2160 ferretur
2433 2104 2570 2175 (12),
2611 2111 2784 2172 utque
2830 2104 2949 2174 ipse
2986 2117 3159 2157 cruce
3189 2102 3492 2158 sustineret

1912 2204 2173 2250 mortem.
2207 2193 2406 2263 Rorro,
2464 2195 2613 2265 quod
2678 2194 2926 2249 Lazarus
2957 2193 3172 2248 amicus
3202 2200 3371 2258 esset,
3401 2207 3500 2246 res.

1913 2287 2097 2357 palam
2131 2288 2290 2343 facit.
2332 2307 2351 2340 ι
2393 2286 2669 2358 Diligebat
2707 2286 2881 2350 enim,
2923 2285 3128 2355 inquit,
3158 2282 3318 2339 Iesus
3346 2283 3496 2337 Mar-

1916 2376 2088 2443 tham,
2116 2385 2171 2433 et
2202 2393 2454 2434 sororem
2489 2378 2637 2448 ejus,
2693 2384 2749 2431 et
2783 2374 3079 2431 Lazarum.
3137 2394 3156 2428 ι
3193 2373 3331 2441 Quis
3362 2389 3498 2429 vero

1916 2485 2094 2541 usque
2143 2469 2282 2526 adeo
2343 2470 2565 2533 beatus,
2618 2476 2681 2523 ut
2732 2483 2762 2521 a
2797 2467 3025 2523 Christo
3075 2466 3356 2537 diligatur,
3400 2467 3498 2536 qui

1918 2562 2038 2635 ipsa
2066 2572 2123 2618 et
2168 2564 2483 2620 subsistens
2531 2561 2767 2617 dilectio
2798 2561 2928 2616 est?
2980 2559 3121 2626 Quid
3165 2568 3347 2614 autem
3389 2558 3499 2613 mi-

1918 2672 2063 2724 rum,
2093 2664 2154 2710 ut
2185 2657 2447 2713 mulieres
2491 2654 2641 2710 virili
2690 2655 2977 2725 proposito
3026 2661 3082 2708 et
3111 2668 3278 2708 sensu
3330 2652 3499 2705 animi

1923 2749 1971 2803 is
2005 2747 2285 2817 diligeret,
2323 2747 2419 2818 qui
2452 2753 2686 2802 venerat
2717 2757 2778 2801 ut
2814 2745 2881 2801 ad
2925 2760 2986 2800 se
3007 2760 3206 2800 omnes
3236 2742 3504 2799 vocaret?

1920 2838 2097 2894 Tanta
2130 2854 2264 2895 vero
2296 2839 2418 2910 eius
2448 2840 2505 2894 in
2531 2854 2630 2895 eos
2664 2838 2984 2894 dilectionis
3010 2836 3339 2892 excellentia
3373 2834 3502 2898 fuit,

1920 2943 1983 2987 ut
2009 2932 2174 2987 etiam
2205 2932 2518 2987 exhibitum
2560 2931 2617 2985 in
2662 2929 2894 2985 fratrem
2947 2929 3281 2982 miraculum
3317 2926 3504 2998 operis

1922 3023 2307 3093 magnitudine
2347 3030 2404 3077 et
2446 3022 2772 3093 praestantia
2804 3019 3039 3090 reliquis
3088 3020 3376 3074 miraculis
3404 3034 3504 3074 su-

1925 3115 2310 3187 perextulerit.
2340 3132 2359 3166 ι
2399 3111 2471 3171 Ut
2505 3129 2639 3184 ergo
2672 3113 2887 3167 audivit
2921 3113 3048 3182 quia
3087 3111 3502 3174 inﬁrmabatur,

226 3196 615 3297 ἒῙ“ί’.αος.ἒνεκοι;
666 3196 899 3301 ίῖροῄδει
926 3196 1035 3298 γάρ
1063 3196 1150 3288 ’ως
1198 3196 1418 3284 πάντως
1449 3196 1769 3290 τεθνήξεται
1798 3233 1811 3247 ·

1923 3218 2056 3262 tunc
2078 3207 2327 3277 quidem,
2348 3206 2552 3274 inquit,
2577 3205 2781 3258 mansit
2809 3204 2864 3257 in
2895 3203 3088 3258 eodem
3125 3204 3249 3258 loco
3285 3202 3503 3259 duobus

226 3325 323 3378 atat
354 3322 630 3395 περιελεῖν
692 3320 863 3375 θέλων
911 3319 1019 3372 τῶν
1065 3313 1348 3387 θηρευτῶν
1398 3312 1498 3376 τὰς
1554 3309 1814 3380 ὑποψίας,

226 3416 367 3481 τέως
389 3416 488 3486 τὴν
525 3415 702 3486 ὁρμὴν
732 3411 1119 3475 ἀναϐάλλεται,
1153 3409 1222 3463 ἵν’
1269 3405 1623 3470 ἀποπνεύσας
1648 3407 1818 3476 ταφῇ,

226 3509 327 3563 καὶ
353 3509 431 3579 μὴ
462 3505 826 3579 ἀπειροκαλία
859 3521 941 3568 τις
975 3501 1208 3574 νομισθῇ
1242 3500 1302 3554 τὸ
1345 3498 1483 3570 μετά
1512 3496 1611 3568 τὴν
1650 3495 1821 3568 ἀκοὴν

224 3601 397 3663 εὐθὺς
452 3599 696 3671 ὁρμῆσαι
750 3597 891 3668 πρὸς
942 3595 1044 3667 τὴν
1099 3592 1197 3646 τοῦ
1243 3591 1525 3662 θαύματος
1571 3587 1820 3652 ἔνδειξιν.

232 3709 254 3742 ι
297 3692 536 3745 Ἔπειτα
560 3689 698 3759 μετὰ
731 3688 912 3754 τοῦτο,
947 3685 1095 3754 λέγει
1133 3686 1247 3748 τοῖς
1298 3682 1606 3753 μαθηταῖς*
1644 3679 1825 3746 ’Ἄγω-

229 3800 334 3852 μεν
383 3784 463 3846 εἰς
518 3781 617 3853 τὴν
679 3779 941 3834 Ἰουδαίαν
990 3777 1175 3831 πάλιν.
1218 3795 1237 3829 ›
1270 3773 1547 3843 Εὑτολμία
1584 3771 1641 3826 δὲ
1666 3768 1824 3823 τοῦτο

229 3876 570 3947 θεοπρεπὴς,
625 3874 719 3927 καὶ
750 3871 811 3927 τὸ
865 3870 1059 3924 παθεῖν
1096 3867 1319 3922 ἑλέσθαι
1361 3863 1823 3937 προθυμουμένης

227 3969 435 4041 ψυχῆς,
462 3968 557 4021 καὶ
585 3966 722 4037 πρὸς
749 3966 925 4037 πέρας
951 3963 1108 4032 ἄγειν
1142 3961 1203 4014 τὸ
1245 3960 1349 4026 τῆς
1386 3957 1698 4028 οἰκονομίας
1724 3971 1827 4026 μυ-

232 4065 477 4134 στήριον.
493 4061 791 4130 «Λέγουσιν
810 4056 958 4127 αὐτῷ
981 4058 1030 4110 οἱ
1056 4052 1299 4128 μαθηταί
1323 4068 1337 4083 '
1370 4048 1681 4112 Ῥα66ὶ,νῦν
1701 4048 1827 4118 tif;-

229 4171 361 4209 τουν
382 4170 442 4206 σε
455 4152 506 4206 οἱ
521 4151 768 4205 Ἰουδαῖοι
800 4149 1050 4210 λιθάσαι,
1071 4146 1168 4199 καὶ
1193 4142 1354 4219 πάλιν
1385 4141 1618 4208 ὑπάγεις
1637 4140 1755 4191 ἐκεῖ
1773 4154 1787 4204 ;
1802 4156 1819 4188 ι

231 4244 622 4317 Μικροψυχίας
648 4243 718 4297 τά
745 4243 987 4313 ῥήματα,
1014 4239 1108 4291 καὶ
1131 4236 1334 4307 μᾶλλον
1359 4232 1607 4301 ἀγνοίας·
1635 4230 1693 4283 ού
1716 4229 1827 4298 γὰρ

231 4341 436 4413 ᾔδεσαν
453 4339 509 4392 τὸ
528 4336 1071 4408 πραγματευόμενον,
1092 4332 1214 4384 ἐπεὶ
1233 4331 1333 4383 οὐκ
1346 4327 1412 4382 ἂν
1426 4324 1823 4396 ἐδυσχέραινον,

231 4435 335 4487 οὐκ
360 4433 428 4487 ἂν
445 4432 722 4494 τοιαύταις
754 4429 995 4500 ὲχρῶντο
1025 4429 1254 4497 φωναῖς,
1292 4422 1354 4476 τὸ
1387 4421 1585 4475 ἀναλκι
1610 4418 1704 4473 τοῦ
1733 4417 1826 4471 νοῦ

229 4526 531 4596 δηλούσαις
587 4525 681 4577 καὶ
738 4521 1022 4591 ἄνανδρον.
1050 4519 1204 4588 ’Ἅμα
1235 4516 1297 4598 δὲ.
1331 4513 1575 4583 καὶπερὶ
1601 4511 1701 4582 τὴν
1732 4509 1825 4562 πί·
1858 4542 1904 4598 D

234 4593 357 4671 στιν
421 4615 502 4668 ἔτι
552 4613 612 4666 τὸ
664 4612 874 4680 ἀπαγὲς
927 4609 1147 4679 ἔχοντες
1179 4646 1193 4668 ,
1247 4593 1477 4665 είκότως
1529 4598 1825 4651 ἐδεδίεσαν.

235 4707 412 4761 Ὅθεν
448 4704 649 4771 εῠλογα
677 4702 857 4771 λέγειν
887 4699 1108 4754 ἐδόκουν
1127 4713 1141 4728 ·
1164 4716 1183 4749 ι
1216 4694 1331 4749 Νῦν
1354 4693 1580 4762 ἐζήτουν
1609 4706 1669 4742 σε
1707 4687 1831 4741 Ἰου-

230 4803 377 4855 δαῖοι
402 4799 646 4863 λιθάσαι,
677 4798 773 4849 καὶ
801 4793 965 4848 πάλιν
997 4790 1232 4860 ὑπάγεις
1274 4789 1429 4852 ὲκεῖ;
1474 4781 1775 4853 Ἀπεκρίθη
1804 4782 1833 4835 ὁ

249 4892 468 4965 Ἰησοῦς
491 4908 504 4921 ·
536 4891 670 4961 Οὐχὶ
702 4888 910 4942 δώδεκα
938 4879 1079 4958 ὧραί
1117 4885 1223 4937 εἶσι
1275 4881 1376 4951 τῆς
1412 4878 1660 4949 ὴμέρας;
1706 4875 1833 4929 Ἐάν

232 5004 325 5050 τις
349 4987 630 5056 περιπατῇ
661 4985 717 5035 ὲν
742 4983 808 5052 τῇ
841 4979 1029 5050 ἡμέρα
1057 4977 1118 5031 οὐ
1151 4974 1509 5047 προσκόπτει,
1530 4969 1697 5024 ὅτιτὸ
1719 4967 1835 5038 φῶς

234 5079 336 5135 τοῦ
358 5078 567 5149 κόσμου
605 5072 801 5130 τούτου
846 5072 1057 5146 βλέπει.
1102 5071 1229 5125 Ἐὰν
1263 5069 1320 5123 δέ
1346 5085 1431 5130 τις
1463 5064 1744 5136 περιπατῇ
1765 5062 1832 5132 τῇ

238 5173 403 5227 νυκτὶ
429 5169 785 5242 προσκόπτει,
826 5168 908 5222 δτι
954 5164 1016 5218 τὺ
1050 5161 1166 5235 φῶς
1209 5162 1306 5215 οὐκ
1345 5161 1491 5214 ἔστιν
1525 5160 1582 5211 ὲν
1604 5154 1775 5227 αὐτῷ.
1811 5173 1829 5206 ι

319 5374 341 5393 ι·
377 5353 532 5410 10.").
569 5369 656 5419 XV,
692 5350 781 5405 15.

1919 3297 2136 3353 diebus.
2187 3315 2206 3348 ›
2239 3294 2612 3362 Quamobrem
2645 3292 2900 3347 mansit?
2924 3291 3134 3361 Nempe
3168 3291 3503 3345 moriturum

1921 3390 2150 3445 omnino
2185 3388 2550 3460 praeviderat;
2605 3389 2914 3456 volensque
2963 3384 3303 3440 venantibus
3332 3393 3385 3438 et
3411 3398 3508 3438 ca-

1921 3483 2213 3553 ptantibus
2242 3481 2594 3550 suspiciones
2642 3470 2882 3542 auferre,
2931 3491 2992 3532 se
3028 3477 3254 3531 interim
3285 3475 3508 3530 cohibet

1921 3580 2308 3639 etcunctatur,
2340 3569 2559 3641 quoille
2593 3567 2850 3623 exhalato
2884 3565 3086 3635 spiritu
3117 3564 3372 3618 tradatur
3417 3578 3509 3618 se-

1923 3667 2180 3738 pulturae,
2247 3674 2414 3734 utque
2459 3678 2528 3718 ne
2586 3670 2785 3732 praeter
2835 3658 3104 3714 decorum
3167 3655 3510 3712 rusticiusve

1925 3761 2250 3823 haberetur,
2292 3756 2438 3826 quod
2472 3758 2537 3808 ad
2572 3755 2808 3824 primam
2842 3752 3032 3807 statim
3059 3749 3403 3805 auditionem
3441 3748 3511 3801 ad

1924 3851 2183 3908 miraculi
2241 3848 2649 3905 exhibitionem
2708 3844 3046 3916 proruisset.
3086 3862 3104 3896 ι
3141 3840 3351 3897 Deinde
3386 3848 3514 3909 post

1926 3945 2066 4011 hac,
2138 3943 2277 3999 dicit
2335 3942 2627 4012 discipulis
2676 3940 2843 3996 suis:
2905 3936 3112 3993 Eamus
3170 3936 3225 3990 in
3267 3933 3514 3988 Judaeam

1927 4038 2151 4092 iterum.
2203 4054 2222 4087 ι
2276 4033 2475 4088 Divina
2533 4033 2652 4087 haec
2693 4030 2959 4085 audentia
2991 4038 3099 4095 est,
3133 4035 3188 4083 et
3228 4025 3397 4081 animi
3450 4026 3516 4078 ad

1927 4131 2239 4187 obeundam
2305 4129 2651 4201 passionem,
2709 4132 2764 4178 et
2824 4128 3236 4179 sacramentum
3321 4119 3520 4174 salutis

1928 4222 2188 4277 humanae
2234 4218 2301 4274 ad
2357 4218 2524 4272 tinem
2560 4214 2948 4271 deducendum
2997 4210 3222 4265 alacris.
3259 4227 3278 4260 ι
3319 4207 3519 4260 Dicunt

1929 4314 1980 4371 ei
2025 4311 2333 4382 discipuli:
2399 4308 2621 4377 Rabbi,
2660 4321 2809 4360 nunc
2863 4304 3188 4372 quaerebant
3237 4307 3291 4352 te
3340 4295 3516 4350 Judaei

1931 4406 2202 4478 lapidare,
2244 4412 2297 4460 et
2328 4403 2528 4458 iterum
2564 4398 2722 4453 vadis
2755 4396 2931 4452 illuc?
2968 4413 2986 4446 ι
3025 4393 3170 4447 Sunt
3201 4390 3373 4445 verba
3399 4390 3518 4444 ha‘c

1934 4499 2126 4571 pusilli
2160 4495 2353 4558 animi,
2387 4510 2453 4550 ac
2482 4492 2761 4565 priecipue
2789 4487 2984 4545 nescii.
3020 4486 3141 4542 Non
3170 4485 3316 4540 enim
3347 4497 3521 4536 nove-

1936 4601 2062 4648 rant
2087 4590 2224 4662 quid
2253 4589 2329 4644 rei
2363 4596 2645 4659 ageretur.
2673 4581 2833 4638 Haud
2858 4580 3068 4651 quippe
3102 4578 3330 4631 moleSIe
3359 4574 3522 4628 tulis-

1939 4693 2093 4743 sent:
2116 4681 2550 4752 haudquaquam
2571 4677 2710 4732 tales
2735 4679 3100 4744 usurpassent
3118 4682 3301 4733 voces,
3320 4667 3520 4735 quibus

1941 4778 2217 4835 imbellem
2247 4774 2491 4829 animum
2517 4771 3008 4837 cﬂ‘cminatumque
3029 4760 3407 4819 ostenderent.
3441 4757 3521 4811 Ad

1944 4872 2059 4927 haec
2089 4886 2245 4934 vero,
2282 4868 2387 4922 iide
2439 4863 2688 4920 nondum
2740 4861 2923 4923 ﬁrma,
2974 4872 3087 4912 non
3142 4853 3417 4910 inuncrito
3451 4853 3525 4904 ti-

1942 4970 2226 5021 muerunt.
2283 4958 2443 5015 Unde
2488 4955 2593 5012 sibi
2645 4968 2891 5023 congrue
2933 4949 3265 5005 videbantur
3294 4946 3525 5000 dicere:

1948 5074 1967 5110 ι
2004 5054 2163 5110 Nunc
2196 5050 2520 5124 quaerebant
2580 5056 2632 5101 te
2661 5044 2834 5100 Judaei
2894 5041 3181 5112 lapidare,
3229 5043 3285 5091 et
3327 5036 3525 5090 iterum

1947 5149 2107 5203 vadis
2162 5143 2337 5200 illuc?
2386 5138 2702 5211 Respondit
2755 5135 2965 5193 Jesus:
3006 5129 3201 5187 Nonne
3230 5126 3525 5183 duodecim

1585 5483 1979 5545 COMBEFISII
2007 5480 2244 5538 ΝΟΤᾹΣ.

323 5622 436 5727 (ηδ
470 5653 706 5727 Caiphae
738 5656 913 5703 autem
945 5642 1162 5727 insanin
1218 5639 1468 5727 [ςνιίείξξκ

252 5694 737 5784 νοεδῖυριῗθχίηιιιιι
789 5729 872 5773 est
902 5715 980 5786 τῷ
1024 5694 1456 5786 μαντησόμενον,
1505 5694 1661 5786 quq
1689 5694 1832 5786 haud
1866 5757 1875 5765 ο

255 5768 436 5853 dubii;
998 5768 1287 5858 :“I'uitq'uc'
1312 5791 1435 5858 vere
1466 5768 1543 5854 uti
1578 5770 1676 5858 ιιι).
1714 5768 1836 5858 ipso

253 5843 702 5940 “iamvpr—ophet—ia
730 5843 925 5933 μένεα
949 5865 1000 5912 et
1041 5843 1193 5908 furor
1234 5847 1455 5921 quidem
1509 5843 1834 5911 impotentis

1942 5625 2013 5679 ab
2044 5621 2248 5677 invidia
2315 5618 2488 5673 animi
2516 5634 2531 5682 ;
2572 5610 2857 5685 proiihctia
2883 5613 3132 5685 tantum:
3162 5610 3217 5655 ut
3250 5615 3291 5685 ιι
3315 5591 3534 5685 Spiritu

1945 5671 2261 5758 εεῖηρὶοῖίίὶ
2292 5671 2410 5760 ipse
2441 5671 2690 5743 Joannes
2722 5679 3045 5738 insinuavit.
3082 5671 3298 5743 Deperit
3328 5671 3384 5723 iu
3411 5682 3536 5721 νει·-

1946 5769 2102 5821 sione
2135 5766 2224 5819 ille
2266 5763 2439 5832 lepos.
