3966 6436
392 384 596 454 ~963

1669 374 1732 436 Β.
1756 372 2085 435 ANDREfE
2123 373 2548 433 CRETENSIS
3624 389 3713 454 θα

493 509 623 558 sunt
668 499 818 553 hora:
867 494 1010 551 diei?
1057 493 1112 548 Si
1146 493 1273 563 quis
1316 489 1683 547 ambulaverit
1711 490 1765 543 in
1808 488 1925 552 die,
1964 503 2053 543 nor

2173 489 2410 559 Αἴνιγμα
2463 487 2622 540 τοῦτο
2681 489 2777 556 τῆς
2821 488 2961 542 κατΞι
3015 488 3076 542 τδ
3136 489 3313 556 πάθος
3350 493 3512 566 ὥρας,
3545 503 3718 573 μικρὸν

492 590 724 646 o‘ll‘endit
752 627 767 652 ,
801 588 932 657 quia
992 586 1176 640 lucem
1228 583 1401 654 hujus
1441 580 1633 637 mundi
1661 580 1829 635 videt.
1868 580 1926 634 Si
1961 594 2063 633 au-

2175 579 2329 632 ούπω
2367 579 2671 651 μελλούσης
2692 582 3039 648 ἐφίστασθαι.

489 691 597 739 tem
628 679 990 737 ambulaverit
1034 679 1087 732 in
1131 684 1321 743 nocte,
1374 675 1598 730 olTendit
1626 715 1641 739 ,
1676 673 1804 743 quia
1839 674 1932 726 lux
1964 687 2074 725 non
2111 673 2279 728 estin
2322 689 2403 728 eo.
2440 693 2458 725 ι
2527 672 2777 730 Obscurc
2822 674 3101 745 signiﬁcat
3170 688 3384 746 tempus
3453 679 3718 757 passionis,

489 772 635 843 quod
670 770 948 825 modicum
985 768 1394 836 aliquantulum
1441 765 1676 820 debebat
1712 765 1993 834 ingruere.

562 868 710 921 Diem
747 881 934 935 porro,
982 864 1226 935 gratiam
1288 862 1625 931 cogitaveris
1672 867 1726 916 et
1758 861 2070 925 veritatem,

486 958 691 1031 quibus
742 956 1114 1011 colluStratus
1171 953 1265 1022 qui
1322 951 1708 1022 evangelicum
1758 958 1905 1003 tenet
1944 949 2072 1013 iter,

491 1065 601 1105 non
654 1048 883 1103 otl‘endit
944 1046 1128 1116 lapide
1172 1044 1433 1100 Iudaicae
1477 1042 1824 1108 offensionis,
1867 1060 1886 1093 ι
1934 1040 2075 1107 Quia

486 1144 666 1197 lucem
699 1141 868 1210 hujus
905 1139 1097 1193 mundi
1144 1137 1297 1193 videt
1327 1148 1378 1193 ι’.
1440 1156 1460 1189 ι
1497 1136 1611 1191 Lux
1646 1144 1828 1190 autem
1860 1135 2071 1200 mundi,

483 1233 747 1290 Christus
799 1239 907 1297 est,
968 1232 1064 1302 qui
1120 1230 1199 1284 ait
1250 1248 1320 1284 ε(
1361 1230 1477 1297 Ego
1531 1229 1627 1282 lux
1686 1228 1740 1283 in
1802 1226 2070 1282 mundum

483 1327 691 1383 veniq.
736 1344 756 1379 ι
799 1325 863 1380 Et
906 1341 929 1379 τ
990 1342 1009 1376 ι
1051 1324 1161 1396 Ego
1189 1338 1311 1377 sum
1348 1322 1439 1376 lux
1485 1321 1677 1375 mundi
1708 1329 1757 1374 ι’.
1818 1338 1838 1372 ι
1892 1318 2070 1374 Etiam

484 1415 936 1488 praedicationem
965 1414 1365 1483 evangelicam,
1394 1412 1570 1467 lucem
1601 1411 1906 1482 acceperis,
1966 1424 2070 1464 nec

486 1523 595 1564 non
652 1522 778 1578 quae
831 1517 920 1563 est
966 1522 1037 1561 ex
1091 1507 1370 1576 baptismo
1422 1505 1948 1575 regenerationem,
2005 1516 2071 1557 ac

482 1598 651 1653 etiam
685 1597 937 1651 honestis
966 1596 1221 1650 moribus
1266 1595 1526 1651 decoram
1558 1594 2069 1659 conversationem,

484 1699 545 1744 ut
582 1697 666 1746 est
704 1689 839 1743 illud
874 1705 886 1740 :
933 1707 954 1740 ‹
1013 1686 1106 1742 Sic
1138 1688 1322 1742 luceat
1371 1688 1469 1742 lux
1518 1694 1703 1743 vestra
1735 1701 1924 1742 coram
1966 1686 2066 1741 ho-

2243 856 2479 928 Νοήσεις
2512 856 2568 909 δὲ
2594 857 2830 929 ἡμέραν,
2870 857 2969 927 τὴν
2999 855 3163 927 χάριν
3191 856 3288 911 καὶ
3337 857 3435 929 τὴν
3461 860 3719 933 ἀλήθειαν,

2172 945 2258 1014 αἷς
2304 952 2332 1004 ὁ
2358 952 2456 1021 τήν
2497 949 2861 1019 εύαγγελικὴν
2894 948 3092 1002 ὁδεύων
3137 949 3255 1002 ὁδον
3301 950 3726 1024 ὲλλαμπόμενος,

2171 1042 2233 1093 οὺ
2259 1042 2600 1111 προσκόπτει
2631 1041 2707 1110 τῷ
2737 1040 2868 1110 λίθῳ
2916 1039 3010 1093 τοῦ
3054 1040 3346 1095 Ἰουδαϊκοῦ
3387 1044 3719 1117 προσκόμμα-

2172 1149 2285 1197 τος,
2315 1151 2333 1184 ι
2373 1132 2590 1185 Ὅτι’τὸ
2618 1132 2734 1201 φῶς
2763 1132 2858 1184 τοῦ
2887 1131 3093 1203 κόσμου
3142 1132 3334 1186 τούτου
3373 1133 3573 1204 βλέπει.
3602 1155 3619 1187 ι
3640 1140 3729 1191 K6-

2179 1241 2317 1295 σμου
2345 1224 2403 1277 δὲ
2433 1223 2571 1292 φῶς,
2598 1226 2627 1277 ὁ
2657 1224 2910 1294 Χριστὸς,
2960 1224 2990 1276 6
3042 1223 3212 1279 εἰπών
3238 1241 3251 1255 ·
3290 1243 3310 1277 ι
3361 1224 3500 1295 Ἐγὼ
3528 1228 3640 1297 φῶς
3660 1232 3729 1294 είς

2175 1314 2267 1368 τὸν
2304 1314 2507 1384 κόσμον
2528 1314 2784 1381 ἐλήλυθα.
2816 1333 2834 1365 ι
2867 1314 2997 1368 Καί·
3031 1334 3051 1366 ‹
3094 1314 3238 1385 Ἐγώ
3275 1318 3394 1387 είμι
3425 1317 3484 1370 τι
3514 1318 3622 1386 φῶς
3646 1320 3728 1374 τοῦ

2175 1405 2406 1476 κόσμου.
2442 1424 2460 1458 ι
2492 1406 2734 1476 Νοήσεις
2787 1405 2843 1458 δὲ
2879 1405 3017 1475 φῶς,
3046 1406 3144 1459 καὶ
3178 1407 3241 1459 τὸ
3278 1409 3625 1476 εὖαγγελικδν
3644 1413 3731 1482 κή-

2177 1517 2386 1571 ρυγμα,
2414 1501 2510 1553 καὶ
2537 1499 2636 1572 τὴν
2670 1500 2758 1555 διὰ
2803 1499 2897 1553 τοῦ
2959 1499 3335 1572 βαπτίσματος
3368 1504 3729 1576 άναγέννησιν,

2173 1593 2269 1645 καὶ
2298 1593 2398 1661 τὴν
2429 1591 2488 1644 ὲν
2518 1591 2639 1663 ἤθει
2691 1589 2878 1662 σεμνῷ
2932 1590 3212 1663 διαγωγήν
3246 1608 3259 1622 ·
3280 1591 3360 1657 ὡς
3401 1593 3482 1646 τό’
3510 1612 3529 1645 ι
3568 1594 3729 1658 Οὕτως

2174 1683 2443 1754 λαμψάτω
2472 1684 2533 1737 τὸ
2562 1684 2676 1754 φῶς
2707 1682 2862 1755 ὑμῶν
2901 1683 3219 1755 ἔμπροσθεν
3242 1684 3351 1738 τῶν
3377 1685 3682 1758 ἀνθρώπων.
3708 1708 3722 1739 ι

483 1781 728 1835 minibus
756 1786 801 1835 τ.
864 1795 882 1830 ι
946 1776 1177 1833 Noctem
1235 1762 2053 1848 ευιεηι,’1εεοιειηοεεοίιοιειι

2176 1777 2367 1832 Νύκτα
2399 1778 2478 1841 δὲ,
2505 1777 2603 1849 τὴν
2636 1778 2869 1849 νομικὴν
2898 1776 3195 1846 ἁϐλεψίαν·
3249 1777 3374 1832 καθ’
3417 1779 3484 1851 ἢν
3517 1782 3543 1833 6
3568 1780 3655 1851 τήν
3680 1780 3728 1833 ἐν

484 1871 765 1941 intellige,
797 1885 904 1939 qua
933 1869 1028 1940 qui
1064 1867 1360 1941 ﬁgurarum
1399 1869 1656 1941 graditur
1695 1870 1809 1934 via,
1846 1869 2067 1940 solique

483 1962 722 2018 attendit
775 1962 991 2027 littera},
1054 1960 1109 2014 in
1157 1959 1449 2016 Christum
1509 1959 1766 2025 oll‘endit,
1816 1959 2064 2030 positum

483 2065 692 2124 petram
720 2053 1049 2108 offensionis
1082 2052 1135 2106 ei
1174 2053 1272 2122 qui
1306 2067 1406 2122 per
1458 2051 1850 2108 inﬁdelitatem
1878 2066 2063 2107 caecu-

480 2143 571 2200 tit.
634 2143 705 2196 At
752 2143 847 2214 qui
898 2140 1160 2197 oll'endit?
1212 2142 1363 2196 velut
1421 2141 1514 2212 qui
1579 2158 1687 2199 non
1741 2143 1949 2198 habeat
2008 2142 2065 2196 in

479 2235 668 2305 seipso
706 2233 886 2289 lucem
922 2234 1133 2304 gratiae,
1161 2248 1270 2304 qua
1316 2233 1499 2304 pulsis
1530 2233 1895 2303 disjectisque
1926 2234 2066 2288 den-

476 2325 556 2382 sis
582 2327 850 2392 tenebris,
874 2325 1110 2396 spiritus
1148 2324 1442 2396 splendore
1492 2324 1680 2381 littera
1726 2326 2060 2382 illustratur.

478 2416 644 2474 Forte
682 2434 811 2475 vero
839 2418 961 2473 dies
996 2419 1161 2472 etiam
1193 2418 1446 2473 videatur
1476 2419 1729 2474 miraculi
1761 2419 2062 2484 evidentia,

478 2508 624 2580 quod
654 2509 842 2565 statim
875 2509 1016 2564 solis
1071 2509 1249 2564 instar
1303 2509 1599 2565 tenebrosa
1632 2510 1821 2575 corda,
1859 2516 2064 2564 totam~

476 2615 585 2670 que
617 2600 839 2671 penitus
884 2597 1129 2654 Iudaeam
1181 2597 1581 2653 circumfulsit.
1622 2598 1742 2654 Non
1776 2601 1921 2654 enim
1954 2601 2064 2655 sic-

478 2700 538 2744 ut
568 2691 623 2744 in
676 2691 822 2758 aliis,
865 2707 933 2745 ne
961 2692 1052 2744 eui
1084 2689 1418 2744 miraculum
1457 2690 1765 2745 referretur
1793 2691 2058 2761 injunxit;

475 2797 602 2836 nam
647 2798 831 2853 neque
876 2782 930 2835 in
986 2781 1213 2837 occulto
1242 2789 1586 2851 patraveral.
1616 2776 1847 2838 Noctem
1876 2791 2059 2837 autem

472 2877 637 2932 etiam
664 2872 872 2930 Judaeis
905 2872 1143 2928 otl‘usam
1186 2875 1488 2945 caliginem
1523 2882 1937 2945 consequenter
1967 2891 2061 2930 ac-

471 2968 714 3035 ceperis,
771 2981 877 3037 qua
938 2975 1158 3020 Caecatus
1211 2976 1344 3020 sunt
1398 2966 1621 3037 pupilla:
1652 2967 1820 3020 animi
1850 2967 2058 3038 duplici

473 3060 578 3113 hoc
620 3059 942 3113 laborantes
995 3061 1221 3124 morbo,
1269 3059 1587 3130 ignorantia
1650 3066 1704 3113 et
1761 3061 2055 3115 caecitate:

2175 1871 2367 1935 τύποις
2395 1869 2598 1925 ὁδεύων
2658 1870 2798 1936 ὁδὸν,
2848 1869 2944 1924 καί⁸
2997 1873 3133 1943 μόνῃ
3187 1873 3255 1942 τῇ
3290 1870 3385 1925 τοῦ
3430 1872 3727 1943 γράμματος

2174 1962 2529 2035 προσανέχων
2592 1962 2740 2033 σκιᾷ,
2798 1963 3126 2033 προσπταίει
3181 1960 3262 2034 τῷ
3321 1960 3538 2035 Χριστῷ
3575 1964 3730 2036 πέτρᾳ

2175 2053 2476 2109 σκανδάλου
2509 2054 2588 2124 τῷ
2635 2053 2703 2106 δι’
2737 2054 3000 2107 ἀπιστίαν
3031 2053 3454 2125 άμὸλυωνποῦντι
3498 2055 3726 2127 κειμένῳ.

2174 2143 2515 2216 Προσκρούει
2545 2142 2600 2196 δὲ
2640 2142 2794 2208 πῶς;
2831 2144 2907 2206 ὡς
2941 2143 3002 2197 τὸ
3033 2145 3146 2213 φῶς
3197 2145 3301 2197 οὐκ
3337 2144 3474 2216 ἔχων
3498 2147 3553 2198 ἐν
3575 2146 3730 2217 ἑαυτῷ

2171 2234 2274 2305 τῆς
2302 2235 2525 2307 χάριτος
2545 2250 2559 2265 ο
2588 2224 2632 2301 ᾧ
2653 2232 2714 2286 τὸ
2738 2231 2968 2297 σκιῶδες
2998 2233 3174 2305 ἠλάθη
3202 2234 3416 2301 σκότος,
3440 2236 3473 2306 ἢ
3505 2235 3727 2306 διεκόπη.

2171 2329 2237 2399 τῇ
2290 2326 2596 2398 λαμπηδόνι
2662 2326 2757 2380 τοῦ
2817 2325 3134 2397 πνεύματος
3183 2327 3601 2396 διαυγασθέντος
3645 2327 3727 2381 τοῦ

2171 2419 2518 2490 γράμματος.
2571 2418 2814 2491 Ἡμέρας
2856 2418 2915 2471 δὲ
2986 2420 3204 2491 νοήσεις
3250 2419 3395 2490 τάχα
3439 2420 3530 2473 καὶ
3572 2418 3729 2473 τὸτοῦ

2172 2510 2452 2580 θαύματος
2480 2508 2734 2581 ἐναργὲς,
2777 2510 2930 2580 ήλίου
2970 2510 3128 2582 δίκην
3159 2511 3258 2574 τὰς
3312 2512 3584 2583 ἀλαμπεῖς
3613 2527 3731 2582 καρ-

2167 2600 2306 2667 δίας,
2354 2601 2449 2654 καὶ
2510 2602 2691 2654 πᾶσαν
2744 2601 2914 2673 ἄρδην
2953 2602 3154 2658 αὐτίκα
3193 2602 3295 2674 τήν
3355 2603 3612 2658 Ἰουδαίαν
3650 2620 3730 2655 πε-

2170 2694 2497 2765 ριαυγάσαν.
2526 2695 2600 2748 06
2633 2694 2742 2765 γάρ
2773 2693 2848 2758 ὡς
2888 2696 2945 2746 ὲν
3003 2697 3119 2759 τοῖς
3177 2694 3394 2762 ἄλλοις,
3438 2696 3616 2768 μηδενὶ
3652 2696 3730 2763 ἐξ·

2169 2791 2342 2841 ειπεῖν
2370 2788 2429 2840 τὸ
2460 2786 2647 2859 θαῦμα
2672 2788 3063 2860 παρήγγειλεν,
3090 2789 3173 2843 ὅτι
3204 2791 3281 2861 μὴ
3309 2790 3546 2862 κρύϐδην
3577 2791 3730 2861 ἐξειρ-

2166 2882 2392 2949 γάσατο.
2426 2880 2619 2934 Νύκτα
2681 2880 2739 2933 δὲ
2808 2882 2901 2934 καὶ
2934 2880 3033 2946 τὴν
3061 2881 3169 2935 τῶν
3226 2883 3501 2938 Ἰουδαίων
3538 2885 3728 2955 νοήσεις

2167 2973 2479 3036 ἀκολούθως
2509 2972 2701 3044 ἀχλὺν,
2732 2971 2855 3026 καθ’
2882 2973 2949 3044 ἣν
2971 2973 3068 3043 τῆς
3094 2966 3279 3044 ψυχῆς
3303 2975 3404 3040 τὰς
3434 2976 3595 3050 κόρας
3637 2976 3728 3030 ἀπ·

2167 3066 2582 3137 ετυφλώθησαν,
2611 3064 2703 3119 δύο
2757 3064 2932 3120 ταῦτα
2965 3067 3321 3136 νοσήσαντες,
3362 3067 3627 3135 ἀγνωσίαν
3648 3066 3728 3120 καὶ

475 3169 496 3204 ι
541 3149 871 3207 Nescierunt
923 3152 1095 3215 enim,
1149 3152 1356 3222 inquit,
1394 3167 1576 3221 neque
1624 3152 2053 3215 intellexerunt,

2166 3132 2415 3233 πήρωσιν
2443 3132 2456 3190 ξ
2488 3180 2508 3212 ι
2538 3161 2613 3213 Uti
2637 3158 2745 3230 γὰρ
2787 3158 3058 3227 ἔγνωσαν,
3083 3132 3282 3228 ’φησὶν,
3310 3132 3437 3213 οὐδε
3487 3159 3725 3229 συνῆκαν,

471 3245 528 3300 in
561 3245 804 3301 tenebris
862 3245 1150 3299 ambulant
1181 3252 1227 3298 '.
1261 3262 1280 3296 ›
1328 3243 1433 3310 Qui
1467 3261 1580 3299 non
1615 3245 1778 3300 modo
1805 3260 1913 3299 non
1946 3244 2063 3300 vel-

471 3337 586 3392 leat
608 3336 796 3392 videre
826 3337 1006 3392 lucem
1040 3336 1095 3390 in
1134 3337 1380 3391 tenebris
1437 3337 1714 3391 lucentem
1749 3337 1800 3402 ί,
1836 3337 1931 3393 sed
1958 3352 2058 3392 ne-

468 3443 598 3499 que,
667 3427 755 3481 sin
802 3426 987 3482 minus
1031 3427 1182 3481 aliud
1252 3427 1581 3498 quidquam,
1646 3428 2056 3483 multitudinem

469 3521 756 3588 signorum
805 3530 1237 3575 revererentur:
1291 3521 1526 3591 ideoque
1555 3520 1684 3591 jure
1730 3523 1885 3576 nocti
1915 3522 2061 3577 assi-

2163 3254 2222 3305 ἑν
2246 3253 2427 3305 σκότει
2448 3251 2883 3322 διαπορεύονται.
2916 3270 2934 3302 ι
2964 3251 3057 3322 Μὴ
3087 3252 3167 3305 ὅτι
3189 3251 3256 3305 τὸ
3287 3251 3415 3321 φῶς
3431 3252 3500 3307 ἐν
3524 3249 3589 3320 τῇ
3606 3264 3729 3305 σκο-

2160 3343 2258 3411 τίᾳ
2288 3344 2510 3413 φαῖνον
2539 3343 2758 3414 βλέπειν
2786 3344 2847 3397 οὑ
2876 3343 3256 3414 βουληθέντες,
3284 3345 3403 3398 ἀλλ’
3437 3345 3543 3398 οὐδ’
3566 3344 3612 3397 εί
3661 3342 3724 3414 μή

2159 3454 2212 3490 τι
2236 3436 2384 3503 ἄλλο,
2416 3435 2527 3490 τῶν
2550 3453 2614 3505 γε
2659 3434 2904 3507 σημείων
2950 3435 3295 3501 αἰδεσθέντες
3343 3437 3413 3490 τά
3446 3434 3619 3508 πλήθη
3640 3451 3654 3466 ο
3683 3432 3725 3487 οἶ

2159 3527 2386 3590 δικαίως
2410 3527 2569 3580 νυκτὶ
2625 3526 3014 3597 ὼμοιώθησαν,
3045 3525 3143 3580 καὶ
3169 3521 3253 3590 οἷς
3291 3526 3446 3592 λίθος
3467 3526 3725 3599 προσκόμο

469 3611 646 3666 milati
691 3619 843 3676 sunt,
875 3618 929 3666 et
960 3612 1168 3682 quibus
1216 3612 1532 3668 incredulis
1569 3614 1769 3667 merito
1795 3612 2053 3670 Christus

2162 3635 2333 3690 ματος
2361 3618 2456 3671 καὶ
2491 3617 2662 3688 πέτρα
2694 3617 2993 3672 σκανδάλου
3024 3618 3251 3682 εἰκότως
3280 3619 3495 3688 γίνεται
3514 3617 3724 3691 Χριστὸς

468 3704 611 3775 lapis
674 3704 1006 3761 offensionis
1036 3717 1090 3760 et
1121 3714 1276 3775 petra
1318 3706 1568 3762 scandali
1604 3706 1787 3763 factus
1813 3708 1885 3763 sit
1912 3725 1965 3761 ιι.

544 3815 565 3848 ι
599 3795 748 3861 Haec,
783 3797 982 3867 inquit,
1032 3798 1131 3862 ait,
1167 3806 1220 3852 et
1252 3805 1378 3867 post
1437 3798 1553 3852 hinc
1589 3798 1731 3851 dixit
1758 3798 2054 3869 discipulis

468 3888 590 3944 suis
619 3905 634 3942 :
663 3888 903 3943 Lazarus
963 3896 1156 3944 noster
1210 3890 1436 3943 dormit.
1468 3908 1487 3941 ι
1532 3888 1766 3946 Videtur
1826 3892 2052 3962 quidem

465 3980 613 4049 quod
641 3978 850 4032 dictum
889 3987 997 4041 est,
1039 3979 1339 4033 obscurius
1389 3977 1604 4033 dictum
1633 3997 1649 4033 :
1680 3980 1835 4034 clara
1868 3988 2053 4037 tamen

465 4077 551 4125 est
576 4069 851 4138 expositio
882 4076 939 4123 et
971 4067 1223 4122 doctrina
1267 4070 1347 4123 rei
1372 4084 1499 4139 quae
1530 4070 1900 4138 signiﬁcatur.
1935 4071 2052 4128 Uu-

464 4159 535 4215 de
564 4161 729 4215 etiam
756 4175 983 4216 causam
1011 4160 1182 4215 eundi
1239 4161 1457 4216 adeum
1522 4178 1589 4216 ex
1616 4163 1853 4219 adverso
1904 4167 2052 4222 infe-

464 4267 615 4319 rens,
648 4253 725 4306 ait
769 4270 783 4305 :
813 4272 831 4304 ι
865 4251 972 4308 Sed
1007 4253 1149 4308 vado
1185 4262 1244 4310 ut
1277 4270 1306 4308 a
1347 4270 1547 4309 somno
1575 4258 1813 4313 excitem
1841 4272 1991 4314 eum.
2022 4278 2041 4311 ι

462 4345 579 4402 lloc
614 4361 781 4415 porro
817 4347 894 4400 ait
952 4362 1062 4400 non
1120 4347 1518 4416 jactabumlus.
1586 4349 1720 4403 Num
1777 4351 1924 4405 enim
1972 4354 2047 4409 ita

461 4441 702 4495 obscure
731 4440 948 4495 locutus
975 4451 1144 4501 esset,
1181 4449 1239 4493 ut
1272 4457 1448 4512 neque
1479 4443 1585 4511 ipsi
1634 4443 1895 4514 discipuli
1926 4462 2046 4500 ser—

462 4546 679 4586 monem
737 4532 1148 4600 intelligerent?
1179 4530 1314 4587 Nam
1381 4550 1493 4589 non
1557 4535 1698 4589 dixit
1733 4554 1747 4591 :
1782 4534 1933 4591 Vade
1986 4546 2047 4592 ut

461 4623 529 4676 ad
559 4625 726 4677 vitam
776 4636 1050 4689 revocent,
1113 4625 1195 4678 vel
1228 4633 1286 4679 ut
1313 4640 1340 4678 a
1366 4626 1608 4682 mortuis
1668 4630 1998 4683 resuscitem
2028 4646 2044 4685 :

460 4714 582 4779 sed,
619 4731 638 4764 ‹
663 4710 733 4767 Ut
759 4714 993 4768 excitem
1025 4731 1055 4769 a
1090 4731 1291 4770 somno
1320 4734 1368 4780 ι,
1409 4719 1555 4787 quod
1591 4719 1773 4773 adhuc
1805 4730 1921 4775 erat
1952 4737 2047 4775 ru-

458 4804 587 4857 dius
613 4804 681 4857 ad
745 4806 1146 4875 suspicionem.
1209 4826 1227 4858 ι
1280 4806 1485 4862 Dicunt
1541 4826 1673 4880 ergo
1735 4812 2044 4882 discipuli:

463 4894 709 4959 Domine,
764 4898 809 4952 si
868 4900 1097 4963 durmit,
1161 4901 1353 4955 salvus
1384 4903 1536 4957 erit:
1577 4922 1595 4955 ι
1655 4914 2047 4974 exspectantes

459 4988 845 5044 excitationem
885 5007 914 5043 a
946 5007 1166 5046 somno.
1212 5011 1229 5043 ι
1268 4995 1487 5047 Dixerat
1514 5009 1698 5050 autem
1760 4996 1945 5063 Jesus,
1978 5000 2048 5053 de

461 5090 638 5135 morte
667 5083 832 5150 ejus:
873 5082 950 5136 illi
987 5093 1170 5138 autem
1211 5093 1552 5154 putaverunt
1608 5088 1756 5156 quod
1793 5090 1861 5142 de
1912 5089 2043 5143 dor-

459 5172 689 5227 mitione
715 5175 897 5229 somni
958 5175 1189 5231 diceret.
1223 5195 1241 5227 ι
1282 5175 1447 5232 Vides
1485 5179 1753 5235 doctrinae
1798 5182 2040 5237 alienata

459 5264 604 5320 fastu
638 5282 850 5331 vocem,
909 5276 969 5322 ut
1004 5285 1181 5340 neque
1214 5270 1307 5340 qui
1356 5271 1633 5337 audirent,
1668 5289 1777 5342 prre
1802 5274 2040 5329 locutio-

456 5357 546 5412 nis
577 5356 894 5415 humilitate
930 5369 1158 5427 possent
1188 5362 1686 5433 percipcre?Unde
1719 5381 1818 5421 nec
1854 5368 2035 5422 incre-

458 5450 628 5517 pavit,
662 5459 724 5505 ut
754 5467 865 5506 non
892 5468 1022 5507 raro
1076 5454 1228 5509 visus
1258 5466 1342 5511 est
1376 5455 1575 5522 facere,
1628 5474 1757 5513 cum
1786 5460 1935 5516 dicta
1969 5463 2036 5515 ad

457 5542 613 5610 ipsos
645 5541 830 5597 minus
896 5544 1269 5614 perciperent,
1307 5562 1371 5601 ac
1405 5551 1693 5620 corrigens
1722 5554 2036 5622 castigans-

455 5647 565 5702 que
592 5647 789 5687 eorum
846 5633 1188 5691 tarditatem.
1249 5635 1454 5695 Verum
1513 5659 1749 5699 excusso
1779 5644 2036 5698 obscuri-

523 5755 553 5795 ι’
577 5743 737 5800 Jmn.
782 5757 857 5804 ιιι,
888 5740 942 5798 9.

458 5831 645 5878 num,
686 5815 792 5882 18;
830 5818 985 5873 Rom.
1039 5835 1117 5885 ιιι,
1149 5821 1244 5879 55.

1067 5758 1095 5798 (ι
1134 5747 1291 5832 J-nan.
1356 5741 1565 5832 Χιμξῦ.
1597 5752 1615 5775 τ
1646 5743 1946 5821 Joan._vm,
1976 5749 2052 5800 l2.

2158 3710 2514 3782 ἀπειθήσασι.

2235 3823 2254 3855 ι
2291 3802 2476 3856 Ταῦτα
2529 3796 2670 3865 εἷπε,
2732 3803 2898 3873 φησὶ,
2960 3803 3056 3856 καὶ
3115 3801 3254 3873 μετὰ
3296 3802 3477 3859 ταῦτα
3554 3800 3721 3869 λέγει’

2156 3893 2408 3966 Λάζαρος
2439 3895 2467 3948 6
2505 3893 2657 3962 φίλος
2697 3893 2854 3965 ήμῶν
2891 3894 3242 3965 κεκοίμηται.
3286 3914 3306 3945 ι
3348 3896 3483 3949 Μετ’
3512 3892 3720 3963 ἐπικρύ-

2154 3986 2302 4058 ψεως
2351 3986 2450 4056 μὲν
2497 3986 2647 4038 δοκεῖ
2697 4002 2815 4047 πως
2872 3983 3124 4056 εἰρῆσθαι
3179 3986 3296 4062 τοῖς
3358 3985 3628 4057 μαθηταῖς
3672 3980 3723 4033 τὸ

2154 4080 2344 4150 λεχθέν
2367 4096 2380 4108 ·
2406 4078 2665 4148 ἔκφανσις
2686 4077 2743 4130 δὲ
2759 4074 2853 4130 τοῦ
2885 4075 3297 4147 σημαινομένου
3325 4078 3516 4132 τούτου
3543 4074 3721 4143 σαφής.

2153 4168 2246 4222 Διὸ
2277 4169 2368 4229 καλ⁵
2389 4169 2488 4239 τὴν
2527 4168 2706 4222 αἰτίαν
2730 4169 2829 4238 τῆς
2867 4169 2955 4220 ἐπ’
2984 4169 3146 4222 αὑτὸν
3187 4171 3419 4239 πορείας
3449 4164 3723 4235 ἀντεπιφέ-

2155 4279 2285 4333 ρων,
2313 4262 2511 4333 φησίνο
2541 4280 2560 4313 ι
2608 4259 2769 4314 Ἀλλὰ
2819 4260 3162 4333 πορεύομαι,
3197 4262 3287 4314 ἵνα
3333 4263 3602 4327 ἐξυπνίσω
3635 4258 3722 4312 αύ-

2151 4355 2266 4408 τόν.
2314 4373 2333 4406 ι
2368 4355 2444 4408 Οὐ
2492 4354 2795 4424 κομπάζων
2832 4352 2889 4406 δὲ
2933 4352 3090 4406 τοῦτό
3137 4371 3325 4424 φησιν,
3375 4355 3452 4406 Οὐ
3511 4351 3616 4422 γὰρ
3667 4347 3724 4403 ἂν

2150 4436 2325 4509 οὕτως
2349 4444 2598 4516 ἀμυδρὰν
2614 4444 2767 4514 ἠφίει
2795 4444 2998 4515 φωνὴν,
3021 4444 3096 4508 ὡς
3125 4443 3250 4514 μηδ’
3272 4446 3485 4508 αὐτοὺς,
3504 4438 3721 4497 συνιέναι

2112 4534 2277 4600 ⁷τοὶρς
2332 4536 2579 4607 μαθητὰς
2616 4535 2708 4589 τὸν
2739 4536 2920 4604 λόγον.
2975 4537 3051 4588 υύ
3098 4537 3207 4607 γὰρ
3247 4537 3390 4607 ἔφη,
3426 4534 3719 4607 Πορεύομαι

2151 4626 2436 4699 ζωώσωνῆ
2464 4629 2785 4696 ἀναστήσων
2802 4628 2963 4682 αὑτὸν
2994 4630 3058 4682 ἐκ
3084 4628 3296 4700 νεκρῶν
3320 4646 3335 4660 ·
3379 4630 3494 4683 ἀλλ’
3514 4669 3529 4695 ,
3557 4647 3576 4680 ι
3614 4624 3720 4691 Ἐξ*

2150 4720 2415 4785 υπνίσων,
2456 4741 2473 4774 ι
2499 4722 2636 4791 ὅπερ
2666 4716 2734 4793 ἦν
2751 4721 2944 4793 ἄγριον
2962 4722 3100 4786 τέως
3117 4725 3197 4787 είς
3226 4722 3484 4793 ὑποψίαν.
3520 4741 3539 4774 ι
3570 4716 3720 4775 Εἶπον

2148 4812 2242 4869 οὖν
2264 4817 2312 4868 οἱ
2339 4814 2609 4886 μαθηταί·
2647 4815 2841 4887 Κύριε,
2874 4819 2925 4869 εἰ
2951 4817 3304 4887 κεκοίμηται,
3336 4816 3636 4888 σωθήσεται
3660 4828 3672 4843 ⁸
3696 4831 3711 4864 ι

2149 4908 2247 4979 τὴν
2279 4908 2345 4960 ὲκ
2386 4906 2478 4960 τοῦ
2511 4905 2683 4961 ὕπνου
2727 4907 3161 4979 καραδοκοῦντες
3188 4910 3541 4979 ἐγρήγορσιν.
3577 4926 3595 4958 ι
3631 4905 3714 4959 El-

2148 5001 2305 5071 ρήκει
2333 4998 2390 5051 δὲ
2419 5001 2448 5052 6
2486 4997 2694 5068 Ἰησοῦς
2718 4998 2847 5071 περὶ
2886 4999 2980 5052 τοῦ
3025 4998 3260 5054 θανάτου
3294 4999 3461 5054 αὑτοῦ
3487 5015 3503 5029 ο
3531 4998 3711 5051 ἐκεῖνοι

2144 5090 2199 5144 δὲ
2225 5090 2450 5155 ἔδοξαν,
2484 5092 2565 5144 ὅτι
2609 5092 2737 5162 περὶ
2780 5092 3094 5161 κοιμήσεως
3126 5091 3278 5159 λέγει
3319 5091 3415 5144 τοῦ
3464 5090 3646 5144 ὕπνου.
3690 5103 3707 5137 ι

2154 5184 2336 5255 Ὀρᾷς,
2372 5185 2752 5255 ἁφιλοκόμπου
2782 5185 3134 5248 διδασκαλίας
3158 5186 3362 5255 φωνήν,
3394 5186 3469 5248 ὡς
3488 5181 3711 5242 καὶτοὺς

2142 5277 2483 5345 πυθομένους
2523 5279 2598 5348 μὴ
2621 5278 2917 5348 δυνηθῆναι
2951 5278 3181 5332 συνιδεῖν
3213 5277 3274 5332 τὸ
3312 5278 3500 5349 λεχθὲν
3524 5278 3585 5348 τῇ
3619 5288 3709 5343 με·

2146 5368 2425 5440 τριολογίᾳ
2454 5369 2553 5437 τῆς
2578 5370 2859 5440 captiosum;
2898 5370 3083 5438 Ὅθεν,
3123 5368 3246 5425 οὐδὲ
3286 5368 3604 5440 ἐπέπληξεν,
3636 5364 3705 5426 ὡς

2146 5460 2409 5524 πολλάκις
2440 5461 2610 5530 ἐφάνη
2652 5462 2850 5526 ποιῶν,
2903 5463 2979 5532 μὴ
3017 5463 3302 5527 συνιέντας
3341 5460 3376 5514 ἃ
3415 5461 3589 5515 ἐλάλει
3614 5456 3705 5511 αὐ-

2144 5554 2277 5614 τοῖς,
2298 5552 2392 5604 καὶ
2421 5550 2518 5622 τὴν
2549 5551 2729 5603 αὐτῶν
2749 5551 2985 5618 νωθρίαν
3006 5553 3494 5623 ἐπανορθούμενος.
3529 5552 3703 5620 Ὅμως

2146 5635 2513 5715 ἀναρριπίσας
2556 5644 2615 5696 τὸ
2657 5643 2756 5713 τῆς
2795 5643 3067 5713 ἀσαφείας
3105 5645 3498 5715 προκάλυμμα,
3550 5637 3700 5705 σαφέ-

2212 5766 2235 5793 ³
2267 5758 2414 5815 Psal.
2468 5775 2652 5828 uni,
2685 5759 2738 5813 5.
2824 5760 2839 5795 ι
2870 5756 3032 5813 Joan.
3063 5757 3173 5829 r,_5
3269 5771 3294 5799 η
3322 5757 3424 5813 lsa.
3453 5770 3569 5819 vnt,
3602 5751 3695 5815 li;
