3966 6438
317 427 425 494 965

1392 425 1477 487 ΙΝ
1507 424 1872 487 LAZARUM
1910 421 2562 497 QUATRIDUANUM.

3490 430 3597 494 966

320 554 494 592 στα-τα
524 535 583 591 τὸ
620 534 853 608 πρᾶγμα
877 535 1080 608 δηλοῖό
1106 534 1360 609 Χριστος,
1388 538 1484 592 καί
1521 556 1542 591 ι
1585 540 1726 611 Φησι
1761 541 1897 612 παῤ-

2015 537 2146 593 tatis
2179 537 2476 605 velamine,
2508 550 2625 593 rem
2661 537 2924 597 Christus
2950 541 3101 597 clare
3151 541 3350 612 aperit,
3374 551 3433 598 et
3458 562 3479 596 ι
3510 545 3603 601 Ait

323 630 489 701 ῥησίᾳ
508 646 522 661 ο
551 627 797 698 Λάζαρος
827 627 1124 683 ἀπέθανεν.
1155 647 1174 681 ι
1206 627 1395 693 Οὕτως
1413 629 1644 701 ἠγνόουν
1662 632 1721 685 τὸ
1747 631 1907 701 λεγό-

324 739 485 793 μενον
507 738 521 751 ο
551 722 646 774 καὶ
675 720 914 792 τοσούτῳ
952 721 1137 787 πλέον,
1160 723 1271 794 ὅσῳ
1305 724 1398 777 καὶ
1431 723 1907 796 παρηλλαγμένως

317 814 420 887 τὴν
456 814 845 887 ἀνθυποφοραν
877 815 1158 895 ἐποιοῦντο
1204 816 1298 870 τοῦ
1346 815 1529 885 λόγου.
1580 817 1745 871 Μάλα
1775 818 1908 886 γοῦν

319 905 617 975 εὐπρεπῶς
634 908 662 960 ό
685 906 890 977 Κύριος
921 907 1274 979 θριαμϐεύων
1302 908 1365 961 τὸ
1383 910 1634 981 πρᾶγμα,
1659 908 1905 980 παρευθὺ

320 1000 605 1072 ἐπιφέρει·
664 1018 683 1052 ι
731 1001 984 1068 Λάζαρος
1039 1001 1336 1055 ἀπέθανεν.
1386 1021 1405 1052 ι
1480 1001 1695 1056 Ὡσανεὶ
1746 998 1909 1056 τοῦτο

318 1093 528 1169 λέγων·
567 1092 767 1155 Γνῶτε,
790 1093 956 1165 φησὶ,
986 1093 1078 1148 διὰ
1108 1094 1209 1164 τῆς
1248 1094 1563 1163 ὲκφάνσεως
1592 1094 1651 1148 τὸ
1678 1095 1905 1166 γενησό-

324 1199 519 1254 μενονο
551 1201 568 1233 ι
607 1182 920 1253 Πορεύομαι
946 1184 1054 1253 γὰρ
1084 1184 1170 1237 ἵνα
1206 1182 1480 1248 ἐξυπνίσω
1504 1185 1697 1241 αύτόν.’
1735 1204 1753 1236 ι
1794 1184 1907 1239 Καὶ

319 1274 484 1326 τοῦτο
521 1272 921 1342 ἀφιλοκόμπως
947 1289 960 1302 ·
1003 1274 1063 1326 οὐ
1103 1272 1212 1345 γὰρ
1237 1273 1710 1345 φιλοτιμούμενος,
1740 1275 1815 1338 ὡς
1842 1275 1908 1330 ἄν

318 1381 407 1425 τις
438 1361 596 1430 φαίη,
628 1359 752 1414 οὔτε
785 1360 1112 1431 ἀδυναμίας,
1145 1363 1177 1431 ἢ
1212 1363 1435 1430 ἀγνοίας
1469 1363 1909 1434 ἀποφαινόμενος

321 1457 547 1525 ῥήματα
566 1469 582 1484 ⁶
619 1452 735 1505 ἀλλ’
760 1453 896 1522 ὁμοῦ
918 1454 1115 1520 πάντα,
1146 1454 1208 1507 τὸ
1236 1454 1424 1525 σοφὸν,
1454 1456 1548 1509 καὶ
1571 1473 1910 1527 προγνωστι-

320 1545 440 1607 κὸν,
482 1544 577 1596 καὶ
617 1544 846 1596 δυνατὸν
897 1545 1231 1613 ὑποφαίνων,
1279 1544 1316 1600 ἃ
1364 1549 1459 1601 καὶ
1499 1534 1714 1619 προσῆν
1759 1550 1909 1621 αὐτῷ

284 1637 467 1708 ,κατὰ
491 1635 675 1706 φύσιν.
719 1636 811 1700 Ὧς
850 1635 959 1708 γὰρ
1004 1638 1103 1710 ήδη
1134 1639 1419 1709 παρόντων
1458 1641 1567 1695 τῶν
1610 1642 1906 1713 ἐσομένων,

320 1728 596 1802 προῦλεγε
626 1728 727 1793 τὰς
758 1729 1038 1798 ἐκϐάσεις.

404 1926 423 1959 ι
448 1908 709 1983 ,Λάζαρος
737 1909 978 1965 ἀπέθανε
1000 1926 1011 1939 ’
1062 1913 1157 1966 καὶ⁵
1190 1914 1367 1986 χαίρω
1392 1916 1460 1969 δι’
1495 1917 1639 1989 ὑμᾶς
1659 1961 1674 1983 ,
1705 1920 1786 1977 ὅτι
1809 1919 1909 1975 οὐκ

319 2000 476 2071 ἥμην
514 2002 631 2054 ἐκεῖ
656 2017 667 2028 ·
703 2000 821 2056 ἀλλ’
854 2003 1079 2073 ἄγωμεν
1115 2005 1253 2077 πρὸς
1289 2007 1472 2060 αὐτόν.
1513 2027 1532 2060 ι
1574 2000 1757 2081 Ὁρᾷς,
1792 2012 1909 2077 πῶς

318 2093 617 2165 μετριάζει
658 2095 737 2164 τῷ
776 2096 952 2168 λόγῳ;
995 2099 1089 2151 καὶ
1137 2103 1204 2170 τῇ
1250 2101 1388 2155 κατὰ
1438 2103 1605 2174 μέρος
1648 2090 1908 2176 ὲκφάνσει

317 2184 419 2240 τοῦ
447 2188 807 2259 προκειμένου
845 2189 1049 2243 σκοποῦ
1070 2233 1085 2255 ,
1112 2192 1214 2264 τὴν
1252 2193 1429 2264 ὁρμὴν
1480 2196 1741 2251 ἐπιτείνει
1773 2199 1908 2269 πρὸς

314 2279 420 2350 τὴν
457 2279 549 2333 τοῦ
594 2279 875 2350 θαύματος
909 2281 1172 2350 ένδειξιν;
1205 2284 1278 2337 Ού
1322 2285 1432 2355 γὰρ
1466 2287 1802 2358 παρέζευξεν
1834 2289 1910 2354 ὡς

314 2371 380 2423 ὲν
403 2370 500 2441 τῷ,
533 2364 902 2441 κεκοίμηται,
932 2373 1236 2437 κάνταῦθα,
1267 2393 1285 2426 ι
1316 2376 1631 2446 Πορεύομαι
1656 2378 1745 2432 ἵνα
1770 2380 1909 2431 ἀνα-

312 2466 510 2537 στήσω
535 2465 698 2518 αὐτόν
723 2480 736 2496 ο
777 2482 796 2516 ι
830 2463 965 2519 ἀλλὰ
1012 2469 1318 2536 σιωπήσας,
1347 2487 1365 2520 ι
1402 2470 1619 2541 Χαίρω,
1657 2473 1812 2542 φησὶ,
1842 2471 1909 2525 δι’

317 2560 490 2629 ὑμᾶς,
530 2559 617 2611 ἴνα
640 2556 993 2630 πιστεύσητε,
1021 2558 1105 2612 ὅτι
1133 2560 1233 2613 οὐκ
1272 2556 1342 2632 ἦν
1368 2562 1502 2614 ἐκεῖ.
1541 2582 1560 2615 ι
1598 2564 1674 2617 Οὐ
1702 2567 1813 2636 γὰρ
1844 2564 1911 2620 ἂν

316 2652 594 2720 παρόντος
625 2649 763 2720 ἐμοῦ
788 2650 950 2720 τυχὸν
988 2651 1130 2705 κατὰ
1169 2651 1229 2705 τὸ
1274 2652 1617 2724 ἀνθρώπινον
1645 2655 1908 2744 δηλονότι¹

317 2745 616 2814 κατίσχυεν
641 2744 670 2797 ό
702 2742 935 2807 θάνατος
956 2759 969 2771 ·
1013 2759 1032 2794 ι
1081 2742 1220 2795 Ἀλλ’
1251 2743 1472 2815 ἄγωμεν
1503 2746 1640 2821 πρὸς
1663 2748 1848 2803 αὐτόν.
1885 2742 1905 2800 ἡ

319 2834 483 2895 Τίνος
504 2835 722 2900 ἓνεκεν;
764 2835 883 2891 ’Ὶνα
920 2834 1249 2904 πιστεύσητε
1275 2834 1371 2889 καὶ
1394 2839 1622 2907 νεκροὺς
1648 2837 1911 2891 δύνασθαί

321 2946 393 3000 με
426 2928 763 2992 δεσποτικῶς
788 2928 1033 2999 ἀνιστᾷν.
1067 2946 1085 2979 ι
1126 2928 1378 2998 Λάζαρος
1409 2930 1697 2984 ἀπέθανεν.
1724 2949 1743 2982 ι
1782 2931 1910 2984 Ὅτε

319 3021 425 3091 μὲν
476 3016 704 3091 ἀσαφῶς
744 3018 1138 3088 κεκοιμῆσθαι
1184 3019 1477 3090 προύλεγε,
1523 3020 1712 3074 τοῦτον
1758 3022 1911 3091 φίλον

316 3113 529 3180 ἐκάλει,
563 3111 876 3176 συσκιάζων
902 3115 967 3183 τῇ
993 3110 1088 3164 τοῦ
1134 3108 1289 3181 φίλου
1324 3112 1671 3185 προσηγορίᾳ
1698 3112 1789 3165 τὸν
1817 3112 1913 3166 θά-

316 3222 519 3259 νατον·
554 3205 645 3258 ὅτε
687 3206 744 3259 δὲ
789 3204 1073 3276 παρρησίᾳ,
1117 3202 1377 3257 τεθνᾶναί
1410 3220 1581 3274 φησιν
1630 3203 1816 3271 αὐτὸν,
1847 3205 1908 3258 τὸ
1936 3232 1979 3292 c

314 3302 505 3370 φίλος
532 3301 827 3371 ἁποσιωπᾷ
851 3314 863 3325 ·
892 3297 968 3368 τῷ
996 3299 1070 3369 μὴ
1100 3297 1423 3369 νομισθῆναι
1460 3298 1781 3369 περιπαθῶς
1809 3299 1909 3352 αύ-

316 3392 417 3447 τοῦ
446 3391 825 3462 περιέχεσθαι.
861 3392 936 3445 Ού
968 3391 1078 3460 γὰρ
1109 3391 1422 3460 οἰκονομίας
1450 3390 1632 3462 μόνον,
1658 3391 1796 3447 ἀλλὰ
1818 3393 1914 3447 καί¹

316 3484 610 3548 αὑθεντίας
649 3483 876 3550 ἔνδειξις
918 3479 987 3555 ἦν
1008 3500 1021 3513 ι
1072 3485 1170 3554 τῆς
1201 3485 1301 3554 μὲν
1329 3485 1399 3538 τὰ
1434 3483 1754 3555 ἀνθρώπινα
1777 3526 1792 3551 ,
1818 3486 1914 3539 καλ⁵

314 3581 422 3634 ὅσα
447 3579 548 3649 τῆς
585 3578 820 3648 φυσικῆς
842 3576 1127 3640 ἀσθενείας
1144 3576 1220 3647 τῷ
1238 3576 1444 3647 προσλή
1455 3594 1630 3646 μματι
1653 3595 1915 3648 παραχω-

320 3672 527 3744 ρούσης
548 3688 559 3700 ·
589 3671 690 3740 τῆς
710 3670 765 3723 δὲ
788 3670 856 3724 τὰ
889 3667 1027 3727 θεῖα.
1054 3670 1149 3722 καὶ
1187 3670 1288 3724 ὅσα
1322 3670 1422 3740 τῆς
1447 3670 1639 3740 θεῖκῆς
1660 3671 1914 3735 ἐξουσίας

314 3757 398 3829 τῷ
415 3756 812 3828 προσλήμματι
835 3755 1276 3825 περικοπτούσης
1298 3755 1394 3810 ³⁸.ι
1418 3757 1610 3825 Χαίρω
1623 3754 1736 3817 οὖν.
1757 3759 1909 3826 φησι,

315 3851 389 3905 δι’
431 3852 599 3921 ὑμᾶς,
649 3850 737 3903 ἵνα
799 3848 1176 3916 πιστεύσητε,
1220 3848 1303 3900 ὃτι
1357 3849 1459 3902 οὐκ
1515 3849 1665 3920 ἤμην
1714 3852 1849 3904 ἐκεῖ.
1888 3868 1908 3901 ι

318 3943 551 4007 Βλέπεις
586 3940 866 4012 πανταχοῦ
895 3941 991 4012 τὴν
1018 3941 1205 3994 πίστιν
1230 3941 1414 4004 αὐτοῖς
1432 3940 1910 4011 κατασπείροντας

316 4036 413 4107 Τῷ
455 4035 529 4109 μὴ
556 4035 722 4100 ⁴δόξαι
767 4036 906 4105 τάχα
936 4033 1331 4105 προσποιητῶς
1368 4033 1772 4103 ἐσχηματίσθαι
1820 4034 1911 4086 τὸν

317 4128 575 4181 θάνατον.
622 4128 781 4180 Ἤτοι
828 4126 903 4196 μὴ
944 4122 1127 4178 δοῦναι
1160 4127 1344 4196 χώραν
1386 4125 1546 4194 τυχὸν
1588 4123 1664 4196 τῷ
1696 4125 1910 4196 θανάτῳ

287 4216 709 4291 ’περιγενέσθαι
754 4216 849 4270 τοῦ
917 4216 1170 4286 φίλου,ἢ
1216 4215 1469 4280 ἐξελάσαι
1518 4217 1618 4287 τὴν
1662 4216 1838 4279 νόσον,
1874 4215 1908 4288 ἢ

316 4309 643 4383 ἀναρρῶσαι
682 4308 775 4362 τὸν
839 4309 1111 4376 κείμενον.
1186 4305 1369 4360 Ταῦτα
1418 4306 1526 4377 γὰρ
1576 4306 1642 4360 ἂν
1684 4306 1906 4377 συνὲἣη,

316 4407 477 4474 φησι,
511 4403 777 4472 παρόντος
809 4402 832 4452 ὲ
843 4399 965 4471 μοῦ.

405 4491 920 4563 ’Δνθρωπινὼτερον
951 4491 1008 4543 δέ
1062 4508 1180 4553 πως
1241 4485 1380 4542 εἶναι
1421 4489 1570 4542 δοκεῖ
1608 4487 1687 4551 τὸ,
1729 4506 1748 4540 ι
1792 4488 1908 4541 Οὐκ

2011 627 2304 683 manifeste
2343 646 2357 683 :
2387 627 2635 686 Lazarus
2668 640 2924 687 mortuus
2949 640 3056 689 est.
3100 652 3121 686 ι
3164 634 3239 688 lta
3268 636 3419 706 quod
3445 636 3602 694 dice-

2008 718 2176 774 batur
2198 720 2520 776 nesciebant
2555 738 2570 775 :
2600 737 2664 777 ac
2717 737 2782 778 eo
2807 724 3069 794 amplius,
3117 741 3231 797 quo
3288 729 3459 783 etiam
3501 730 3602 785 ab-

2010 826 2150 867 sone
2182 826 2244 866 ac
2268 818 2560 882 peregrine
2614 830 2714 884 per
2741 817 3117 886 objcctionem
3144 822 3420 877 sermonis
3448 827 3600 880 exci-

2008 902 2257 973 piebant.
2319 903 2628 960 Admodum
2664 924 2819 979 ergo
2872 925 3118 980 congrue
3170 929 3283 967 rem
3336 908 3599 972 Christus

2012 995 2309 1051 traducens
2333 995 2771 1055 infert.diccns:
2803 1019 2821 1052 ι
2851 999 3098 1058 Lazarus
3133 1016 3389 1062 mortuus
3426 1017 3530 1063 est.
3563 1028 3586 1061 ι

2008 1085 2181 1153 Quasi
2213 1086 2366 1142 dicat
2401 1104 2416 1141 :
2451 1086 2685 1154 Scitote,
2727 1090 3019 1161 iuquit,ex
3054 1095 3511 1166 interpretatione
3539 1109 3598 1153 et

2008 1175 2261 1232 doctrina
2323 1179 2470 1250 quod
2510 1188 2596 1235 est
2651 1181 2900 1237 futurum
2950 1202 2963 1239 :
3005 1204 3022 1235 ι
3054 1183 3208 1240 Vado
3262 1190 3409 1241 enim
3470 1196 3595 1243 uta

2010 1283 2209 1323 somno
2246 1269 2486 1323 excitem
2546 1285 2701 1325 eum.
2743 1289 2762 1322 ›
2797 1271 2861 1327 Ει
2937 1274 3045 1329 hoc
3072 1275 3193 1329 sine
3232 1277 3502 1346 jactautia
3539 1287 3596 1332 ct

2011 1357 2154 1414 fasut
2188 1376 2202 1425 ;
2241 1375 2353 1414 non
2384 1360 2530 1415 enim
2595 1362 2868 1431 glorians,
2913 1373 2972 1418 ut
3007 1365 3079 1418 ita
3142 1366 3346 1433 dicam,
3382 1385 3448 1423 ac
3487 1372 3595 1426 sibi

2005 1452 2259 1521 placens,
2316 1467 2499 1521 neque
2580 1453 2922 1525 impotentiae
2993 1458 3161 1511 verba
3216 1460 3439 1516 locutus
3500 1472 3597 1518 aut

2011 1543 2375 1615 ignorantia;
2404 1543 2498 1598 sed
2534 1544 2590 1598 in
2657 1546 2922 1601 omnibus
2963 1547 3128 1602 simul
3160 1557 3217 1603 et
3265 1552 3597 1620 sapientiam

2004 1645 2063 1693 et
2085 1630 2486 1707 praescientiam
2508 1645 2561 1690 et
2576 1628 2880 1707 potentiam
2928 1641 3252 1705 ostendens,
3280 1642 3403 1712 Quae
3430 1645 3597 1699 etiam

2012 1744 2113 1800 per
2147 1738 2403 1783 naturam
2436 1728 2514 1783 illi
2573 1731 2827 1783 aderant.
2867 1729 3034 1787 Velut
3063 1732 3252 1788 futura
3301 1738 3596 1804 pra'sentia

2006 1822 2118 1890 jam
2144 1828 2350 1883 essent,
2384 1829 2617 1876 eventus
2652 1822 3008 1890 praedicebat.

2089 1932 2107 1963 ο
2146 1912 2389 1967 Lazarus
2451 1924 2711 1967 mortuus
2735 1921 2820 1968 cst
2855 1932 2869 1968 :
2897 1922 2953 1967 et
2982 1914 3197 1983 gaudeo
3232 1924 3462 1987 propter
3493 1934 3597 1974 vos

2010 2007 2270 2075 quoniam
2308 2024 2417 2062 non
2449 2022 2597 2061 eram
2623 2007 2697 2060 ibi
2745 2006 2878 2061 :sed
2911 2020 3107 2063 camus
3160 2008 3227 2062 ad
3250 2025 3396 2064 eum.
3444 2029 3464 2062 ›
3504 2010 3599 2065 Vi-

2011 2099 2110 2154 des
2137 2109 2197 2154 ut
2231 2101 2482 2155 modeste
2542 2100 2824 2168 loquatur,
2886 2113 2951 2153 ac
2983 2100 3301 2169 particulari
3366 2103 3596 2172 exposi-

2012 2197 2165 2253 tione
2190 2197 2460 2269 propositi
2511 2195 2662 2262 fiuis,
2688 2195 2755 2249 ad
2794 2194 3044 2248 miraculi
3072 2194 3469 2250 exhibitionem
3501 2195 3597 2249 de-

2012 2272 2293 2344 siderium
2340 2288 2725 2342 vehementius
2784 2286 3078 2341 intendat?
3125 2284 3246 2339 Non
3272 2287 3419 2340 enim
3451 2289 3597 2342 sicut

2013 2394 2137 2432 cum
2174 2379 2270 2441 ait,
2328 2378 2591 2444 dormire,
2629 2379 2707 2432 ita
2746 2378 2851 2432 hoc
2890 2378 3016 2432 loco
3041 2377 3293 2446 adiunxit
3326 2397 3339 2432 :
3379 2397 3398 2429 ι
3439 2377 3596 2433 Vado

2016 2478 2075 2524 ut
2105 2469 2342 2524 excitem
2405 2485 2532 2525 eum
2570 2491 2585 2524 :
2643 2481 2661 2514 ι
2690 2468 2785 2524 sed
2816 2483 2883 2524 eo
2933 2485 3255 2539 suppresso,
3280 2489 3306 2539 ⁵ι
3347 2467 3598 2533 Gaudeo,

2014 2559 2216 2628 inquit,
2285 2567 2514 2629 prepter
2555 2573 2650 2613 vos
2686 2598 2700 2623 ,
2759 2564 2816 2611 ut
2883 2558 3125 2612 credatis
3178 2558 3439 2627 quoniam
3489 2574 3599 2613 non

2013 2665 2166 2706 eram
2207 2649 2306 2704 ibi.
2354 2669 2373 2702 ι
2412 2649 2621 2704 Forsan
2665 2636 2810 2703 enim
2855 2664 2942 2703 me
2991 2661 3281 2717 pra'seute,
3311 2664 3419 2718 qua
3450 2650 3601 2704 scili—

2012 2750 2099 2800 cet
2130 2758 2253 2798 sum
2300 2743 2488 2805 homo,
2553 2756 2703 2795 mors
2768 2754 2878 2793 non
2944 2742 3373 2808 prmvaluisspt:
3436 2758 3455 2791 ι
3494 2739 3601 2796 Sed

2012 2850 2204 2890 eamus
2234 2834 2299 2888 ad
2330 2849 2476 2888 eum.
2517 2851 2536 2884 ι
2576 2832 2762 2898 Quare
2792 2832 2814 2885 ?
2851 2831 2921 2888 Ut
2950 2832 3216 2896 credatis,
3251 2831 3399 2902 quod
3431 2832 3598 2886 etiam

2012 2936 2263 2981 mortuos
2300 2940 2401 2993 pro
2438 2924 2706 2978 arbitratu
2743 2935 2796 2978 et
2831 2938 2894 2978 ex
2924 2923 3154 2993 imperio
3200 2925 3444 2977 excitare
3477 2938 3603 2992 pos-

2012 3017 2140 3072 sim.
2180 3034 2199 3067 ι
2234 3013 2477 3068 Lazarus
2530 3021 2783 3067 mortuus
2813 3019 2920 3067 est.
2963 3030 2982 3063 ι
3018 3002 3159 3065 Cum
3213 3012 3437 3080 quidem
3489 3011 3602 3065 ob-

2013 3107 2240 3164 scurius
2262 3106 2497 3158 dormire
2520 3104 2859 3173 praadiceret,
2889 3101 3127 3156 amicum
3163 3102 3315 3156 illum
3347 3098 3599 3156 vocabat:

2012 3213 2139 3252 cum
2171 3206 2355 3251 autem
2380 3197 2457 3248 ait
2486 3192 2777 3248 manifesze
2801 3202 3104 3259 mortuum,
3163 3200 3309 3247 tacet
3348 3208 3466 3247 eam
3504 3208 3602 3247 v0-

2014 3306 2133 3347 cem
2172 3307 2184 3343 :
2219 3298 2279 3343 ut
2316 3304 2385 3343 ne
2450 3295 2766 3358 putaretur,
2825 3284 3230 3342 vehementiori
3288 3284 3485 3340 affectu
3521 3284 3602 3339 illi

2014 3380 2353 3449 implicatus.
2394 3375 2514 3432 Non
2538 3378 2683 3433 enim
2715 3377 2831 3432 sola
2861 3374 3324 3446 dispensatio(i3)
3356 3385 3473 3431 erat
3504 3392 3606 3431 ex-

2016 3468 2282 3532 hibenda,
2323 3467 2418 3522 sed
2463 3474 2518 3521 et
2552 3466 2855 3521 auctoritas
2894 3485 2907 3520 :
2943 3465 3033 3518 illa
3061 3464 3354 3536 'quidquid
3412 3465 3606 3519 huma-

2015 3577 2149 3615 num
2182 3567 2265 3615 est
2305 3558 2643 3614 infirmitatis
2683 3558 3040 3628 permittente
3067 3557 3244 3620 carni,
3290 3558 3393 3611 ista
3423 3554 3602 3612 eidem

2016 3654 2293 3708 tribuente
2321 3651 2509 3705 divina
2539 3660 2592 3707 et
2621 3648 2901 3721 quidquid
2933 3662 3018 3705 est
3043 3651 3346 3721 potestatis
3371 3649 3599 3705 divinae.

2020 3765 2039 3797 ‹
2079 3744 2329 3807 Gaudeo,
2392 3744 2582 3813 itaque
2628 3743 2827 3811 inquit,
2870 3751 3098 3813 propter
3130 3756 3252 3807 vos,
3292 3751 3351 3796 ut
3393 3740 3598 3797 creda-

2014 3836 2105 3902 tis,
2139 3836 2401 3905 quoniam
2444 3850 2552 3889 nou
2594 3849 2743 3888 eram
2782 3833 2880 3888 ibi.
2922 3853 2941 3886 ι
2998 3831 3188 3901 Vides,
3228 3840 3287 3887 ut
3316 3833 3517 3899 ubique
3545 3832 3602 3887 in

2013 3929 2095 3983 eis
2120 3926 2244 3980 ﬁdei
2273 3926 2444 3995 jaciat
2477 3925 2726 3980 semina?
2750 3924 2820 3980 Ut
2849 3941 2918 3979 ne
2950 3923 3096 3981 forte
3145 3941 3294 3981 mors
3324 3926 3606 3981 videretur

2012 4016 2268 4072 simulate
2293 4015 2545 4071 conficta.
2581 4014 2659 4069 Ne
2704 4016 2921 4071 scilicet
2949 4015 3136 4071 forsan
3192 4034 3301 4071 non
3333 4017 3489 4071 daret
3520 4014 3606 4070 lo-'

2012 4123 2138 4162 cum
2177 4106 2339 4161 morti
2396 4117 2452 4160 ut
2479 4105 2713 4159 amicum
2772 4106 3122 4162 incesseret:
3158 4117 3252 4162 aut
3304 4108 3604 4177 expelleret

2014 4200 2272 4255 morbum
2306 4217 2318 4252 :
2357 4208 2451 4253 aut
2478 4198 2772 4264 pristinum
2814 4199 2983 4253 robur
3036 4200 3247 4268 jacenti
3299 4209 3597 4253 assereret.

2015 4291 2218 4362 Utique
2241 4294 2409 4349 enim.
2438 4288 2638 4360 inquit,
2667 4286 2759 4345 me
2784 4298 3056 4361 prresente
3088 4291 3203 4345 lucc
3240 4288 3598 4347 accidissent.

2084 4475 2257 4529 Porro
2282 4472 2498 4527 videtur
2525 4469 2662 4526 illud
2695 4488 2709 4524 :
2746 4489 2765 4522 ι
2801 4467 2920 4524 Non
2944 4483 3093 4524 eram
3129 4467 3231 4536 ibi,
3266 4468 3362 4523 sed
3412 4483 3602 4524 eamus

313 4589 470 4661 ἥμην
501 4560 639 4651 ἐκεῖ,
670 4586 787 4639 ἀλλ’
818 4560 1041 4653 ἄγωμεν
1077 4584 1214 4655 πρὸς
1245 4582 1427 4637 αὐτόν.
1462 4603 1480 4634 ι
1523 4581 1678 4634 Κατὰ
1706 4581 1815 4652 γὰρ
1849 4580 1909 4633 τὸ

2015 4569 2082 4623 ad
2116 4583 2238 4622 eum
2266 4584 2281 4628 ;
2319 4585 2337 4617 ι
2383 4564 2550 4635 paqu
2582 4562 2845 4617 humilius
2874 4568 2925 4616 et
2960 4560 3262 4615 secundum
3298 4560 3600 4617 hominem.

316 4680 679 4751 φαινόμενον,
697 4679 760 4731 ού
790 4697 863 4730 πα
874 4679 994 4749 ρῆν.
1020 4671 1191 4746 Σῶμα
1218 4675 1326 4746 γάρ
1341 4675 1400 4727 τὸ
1422 4675 1581 4746 τριχῆ
1598 4672 1907 4739 διαστατὺν,

318 4775 381 4826 ἐν
413 4772 732 4843 περιγραφῇ
768 4770 982 4838 πέφυκε
1004 4811 1018 4834 ,
1056 4770 1153 4821 καὶ
1184 4769 1283 4838 τὴν
1324 4769 1403 4830 εἰς
1446 4767 1614 4819 τόπον
1646 4768 1710 4818 ὲκ
1741 4765 1908 4818 τόπου

326 4858 633 4936 μετάϐασιν
650 4864 884 4933 δέχεται.
914 4861 1087 4914 Τοῦτο
1113 4861 1222 4933 γὰρ
1253 4861 1414 4930 φύσις
1435 4859 1604 4930 αὐτῷ’
1626 4858 1727 4912 κᾶν
1744 4859 1909 4930 ὅτιτῇ

323 4951 467 5016 πρὸς
491 4950 553 5004 τὸ
577 4950 730 5003 Θεῖον
758 4949 950 5003 ὲνώσει
977 4950 1037 5002 τὸ
1057 4948 1338 5020 ὑπερφυὲς
1369 4945 1798 5018 κατεπλούτησε,
1817 4945 1918 5016 τῆς

323 5040 570 5114 φυσικῆς
596 5041 882 5097 ἀπώλεσεν
905 5034 1058 5095 οὐδὲν
1094 5040 1376 5110 ἰδιότητος.
1411 5038 1571 5093 Κατὰ
1591 5039 1648 5092 δὲ
1676 5039 1738 5092 τὸ
1763 5037 1917 5091 νοούο

320 5154 525 5209 μενον,
566 5135 650 5200 τίς
701 5136 874 5189 αὑτοῦ
934 5132 1216 5197 παντελῶς
1265 5129 1654 5187 ἀπολέλειπται
1711 5131 1913 5196 τόπος;

2012 4660 2168 4726 Quod
2220 4658 2371 4711 enim
2402 4665 2520 4711 erat
2577 4655 2755 4708 oculis
2811 4652 3149 4723 subjectum,
3215 4668 3456 4722 praesens
3492 4666 3601 4706 non

2012 4764 2151 4809 erat.
2184 4751 2400 4822 Corpus
2450 4750 2599 4804 enim
2642 4746 2933 4817 tripliciter
2985 4745 3267 4801 divisihile
3309 4752 3364 4799 et
3391 4728 3625 4797 disteni

2022 4854 2163 4910 tum,
2196 4842 2682 4911 circumscriptum
2716 4846 2821 4903 est,
2858 4838 3209 4907 suscipitque
3245 4845 3359 4889 uta
3398 4836 3516 4888 loco
3544 4834 3599 4888 in

2022 4941 2207 4995 locum
2256 4935 2475 5003 migret.
2510 4930 2636 4986 llaec
2664 4931 2811 4987 enim
2858 4930 2937 4984 illi
2969 4938 3170 4983 natura
3211 4936 3319 4991 est,
3349 4933 3409 4981 ut
3434 4926 3605 4980 etiam"
3676 4968 3687 4979 χ

2021 5034 2226 5087 unione
2257 5029 2324 5083 ad
2368 5027 2563 5092 Deum,
2594 5023 2739 5096 quod
2794 5030 3048 5077 naturam
3072 5026 3299 5091 superat
3321 5018 3477 5073 diviti
3506 5031 3600 5071 ac—

2022 5124 2277 5181 cessione
2334 5118 2619 5191 adeptum.
2656 5114 2799 5169 nihil
2854 5112 2979 5184 ejus
3030 5110 3282 5167 amiserit
3310 5107 3458 5181 quod
3488 5107 3537 5163 ei
3570 5121 3600 5162 a

1603 5303 1843 5361 VARUS
1865 5299 2274 5361 LECTlONES.

396 5479 446 5513 ³⁸
480 5477 646 5534 Forte
678 5491 747 5528 πε
756 5473 1097 5545 ριποιούσης.

1651 5552 2037 5615 CUMBEFISII
2070 5554 2303 5614 ΝΟΤᾹΖ.

402 5668 518 5735 (t3)
554 5665 673 5721 Non
693 5665 831 5719 enim
861 5632 1376 5735 :_ola__dispensa_ti0.:
1434 5652 1632 5735 Posset
1654 5652 1811 5735 reddi
1829 5654 1921 5735 .iln-
2012 5661 2209 5735 auctor
2237 5665 2347 5707 non
2384 5657 2608 5735 tantum
2638 5648 2811 5735 fuisse
2831 5641 3399 5735 teahrbeindaixeﬁrurn
3431 5648 3600 5735 etiam

332 5722 605 5800 carnalia,
637 5733 943 5801 οἰκονομία.
980 5722 1468 5801 νοίιὴεοιοείςιι,
1516 5725 1679 5795 cujus
1702 5722 1917 5801 εἰειρίίί-

329 5809 484 5862 ratio
509 5795 722 5861 Graecis
755 5795 1102 5872 amplissima
1176 5815 1238 5854 ea
1261 5795 1569 5872 isiguiﬁcat,
1599 5810 1723 5866 quae
1778 5795 1915 5872 Ver-

2008 5739 2132 5792 quae
2163 5725 2343 5791 ipsum
2384 5720 2629 5775 Verbum
2689 5717 2844 5772 carni
2881 5716 3080 5771 tribuit
3106 5711 3319 5792 divina.
3344 5719 3406 5792 ut
3432 5712 3602 5762 mmi-

2007 5780 2128 5849 rum
2170 5780 2313 5847 idem
2337 5799 2640 5860 utrumque
2691 5796 3111 5860 agnosceretur,
3140 5783 3362 5860 [leuset
3393 5780 3597 5846 homo;

330 5851 1499 5936 53%"EJiBnE"'£éEéi§éEuni"niuium
1535 5851 1568 5922 ε’
1590 5851 1767 5937 οὶηιιε
1832 5864 1910 5917 ait
2003 5879 2130 5935 quae
2162 5872 2246 5920 est
2283 5863 2424 5917 tanti
2459 5851 2797 5917 sacramenti
2826 5857 3111 5914 confessio
3139 5851 3421 5909 absoluta.
