3966 6436
394 343 502 407 967
1558 339 1620 400 S.
1652 338 1979 398 ANDREJ‘I
2018 337 2448 400 CRETENSIS
3557 333 3652 397 963

309 485 318 493 ν
397 466 594 515 natura
642 456 924 528 proprium
979 463 1085 510 cst.
1149 453 1307 522 Quod
1347 461 1531 508 autem
1590 454 1737 507 adid
1771 462 1984 524 spectat

2118 482 2120 525 Ξ
2155 456 2306 516 ποῖος
2336 453 2437 504 οὐκ
2471 448 2584 519 ἔχει
2617 447 2780 511 τόπος
2799 446 3000 511 αὑτόνς
3038 446 3072 516 ἢ
3097 445 3204 497 τίνι
3232 446 3524 517 χωρητικός
3554 452 3663 501 εστι

395 550 543 622 quod
571 549 853 604 intellectu
892 547 1225 617 percipitur,
1258 547 1389 615 quis
1436 547 1594 601 locus
1638 546 1866 599 omnino
1902 545 1991 599 cui

2118 547 2278 615 τόπῳ;
2329 563 2347 595 ι
2399 543 2592 614 Χαίρω
2644 540 2819 594 τοίνυν
2862 539 2931 593 δι’
2973 539 3141 606 ὑμᾶς,
3190 536 3278 590 ἵνα
3331 538 3658 610 πιστεύσητε,

397 645 492 699 ille
517 641 707 698 desit?
730 650 825 694 aut
867 639 1049 709 qualis
1080 654 1204 692 eum
1240 653 1352 693 non
1388 639 1557 693 habet
1590 638 1788 693 locus?
1819 654 1996 708 quove

2118 642 2174 691 in
2207 639 2307 690 οὐκ
2331 638 2481 708 ήμην
2505 637 2643 688 ἐκεῖ.
2691 654 2709 685 ›
2750 632 2815 685 Τί
2844 633 3061 701 λέγεις;
3087 631 3201 683 Οὐκ
3226 626 3292 701 ἧς
3322 632 3453 696 ἐκεῖ,
3480 632 3507 683 ὁ
3534 650 3663 685 παν-

398 735 526 790 loco
567 732 689 802 capi
727 729 955 801 potest?
992 747 1011 780 ι
1052 728 1282 784 Gaudeo
1321 729 1493 800 igitur
1536 736 1757 798 propter
1786 744 1905 793 vos,
1940 738 1999 782 ut

2118 729 2264 800 ταχοῦ
2309 727 2525 799 παρὼν,
2568 731 2663 781 καὶ
2696 728 2769 781 τὰ
2825 726 3005 780 πάντα
3054 722 3279 795 πληρῶν
3315 726 3383 794 τῇ
3429 721 3662 795 θεότητις

400 825 665 889 credatis,
729 823 990 893 quoniam
1049 838 1161 876 non
1222 837 1371 876 cram
1421 821 1519 877 ibi.
1557 841 1575 874 ι
1630 820 1773 888 Quid
1806 819 1997 876 dicis?

2118 822 2215 877 )6):
2255 816 2324 892 ἦς
2371 823 2521 888 ἔκεί;
2555 820 2686 885 Ναὶ,
2737 820 2893 889 φησὶ,
2934 820 3106 889 ἢμην.
3171 814 3311 868 Ἀλλ’
3352 814 3412 868 οὔ
3448 816 3584 870 κοιτά
3612 817 3657 869 τί

398 916 519 972 Non
584 931 709 971 eras
733 916 829 978 ibi,
858 914 953 984 qui
995 914 1202 984 ubique
1250 914 1402 977 ades,
1434 923 1489 967 et
1542 913 1741 981 imples
1809 912 1996 967 omnia

2118 914 2279 984 πῶμα,
2310 911 2451 967 κατά
2470 911 2527 965 δὲ
2556 910 2618 965 τὸ
2652 910 2834 964 θεῖκὸν
2854 910 2954 979 τῆς
2985 908 3142 979 δόξης
3171 905 3409 978 ἀξίωμα.
3451 925 3470 957 ι
3518 906 3668 961 Ἀλλά

399 1008 653 1065 deita'te?
692 1009 815 1061 Non
853 1022 979 1061 eras
1016 1007 1128 1060 ibi?
1180 1005 1433 1070 Maxime,
1466 1006 1670 1077 inquit,
1698 1020 1851 1060 eram
1891 1022 1903 1057 :
1941 1012 1999 1058 at

2118 1006 2320 1074 ίγωμεν
2354 1004 2493 1075 πρὸς
2542 1003 2728 1057 αὐτόν.
2766 1021 2786 1054 ι
2834 1002 3044 1072 Καιρός
3109 1002 3225 1054 ἐστι
3280 998 3566 1070 πληρῶσαι
3608 1000 3672 1052 τά

403 1118 513 1156 non
547 1100 694 1172 quod
721 1109 936 1171 spectat
960 1098 1026 1154 ad
1052 1114 1282 1169 corpus,
1320 1099 1414 1153 sed
1451 1096 1603 1166 quod
1635 1096 1704 1152 ad
1740 1097 1999 1165 majesta-

2118 1102 2277 1167 ίεσμά
2300 1102 2399 1168 τῆς
2437 1099 2658 1169 φιλίας·
2699 1098 2893 1170 καιρδς
2926 1096 3097 1164 δεῖξαι
3136 1095 3236 1167 τὴν
3280 1094 3566 1150 αὑθεντίαν
3585 1094 3671 1148 τοῦ

403 1194 476 1250 tis
510 1194 710 1248 divinae
743 1192 997 1261 gloriam.
1036 1209 1055 1242 ι
1084 1188 1204 1245 Sed
1228 1205 1421 1245 eamus
1447 1190 1516 1244 ad
1543 1205 1724 1244 eum.»
1758 1186 2000 1257 Tempus

2118 1193 2365 1262 ιράτους·
2416 1191 2610 1263 καιρδς
2650 1189 2885 1260 πεδῆσαι
2925 1187 3068 1259 λόγῳ
3105 1187 3198 1240 τὸν
3245 1186 3495 1251 θάνατον,
3536 1188 3673 1256 φωνῇ

402 1298 485 1342 cSt
522 1296 580 1341 ut
612 1286 945 1354 impleamus
973 1285 1123 1352 leges
1155 1283 1412 1337 amicitiae
1444 1292 1704 1352 :tempus
1734 1288 1795 1335 ut
1821 1279 2000 1334 domi~

2118 1284 2155 1336 ἴὲ
2185 1282 2344 1337 λῦσαι
2369 1282 2463 1336 τοῦ
2499 1282 2795 1345 τεθνεῶτος
2821 1280 2891 1335 τά
2919 1281 3232 1350 σπάργανα.

404 1379 482 1433 nii
518 1379 914 1432 auctoritatem
978 1377 1325 1447 probemus:
1372 1383 1602 1446 tempus
1659 1384 1718 1429 ut
1774 1384 2005 1428 mortem
2045 1390 2305 1432 sermone
2333 1376 2783 1448 compediantus,
2812 1383 2983 1446 utque
3011 1390 3143 1430 voce
3200 1372 3446 1429 defuncti
3507 1372 3678 1427 solva-

403 1490 525 1528 mus
566 1474 795 1528 fascias.

484 1583 502 1615 ι
541 1563 687 1617 Dixit
728 1578 860 1632 ergo
914 1561 1179 1629 Thomas,
1206 1561 1301 1633 qui
1349 1561 1553 1617 dicitur
1615 1562 1906 1636 Didymus,
1939 1562 2008 1618 ad

2187 1582 2207 1615 ί
2247 1558 2417 1617 Εῒπεν
2447 1558 2541 1619 οὖν
2572 1562 2779 1633 Θωμᾶς
2809 1563 2837 1616 6
2866 1560 3160 1631 λεγόμενος
3195 1560 3425 1630 Δίδυμος
3450 1562 3560 1626 τοῖς
3583 1581 3686 1634 μα-

405 1656 819 1727 condiscipulos
844 1674 857 1710 :
878 1655 1082 1710 Eamus
1101 1662 1153 1710 et
1171 1669 1293 1720 nos,
1316 1663 1373 1708 ut
1398 1656 1706 1711 moriamur
1721 1672 1846 1713 eum
1872 1671 1960 1712 eo.
1985 1674 2005 1709 ο

2118 1654 2301 1726 θηταῖς
2324 1671 2337 1683 ·
2383 1656 2645 1725 Ἄγωμεν
2682 1655 2778 1709 καὶ
2827 1654 3022 1724 ἡμεῖς,
3053 1652 3140 1705 ἵνα
3186 1652 3546 1723 ἀποθάνωμεν
3572 1654 3679 1724 μετ’

406 1748 668 1821 Prompta
729 1764 856 1811 vox.
893 1764 959 1804 ac
988 1747 1129 1803 duos
1182 1746 1451 1817 quosdam
1484 1747 1720 1804 affectus
1762 1756 1892 1803 nata
1926 1748 2006 1803 si-

2118 1746 2297 1804 αὑτοῦ.
2337 1766 2356 1799 ι
2389 1748 2677 1821 Πρόθυμος
2702 1749 2738 1819 ἡ
2762 1746 2937 1818 φωνὴ,
2970 1746 3066 1800 καὶ
3093 1744 3186 1799 δύο
3205 1744 3369 1800 τινῶν
3397 1745 3682 1819 ὲνδεικτικὴ

408 1842 695 1913 gniﬁcare,
753 1851 868 1895 tum
922 1840 1187 1894 nimirum
1246 1853 1535 1895 accensam
1599 1841 1714 1897 vim
1772 1841 2007 1906 amoris,

2118 1838 2402 1893 Βιαθέσεων
2426 1855 2439 1868 ·
2478 1838 2748 1909 διαπύρου
2788 1854 2849 1892 τε
2888 1837 3138 1909 φίλτρου,
3177 1836 3276 1891 άτε
3317 1836 3415 1891 καὶ
3450 1839 3573 1902 τοὺς
3601 1838 3684 1893 ﬁ).-

409 1934 557 1990 vclut
592 1947 713 2004 quae
753 1933 919 1986 etiam
976 1931 1140 1995 alios,
1202 1939 1262 1985 ut
1289 1945 1455 1985 cursu
1529 1932 1751 1986 concito
1783 1931 1851 1986 ad
1889 1946 2010 1985 mo-

2118 1930 2238 1995 λους
2263 1930 2359 1985 ἐπὶ
2383 1931 2476 1985 τὸν
2505 1932 2602 1986 σὺν
2633 1930 2710 2002 τῷ
2742 1930 3049 2002 διδασκάλῳ
3079 1929 3317 1985 θάνατον
3346 1933 3543 2004 χωρεῖν
3564 1948 3685 2003 προ-

409 2025 661 2081 riendum
715 2038 841 2079 cum
900 2023 1174 2094 magistro
1246 2036 1638 2095 properarent,
1686 2023 2005 2078 cxcitaret:

410 2127 524 2172 tum
554 2117 773 2171 mollem
806 2115 1079 2185 ignaviam
1111 2130 1176 2170 ac
1213 2113 1589 2169 elfeminatum
1613 2114 1901 2181 timorem,
1937 2122 1999 2169 ut

410 2212 697 2283 quodnon
728 2210 911 2263 adhuc
974 2207 1301 2263 imminebat
1380 2207 1744 2277 conjectaret.
1799 2205 2009 2262 Verum

411 2304 579 2368 absit,
608 2310 669 2357 ut
699 2302 792 2372 qui
819 2316 920 2356 sua
956 2315 1059 2356 nos
1114 2299 1444 2356 inﬁdelitate
1497 2298 1621 2354 ﬁdei
1666 2298 2010 2355 carbonibus

411 2395 631 2450 duravit
651 2391 1150 2464 flrmavitqueul),
1170 2391 1240 2447 ad
1256 2399 1465 2446 tantam
1479 2391 1837 2448 timiditatem
1856 2393 2012 2464 igna-

412 2490 666 2559 viamque
692 2487 999 2543 devenerit.
1031 2486 1233 2542 Demus
1258 2500 1392 2556 ergo
1423 2483 1615 2551 fuisse,
1644 2500 1755 2540 non
1778 2484 2012 2555 ignavia:

412 2579 601 2646 verba,
635 2579 732 2635 sed
758 2578 1051 2633 audentiae.
1106 2575 1217 2630 Par
1283 2576 1433 2632 enim
1468 2584 1580 2641 est,
1619 2577 1863 2631 excitato
1898 2575 2014 2630 fcr-

414 2684 548 2725 τοι-θ
592 2667 1057 2739 prapensiorique
1087 2665 1288 2721 affectu
1341 2664 1616 2722 contortis
1666 2665 2009 2730 visceribus,

413 2762 638 2833 dignum
672 2758 882 2839 aliquid
913 2772 1014 2814 sua
1050 2757 1144 2811 illa
1171 2755 1557 2812 benevolentia
1582 2755 1645 2810 in
1679 2755 2009 2826 magistrum

415 2853 682 2911 sensisse.
713 2851 876 2914 Nam.
908 2850 1226 2923 inquit,qui
1259 2849 1328 2904 ab
1360 2864 1427 2905 eo
1457 2849 1747 2918 signorum
1775 2849 2007 2918 gratiam

416 2947 752 3015 accepimus,
809 2957 919 3015 qua
976 2942 1351 3013 pr:ecellimus
1405 2943 1638 3009 multos,
1701 2941 1835 3011 quid
1896 2956 2009 2996 non

416 3037 771 3093 debuerimus
824 3035 989 3100 ferre,
1032 3034 1078 3090 si
1115 3042 1503 3105 properantem
1568 3033 1636 3087 ad
1691 3032 2009 3104 passionem

416 3126 879 3185 deseruerimus?
914 3124 1077 3192 Eum,
1115 3126 1372 3196 inquam,
1401 3123 1497 3194 qui
1527 3122 1594 3177 ad
1644 3130 1858 3178 tantum
1909 3114 2013 3179 nos

418 3220 607 3291 gloriae
628 3219 883 3290 provexit
913 3217 1149 3287 apicem.
1175 3226 1228 3271 ut
1251 3224 1469 3270 montes
1518 3214 1686 3270 etiam
1728 3215 2012 3285 possimus

2110 2022 2387 2096 τροπάδην
2427 2024 2789 2079 διανιστῶσα·
2840 2022 3045 2089 δειλίας
3089 2040 3149 2077 τε
3200 2022 3504 2095 ἀνάνδρου,
3532 2023 3605 2089 ὡς
3630 2024 3686 2077 τὸ

2115 2119 2283 2191 μήπω
2325 2118 2500 2190 παρὸν
2549 2116 3016 2182 ὔποτοπάζεσθαι.
3071 2114 3215 2170 Ἀλλ’
3241 2117 3347 2170 οὐκ
3392 2115 3458 2170 ἂν
3488 2116 3567 2180 είς
3605 2131 3687 2169 το-

2113 2209 2304 2265 σοῦτον
2331 2208 2623 2282 ἀνανδρίας
2655 2208 2859 2282 ἤλασεν
2878 2249 2894 2274 ,
2918 2208 3100 2277 ἄπαγε
3116 2249 3130 2270 ,
3160 2210 3189 2262 6
3214 2207 3305 2262 διά
3331 2206 3434 2279 τῆς
3454 2207 3572 2260 κατ’
3596 2207 3688 2260 αὖ·

2111 2302 2205 2357 τδν
2237 2303 2495 2367 ἀπιστίας
2531 2304 2679 2374 ἡμᾶς
2718 2301 3006 2373 στομώσας
3046 2301 3161 2364 τοῖς
3194 2300 3295 2373 τῆς
3338 2300 3571 2363 πίστεως
3608 2299 3690 2354 ἀν-

2115 2394 2328 2467 θραξιν.
2374 2394 2682 2464 Εὐτολμίας
2713 2393 2839 2458 οὖν,
2886 2394 2988 2447 οὐκ
3034 2391 3330 2465 ἀνανδρίας
3375 2390 3604 2446 δεδόσθω
3630 2389 3689 2444 τά

2117 2488 2357 2559 ῥήματα.
2381 2485 2540 2550 Εἰκὸς
2565 2486 2674 2558 γὰρ
2701 2486 2865 2541 αὐτὸν
2896 2485 3240 2550 ἀναζέσαντα
3267 2484 3367 2538 καὶ
3405 2481 3690 2555 περιπαθέ-

2117 2596 2310 2653 στερον
2334 2579 2735 2653 συστραφέντα,
2754 2577 2949 2633 παθεῖν
2970 2594 3022 2631 τι
3046 2577 3147 2648 τῆς
3177 2575 3318 2649 πρδς
3338 2575 3430 2632 τδν
3450 2574 3690 2630 διδάσκα-

2114 2674 2206 2729 λον
2261 2673 2476 2737 εὐνοίας
2528 2672 2700 2739 ἀξιον.
2748 2671 2813 2725 El
2862 2670 2971 2743 γὰρ
3009 2670 3121 2724 τῶν
3166 2669 3418 2741 σημείων
3463 2669 3563 2741 τὴν
3602 2666 3690 2739 χά-

2115 2784 2227 2839 ριν,
2272 2767 2432 2837 φησὶ,
2467 2766 2565 2819 καὶ
2598 2764 2803 2831 τᾶλλα,
2849 2759 2933 2828 οἷς
2976 2762 3088 2817 τῶν
3107 2762 3321 2817 πολλῶν
3351 2761 3691 2834 διαφέρομεν,

2116 2859 2423 2930 είλήφαμεν
2458 2856 2590 2929 παρ’
2632 2855 2824 2921 αὐτοῦ,
2859 2857 2911 2909 τί
2943 2854 3010 2910 ἂν
3044 2854 3379 2927 πεισόμεθα,
3412 2857 3461 2909 εί
3491 2850 3693 2926 πρδςτδ

2116 2953 2312 3006 παθεῖν
2361 2950 2720 3022 ἐπειγόμενον
2772 2948 3210 3019 καταλείψαιμεν
3256 2947 3353 3001 τδν
3415 2947 3498 3012 είς
3550 2944 3695 3000 τοῦτο

2113 3039 2272 3108 δόξης
2306 3040 2454 3110 ἡμᾶς
2484 3039 2851 3107 ἀναγαγόντα,
2876 3038 2954 3103 ὡς
2982 3039 3080 3093 καὶ
3116 3038 3222 3109 ὄρη
3258 3036 3526 3092 δύνασθαι
3551 3033 3693 3108 p.50;-

2117 3135 2272 3206 στᾷν,
2291 3137 2387 3189 καὶ
2405 3134 2441 3188 ἃ
2462 3133 2668 3189 τούτων
2686 3132 2911 3206 μείζονα
2930 3133 3094 3205 δρᾷν;
3115 3132 3330 3187 Οὐκοῦν
3352 3130 3695 3203 συνεψὼμεθα

2115 3223 2190 3285 ὡς
2246 3222 2314 3278 ἂν
2342 3223 2437 3276 καὶ
2481 3222 2751 3295 ζήσαιμεν
2805 3222 2991 3288 ζῶντι,
3030 3224 3126 3276 καὶ
3187 3221 3486 3293 θνήσκοντι
3521 3237 3695 3276 συντε-

421 3309 747 3373 transferrc,
785 3322 849 3361 ac
883 3308 1094 3376 majora
1140 3308 1225 3362 his
1256 3306 1469 3362 facere.
1516 3305 1661 3377 Ergo
1692 3322 1885 3364 eamus
1917 3301 2012 3363 οό-

2118 3315 2402 3386 θναίημεν.
2440 3314 2759 3386 Προθυμίας
2790 3317 2819 3370 6
2855 3315 3048 3385 λόγοςί
3085 3313 3383 3386 εὐτολμίας
3416 3316 3451 3387 ἡ
3479 3312 3692 3383 γνώμηι

422 3399 605 3463 mites,
626 3397 785 3453 utvel
811 3397 1173 3465 convivamus
1200 3396 1428 3461 viventi,
1457 3395 1546 3451 vel
1574 3397 1831 3452 morienti
1862 3414 2016 3452 com-

421 3491 752 3546 moriamur.
814 3488 1012 3544 Sermo
1039 3489 1257 3551 alacer,‘
1299 3490 1521 3543 animus
1576 3491 1754 3544 audax
1786 3498 1842 3545 et
1876 3491 2018 3545 bene

425 3583 642 3639 ﬁdens!
687 3602 706 3635 ι
732 3582 938 3638 Eamus
1003 3591 1057 3636 et
1086 3597 1212 3645 nos,
1249 3590 1309 3636 ut
1374 3583 1680 3637 moriamur
1704 3599 1830 3638 cum
1864 3599 1953 3638 eo.
1990 3602 2011 3635 ι

423 3674 568 3742 Quid
601 3675 685 3730 ais
711 3674 734 3729 τ
763 3673 883 3728 Non
912 3672 1099 3728 vidisti
1167 3673 1465 3738 traditum,
1524 3680 1579 3727 et
1641 3680 1874 3729 mortem
1914 3687 2016 3727 an-

426 3768 702 3823 nuntias?
739 3767 939 3835 Quaero
992 3780 1231 3821 comam.
1300 3765 1407 3821 Ubi
1468 3765 1688 3837 pelvis?
1747 3766 1852 3823 Ubi
1887 3781 2019 3822 rem

426 3864 630 3918 cohors
660 3877 785 3915 cum
821 3876 931 3931 qua
989 3859 1267 3929 proditor,
1295 3860 1562 3913 simulato
1611 3859 1772 3916 amici
1800 3860 2015 3925 habitu,

426 3953 733 4010 benetlcum
763 3952 1074 4006 traditurus
1108 3951 1374 4006 accedit?
1397 3950 1503 4006 Ubi
1532 3967 1664 4006 vero
1706 3952 1901 4018 turba,
1938 3952 2020 4007 fa-

426 4047 738 4115 ces,ligna,
778 4042 975 4115 gladii,
1031 4058 1161 4097 cum
1214 4042 1422 4114 quibus
1462 4043 1613 4098 velut
1647 4042 1715 4098 ad
1748 4044 2017 4101 latronem

424 4136 721 4192 exierunt?
750 4135 870 4191 Non
926 4144 1011 4191 est
1040 4135 1221 4190 adhuc
1268 4136 1545 4203 osculum,
1572 4137 2017 4207 cmnprehensio,

425 4229 686 4285 adductio
741 4229 810 4283 ad
868 4228 1103 4295 Annam,
1157 4226 1442 4285 damnatio
1525 4228 1671 4299 apud
1729 4228 2019 4300 Caipbam,

426 4322 791 4394 praesentatio
819 4335 919 4392 pro
957 4320 1221 4375 tribunali
1281 4317 1469 4384 Pilati,
1540 4320 1804 4387 ludibria,
1843 4322 2021 4377 cocci-

424 4432 586 4470 neum
624 4415 1033 4478 indumentum,
1088 4427 1294 4467 corona
1350 4412 1565 4482 spinea.
1600 4414 1873 4481 calamus,
1925 4430 2020 4469 co-

423 4508 594 4577 laphi.
658 4518 842 4577 sputa,
934 4503 1369 4577 ﬁagellationes,
1433 4503 1686 4561 verbera.
1758 4504 2015 4560 Nondum

425 4599 635 4652 Pilatus
697 4598 947 4652 abluitur
973 4611 1137 4665 aqua,
1167 4603 1222 4651 et
1256 4609 1455 4649 cruore
1512 4594 1823 4664 polluitur.’
1859 4596 2014 4650 Non-

420 4689 553 4745 dum
585 4697 668 4743 est
691 4703 854 4752 crux,
897 4687 1145 4742 nondum
1174 4687 1339 4750 clavi,
1396 4686 1589 4756 aisque
1625 4706 1639 4742 :
1675 4705 1694 4737 ι
1734 4687 1937 4743 Eamus
1958 4699 2017 4743 et

422 4797 546 4847 nos,
584 4787 646 4834 ut
683 4781 989 4834 moriamur
1020 4794 1142 4833 cum
1185 4791 1252 4833 eo
1284 4776 1309 4831 l‘
1341 4796 1360 4829 ι
1403 4778 1571 4841 Sane,
1595 4778 1796 4848 inquit.
1840 4776 2016 4833 Futu-

424 4888 484 4928 ra
513 4872 671 4943 quasi
701 4871 813 4941 jam
839 4879 1048 4934 essent,
1091 4869 1391 4939 prospicio.
1448 4867 1585 4923 Nam
1647 4870 1786 4932 scio.
1823 4884 2014 4925 resus-

424 4964 619 5020 citabit
680 4962 947 5017 Lazarum
986 4960 1345 5017 :Judaeorum
1410 4961 1676 5016 accendet
1722 4960 2010 5027 invidiam,

421 5073 595 5129 eaque
621 5057 841 5131 interim
872 5054 1127 5111 evenient
1161 5072 1175 5108 :
1212 5073 1230 5105 ι
1262 5054 1465 5109 Eamus
1501 5061 1557 5109 et
1579 5069 1701 5119 nos,
1721 5062 1782 5109 ut
1812 5057 2018 5110 moria-

425 5167 549 5205 mur
581 5164 708 5206 cum
741 5166 826 5205 eo.
870 5167 889 5201 ι
937 5145 1055 5203 Νοη
1101 5146 1279 5205 solum
1341 5147 1583 5218 explicat
1612 5148 1743 5217 quid
1770 5149 1891 5219 ipse
1917 5152 2014 5203 ha-

424 5243 551 5299 beat
574 5242 767 5310 animi,
811 5242 907 5298 sed
935 5241 1077 5299 idem
1108 5241 1272 5296 etiam
1307 5241 1362 5296 in
1396 5240 1567 5295 sociis
1596 5251 1882 5311 provocat.

2124 3424 2144 3458 ι
2189 3408 2449 3477 ’Δγωμεν
2470 3407 2768 3478 καὶήμεῖς,
2798 3407 2887 3461 ἵνα
2919 3407 3286 3478 ἀποθάνωμεν
3321 3408 3441 3478 μετ’
3467 3404 3646 3460 αὐτοῦ.
3673 3423 3691 3456 ι

2119 3497 2186 3552 Τί
2230 3498 2446 3566 λέγεις;
2491 3497 2662 3552 Οὔπω
2718 3499 3107 3570 προδιδόμενοι)
3167 3494 3336 3567 εἶδες,
3389 3500 3483 3555 καὶ
3530 3500 3696 3553 θανεῖν

2118 3591 2440 3662 ἀπαγγέλλῃ
2462 3608 2476 3657 ;
2502 3591 2660 3661 Ζητῶ
2691 3593 2751 3645 τὸ
2776 3593 3014 3647 δεῖπνον.
3056 3612 3075 3645 ι
3124 3594 3236 3648 Ποῦ
3259 3596 3288 3648 6
3324 3595 3561 3667 νιπτήρς
3597 3590 3694 3645 Ποῦ

2119 3682 2176 3736 δὲ
2209 3683 2243 3754 ἡ
2278 3685 2500 3755 σπεῖρα,
2534 3683 2654 3755 μεθ’
2694 3680 2763 3756 ἧς
2803 3687 2832 3738 6
2870 3684 3138 3756 προδότης
3169 3685 3469 3757 ἐπέρχεται
3512 3681 3695 3756 φιλικῷ

2120 3775 2198 3846 τῷ
2226 3778 2574 3848 προσχήματι
2623 3776 2921 3850 προδώσων
2954 3778 3045 3833 τὸν
3087 3779 3425 3851 εὐεργέτην;
3469 3781 3531 3834 Ol
3559 3777 3696 3850 δχλοι

2119 3867 2176 3922 δὲ
2204 3868 2308 3924 ποῦ
2333 3885 2349 3935 ;
2373 3864 2428 3922 αἶ
2458 3869 2636 3939 δᾷδες,
2677 3870 2747 3923 τά
2778 3868 2933 3935 ξύλα,
2963 3872 3019 3923 αί
3052 3871 3352 3943 μάχαιραι,
3383 3870 3506 3942 μεθ’
3536 3863 3607 3923 ὧν
3631 3869 3698 3930 ὡς

2120 3960 2215 4013 ἐπὶ
2230 3960 2432 4033 λῃστὴν
2455 3961 2685 4032 ἐξῄεσαν
2706 3978 2722 4028 ;
2748 3961 2902 4015 οὔπω
2931 3962 2992 4017 τὸ
3012 3963 3141 4034 φίλη
3152 3981 3245 4034 μα,
3274 3965 3308 4033 ἡ
3333 3966 3427 4017 ἐπ”.
3455 3962 3697 4030 Καϊάφαν

2122 4054 2475 4126 κατάκρισις,
2509 4056 2542 4124 ἡ
2581 4054 2675 4107 ἐπὶ
2706 4054 2955 4125 βήματος
2986 4054 3222 4109 Πιλάτου
3265 4056 3633 4125 παράστασις,
3654 4050 3699 4102 oi

2121 4146 2452 4217 ὲμπαιγμοὶ,
2485 4146 2544 4199 τὸ
2572 4148 2829 4201 κόκκινον
2861 4146 3090 4218 ἔνδυμα,
3128 4150 3156 4201 6
3185 4147 3478 4210 ἀκάνθινος
3509 4144 3698 4211 στέφα-

2120 4254 2232 4303 νος,
2265 4239 2294 4291 6
2320 4238 2588 4310 κάλαμος,
2632 4238 2701 4293 τά
2736 4238 3083 4310 ῥαπίσματα,
3117 4239 3185 4293 τὰ
3220 4238 3610 4309 ὲμπτύσματα,
3648 4233 3701 4287 al

2122 4327 2559 4399 φραγελλὼσεις,
2587 4331 2643 4381 al
2678 4328 2968 4399 μάστιγες.
3002 4327 3170 4395 Οὔπω
3200 4326 3436 4391 Πιλᾶτος
3456 4325 3701 4394 νιπτόμε·

2121 4434 2210 4481 νος
2256 4415 2411 4471 ὔδατι
2438 4419 2533 4471 καὶ
2589 4417 2954 4490 μολυνόμενος
2990 4419 3204 4489 αἵματι.
3250 4416 3421 4472 Οὔπω
3453 4414 3699 4486 σταυρὸς,

2120 4508 2275 4563 οὔπω
2312 4504 2465 4582 ἧλοι·
2510 4512 2609 4564 καὶ
2654 4509 2867 4580 λέγεις,
2916 4528 2936 4562 σ
2968 4511 3227 4581 Ἄγωμεν
3270 4510 3369 4564 καὶ
3402 4501 3583 4580 ἡμεῖς,
3621 4507 3699 4558 ἵνα

2121 4600 2481 4671 ἀποθάνωμεν
2525 4601 2642 4672 μετ’
2665 4602 2869 4670 αὖτοῦ;
2910 4621 2931 4654 ι
2965 4601 3098 4667 Ναὶ,
3132 4602 3318 4673 φησίν.
3346 4601 3440 4664 Ὦς
3470 4599 3700 4671 παρόντα

2120 4690 2418 4762 προϐλέπω
2456 4691 2526 4746 τὰ
2572 4692 2862 4764 μέλλοντα.
2908 4694 3235 4765 Ἀναστήσει
3276 4692 3408 4765 γὰρ,
3440 4686 3578 4755 οἶδα,
3615 4688 3699 4742 τὸν

2122 4786 2411 4858 Λάζαρον⁹
2460 4787 2660 4858 ἀνάψει
2709 4787 2818 4842 τῶν
2873 4788 3146 4845 Ἰουδαίων
3199 4789 3290 4844 τὸν
3342 4790 3558 4860 φθόνον,
3612 4784 3696 4841 καὶ

2119 4879 2377 4949 τηνικάδε
2407 4879 2582 4935 ταῦτα
2620 4882 2986 4953 συμϐήσεται.
3041 4902 3060 4935 ς
3091 4884 3350 4954 Ἄγωμεν
3395 4885 3489 4937 καὶ
3521 4879 3693 4952 ἡμεῖς.

2122 4971 2211 5025 ἵνα
2243 4972 2605 5045 ἀποθάνωμεν
2652 4973 2773 5045 μετ’
2818 4973 3008 5030 αὐτοῦ.
3054 4992 3072 5026 ι
3108 4974 3184 5029 Οὐ
3223 4976 3284 5029 τὸ
3313 4966 3510 5030 ἑαυτοῦ
3554 4970 3695 5037 λέγει

2125 5063 2313 5136 μόνον,
2364 5064 2501 5120 ἀλλά
2550 5066 2646 5121 καὶ
2692 5065 2801 5124 τῶν
2843 5066 3124 5137 συννόμων
3171 5065 3436 5139 διεγείρει
3483 5063 3545 5118 τὸ
3570 5059 3692 5133 φρό·

2122 5173 2292 5227 νημα.

1750 5333 2142 5394 COMBEFISII
2178 5336 2416 5394 NOTAE.

494 5432 605 5501 (14)
642 5432 747 5496 Qui
788 5447 887 5485 sua
936 5447 1029 5486 nos
1077 5430 1419 5501 inﬁdelitate,

420 5500 652 5564 duravit,
678 5501 1031 5571 ﬁrmauitque.
1064 5500 1381 5571 Στομώσας.
1431 5503 1632 5556 damur
1671 5501 1723 5555 la
1768 5512 1995 5569 trempc;

423 5645 680 5713 praestitit
745 5640 985 5697 Thomas
1014 5657 1142 5713 _sna
1194 5641 1287 5695 illa
1328 5640 1560 5697 accensa
1619 5640 1998 5708 confessione,

2112 5647 2381 5701 barbaras
2410 5647 2563 5700 illata

1491 5430 1616 5499 ﬁdei
1676 5431 1996 5507 carbonibus
2103 5446 2318 5500 tamen,
2381 5434 2510 5507 quia
2581 5434 2791 5507 suavis,
2845 5443 3239 5507 consentanea
3284 5426 3707 5507 ιιειιιιιιωη-ίιιιςεΔ

1087 5499 1381 5571 Ξτομώσας.
1431 5503 1632 5556 domm
1671 5501 1723 5555 la
1768 5512 1995 5569 trempe;
2110 5499 2456 5575 imprimit,'a
2502 5506 2671 5575 itque,
2714 5505 2869 5558 illum
2926 5504 3091 5559 etiam
3155 5503 3399 5556 animum
3458 5499 3688 5555 subinde

1087 5572 1245 5629 iamne
1302 5572 1643 5629 metaphora.
1712 5571 1765 5625 Id
1831 5587 1999 5629 Dorro
2110 5578 2357 5629 ostendit
2420 5521 2495 5629 ag
2550 5584 2828 5629 extremas
2877 5574 3030 5629 orbis
3079 5582 3285 5629 partes.
3342 5578 3397 5626 ct
3461 5571 3688 5625 maxime

420 5582 683 5640 concepta
735 5587 865 5642 vox,
918 5572 1245 5642 egregiaque
1302 5572 1643 5642 metaphora.
1712 5571 1765 5642 ld
1831 5587 1999 5641 porro
2110 5571 2357 5631 ostendit
2420 5595 2445 5628 a

2550 5571 2828 5630 extremas
2877 5574 3030 5644 orbis
3079 5582 3311 5644 partes,
3342 5578 3397 5626 ct
3461 5571 3689 5625 maxime

2607 5645 2950 5719 praedicatio,
2982 5640 3176 5719 ’ut'vix
3221 5643 3519 5719 quisquam
3564 5653 3689 5719 apo-

422 5711 965 5787 Dominus__meus._et_
1001 5711 1166 5787 Dea;
1197 5727 1478 5787 mettuex
1524 5727 1630 5787 qua
1663 5720 1858 5787 auctor
1887 5727 1997 5767 non
2110 5717 2292 5787 stolus
2350 5718 2559 5787 majora
2608 5711 2711 5787 pro
2756 5715 2958 5773 dilecto
3026 5711 3261 5770 Domino
3316 5714 3553 5784 gessisse
3617 5711 3690 5761 vis

421 5784 564 5837 male
605 5781 836 5851 colligit,
892 5782 1067 5840 fuisse
1107 5781 1374 5839 Thomam
1422 5781 1584 5839 fortis
1628 5781 1999 5850 audentisque
2109 5785 2330 5842 deatur.

422 5851 607 5922 animi.
643 5850 967 5923 Quanquam
1000 5853 1148 5911 enim
1182 5853 1263 5909 sic
1310 5854 1454 5922 loqui
1498 5852 1690 5923 gratiae
1723 5851 1859 5907 fuit-
1901 5855 1995 5909 illa
