3966 6436
310 422 419 488 969

1354 424 1434 484 1N
1472 390 1837 489 LAZARUM
1873 424 2522 499 QUATRIDUANUM.

3489 426 3595 489 970

377 537 490 592 Kal
521 535 702 591 ταῦτα
739 537 839 605 μὲν
878 534 1073 598 οὕτως.
1109 536 1320 607 Νεκρὸς
1348 538 1405 591 δέ
1431 539 1532 609 ¹ἤδη
1559 537 1699 604 ὄζων
1730 540 1759 592 ὁ
1785 539 1882 592 Aa-

2073 537 2140 591 Et
2169 538 2284 593 haec
2312 537 2533 608 quidem
2563 538 2657 593 ita.
2685 541 2805 594 Jam
2836 546 3026 593 autem
3056 548 3310 593 mortuus
3346 538 3592 596 Lazarus

305 630 474 703 ζαρος
512 625 617 699 ἦν’
669 630 761 682 καὶ
813 628 1019 698 Ἰησοῦς
1050 628 1234 700 παρῆν
1269 631 1297 682 ὁ
1327 630 1563 701 Χριστὸς
1598 632 1695 685 καὶ
1729 630 1894 693 Θεὸς,

303 724 401 777 καὶ
434 722 494 776 τὸ
523 721 623 792 ζῇν
658 719 1057 791 παρεχόμενος.
1116 720 1265 773 Ἔδει
1297 721 1407 790 γὰρ
1449 721 1804 792 συντριϐῆναι
1836 723 1898 774 τὸ

304 813 522 879 σκεῦος,
560 807 661 865 εἷθ’
683 809 827 864 οὕτω
852 813 1111 882 παρεῖναι
1133 809 1225 864 τὸν
1255 812 1529 881 κεραμέα.
1575 811 1775 882 Ἐχρῆν
1803 810 1895 863 τὸν

298 902 449 961 οἷκον
467 905 828 977 ὲριπωοῆναι,
855 905 948 957 καὶ
969 904 1273 975 τηνικαῦτα
1296 906 1553 977 παρεῖναι
1573 904 1667 957 τὸν
1695 903 1897 957 οἰκοδό-

302 1013 426 1067 μον,
456 997 593 1064 Ἀγε
616 994 682 1065 δὴ
716 991 1006 1064 τοιγαροῦν
1033 992 1110 1063 τῷ
1136 993 1381 1063 Χριστῷ,
1404 993 1502 1045 καὶ
1529 991 1649 1062 Θεῷ
1674 991 1769 1045 καὶ
1790 991 1894 1044 Λό-

296 1106 382 1160 γῳ
421 1089 663 1159 σήμερον
703 1086 798 1140 ἐπὶ
830 1084 927 1155 τὴν
958 1083 1231 1155 Βηθανίαν
1260 1082 1516 1151 ἁνάγοντι
1537 1124 1552 1150 ,
1577 1082 1670 1135 τὸν
1697 1082 1896 1152 ἡμέτε-

296 1198 395 1250 ρον
427 1183 525 1235 καὶ
553 1182 721 1251 ἡμεῖς
767 1177 1160 1246 συνανάξωμεν
1192 1176 1372 1245 λόγον.
1418 1175 1484 1228 Τί
1518 1176 1627 1246 γάρ
1660 1191 1797 1245 φησι
1833 1172 1896 1225 τὸ

294 1271 669 1340 Εὑαγγέλιον;
706 1290 725 1322 ‹
750 1268 951 1323 Ἐλθὼν
981 1265 1074 1323 οὖν
1103 1268 1380 1339 6111003;-
1420 1286 1438 1317 ι
1469 1267 1580 1321 Ποῦ
1604 1267 1699 1320 καὶ
1729 1266 1893 1319 πόθεν

294 1365 785 1436 παραγενόμενος;
839 1364 933 1428 Εἰς
983 1362 1292 1433 Βηθανίαν·
1351 1357 1411 1415 οῦ
1446 1360 1540 1414 καὶ
1581 1360 1679 1432 τὴν
1716 1359 1893 1430 ὁρμὴν

295 1454 463 1528 εἶχεν,
480 1456 541 1522 ἐξ
567 1451 627 1512 οὗ
655 1455 893 1527 διέτριϐε
920 1455 1089 1508 τόπου
1116 1455 1292 1526 πέραν
1318 1453 1413 1507 τοῦ
1459 1453 1755 1524 Ἰορδάνου.
1783 1452 1893 1505 Καὶ

294 1546 401 1598 ποῦ
428 1547 526 1599 οὐκ
555 1545 674 1599 ἔστι
702 1545 966 1616 Χριστός;
1012 1544 1045 1615 ἢ
1088 1545 1172 1610 τίς
1209 1544 1564 1614 ἀπολείψεται
1602 1542 1764 1607 τόπος
1794 1543 1893 1595 αύ-

291 1638 430 1704 τοῦ;
475 1638 636 1691 Ἀλλά
673 1639 815 1691 κατά
863 1637 924 1690 τὸ
954 1635 1298 1708 ἀνθρώπινον
1333 1636 1495 1689 τοῦτο
1537 1636 1797 1707 ληπτέον,
1830 1636 1891 1688 ού

292 1728 444 1783 κατὰ
482 1729 543 1782 τὸ
576 1730 786 1788 θεῖκόν.
836 1727 970 1791 Θεὸς
1012 1727 1121 1800 γὰρ
1152 1727 1409 1799 ἀόριστόν
1442 1745 1494 1781 τι
1536 1729 1772 1799 πρᾶγμα
1800 1725 1893 1779 καὶ

289 1820 725 1891 ἀπερίδρακτον,
781 1820 1098 1891 περιγραφῇ
1146 1818 1389 1889 μηδεμιᾷ
1438 1817 1888 1887 συγκλειόμενον.

2010 631 2214 686 fetebat
2246 650 2259 684 :
2288 631 2594 702 aderatque
2630 630 2816 699 Jcsus,
2876 632 3131 690 Christus
3163 642 3218 690 et
3269 633 3441 700 Dens,
3494 635 3592 705 qui

2001 723 2167 777 etiam
2191 722 2357 778 vitatu
2387 724 2677 792 praeberet.
2726 724 2890 781 Prius
2913 727 3058 780 enim
3084 741 3179 782 vas
3196 727 3590 781 conterendum

2001 824 2141 880 erat,
2175 831 2240 870 ac
2271 826 2385 870 tum
2416 816 2616 887 ﬁgulus
2643 830 2850 889 praesto
2885 834 3006 875 esse
3054 818 3315 875 debebat.
3351 818 3585 890 Oportev

2000 909 2095 963 bat
2125 916 2185 963 ut
2236 908 2437 963 domus
2465 909 2818 979 dejiceretur,
2866 926 2931 966 ac
2957 920 3072 966 tum
3101 913 3324 969 adesset
3350 914 3594 968 aedifica-

2001 1004 2109 1051 tor.
2172 998 2287 1069 Age
2348 999 2540 1070 igitur,
2601 1000 2826 1057 Christo
2915 1003 3252 1060 ascendente
3303 1004 3469 1060 hodie
3532 1009 3589 1060 in

2002 1091 2345 1156 Bethaniam,
2378 1101 2431 1146 et
2464 1093 2566 1163 ipsi
2598 1095 2803 1163 pariter
2826 1112 3139 1151 sermonem
3192 1100 3589 1168 provehamus.

1999 1179 2141 1246 Quid
2202 1183 2352 1237 enim
2406 1183 2576 1239 habet
2638 1185 3049 1257 Evangelium?
3111 1207 3130 1240 ι
3188 1189 3347 1245 Venit
3405 1192 3593 1263 itaque

1996 1272 2181 1327 Jesus.
2224 1293 2242 1326 ι
2278 1274 2399 1340 Quo
2456 1286 2552 1329 aut
2586 1278 2728 1331 unde
2771 1278 3102 1349 profectus?
3142 1281 3198 1337 In
3223 1283 3587 1341 Bethaniam:

1997 1381 2110 1434 quo
2139 1366 2306 1420 etiam
2348 1369 2739 1436 contendebat,
2774 1372 2844 1427 ab
2885 1387 2950 1428 eo
2984 1373 3104 1429 loco
3140 1376 3231 1430 ubi
3269 1379 3592 1434 morabatur

1998 1466 2153 1513 trans
2213 1457 2539 1515 Iordanem.
2591 1464 2662 1516 At
2716 1462 2943 1517 ubinam
3007 1467 3258 1535 gentium
3328 1468 3591 1525 Christus

1998 1550 2188 1605 abest?
2220 1551 2440 1620 quisve,
2466 1553 2626 1608 locus
2662 1569 2728 1609 eo
2771 1557 3022 1613 carebit?
3057 1557 3261 1615 Verum
3291 1571 3376 1616 est
3408 1563 3462 1618 id
3496 1580 3592 1620 ac-

1996 1642 2317 1714 cipiendum
2342 1644 2497 1714 juxta
2529 1645 2581 1700 id
2610 1646 2758 1715 quod
2789 1655 2874 1703 est
2915 1650 3259 1706 humanum:
3294 1670 3402 1709 non
3431 1654 3591 1725 juxta

1996 1736 2143 1805 quod
2197 1735 2448 1790 divinum
2509 1746 2614 1791 est.
2656 1735 2804 1792 Deus
2856 1739 3134 1809 siquidem
3192 1760 3281 1800 res
3335 1747 3587 1821 quaedam

1957 1820 2084 1881 'est
2140 1825 2451 1891 indefinita,
2517 1843 2687 1896 quam
2755 1844 2866 1884 non
2918 1847 3217 1901 possumus
3265 1820 3586 1908 complecti,

295 1930 318 1963 ι
370 1910 570 1964 Ἐλθὼν
593 1906 686 1964 οὖν
718 1913 746 1964 6
788 1910 996 1982 Ἰησοῦς
1021 1949 1036 1974 ,
1065 1903 1222 1980 εὗρεν
1253 1910 1417 1963 αὐτὸν
1449 1909 1723 1979 τέσσαρας
1750 1906 1882 1978 ἡμέα

1997 1926 2232 1981 quaeque
2279 1913 2432 1968 nulla
2482 1915 2776 1969 claudatur
2824 1903 3436 1992 circumscriptione—tr
3486 1929 3588 1983 Ve-

291 2021 395 2073 pa;
439 2003 541 2075 ἤδη
595 2003 793 2075 ἔχοντα
824 2005 880 2057 ἐν
924 2001 1003 2074 τῷ
1049 2001 1335 2073 μνημεξῳ’
1374 2021 1393 2054 ι
1442 2002 1552 2055 Καὶ
1574 2002 1734 2054 τοῦτο
1770 1999 1889 2054 λίαν

290 2098 495 2167 σοφῶς.
522 2098 643 2152 Ἵνα
668 2097 778 2167 γὰρ
808 2096 1174 2150 διαλυθέντων
1207 2096 1410 2149 ὡσανεὶ
1434 2078 1548 2148 τῶν
1581 2093 1885 2164 στοιχείων,

286 2192 388 2245 καὶ
429 2190 941 2261 καινοπρεπεστέρα
991 2206 1074 2254 τις
1115 2189 1349 2260 νομισθῇ
1401 2188 1495 2242 τοῦ
1546 2187 1887 2258 θαύματοςὴ

285 2286 571 2351 ἐπίδειξις,
597 2285 799 2355 ἀνέσχε
833 2285 933 2351 τὴν
971 2284 1172 2356 ὁρμήν.
1213 2283 1325 2359 καὶ
1349 2282 1457 2356 γὰρ
1493 2277 1561 2352 ἦν
1591 2284 1650 2334 ἐν
1681 2279 1888 2334 τοσαύ-

283 2396 411 2443 ταις
437 2381 678 2450 ἡμέραις
720 2377 1089 2449 διαφθαρῆναι
1121 2376 1212 2430 τὸν
1261 2379 1318 2431 ἐν
1358 2377 1540 2448 σοροῖς
1591 2375 1889 2446 γενόμενον

284 2473 540 2543 κάτοχον.
579 2490 599 2524 ι
632 2465 778 2541 Εὗρε
808 2472 990 2548 τοίνυν
1031 2470 1196 2524 αὐτὸν
1220 2469 1500 2540 τέσσαρας
1531 2469 1749 2539 ἡμέρας
1781 2468 1883 2541 ἥδη

285 2566 481 2636 εχοντα
501 2567 559 2620 ἐν
579 2565 657 2637 τῷ
690 2564 966 2637 μνημείῳ.
1002 2584 1021 2616 ι
1052 2563 1150 2618 "Iv‘
1196 2564 1226 2617 6
1250 2563 1557 2634 τριήμερος
1584 2561 1888 2631 ἀνιστάμεο

286 2657 745 2729 νος,’προεγείρῃ
778 2656 873 2710 τὸν
930 2656 1348 2727 τετραήμερον·
1397 2654 1497 2708 καὶ
1541 2653 1790 2726 μάθωσιν
1835 2658 1886 2709 οἱ

285 2750 606 2822 ἀγνώμονες
642 2750 913 2814 Ἰουδαῖοι,
945 2733 1039 2804 τὸν
1068 2751 1170 2821 ἢδη
1207 2747 1461 2820 μυδῶντα
1494 2747 1763 2819 θεώμενοι
1794 2748 1886 2802 καὶ

287 2843 508 2914 ἰχώρων
562 2842 800 2915 βρύοντα
842 2841 989 2914 λόγῳ
1028 2841 1125 2895 τοῦ
1171 2842 1454 2912 μνήματος
1504 2839 1880 2912 ἐξαλλόμενον.

291 2953 311 2987 ι
354 2929 523 3007 Εὗρεν
555 2935 715 2988 αὑτὸν
762 2934 1041 3006 τέσσαρας
1075 2933 1290 3005 ἡμέρας
1338 2934 1441 3005 ἤδη
1491 2932 1686 3004 ἔχοντα
1722 2935 1780 2987 ἐν
1806 2934 1885 3004 τῷ

286 3028 562 3100 μνημείῳ.
594 3048 613 3081 ι
649 3029 799 3101 Ὅτῳ
829 3029 937 3100 γὰρ
956 3030 1053 3100 τῆς
1073 3031 1250 3099 ταφῆς
1277 3032 1306 3097 ῥ
1330 3029 1525 3101 χρόνος
1550 3030 1880 3102 παρέτρεχε,
1927 3029 1929 3031 ’

280 3123 526 3194 τοσούτῳ
549 3124 711 3177 πλέον
742 3128 776 3196 ὴ
796 3125 891 3178 τοῦ
917 3126 1156 3196 Χριστοῦ
1179 3124 1601 3194 ὲπεΟαυμάζετο
1628 3126 1879 3197 δύναμις.

290 3234 310 3265 ι
348 3211 460 3267 Ἦν
507 3216 564 3269 δὲ
597 3219 632 3286 ἡ
677 3216 917 3287 Βηθανία
962 3216 1591 3287 ὲγγὺς.’1εροσολύμων,
1646 3218 1723 3281 ὼς
1773 3218 1881 3271 ἀπὸ

283 3310 514 3365 σταδίων
555 3313 876 3367 δεκαπέντε.
910 3333 929 3365 ι
982 3315 1082 3366 Διά
1128 3312 1289 3367 τοῦτο
1329 3312 1571 3367 πλεῖστοι
1603 3312 1741 3384 πρὸς
1776 3330 1880 3365 πα-

286 3406 562 3478 ραμυθίαν
585 3407 813 3479 ἐξῄεσαν
830 3407 1051 3479 Μαρίας
1065 3408 1167 3461 καὶ
1194 3406 1450 3479 Μάρθας.
1483 3427 1500 3459 ι
1531 3408 1725 3461 Πολλοὶ
1747 3409 1877 3479 γὰρ,

282 3500 442 3569 φησὶ.
474 3499 584 3552 τῶν
630 3498 904 3553 Ἰουδαίων
947 3498 1284 3569 ἐληλύθεσαν
1339 3499 1477 3569 πρὸς
1523 3499 1756 3571 Μάρθαν
1785 3502 1880 3553 καὶ

280 3594 383 3663 τὴν
405 3592 650 3664 Μαρίαν,
689 3591 779 3645 ἵνα
820 3591 1340 3663 παραμυθήσωνται
1396 3592 1568 3655 αὐτὰς
1608 3593 1738 3663 περὶ
1782 3591 1879 3645 τοῦ

278 3682 518 3753 ἀδελφοῦ
549 3681 753 3736 αὐτῶν.
797 3700 815 3733 ι
858 3683 970 3735 Καὶ
1015 3682 1263 3745 εἰκότως.
1314 3681 1516 3751 Ἐγγὺς
1567 3683 1676 3752 γὰρ
1709 3680 1880 3752 οΰσης

278 3775 383 3844 τῆς
430 3774 660 3839 πόλεως,
695 3773 843 3836 εἰκὸς
886 3769 957 3843 ἦν
1003 3772 1222 3836 πλείους
1255 3774 1395 3843 πρὸς
1437 3774 1609 3837 αὐτάς
1651 3774 1876 3840 ἐξιέναι,

279 3867 431 3922 δυοῖν
460 3866 688 3937 θάτερον
713 3880 727 3896 ο
773 3865 807 3937 ἦ
849 3867 918 3937 τῇ
964 3864 1097 3937 περὶ⁸
1126 3865 1219 3918 τὸν
1269 3864 1385 3936 βίον
1425 3867 1723 3937 σεμνότητι
1759 3869 1875 3919 τοῖν

281 3960 530 4027 γυναίοιν
571 3957 984 4028 ἐφηδομένους*
1037 3956 1135 4011 καὶ
1188 3957 1300 4028 γὰρ
1357 3953 1426 4029 ἦν
1457 3961 1485 4012 ό
1537 3957 1654 4028 βίος
1695 3957 1879 4012 αὐτῶν

279 4051 559 4123 λαμπρὸς,
597 4051 691 4104 καὶ
740 4049 862 4103 κατ’
891 4049 1117 4121 ,ἀρετὴν
1161 4048 1407 4119 ἐξέχων·
1454 4049 1487 4120 ἢ
1530 4049 1619 4104 διὰ
1667 4050 1728 4104 τὸ
1777 4052 1878 4122 τῆς

280 4145 464 4215 λύπης
492 4142 807 4213 ἐπαγωγὸν,
840 4143 1037 4213 ὀδύνης
1082 4143 1330 4213 ὑπάρχον
1355 4142 1572 4213 μεστόν.
1615 4143 1763 4214 Πλὴν
1794 4144 1878 4197 ὅτι

279 4237 343 4291 τὸ
398 4237 599 4307 πλῆθος
656 4235 767 4288 τῶν
820 4236 1254 4305 συνειλεγμένων
1296 4235 1747 4307 προσεμαρτύρει
1800 4237 1876 4305 τῷ

280 4329 544 4399 θαύματι,
595 4329 690 4380 καὶ
743 4327 846 4380 οὐκ
898 4327 1229 4401 ἀλυσιτελὴς
1282 4324 1422 4402 ἦνη
1478 4329 1697 4383 τούτων
1750 4347 1877 4384 συν-

280 4420 549 4491 ἀθροιςις.

357 4533 375 4565 ι
418 4514 481 4565 Ἣ
513 4510 607 4567 οὖν
636 4516 837 4587 Μάρθα
865 4516 941 4580 ὼς
971 4517 1213 4585 ἤκουσεν
1254 4516 1336 4569 ὅτι
1379 4515 1590 4587 Ἰησοῦς
1630 4515 1874 4586 ἔρχεται,

1994 2003 2077 2057 nit
2111 2003 2298 2072 itaque
2329 2002 2495 2059 Jesus
2521 2022 2535 2059 :
2563 2013 2616 2060 et
2648 2007 2860 2063 invenit
2886 2024 3012 2064 eum
3048 2021 3293 2082 quatuor
3325 2016 3445 2072 dies
3472 2018 3587 2087 jam

1993 2091 2052 2147 in
2097 2102 2461 2170 monumento
2519 2094 2837 2151 habentem.
2871 2115 2890 2148 ι
2936 2098 3005 2151 Ει
3038 2100 3141 2154 hoc
3188 2103 3432 2172 sapienti
3488 2107 3589 2159 ad-

1991 2183 2220 2239 modum
2247 2184 2505 2239 consilio.
2544 2183 2784 2241 Uteuim
2813 2187 2966 2243 velut
2994 2189 3107 2259 jam
3140 2192 3433 2250 dissolutis
3482 2198 3586 2251 ele-

1992 2278 2216 2342 mentis,
2268 2278 2602 2334 iusolentior
2652 2276 2950 2336 haberetur
2997 2285 3252 2341 miraculi
3286 2288 3581 2353 cxhibitio,

1992 2370 2392 2441 profectionem
2430 2372 2709 2427 .Iardavit.
2780 2375 2998 2429 Etenim
3065 2386 3291 2447 poterat
3354 2397 3584 2452 compu-

1992 2465 2196 2519 truisse
2238 2472 2391 2520 tanto
2420 2465 2634 2520 dierum
2691 2467 2896 2537 spatio,
2950 2469 3043 2538 qui
3086 2470 3230 2525 inter
3250 2471 3581 2529 cadaverum

1990 2556 2242 2611 cumulos
2269 2558 2527 2613 detentus
2545 2555 2725 2613 fuerat
2750 2559 2804 2612 in
2827 2559 3158 2631 conditorio.
3185 2561 3430 2620 «Invenit
3451 2582 3584 2638 ergo

1988 2661 2229 2720 quatuor
2248 2650 2359 2721 jam
2380 2650 2502 2707 dies
2535 2651 2964 2708 habentemeum
2987 2653 3041 2708 in
3070 2670 3480 2714 monumento.»
3513 2662 3583 2719 Ut

1989 2743 2250 2797 nimirqu
2285 2743 2383 2813 qui
2437 2743 2734 2800 triduanus
2766 2757 2914 2800 esset
2945 2751 3400 2819 resurrecturus,
3451 2763 3580 2809 ante
3669 2748 3677 2757 ’

1986 2836 2287 2890 suscitaret
2316 2836 2748 2906 quatriduanum
2789 2853 2803 2890 :
2838 2848 3176 2911 uossentque
3230 2845 3454 2901 scelesti
3478 2845 3580 2902 Ju-

1986 2928 2114 2994 daei,
2141 2929 2233 2998 qui
2256 2928 2371 2997 jam
2402 2929 2534 2983 tabo
2563 2927 2894 2985 defluentem
2917 2940 2971 2986 et
2996 2935 3152 2988 sanie
3181 2939 3577 2995 scaturientem

1986 3022 2156 3076 verbo
2185 3021 2432 3076 viderent
2479 3022 2708 3079 exsilire
2737 3023 2806 3078 de
2861 3035 3243 3082 monumento.
3290 3048 3311 3082 ι
3357 3030 3578 3088 Invenit.

1984 3129 2108 3168 cum
2139 3112 2250 3183 jam
2277 3122 2520 3184 quatuor
2543 3115 2667 3172 dies
2718 3115 3013 3172 habentem
3046 3118 3101 3173 in
3126 3133 3505 3181 monumento.
3548 3145 3569 3178 ι

1986 3203 2107 3271 Quo
2133 3205 2282 3260 enim
2325 3214 2541 3277 tempus
2571 3209 2875 3277 sepulturae
2915 3211 3245 3280 productius
3277 3214 3477 3281 fuerat,
3508 3234 3575 3273 co

1988 3297 2162 3352 virtus
2225 3298 2434 3354 Chriszi
2493 3298 2759 3370 majorem
2830 3302 3260 3361 admirationem
3311 3307 3571 3366 habebat.

1989 3408 2009 3441 ι
2045 3389 2176 3444 Erat
2210 3396 2391 3445 autem
2426 3390 2694 3447 Bethania
2725 3393 2883 3462 juxta
2931 3392 3353 3468 Jerosolymam,
3412 3404 3572 3473 quasi

1983 3484 2179 3538 stadiis
2207 3483 2548 3554 quindecim.
2578 3503 2597 3536 ι
2659 3485 2873 3542 Idcirco
2913 3489 3105 3558 plures
3163 3498 3222 3543 ut
3255 3491 3484 3548 Mariam
3520 3509 3575 3551 et

1984 3574 2250 3630 Martham
2290 3578 2720 3634 causolareutur
2753 3581 3021 3637 exierant.
3054 3602 3072 3635 ι
3098 3583 3252 3639 Multi
3296 3587 3467 3654 enim,
3496 3592 3574 3643 iu-

1983 3672 2123 3738 quit,
2153 3686 2218 3724 ex
2234 3669 2477 3739 ‘Judteis,
2505 3684 2777 3728 venerant
2808 3674 2891 3728 ad-
2911 3673 3179 3731 Martinam
3212 3687 3270 3734 et
3315 3679 3570 3749 Mariam,

1981 3766 2493 3821 utcousolareutur
2540 3780 2638 3822 eas
2675 3765 2745 3822 de
2776 3764 2951 3823 fratre
3005 3784 3130 3824 suo.
3169 3788 3189 3823 ι
3256 3769 3313 3826 ld
3345 3775 3571 3843 quidem

1983 3860 2199 3913 merito.
2230 3856 2365 3911 Nam
2429 3872 2555 3913 cum
2583 3844 2784 3916 civitas
2819 3875 2990 3930 prope
3021 3872 3195 3928 esset,
3234 3880 3336 3935 par
3359 3878 3480 3922 erat
3515 3882 3574 3925 ut

1981 3951 2048 4004 ad
2079 3966 2173 4005 eas
2202 3952 2392 4021 plures
2446 3952 2687 4015 exirent,
2752 3941 3023 4009 altertftro
3070 3970 3136 4010 ex
3186 3948 3272 4013 his
3295 3958 3402 4015 fine
3436 3979 3450 4015 :
3478 3972 3574 4016 aut

1982 4044 2110 4110 quia
2147 4043 2384 4098 honesta
2457 4046 2755 4115 utriusque
2822 4046 3041 4103 feminae
3099 4050 3574 4110 ritadelectaren-

1981 4142 2112 4201 tur;
2140 4143 2260 4189 erat
2315 4132 2464 4189 enim
2513 4136 2607 4191 illa
2658 4137 2835 4201 clara,
2879 4147 2933 4193 et
2960 4140 3168 4196 virtute
3210 4147 3569 4214 praecellens;

1980 4225 2064 4279 vel
2104 4234 2333 4295 propter
2365 4226 2579 4281 tristem
2647 4242 2839 4283 casum
2890 4231 3227 4303 plenumque
3250 4234 3464 4291 dolore.
3489 4240 3570 4292 Ad

1979 4317 2123 4373 hoc:
2152 4319 2383 4379 collecta
2414 4319 2710 4375 multitudo
2732 4324 3102 4380 attcstabatur
3155 4326 3445 4396 miraculo,
3470 4347 3570 4389 nec

1956 4419 2170 4491 ttautus
2213 4422 2519 4468 conventus
2549 4412 2754 4468 frustra
2782 4423 2919 4470 erat.

2058 4523 2077 4555 σ
2122 4504 2334 4559 Martha
2366 4521 2517 4575 ergo,
2556 4516 2613 4561 ut
2643 4508 2853 4562 audivit
2908 4510 3039 4579 quia
3070 4510 3233 4569 Jesus
3270 4518 3439 4581 venit,
3471 4533 3571 4572 oc-

278 4605 596 4674 ὑπήντησεν
618 4606 767 4677 αὐτῷ
789 4624 803 4638 ·
823 4609 856 4678 ἡ
875 4607 931 4660 δὲ
955 4606 1148 4677 Μαρία
1173 4608 1232 4659 ὲν
1255 4606 1331 4677 τῷ
1357 4607 1493 4677 οἴκῳ
1516 4607 1833 4671 ἐκαθέζετο.
1851 4627 1869 4660 ι

1987 4598 2157 4652 currit
2216 4597 2349 4652 illi:
2392 4597 2561 4653 Maria
2606 4609 2791 4655 autem
2846 4601 2994 4657 domi
3053 4606 3304 4662 sedebat.
3370 4628 3389 4661 ι
3445 4609 3568 4665 Non

277 4696 357 4749 Οὐ
387 4698 498 4767 γὰρ
535 4696 678 4765 ἔγνω
716 4699 909 4770 Μαρία
953 4698 1036 4751 ὁτι
1068 4698 1284 4770 Ἰησοῦς
1338 4700 1497 4771 ἥκει·
1563 4700 1626 4751 οὑ
1657 4700 1765 4770 γὰρ
1807 4701 1873 4753 ἂν

277 4790 540 4859 ἐπέμεινε
574 4789 800 4858 γνοῦσα.
864 4792 975 4846 Καὶ
1022 4792 1264 4860 γνοῦσαν
1301 4792 1376 4854 δὲ,
1414 4791 1563 4856 εἰκὸς
1603 4788 1672 4863 ἦν
1701 4793 1875 4865 αὐτὴν

274 4882 348 4935 δι’
380 4881 675 4936 εὐλάϐειαν
695 4885 834 4937 οἴκοι
858 4884 1157 4957 καθῆσθαι,
1185 4885 1284 4947 τὰς
1305 4886 1414 4938 τῶν
1444 4888 1873 4957 παρατυχόντων

277 4977 584 5049 δεχομένην
609 4978 994 5049 ψυχαγωγίας.
1015 4979 1342 5051 Θερμοτέρα
1371 4979 1428 5032 δέ
1458 4997 1574 5043 πως
1607 4983 1640 5052 ἡ
1669 4981 1873 5050 Μάρθα

280 5070 377 5122 καὶ
408 5069 780 5142 ἁπλουστέρα,
817 5071 878 5123 τὸ
909 5070 1032 5134 ἔθος
1070 5071 1478 5125 ἀνεπίπλαστον
1514 5073 1717 5143 ἔχουσα
1745 5089 1757 5103 '
1791 5074 1873 5127 διὸ

276 5164 377 5215 καὶ
414 5180 433 5213 ‹
457 5163 891 5235 Προῦπήντησεν
923 5163 1095 5234 αὐτῷ,
1131 5165 1219 5218 ἵνα
1249 5164 1469 5229 καὶτῆς
1495 5165 1686 5229 οὐσίας
1720 5165 1870 5237 δείξῃ

275 5254 339 5306 τὸ
363 5253 618 5322 μέγεθος,
645 5255 742 5308 καὶ
786 5255 880 5309 τοῦ
930 5255 1085 5323 φίλου
1116 5256 1540 5329 προαπαγγείλῃ
1581 5255 1681 5312 τὸν
1704 5258 1870 5313 θάνα-

275 5363 394 5400 τον.
454 5344 544 5408 Ὠς
588 5346 878 5414 ἀγνοοῦντι
928 5349 984 5402 δὲ
1038 5349 1200 5421 δῆθεν
1253 5349 1628 5419 ἀπήγγειλενο
1692 5352 1740 5404 εἰ
1775 5352 1871 5405 καὶ

273 5438 550 5508 ὡμολόγει
594 5438 822 5494 δυνατὸν
874 5437 1016 5494 εἶναι
1072 5443 1133 5494 τὸ
1172 5440 1247 5513 μὴ
1294 5442 1553 5496 τεθνᾱναι
1616 5443 1870 5515 Λάζαρον

275 5532 552 5600 παρόντος
582 5533 775 5588 αὑτοῦ.
828 5536 947 5593 [Εἰ
996 5531 1064 5608 ἧς
1111 5537 1222 5607 γὰρ
1269 5530 1396 5600 ὧδε,
1447 5538 1634 5609 φησιν,
1667 5539 1769 5591 οὐκ
1804 5538 1871 5592 ἂν

272 5622 555 5677 ἀπέθανεν
587 5626 615 5678 ό
649 5625 883 5695 ἀδελφός
925 5645 1051 5698 μου.
1089 5629 1199 5683 Ka‘t
1223 5629 1319 5682 νῦν
1355 5624 1511 5693 οἶδα,
1559 5630 1642 5683 ὅτι
1677 5632 1776 5683 ὅσα
1804 5629 1869 5683 ἂν

274 5715 476 5786 αἰτήσῃ
506 5716 599 5768 τὸν
627 5717 781 5785 Θεὸν,
813 5718 974 5773 δώσει
1027 5737 1111 5773 σοι
1141 5721 1169 5773 6
1204 5720 1358 5785 Θεός.
1392 5740 1411 5774 t
1455 5715 1613 5784 Εἶδες
1648 5721 1867 5782 πίστινς

272 5803 422 5869 εἶδες
449 5806 775 5862 ἀδίστακτον
801 5809 1032 5883 γνώμην
1055 5829 1070 5878 ;
1107 5812 1242 5866 ΔυσῚ⁵
1266 5813 1497 5885 τρόποις
1537 5812 1675 5866 Θεὸν
1702 5812 1868 5867 αὐτὸν

272 5898 371 5951 και
416 5897 686 5969 ζωογόνον
737 5902 1108 5976 παρίστησιν·
1156 5906 1205 5958 εἰ
1256 5906 1351 5960 καὶ
1398 5905 1700 5976 σφάλλεταί
1749 5925 1867 5972 πως

605 5993 652 6054 Ρ
666 6012 874 6059 ιτιιοι..
920 5998 1037 6059 GR.
1082 5998 1319 6067 XCVII,

1978 4689 2127 4744 enim
2178 4687 2348 4744 Maria
2388 4691 2631 4747 sciverat
2664 4692 2968 4750 adventum
3014 4696 3147 4754 Jesu
3178 4717 3192 4756 :
3228 4716 3332 4757 nec
3374 4705 3571 4775 utique

1978 4783 2299 4848 mansisset,
2354 4799 2422 4838 eo
2464 4786 2713 4855 cognito.
2769 4786 2911 4851 Erat,
2954 4807 3088 4847 vero
3139 4809 3471 4865 congruum,
3511 4808 3569 4853 ut

1977 4876 2303 4929 reverentia
2359 4892 2554 4942 causa,
2590 4880 2761 4933 etiam
2812 4883 3036 4953 cognito
3079 4884 3198 4950 illo,
3260 4887 3556 4944 adventan-

1979 4971 2118 5025 tium
2152 4972 2519 5030 salutationes
2582 4975 2863 5045 tverbaque
2907 4979 3313 5037 consolationis
3343 4998 3567 5054 suscep-

1977 5071 2103 5116 tura
2138 5064 2285 5118 domi
2322 5064 2562 5121 sederet.
2619 5065 2832 5122 Martha
2877 5079 3062 5125 autem
3106 5073 3255 5128 velut
3298 5077 3569 5133 calentior

1976 5164 2097 5209 erat
2146 5169 2211 5209 ac
2272 5155 2613 5227 simplicior,
2685 5161 2942 5231 nihilque
3003 5163 3214 5222 fucatis
3272 5172 3565 5240 moribus,

1976 5246 2215 5318 ideoque
2252 5267 2270 5300 ι
2312 5250 2568 5305 Occurrit
2598 5251 2675 5306 illi
2707 5272 2720 5307 :
2752 5272 2772 5306 ι
2806 5263 2864 5309 ut
2903 5267 2957 5310 et
3013 5258 3347 5317 substantia:
3376 5275 3567 5321 osten-

1976 5349 2119 5397 taret
2149 5343 2611 5414 magnitudinem,
2660 5354 2715 5402 et
2752 5356 2985 5403 mortem
3042 5354 3204 5408 amici
3258 5362 3563 5415 annuntia-

1975 5446 2082 5492 ret.
2144 5438 2530 5494 Annuntiabat
2575 5440 2789 5512 utique,
2852 5443 3004 5498 velut
3046 5447 3095 5500 ei
3151 5449 3245 5517 qui
3300 5453 3559 5518 nesciret,

1974 5545 2294 5601 quanquam
2336 5530 2614 5586 fatebatur
2648 5538 2897 5602 potuisse
2932 5552 3040 5592 nou
3093 5541 3230 5593 mori
3264 5539 3559 5611 Lazarum,

1972 5638 2039 5677 eo
2073 5632 2365 5694 praesente.
2404 5644 2423 5677 ι
2464 5623 2524 5680 Si
2557 5627 2727 5693 enim,
2765 5629 2974 5698 inquit,
3008 5630 3213 5688 fuisses
3246 5634 3358 5698 hic,
3392 5634 3563 5692 frater

1973 5733 2131 5773 meus
2161 5734 2270 5773 non
2299 5718 2496 5775 fuisset
2523 5730 2794 5778 mortuus.
2824 5723 2929 5779 Sed
2966 5735 3021 5780 et
3060 5742 3204 5780 nunc
3244 5728 3384 5789 Scio,
3430 5735 3559 5797 quia

1972 5801 2320 5882 quaecunque
2358 5817 2679 5884 poposceris
2715 5831 2746 5870 a
2784 5816 2930 5884 Deo,
2974 5820 3130 5874 dabit
3180 5821 3278 5875 tibi
3322 5818 3483 5877 Deus.
3535 5842 3554 5875 ι

1975 5903 2236 5964 Vidistin‘
2256 5906 2422 5963 tidem
2442 5904 2744 5975 ?Vidi_stin'
2767 5910 3013 5968 animum
3032 5928 3138 5963 nou
3165 5912 3515 5971 haesitantem
3535 5909 3563 5971 ἲ

3045 5989 3156 6067 δι’
