3966 6450
449 425 553 499 971
1070 398 1103 457 ν’
1626 425 1695 486 s.
1727 423 2015 487 ANDRE)

2147 424 2517 488 RETENSIS
2642 486 2645 491 ,
3614 435 3713 500 θη

450 542 679 601 Duobus
738 537 918 596 modis
974 537 1146 594 Deum
1195 537 1381 610 ipsum
1449 544 1503 593 et
1566 548 1852 597 auctorem
1906 544 2016 599 vita

2146 543 2210 598 δι’
2246 541 2535 614 ἁπλότητα
2561 541 2795 619 φύσεωςς
2841 562 2860 594 ι
2908 544 2969 598 El
3001 538 3069 615 ἧς
3098 543 3208 614 γὰρ
3247 536 3374 611 ὧδε,
3403 563 3423 596 ι
3464 547 3611 618 φησί.
3652 552 3712 606 Τί

365 658 371 661 -
448 633 676 691 astruit.
742 629 1072 701 Quanquam
1157 629 1413 693 nonnihil
1467 636 1665 686 natura
1731 631 1931 703 simplit

2146 635 2323 702 λέγεις
2376 634 2609 707 Μάρθας
2664 635 3006 706 ἐσφαλμένος
3057 636 3087 688 6
3118 634 3294 702 λόγος.
3337 636 3451 690 Καὶ
3477 637 3586 709 γὰρ
3627 637 3712 713 ἦν,

449 732 622 780 erret.
662 740 682 775 ι
721 721 780 778 Si
812 721 986 786 enim,
1024 720 1226 792 inquit,
1254 721 1456 777 fuisses
1494 721 1607 779 hic.
1648 741 1667 774 ι
1696 722 1841 791 Quid
1870 724 2013 780 dicis

2150 733 2240 785 καὶ
2286 729 2494 800 παρῆν,
2549 732 2648 784 καὶ
2703 728 3298 798 πάρεστι·πανταχοῦ.
3350 728 3494 783 Ἀλλ’
3530 731 3614 785 ἵνα
3659 734 3716 788 τδ

450 814 701 877 Martha?
725 812 937 873 fallitur
974 828 1186 871 sermo.
1226 812 1360 869 Erat
1397 813 1629 881 etenim,
1683 824 1738 871 et
1793 831 2016 887 praesen:

2152 822 2335 894 θαῦμα
2375 820 2698 893 παραταθῇ,
2738 819 2939 891 μικρὸν
2969 819 3209 890 ἀνέσχε,
3240 819 3318 887 τῷ
3353 819 3572 891 Θανάτῳ
3615 822 3718 893 χώα

449 918 569 964 erat
596 928 610 963 :
654 922 757 964 nec
787 906 944 965 deest
974 921 1231 978 usquam.
1266 905 1375 962 Sed
1404 905 1472 963 ad
1496 896 1752 963 miraculi
1779 909 2010 980 amplitu

2153 930 2248 984 ραν
2296 912 2476 977 διδοὺς
2519 913 2549 966 6
2597 912 2779 966 πάντα
2810 908 3036 983 πληρῶν
3092 912 3160 981 τῇ
3207 910 3448 980 θεότητι.
3492 930 3511 963 ι
3557 913 3617 966 Εἰ
3656 909 3719 985 ἧς

449 1003 672 1066 dinem,
735 998 1028 1071 paululum
1105 998 1423 1070 spectavit,
1492 999 1660 1056 morti
1729 998 2015 1055 concedes

2155 998 2269 1070 ὧδε,
2303 1005 2407 1060 οὐκ
2439 1005 2505 1060 ἂν
2539 1003 2784 1060 ἀπέθανέ
2830 1021 2934 1075 μου
2964 1005 2994 1058 6
3016 1004 3269 1074 ἀδελφός.
3298 1022 3320 1057 ι
3363 1003 3550 1077 Ὁρᾷς,
3583 1007 3721 1072 ὅπως

441 1091 791 1171 ἰοειιιιι,μιιί
842 1089 1139 1152 divinitate
1185 1091 1378 1147 omnia
1431 1088 1629 1161 replet.
1661 1107 1680 1143 ι
1729 1088 1789 1144 Si
1837 1089 2007 1146 fuisse

2152 1097 2242 1152 καὶ
2270 1098 2405 1153 Θεὸν
2435 1098 2600 1153 αὐτὸν
2632 1097 3001 1152 πεπίστευκεν
3031 1096 3184 1163 ὄντα,
3215 1096 3311 1150 καὶ
3342 1096 3578 1150 θάνατον
3604 1102 3718 1153 ἐπι-

453 1187 569 1252 hic,
604 1183 778 1245 frater
797 1198 955 1241 meus
993 1197 1108 1239 non
1142 1180 1339 1239 fuisset
1371 1191 1655 1239 mortuus.
1701 1200 1721 1234 ι
1760 1180 1958 1238 Vidcn'
1985 1199 2019 1238 ιι

2154 1192 2323 1262 σχεῖν,
2356 1191 2451 1244 καὶ
2481 1189 2713 1262 νεκροὺς
2752 1188 2873 1244 κατ’
2924 1186 3183 1254 ἐξουσίαν
3220 1188 3463 1260 ἐγείρειν
3497 1188 3720 1259 δυνάμε-

451 1280 620 1337 etiam
664 1278 831 1338 Deum
854 1274 1176 1340 crediderit,
1204 1275 1296 1345 qui
1320 1278 1375 1330 et
1401 1288 1755 1344 compescere
1787 1283 2016 1329 mortem

2154 1298 2275 1350 vov;
2306 1277 2438 1336 υἷδα
2467 1280 2578 1352 γὰρ
2626 1281 2704 1346 ὡς
2729 1283 2779 1335 el
2828 1279 3026 1354 παρὼν
3062 1276 3231 1354 ἦσθα,
3272 1281 3468 1352 φησὶν,
3517 1282 3617 1335 οὐκ
3662 1284 3720 1337 ἂν

450 1381 506 1428 οι
532 1376 787 1429 mortuos
814 1381 916 1439 per
943 1367 1338 1425 auctoritatem
1363 1364 1611 1422 excitare
1646 1374 1836 1437 posset
1861 1365 1885 1421 ἳ
1915 1365 2016 1422 Βοὴ

2154 1375 2339 1446 ἴσχυσε
2359 1362 2592 1439 θάνατος
2613 1388 2625 1403 ’
2655 1374 2757 1428 οὐκ
2784 1373 2851 1428 ἂν
2877 1372 3095 1444 ἀπέσὸη
3128 1373 3223 1426 τοῦ
3243 1371 3441 1443 γένους
3465 1374 3500 1444 ή
3538 1372 3720 1443 θρυαλο

451 1466 627 1530 enim,
662 1461 865 1533 inquit,
896 1458 1014 1521 fore
1029 1467 1113 1526 ut,
1150 1459 1196 1516 si
1228 1457 1715 1530 fuissesprazsens,
1749 1458 2017 1531 haudqua

2156 1467 2251 1530 λίς.
2292 1466 2484 1538 ’Δργοὶ
2507 1464 2553 1519 δ’
2581 1465 2649 1521 ἂν
2683 1466 2779 1520 καὶ
2800 1466 2851 1520 οἱ
2883 1466 2989 1536 τῆς
3026 1465 3173 1538 ζωῆς
3211 1467 3330 1537 ὅροι
3356 1466 3650 1537 διέμειναν,
3678 1470 3722 1523 ει

450 1576 615 1633 quam
688 1572 839 1617 mors
902 1555 1324 1628 praevaluissct,
1394 1553 1821 1626 haudquaquam
1895 1568 2016 1612 esse

2152 1557 2213 1613 σύ
2243 1575 2307 1629 γε
2338 1554 2484 1630 ἦσθα
2529 1555 2746 1630 παρὼν,
2771 1557 2799 1611 6
2841 1556 2988 1629 ζωῆς
3030 1558 3207 1628 μέτρα
3244 1558 3417 1611 πᾶσιν
3445 1557 3718 1629 ὀροθετῶν.

450 1653 729 1712 exstincta
808 1651 1039 1706 lucerna
1114 1649 1357 1721 generis.
1442 1646 1613 1704 Plane
1682 1647 1851 1703 etiam
1920 1649 2016 1705 vita

2153 1652 2259 1705 Καὶ
2286 1649 2381 1706 νῦν
2412 1643 2551 1717 οῖδα,
2591 1650 2780 1720 φησὶν,
2825 1651 2910 1703 ὅτι
2951 1649 3054 1703 ὅσα
3082 1649 3171 1719 ,ἂν
3198 1649 3409 1722 αἰτήσῃ
3446 1649 3540 1703 τὸν
3579 1649 3719 1717 Θεὸν,

452 1746 675 1803 termini
732 1743 898 1800 otiosi
961 1740 1231 1808 fuissent,
1286 1737 1450 1796 modo
1506 1747 1568 1795 tu
1617 1738 1875 1796 aﬂ‘uisses
1947 1756 2018 1812 qu

2151 1740 2309 1797 δώσει
2345 1758 2427 1796 σοι
2456 1742 2485 1795 6
2513 1741 2668 1805 Θεός.
2697 1759 2716 1793 ι
2749 1740 2890 1811 Πρὸς
2920 1741 3032 1812 γὰρ
3062 1741 3124 1795 τὸ
3155 1741 3489 1813 φαινόμενον
3519 1742 3717 1799 ἔϐλεπε.

450 1840 579 1894 vita:
607 1833 879 1893 terminos
926 1832 1207 1889 universis
1240 1829 1565 1887 constituis.
1605 1848 1626 1882 ι
1669 1827 1781 1895 Sed
1812 1838 1867 1884 et
1896 1845 2016 1886 nun

2152 1832 2320 1904 Πλὴν,
2352 1833 2456 1905 ὅρα
2487 1831 2775 1887 κάνταῦθα
2822 1832 2900 1904 μὴ
2937 1833 3245 1902 ἀγνοοῦσαν
3280 1832 3457 1904 αὐτὴν
3486 1834 3718 1905 τάληθές.

451 1930 592 1994 scio,
623 1928 826 1998 inquit,
872 1925 1006 1998 quia
1050 1937 1398 1996 quaecunque
1450 1921 1774 1994 poposceris
1827 1936 1860 1976 a
1909 1919 2017 1978 Deo

2164 1919 2562 1992 Ἐμφιλόσοφος
2606 1921 2963 1993 γὰρὴγυνὴ,
3017 1922 3124 1975 κᾶν
3170 1921 3414 1995 ἀδρανὴς
3440 1924 3475 1996 ἡ
3523 1923 3720 1995 γνώμη.

449 2022 606 2079 dabit
629 2020 732 2078 tibi
761 2020 929 2076 Deus.
960 2015 1045 2073 Ad
1085 2017 1139 2072 id
1185 2017 1334 2073 enim
1372 2015 1716 2088 respiciebat
1748 2014 1895 2086 quod
1926 2029 2015 2070 era

2156 2012 2509 2084 Πεπεισμένη
2557 2010 2691 2081 γοῦν
2731 2011 2808 2077 ὼς
2854 2014 2904 2066 εἰ
2964 2014 3148 2086 παρῆν
3194 2015 3299 2069 οὐκ
3348 2014 3416 2069 ἂν
3462 2014 3722 2086 ἐτεθνήκει

450 2116 630 2172 oculis
660 2112 994 2183 subjectum.
1029 2109 1306 2165 Caeterum
1350 2107 1460 2163 hoc
1511 2108 1679 2164 etiam
1742 2108 1870 2164 loco
1922 2108 2013 2177 vid

2154 2102 2421 2175 Λάζαρος,
2452 2105 2577 2161 οὐδὲ
2602 2105 2741 2177 πρὸς
2765 2105 2826 2161 τὸ
2859 2105 3057 2178 μέλλον
3084 2107 3434 2179 ἀμφέϐαλλε.
3465 2108 3562 2163 Διά
3588 2110 3720 2164 τοῦτο

449 2207 708 2264 veritatis
737 2219 849 2260 non
874 2203 1145 2259 nesciam.
1165 2200 1297 2256 Erat
1327 2201 1472 2256 enim
1506 2201 1706 2257 mulier
1729 2214 2015 2273 quanquar

2152 2196 2242 2252 καὶ
2276 2198 2627 2271 προῦπήντα,
2677 2199 2769 2253 καὶ
2818 2199 2919 2271 τὴν
2946 2199 3212 2273 δευτέραν
3250 2203 3504 2271 ἐπήγαγε
3534 2202 3718 2271 φωνήν,

451 2301 737 2358 imbecillo
767 2306 823 2353 et
860 2295 1089 2361 hebeti,
1143 2294 1538 2366 philosOphico
1584 2301 1774 2351 tamen
1805 2344 1809 2346 γ
1836 2294 2017 2351 animo

2152 2288 2410 2344 εἰποῦσα·
2438 2308 2457 2343 ι
2474 2291 2586 2346 Καὶ
2605 2290 2701 2345 νῦν
2723 2286 2863 2358 οῖδα,
2886 2294 2973 2347 ὅτι
3001 2293 3103 2349 ὅσα
3131 2293 3199 2348 ἂν
3224 2294 3435 2366 αἰτήσῃ
3464 2293 3556 2347 τὸν
3578 2293 3718 2357 Θεὸν,

449 2394 588 2457 Cum
628 2407 762 2464 ergo
784 2390 1015 2447 haberet
1048 2402 1377 2458 persuasum
1401 2386 1541 2455 fore,
1569 2395 1629 2443 ut
1657 2385 1904 2444 Lazarus
1933 2401 2015 2442 nol

2156 2380 2313 2437 Βὼσει
2337 2399 2422 2437 σοι
2454 2383 2484 2437 6
2513 2382 2670 2448 Θεός.
2699 2385 2763 2439 Et
2802 2380 2873 2457 ἧς
2914 2378 3043 2452 ὧδε,
3076 2386 3275 2443 ούκ”ἂν
3300 2386 3544 2441 ἀπέθανέ
3579 2404 3671 2457 μου
3698 2387 3722 2440 6

451 2489 766 2543 moreretur
791 2480 839 2536 si
870 2479 991 2550 ipse
1019 2476 1311 2547 affuisset,
1339 2493 1522 2549 neque
1544 2476 1612 2533 de
1643 2476 1833 2533 futuro
1877 2477 2011 2533 dubi

2238 2475 2398 2545 ιλφός.
2440 2494 2460 2531 ι
2500 2476 2576 2531 οὐ
2620 2476 2731 2548 γὰρ
2770 2478 2897 2533 ἐπεὶ
2923 2477 3004 2550 τῷ
3032 2478 3253 2551 θανάτῳ
3301 2480 3617 2533 ὑπόκεινται
3645 2480 3724 2532 ἄν·
3799 2496 3804 2500 '

452 2574 583 2631 fuit.
617 2572 922 2645 Propterea
971 2585 1197 2643 quoque
1253 2563 1543 2634 occurrit,
1569 2581 1625 2625 et
1675 2568 1905 2624 alteram
1949 2568 2018 2624 ad

2155 2564 2387 2638 θρωποι,
2421 2565 2512 2621 διὰ
2545 2566 2708 2621 τοῦτο
2753 2569 3014 2641 τέθνηκε,
3041 2571 3210 2642 φησίν
3234 2586 3249 2600 ⁸
3287 2569 3410 2625 ἀλλ’
3452 2572 3536 2627 ὅτι
3582 2567 3721 2628 αὐτὸς

447 2664 641 2737 junxit
671 2655 890 2731 vocem,
931 2662 1161 2718 dicens:
1203 2679 1222 2714 ι
1265 2661 1328 2717 Et
1375 2674 1526 2717 nunc
1550 2659 1694 2727 scio,
1721 2660 1856 2732 quia
1890 2675 2013 2732 qute

2157 2659 2250 2715 οὐκ
2278 2654 2425 2733 ἦσθα
2458 2658 2675 2732 παρὼν,
2715 2662 2745 2713 6
2774 2661 2872 2716 τοῦ
2920 2662 3169 2719 θανάτου·
3212 2663 3475 2735 νικητής.
3522 2658 3723 2731 ’ἰσχυρὰ

450 2758 685 2829 cun‘que
735 2755 1063 2827 poposceris
1116 2769 1148 2808 a
1203 2753 1339 2820 Dee,
1380 2751 1540 2810 dabit
1592 2751 1695 2809 tibi
1756 2752 1924 2809 Deus.
1989 2752 2016 2807 ε

2156 2751 2256 2824 μὲν
2284 2752 2317 2823 ή
2349 2750 2555 2819 πίστις,
2581 2752 2686 2808 κᾶν
2710 2753 2951 2827 ἀσθενὴς
2981 2756 3013 2809 6
3036 2755 3219 2825 λόγος.
3261 2755 3482 2828 Ἦρέμα
3519 2752 3576 2808 δέ
3621 2767 3721 2813 πως

454 2848 660 2906 fuisses
694 2847 805 2913 hic,
847 2861 963 2903 non
1009 2845 1215 2904 fuisset
1266 2850 1521 2901 mortuus
1569 2844 1744 2900 frater
1796 2859 1977 2901 meus.

2152 2845 2251 2899 καὶ
2290 2844 2678 2917 ὑπεμέμφετο,
2721 2848 2804 2901 ὅτι
2834 2848 2911 2920 μὴ
2957 2849 3164 2920 παρῆν,
3188 2849 3280 2903 ὅτε
3327 2846 3479 2920 αὐτῷ
3504 2844 3713 2917 κατεμή·

450 2938 577 2996 Non
606 2939 778 3005 enim,
802 2937 1008 3011 inquit,
1027 2952 1091 2994 ea
1116 2945 1206 2995 est
1230 2950 1401 2993 causa
1427 2945 1488 2992 ut
1513 2936 1585 2993 sit
1609 2945 1888 3003 mortuus,
1916 2937 2009 3009 qui

1921 2937 2048 3009 quia
2149 2932 2321 2993 νυσαν
2350 2938 2646 3007 λέγουσαι*
2679 2958 2698 2993 ι
2725 2940 2830 2996 Ἴδε
2884 2941 2944 2995 ὃν
2976 2942 3151 3010 φιλεῖς
3189 2940 3435 3001 ἀσθενεῖ.
3468 2959 3487 2993 ι

453 3030 717 3091 homines
758 3030 927 3087 morti
980 3015 1335 3100 subjaceant,
1381 3027 1479 3084 sed
1529 3028 1662 3098 quia
1711 3027 1896 3084 victor
1927 3028 2048 3100 ipse
2081 3031 2283 3085 mortis
2312 3044 2425 3083 non
2460 3027 2700 3086 affuisti.
2755 3031 3007 3088 ltobusta
3054 3032 3289 3102 quidem
3315 3032 3477 3099 fides,
3523 3030 3721 3088 tametsi

452 3124 599 3184 ratio
630 3124 853 3183 debili-3.
888 3122 1051 3191 Quin
1092 3129 1150 3182 et
1171 3122 1383 3181 sensim
1410 3135 1682 3179 accusare
1739 3121 1996 3190 videtur,
2038 3122 2188 3195 quod
2222 3122 2617 3182 nuntiantibus
2681 3123 2844 3197 ipsis,
2904 3144 2924 3179 ι
2962 3123 3105 3182 Ecce
3136 3141 3307 3197 quem
3368 3140 3522 3182 amas
3585 3123 3722 3180 infir-

452 3225 658 3285 matur,
699 3235 720 3272 ι
755 3232 868 3283 non
898 3217 1083 3273 statim
1110 3210 1416 3274 advenerit.
2858 3260 2861 3265 .

531 3330 552 3364 ι
586 3310 733 3368 Dicit
761 3310 812 3368 ei
848 3308 1016 3367 Iesus
1048 3328 1064 3366 :
1099 3308 1378 3382 Resurget
1446 3306 1625 3365 frater
1678 3317 1832 3365 tuus.
1879 3327 1899 3362 ι
1952 3307 2097 3375 Ju-t

2232 3328 2252 3362 ι
2282 3308 2452 3380 Λέγει
2481 3311 2619 3384 αὐτῇ
2668 3313 2698 3366 6
2740 3311 2948 3383 Ἰησοῦς
2971 3329 2985 3343 ·
3014 3302 3416 3384 Ἀναστήσεται
3455 3313 3485 3366 6
3516 3305 3718 3378 ἁδελφός

455 3391 673 3467 cundus
700 3417 909 3470 sermo,
946 3409 1000 3460 et
1028 3402 1234 3475 duplex
1264 3401 1334 3458 ad
1368 3417 1561 3458 curam
1595 3419 1610 3458 :
1645 3402 1740 3474 qui
1774 3417 1884 3459 non
1931 3409 2021 3458 tan

2157 3418 2276 3457 σου.
2317 3421 2338 3457 ι
2379 3403 2751 3476 Περιχαρείας
2794 3407 2822 3458 6
2856 3403 3035 3473 λόγος,
3072 3404 3171 3460 καὶ
3219 3405 3422 3475 διπλῆν
3474 3403 3608 3474 ἔχων
3635 3399 3717 3469 τὴν

447 3506 575 3553 tum
604 3511 851 3553 errorem
875 3493 1144 3568 corrigat,
1178 3509 1374 3551 verum
1418 3495 1588 3550 etiam
1641 3494 1916 3551 acriorem
1952 3496 2013 3550 tri

2155 3492 2489 3565 θεραπείανο
2513 3494 2575 3549 ού
2609 3495 2771 3567 μόνον
2808 3494 2870 3548 τὸ
2912 3495 3139 3567 σφάλμα
3169 3480 3575 3567 διορθούμενος,
3603 3489 3717 3545 ἀλλὰ

454 3589 675 3645 stitiam
711 3586 872 3645 sedet
902 3593 959 3643 et
997 3585 1191 3642 leniat.
1262 3603 1282 3639 ι
1321 3582 1599 3655 Resurget
1627 3581 1804 3640 frater
1837 3593 1987 3639 tuus.

2155 3586 2250 3640 καὶ
2298 3584 2361 3639 τὸ
2400 3586 2632 3658 σφοδρὸν
2676 3587 2779 3658 τῆς
2824 3586 3007 3658 λύπης
3057 3586 3498 3658 κατακοιμίζων.
3535 3602 3553 3637 ι
3590 3584 3721 3636 Ἀνα-

453 3679 540 3744 Ad
591 3678 877 3751 iactantiae
922 3676 1243 3750 fugiendam
1289 3675 1531 3748 speciem
1566 3689 1677 3731 non
1718 3675 1902 3731 dixit:
1939 3675 2019 3747 Eg

2157 3677 2416 3747 στήσεται
2448 3679 2477 3731 6
2516 3678 2746 3748 ἀδελφός
2785 3696 2903 3734 σου.
2937 3698 2959 3732 ι
2994 3679 3099 3733 Διὰ
3140 3678 3201 3733 τὸ
3241 3678 3612 3748 ἀφιλόκομπον
3636 3672 3719 3726 οὐκ

454 3771 683 3829 fratrem
731 3777 891 3826 tuum
933 3767 1219 3827 suscitabo
1253 3786 1269 3824 :
1302 3768 1439 3833 sed,
1482 3785 1502 3819 ι
1557 3764 1829 3838 Resurget
1874 3765 2016 3822 fratc

2156 3763 2336 3824 εἶπεν
2375 3769 2519 3839 Ἐγὼ
2544 3770 2722 3841 ὲγερῶ
2750 3770 2843 3824 τὸν
2872 3770 3107 3839 ἀδελφόν
3137 3788 3254 3834 σου,
3279 3770 3418 3837 ἀλλ’,
3440 3787 3460 3821 ι
3496 3762 3722 3832 Ἀναστή-

455 3874 610 3923 tuus.
651 3882 671 3919 ι
703 3862 995 3920 Ιηὰεθιιῑῑε
1022 3861 1197 3933 verbo
1233 3868 1507 3931 resurget,
1543 3874 1641 3915 seu
1672 3859 2021 3914 suscitabitur

2150 3879 2306 3916 σεται
2331 3862 2359 3915 6
2387 3862 2626 3933 ἁδελφός
2658 3879 2778 3918 σου.
2813 3883 2832 3916 ι
2873 3864 3168 3936 Ἀορίστως
3198 3862 3282 3927 τὸ,
3313 3859 3716 3928 ἀναστήσεται,

457 3974 642 4017 usus:
677 3971 980 4022 exercens,
1032 3955 1185 4028 quod
1224 3954 1350 4025 ejus
1381 3954 1508 4010 ﬁdei
1563 3954 1860 4026 probatum
1906 3960 2023 4010 erat

2151 3954 2363 4023 φήσαςο
2397 3954 2697 4026 γυμνάζων
2748 3955 2920 4026 αὐτῆς
2968 3954 3030 4008 τὸ
3073 3958 3174 4027 τῆς
3206 3954 3453 4018 πίστεως
3497 3952 3714 4019 δόκιμον.

457 4047 619 4105 Unde
646 4053 702 4104 et
731 4045 828 4109 illa
859 4044 976 4100 ait:
1021 4062 1041 4103 ι
1081 4041 1214 4101 Scio
1260 4042 1393 4115 quia
1440 4048 1698 4114 resurget
1751 4041 1809 4096 in
1865 4042 2023 4097 novis

2202 4046 2246 4098 ιδ
2286 4046 2519 4118 κάκείνη
2547 4047 2749 4119 φησίνο
2802 4065 2825 4100 ε
2855 4044 3125 4115 Οἶδα,λότι
3157 4047 3529 4118 ἀναστήσεται
3566 4042 3621 4096 ὲν
3663 4036 3718 4106 τῇ
3763 4100 3768 4105 ,

459 4138 603 4195 simo
649 4135 764 4193 die.
820 4153 843 4188 θ
901 4133 960 4192 Si
1013 4133 1202 4191 credis
1233 4131 1372 4199 fore,
1425 4143 1485 4191 ut
1517 4131 1577 4186 in
1624 4131 1720 4188 illo
1755 4137 2025 4203 resurgat,

2159 4138 2366 4211 ἐσχάτῃ
2420 4140 2626 4211 ήμέρᾳ..
2667 4158 2687 4192 ι
2734 4140 2800 4193 Et
2836 4139 3027 4210 ἐκείνῃ
3064 4138 3371 4206 πιστεύεις,
3415 4136 3565 4209 φησι,
3606 4127 3720 4204 μηδὲ

459 4243 642 4303 neque
672 4227 745 4285 de
777 4227 889 4284 isto
918 4225 1086 4291 dubia
1115 4223 1335 4282 fueris:
1388 4222 1486 4295 qui
1520 4222 1673 4279 enim
1722 4222 1873 4279 hunc
1913 4222 2025 4278 facit

2162 4232 2292 4302 περὶ
2347 4230 2555 4302 ταύτης
2603 4230 2952 4303 ἀμφίϐαλλε·
2987 4232 3016 4286 6
3067 4230 3179 4303 γὰρ
3230 4231 3441 4300 ταύτην
3488 4221 3718 4289 κάκείνην

457 4323 760 4396 illumque,
783 4321 939 4389 idem,
961 4318 1084 4391 ipse
1110 4333 1258 4381 sum.
1293 4334 1319 4369 ι
1349 4316 1622 4389 Resurget
1646 4313 1821 4371 frater
1850 4327 2000 4372 tuus.

2161 4321 2354 4386 ποιῶν,
2395 4320 2509 4391 ἐγώ
2557 4323 2696 4393 εἰμι.
2745 4340 2765 4374 ι
2811 4322 3209 4393 Ἀναστήσεται
3247 4323 3277 4376 6
3311 4318 3535 4388 ἀδελφός
3567 4330 3669 4368 σου.
3700 4326 3715 4361 ι

461 4417 639 4472 Simul
669 4414 837 4472 etiam
855 4413 963 4469 hoc
987 4411 1149 4479 dixit,
1176 4410 1243 4467 ad
1276 4409 1415 4465 illud
1442 4409 1568 4481 eius
1596 4408 2008 4480 coarguendam

2162 4410 2336 4464 Τοῦτο
2367 4411 2485 4481 ἅμα
2520 4410 2618 4466 καὶ
2651 4410 2948 4482 διελέγχων
2975 4410 3146 4481 αὐτὴν
3181 4411 3423 4481 ἔφασκεν
3453 4402 3716 4462 εἰποῦσαν·

467 4529 486 4562 ι
506 4508 637 4566 Scio
657 4519 1005 4579 quaecunque
1020 4501 1394 4577 poposcerisa
1424 4499 1559 4566 Deo,
1587 4500 1744 4557 dabit
1771 4501 1871 4558 tibi
1890 4499 2033 4557 Deus

2170 4518 2188 4551 ι
2222 4495 2357 4553 οἴδα
2384 4500 2468 4554 ὅτι
2498 4500 2600 4555 ὅσα
2625 4499 2691 4554 ἂν
2722 4500 2926 4572 αἰτήσῃ
2947 4499 3040 4555 τὸν
3072 4500 3229 4569 θεὸν,
3249 4500 3411 4556 δώσει
3440 4515 3520 4551 σοι
3541 4495 3569 4546 6
3590 4488 3719 4550 Θεός.

461 4600 740 4673 Resurget
767 4599 940 4656 frater
977 4584 1133 4666 tuus.
1172 4615 1194 4650 ι
1232 4594 1450 4659 υρωὶιιί
1478 4593 1806 4665 dignitatem
1833 4609 1932 4664 per
1956 4608 2024 4648 au

2178 4592 2573 4663 Ἀναστήσεται
2607 4594 2636 4646 6
2662 4593 2894 4662 ἀδελφός
2926 4611 3044 4650 σου..
3099 4612 3118 4647 ι
3152 4594 3227 4648 T6
3251 4591 3573 4648 Δεσποτικδν
3603 4579 3716 4673 αὐτῇ

461 4668 778 4751 ctoritalem
824 4686 1185 4761 signiﬁcans,
1227 4682 1291 4741 ut
1322 4684 1541 4745 noverit
1570 4699 1689 4743 non
1709 4693 1860 4742 esset
1896 4685 1953 4741 in
1986 4685 2021 4741 ii

2165 4682 2384 4746 δεικνὺς
2435 4683 2561 4740 κατ’
2618 4685 2874 4753 ἐξουσίαν
2914 4687 3157 4759 ἀξίωμα,
3215 4686 3293 4751 ὼς
3347 4687 3415 4741 ἂν
3466 4681 3614 4754 μάθοι
3657 4668 3718 4744 μὴ

462 4800 589 4858 qum
635 4782 876 4841 dicimus
918 4781 987 4836 de
1035 4778 1149 4839 Deo
1195 4776 1658 4850 praecipitandam
1692 4778 2028 4841 sententiam

2036 4815 2053 4833 .
2168 4775 2467 4848 προπετῶς
2486 4778 2545 4831 ὲν
2581 4779 2697 4841 τοῖς
2726 4778 2856 4850 περὶ⁸
2880 4777 3015 4833 Θεὸν
3044 4778 3224 4849 λόγοις
3256 4773 3598 4849 ἐκφέρεσθαι.

536 4876 631 4947 Ait
659 4890 831 4947 ergo:
869 4870 1050 4938 ι·οιιί
1081 4870 1263 4926 credit
1303 4869 1360 4924 in
1398 4884 1508 4934 me,
1530 4868 1750 4926 etiamsi
1799 4874 2057 4928 mortuus

2239 4868 2411 4939 Φησὶν
2448 4867 2545 4923 οὖν
2566 4886 2579 4900 ·
2624 4888 2643 4922 ι
2680 4867 2739 4923 '0
2768 4870 3051 4926 πιστεύων,
3074 4871 3156 4935 εἰς
3191 4871 3312 4941 ἐμὲ,
3348 4868 3452 4922 κᾶν
3479 4858 3710 4947 ἀποθάνῃ.

464 4961 659 5029 fuerit,
694 4946 847 5023 vivet
878 4976 894 5014 :
929 4964 984 5013 et
1022 4954 1205 5021 omnis
1233 4953 1333 5026 qui
1366 4953 1522 5021 vivit,
1551 4960 1606 5009 et
1635 4951 1814 5009 credit
1845 4953 1902 5011 in
1947 4969 2030 5010 me

2170 4959 2434 5033 ζήσεταν
2467 4960 2565 5016 καὶ
2597 4963 2706 5026 πᾶς
2733 4964 2762 5017 ὁ
2788 4962 2898 5027 ζῶν
2928 4963 3024 5018 καὶ
3058 4961 3337 5017 πιστεύων
3371 4961 3447 5021 εἰς
3484 4953 3596 5024 ἐμὲ,
3637 4946 3717 4999 Θά-

466 5069 583 5125 ιιυι)¹
634 5050 845 5121 videbit
907 5055 1141 5109 mortem
1176 5038 1555 5111 in'artennum.
1601 5043 1796 5102 Credis
1849 5044 1998 5103 hoc?

2176 5069 2332 5107 νατον
2359 5054 2420 5107 ού
2461 5052 2538 5125 μὴ
2580 5051 2668 5127 ῐδῃ
2693 5056 2773 5119 εἰς
2802 5054 2893 5111 τὸν
2937 5054 3134 5110 αἰῶνα.
3169 5050 3454 5113 Πιστεύεις
3480 5043 3671 5110 τούτῳς
3697 5050 3715 5085 ³
3738 5122 3742 5123 ν

465 5144 628 5214 Quod
651 5139 1065 5213 aithujusmodi
1092 5128 1179 5199 esi
1204 5157 1218 5193 :
1245 5136 1516 5204 Tametsi,
1549 5137 1754 5209 inquit,
1772 5137 1868 5210 qui
1887 5138 2031 5195 credi

2171 5143 2346 5198 Τοῦτο
2376 5145 2455 5211 δὲ,
2496 5145 2744 5211 τοιοῦτόν
2779 5148 2949 5201 ἐστιν.
2991 5149 3055 5204 El
3106 5145 3218 5217 γὰρ
3265 5145 3361 5200 καὶ
3417 5137 3621 5193 πάντως
3648 5140 3720 5179 τεο

469 5222 523 5294 in
588 5253 679 5305 me
736 5234 967 5292 omnino
1012 5241 1273 5297 mortuus
1332 5229 1535 5307 fuerit,
1590 5230 1741 5301 quod
1798 5230 2035 5295 nimirun

2172 5237 2354 5309 θναίη,
2389 5238 2578 5310 φησὶν,
2601 5238 2633 5291 6
2684 5238 2958 5295 πιστεύων
2990 5241 3072 5302 εἰς
3110 5238 3233 5310 ἐμὲ,
3268 5236 3359 5290 τὸν
3393 5224 3605 5303 φυσικὴν
3641 5218 3721 5313 διι-

468 5338 687 5404 spectat
734 5326 809 5393 ad
851 5333 1090 5393 mortem
1129 5322 1487 5383 naturalem:
1521 5322 1745 5383 uousic
1778 5332 1964 5381 tamen
2003 5339 2034 5378 ιι

2173 5330 2360 5385 λονότι.
2388 5308 2644 5396 θάνατον,
2676 5331 2794 5387 ἀλλ’
2822 5334 2887 5388 οὐ
2921 5331 3044 5389 κατ’
3087 5308 3465 5401 ἐπικράτειαν,
3502 5313 3582 5373 οἷα
3612 5308 3719 5367 τοὺς

468 5423 561 5479 illa
589 5428 845 5483 teneatur
866 5417 974 5473 sub
996 5416 1227 5482 ditione,
1247 5423 1301 5471 et
1333 5413 1655 5473 dominetur
1677 5423 1734 5469 ut
1761 5428 1860 5485 par
1888 5424 1975 5471 est
2005 5414 2034 5469 i1

2175 5423 2538 5490 ἀπειθοῦντας
2578 5425 2745 5490 εἰκός..
2785 5443 2807 5477 ι
2834 5424 3126 5488 Πιστεύεις
3168 5422 3379 5492 τούτῳ;
3417 5435 3435 5468 ι
3471 5409 3614 5465 Οὕτω
3645 5414 3719 5452 σο-

466 5513 795 5585 incredulis.
831 5528 852 5563 ι
884 5508 1082 5566 Credis
1114 5507 1259 5566 hoc?
1296 5526 1315 5561 ι
1362 5504 1459 5563 Sic
1485 5507 1790 5579 sapienter,
1822 5514 1881 5575 et
1906 5515 2032 5575 tant

2175 5514 2292 5585 φῶς
2325 5515 2466 5584 ἄγαν
2513 5496 2611 5570 καὶ
2639 5508 2886 5581 πιθανῶς
2927 5515 3066 5587 πρὸς
3104 5514 3206 5586 τὴν
3248 5509 3385 5584 ἀμφ’
3421 5501 3571 5558 αὑτὸν
3608 5504 3715 5563 μετ.

469 5611 754 5675 suasione,
793 5608 847 5663 in
881 5602 1043 5661 ﬁdem
1068 5617 1198 5675 qua:
1227 5609 1314 5667 est
1355 5601 1425 5659 de
1458 5602 1602 5673 ipso,
1643 5601 1915 5675 transfert
1942 5618 2031 5658 mu

2177 5602 2301 5669 άγει
2335 5602 2522 5658 πίστιν
2548 5603 2645 5658 τοῦ
2678 5605 2905 5673 γυναίου
2934 5604 3035 5676 τὴν
3066 5603 3328 5667 διάνοιαν,
3377 5596 3448 5658 ὡς
3477 5587 3718 5676 δείκνυσιν

469 5704 627 5762 lieris
655 5700 926 5762 animum.
952 5694 1419 5769 quemadmodum
1450 5674 1757 5765 responsio
1790 5696 2035 5760 ostendit

2270 5695 2565 5769 ιπόκρισις.
2599 5698 2666 5761 Tt
2701 5700 2810 5772 γάρ
2850 5674 3019 5771 φησιν
3058 5698 3277 5770 ἐκείνῃ
3326 5713 3344 5745 ι
3382 5688 3502 5749 Ναὶ,
3532 5674 3717 5772 Κύριεξ
3832 5713 3836 5717 ί

876 5753 1006 5846 illa‘?
1090 5788 1315 5861 Utique.
1378 5753 1611 5846 Domine
1638 5806 1653 5846 :
1686 5804 1790 5862 ego
1843 5753 2036 5846 credid

2174 5753 2321 5856 ’ἐγὼ
2347 5753 2726 5857 πεπίστευκα,
2767 5753 2952 5846 ἐτιισθ
2999 5787 3050 5845 εἷ
3096 5793 3124 5846 6
3156 5753 3387 5864 Χριστὸς
3424 5783 3452 5835 ὁ
3484 5753 3716 5865 Tibi”?

473 5853 604 5963 {ma
635 5896 693 5944 tu
724 5901 787 5944 es
830 5881 1089 5942 Christus
1137 5853 1314 5940 Filius
1366 5879 1492 5949 Dei,
1538 5882 1633 5958 qui
1681 5853 1748 5938 in
1789 5883 2039 5939 mundun

2176 5853 2341 5948 Θεοῦ,
2371 5882 2399 5934 6
2426 5881 2509 5944 εἰς
2542 5878 2635 5936 τὸν
2668 5853 2875 5957 κοσμοθ
2906 5853 3223 5957 ἐρχόμενοςί
3252 5900 3271 5935 ι
3296 5873 3442 5935 Eme;
3468 5861 3553 5920 τοῦ
3579 5853 3712 5920 λόγου
