3966 6434
394 365 502 432 973

1461 368 1545 429 1N
1578 369 1939 430 LAZARUM
1978 368 2622 433 OUATBIDUANUM.
2946 414 2949 415 ν
3042 323 3050 332 ι
3279 396 3288 404 ³
3555 377 3620 438 97

390 479 458 535 16
487 476 740 549 ίσχυρόν;
772 472 947 544 Εἶδες,
977 479 1056 542 εἰς
1107 480 1230 533 οἵαν
1276 480 1447 552 αὐτὴν
1490 482 1845 537 ἐπεσπάσατο
1883 481 1973 535 πί-

2083 483 2252 538 venis.
2294 506 2311 535 ι
2344 483 2600 539 Vidistin‘
2636 484 2913 540 sermonis
2938 482 3280 540 efficaciam?
3324 485 3657 545 Vidistiu’in

393 588 541 638 στιν;
591 573 666 635 ὡς
708 571 803 624 καὶ
855 570 1143 642 δογμάτων
1182 572 1470 643 ἀκριϐείας
1505 574 1837 644 ἐφάψασθαι,
1870 574 1971 644 τὴν

394 665 498 736 πρὸ
540 662 738 735 μικροῦ
796 665 1174 737 σφαλλομένην
1219 664 1289 718 δι’
1340 666 1644 735 ἁπλότητα.
1682 667 1824 720 Ὅσα
1863 666 1971 736 γὰρ

392 760 485 811 ἐπὶ
534 756 772 827 Χριστοῦ
813 757 1150 828 διομολογεϊν
1199 758 1350 823 ἔδει,
1410 759 1865 830 περιφραστικῶς
1916 760 1973 812 ὲν

396 851 593 922 βραχεῖ
650 850 991 921 διηγόρευιτε.
1047 869 1066 902 ι
1107 850 1216 903 Ναὶ
1245 850 1391 920 γάρ’
1444 848 1556 918 ἐγὼ
1605 850 1971 913 πεπίστευκα,

393 943 580 1013 φησὶν,
617 942 700 994 ὅτι
729 944 793 994 σὺ
829 935 880 992 εἴ
914 942 942 993 6
988 941 1223 1012 Χριστὸς
1257 943 1285 994 6
1320 940 1449 1004 Υἱὸς
1479 941 1574 995 τοῦ
1610 940 1769 1002 Θεοῦ,
1812 942 1841 993 6
1894 942 1974 1003 είς

391 1027 482 1089 τὸν
508 1036 711 1104 κόσμον
750 1033 1069 1104 ἐρχόμενος,
1105 1052 1124 1085 ι
1168 1032 1438 1103 ἀριδήλως
1473 1033 1789 1105 κηρύξασα·
1831 1033 1974 1086 κατά

391 1127 590 1183 ταυτόν
624 1144 682 1179 τε
739 1125 857 1196 ἅμα
894 1124 987 1178 16v
1019 1125 1120 1194 τῆς
1154 1124 1457 1194 θεολογίας,
1504 1126 1599 1179 καὶ
1631 1125 1734 1194 τῆς
1764 1125 1974 1179 οἰκονο-

395 1221 524 1291 μίας
564 1215 974 1290 περιληπτικῶς
1010 1218 1338 1300 συνεπέρανε
1370 1217 1545 1286 λόγον.
1619 1254 1625 1261 ο

471 1412 493 1449 ι
529 1394 640 1449 Καὶ
665 1390 851 1456 τοῦτο,
884 1391 1072 1462 φησὶν,
1096 1391 1348 1456 εἰποῦσα,
1384 1392 1597 1463 ἀπῆλθε
1629 1394 1725 1447 καὶ
1759 1392 1975 1464 ἐφώνη-

394 1505 455 1541 σε
479 1487 581 1559 τὴν
608 1485 847 1557 ἀδελφὴν
876 1485 1068 1554 αὐτῆς,
1103 1483 1279 1554 λάθρα
1317 1485 1550 1539 εἰποῦσα
1569 1502 1582 1516 ο
1632 1486 1689 1539 '0
1719 1486 1977 1540 διδάσκα-

389 1582 483 1644 λος
510 1582 769 1652 πάρεστι,
817 1576 914 1631 καὶ
975 1577 1146 1644 φωνεῖ
1202 1592 1284 1629 σε.
1320 1575 1557 1648 Ἐκείνη,
1594 1577 1669 1640 ὡς
1719 1578 1973 1648 ἤκουσεν,

392 1673 607 1746 ἠγέρθη
655 1672 819 1742 ταχὺ,
872 1668 968 1723 καὶ
1016 1669 1219 1740 ἤρχετο
1259 1668 1393 1740 πρὸς
1428 1669 1612 1725 αὐτόν.
1650 1688 1667 1719 i
1720 1669 1877 1723 Κατά
1916 1669 1977 1722 τὸ

395 1767 512 1819 ἴσον
543 1766 641 1834 τῆς
684 1762 865 1832 λύπης
889 1760 987 1814 τοῦ
1020 1759 1256 1828 ἀδελφοῦ
1300 1759 1402 1831 τὴν
1450 1759 1625 1831 χαρὰν
1682 1758 1972 1829 δεξαμένη.

407 1855 496 1917 Ὠς
527 1855 637 1925 γὰρ
666 1852 829 1923 μόνον
860 1851 1095 1922 ἤκουσεν
1139 1850 1221 1902 ὅτι
1254 1838 1479 1918 Ἰησοῦς
1502 1848 1647 1919 ἥκει,
1683 1848 1884 1902 αὐτίκα
1921 1848 1982 1901 16

397 1947 496 2018 μὲν
528 1945 725 2007 πένθος
784 1942 1041 2006 ἀπέθετο,
1075 1941 1176 2011 τῆς
1204 1941 1260 1996 δὲ
1314 1941 1552 2005 πίστεως
1589 1941 1650 1995 τὸ
1681 1941 1802 2005 ζέον
1839 1959 1982 2011 παρ-

393 2038 586 2105 έδειξε.
632 2036 961 2109 Πρεπόντως
998 2030 1110 2088 οὖν
1170 2035 1265 2088 καλ⁵
1316 2036 1350 2105 ἡ
1399 2034 1602 2106 Μάρθα
1653 2034 1878 2105 χρῆται,
1917 2034 1979 2087 οὐ

394 2129 790 2203 δημηγοροῦσα
839 2127 1077 2199 Χριστοῦ
1118 2110 1218 2198 τῆν
1275 2125 1591 2196 ὑπόσχεσιν.
1631 2125 1814 2194 Ἐώρα
1869 2125 1981 2195 γὰρ

392 2227 522 2286 τοὺς
554 2222 829 2294 παρόντας
867 2220 1081 2292 δχλους,
1111 2219 1162 2273 οἳ
1207 2217 1598 2290 παρεκάθηντο
1628 2217 1726 2288 τὴν
1756 2216 1982 2288 Μαρίαν

394 2308 908 2382 παραμυθούμενοι,
946 2307 1007 2372 ἐξ
1034 2301 1108 2359 ὧν
1146 2302 1289 2376 ἦσαν
1320 2305 1369 2359 οἳ
1412 2306 1726 2376 διεφθόνουν
1763 2306 1979 2377 θαυμα-

392 2401 718 2473 τουργοῦντι
761 2399 1006 2469 Χριστῷ·
1066 2418 1085 2451 ι
1127 2398 1184 2451 '0
1218 2398 1537 2463 διδάσκαλος
1583 2399 1840 2469 πάρεστι,
1887 2398 1981 2451 καὶ

394 2496 568 2563 φωνεῖ
593 2509 671 2547 σε.
706 2509 723 2542 ι
774 2491 873 2543 Ἐκ
902 2488 999 2542 τοῦ
1044 2491 1325 2560 παρεῖναι,
1363 2490 1522 2559 φησὶ,
1559 2489 1621 2541 16
1653 2488 1982 2561 τελούμενον

395 2585 610 2641 σκόπει.
646 2584 721 2638 Οὐ
754 2581 1247 2655 παραμυθούμενος
1270 2583 1417 2654 ἣκει,
1443 2582 1502 2635 οὐ
1536 2580 1977 2655 ψυχαγωγήσων.

402 2679 475 2732 Ἦ
508 2679 618 2749 γὰρ
670 2676 736 2732 ἃν
770 2677 863 2731 καὶ
914 2677 1022 2749 πρὸ
1059 2678 1251 2729 τούτου
1293 2676 1512 2743 ἀφῖκτο.
1542 2675 1791 2729 Ζωὼσων
1829 2677 1978 2746 ἥκει,

397 2773 721 2842 ἀναστήσων
740 2769 832 2824 16v
861 2768 1148 2838 σύγγονον.
1190 2786 1208 2818 ι
1246 2767 1311 2821 Ἠ
1341 2765 1397 2819 δὲ
1424 2766 1595 2837 μόνον
1623 2766 1699 2830 ὡς
1721 2767 1978 2838 ἤκουσεν,

395 2862 605 2934 ἠγέρθη
637 2862 797 2934 ταχὺ,
824 2861 916 2914 καλ⁸
944 2860 1148 2932 ῆρχετο
1176 2858 1316 2930 πρὸς
1349 2857 1534 2911 αὐτόν.
1567 2875 1585 2908 ι
1627 2858 1742 2910 Οὐκ
1770 2859 1982 2930 ἐρωτή-

398 2974 560 3020 σασα,
600 2955 635 3025 ἢ
671 2955 808 3025 πρὸς
868 2952 1064 3025 μικρὸν
1099 2950 1477 3022 ἀναμείνασαο
1531 2949 1647 3003 ἀλλ’
1684 2949 1760 3014 ὡς
1799 2950 1980 3023 ἄνπερ

396 3049 487 3101 16v
542 3045 771 3116 ἀδελφὸν
830 3045 889 3097 ὲν
936 3043 1128 3115 χερσὶν
1187 3041 1387 3121 ἔχουσα
1443 3038 1655 3105 ζῶντα,
1701 3041 1980 3113 δρομαίως

395 3139 673 3204 ἀνίστατο,
726 3136 822 3191 καλ⁵
868 3135 1006 3205 πρὸς
1051 3134 1150 3205 τὴν
1214 3131 1360 3204 ζωὴν
1384 3131 1660 3203 ἀνεπήδα,
1713 3131 1887 3202 μικρά
1940 3130 1974 3202 ἢ

394 3229 549 3284 οὐδὲν
596 3228 705 3283 τῶν
760 3224 1161 3298 συμπαρόντων
1211 3223 1580 3295 φροντίσασα·
1634 3241 1653 3274 ι
1692 3221 1861 3277 Οΰπω
1921 3222 1979 3276 δὲ

406 3325 615 3397 Ἰησοῦς
654 3320 906 3394 ἐληλύθει
942 3321 1021 3385 είς
1047 3320 1146 3389 τὴν
1186 3319 1404 3391 κώμην,
1435 3317 1551 3370 ἀλλ’
1592 3315 1673 3370 ἔτι
1711 3313 1780 3403 ἦν
1817 3318 1875 3370 ὲν
1900 3314 1979 3386 τῷ

395 3418 567 3488 τόπῳ,
599 3417 734 3469 ὅπου
769 3414 1080 3485 ὑπήντησεν
1112 3409 1262 3481 αὐτῷ
1305 3411 1339 3481 ἡ
1376 3409 1599 3480 Μάρθα,
1645 3427 1665 3461 ι
1711 3406 1979 3462 Τοσοῦτον

395 3511 687 3575 ἔσπευσεν,
721 3506 796 3570 ὡς
827 3505 913 3559 ἐπ’
968 3502 1135 3558 αὐτοῦ
1164 3503 1370 3572 φθάσαι
1412 3501 1509 3555 τοῦ
1533 3501 1700 3555 τόπου
1743 3499 1836 3554 τὴν
1868 3498 1980 3553 Κύ-

400 3617 537 3672 ριον.
581 3596 968 3671 Σχολαιότερον
1024 3594 1133 3666 γὰρ
1180 3593 1478 3664 ἐπορεύετο
1505 3592 1594 3646 διὰ
1633 3591 1731 3663 τὴν
1759 3591 1980 3663 δύσεριν

396 3695 507 3745 τῶν
536 3689 812 3745 Ἰουδαίων
863 3688 1143 3752 ὑπόνοιαν,
1184 3684 1278 3738 τοῦ
1319 3684 1394 3755 μὴ
1440 3683 1591 3750 δόξαι
1649 3684 1978 3756 κατεπιτρέ-

395 3764 515 3857 χειν
550 3782 630 3853 τῷ
674 3762 942 3850 θαύματι,
978 3776 1094 3830 ἀλλ’
1153 3776 1229 3839 ὡς
1276 3776 1341 3828 ὲκ
1376 3776 1695 3845 προτροπῆς
1742 3775 1852 3829 τῶν
1883 3792 1983 3845 γυέ

396 3873 564 3928 ναίων
591 3870 948 3941 καλούμενος.
978 3867 1136 3920 Ἐπεὶ
1181 3865 1317 3936 μηδὲ
1366 3868 1624 3936 παρεῖναι
1660 3864 1975 3936 βεϐούλητο,

396 3970 447 4021 εί
478 3966 554 4038 μὴ
584 3964 927 4038 προτραπεὶς
958 3962 1186 4033 ἐκλήθη,
1212 3959 1291 4030 τῷ
1327 3960 1402 4030 μὴ
1429 3958 1798 4030 προσποίησιν
1825 3976 1980 4030 νομι-

397 4059 592 4129 σθῆναι
633 4058 694 4111 τὸ
747 4057 1005 4127 πρᾶγμα.
1061 4054 1150 4116 Ὠς
1195 4049 1287 4106 οὖν
1320 4047 1461 4105 εἶδον
1510 4050 1612 4121 τὴν
1663 4051 1885 4123 Μαρίαν
1930 4053 1980 4106 ot

400 4153 531 4222 περὶ
569 4149 740 4220 αὐτὴν
784 4147 1028 4202 Ἰουδαῖοι
1073 4145 1286 4215 ταχέως
1346 4143 1444 4214 μὲν
1474 4143 1811 4206 ἀναστᾶσαν,
1854 4143 2000 4214 ὅροι-λ

404 4242 579 4314 μαίως
618 4241 676 4295 δὲ
700 4240 801 4311 τῆς
823 4238 1002 4301 οίκίας
1029 4236 1293 4302 ἐκϐᾶσαν,
1320 4233 1575 4298 δόξαντες
1606 4233 1808 4287 ὡσανεὶ
1842 4234 1980 4305 πρὸς

397 4336 458 4390 16
495 4328 761 4406 μνημεῖον
818 4330 1071 4386 σπεύδειν
1098 4327 1291 4399 αὐτὴν,
1346 4326 1430 4380 ἵνα
1469 4324 1633 4396 τυχὸν
1686 4324 1978 4397 σπαράξῃ,

400 4429 493 4482 καὶ
530 4430 801 4489 κωκυτοῖς
830 4423 924 4478 16v
951 4421 1215 4491 σύγγονον
1253 4417 1615 4489 ἀποδύρηται,
1652 4416 1980 4488 συνεξῆλθον

2075 590 2236 645 quam
2271 592 2391 632 eam
2450 579 2716 647 pertraxit
2763 576 2966 632 fiderit?
2994 577 3086 632 Sic
3115 578 3398 645 nimirum,
3432 590 3488 633 ut
3536 597 3661 650 qua:

2076 667 2242 737 paulo
2276 671 2536 739 superius
2580 685 2646 733 ex,
2690 670 3048 741 simplicitate
3087 672 3345 736 errabat,
3399 685 3661 728 accurata

2075 759 2241 813 etiam
2277 761 2533 829 dogmata
2560 763 2825 831 attigerit.
2854 760 3134 832 Quidquid
3162 764 3306 818 enim
3340 764 3405 819 de
3435 765 3662 821 Christo

2077 852 2368 921 Oportebat
2392 853 2666 918 confiteri,
2684 853 2829 908 brevi
2854 854 3346 910 circumlocutione
3370 856 3657 912 disseruit.

2076 943 2215 998 Nam
2241 944 2476 1001 dicendo
2516 965 2530 1001 :
2579 965 2598 997 ι
2633 944 2874 1017 Utique,
2902 963 3004 1017 ego
3035 949 3281 1015 credidi,
3315 952 3444 1019 quia
3490 960 3544 1004 tu
3599 966 3661 1005 es

2075 1033 2335 1090 Christus
2359 1033 2533 1092 Filius
2571 1034 2667 1092 Dei
2699 1036 2794 1108 qui
2824 1038 2877 1092 in
2910 1037 3178 1093 tnundum
3223 1041 3379 1094 venis
3418 1059 3431 1095 :
3463 1060 3480 1094 ι
3513 1042 3662 1096 claro
3697 1078 3703 1089 .

2079 1126 2133 1180 in
2186 1142 2355 1181 unum
2409 1127 2613 1197 pariter
2658 1136 2714 1184 et
2768 1129 3058 1202 theologia:
3111 1147 3177 1186 ac
3241 1131 3555 1196 Trinitatis,
3608 1144 3663 1189 et

2079 1223 2404 1274 meoumnia:
2427 1235 2491 1275 ac
2533 1221 2935 1277 incarnationis
2953 1223 3262 1279 doctrinam
3283 1228 3662 1299 complexione

2078 1312 2379 1368 conclusit.

2157 1424 2175 1457 ι
2219 1404 2464 1471 Etcum,
2508 1406 2711 1477 inquit,
2754 1407 2856 1461 hoc
2896 1405 3150 1482 dixisset,
3199 1408 3360 1476 abiit,
3399 1421 3452 1464 ct
3493 1427 3665 1466 voca-v

2080 1498 2158 1551 vit
2217 1512 2469 1553 sororem
2530 1514 2688 1553 suam
2753 1499 3030 1565 silentio,
3101 1498 3335 1556 dicens:
3400 1502 3664 1573 Magister

2080 1589 2257 1651 adest,
2296 1598 2351 1643 et
2393 1597 2549 1643 vocat
2590 1599 2661 1644 te.
2701 1590 2802 1645 illa
2834 1598 2892 1644 ut
2929 1591 3170 1658 audivit,
3225 1595 3473 1648 surrexit
3525 1598 3661 1657 cito,

2080 1696 2133 1736 et
2163 1682 2312 1736 venit
2349 1682 2416 1737 ad
2440 1699 2606 1740 .cum.
2639 1701 2659 1736 ι
2708 1681 2926 1739 Gaudio
2966 1683 3320 1755 perfunditur
3360 1703 3463 1757 pro
3501 1689 3665 1742 modo

2082 1783 2364 1845 conceptae
2395 1775 2462 1830 de
2495 1784 2668 1831 morte
2712 1776 2902 1832 fratris
2953 1778 3217 1834 tristitiae.
3252 1776 3323 1833 Ut
3354 1781 3502 1843 enim
3546 1790 3666 1834 tan-

2082 1876 2196 1921 tum
2228 1861 2455 1929 audivit,
2476 1868 2699 1923 venisse
2730 1867 2943 1933 Jesmn,
2980 1870 3277 1925 confestim
3308 1872 3532 1944 quidem
3569 1872 3667 1926 de-

2078 1959 2266 2029 posuit
2306 1960 2536 2024 luctum,
2571 1958 2696 2015 tidei
2740 1975 2871 2016 vero
2911 1960 3188 2017 fervorem
3235 1963 3509 2018 exhibuit.
3558 1965 3666 2019 Sed

2078 2062 2130 2106 et
2185 2050 2396 2106 Martha
2450 2050 2714 2106 decenter
2758 2050 2890 2122 agit,
2950 2068 3060 2107 non
3114 2055 3396 2124 publicata
3457 2056 3665 2113 Christi

2082 2145 2470 2215 promissione.
2508 2143 2749 2200 Videbat
2787 2146 2935 2201 enim
2970 2146 3528 2207 circumassidentem
3554 2151 3669 2206 Ma-

2084 2237 2177 2291 ria:
2206 2237 2585 2294 consolantem
2615 2237 2857 2303 turbam,
2886 2239 2942 2294 in
2966 2254 3075 2309 qua
3111 2248 3299 2317 essent
3328 2242 3422 2312 qui
3442 2242 3669 2300 Christo

2084 2329 2347 2383 miracula
2396 2328 2584 2384 edenti
2649 2329 2982 2385 invitlcren't.
3029 2348 3049 2381 ι
3101 2330 3361 2403 Magister
3400 2335 3577 2398 adest,
3614 2346 3671 2391 et

2083 2429 2246 2476 vocat
2273 2428 2345 2476 te.
2380 2439 2401 2473 ι
2449 2419 2526 2474 Ex
2550 2420 2875 2490 praesentia,
2910 2421 3110 2491 inquit,
3140 2439 3312 2492 pensa
3360 2426 3505 2495 quod
3546 2443 3668 2497 pv'r-
3732 2446 3741 2453 ε

2084 2513 2286 2584 agitur.
2321 2509 2444 2568 Non
2505 2513 2658 2567 venit
2692 2519 2752 2566 ut
2781 2514 3106 2568 consoletur
3142 2532 3156 2569 :
3191 2530 3299 2569 non
3348 2526 3408 2570 ut
3440 2518 3672 2572 deliuiat
3772 2549 3776 2552 1

2083 2608 2322 2661 animos.
2357 2604 2578 2675 Alioqui
2621 2604 2775 2674 prius
2816 2604 2980 2659 etiam
3029 2604 3363 2661 advenisset.
3407 2608 3568 2664 Venit
3610 2618 3673 2663 ut

2083 2698 2252 2753 vitam
2290 2698 2571 2764 restituat,
2605 2706 2665 2752 ut
2696 2695 2923 2752 fratrem
2954 2699 3276 2754 resuscitet.
3308 2719 3326 2752 ι
3370 2700 3463 2755 illa
3489 2710 3671 2757 autem

2083 2801 2139 2846 ut
2176 2792 2354 2846 solum
2385 2791 2616 2853 audivit,
2658 2791 2900 2846 surrexit
2924 2790 3057 2853 cito.
3110 2804 3165 2847 et
3202 2792 3355 2847 venit
3390 2792 3456 2846 ad
3482 2782 3691 2848 eum...

2080 2883 2228 2939 Nihil
2260 2884 2590 2953 interrogat,
2626 2897 2729 2938 nec
2764 2882 2849 2937 vel
2877 2882 3165 2938 minimttm
3203 2894 3501 2941 cunctatur
3529 2903 3542 2941 :
3573 2888 3669 2942 sed

2083 2976 2242 3047 quasi
2287 2976 2472 3031 vivum
2508 2975 2740 3030 fratrem
2785 2974 3012 3031 haberet
3050 2974 3105 3030 in
3151 2977 3447 3042 manibus,
3491 2981 3671 3051 surgit

2078 3069 2325 3131 concite,
2360 3078 2414 3121 et
2451 3068 2519 3122 ad
2549 3069 2716 3121 vitam
2773 3067 3015 3138 prosilit,
3049 3084 3243 3139 parum
3270 3077 3364 3124 aut
3399 3071 3539 3125 nihil
3572 3087 3670 3142 pa-

2006 3179 2048 3236 C
2084 3159 2215 3213 riter
2263 3158 2529 3213 collectos
2575 3172 2781 3213 curans
2817 3177 2831 3213 :
2875 3177 2894 3210 ι
2924 3157 3186 3214 Nondum
3237 3161 3388 3215 enim
3440 3171 3671 3218 venerat

2085 3248 2246 3306 Jesus
2291 3249 2348 3304 in
2389 3249 2725 3305 Castellum:
2774 3249 2870 3304 sed
2922 3258 3044 3305 erat
3078 3251 3259 3306 adhuc
3302 3252 3353 3306 in
3391 3252 3485 3308 illo
3519 3255 3667 3320 loco,
3718 3238 3721 3239 ν

2084 3340 2175 3395 ubi
2209 3344 2536 3395 occurrerat
2557 3338 2606 3394 ei
2648 3337 2884 3392 Martha.
2918 3357 2937 3390 ι
2972 3337 3160 3410 Usque
3202 3341 3340 3397 adeo
3371 3342 3670 3399 festinave-

2084 3439 2189 3494 rat,
2219 3438 2277 3485 ut
2317 3430 2373 3483 in
2408 3428 2529 3500 ipso
2563 3429 2686 3482 loco
2726 3427 3087 3483 anteverterit
3123 3428 3438 3484 Dominum.
3483 3431 3665 3487 Moro-

2083 3524 2202 3580 sius
2240 3523 2388 3576 enim
2427 3519 2720 3576 incedebat
2775 3520 2848 3576 ob
2881 3518 3200 3575 Iudaeorum
3250 3524 3663 3581 contentiosam

2082 3614 2507 3670 aestimationem
2539 3633 2553 3669 :
2594 3620 2742 3669 utne
2772 3611 3060 3667 videretur
3087 3612 3205 3680 ipse
3234 3613 3298 3668 ad
3334 3615 3664 3670 miraculum

2081 3723 2434 3780 procurrere,
2476 3706 2571 3763 sed
2604 3707 2766 3777 quasi
2816 3706 3110 3761 mulierum
3147 3714 3340 3777 rogatu
3378 3710 3666 3765 accedere.

2082 3798 2217 3852 Nam
2267 3812 2448 3868 neque
2481 3796 2673 3851 venire
2721 3796 2991 3862 voluerat,
3042 3796 3149 3850 nisi
3212 3811 3403 3850 earnm
3455 3800 3669 3854 accitus

2082 3889 2496 3954 obsecratione,
2546 3897 2607 3942 ut
2652 3903 2723 3943 ne
2769 3902 2856 3943 res
2901 3887 3188 3944 simulatio
3226 3899 3568 3965 putaretur“
3600 3894 3670 3947 Ut

2082 3990 2263 4036 autem
2293 3979 2491 4044 Judaei,
2519 3980 2612 4052 qui
2649 3989 2811 4035 erant
2845 3994 2972 4035 cum
3015 3980 3209 4045 Maria,
3259 3982 3520 4038 viderunt
3558 3984 3671 4039 cito

2081 4075 2413 4138 surrexisse,
2450 4089 2512 4129 ac
2548 4074 2714 4129 domo
2742 4075 3018 4129 concitam
3059 4076 3261 4140 exisse,
3291 4078 3671 4134 existimantes

2079 4167 2228 4221 velut
2262 4166 2328 4221 ad
2363 4176 2783 4243 monumentum
2818 4182 3142 4237 properare,
3174 4176 3233 4222 ut
3258 4184 3316 4224 se
3354 4170 3539 4223 forsan
3569 4186 3671 4224 uu-

2079 4256 2282 4328 guibus
2322 4258 2623 4323 laceraret,
2675 4257 3007 4324 ululatuque
3050 4257 3364 4326 deploraret
3415 4256 3667 4322 fratrem,

2081 4362 2189 4401 una
2215 4347 2429 4419 egressi
2458 4357 2606 4411 sunt,
2644 4349 2797 4402 velut
2837 4348 2905 4403 ab
2945 4362 3011 4403 eo
3051 4346 3242 4401 fratris
3274 4349 3426 4401 luctu
3479 4349 3668 4418 prohi-

2080 4437 2270 4494 bituri.
2312 4438 2506 4492 Divina
2548 4454 2680 4493 vero
2734 4437 3079 4515 providentia
3131 4453 3220 4491 res
3254 4437 3570 4507 gerebatur,
3609 4450 3666 4494 ut

396 4522 560 4593 αὐτῇ,
599 4518 833 4573 κωλύειν
854 4516 1045 4586 ὥσπερ
1072 4511 1389 4585 βουλόμενοι
1414 4511 1514 4581 τῆς
1542 4510 1638 4563 ἐπὶ
1663 4508 1741 4581 τῷ
1762 4510 1976 4583 ἀδελφῷ

2083 4539 2132 4585 et
2157 4531 2234 4584 illi
2270 4532 2553 4598 adessent,
2576 4548 2685 4603 quo
2730 4511 2834 4588 sub
2863 4548 3056 4588 eorum
3109 4532 3400 4589 obtutibus
3454 4533 3664 4599 editum

397 4612 724 4686 θρηνῳδίας.
756 4611 830 4664 T6
869 4610 926 4664 δὲ
952 4604 1019 4680 ἦν
1051 4608 1214 4679 ἔργον
1258 4604 1569 4674 οἰκονομίας
1606 4609 1976 4675 συμπαρεῖναι

398 4702 808 4770 κὰκείνους,,ῐν’
840 4700 928 4753 ἐπ’
965 4699 1153 4769 ὄψεσιν
1182 4695 1368 4752 αὐτῶν
1398 4695 1459 4749 τὸ
1490 4695 1677 4766 θαῦμα
1710 4696 1974 4768 πραχθὲν,

401 4799 477 4869 μὴ
502 4796 823 4868 ἀμάρτυρον

472 4909 492 4942 ί
535 4891 600 4945 Ἦ
648 4887 742 4944 οὖν
795 4887 1008 4959 Μαρία,
1041 4887 1116 4952 ὡς
1158 4883 1322 4959 ἦλθεν
1365 4889 1500 4942 ὅπου
1547 4884 1616 4960 ἦν
1667 4889 1696 4940 6
1744 4883 1975 4954 Ἰησοῦς,

398 4980 579 5035 ἰδοῦσα
606 4980 793 5045 αὐτὸν,
842 4978 1039 5033 ἔπεσεν
1074 4977 1242 5031 αὔτοῦ
1297 4979 1435 5050 πρὸς
1474 4979 1605 5041 τοὺς
1653 4976 1842 5039 πόδας,
1886 4974 1978 5027 λέ-

393 5089 598 5142 γουσα·
636 5071 837 5145 Κύριε,
881 5071 931 5124 εί
982 5066 1051 5142 ἧς
1092 5063 1227 5136 ὧδε,
1261 5071 1364 5123 οὐκ
1407 5070 1473 5123 ἂν
1520 5067 1761 5123 ἀπέθανέ
1815 5082 1920 5137 μου
1950 5066 1978 5118 6

391 5166 642 5235 ἁδελφός.
674 5185 693 5219 ι
732 5167 877 5220 Ἴσον
901 5164 1100 5236 ἔχουσα
1134 5166 1200 5236 τῇ
1233 5164 1434 5233 ἀδελφῇ
1464 5161 1525 5215 16
1557 5161 1835 5233 φρόνημα,
1864 5153 1978 5222 τοῖς

392 5260 605 5331 ὁμοίοις
649 5259 821 5330 αὐτῆς
855 5257 1200 5329 συμφέρεται
1246 5258 1477 5329 ῥήμασι.
1511 5255 1714 5308 Σκόπει
1747 5249 1843 5307 οὖν
1875 5252 1978 5305 ὅσα

391 5353 451 5406 ἐν
485 5350 670 5423 μικρῷ
692 5350 818 5405 τότε
845 5352 880 5423 ἡ
917 5349 1110 5420 Μαρία
1140 5351 1305 5403 ποιεῖ.
1340 5346 1675 5419 Προστρέχει
1714 5346 1791 5409 ὡς
1833 5343 1974 5414 Θεῷ,

393 5444 749 5516 προσπίπτει,
802 5439 1266 5518 παρρησιάζεται,
1310 5439 1583 5493 δείκνυσιν
1626 5439 1710 5491 ὅτι
1743 5436 1976 5507 τέθνηκε

392 5535 648 5607 Λάζαρος
668 5550 683 5566 ·
716 5533 778 5586 οὐ
808 5531 985 5586 ταῦτα
1012 5531 1070 5585 δὲ
1108 5531 1291 5602 μόνον,
1322 5530 1439 5584 ἀλλ’
1470 5531 1554 5583 ὅτι
1596 5530 1690 5583 καὶ
1723 5531 1976 5600 πρόωρος

392 5624 423 5676 6
454 5623 685 5686 θάνατος
719 5621 966 5692 γέγονεν,
1002 5620 1460 5686 ἀπόντοςαὺτοῦ.
1497 5620 1632 5672 Τότε
1670 5620 1781 5690 γὰρ
1813 5619 1976 5689 τυχὸν

393 5717 546 5786 λέγει
582 5714 1040 5789 παραγεγονέναι,
1076 5714 1163 5767 ὅτε
1192 5715 1267 5785 μὴ
1288 5713 1389 5785 τὴν
1410 5712 1706 5783 θεραπείαν
1734 5713 1761 5764 ὁ
1786 5712 1978 5783 καιρὸς

392 5807 704 5878 ἐπεδέχετο,
741 5804 1188 5876 συγκλεισθεῖσαν
1221 5804 1424 5858 ὡσανεὶ
1455 5803 1537 5874 τῷ
1582 5802 1820 5873 θανάτῳ.
1866 5803 1976 5856 Καὶ

2080 4623 2413 4680 miraculum
2445 4624 2871 4697 haudquaquam
2911 4633 3079 4681 testes
3117 4623 3497 4682 desideraret.

2160 4906 2178 4940 ι
2215 4887 2389 4943 Maria
2415 4903 2549 4960 ergo
2584 4905 2707 4943 cum
2738 4889 2980 4944 venisset
3000 4889 3089 4944 ubi
3121 4897 3237 4943 erat
3262 4884 3447 4950 Jesus,
3473 4875 3666 4944 videns

2078 4996 2230 5045 eum,
2266 4980 2466 5035 cecidit
2499 4979 2567 5034 ad
2618 4980 2784 5046 pedes
2827 4980 2969 5050 ejus,
3006 4986 3060 5033 ct
3094 4979 3230 5035 dicit
3260 4979 3312 5032 ei
3351 4996 3363 5031 :
3409 4978 3662 5042 Domine,

2079 5074 2123 5129 si
2160 5073 2363 5129 fuisses
2401 5072 2513 5137 hic,
2551 5088 2659 5126 non
2694 5080 2843 5127 eeset
2894 5080 3150 5129 mortuus
3200 5070 3370 5125 frater
3416 5058 3591 5124 rneus.
3640 5090 3657 5121 ι

2079 5163 2284 5219 Eodem
2334 5179 2459 5218 cum
2513 5178 2709 5218 sorore
2757 5178 2945 5227 sensu,
2994 5163 3190 5219 iisdem
3224 5177 3287 5216 ac
3323 5163 3441 5232 ipsa
3479 5164 3665 5217 verbis

2080 5256 2457 5326 congreditur.
2520 5253 2659 5310 Vide
2710 5255 2877 5326 igitur
2923 5260 3090 5324 quam
3148 5266 3286 5309 tunc
3340 5257 3394 5308 in
3433 5257 3667 5309 modico

2081 5349 2250 5403 multa
2294 5348 2505 5403 fecerit.
2541 5346 2799 5402 Occurrit
2830 5356 2887 5401 ut
2937 5345 3072 5412 Deo,
3106 5346 3332 5407 accidit.
3367 5346 3480 5417 agit
3530 5346 3668 5400 fidu-

2080 5441 2187 5506 cia,
2222 5439 2468 5495 ostendit
2526 5454 2631 5492 ιιιοι
2649 5447 2801 5492 tuum
2856 5438 3124 5493 Lazarum
3160 5457 3172 5492 :
3211 5454 3312 5493 nec
3364 5438 3414 5493 i.t
3457 5438 3661 5500 solum,

2079 5544 2270 5583 verum
2309 5530 2474 5584 etiam
2507 5528 2651 5599 quod
2687 5543 2835 5582 mors
2860 5529 3155 5582 immatura
3188 5529 3415 5582 absente
3436 5541 3501 5581 eo
3527 5522 3665 5581 con-

2079 5600 2286 5692 iigerit.
2317 5618 2477 5674 Tunc
2511 5620 2656 5673 enitr
2708 5617 2852 5674 forte
2884 5620 2959 5673 ait
2993 5619 3323 5679 advenisse.
3373 5633 3499 5672 cum
3547 5617 3662 5686 jam

2081 5721 2320 5784 tempus,
2358 5713 2505 5768 velut
2537 5723 2714 5767 morte
2744 5713 3136 5783 praecludeute,
3174 5711 3522 5766 curationem
3555 5724 3665 5763 non

2082 5808 2369 5878 reciperet.
2410 5805 2487 5861 Ex
2514 5806 2586 5861 iis
2618 5821 2855 5877 namque
2881 5807 3208 5878 conjectura
3234 5815 3341 5869 est,
3370 5803 3665 5876 agnovisse
