3966 6490
410 466 513 534 977
1480 476 1567 539 IN
1606 473 1969 537 LAZARUM
2006 469 2657 543 QUATRIDUANUM.
3585 460 3697 529 978

405 583 737 657 Φιλούμενος
765 585 964 655 ἐφίλει,
997 585 1094 641 καὶ
1131 586 1382 652 εἰκότως.
1426 606 1446 640 ι
1476 586 1624 657 Ἐγὼ
1662 587 1791 658 γὰρ,
1834 588 1949 657 φησ

2055 582 2376 652 ,quomodo
2408 581 2627 637 amabat
2662 580 2834 637 eum!
2875 597 2896 632 ι
2934 577 3040 647 Qui
3082 576 3397 644 amabatur,
3444 579 3689 633 amabat.

402 678 532 740 τοὺς
555 677 655 748 ἐμὲ
694 678 1007 747 φιλοῦντας,
1035 679 1256 750 ἀγαπῶ.
1290 700 1309 733 ι
1344 712 1414 723 --
1440 700 1460 733 ι
1494 682 1602 757 Ἴδε
1646 681 1765 745 πῶς
1810 681 1949 749 ὲφίλε

2098 670 2270 729 Plane
2321 672 2554 728 merito:
2601 690 2621 724 ι
2660 669 2774 743 Ego
2805 670 2985 737 enim,
3019 669 3227 740 inquit,
3269 667 3569 740 diligentes
3606 684 3696 725 me

403 768 589 824 αὐτόν.
624 787 643 821 ι
674 771 831 824 Ἐστι
862 788 981 835 πως
1010 774 1107 826 καὶ
1137 772 1536 845 θαυμαζόντων
1563 776 1592 828 ὁ
1624 773 1807 842 λόγος,
1849 773 1949 827 ἀλλ

2097 764 2267 836 diligo
2285 773 2368 819 κ.»
2393 782 2498 816 -ι
2519 763 2663 821 Ecce
2691 763 2973 834 quomodo
3000 760 3402 818 amabateuml
3430 757 3695 818 «Videtur

404 861 499 914 καὶ
530 862 968 932 βασκαινόντων·
1002 863 1081 929 ὥς
1111 882 1267 929 τινας
1301 866 1514 935 λέγειν·
1547 883 1567 918 ι
1605 866 1724 921 Οὐκ
1752 864 1949 936 ὴδύνατ

2090 865 2146 914 et
2181 856 2576 913 admirantium
2609 870 2795 914 sermo
2816 895 2834 923 ,
2867 855 2966 912 sed
3028 862 3084 911 et
3117 854 3436 910 invidorum
3474 872 3489 909 :
3526 853 3602 909 ita
3629 862 3693 910 ut

399 941 556 1011 οὗτος
583 950 611 1003 ὁ
631 949 852 1016 ἀνοίξας
871 954 996 1016 τοὺς
1029 953 1345 1024 ὀφθαλμοὺς
1371 954 1466 1009 τοῦ
1499 955 1726 1026 τυφλοῦ,
1756 956 1986 1026 ποιῆσαι

399 1038 491 1093 ῐνα
530 1039 605 1111 μὴ
646 1043 743 1095 καὶ
787 1035 946 1108 οὗτος
1000 1045 1285 1117 ἀποθάνῃς
1319 1065 1338 1100 ι
1373 1048 1486 1102 Καὶ
1532 1048 1585 1101 εἰ
1630 1048 1814 1119 ἣνοιξε
1854 1050 1984 1113 τοὺς

395 1133 713 1205 ὀφθαλμοὺς
747 1135 844 1190 τοῦ
872 1136 1098 1207 τυφλοῦ,
1122 1139 1174 1193 τί
1209 1157 1342 1194 ποτε
1383 1140 1533 1211 αὐτῷ
1566 1140 1983 1205 διαπιστοῦντες

392 1223 519 1278 τότε
568 1225 916 1298 βλασφήμοις
979 1228 1161 1297 λόγοις
1220 1228 1508 1297 ὲϐάλλετε;
1555 1230 1621 1285 Τί
1686 1232 1982 1296 τοσαύταις

390 1317 642 1389 ὲνείρατε
693 1319 788 1373 τὸν
828 1316 888 1375 εὖ
926 1322 1171 1376 παθόντα
1200 1323 1451 1389 πλοκαῖς,
1501 1326 1806 1398 κρίνοντες,
1848 1327 1979 1381 ἀνα-

389 1409 694 1479 κρίνοντες,
718 1411 803 1476 τίς
826 1414 922 1466 καὶ
947 1413 1134 1481 πόθεν,
1168 1415 1265 1468 καὶ
1309 1416 1580 1484 ποταπὸς,
1608 1421 1704 1471 καὶ
1725 1418 1779 1471 τί
1819 1420 1976 1489 ποιή-

388 1514 492 1561 σας
527 1499 731 1570 ἀνέῳξέ
768 1518 866 1555 σου
895 1504 1023 1567 τοὺς
1061 1503 1410 1575 ὀφθαλμούς;
1460 1506 1602 1572 τέως
1634 1507 1734 1578 μὲν
1779 1507 1975 1578 ὁμολο-

383 1592 536 1658 γεῖτε
558 1591 675 1658 νῦν,
710 1595 759 1647 εἰ
794 1594 888 1649 καὶ
908 1595 1157 1662 ἄκοντες,
1183 1598 1466 1670 ἀνεῳγότα
1492 1598 1622 1663 τοὺς
1651 1599 1972 1671 ὀφθαλμοὺς

381 1682 480 1736 τοῦ
520 1686 747 1754 τυφλοῦ.
784 1688 916 1743 Δέον
945 1689 1040 1742 ἀπ’
1069 1690 1284 1745 ἐκείνου
1314 1694 1410 1747 καὶ
1437 1692 1597 1747 τοῦτο
1630 1692 1968 1765 θαυμάζειν·

382 1776 545 1848 ὑμεῖς
597 1779 651 1832 δὲ
699 1781 923 1835 κάκεῖνο
956 1783 1052 1837 καὶ
1086 1782 1247 1838 τοῦτο
1289 1784 1572 1851 κακίζετε.
1623 1787 1826 1859 Ἔργον
1854 1787 1965 1860 γὰρ

377 1872 542 1925 τοῦτο
572 1874 873 1947 Ἰουδαϊκῆς
925 1879 1325 1951 προαιρέσεως.
1373 1880 1509 1933 Πότε
1550 1880 1661 1951 γὰρ
1711 1881 1770 1935 ού
1820 1899 1963 1952 παρ-

2090 950 2260 1022 aliqui
2281 950 2566 1007 dicerent:
2595 947 2743 1005 «Non
2763 957 2982 1021 poterat
3001 948 3114 1017 hic,
3133 948 3230 1019 qui
3253 948 3472 1019 aperuit
3488 947 3689 1004 oculos

2087 1043 2245 1109 caeci,
2275 1043 2462 1101 facere
2486 1054 2547 1099 ut
2572 1043 2664 1100 hic
2693 1059 2805 1100 non
2845 1043 3198 1099 moreretur?
3228 1060 3247 1094 ι
3278 1042 3444 1112 Atqui
3477 1041 3525 1097 si
3551 1041 3684 1097 caeci

2087 1136 2306 1205 aperuit
2332 1135 2552 1201 oculos,
2592 1149 2696 1191 cur
2727 1147 2861 1191 tunc
2894 1135 2942 1191 ei
2976 1142 3176 1205 negata
3213 1132 3318 1189 fide
3343 1131 3686 1204 blasphemis

2082 1242 2211 1284 eum
2245 1227 2551 1298 impetistis
2589 1226 2984 1284 sermonibus?
3012 1225 3124 1284 Cur
3159 1241 3285 1283 eum
3322 1226 3416 1297 qui
3456 1239 3686 1294 accepe-

2083 1326 2171 1375 rat
2208 1319 2546 1377 heneficium
2583 1330 2694 1377 tam
2730 1320 2925 1377 multis
2960 1319 3282 1378 inscruistis
3312 1318 3681 1391 quaestionum

2079 1411 2341 1473 nexibus.
2374 1413 2547 1470 semel
2569 1414 2842 1470 etiterum
2861 1413 3186 1485 judicantes
3215 1420 3270 1469 et
3296 1411 3677 1483 exquirentes,

2077 1505 2228 1576 quis,
2262 1516 2315 1562 et
2348 1508 2529 1577 cuias,
2564 1514 2620 1564 et
2660 1492 2842 1579 qualis
2866 1549 2881 1575 ,
2921 1515 2981 1563 et
3019 1506 3156 1579 quid
3207 1505 3416 1562 faciens
3459 1505 3679 1576 aperuit

2075 1597 2175 1652 tibi
2259 1599 2497 1656 oculos?
2552 1598 2712 1656 Nunc
2780 1600 3027 1667 interim,
3075 1613 3394 1672 quanquam
3471 1598 3673 1662 inviti.

2073 1691 2378 1760 agnoscitis
2424 1693 2713 1764 aperuisse
2762 1694 2959 1750 oculos
3006 1694 3166 1750 caeci.
3213 1692 3486 1749 Caeterum
3547 1706 3666 1746 cum

2073 1782 2209 1840 illud
2235 1785 2568 1841 miraculum
2600 1786 2731 1842 huic
2759 1786 2987 1844 deberet
3013 1785 3447 1842 admirationem
3476 1781 3673 1839 conci-

2071 1874 2229 1941 liare,
2266 1890 2367 1932 vos
2404 1876 2591 1947 potius
2643 1884 2946 1948 utrumque
2990 1875 3349 1945 vituperatis.
3395 1873 3517 1928 Hoc
3569 1870 3672 1929 Ju-

375 1964 658 2033 ωργίσατε
710 1966 974 2038 Χριστόν;
1027 1969 1157 2024 πότε
1205 1972 1306 2024 οὐκ
1350 1972 1691 2043 ἠπειθήσατε
1734 1970 1949 2026 τοιαῦτα

2065 1966 2262 2024 daicus
2308 1971 2531 2027 animus
2582 1970 2749 2026 habet
2791 1970 3003 2042 operis.
3052 1968 3287 2036 Quando
3344 1967 3491 2024 enim
3551 1982 3665 2020 non

376 2059 475 2112 καὶ
500 2058 739 2113 τοσαῦτα
769 2059 1094 2134 τεθεαμένοι
1130 2065 1429 2136 τεράστια;

452 2276 472 2313 t
520 2259 578 2314 '0
616 2260 823 2334 Ἰησοῦς
860 2258 955 2318 οὖν
1004 2264 1168 2329 πάλιν
1215 2268 1706 2341 ἐμϐριμησάμενος
1737 2271 1961 2344 ἔρχεται

371 2352 454 2416 εἰς
482 2352 544 2405 τὸ
578 2359 886 2427 μνημεῖονο
933 2353 1004 2430 ἦν
1049 2358 1107 2412 δὲ
1141 2361 1437 2432 σπήλαιον·
1476 2383 1494 2416 ι
1548 2365 1802 2435 σκοτεινὴ
1849 2365 1960 2419 τῶν

382 2447 658 2502 Ἰουδαίων
705 2450 939 2522 καρδία*
987 2472 1006 2506 ι
1049 2454 1162 2508 Καὶ
1191 2454 1339 2520 λίθος
1394 2456 1649 2511 ἐπέκειτο
1695 2459 1901 2514 ἐπάνω.
1934 2479 1951 2512 ι

370 2537 486 2608 Τῆς
520 2539 781 2607 ἀπιστίας
810 2543 871 2597 τὸ
922 2544 1162 2616 σκληρὸν
1198 2546 1291 2603 καὶ
1329 2548 1643 2603 ἀντίτυπον.
1682 2568 1700 2600 ι
1728 2550 1896 2618 Λέγει
1933 2552 1961 2605 ὁ

384 2628 620 2700 Ἰησοῦς·
660 2632 869 2704 Ἀρατε
900 2635 992 2688 τὸν
1023 2635 1191 2692 λίθον.
1223 2657 1242 2690 ι
1284 2638 1388 2692 Τὸν
1433 2638 1606 2709 βαρὺν
1655 2641 1752 2711 τῆς
1800 2641 1961 2695 ἀπει-

370 2719 523 2784 θείας
547 2723 919 2781 ἀποκυλίσατε
944 2727 1117 2796 λίθον,
1145 2729 1234 2784 ῐνα
1255 2731 1314 2784 τὸ
1338 2730 1664 2804 θνησιμαῖον
1691 2733 1959 2804 ἀναγάγω

368 2812 467 2866 τοῦ
500 2818 849 2888 γράμματος.
880 2838 901 2873 ι
931 2822 1139 2893 Ἄρατε
1193 2823 1287 2879 τὸν
1324 2825 1508 2880 λίθον·
1547 2844 1566 2879 ι
1613 2827 1705 2881 τὸν
1755 2826 1959 2882 δυσδά-

371 2922 603 2962 στακτον
635 2910 730 2964 τοῦ
764 2913 932 2985 νόμου
958 2915 1147 2985 ζυγὸν,
1172 2918 1261 2972 ἵνα
1292 2918 1381 2972 τὸν
1414 2920 1681 2985 ζωοποιδν
1718 2922 1820 2993 τῆς
1858 2922 1955 2993 χά-

370 3015 525 3067 ριτος
569 3003 883 3079 ἀναλάδητε
919 3008 1096 3080 λόγον.
1134 3031 1153 3065 ι
1197 3014 1401 3084 Ἀρατε
1447 3015 1540 3068 τὸν
1590 3016 1768 3071 λίθον·
1806 3037 1825 3070 ι
1863 3017 1955 3072 τὸν

363 3091 441 3156 ὡς
478 3096 742 3169 κάλυμμα
769 3102 1022 3172 κείμενον
1053 3106 1449 3178 καὶ⁸βαροῦντα
1480 3110 1572 3164 τὸν
1611 3112 1758 3165 νοῦν.
1807 3114 1954 3166 Ἐδυ-

364 3188 548 3260 νάμην
579 3192 742 3258 αὐτὸς
766 3194 878 3262 ἐγὼ
902 3196 993 3250 τὸν
1019 3197 1167 3252 λίθον
1198 3202 1555 3270 ἀποκυλίσαι,
1586 3204 1703 3257 ἀλλ’
1731 3205 1819 3258 ἵνα
1857 3209 1951 3259 καὶ

2064 2062 2437 2119 exacerbastis
2476 2063 2795 2120 Christum?
2826 2064 3047 2135 quando
3081 2072 3160 2118 tot
3197 2061 3475 2132 tantisque
3508 2059 3647 2115 visis

2065 2153 2335 2223 prodigiis
2358 2169 2467 2209 non
2507 2154 2940 2227 inobsequentes
2963 2154 3185 2211 fuistis?

2140 2282 2159 2317 ι
2198 2261 2364 2321 Iesus
2398 2282 2533 2338 ergo
2567 2284 2787 2324 rursum
2823 2269 3086 2335 fremens,
3144 2250 3296 2322 venit
3346 2265 3414 2321 ad
3460 2278 3664 2320 mouu~

2064 2364 2331 2413 mentum.
2374 2358 2505 2414 Erat
2534 2369 2720 2417 autem
2747 2361 3050 2432 spelunca:
3086 2379 3104 2412 ι
3138 2373 3337 2430 nempe
3370 2372 3473 2413 cor
3501 2362 3665 2412 teuc—

2064 2447 2345 2504 bricosum
2387 2449 2715 2508 Judaeorum
2748 2472 2763 2507 :
2795 2472 2815 2506 ι
2853 2452 2920 2507 Et
2952 2451 3092 2523 lapis
3127 2450 3514 2523 superpositus
3540 2458 3661 2503 erat

2061 2541 2137 2597 ei.
2168 2560 2186 2594 ι
2218 2540 2568 2602 lnfidelitatis
2592 2545 2827 2603 durities
2852 2554 2907 2603 et
2924 2545 3263 2603 resistentia.
3292 2564 3311 2597 ί
3342 2540 3655 2599 AitJesus:

2064 2630 2261 2689 Tollite
2294 2634 2558 2705 lapidem.
2600 2655 2620 2690 ι
2668 2635 2955 2694 Revolvite
3005 2648 3231 2708 gravem
3266 2632 3659 2690 inobedientiae

2061 2723 2327 2795 lapidem,
2363 2736 2424 2782 ut
2456 2730 2604 2801 quod
2636 2731 2817 2787 littera
2838 2728 3221 2786 habetlethalc
3244 2726 3569 2791 subveham,
3592 2740 3656 2779 ac

2061 2817 2262 2873 faciam
2293 2821 2607 2894 spiritualc.
2636 2840 2657 2877 ι
2700 2821 2903 2879 Tollite
2930 2821 3170 2893 lapidem
3199 2839 3213 2877 :
3255 2839 3273 2872 ι
3292 2819 3487 2891 iugum
3517 2816 3655 2889 legis

2059 2919 2281 2980 portatu
2337 2912 2581 2983 difficile,
2625 2921 2689 2970 ut
2735 2914 3025 2984 recipiatis
3082 2911 3363 2968 vivificum
3420 2908 3649 2966 verbum

2058 3006 2265 3075 gratiae.
2307 3026 2327 3058 ι
2365 3005 2567 3065 Tollite
2589 3007 2824 3080 lapidem
2860 3026 2875 3063 :
2926 3026 2944 3060 ι
2980 3022 3105 3064 eum
3136 3007 3330 3077 utique
3366 3004 3463 3076 qui
3499 3003 3652 3058 velut

2058 3098 2374 3168 impositum
2434 3100 2682 3156 velamen
2756 3107 2954 3173 gravat
3013 3100 3282 3154 animum.
3331 3094 3647 3151 Pctuissem

2057 3208 2159 3263 ego
2219 3194 2504 3250 revolvere
2563 3194 2849 3265 lapidem:
2909 3209 3102 3250 verum
3163 3202 3225 3248 ut
3275 3190 3379 3262 ipsi
3427 3204 3648 3261 qttoqne

361 3281 464 3351 τῆς
501 3282 771 3350 δυσωδίας
804 3287 1148 3344 άντιλάϐοιτε
1172 3308 1186 3325 ο
1214 3286 1276 3347 οὗ
1318 3293 1382 3365 δὴ
1433 3295 1593 3366 χάριν
1644 3297 1775 3365 ὑμῖν
1828 3300 1949 3351 ἐπι-

2057 3283 2376 3353 percipiatis
2408 3284 2642 3341 fetorem
2671 3327 2686 3350 ,
2720 3286 2932 3342 idcirco
2968 3286 3169 3357 jubeo;
3194 3294 3254 3341 ut
3282 3299 3380 3340 vos
3414 3282 3641 3338 tollatis.

359 3372 552 3442 τρέπω
584 3375 675 3430 τὸν
709 3376 859 3433 λίθον
887 3380 1078 3453 ἐξᾶραι
1105 3381 1200 3436 τοῦ
1227 3384 1529 3455 μνήματος.
1569 3405 1587 3437 ι
1619 3386 1827 3458 ’Ἄρατε
1857 3388 1947 3442 τὸν

2062 3394 2078 3425 ι
2109 3373 2309 3432 Tollite
2332 3377 2568 3447 lapidem
2601 3395 2615 3432 :
2653 3396 2672 3430 ι
2710 3387 2771 3433 ut
2805 3380 2911 3451 ipsi
2936 3388 3106 3436 testes
3139 3380 3267 3435 sitis
3313 3384 3498 3433 vestra
3524 3376 3644 3446 ipsa

359 3462 509 3519 λίθον
532 3482 545 3496 °
578 3485 597 3518 ι
632 3468 718 3522 ἵνα
759 3470 919 3542 ὑμεῖς
953 3476 1367 3547 μαρτυρήσητε,
1390 3478 1473 3532 ὅτι
1505 3480 1599 3531 καὶ
1635 3480 1727 3533 τοῦ
1768 3481 1944 3550 τάφου

356 3557 453 3610 τὸν
485 3558 632 3613 λίθον
661 3561 1040 3630 ὲξεκυλίσατε.
1077 3586 1095 3620 ι
1123 3568 1329 3640 ’Ἄρατε
1357 3570 1447 3623 τὸν
1480 3571 1649 3626 λίθον.
1697 3591 1716 3624 ι
1757 3572 1947 3644 Ὑμεῖς

354 3652 407 3704 oi
437 3651 713 3720 Ἰουδαῖοι,
763 3656 864 3728 οὐχ
910 3659 959 3712 οἱ
1005 3658 1250 3731 μαθηταί
1298 3679 1435 3731 μου,
1491 3663 1577 3716 ἵνα
1631 3665 1706 3736 μὴ
1754 3665 1945 3735 αὔριον

352 3743 549 3812 εἴπητε
583 3746 659 3807 ὡς
693 3748 790 3802 ἐπὶ
823 3749 916 3803 τοῦ
948 3753 1153 3823 τυφλοῦ
1179 3770 1193 3786 ·
1225 3751 1374 3828 Ἀρα
1410 3751 1566 3821 οὗτός
1608 3759 1789 3825 ὲστιν;
1829 3756 1942 3832 ἆρα

352 3834 598 3902 ὲκείνοςς
638 3837 726 3893 ἵνα
760 3839 834 3912 μὴ
859 3843 1055 3915 εἴπητε
1078 3846 1160 3899 ὅτι
1195 3838 1353 3900 ἄλλον
1389 3849 1504 3902 ἀντ’
1531 3849 1690 3903 ἄλλου
1717 3851 1939 3922 ἦγειρα.

360 3944 381 3978 ι
415 3927 624 3999 ’Δρατε
659 3931 751 3984 τὸν
786 3932 959 4001 λίθον,
1004 3954 1022 3988 ι
1057 3939 1106 3991 εἰ
1142 3938 1237 3993 τοῦ
1267 3939 1550 4012 θαύματος
1585 3943 1713 3997 ἰδεῖν
1748 3944 1809 3998 τὸ
1843 3943 1942 4014 μέ-

350 4016 517 4086 γεθος
557 4019 835 4089 βούλεσθε.
876 4044 896 4077 ι
921 4027 1086 4097 Λέγει
1129 4030 1280 4102 αὐτῴ
1330 4034 1363 4104 ἡ
1402 4033 1609 4105 ἀδελφὴ
1660 4035 1754 4089 τοῦ
1788 4053 1941 4090 τετε-

349 4106 677 4182 λευτηκότος
705 4116 938 4189 Μάρθα·
960 4122 1154 4191 Κύριε,
1183 4124 1284 4195 ἤδη
1307 4124 1445 4189 ὄζει·
1471 4130 1797 4199 τεταρταῖος
1827 4130 1938 4202 γάρ

348 4202 524 4292 ἐστιν.
561 4223 580 4255 ι
610 4204 859 4279 Ἡμέρας
881 4211 990 4284 γὰρ
1021 4207 1135 4285 εἶχε
1166 4216 1441 4288 τέσσαρας
1470 4220 1529 4272 ὲν
1556 4220 1632 4291 τῷ
1666 4222 1934 4292 μνήματι,

347 4297 409 4348 ἐν
437 4290 526 4360 αἷς
555 4292 623 4367 ἦν
672 4298 1076 4374 διαφθαρθῆναι
1115 4307 1206 4360 τὸν
1239 4309 1536 4366 τεθνεῶτα.
1570 4290 1931 4385 (νἬδη-ίὸζει,

344 4393 668 4462 τεταρταῖος
694 4395 803 4466 γάρ
828 4397 997 4451 ἐστιν.
1016 4388 1053 4450 ⁷)
1090 4400 1376 4466 Ἀπιστίας
1409 4405 1504 4457 καὶ
1534 4403 1841 4475 δισταγμοῦ
1872 4405 1934 4460 τὺ

345 4483 525 4553 ῥῆμα.
584 4487 731 4557 Πλὴν
777 4489 835 4542 ὲν
885 4492 999 4554 τοῖς
1048 4492 1328 4562 μεγίστοις
1383 4494 1660 4566 θαύμασιν
1703 4499 1933 4553 ἀπιστία

343 4577 674 4646 προτρέχειν
697 4579 947 4635 εἴθισται.
980 4601 997 4633 ι
1021 4583 1162 4655 Ἤδη
1188 4583 1323 4649 ὄζει.
1369 4604 1388 4639 ι
1440 4586 1807 4659 Ἐπαρθέντος
1833 4589 1930 4645 τοῦ

2054 3480 2223 3535 epeia
2253 3467 2487 3522 revoluti
2519 3467 2727 3537 lapidis
2757 3468 3016 3539 sepulcri.
3053 3487 3072 3523 ι
3099 3468 3300 3525 Tollite
3320 3464 3561 3536 lapidem
3587 3482 3638 3518 ει

2055 3576 2153 3613 vos
2182 3558 2382 3623 Judaei,
2416 3576 2525 3616 non
2561 3562 2828 3632 discipuli
2870 3562 3010 3628 mei,
3042 3570 3104 3619 ut
3131 3577 3199 3617 ne
3231 3562 3373 3617 velut
3405 3561 3459 3615 in
3490 3574 3642 3614 casco

2051 3652 2319 3721 postri.lie
2344 3654 2607 3711 dixeritis
2637 3673 2650 3711 :
2681 3655 2944 3726 Nunquid
2976 3656 3088 3723 hic,
3120 3654 3368 3726 nunquid
3421 3654 3546 3707 ille?
3582 3662 3642 3706 ut

2050 3759 2120 3800 ne
2141 3745 2310 3799 alium
2354 3762 2455 3817 pro
2492 3748 2601 3802 alio
2631 3749 2967 3804 suscitatum
3007 3751 3334 3806 causemiui.
3392 3770 3411 3802 ι
3438 3730 3640 3804 Tollite

2049 3837 2289 3907 lapidem
2327 3857 2341 3894 :
2381 3858 2402 3891 ι
2466 3840 2511 3895 si
2566 3841 2821 3896 miraculi
2850 3830 3319 3913 ‘magnitudinem
3388 3853 3641 3912 spectare

2047 3930 2242 3985 vultis.
2282 3949 2301 3982 ‹
2352 3930 2495 3986 Dicit
2536 3933 2588 3989 ei
2635 3932 2850 3990 Martha
2897 3950 3063 3991 soror
3102 3936 3225 4005 ejus
3253 3936 3346 4006 qui
3385 3944 3638 3990 mortuus

2045 4019 2226 4079 fuerat
2254 4043 2267 4080 :
2291 4022 2538 4092 Domine,
2561 4024 2672 4096 jam
2698 4025 2864 4095 fetet;
2892 4029 3301 4099 quatrialuanus
3327 4038 3409 4084 est
3433 4028 3631 4081 cuium

2045 4117 2293 4173 Habebat
2326 4121 2475 4175 enim
2509 4129 2748 4192 quatuor
2792 4123 2913 4179 dies
2938 4124 2993 4177 in
3023 4130 3404 4187 monumenta,
3432 4124 3486 4175 in
3512 4122 3637 4193 qui-

2043 4209 2147 4266 bus
2192 4222 2404 4282 poterat
2448 4226 2704 4273 mortuus
2752 4219 3191 4288 computruissc.
3237 4235 3255 4269 ι
3308 4215 3428 4270 1am
3464 4216 3633 4280 fetet;

2041 4304 2448 4373 quatriduanus
2474 4316 2557 4363 est
2580 4310 2750 4364 enim.
2785 4329 2804 4362 ι
2833 4310 3072 4365 Verbum
3102 4319 3184 4383 est
3215 4323 3321 4363 nou
3352 4309 3633 4364 credentis

2040 4404 2094 4449 et
2118 4394 2446 4453 dubitantis.
2481 4399 2754 4454 Caeterum
2798 4402 3095 4456 consuevit
3121 4400 3421 4456 infidelitas
3446 4402 3631 4455 maxi-

2040 4488 2146 4543 mis
2213 4504 2554 4559 praecurrere
2609 4493 2923 4547 miraculis.
2996 4513 3016 4546 ι
3055 4493 3178 4548 Jam
3242 4493 3398 4547 fetet.
3440 4512 3459 4545 ι
3516 4491 3631 4549 [loc

2040 4578 2179 4634 dixit
2206 4580 2446 4648 Martha,
2488 4598 2611 4638 cum
2649 4585 2875 4641 sublato
2911 4586 3096 4673 lapide
3144 4586 3370 4641 odorem
3421 4587 3628 4643 sensis-

342 4666 495 4720 λίθου
527 4664 627 4738 τῆς
662 4670 843 4741 ὀσμῆς
873 4672 1200 4745 αίσθομένη,
1246 4676 1406 4732 τοῦτο
1434 4673 1590 4732 εἶπεν
1627 4681 1660 4750 ή
1707 4681 1928 4751 Μάρθα.

2055 4679 2137 4724 aet.
2175 4670 2240 4725 Et
2278 4673 2494 4741 quidem
2530 4675 2676 4745 quod
2730 4676 2970 4732 dicebat.
3010 4662 3118 4732 non
3155 4676 3432 4733 credentis
3463 4685 3624 4733 erat:

338 4760 454 4814 Καὶ
503 4761 566 4815 τὸ
612 4762 712 4830 μὲν
764 4764 916 4836 ῥῆμα
953 4766 1351 4839 διαπιστούσης
1402 4765 1501 4842 ἦν·
1567 4772 1932 4827 συνεϐάλλετο

336 4847 473 4918 γοῦν
515 4853 666 4923 ὅμως
710 4854 790 4926 τῷ
824 4856 1090 4928 θαύματι,
1130 4859 1241 4932 ὅσῳ
1289 4863 1384 4916 καὶ
1421 4862 1626 4934 μᾶλλον
1676 4865 1930 4933 ἐφαίνετο

337 4942 590 4998 διαλυθὲν
621 4949 683 5000 τὸ
713 4948 897 5020 σῶμα.
929 4968 948 5002 ‹
979 4951 1175 5023 Κύριε,
1204 4954 1315 5025 ,ἥδη
1346 4955 1482 5021 ὄζει.
1507 4975 1525 5008 ι
1559 4957 1652 5029 Μὴ
1700 4958 1930 5029 πλησιά-

336 5055 460 5110 σῃς,
500 5042 689 5112 φησὶν,
719 5043 809 5098 ῖνα
854 5045 930 5118 μὴ
952 5046 1239 5120 ἀηδισθῇς.
1275 5067 1293 5102 ι
1324 5050 1463 5121 Ἤδη
1490 5050 1630 5116 ὄξει.
1666 5071 1685 5104 ι
1735 5055 1929 5125 Μῦρον

335 5131 602 5204 ὑπάρχων
631 5136 855 5201 εὐῶδες,
888 5140 962 5211 μὴ
1010 5142 1388 5215 προσεγγίσῃς
1419 5143 1496 5212 τῷ
1539 5143 1742 5208 ὄζοντι.
1784 5166 1800 5199 ι
1822 5147 1929 5201 Κύ-

339 5239 445 5295 ριε,
477 5224 578 5296 ἤδη
610 5225 746 5292 ὄζει.
782 5246 801 5279 ι
836 5229 1131 5284 Ἐπιτείνει
1174 5231 1235 5285 τὸ
1269 5233 1459 5303 θαῦμα
1479 5236 1579 5291 τοῦ
1598 5238 1824 5304 γυναίου
1866 5239 1927 5293 τὸ

338 5314 516 5386 ῥῆμα.
564 5317 732 5386 Λέγει
769 5320 907 5393 αὐτῇ
938 5325 967 5376 ὁ
1020 5324 1266 5396 Ἰησοῦςο
1300 5346 1319 5378 ι
1350 5327 1464 5381 Οὐκ
1498 5323 1656 5382 εἶπόν
1698 5347 1799 5394 σοι,
1844 5332 1926 5386 ὅτι

332 5404 430 5458 ἐὰν
460 5408 788 5484 πιστεύσῃς,
831 5411 953 5481 ὄψει
987 5414 1086 5485 τὴν
1132 5415 1291 5481 δόξαν
1335 5416 1428 5471 τοῦ
1463 5417 1635 5486 Θεοῦ;
1669 5439 1687 5472 ι
1729 5420 1922 5488 Τοῦτο,

332 5495 502 5549 οἱονεί
534 5514 654 5562 πως
686 5501 964 5566 ὀνειδίζων
995 5504 1165 5576 αὐτὴν
1195 5505 1323 5576 ἔφη.
1355 5507 1591 5579 Εὔδηλον
1628 5511 1734 5580 γὰρ
1760 5510 1838 5574 ὡς
1861 5514 1923 5565 ού

328 5588 569 5659 πάμπαν
621 5591 957 5661 ἀμφιϐολίας
988 5596 1328 5670 ἀπήλλακτο,
1364 5600 1434 5655 δι’
1462 5594 1536 5658 ὧν
1572 5602 1922 5676 έσφαλμένας

329 5677 571 5733 ἐποιεῖτο
593 5680 693 5743 τὰς
723 5682 1069 5754 ἀποκρίσεις.
1556 5692 1569 5697 ”

758 5756 789 5775 η.

395 5941 427 5975 κ
457 5932 621 5993 Prov.
650 5951 765 6005 \‘lll,
797 5938 885 5994 Π.

2038 4762 2359 4823 conferebat
2421 4777 2603 4823 tamen
2655 4768 2723 4823 ad
2776 4770 3133 4835 miraculum,
3186 4778 3396 4842 quanto
3458 4771 3625 4826 etiam

2037 4858 2288 4928 corporis
2324 4860 2592 4914 r‘esolutio
2649 4859 2824 4931 magis
2854 4860 3262 4915 innotescebat.
3301 4879 3320 4913 ι
3368 4859 3623 4926 Domine,

2030 4947 2144 5018 jam
2190 4948 2343 5008 fetet.
2383 4969 2404 5004 ι
2442 4949 2521 5006 Ne
2584 4952 2847 5022 propius,
2899 4952 3104 5023 inquit,
3162 4954 3489 5020 accesseris,
3554 4970 3626 5009 ne

2036 5039 2346 5097 molestiam
2410 5043 2637 5105 sentias,
2668 5057 2731 5098 ac
2773 5045 3062 5099 stomacho
3094 5045 3392 5099 movearis.
3427 5063 3446 5096 ι
3498 5043 3622 5099 lam

2026 5130 2181 5187 fetet.
2222 5152 2241 5185 ι
2278 5133 2355 5189 Ne
2388 5135 2481 5205 qui
2535 5137 2869 5193 suaveolens
2900 5145 3247 5208 unguentum
3295 5153 3377 5205 es,
3426 5138 3617 5195 fetenti

2025 5226 2576 5297 appmpinquaveris.
2619 5247 2637 5279 ι
2669 5227 2922 5294 Domine,
2945 5229 3059 5298 jam
3093 5229 3281 5286 fetet.»
3303 5230 3619 5303 Magnilicat

2025 5317 2360 5372 miraculum
2377 5319 2605 5373 verbum
2633 5312 2907 5376 mulieris:
2930 5319 3131 5376 Dicitei
3148 5319 3345 5377 Jesus:
3372 5341 3391 5373 ι
3422 5320 3617 5379 Nonne

2025 5410 2140 5464 dixi
2197 5411 2319 5477 tibi,
2383 5413 2646 5482 quoniam
2678 5411 2723 5466 si
2756 5412 3064 5469 credideris
3088 5454 3103 5479 ,
3146 5414 3352 5470 ridebis
3381 5415 3611 5485 gloriam

2031 5501 2158 5557 Dei?
2200 5522 2218 5555 ι
2294 5503 2410 5558 Hoc
2465 5503 2640 5571 dixit,
2671 5505 2822 5559 velut
2866 5506 2914 5561 ei
2958 5506 3368 5577 quodammodo
3412 5522 3611 5577 expro-

2029 5595 2221 5650 hrans.
2284 5594 2510 5649 Clarum
2571 5596 2718 5650 enim
2779 5602 2902 5661 est,
2953 5612 3016 5651 ex
3069 5598 3222 5652 falsis
3259 5613 3399 5668 quas
3443 5598 3610 5653 dabat

2026 5685 2537 5756 respousionibus,
2581 5701 2694 5742 non
2750 5685 2919 5743 fuisse
2989 5686 3060 5742 ab
3112 5689 3261 5743 omni
3326 5687 3608 5744 dubietate

2026 5782 2057 5835 li
2068 5782 2271 5836 heram.
