3966 6434
430 398 535 466 979

425 608 614 675 Pater,
649 609 859 678 gratias
896 623 999 680 ago
1037 609 1139 665 tibi
1177 609 1438 680 quoniam
1489 610 1694 667 audisti
1734 626 1842 665 me.
1898 612 2012 682 Ego

426 710 606 754 autem
639 700 879 755 sciebam
908 700 1038 771 quia
1058 713 1278 771 semper
1307 716 1394 754 me
1427 701 1587 756 audis
1620 718 1634 754 :
1662 700 1757 756 sed
1789 710 2014 772 propter

426 791 687 859 populum
720 790 813 860 qui
847 790 1178 845 circumstat
1207 789 1354 857 dixi,
1395 801 1455 844 ut
1505 788 1738 844 credant
1776 790 1909 860 quia
1952 797 2010 842 ιιι

426 896 513 934 me
553 881 778 936 misisti.
816 899 836 933 ι
895 880 1144 936 Elevavit
1196 896 1420 937 sursum
1455 881 1675 947 oculos,
1740 880 1890 934 unde
1942 879 2010 933 ad

425 988 529 1027 nos
565 972 857 1028 descendit
891 992 905 1028 :
940 974 1052 1045 agit
1083 989 1215 1029 vero
1255 974 1407 1029 Patri
1442 974 1675 1044 gratias,
1711 988 1819 1027 non
1853 972 2011 1041 quasi

424 1066 634 1134 aliquid
700 1067 986 1137 acceperit
1033 1069 1101 1121 ab
1143 1066 1267 1137 ipso
1315 1066 1449 1139 (16).
1482 1065 1619 1120 Nam
1682 1081 1792 1120 non
1838 1080 2013 1136 popo-

425 1159 550 1210 scit.
592 1175 611 1208 ι
659 1156 880 1214 Gratias
910 1158 1058 1213 enim
1092 1158 1192 1214 tibi
1226 1174 1350 1230 ago,
1385 1159 1586 1229 inquit,
1619 1158 1881 1228 quoniam
1910 1174 2013 1213 au—

422 1254 551 1306 d‘sti
589 1267 697 1307 me.
740 1272 761 1306 ι
801 1254 967 1323 Atqui
1008 1269 1282 1324 nusquam
1324 1257 1504 1325 petiit,
1538 1270 1817 1325 nusquam
1850 1270 2014 1325 roga-

424 1342 521 1395 rit.
575 1343 997 1415 Cousequenter
1033 1361 1167 1417 ergo
1216 1347 1435 1403 videtur
1481 1349 1642 1415 illud,
1679 1366 1699 1399 ι
1738 1347 2012 1415 Quoniam

424 1435 628 1491 audisti
653 1452 758 1501 me,
784 1457 802 1489 ι
840 1453 1340 1509 supervacaneum.
1359 1439 1655 1495 Enimvero
1682 1454 1744 1494 ea
1771 1440 2015 1510 loquitur

424 1535 651 1597 propter
674 1526 920 1593 Judmos’,
954 1531 1257 1587 ostendens
1292 1532 1513 1587 venisse
1535 1533 1603 1587 de
1626 1533 1790 1599 coelo,
1827 1547 1891 1586 ac
1918 1531 2010 1588 Dei

426 1631 485 1671 sc
517 1617 715 1674 Filium
759 1630 813 1673 et
870 1619 1067 1685 Deum,
1117 1620 1415 1691 omniaque
1464 1636 1531 1675 ex
1590 1622 1866 1675 sententia
1910 1620 2013 1674 Pa-

427 1710 549 1770 tris.
583 1712 735 1765 velut
780 1713 869 1769 cui
906 1729 1018 1768 una
1054 1730 1181 1769 cum
1216 1729 1283 1770 eo
1323 1722 1381 1769 et
1413 1714 1687 1768 sententia
1719 1714 1792 1769 sit
1820 1722 1870 1769 et
1915 1729 2016 1768 na-

1616 407 1678 466 S.
1701 404 2037 466 ANDREJE
2079 405 2507 470 CRETENSIS

502 536 523 569 ι
557 512 723 574 Jcsus
750 512 932 571 autem
964 514 1197 570 elevatis
1231 513 1287 570 in
1322 515 1527 571 ctelum
1573 518 1777 584 oculis,
1819 518 1960 573 dixit
1994 533 2006 568 :
2042 519 2085 576 Α

2194 535 2213 569 ι
2246 519 2306 572 ’0
2334 519 2391 573 δὲ
2435 517 2643 590 Ἰησοῦς
2683 513 2778 591 ἦρε
2836 516 2963 583 τους
2998 516 3311 589 ὀφθαλμοὺς
3341 520 3421 585 εἰς
3436 522 3660 593 οὐρανὸν,
3747 587 3754 595 _

2116 615 2211 663 καὶ
2237 605 2360 663 εἷπε
2395 626 2409 641 ·
2448 610 2650 681 Πάτερ,
2679 609 2993 682 εὐχαριστῶ
3024 627 3108 663 σοι
3145 611 3226 664 ὅτι
3260 610 3490 683 ἤκουσάς
3530 625 3621 683 μου
3647 632 3660 647 ο

2115 701 2228 770 ἐγὼ
2252 703 2308 756 δὲ
2347 702 2497 773 ᾔδειν
2546 703 2629 758 ὃτι
2664 701 2895 756 πάντοτέ
2953 719 3054 773 μου
3089 701 3343 766 άκούσεις
3375 719 3390 734 ·
3419 702 3545 756 ἀλλὰ
3591 704 3668 760 διὰ

2114 795 2207 848 τὸν
2243 794 2403 867 ὄχλον
2426 795 2518 849 τὸν
2557 795 2901 867 περιεστῶτα
2953 791 3108 849 εἷπον
3146 812 3160 827 θ
3202 795 3288 848 ἵνα
3331 796 3669 851 πιστεύσωσιν

2115 887 2198 940 ὅτι
2223 887 2286 940 σύ
2320 905 2386 958 με
2410 886 2757 950 ἀπέστειλας.
2787 906 2804 940 ι
2835 888 2983 942 ’Λνω
3002 884 3105 959 ἦρε
3133 887 3193 941 τὸ
3210 886 3385 957 ὅμμα,
3403 887 3520 940 ὅθεν
3551 888 3675 960 πρὸς

2115 980 2266 1049 ἡμᾶς
2334 979 2714 1050 καταϐέϐηκεν
2736 997 2748 1010 ’
2794 980 3114 1051 εὐχαριστεῖ
3140 980 3197 1034 δὲ
3231 980 3309 1049 τῷ
3338 981 3505 1042 Πατρὶ
3526 1020 3540 1043 ,
3588 981 3677 1052 οὐχ

2115 1071 2189 1135 ὼς
2227 1071 2406 1125 λαϐὼν
2434 1089 2486 1125 τι
2542 1074 2671 1142 παρ’
2724 1072 2911 1125 αὐτοῦ.
2942 1072 3017 1126 Οὐ
3057 1074 3166 1142 γάρ
3220 1071 3440 1142 ⁴ᾔτησεν.
3480 1071 3677 1143 (Εὐχα-

2118 1161 2287 1232 ριστῶ
2319 1179 2400 1215 σοι
2422 1162 2768 1233 γὰραρησὶν,
2802 1164 2884 1215 ὅτι
2930 1164 3171 1232 ἤκουσάς
3211 1179 3334 1231 μου.
3369 1181 3388 1213 ι
3431 1163 3536 1215 Kal
3583 1163 3679 1234 μὴν

2116 1251 2354 1321 οὐδαμοῦ
2408 1250 2610 1323 ᾔτὴσεν
2643 1293 2657 1317 ,
2727 1252 2967 1323 οὐδαμοῦ
3022 1253 3241 1322 ἐδεήθη.
3294 1252 3547 1323 Περιττδν
3596 1252 3681 1307 οὖν

2116 1340 2306 1413 ὥσπερ
2351 1342 2493 1396 κατὰ
2546 1342 2609 1395 τὸ
2653 1342 2951 1396 ἀκόλουθον
3000 1337 3142 1395 εἶναι
3198 1343 3347 1396 δοκεί
3407 1342 3488 1411 τὸ,
3522 1362 3539 1396 ι
3571 1344 3681 1398 Ὀτι

2117 1434 2361 1503 ἤκουσάς
2420 1452 2543 1505 μου.
2585 1454 2604 1489 ι
2660 1435 2823 1489 Ἀλλά
2867 1437 2957 1490 διὰ
3003 1438 3128 1500 τοὺς
3180 1437 3468 1500 Ἰουδαίους
3525 1436 3684 1491 ταῦτα

2117 1526 2289 1592 λαλεῖ,
2348 1526 2567 1590 δεικνὺς
2608 1526 2687 1581 ὅτι
2723 1525 2935 1581 ἄνωθεν
2957 1523 3127 1598 ἦλοε,
3162 1527 3260 1581 καὶ
3286 1527 3521 1589 ὃτιΥίός
3580 1529 3685 1581 ἐστι

2116 1616 2213 1670 τοῦ
2271 1616 2432 1682 Θεοῦ,
2490 1618 2585 1671 καὶ
2629 1618 2781 1683 Θεὸς,
2835 1619 2930 1673 καὶ
2982 1620 3064 1672 ὅτι
3126 1620 3305 1674 πάντα
3356 1618 3547 1691 γνώμῃ
3601 1619 3685 1674 τοῦ

2120 1711 2334 1780 Πιτρδς
2397 1713 2563 1776 ποιεῖ,
2591 1711 2664 1775 ὡς,
2701 1711 2801 1782 τῆς
2865 1712 3035 1784 αὐτῆς
3088 1713 3353 1784 ὑπάρχων
3409 1712 3555 1784 αὑτῷ
3602 1716 3687 1768 καὶ

428 1813 574 1868 tura,
633 1820 897 1876 peragere
934 1824 948 1861 :
981 1820 1044 1862 ac
1075 1808 1317 1873 demum,
1354 1808 1502 1863 velut
1529 1808 1624 1878 qui
1657 1808 1822 1863 homo
1843 1815 2011 1873 esset,

2128 1803 2344 1874 γνώμης
2371 1806 2466 1858 καὶ
2505 1805 2722 1875 φύσεως
2759 1822 2772 1835 ·
2797 1806 2894 1860 καὶ
2925 1806 3007 1860 ὅτι
3048 1806 3338 1877 ἄνθρωπος
3369 1804 3466 1870 ὢν,
3503 1806 3688 1878 ἀνθρω-

425 1896 592 1965 paulo
651 1906 711 1952 Se
771 1899 1019 1953 locutum
1069 1901 1341 1955 humilius
1381 1908 1438 1956 et
1471 1900 1776 1956 secundum
1832 1899 2014 1955 horni-

426 2004 589 2053 nem,
661 1999 721 2045 nt
788 2008 857 2047 ne
929 1993 1244 2048 incarnatio
1308 1993 1460 2048 inani
1521 1994 1708 2064 specie
1756 2002 2019 2048 constare

423 2084 727 2140 videretur.
767 2104 787 2138 ι
834 2085 962 2141 [huc
1001 2103 1127 2142 cum
1177 2086 1433 2154 dixisset,
1468 2102 1607 2142 voce
1644 2102 1842 2158 magna
1900 2086 2015 2139 cla-

423 2177 596 2230 mavit
629 2194 642 2231 :
679 2177 909 2244 Lazare,
941 2179 1065 2236 veni
1122 2178 1291 2235 foras.
1325 2179 1393 2235 Et
1447 2180 1633 2237 statim
1681 2180 1888 2251 prndiit
1923 2178 2017 2249 qui

424 2265 606 2323 fuerat
655 2278 929 2338 mortuus,
984 2273 1185 2342 ligatus
1225 2274 1396 2343 pedes
1423 2280 1478 2328 et
1512 2287 1711 2328 manus
1751 2273 1963 2328 institis
1999 2290 2015 2328 :

421 2369 480 2414 et
518 2347 691 2417 facies
718 2362 869 2417 illius
907 2363 1137 2419 sudario
1169 2373 1291 2420 erat
1321 2364 1512 2435 ligata.
1552 2383 1571 2417 ι
1603 2363 1725 2421 Non
1755 2365 1857 2421 hic.
1891 2382 2019 2436 prc-

423 2460 607 2518 catur,
644 2469 747 2509 nee
780 2454 920 2510 dicit
962 2472 977 2509 :
1017 2455 1205 2521 Pater,
1260 2456 1473 2513 suscita
1514 2470 1660 2511 eum.
1698 2454 1824 2511 Haec
1871 2457 2017 2513 enim

424 2553 557 2600 sunt
584 2544 960 2614 subditorum,
989 2555 1045 2601 et
1069 2562 1262 2603 eorum
1298 2547 1392 2617 qui
1426 2548 1655 2603 secundi
1687 2556 1820 2603 sunt
1868 2549 2015 2620 (l7):

428 2638 525 2692 sed
555 2639 761 2693 clamat
798 2658 811 2694 :
851 2654 954 2695 nec
994 2640 1203 2696 clamat
1234 2641 1414 2698 solum
1443 2681 1458 2707 ,
1491 2642 1588 2698 sed
1626 2657 1825 2713 magna
1857 2656 2016 2698 voce.

426 2727 607 2799 Cujus
640 2729 865 2800 gratia?
906 2731 979 2787 Ut
1022 2732 1195 2788 etiam
1242 2733 1491 2803 designet
1523 2732 1766 2788 futuram
1802 2734 2015 2801 tubam,

426 2823 592 2892 cujus
621 2840 819 2893 magna
845 2840 949 2880 vox
984 2836 1358 2882 convocatura
1390 2836 1475 2884 cst
1505 2827 1715 2897 positos
1749 2826 1802 2881 in
1832 2841 2021 2881 monu-

426 2916 656 2972 mentis.
696 2935 714 2969 ι
758 2916 989 2985 Lazare,
1025 2921 1149 2973 veni
1192 2919 1363 2975 foras.
1404 2939 1425 2972 ι
1468 2919 1585 2975 Vox
1637 2918 1856 2974 Domini
1908 2927 2015 2986 est,

427 3009 578 3078 regia
604 3007 808 3077 jussio,
843 3010 1141 3080 potestatis
1173 3010 1491 3080 imperium.
1533 3029 1552 3063 ι
1593 3009 1731 3066 Veni
1779 3010 1949 3064 foras.
1990 3028 2012 3063 ι

422 3100 800 3171 Corruptione
832 3102 1084 3173 deposita
1117 3103 1314 3174 pellem
1343 3119 1563 3159 resume
1608 3119 1707 3174 per
1759 3103 2007 3157 incorru-

2122 1896 2426 1969 πινώτερόν
2459 1916 2575 1963 πως
2605 1899 2804 1964 ἐλάλει,
2834 1898 2914 1969 τῷ
2947 1898 3023 1969 μὴ
3060 1900 3340 1969 φαντάσαι
3372 1899 3471 1970 τὴν
3499 1900 3689 1953 οἰκονο-

2125 1990 2277 2061 μίαν.
2319 2009 2337 2041 ι
2374 1989 2562 2044 Ταῦτα
2599 1990 2790 2057 εἰπὼν,
2852 1994 3004 2063 φωνῇ
3067 1991 3284 2065 μεγάλῃ
3345 1991 3645 2063 ἐκραύγασε
3674 2006 3687 2019 ’

2122 2080 2342 2153 Λάζαρε
2369 2082 2531 2153 δεῦρο
2557 2081 2679 2147 ἔξω.
2717 2083 2828 2137 Kal
2876 2082 3080 2147 εὐθέως
3116 2081 3342 2152 ἐξῆλθεν
3372 2084 3400 2136 ὁ
3430 2080 3689 2153 τεθνηκὼς

2120 2173 2402 2245 δεδεμένος
2427 2175 2527 2238 τὰς
2553 2178 2745 2246 χεῖρας
2778 2174 2874 2229 καὶ
2900 2176 3027 2239 τοὺς
3057 2175 3225 2239 πόδας
3261 2176 3522 2244 κειρίαις,
3562 2177 3692 2245 καὶὴ

2120 2265 2243 2334 ὄψις
2266 2265 2455 2330 αὑτοῦ,
2499 2267 2768 2338 σουδαρίῳ
2794 2266 3184 2339 περιεδέδετο.»
3212 2268 3329 2321 Οὐκ
3346 2265 3560 2338 εὔχεται
3588 2266 3692 2332 νῦν,

2121 2358 2242 2412 οῦδὲ
2267 2357 2437 2427 λέγει’
2475 2359 2679 2430 Πάτερ,
2719 2359 2935 2431 ἔγειρον
2963 2360 3148 2414 αὐτόν.
3175 2359 3299 2413 Τῶν
3326 2360 3436 2431 γὰρ
3471 2354 3571 2412 ὑπὸ
3596 2364 3697 2431 χεῖ-

2124 2470 2193 2526 ρα
2219 2452 2433 2519 ταῦτα,
2487 2456 2581 2506 καὶ
2636 2453 2745 2507 τῶν
2793 2454 3101 2527 δευτέρων
3144 2454 3282 2509 ἀλλὰ
3345 2455 3573 2526 κράζει,
3611 2456 3697 2508 καὶ

2122 2545 2221 2617 οὐχ
2271 2545 2459 2609 ἁπλῶς
2514 2546 2730 2617 κράζει,
2775 2546 2913 2622 άλλά
2940 2548 3096 2618 φ’ωνῇ
3140 2546 3379 2620 μεγάλῃ.
3420 2547 3575 2610 Τίνος
3608 2549 3695 2623 χά-

2123 2655 2208 2710 ριν
2237 2657 2253 2704 ;
2280 2640 2400 2692 Ἵνα
2456 2640 2554 2693 καὶ
2609 2640 2707 2710 τὴν
2764 2640 3069 2711 μέλλουσαν
3106 2641 3256 2714 δείξῃ
3316 2641 3590 2710 σάλπιγγα
3609 2658 3695 2710 με·

2120 2726 2263 2802 γάλῃ
2286 2729 2667 2803 συγκαλοῦσαν
2704 2733 2858 2802 φωνῇ
2879 2732 3005 2796 τοὺς
3029 2735 3088 2786 ὲν
3122 2736 3394 2803 μνήμασι.
3428 2752 3447 2785 ι
3472 2732 3695 2803 Λάζαρε,

2120 2820 2283 2893 δεῦρο
2342 2820 2467 2889 ἔξω.
2496 2841 2514 2875 ι
2551 2823 2924 2895 Δεσποτικὴὴ
2968 2824 3145 2897 φωνὴ,
3189 2825 3476 2896 βασιλικὴν
3523 2824 3581 2878 τὸ
3619 2826 3698 2878 κέ·

2119 2911 2355 2983 λευσμα,
2419 2912 2670 2979 ἐξουσίας
2726 2914 2786 2968 τὸ
2847 2914 3202 2986 πρόσταγμα.
3256 2914 3478 2988 «Δεῦρο
3532 2916 3694 2980 ἔξω.»

2135 3005 2503 3077 ’Λποθέμενος
2525 3006 2625 3076 τὴν
2650 3005 2878 3078 φθορὰν,
2909 3007 3150 3062 ἁνάλαϐε
3178 3007 3277 3080 τὴν
3305 3010 3374 3063 δι’
3404 3009 3700 3080 ἀφθαρσίας

2120 3099 2303 3169 δοράν.
2338 3117 2355 3151 ι
2385 3099 2605 3169 Λάζαρε
2629 3098 2790 3171 δεῦρο
2819 3099 2945 3166 ἔξω.
2974 3118 2991 3153 ι
3020 3100 3330 3157 Γνὼτωσαν
3361 3105 3411 3157 οἱ
3440 3103 3696 3168 Ἰουδαῖοι,

430 3193 698 3263 ptioneni.
756 3212 777 3246 ι
823 3193 1054 3262 Lazare,
1092 3197 1215 3251 veni
1274 3195 1444 3253 foras.
1488 3214 1507 3249 ι
1586 3196 1780 3252 Sciant
1840 3194 2014 3251 Judaei

2128 3192 2202 3245 ὅτι
2234 3181 2458 3263 ἔρχεται
2479 3190 2621 3263 ὥρα,
2657 3193 2745 3246 ὅτε
2764 3192 2863 3263 τῆς
2896 3193 3084 3265 φωνῆς
3105 3194 3201 3247 τοῦ
3222 3194 3358 3249 Υἰοῦ
3388 3194 3479 3249 τοῦ
3503 3194 3701 3267 άνορώ-

437 3305 457 3338 ι
489 3286 708 3343 venisse
734 3287 848 3357 jam
877 3288 1092 3352 horam,
1128 3288 1364 3358 quando.
1381 3286 1608 3354 mortui,
1641 3288 1735 3357 qui
1783 3295 1918 3342 sunt
1967 3288 2021 3340 in

431 3383 829 3445 monumentis,
847 3381 1284 3437 audientvocem
1321 3381 1443 3436 Filii
1475 3380 1602 3437 Dei:
1633 3390 1685 3437 et
1711 3382 1803 3450 qui
1830 3380 2025 3436 audie-

428 3473 575 3540 rint,
633 3474 819 3529 vivent
845 3482 894 3528 1.
936 3494 956 3527 ι
996 3504 1067 3514 —
1100 3491 1119 3524 ι
1159 3473 1296 3528 Veni
1348 3473 1518 3552 foras.
1571 3492 1590 3524 ι
1625 3472 1890 3526 Sublatus
1937 3480 2025 3527 est

435 3564 577 3635 lapis
605 3564 931 3622 olfensionis
967 3582 979 3618 :
1018 3565 1085 3621 ad
1112 3581 1197 3621 me
1228 3582 1394 3637 perge
1427 3567 1520 3637 qui
1550 3577 1601 3621 te
1636 3581 1795 3621 voco.
1828 3584 1846 3617 ι
1884 3564 2049 3621 Veni.

434 3656 608 3711 foras.
650 3675 669 3708 ι
701 3654 774 3711 Ut
807 3657 1034 3727 quidem
1074 3658 1308 3724 amicus,
1346 3658 1410 3712 ad
1449 3674 1535 3713 me
1560 3658 1805 3729 advoco;
1840 3666 2022 3712 utau-

434 3758 543 3800 tcui
578 3747 841 3805 Dominus
868 3790 883 3815 ,
935 3749 1219 3820 praecipio.
1252 3768 1271 3801 ι
1310 3748 1448 3805 Veni
1492 3748 1664 3806 foras.
1707 3768 1726 3801 ι
1758 3749 2025 3805 Noverint

433 3837 612 3893 Judaei
660 3838 796 3905 fore,
847 3849 905 3894 ut
936 3842 1028 3909 qui
1056 3843 1267 3897 suscito
1294 3842 1725 3912 quatriduanum
1767 3858 1797 3898 e
1828 3858 2026 3898 monu-

433 3938 649 3997 mento,
687 3932 886 4002 potiori
937 3933 1059 4003 iure
1109 3949 1392 4005 resurgam
1431 3935 1550 4004 ipse
1596 3935 1910 3999 triduauus,
1946 3935 2025 3990 si2

434 4020 658 4090 quidem
696 4032 926 4076 mortem
956 4035 1271 4093 gustavero.
1310 4043 1327 4076 ι
1369 4023 1597 4092 Lazare,
1618 4025 1742 4081 veni
1775 4025 1948 4080 foras.
2000 4045 2020 4079 ι

435 4107 533 4163 Exi
572 4108 761 4166 fasciis
796 4114 1098 4180 involutus,
1136 4130 1200 4169 ac
1223 4114 1454 4169 indutus
1486 4115 1846 4183 sepulcralia,
1872 4126 1929 4170 ut
1957 4131 2025 4171 ne

433 4212 489 4258 te
527 4200 706 4259 Judaei
739 4204 926 4261 lictum
962 4218 1239 4262 mortuum
1289 4208 1757 4262 existimaverint.
1791 4206 2027 4264 Videant

435 4294 629 4366 ligatas
653 4312 873 4364 manus,
906 4310 961 4354 et
1000 4299 1190 4370 pedes,
1223 4315 1289 4354 ac
1333 4299 1529 4355 faciem
1568 4298 1871 4367 obtectam,
1922 4316 2024 4356 nec

434 4388 704 4445 miraculo
727 4390 890 4446 ﬁdem
921 4391 1239 4447 detrahant.
1274 4412 1293 4445 ι
1342 4391 1484 4447 Veni
1525 4394 1693 4449 foras.
1736 4412 1755 4446 ι
1795 4394 2024 4451 Astruet

436 4489 583 4537 tuam
609 4488 1084 4547 resurrectionem
1120 4488 1376 4558 corporis
1402 4489 1778 4544 maleolcntia.
1824 4485 2021 4544 Solve-

507 4669 533 4708 γ
564 4659 724 4717 Joan.
768 4678 820 4727 ν,
848 4666 942 4724 25.

2126 3301 2230 3338 που
2261 3286 2309 3337 οἱ
2344 3287 2402 3337 ἐν
2430 3285 2544 3347 τοῖς
2608 3284 2901 3355 μνημείοις
2938 3274 3269 3339 ἀκούσονται
3308 3303 3322 3317 ·
3359 3287 3452 3341 καὶ
3480 3288 3527 3340 οἱ
3553 3287 3703 3339 ἁκού-

2126 3384 2334 3442 σοντες,
2353 3376 2635 3446 ζήσονται.
2664 3396 2790 3429 ι-ι
2818 3376 2991 3449 Δεῦρο
3010 3377 3137 3443 ἔξω.
3169 3398 3188 3431 ι
3208 3373 3705 3451 1Ἡρται.ὁλίθος,τὸ

2126 3469 2467 3541 πρόσκομμα
2487 3486 2500 3501 ·
2529 3469 2714 3541 βάδιζε
2748 3471 2886 3543 πρός
2917 3489 2983 3543 με
3007 3471 3099 3525 τὸν
3123 3471 3404 3528 καλοῦντά
3423 3490 3503 3527 σε.
3546 3492 3563 3524 ι
3590 3471 3707 3526 Δεῦ-

2125 3580 2189 3636 ρο
2222 3563 2347 3631 ἕξω,
2378 3584 2396 3616 ι
2435 3564 2524 3628 Ὠς
2561 3564 2657 3635 μὲν
2694 3566 2846 3634 φίλος
2869 3581 2952 3619 σοι
2976 3565 3308 3638 προσφωνεῖ),
3333 3566 3411 3631 ὡς
3442 3567 3498 3621 δὲ
3522 3566 3708 3619 ,ὶεσπὸ⁸

2127 3670 2224 3724 της
2253 3654 2556 3708 ἐπιτάσσω.
2595 3673 2613 3705 ι
2644 3654 2814 3727 Δεῦρο
2836 3656 2961 3722 ἔξω.
2988 3677 3004 3707 ι
3040 3656 3306 3711 Μάθωσιν
3341 3657 3616 3722 Ἰουδαῖοι,
3637 3656 3710 3708 ὅτι

2126 3748 2449 3816 τεταρταῖον
2504 3744 2738 3818 ἐγείρων
2779 3747 2844 3799 ὲκ
2878 3747 3167 3817 μνήματος
3208 3747 3396 3818 πολλῷ
3426 3764 3490 3816 γε
3525 3745 3709 3818 μᾶλλον

2128 3836 2291 3900 αὐτὸς
2351 3839 2655 3910 τριήμερος
2706 3839 3119 3910 άναστήσομαι,
3157 3840 3209 3893 εί
3230 3856 3293 3908 γε
3319 3840 3555 3895 θανάτου
3597 3836 3710 3907 γεὺ-

2131 3948 2318 4001 σομαι.
2372 3949 2392 3982 ι
2423 3931 2667 4003 Λάζαρε,
2702 3932 2863 4004 δεῦρο
2908 3932 3034 3999 ἔξω.
3063 3952 3081 3986 ι
3147 3933 3627 4006 Περιϐεϐλημένος
3653 3929 3710 3985 τὰ

2132 4020 2424 4091 σπάργανα
2457 4020 2662 4088 ἔξελθε,
2703 4023 2798 4075 καὶ
2814 4023 2883 4075 τά
2905 4023 3138 4092 ἐντάφια
3188 4024 3603 4095 περικείμενος,
3636 4022 3712 4075 ἵνα

2134 4114 2209 4185 μὴ
2230 4113 2602 4186 προσποιητόν
2621 4129 2681 4168 σε
2696 4112 2890 4186 νεκρὸν
2905 4111 3151 4168 Ἰουδαῖοι
3165 4115 3492 4185 νομίσωσιν.
3514 4114 3712 4168 Ἴδωσιν

2131 4212 2321 4282 χεῖρας
2350 4207 2646 4279 δεδεμένας
2670 4207 2767 4262 καὶ
2779 4207 2968 4271 πόδας,
2992 4208 3087 4262 καὶ
3102 4208 3257 4279 ὅψεις
3271 4209 3711 4280 κεκαλυμμένας,

2133 4302 2228 4357 καὶ
2259 4302 2336 4376 μὴ
2378 4302 2744 4372 άπιστήσειαν
2782 4300 3031 4353 Ἰουδαῖοι
3076 4300 3154 4372 τῷ
3189 4300 3458 4371 θαύματι.
3512 4322 3531 4355 ι
3555 4299 3714 4370 Δεῦρο

2138 4394 2297 4462 ἔξω.»
2324 4392 2670 4446 Πιστὼσεταί
2698 4409 2793 4446 σου
2815 4390 2914 4463 τὴν
2964 4393 3262 4448 ἀναϐίωσιν
3289 4397 3324 4465 ἡ
3344 4393 3581 4448 δυσωδία
3627 4389 3713 4445 τοῦ

2139 4487 2415 4557 σώματος.
2444 4484 2696 4540 Λύσωσιν
2728 4478 2883 4538 αὐτοὶ
2913 4485 2978 4540 τὰ
3000 4485 3360 4557 περικείμενα
3410 4486 3712 4556 σπάργανα,

1760 4774 2154 4835 COMBEFISII
2174 4776 2410 4836 NOTAE.

510 4868 624 4945 (ιϐ)
658 4867 781 4945 Agit
812 4882 933 4945 pero
962 4867 1312 4945 gra_t_ias__non
1337 4869 1493 4937 quasi
1522 4869 1729 4945 aliquid
1760 4871 2027 4945 acceperit
2064 4874 2106 4929 D
2134 4874 2350 4945 gorius.
2414 4882 2559 4945 orat.
2616 4874 2670 4930 in
2726 4873 2996 4929 Natalem.
3048 4884 3103 4929 et
3148 4876 3184 4930 2
3224 4875 3277 4930 in
3312 4875 3552 4941 Pascha,
3584 4874 3712 4929 dixit

439 4960 469 4993 ιι
508 4935 899 5010 νειμ-εζιιειιιιιι
930 4938 1132 5010 similia
1160 4935 1594 5010 Chrysbstomns
1614 4935 1670 4993 in
1696 4935 2029 5010 caputi'stud

348 5067 356 5075 ,
444 5029 514 5065 xu
540 5007 773 5063 Joannis
807 5022 929 5077 quae
951 5008 1153 5063 debent
1184 5007 1411 5079 intelligi
1439 5021 1495 5063 ut
1528 5018 1741 5063 tantum
1767 5007 1830 5065 in
1865 5010 2029 5079 Aria,-

442 5096 543 5134 uns
579 5080 746 5139 dicta,
777 5076 885 5132 neu
919 5088 978 5133 ut
1010 5081 1062 5133 in
1094 5080 1160 5134 iis
1186 5076 1414 5133 omnino
1437 5082 1762 5136 excludatur
1802 5097 1831 5135 a
1868 5076 2030 5136 Chri-

441 5161 529 5204 sto
550 5158 606 5203 et
634 5150 835 5214 oratio,
868 5158 923 5221 et
947 5151 1251 5221 gratiarum
1289 5152 1455 5213 actio,
1489 5168 1589 5220 pro
1612 5168 1743 5214 vere
1761 5153 2026 5221 acceptis.

445 5239 550 5276 nun
591 5230 810 5284 natura,
838 5220 932 5273 scd
956 5220 963 5221 “
991 5222 1272 5275 voluntate
1297 5230 1351 5275 et
1380 5225 1575 5286 gratia.
1624 5221 1694 5279 Ut
1738 5220 1909 5285 Deus,
1940 5238 2032 5275 aa:-

442 5293 589 5362 u'pil
624 5299 844 5355 natura,
877 5299 1049 5343 totum
1084 5294 1230 5360 quod
1272 5303 1356 5346 est
1382 5294 1564 5357 Pater,
1619 5302 1848 5362 excepta
1904 5309 2031 5363 pro-

445 5368 679 5431 prietate
739 5372 1006 5427 paterna;
1060 5363 1307 5431 nihilque
1360 5380 1427 5415 eo
1483 5376 1568 5417 est
1624 5365 1878 5428 inferior,
1923 5380 2034 5432 quo

445 5432 873 5505 proindetnqdo
920 5434 1105 5505 nullus
1143 5443 1323 5487 manet
1367 5434 1525 5488 locus
1558 5436 1793 5505 propria:
1828 5435 2034 5505 gratia-

443 5502 562 5556 rum
596 5502 803 5557 actioni
836 5517 850 5575 ξ
891 5513 952 5555 ιιι
986 5503 1172 5565 homo,
1211 5520 1525 5575 quanquam
1559 5502 1705 5559 dona
1726 5507 1911 5560 omnia
1945 5504 2036 5558 ha-

446 5574 648 5633 bnt-rit,
684 5580 743 5626 ut
766 5572 915 5626 velut
952 5590 1016 5627 ex
1060 5572 1298 5643 quadarn
1326 5572 1788 5630 conuaturalitate
1812 5576 2032 5641 debita;

462 5658 651 5698 revera
680 5652 861 5696 tamen
915 5645 1113 5715 gratia
1149 5646 1381 5715 accepit,
1415 5656 1468 5700 et
1515 5646 1703 5701 divina
1747 5647 1914 5701 libera
1943 5661 2040 5699 vo-

443 5713 653 5787 luntate
686 5723 743 5766 ut
775 5728 873 5787 pro
908 5714 974 5768 iis
1008 5722 1061 5770 et
1097 5713 1357 5781 Patri,_et
1389 5718 1504 5787 ipse
1533 5718 1638 5773 sibi
1666 5718 1874 5779 utDeo,
1908 5731 2035 5786 gra-

444 5785 553 5840 tias
582 5798 748 5853 agerc
777 5784 1046 5838 debuerit.

520 5849 644 5925 (ιη
675 5853 740 5907 Et
776 5867 957 5925 eorum
988 5857 1076 5909 aui
1110 5858 1323 5913 secundi
1378 5868 1523 5914 sunt.
1563 5857 1655 5914 Sic
1684 5859 1849 5915 etiam
1886 5858 2029 5916 Gre—

2131 4944 2380 5013 angelos,
2404 4944 2666 5017 δευτέρας
2705 4945 3141 5017 λαμπρότητας,
3185 4948 3446 5001 secundos
3480 4946 3714 5015 splendo-

2132 5031 2217 5070 res
2245 5030 2263 5068 :
2306 5016 2573 5070 nonnihil
2608 5016 2661 5070 id
2716 5016 3026 5083 Platonice,
3052 5016 3145 5069 Sed
3180 5033 3313 5072 sane
3341 5028 3524 5072 tamen
3548 5023 3599 5071 et
3625 5031 3711 5068 ca-

2132 5087 2353 5141 tholice.
2418 5085 2627 5142 Revera
2668 5088 2813 5148 enim
2842 5087 3023 5140 solum
3056 5103 3156 5141 eus
3195 5088 3443 5143 divinum
3472 5096 3533 5141 et
3556 5086 3711 5145 Deus.

2134 5159 2370 5228 primum
2406 5158 2539 5212 illud
2564 5165 2669 5220 est,
2702 5157 2849 5227 quod
2885 5158 2994 5210 sibi
3027 5158 3269 5213 subiciat
3309 5179 3321 5213 :
3352 5159 3563 5227 reliqua
3599 5171 3712 5228 oui-

2133 5227 2221 5282 nia
2251 5229 2493 5282 secunda
2529 5237 2679 5293 sunt,
2738 5229 3045 5297 ct__quibus.
3080 5241 3137 5281 ut
3178 5230 3316 5283 nihil
3356 5238 3445 5282 est
3492 5244 3597 5282 non
3628 5227 3703 5297 de:

2143 5299 2378 5369 iivatum
2417 5301 2590 5366 gratia
2622 5305 2659 5351 ιι
2721 5296 2900 5367 primo
2926 5299 3043 5360 illo,
3074 5301 3153 5354 sic
3182 5315 3358 5369 neque
3396 5296 3709 5369 estaliquid

2143 5368 2288 5437 quod
2354 5385 2458 5422 nun
2519 5384 2621 5422 suo
2678 5371 2842 5424 modo
2879 5370 2949 5423 ab
2977 5385 3043 5423 co
3087 5368 3281 5439 pulcre,
3308 5370 3565 5424 debeant.
3599 5368 3711 5418 Jam

2142 5440 2288 5507 quod
2323 5441 2479 5493 tertia
2510 5451 2563 5494 et
2594 5449 2791 5508 quarta
2821 5440 3006 5510 aliqua
3028 5441 3407 5504 dicantur,est
3433 5451 3707 5506 compara-

2143 5511 2464 5586 tioneintcr
2492 5510 2610 5586 ipsa
2659 5513 2901 5586 secunda
2947 5522 3001 5565 et
3033 5511 3442 5586 participantia,
3488 5518 3711 5585 quorum

2142 5581 2288 5633 aliud
2317 5582 2435 5654 alio
2471 5582 2642 5654 magis
2661 5582 2989 5654 participat,
3009 5581 3133 5635 cum
3153 5591 3337 5654 tamen
3374 5595 3485 5654 uno
3516 5581 3709 5654 omnia.

2142 5667 2251 5705 non
2283 5652 2521 5705 alterum
2564 5652 2751 5725 altero
2798 5652 3110 5725 participet.
3158 5651 3321 5725 Ludit
3373 5650 3715 5725 etiamscile

2143 5729 2336 5793 auctor
2362 5722 2595 5774 encomii
2626 5718 2901 5793 Abrahae.
2927 5718 3148 5793 nomine
3200 5718 3599 5793 Clirysostoxiii,
3662 5718 3712 5766 ill

2145 5792 2239 5865 illo
2294 5794 2487 5860 primo,
2547 5792 2637 5865 cui
2695 5794 2773 5846 ait
2827 5792 3049 5851 Abelcui
3110 5791 3179 5849 dc
3218 5791 3415 5865 primis
3456 5799 3710 5863 agnorum

2144 5860 2337 5918 fecisse
2366 5864 2657 5934 primitias,
2688 5871 2796 5918 etc.
2834 5879 2860 5893 ε
