3966 6452
285 369 391 438 981
1400 365 1485 426 IN
1508 363 1876 427 LAZARUM
1915 356 2575 434 QUATBIDUANUM-
3470 354 3580 419 982

234 500 239 501 ν
289 477 389 530 καὶ
439 470 739 540 ὲπιγνῶσιν
767 471 827 528 ὃν
847 472 907 526 ὲν
928 471 1006 545 τῷ
1039 472 1200 544 τάφῳ
1254 470 1636 525 κατέκλεισαν.
1670 487 1689 520 ι
1713 466 1887 538 Δεῦρο
1919 496 1927 526 ε

2033 467 2105 520 ;nt
2144 465 2251 536 ipsi
2297 478 2512 534 pannos
2553 459 3010 534 circumpositas,
3048 462 3418 534 noverintque
3447 478 3577 521 eum

291 566 420 632 ἔξω.
435 585 453 619 ι
472 564 756 637 Ζωώθητι,
772 565 866 620 καὶ
879 563 1185 637 ψυχιωητι,
1204 565 1300 618 καὶ
1318 563 1384 637 βη
1394 563 1630 635 ματίσας
1644 562 1744 633 τῆς
1755 560 1887 634 λάρ-

2033 572 2150 613 nem
2179 556 2234 611 in
2273 557 2487 613 tumulo
2515 554 2854 611 clauserant.
2894 571 2914 606 ι
2955 551 3092 610 Veni
3121 551 3295 611 foras.
3339 573 3359 608 ι
3393 552 3580 611 Viviﬁ-

293 662 461 722 νακός
525 656 686 725 ἔξιθι.
736 657 959 723 Δίδαξον
1015 659 1136 724 πῶς
1166 659 1224 712 ὲν
1244 659 1377 729 ῥιπῇ
1426 659 1544 729 ,πᾶν
1577 654 1640 709 τὸ
1659 653 1888 726 πλάσμα

293 747 585 822 ψυχοῦται,
645 749 747 822 τὴν
809 750 998 822 κοινὴν
1054 749 1165 804 τῶν
1223 748 1436 821 νεκρῶν
1462 748 1765 803 ἀνάστασιν
1789 748 1890 818 τῆς

295 841 486 912 φωνῆς
519 840 894 914 ἀποτελούσης
923 843 1026 913 τῆς
1048 841 1375 911 σάλπιγγος.
1409 839 1611 912 «Δεῦρο
1639 837 1800 905 ἔξω.»
1821 838 1891 892 Ἦ

298 935 440 1004 πνοὴ
474 937 533 988 ὲν
568 933 714 1005 ῥισίν
745 951 760 965 ·
783 935 841 989 αἱ
870 934 1069 1004 φλέὅες
1101 934 1336 1006 αἵματος
1361 933 1586 1005 πλήρεις
1617 949 1629 963 ⁸
1665 933 1699 1003 ή
1738 930 1894 1003 φωνὴ

284 1029 399 1082 ’ἐπὶ
444 1028 768 1101 φάρυγγος’
831 1030 888 1085 ὲν
934 1029 1072 1083 ὠσὶν
1125 1031 1155 1083 ὁ
1203 1028 1362 1098 λόγος
1396 1044 1413 1060 σ
1477 1029 1536 1081 ὲν
1591 1025 1895 1098 ὀφθαλμοῖς

296 1125 363 1179 τὸ
425 1124 564 1196 όρᾷν
595 1139 612 1155 ’
650 1123 744 1177 ἐπὶ
773 1121 960 1194 χώρας
982 1123 1016 1191 ἡ
1073 1122 1345 1194 ὄσφρησις
1382 1137 1398 1153 ο
1449 1122 1483 1192 ἡ
1512 1120 1723 1193 βάδισις
1754 1119 1896 1174 κατὰ

300 1216 469 1288 φύσιν
504 1233 517 1248 ⁸
554 1216 648 1271 καὶ
674 1217 784 1269 πᾶν
816 1216 878 1269 τὸ
907 1216 1107 1285 σκῆνος
1137 1213 1466 1286 ὲμψυχωθὲν
1514 1212 1895 1285 ἑξωργάνωτο.

306 1328 329 1363 ι
348 1307 524 1381 Δεῦρο
552 1307 677 1374 ἔξω.
708 1326 727 1360 ι
755 1306 990 1361 Ἀπόθου
1017 1308 1084 1360 τὰ
1110 1307 1428 1377 σπάργανα,
1451 1306 1545 1360 καὶ
1575 1307 1803 1377 ἀνύμνει
1829 1307 1898 1359 τὰ

303 1403 584 1474 θαύματαο
608 1400 815 1455 ἀπόθου
838 1401 936 1473 τῆς
959 1400 1229 1464 δυσωδίας
1249 1400 1349 1472 τὴν
1375 1400 1592 1472 ἀηδίαν,
1611 1400 1707 1454 καὶ
1731 1415 1902 1471 προσο

304 1494 461 1549 κύνει
477 1498 576 1564 τῆς
599 1494 854 1563 ἐξουσίας
870 1495 969 1567 τὴν
986 1494 1297 1549 αὑθεντίαν.
1315 1493 1462 1564 Ἐγώ
1487 1510 1569 1547 σοι
1594 1494 1897 1559 ἐπιτάσσω,

313 1607 333 1640 ε
358 1587 531 1659 Δεῦρο
561 1587 718 1655 ἔξω.»
752 1589 781 1641 ὀ
817 1586 1009 1653 εἰπὼν,
1044 1605 1063 1639 ι
1087 1586 1382 1659 Γενηθήτω
1436 1585 1574 1656 φῶς,
1611 1584 1903 1659 Γενηθήτω

310 1680 625 1752 στερέωμα.
646 1700 664 1733 ι
701 1679 845 1751 Ἐγώ
877 1697 960 1733 σοι
981 1678 1463 1751 παρακελεύομαι,
1497 1698 1515 1731 ι
1538 1679 1711 1749 Δεῦρο
1736 1677 1858 1744 ἔξω.
1876 1698 1895 1730 ι

312 1773 434 1826 Ἵνα
464 1773 584 1846 ἴδῃς
603 1789 669 1844 με
689 1773 794 1827 ὑπὸ
814 1772 1062 1843 μαθητοῦ
1085 1771 1497 1844 προδιδόμενοι),
1518 1772 1606 1825 καὶ
1622 1771 1903 1835 Ἰουδαίοις

1989 664 2143 715 carc,
2194 649 2446 704 animare
2484 665 2498 702 :
2531 662 2598 702 ac
2671 645 2933 718 gradiens
2978 644 3068 700 exi
3130 643 3359 701 feretro.
3433 644 3582 703 Doce

1991 740 2273 814 quomodo
2305 739 2627 812 figmentum
2655 745 2826 793 totum
2846 736 2904 791 in
2924 737 3039 792 ictu
3068 736 3214 791 oculi
3245 736 3585 793 sitaniman-

1992 835 2145 901 dum,
2176 848 2530 891 communem
2578 838 2921 887 mortuorum
2956 830 3422 887 resurrectionem
3448 846 3585 886 con-

1995 926 2215 984 ﬁciente
2235 941 2387 1003 voce
2435 926 2602 982 tubae.
2656 942 2677 977 ι
2719 921 2854 979 Veni
2887 924 3058 977 foras.
3087 942 3106 975 ι
3146 922 3244 978 Est
3270 920 3502 994 spiritus
3528 923 3585 978 in

1997 1018 2260 1084 naribus;
2302 1032 2456 1074 vente
2503 1013 2675 1088 plenae
2704 1023 2834 1073 sunt
2865 1013 3167 1086 sanguine;
3206 1022 3334 1070 vox‘
3358 1013 3417 1069 in
3457 1021 3584 1086 gut-

1998 1119 2147 1175 ture,
2180 1108 2237 1165 in
2260 1108 2493 1165 auribus
2518 1121 2725 1172 sermo,
2752 1107 2806 1162 in
2841 1106 3022 1163 oculis
3047 1106 3216 1175 visio,
3246 1105 3492 1163 olfactus
3528 1106 3584 1161 in

1999 1200 2439 1272 conceptaculis,
2497 1214 2726 1272 gressus
2786 1197 3093 1255 secundum
3149 1207 3405 1254 naturam
3449 1215 3465 1254 :
3504 1205 3588 1252 to-

2001 1300 2230 1364 tumque
2276 1293 2700 1349 tabernaculum
2752 1291 3065 1347 vivificante
3116 1291 3324 1359 anima,
3378 1291 3433 1346 in
3486 1306 3588 1347 sua

2002 1400 2208 1457 organa
2272 1384 2572 1440 formatum
2635 1390 2741 1442 est.
2797 1403 2817 1437 ι
2856 1382 2993 1440 Vetti
3057 1382 3231 1440 foras.
3281 1403 3301 1437 ι
3370 1382 3593 1455 Depone

1992 1477 2227 1549 fascias,
2258 1486 2314 1534 et
2348 1478 2581 1534 decanta
2614 1478 2926 1533 miracula:
2961 1478 3178 1548 depone
3229 1476 3595 1532 maleolentiae

2004 1569 2423 1636 iusuavitatem,
2454 1578 2508 1627 et
2539 1571 2707 1626 adora
2732 1570 3031 1642 potestatis
3050 1568 3458 1626 auctoritatem.
3482 1566 3597 1639 Ego

2006 1661 2103 1715 tibi
2133 1661 2415 1733 praccipio,
2444 1681 2463 1715 ι
2504 1661 2639 1718 Veni
2675 1662 2846 1726 foras,
2890 1679 2908 1714 ι
2937 1663 3032 1733 qui
3067 1660 3181 1717 dixi
3209 1681 3222 1717 :
3255 1678 3275 1713 ι
3315 1657 3551 1715 Fiatlux
3580 1677 3595 1725 ;

2006 1751 2129 1807 Fiat
2171 1754 2600 1809 ﬁrmamentum.
2638 1772 2658 1806 ι
2700 1755 2807 1826 Ego
2834 1754 3138 1824 tibijubeo,
3174 1773 3192 1807 ι
3216 1750 3546 1807 Veniforas.
3574 1768 3593 1803 ι

310 1835 828 1936 ἀπεμπόλούμενον,
875 1835 1143 1919 Πιλάτουἦ
1165 1835 1491 1937 κρινόμενον
1535 1864 1763 1936 βήματι,
1810 1865 1906 1918 καὶ

2033 1845 2081 1901 it
2119 1862 2205 1902 mc
2229 1863 2259 1902 a
2293 1845 2568 1918 discipulo
2598 1847 2804 1903 videris
2832 1848 3119 1912 traditum,
3148 1855 3203 1902 et
3229 1843 3437 1902 Iudaeis
3464 1858 3599 1899 ven-

313 1959 454 2029 πρδς
485 1959 547 2013 τὸ
569 1958 741 2023 πάθος
784 1958 1028 2013 ἐθελοντὶ
1067 1958 1444 2029 ἀπαγόμενον.
1468 1956 1591 2012 Ἵνα
1610 1955 1728 2029 ἴδῃς
1774 1957 1909 2011 Ἰου-

2033 1938 2227 1994 litum:
2267 1948 2323 1995 ut
2351 1954 2452 2011 pro
2479 1940 2743 1996 tribunali
2776 1939 2941 1995 Pilali
2986 1939 3324 2011 judicatum,
3375 1944 3603 2008 sponte-

312 2027 482 2104 δαίων
513 2049 851 2122 θρασύτητα,
874 2050 1058 2121 κάμοῦ
1078 2050 1176 2121 τὴν
1196 2027 1502 2122 πραότητα.
1531 2027 1730 2119 «Δεῦρο
1745 2046 1870 2112 ἔξω.
1886 2068 1905 2102 ι

2033 2047 2121 2103 [ue
2150 2032 2219 2088 ad
2258 2031 2576 2104 passionem
2600 2032 2923 2089 abductum.
2945 2028 3019 2086 Ut
3050 2029 3260 2087 videris
3280 2027 3601 2084 Iudaeorum

318 2140 441 2195 Ἵνα
472 2140 588 2215 ἴδῃς
615 2140 751 2213 μετά
769 2141 984 2213 λῃστῶν
1014 2158 1080 2211 με
1101 2140 1529 2212 σταυρούμενον,
1557 2137 1677 2204 ὅξος
1698 2138 1794 2193 καὶ
1822 2156 1913 2210 χο-

316 2232 418 2305 λὴν
436 2233 813 2303 ποτιζόμενον,
842 2235 937 2290 καὶ
958 2233 1133 2306 λόγχῃ
1147 2234 1249 2304 τὴν
1275 2233 1522 2305 πλευρὰν
1546 2233 1910 2302 τυπτόμενονο

319 2327 413 2383 ἶνα
441 2327 559 2399 ῐδῃς
582 2330 640 2383 ὲν
667 2328 857 2402 ἡμέρᾳ
890 2328 1033 2402 μέσῃ
1056 2327 1117 2380 τὸ
1154 2326 1272 2396 φῶς
1329 2326 1789 2398 τυραννούμενον,
1822 2325 1915 2379 καὶ

320 2417 497 2475 νύκτα
547 2418 640 2473 τὸν
674 2420 830 2491 ἥλιον
879 2419 1309 2485 συσκιάζουσαν,
1348 2418 1643 2482 Ἰουδαίους
1669 2418 1917 2489 βλασφη-

325 2510 588 2582 μοῦντας,
616 2513 710 2567 καὶ
761 2513 967 2586 λῃστὴν
995 2512 1375 2582 θεολογοῦντα.
1419 2530 1438 2563 ι
1464 2511 1708 2582 Λάζαρε,
1756 2510 1918 2582 δεῦρο

323 2596 484 2662 ἔξω.)
512 2598 621 2653 Καὶ
647 2599 851 2664 εὐθέως
874 2600 1097 2670 ἐξῆλθεν
1124 2601 1151 2654 ό
1173 2599 1474 2673 τεθνηκὼς,
1499 2601 1790 2670 δεδεμένος
1819 2602 1920 2664 τὰς

322 2693 516 2762 χεῖρας
568 2693 663 2746 καὶ
720 2694 848 2759 τοὺς
896 2694 1064 2760 πόδας
1103 2695 1379 2766 κειρίαις,
1412 2694 1509 2749 καὶ
1543 2694 1726 2766 quam;
1753 2692 1920 2748 αὑτοῦ

331 2783 602 2856 σουδαρίῳ
648 2784 1011 2858 περιεδέδετο.
1071 2805 1091 2838 ι
1135 2786 1237 2841 Διὰ
1261 2786 1323 2841 τὸ
1362 2785 1593 2843 ἄπιστον
1633 2785 1742 2841 τῶν
1791 2787 1924 2841 Ἰου-

329 2879 515 2936 δαίων.
547 2882 610 2935 El
633 2881 745 2953 γὰρ
777 2881 850 2954 μὴ
883 2882 1199 2951 περιέκειτο
1213 2882 1283 2936 τὰ
1308 2882 1579 2951 ὲπιτάφια
1603 2881 1920 2952 σπάργανα,

332 2972 480 3051 είκὺς
498 2968 568 3045 ἦν
591 2974 835 3037 ἐκείνους
859 2976 1065 3036 εἰπεῖν·
1100 2974 1176 3048 Οὑ
1207 2972 1487 3038 τεθνήκει,
1540 2973 1657 3028 ἀλλ’
1693 2974 1753 3028 ἐν
1786 2974 1925 3043 σχή-

312 3084 471 3138 ματι
523 3066 725 3138 νεκροῦ
775 3066 939 3138 δῆθεν
1002 3063 1303 3136 ὑπεισῆλθε
1359 3065 1439 3135 τῷ
1497 3066 1767 3138 μνήματι.
1822 3065 1924 3120 Διὰ

2012 2123 2275 2182 etfrenem
2337 2123 2630 2180 audaciam
2667 2165 2683 2193 ,
2735 2135 2790 2181 et
2856 2139 3033 2180 meam
3094 2120 3597 2178 mansuetudinem.

1987 2222 2040 2270 ἰ
2078 2216 2219 2273 Veni
2248 2216 2416 2276 foras.
2461 2238 2481 2272 ι
2516 2216 2587 2273 Ut
2626 2216 2838 2274 videris
2862 2232 2991 2274 cum
3017 2215 3330 2272 latronibus
3380 2211 3602 2267 aiiixum

2016 2310 2170 2366 cruci
2207 2328 2223 2366 :
2257 2308 2384 2366 felle
2413 2320 2471 2366 et
2499 2320 2657 2367 aceto
2691 2317 2961 2381 putatum,
2987 2324 3052 2364 ac
3083 2309 3276 2363 lancea
3308 2307 3454 2362 latus
3479 2318 3605 2379 per-

2019 2416 2247 2457 cussum
2285 2419 2299 2457 :
2331 2410 2393 2457 ut
2438 2400 2616 2457 lucem
2653 2401 2860 2455 videris
2908 2398 3018 2454 vim
3072 2395 3305 2452 meridie
3358 2408 3606 2466 passam,

2021 2495 2421 2566 nocturnisque
2476 2494 2651 2551 solem
2721 2491 2960 2550 otiosum
3032 2488 3322 2553 tenebris,
3387 2486 3610 2543 Judazos

2020 2588 2494 2659 blasphemantes,
2527 2596 2581 2644 et
2619 2588 2897 2643 latronem
2941 2585 3341 2642 edisserentem
3399 2581 3608 2636 divina.

2030 2703 2048 2736 ι
2081 2681 2306 2749 Lazare,
2343 2680 2469 2738 veni
2505 2680 2678 2737 foras.
2714 2678 2781 2733 Et
2812 2678 3002 2735 statim
3039 2675 3248 2748 prodiit
3298 2672 3396 2745 qui
3435 2670 3616 2726 fuerat

2025 2780 2300 2841 mortuus,
2337 2773 2539 2845 ligatus
2573 2785 2774 2827 manus
2825 2768 3044 2825 institis
3079 2785 3092 2821 :
3132 2775 3189 2822 et
3237 2764 3412 2820 facies
3463 2761 3616 2816 illius

2026 2865 2256 2922 sudario
2285 2873 2410 2922 erat
2441 2864 2634 2937 ligata.
2670 2881 2691 2917 ι
2724 2862 2807 2918 0b
2841 2859 3225 2918 inﬁdelitatem
3267 2854 3614 2912 Judzeorum.

2023 2957 2142 3016 Nisi
2171 2960 2318 3016 enim
2350 2958 2545 3015 fuisset
2591 2956 2884 3013 obvolutus
2941 2950 3344 3026 sepulcralibus
3395 2945 3617 3021 pannis,

2029 3051 2330 3110 verisimile
2366 3059 2451 3109 est
2490 3051 2747 3108 dicturos
2795 3062 2908 3106 non
2953 3046 3130 3104 fuisse
3179 3052 3485 3106 mortuum,
3520 3039 3621 3096 sed

332 3132 495 3216 τοῦτο
516 3132 802 3234 δεδεμένος
828 3132 1087 3233 κειρίαις,
1109 3132 1206 3214 καί
1231 3132 1510 3227 Metuant
1538 3132 1927 3232 συγκεκαλυμ-

2033 3145 2179 3217 quod
2210 3145 2481 3201 ementita
2508 3142 2713 3198 mortui
2733 3140 2927 3198 habitu
2955 3138 3354 3210 subingressus
3380 3139 3532 3191 esset
3561 3132 3620 3188 in

339 3253 500 3325 μένος
525 3226 815 3325 τὰς’ὑψεις
869 3226 967 3308 σῦν
1027 3255 1141 3317 τοῖς
1163 3253 1347 3319 ποσὶν,
1379 3226 1665 3325 ἐξήλλατο,
1696 3251 1782 3307 ἵνα
1819 3226 1927 3325 μη-

2033 3245 2476 3295 monumentum.
2504 3233 2808 3308 Propterea
2849 3231 3098 3291 exsilivit
3123 3230 3345 3286 vinctus
3386 3226 3621 3288 institis.

334 3344 448 3411 δεὶς
479 3345 735 3418 ἀφορμῆς
759 3345 962 3418 τρόπος
1010 3343 1162 3418 δοθῇ.

418 3522 520 3576 ιὈ
538 3521 596 3577 δὲ
616 3523 829 3595 Ἰησοῦς
869 3518 1026 3579 εἷπεν
1080 3523 1302 3589 αὐτοῖς’
1359 3516 1576 3579 Λύσατε
1628 3522 1792 3577 αὐτὸν
1839 3522 1935 3577 καὶ

264 3620 271 3625 ’
339 3616 509 3684 ἄφετε
545 3615 832 3686 ὑπάγειν.›
868 3616 1013 3688 Πρὸς
1039 3616 1101 3672 τὸ
1127 3619 1204 3688 μὴ
1227 3615 1376 3688 ἔχειν
1406 3634 1460 3671 τι
1494 3616 1621 3679 τοὺς
1677 3615 1936 3687 ἀγνώμο-

340 3725 442 3788 νας
480 3708 693 3779 λέγειν,
754 3710 958 3774 αὐτοὺς
983 3709 1232 3774 ἐκείνους
1274 3709 1437 3763 λῦσαι
1484 3707 1816 3780 προστάττει
1846 3707 1938 3763 τὸν

340 3801 618 3874 Λάζαρον.
651 3802 867 3857 Ὠσανεὶ
889 3803 1088 3873 λέγων’
1115 3803 1322 3875 Χειρσὶν
1343 3801 1576 3865 οἰκείαις
1592 3801 1754 3872 ὑμεῖς
1775 3800 1939 3855 αὑτὸν

312 3893 568 3959 ίλύσατε,
596 3895 685 3949 ἵνα
751 3897 1031 3968 μάρτυρες
1065 3892 1165 3968 ἦτε
1197 3895 1292 3950 τοῦ
1328 3894 1633 3965 θαύματος.
1674 3911 1693 3946 ι
1721 3893 1939 3948 Λύσατε

343 3987 532 4053 αὑτὸν,
558 3988 651 4041 καὶ
678 3990 848 4059 ἄφετε
879 3988 1169 4058 ὑπάγειν.)
1206 3987 1430 4058 Ἐπειδὴ
1465 3988 1559 4042 τοῦ
1617 3986 1938 4058 ἀναστῆναι,

339 4080 409 4135 τό
439 4074 728 4154 δεδεμένον
750 4082 988 4148 ἐξελθεῖν
1013 4082 1114 4136 οὑκ
1132 4082 1376 4135 ἔλαττον.
1409 4081 1529 4145 Ἵνα
1566 4079 1639 4151 μὴ
1669 4078 1943 4149 φαντασία

345 4192 433 4237 τις
452 4174 683 4247 νομισθῇ
719 4176 778 4228 τὸ
810 4172 1157 4244 τελούμενον.
1192 4191 1211 4224 ι
1231 4170 1470 4235 Λύσατε,
1508 4169 1673 4240 φησὶν
1709 4167 1893 4222 αὐτόν.
1917 4185 1936 4220 ι

349 4268 470 4320 Ἵνα
505 4267 600 4322 καὶ
638 4266 759 4337 ὄψει
785 4267 878 4321 καὶ
905 4267 1017 4338 ἀφῇ
1050 4266 1118 4320 δι’
1140 4264 1432 4338 ἀκριϐείας
1454 4263 1699 4332 γνοίητε,
1727 4262 1810 4316 ὅτι
1848 4261 1947 4314 αὑ-

347 4361 442 4425 τὸς
466 4350 557 4433 ἦν.
599 4380 618 4414 ι
637 4362 745 4414 Καὶ
768 4361 935 4430 ἄφετε
977 4359 1232 4428 ὑπάγειν.
1260 4377 1278 4410 ι
1322 4356 1556 4427 Ἴδῳμεν
1580 4357 1629 4408 εί
1660 4353 1944 4425 κατισχύει

349 4451 605 4516 θάνατος,
642 4453 717 4523 μὴ
758 4450 1115 4528 βουληθέντος
1144 4447 1302 4522 ἐμοῦ.
1353 4467 1372 4501 ι
1406 4450 1612 4518 ’Ἄφετε
1645 4445 1901 4516 ὑπάγειν.
1921 4463 1941 4497 ι

2032 3339 2087 3388 οι
2118 3331 2318 3398 fetens,
2367 3328 2620 3401 facieque
2652 3342 2718 3383 ac
2748 3326 2986 3399 pedibus
3025 3322 3191 3381 tectis
3220 3361 3236 3389 ,
3283 3327 3346 3376 ut
3399 3334 3470 3375 ne
3511 3334 3624 3390 qua

2036 3439 2268 3498 prorsus
2303 3424 2535 3480 daretur
2555 3420 2804 3479 occasio.
2866 3475 2872 3481 .

2116 3538 2136 3572 ι
2178 3518 2329 3574 Dixit
2357 3524 2545 3573 autem
2580 3515 2662 3571 eis
2689 3512 2856 3570 Jesus
2884 3529 2899 3567 :
2929 3508 3143 3579 Solvite
3175 3521 3327 3575 eum,
3362 3514 3417 3562 et
3460 3503 3627 3560 sinite

2039 3612 2214 3669 abire.
2256 3630 2276 3666 ι
2317 3608 2391 3666 Ut
2439 3625 2509 3666 ne
2545 3606 2685 3680 quid
2746 3602 2977 3675 maligni
3039 3601 3265 3673 possint
3321 3610 3625 3670 opponere,

2035 3705 2192 3776 jubet
2225 3709 2286 3757 ut
2314 3701 2419 3773 ipsi
2449 3701 2668 3758 solvant
2694 3696 2989 3753 Lazarum.
3014 3692 3185 3761 Quasi
3205 3691 3354 3747 dicat
3378 3707 3393 3745 :
3413 3686 3630 3744 Vestris

2043 3799 2150 3870 ipsi
2216 3797 2474 3852 manibus
2536 3793 2771 3857 solvite,
2835 3797 2896 3845 ut
2927 3788 3049 3845 sitis
3114 3793 3285 3843 testes
3350 3782 3630 3838 miraculi.

2049 3910 2068 3945 ι
2110 3890 2320 3947 Solvite
2346 3904 2495 3956 eum,
2524 3895 2596 3943 et.
2624 3884 2792 3943 sinite
2830 3882 3007 3939 abire.
3047 3899 3065 3933 ι
3098 3876 3333 3946 Quando
3376 3891 3486 3931 non
3524 3874 3633 3945 mi-
3692 3872 3697 3877 ’

2043 3996 2151 4038 nos
2174 3991 2279 4047 est,
2304 3979 2539 4052 ligatum
2569 3971 2997 4046 cxiisse,'quam
3032 3968 3429 4027 resurrexisse.
3469 3962 3539 4021 Ut
3566 3981 3635 4021 ne

2045 4090 2154 4147 qua
2210 4073 2396 4130 illusio
2431 4078 2486 4127 et
2537 4068 2722 4125 inanis
2756 4066 2972 4139 species
3017 4061 3436 4120 existimaretur
3484 4056 3635 4128 quod

2047 4166 2151 4223 fuit
2197 4164 2437 4228 factum,
2480 4180 2499 4216 ι
2539 4161 2703 4225 Eum,
2739 4159 2946 4230 inquit,
2981 4155 3200 4214 solvite.
3233 4171 3252 4206 ι
3311 4151 3383 4208 Ut
3421 4159 3476 4204 et
3510 4149 3635 4205 visu

2046 4267 2102 4316 et
2143 4265 2318 4319 tactu,
2373 4262 2532 4311 certo
2587 4266 2712 4310 eum
2761 4250 2938 4306 fuisse
2972 4244 3266 4303 noveritis.
3304 4262 3323 4295 ι
3366 4243 3431 4296 Ει
3465 4240 3636 4297 sinite

2048 4349 2224 4405 abire.
2240 4345 2590 4410 iVideamus,
2609 4358 2740 4399 num
2761 4341 3066 4414 quidquam
3080 4350 3229 4392 mors
3244 4333 3536 4406 praevaleat
3550 4348 3638 4388 me

2051 4440 2293 4496 nolente.
2328 4455 2347 4489 ι
2386 4435 2565 4490 Sinite
2613 4434 2789 4489 abire.
2827 4450 2846 4483 ι
2887 4429 3003 4484 Non
3049 4426 3198 4483 enim
3245 4424 3342 4496 qui
3388 4439 3500 4479 non
3561 4424 3637 4477 ita

351 4543 429 4599 Οὐ
460 4545 571 4616 γὰρ
594 4519 770 4599 δέττὰξ
816 4519 1411 4616 χειραγωγοῦ-νεαρὰν
1466 4542 1592 4612 ἄρτι
1638 4539 1738 4612 τὴν
1795 4539 1927 4610 ζωὴγ

2052 4533 2261 4604 pridem
2293 4535 2597 4598 corruptus
2627 4533 2773 4589 erat,
2823 4523 2990 4579 habet
3019 4535 3158 4592 opus
3199 4519 3364 4582 duce,
3410 4524 3638 4586 accepta

352 4635 591 4707 εἰληχὼς
616 4677 631 4702 ,
657 4638 754 4691 καὶ
807 4637 1047 4707 βαδίζειν
1074 4636 1212 4713 ὀρθὰ
1244 4633 1536 4705 διδαχθεὶς,
1566 4634 1594 4687 ὁ
1630 4632 1737 4705 πρὸ
1761 4631 1945 4701 ὀλίγου

355 4728 609 4802 φθαρείς.
640 4730 888 4785 «Λύσατε
910 4729 1104 4793 αὑτὸν,
1133 4729 1230 4783 καὶ
1258 4728 1428 4797 ἄφετε
1458 4726 1714 4796 ὑπάγειν.
1738 4745 1757 4779 ι
1793 4727 1952 4794 Δεῖγ-

360 4840 459 4895 μα,
490 4823 677 4893 φησὶν,
704 4823 949 4893 γενέσθω
975 4823 1078 4894 τῆς
1102 4820 1295 4891 κοινῆς
1326 4819 1704 4884 ἀναστάσεως,
1729 4818 1821 4872 ὅτε
1849 4817 1952 4887 τῆς

358 4917 570 4988 φθορᾶς
590 4919 671 4981 είς
701 4917 1017 4990 ἀφθαρσίαν
1095 4914 1408 4988 χωρούσης,
1461 4913 1707 4990 ἅπαντες
1742 4914 1807 4966 ἐκ
1848 4912 1954 4983 γῆς

357 5010 616 5084 χώματος
642 5011 1062 5081 ἀναστήσονται.
1678 4985 1693 4999 ’

440 5122 459 5154 ι
480 5098 797 5157 Πολλοὶοῦν
847 5102 1095 5166 ἐλθόντες
1127 5101 1266 5172 πρὸς
1290 5099 1391 5171 τὴν
1422 5097 1665 5170 Μαρίαν,
1697 5097 1792 5153 καὶ
1825 5095 1955 5150 θεα-

362 5193 937 5264 σάμενοιᾶὲποίησεν
975 5189 1261 5264 ὁΊησοῦς,
1324 5189 1660 5243 ἐπίστευσαν
1712 5190 1796 5252 είς
1850 5189 1955 5241 αὑ-

361 5289 477 5343 τόν.
508 5307 528 5340 ι
555 5288 668 5342 Καὶ
717 5288 988 5357 μακάριος
1013 5330 1026 5351 ,
1050 5284 1110 5348 ὂς
1135 5284 1235 5355 τὴν
1291 5282 1464 5354 καλὴν
1518 5280 1727 5351 ταύτην
1780 5282 1957 5350 ἐμπο-

368 5382 514 5453 ρίαν,
577 5379 675 5451 τὴν
725 5378 909 5431 πίστιν
958 5375 1494 5448 ἐπραγματεύσατο⁹
1543 5372 1603 5438 ὃς
1655 5371 1730 5444 μὴ
1763 5371 1960 5441 ἐξῆλθε

365 5476 467 5546 τῆς
520 5459 795 5544 Βηθανίας
843 5471 1030 5537 κενὸς,
1061 5468 1528 5541 ἀπραγμάτευτος
1555 5483 1568 5498 ·
1598 5465 1745 5535 λέγω
1775 5464 1839 5534 δὴ
1859 5464 1961 5535 τῆς

367 5564 629 5637 νηστείας
653 5580 668 5596 ο
696 5562 756 5626 ὃς
786 5562 856 5616 τὰ
888 5562 1122 5634 λαμπρά
1145 5562 1242 5616 καὶ
1264 5560 1424 5631 τίμια
1444 5557 1651 5627 ταύτης
1667 5554 1735 5611 δι’
1760 5557 1964 5625 ἐγκρα-

370 5660 523 5725 τείας
556 5659 653 5713 καὶ
675 5657 913 5726 ἀτυφίας
959 5656 1233 5726 ἐκτήσατο
1253 5672 1265 5685 ·
1297 5654 1356 5717 ὃς
1390 5652 1467 5723 τῷ
1489 5647 1713 5721 Χριστῷ
1748 5646 1966 5700 πιστεύσ

372 5766 475 5816 σας
518 5748 731 5815 καλῶς,
784 5751 912 5813 τοὺς
957 5747 1161 5811 καλοὺς
1219 5744 1569 5817 μαργαρίτας
1623 5739 1733 5794 τῶν
1796 5734 1964 5791 αὐτοῦ

377 5843 727 5913 διδαγμάτων
754 5842 1030 5913 ὠνήσατο,
1064 5839 1253 5894 πίστιν
1309 5833 1559 5899 δεδωκὼς
1582 5877 1595 5902 ,
1626 5833 1724 5888 καὶ
1780 5826 1968 5929 λαϐὼν

2051 4624 2216 4682 modo
2244 4623 2360 4678 vita
2389 4621 2613 4692 juvene,
2641 4626 2696 4674 et
2733 4618 2933 4673 doctus
2960 4623 3110 4670 recte
3142 4609 3419 4666 incedere.
3454 4628 3473 4660 ι
3513 4610 3641 4663 Sol-

2049 4718 2162 4773 vite
2205 4729 2356 4779 eum,
2405 4718 2461 4766 et
2508 4709 2677 4766 sinite
2725 4706 2898 4761 abire.
2940 4723 2958 4756 ι
2998 4702 3383 4762 Communem,
3439 4696 3643 4766 inquit,

2051 4805 2521 4863 resurrectionem
2553 4784 2805 4867 exemplo
2861 4796 3143 4859 exhibeat,
3181 4788 3410 4864 quando
3455 4796 3645 4844 trans-

2054 4905 2221 4958 eunte
2287 4894 2655 4964 corruptione
2690 4892 2746 4946 in
2780 4875 3217 4959 corruptionem,
3241 4898 3435 4940 omnes
3456 4895 3646 4936 resur-

2054 4997 2186 5064 gent
2210 4988 2280 5044 de
2315 4995 2480 5041 terrae
2507 4983 2755 5055 pulvere.

2135 5102 2155 5135 ι
2192 5079 2355 5137 Multi
2379 5092 2514 5148 ergo
2540 5092 2605 5131 ex
2638 5071 2847 5130 Iudaeis
2878 5069 2975 5142 qui
3005 5071 3271 5123 venerant
3295 5062 3362 5119 ad
3397 5060 3647 5123 Mariam,

2058 5186 2114 5232 et
2138 5174 2392 5230 viderant
2416 5185 2538 5241 quae
2565 5167 2694 5224 fecit
2721 5163 2882 5220 Jesus
2904 5203 2918 5225 ,
2951 5159 3312 5216 crediderunt
3343 5156 3397 5210 in
3429 5168 3577 5209 eum.
3624 5171 3644 5203 ι

2062 5269 2233 5324 Porro
2266 5266 2461 5322 beatus
2484 5261 2578 5332 qui
2610 5261 2786 5314 bonas
2811 5257 2912 5311 has
2929 5266 3167 5317 merces,
3189 5250 3373 5313 tidem,
3400 5247 3650 5316 inquam,

2063 5363 2351 5414 mercatus
2378 5362 2486 5409 est.
2528 5351 2633 5418 Qui
2659 5364 2770 5404 non
2800 5360 3039 5407 vacuus,
3102 5340 3359 5411 nihilque
3404 5334 3652 5406 negotia-

2065 5459 2156 5506 tus
2186 5446 2478 5512 Bethania,
2513 5442 2642 5498 dico
2691 5446 2873 5495 autem
2916 5434 3130 5508 jejunio
3162 5430 3357 5488 exivit.
3399 5426 3505 5494 Qui
3545 5425 3654 5481 sibi

2066 5559 2166 5611 per
2211 5537 2616 5597 continentiam
2671 5520 2744 5589 et.
2775 5529 3103 5586 modestiam
3157 5518 3658 5611 comparavitqutc

2063 5608 2263 5706 jejunii
2288 5626 2582 5701 splendida
2615 5630 2749 5681 sunt
2775 5629 2832 5676 et
2857 5619 3120 5691 pretiosa.
3143 5612 3247 5679 Qui
3265 5609 3492 5706 Christo
3517 5608 3657 5706 bene

2068 5699 2334 5791 credens,
2359 5724 2534 5777 bonas
2554 5715 2827 5772 doctrinae
2859 5711 3040 5783 ipsius
3068 5703 3399 5776 margaritas
3428 5699 3655 5762 coemit,

2080 5824 2211 5882 data
2242 5819 2346 5877 fide
2384 5825 2439 5875 et
2481 5794 2760 5888 agnitione
2790 5817 3040 5878 accepta.
3083 5801 3288 5858 Beatus
3324 5798 3417 5872 qui
3450 5794 3661 5867 nuptiis
