  <div class='ocr_page' id='page_1' title='image "/cluster/home/n/w/nwhite01/storage/ocr_20150623/97/coo.31924054870013/522.png"; bbox 0 0 3966 6498; ppageno 0'>
   <div class='ocr_carea' id='block_1_1' title="bbox 291 408 418 474">
    <p class='ocr_par' dir='ltr' id='par_1_1' title="bbox 291 408 418 474">
     <span class='ocr_line' id='line_1_1' title="bbox 291 408 418 474; baseline 0.016 -2"><span class='ocrx_word' id='word_1_1' title='bbox 291 408 418 474; x_wconf 63' lang='lat'><strong>99.5</strong></span> 
     </span>
    </p>
   </div>
   <div class='ocr_carea' id='block_1_2' title="bbox 1507 409 2392 477">
    <p class='ocr_par' dir='ltr' id='par_1_2' title="bbox 1507 409 2392 477">
     <span class='ocr_line' id='line_1_2' title="bbox 1507 409 2392 477; baseline 0 -7"><span class='ocrx_word' id='word_1_2' title='bbox 1507 409 1593 470; x_wconf 94' lang='lat' dir='ltr'><strong>IN</strong></span> <span class='ocrx_word' id='word_1_3' title='bbox 1630 409 1890 472; x_wconf 79' lang='lat' dir='ltr'><strong>RAMOS</strong></span> <span class='ocrx_word' id='word_1_4' title='bbox 1938 409 2372 477; x_wconf 79' lang='lat' dir='ltr'><strong>PALMARUM</strong></span> <span class='ocrx_word' id='word_1_5' title='bbox 2381 456 2392 470; x_wconf 93' lang='lat'><strong>.</strong></span> 
     </span>
    </p>
   </div>
   <div class='ocr_carea' id='block_1_3' title="bbox 3487 409 3593 478">
    <p class='ocr_par' dir='ltr' id='par_1_3' title="bbox 3487 409 3593 478">
     <span class='ocr_line' id='line_1_3' title="bbox 3487 409 3593 478; baseline -0.038 -1"><span class='ocrx_word' id='word_1_6' title='bbox 3487 409 3593 478; x_wconf 86' lang='lat'><strong>986</strong></span> 
     </span>
    </p>
   </div>
   <div class='ocr_carea' id='block_1_4' title="bbox 280 511 1890 589">
    <p class='ocr_par' dir='ltr' id='par_1_4' title="bbox 280 514 1890 589">
     <span class='ocr_line' id='line_1_4' title="bbox 280 514 1890 589; baseline -0.001 -18"><span class='ocrx_word' id='word_1_7' title='bbox 280 517 394 589; x_wconf 77' lang='grc' dir='ltr'>δίᾳ</span> <span class='ocrx_word' id='word_1_8' title='bbox 443 531 559 570; x_wconf 74' lang='grc' dir='ltr'>σου.</span> <span class='ocrx_word' id='word_1_9' title='bbox 592 514 743 570; x_wconf 79' lang='grc' dir='ltr'>Ἐκεῖ</span> <span class='ocrx_word' id='word_1_10' title='bbox 779 516 808 570; x_wconf 81' lang='grc' dir='ltr'><strong>ὁ</strong></span> <span class='ocrx_word' id='word_1_11' title='bbox 842 516 1078 588; x_wconf 73' lang='grc' dir='ltr'>Χριστός</span> <span class='ocrx_word' id='word_1_12' title='bbox 1114 517 1286 570; x_wconf 78' lang='grc' dir='ltr'>ἐστιν.</span> <span class='ocrx_word' id='word_1_13' title='bbox 1326 515 1476 568; x_wconf 85' lang='grc' dir='ltr'>Ἐκεῖ</span> <span class='ocrx_word' id='word_1_14' title='bbox 1514 514 1682 569; x_wconf 86' lang='grc' dir='ltr'>αὐτοῦ</span> <span class='ocrx_word' id='word_1_15' title='bbox 1729 532 1890 570; x_wconf 86' lang='grc' dir='ltr'>κατα-</span> 
     </span>
    </p>
   </div>
   <div class='ocr_carea' id='block_1_5' title="bbox 1998 511 3592 589">
    <p class='ocr_par' dir='ltr' id='par_1_5' title="bbox 2001 511 3592 588">
     <span class='ocr_line' id='line_1_5' title="bbox 2001 511 3592 588; baseline 0.003 -18"><span class='ocrx_word' id='word_1_16' title='bbox 2001 514 2190 570; x_wconf 91' lang='lat' dir='ltr'><strong>corde.</strong></span> <span class='ocrx_word' id='word_1_17' title='bbox 2227 513 2326 568; x_wconf 90' lang='lat' dir='ltr'><strong>Est</strong></span> <span class='ocrx_word' id='word_1_18' title='bbox 2383 512 2497 568; x_wconf 92' lang='lat' dir='ltr'><strong>illic</strong></span> <span class='ocrx_word' id='word_1_19' title='bbox 2557 511 2840 570; x_wconf 76' lang='lat' dir='ltr'><strong>Christus.</strong></span> <span class='ocrx_word' id='word_1_20' title='bbox 2876 512 2960 570; x_wconf 87' lang='lat' dir='ltr'><strong>Tu</strong></span> <span class='ocrx_word' id='word_1_21' title='bbox 2993 515 3124 572; x_wconf 64' lang='lat' dir='ltr'><strong>«illic</strong></span> <span class='ocrx_word' id='word_1_22' title='bbox 3165 516 3217 574; x_wconf 90' lang='lat' dir='ltr'><strong>ei</strong></span> <span class='ocrx_word' id='word_1_23' title='bbox 3245 530 3592 588; x_wconf 86' lang='lat' dir='ltr'><strong>unguentum</strong></span> 
     </span>
    </p>
   </div>
   <div class='ocr_carea' id='block_1_6' title="bbox 282 607 1896 680">
    <p class='ocr_par' dir='ltr' id='par_1_6' title="bbox 282 607 1896 680">
     <span class='ocr_line' id='line_1_6' title="bbox 282 607 1896 680; baseline 0 -18"><span class='ocrx_word' id='word_1_24' title='bbox 282 610 542 664; x_wconf 77' lang='grc' dir='ltr'>κένωσον</span> <span class='ocrx_word' id='word_1_25' title='bbox 582 607 644 662; x_wconf 81' lang='grc' dir='ltr'><strong>τὸ</strong></span> <span class='ocrx_word' id='word_1_26' title='bbox 693 607 887 680; x_wconf 87' lang='grc' dir='ltr'>μῦρον.</span> <span class='ocrx_word' id='word_1_27' title='bbox 923 610 1072 662; x_wconf 78' lang='grc' dir='ltr'><strong>Ἐκεῖ</strong></span> <span class='ocrx_word' id='word_1_28' title='bbox 1117 608 1186 663; x_wconf 80' lang='grc' dir='ltr'>τὰ</span> <span class='ocrx_word' id='word_1_29' title='bbox 1227 608 1461 679; x_wconf 85' lang='grc' dir='ltr'>δάκρυα.</span> <span class='ocrx_word' id='word_1_30' title='bbox 1494 607 1633 660; x_wconf 80' lang='grc' dir='ltr'>Ἀλλ’</span> <span class='ocrx_word' id='word_1_31' title='bbox 1659 608 1758 661; x_wconf 83' lang='grc' dir='ltr'>οὐκ</span> <span class='ocrx_word' id='word_1_32' title='bbox 1785 607 1896 678; x_wconf 73' lang='grc' dir='ltr'><strong>ἔχω</strong></span> 
     </span>
    </p>
   </div>
   <div class='ocr_carea' id='block_1_7' title="bbox 287 700 1890 774">
    <p class='ocr_par' dir='ltr' id='par_1_7' title="bbox 287 700 1890 774">
     <span class='ocr_line' id='line_1_7' title="bbox 287 700 1890 774; baseline -0.002 -20"><span class='ocrx_word' id='word_1_33' title='bbox 287 701 500 772; x_wconf 79' lang='grc' dir='ltr'>μῦρον,</span> <span class='ocrx_word' id='word_1_34' title='bbox 533 701 722 770; x_wconf 75' lang='grc' dir='ltr'>φησὶν,</span> <span class='ocrx_word' id='word_1_35' title='bbox 765 701 867 755; x_wconf 81' lang='grc' dir='ltr'>οὐκ</span> <span class='ocrx_word' id='word_1_36' title='bbox 923 701 1287 774; x_wconf 82' lang='grc' dir='ltr'>ἀλάϐαστρον.</span> <span class='ocrx_word' id='word_1_37' title='bbox 1333 702 1448 754; x_wconf 85' lang='grc' dir='ltr'><strong>Οὐκ</strong></span> <span class='ocrx_word' id='word_1_38' title='bbox 1494 701 1641 770; x_wconf 78' lang='grc' dir='ltr'>ἔχεις</span> <span class='ocrx_word' id='word_1_39' title='bbox 1683 700 1890 771; x_wconf 84' lang='grc' dir='ltr'>μῦρον;</span> 
     </span>
    </p>
   </div>
   <div class='ocr_carea' id='block_1_8' title="bbox 280 790 1895 864">
    <p class='ocr_par' dir='ltr' id='par_1_8' title="bbox 280 790 1895 864">
     <span class='ocr_line' id='line_1_8' title="bbox 280 790 1895 864; baseline -0.001 -18"><span class='ocrx_word' id='word_1_40' title='bbox 280 793 412 846; x_wconf 78' lang='grc' dir='ltr'><strong>Ναὶ</strong></span> <span class='ocrx_word' id='word_1_41' title='bbox 451 791 596 862; x_wconf 73' lang='grc' dir='ltr'>ἔχεις</span> <span class='ocrx_word' id='word_1_42' title='bbox 631 790 827 864; x_wconf 87' lang='grc' dir='ltr'>μῦρον,</span> <span class='ocrx_word' id='word_1_43' title='bbox 873 793 974 864; x_wconf 85' lang='grc' dir='ltr'>τὴν</span> <span class='ocrx_word' id='word_1_44' title='bbox 1005 794 1192 863; x_wconf 82' lang='grc' dir='ltr'>χάριν,</span> <span class='ocrx_word' id='word_1_45' title='bbox 1220 791 1565 862; x_wconf 75' lang='grc' dir='ltr'>ἀλάϐαστρον</span> <span class='ocrx_word' id='word_1_46' title='bbox 1602 792 1702 862; x_wconf 79' lang='grc' dir='ltr'>τὴν</span> <span class='ocrx_word' id='word_1_47' title='bbox 1755 806 1895 861; x_wconf 87' lang='grc' dir='ltr'>καρ-</span> 
     </span>
    </p>
   </div>
   <div class='ocr_carea' id='block_1_9' title="bbox 287 882 1896 957">
    <p class='ocr_par' dir='ltr' id='par_1_9' title="bbox 287 882 1896 957">
     <span class='ocr_line' id='line_1_9' title="bbox 287 882 1896 957; baseline -0.001 -21"><span class='ocrx_word' id='word_1_48' title='bbox 287 882 442 948; x_wconf 79' lang='grc' dir='ltr'>δίαν,</span> <span class='ocrx_word' id='word_1_49' title='bbox 467 883 680 957; x_wconf 82' lang='grc' dir='ltr'>δάκρυα</span> <span class='ocrx_word' id='word_1_50' title='bbox 703 884 803 952; x_wconf 86' lang='grc' dir='ltr'><strong>τὴν</strong></span> <span class='ocrx_word' id='word_1_51' title='bbox 833 883 1242 956; x_wconf 72' lang='grc' dir='ltr'><strong>ἐξομολόγησιν,</strong></span> <span class='ocrx_word' id='word_1_52' title='bbox 1285 883 1480 955; x_wconf 78' lang='grc' dir='ltr'>τρίχας</span> <span class='ocrx_word' id='word_1_53' title='bbox 1505 883 1632 947; x_wconf 77' lang='grc' dir='ltr'>τοὺς</span> <span class='ocrx_word' id='word_1_54' title='bbox 1663 883 1896 944; x_wconf 80' lang='grc' dir='ltr'><strong>λεπτοὺς</strong></span> 
     </span>
    </p>
   </div>
   <div class='ocr_carea' id='block_1_10' title="bbox 292 973 1892 1049">
    <p class='ocr_par' dir='ltr' id='par_1_10' title="bbox 292 973 1892 1049">
     <span class='ocr_line' id='line_1_10' title="bbox 292 973 1892 1049; baseline 0 -21"><span class='ocrx_word' id='word_1_55' title='bbox 292 974 666 1047; x_wconf 81' lang='grc' dir='ltr'>στεναγμούς.</span> <span class='ocrx_word' id='word_1_56' title='bbox 697 973 884 1029; x_wconf 77' lang='grc' dir='ltr'>Ταῦτα</span> <span class='ocrx_word' id='word_1_57' title='bbox 925 975 1285 1049; x_wconf 79' lang='grc' dir='ltr'>προσένεγκε,</span> <span class='ocrx_word' id='word_1_58' title='bbox 1318 975 1493 1029; x_wconf 84' lang='grc' dir='ltr'>ταῦτα</span> <span class='ocrx_word' id='word_1_59' title='bbox 1530 975 1892 1046; x_wconf 80' lang='grc' dir='ltr'>καθιέρωσον,</span> 
     </span>
    </p>
   </div>
   <div class='ocr_carea' id='block_1_11' title="bbox 290 1066 1890 1143">
    <p class='ocr_par' dir='ltr' id='par_1_11' title="bbox 290 1066 1890 1143">
     <span class='ocr_line' id='line_1_11' title="bbox 290 1066 1890 1143; baseline -0.002 -21"><span class='ocrx_word' id='word_1_60' title='bbox 290 1069 602 1143; x_wconf 32' lang='lat' dir='ltr'><strong>malum</strong></span> <span class='ocrx_word' id='word_1_61' title='bbox 645 1067 745 1139; x_wconf 84' lang='grc' dir='ltr'>τὴν</span> <span class='ocrx_word' id='word_1_62' title='bbox 786 1067 1003 1143; x_wconf 69' lang='grc' dir='ltr'>ἄφεσιν,</span> <span class='ocrx_word' id='word_1_63' title='bbox 1058 1066 1341 1137; x_wconf 70' lang='grc' dir='ltr'>Πανταχώ</span> <span class='ocrx_word' id='word_1_64' title='bbox 1388 1067 1536 1119; x_wconf 82' lang='grc' dir='ltr'>ἐστιν</span> <span class='ocrx_word' id='word_1_65' title='bbox 1571 1069 1600 1120; x_wconf 84' lang='grc' dir='ltr'><strong>ό</strong></span> <span class='ocrx_word' id='word_1_66' title='bbox 1635 1066 1890 1137; x_wconf 79' lang='grc' dir='ltr'>Χριστός.</span> 
     </span>
    </p>
   </div>
   <div class='ocr_carea' id='block_1_12' title="bbox 287 1141 1894 1232">
    <p class='ocr_par' dir='ltr' id='par_1_12' title="bbox 287 1141 1894 1232">
     <span class='ocr_line' id='line_1_12' title="bbox 287 1141 1894 1232; baseline -0.002 -18"><span class='ocrx_word' id='word_1_67' title='bbox 287 1141 588 1232; x_wconf 48' lang='grc' dir='ltr'>Παῖταχοῦ</span> <span class='ocrx_word' id='word_1_68' title='bbox 625 1159 964 1230; x_wconf 88' lang='grc' dir='ltr'>καλούμενος</span> <span class='ocrx_word' id='word_1_69' title='bbox 1019 1160 1276 1226; x_wconf 83' lang='grc' dir='ltr'>πάρεστι.</span> <span class='ocrx_word' id='word_1_70' title='bbox 1310 1159 1484 1212; x_wconf 80' lang='grc' dir='ltr'>Μόνον</span> <span class='ocrx_word' id='word_1_71' title='bbox 1539 1157 1615 1229; x_wconf 75' lang='grc' dir='ltr'>μὴ</span> <span class='ocrx_word' id='word_1_72' title='bbox 1677 1157 1894 1230; x_wconf 86' lang='grc' dir='ltr'>παρίτω</span> 
     </span>
    </p>
   </div>
   <div class='ocr_carea' id='block_1_13' title="bbox 303 1249 1893 1324">
    <p class='ocr_par' dir='ltr' id='par_1_13' title="bbox 303 1249 1893 1324">
     <span class='ocr_line' id='line_1_13' title="bbox 303 1249 1893 1324; baseline -0.003 -17"><span class='ocrx_word' id='word_1_73' title='bbox 303 1253 553 1316; x_wconf 84' lang='grc' dir='ltr'>Ἰούδας·</span> <span class='ocrx_word' id='word_1_74' title='bbox 603 1253 765 1323; x_wconf 85' lang='grc' dir='ltr'>μόνον</span> <span class='ocrx_word' id='word_1_75' title='bbox 815 1251 992 1324; x_wconf 79' lang='grc' dir='ltr'>ὀρθῶς</span> <span class='ocrx_word' id='word_1_76' title='bbox 1025 1250 1333 1305; x_wconf 78' lang='grc' dir='ltr'>καλείσθωο</span> <span class='ocrx_word' id='word_1_77' title='bbox 1389 1251 1552 1322; x_wconf 81' lang='grc' dir='ltr'>μόνον</span> <span class='ocrx_word' id='word_1_78' title='bbox 1604 1250 1792 1305; x_wconf 78' lang='grc' dir='ltr'>ἄδολον</span> <span class='ocrx_word' id='word_1_79' title='bbox 1833 1249 1893 1302; x_wconf 84' lang='grc' dir='ltr'>τὺ</span> 
     </span>
    </p>
   </div>
   <div class='ocr_carea' id='block_1_14' title="bbox 203 1340 1892 1415">
    <p class='ocr_par' dir='ltr' id='par_1_14' title="bbox 203 1340 1892 1415">
     <span class='ocr_line' id='line_1_14' title="bbox 203 1340 1892 1415; baseline -0.001 -17"><span class='ocrx_word' id='word_1_80' title='bbox 203 1340 210 1347; x_wconf 80' lang='grc'><em>’</em></span> <span class='ocrx_word' id='word_1_81' title='bbox 281 1345 516 1400; x_wconf 77' lang='grc' dir='ltr'>δεῖπνον</span> <span class='ocrx_word' id='word_1_82' title='bbox 540 1345 700 1398; x_wconf 78' lang='grc' dir='ltr'>ἔστω.</span> <span class='ocrx_word' id='word_1_83' title='bbox 725 1344 892 1399; x_wconf 85' lang='grc' dir='ltr'>Γενοῦ</span> <span class='ocrx_word' id='word_1_84' title='bbox 929 1343 1136 1414; x_wconf 86' lang='grc' dir='ltr'>Σίμων,</span> <span class='ocrx_word' id='word_1_85' title='bbox 1172 1345 1220 1396; x_wconf 78' lang='grc' dir='ltr'>εξ</span> <span class='ocrx_word' id='word_1_86' title='bbox 1257 1343 1472 1415; x_wconf 78' lang='grc' dir='ltr'><strong>βούλει·</strong></span> <span class='ocrx_word' id='word_1_87' title='bbox 1514 1343 1774 1398; x_wconf 83' lang='grc' dir='ltr'>κέλευσον</span> <span class='ocrx_word' id='word_1_88' title='bbox 1800 1342 1892 1396; x_wconf 84' lang='grc' dir='ltr'><strong>τὸν</strong></span> 
     </span>
    </p>
   </div>
   <div class='ocr_carea' id='block_1_15' title="bbox 285 1435 1891 1509">
    <p class='ocr_par' dir='ltr' id='par_1_15' title="bbox 285 1435 1891 1509">
     <span class='ocr_line' id='line_1_15' title="bbox 285 1435 1891 1509; baseline 0 -19"><span class='ocrx_word' id='word_1_89' title='bbox 285 1437 599 1504; x_wconf 80' lang='grc' dir='ltr'>Δεσπότην.</span> <span class='ocrx_word' id='word_1_90' title='bbox 640 1435 804 1491; x_wconf 77' lang='grc' dir='ltr'>Ἀλλὰ</span> <span class='ocrx_word' id='word_1_91' title='bbox 835 1437 908 1509; x_wconf 82' lang='grc' dir='ltr'>μὴ</span> <span class='ocrx_word' id='word_1_92' title='bbox 947 1437 1207 1509; x_wconf 81' lang='grc' dir='ltr'>διστάσῃς</span> <span class='ocrx_word' id='word_1_93' title='bbox 1247 1437 1324 1502; x_wconf 88' lang='grc' dir='ltr'>ὼς</span> <span class='ocrx_word' id='word_1_94' title='bbox 1368 1439 1683 1508; x_wconf 80' lang='grc' dir='ltr'>Φαρισαῖος.</span> <span class='ocrx_word' id='word_1_95' title='bbox 1716 1436 1891 1490; x_wconf 86' lang='grc' dir='ltr'>Κάλει</span> 
     </span>
    </p>
   </div>
   <div class='ocr_carea' id='block_1_16' title="bbox 285 1527 1892 1600">
    <p class='ocr_par' dir='ltr' id='par_1_16' title="bbox 285 1527 1892 1600">
     <span class='ocr_line' id='line_1_16' title="bbox 285 1527 1892 1600; baseline 0.001 -22"><span class='ocrx_word' id='word_1_96' title='bbox 285 1530 386 1582; x_wconf 74' lang='grc' dir='ltr'><strong>τὸν</strong></span> <span class='ocrx_word' id='word_1_97' title='bbox 424 1527 704 1598; x_wconf 81' lang='grc' dir='ltr'><strong>πανταχοῦ</strong></span> <span class='ocrx_word' id='word_1_98' title='bbox 741 1527 990 1598; x_wconf 86' lang='grc' dir='ltr'>παρόντα</span> <span class='ocrx_word' id='word_1_99' title='bbox 1021 1544 1036 1560; x_wconf 78' lang='grc' dir='ltr'><strong>ο</strong></span> <span class='ocrx_word' id='word_1_100' title='bbox 1091 1528 1229 1582; x_wconf 80' lang='grc' dir='ltr'>ἀλλὰ</span> <span class='ocrx_word' id='word_1_101' title='bbox 1277 1527 1352 1600; x_wconf 85' lang='grc' dir='ltr'>μὴ</span> <span class='ocrx_word' id='word_1_102' title='bbox 1409 1527 1755 1600; x_wconf 77' lang='grc' dir='ltr'>συγκαλέσῃς</span> <span class='ocrx_word' id='word_1_103' title='bbox 1797 1527 1892 1582; x_wconf 75' lang='grc' dir='ltr'><strong>τὸν</strong></span> 
     </span>
    </p>
   </div>
   <div class='ocr_carea' id='block_1_17' title="bbox 303 1617 1891 1691">
    <p class='ocr_par' dir='ltr' id='par_1_17' title="bbox 303 1617 1891 1691">
     <span class='ocr_line' id='line_1_17' title="bbox 303 1617 1891 1691; baseline 0 -19"><span class='ocrx_word' id='word_1_104' title='bbox 303 1619 533 1674; x_wconf 74' lang='grc' dir='ltr'>Ἰούδαν.</span> <span class='ocrx_word' id='word_1_105' title='bbox 559 1617 726 1671; x_wconf 87' lang='grc' dir='ltr'>Γενοῦ</span> <span class='ocrx_word' id='word_1_106' title='bbox 746 1619 1018 1688; x_wconf 77' lang='grc' dir='ltr'><strong>Λάζαρος,</strong></span> <span class='ocrx_word' id='word_1_107' title='bbox 1041 1619 1093 1670; x_wconf 84' lang='grc' dir='ltr'>εἰ</span> <span class='ocrx_word' id='word_1_108' title='bbox 1127 1618 1326 1690; x_wconf 83' lang='grc' dir='ltr'><strong>βούλει,</strong></span> <span class='ocrx_word' id='word_1_109' title='bbox 1354 1618 1431 1691; x_wconf 84' lang='grc' dir='ltr'><strong>τῷ</strong></span> <span class='ocrx_word' id='word_1_110' title='bbox 1463 1619 1656 1690; x_wconf 82' lang='grc' dir='ltr'>κόσμῳ</span> <span class='ocrx_word' id='word_1_111' title='bbox 1684 1618 1891 1689; x_wconf 81' lang='grc' dir='ltr'>νεκρὼ-</span> 
     </span>
    </p>
   </div>
   <div class='ocr_carea' id='block_1_18' title="bbox 290 1709 1890 1786">
    <p class='ocr_par' dir='ltr' id='par_1_18' title="bbox 290 1709 1890 1786">
     <span class='ocr_line' id='line_1_18' title="bbox 290 1709 1890 1786; baseline 0.001 -22"><span class='ocrx_word' id='word_1_112' title='bbox 290 1728 484 1781; x_wconf 84' lang='grc' dir='ltr'>μενος,</span> <span class='ocrx_word' id='word_1_113' title='bbox 520 1709 660 1774; x_wconf 80' lang='grc' dir='ltr'>ὄζων</span> <span class='ocrx_word' id='word_1_114' title='bbox 694 1713 806 1774; x_wconf 81' lang='grc' dir='ltr'>τοῖς</span> <span class='ocrx_word' id='word_1_115' title='bbox 849 1709 1098 1782; x_wconf 71' lang='grc' dir='ltr'>μώλωψι,</span> <span class='ocrx_word' id='word_1_116' title='bbox 1135 1711 1236 1782; x_wconf 86' lang='grc' dir='ltr'><strong>τὴν</strong></span> <span class='ocrx_word' id='word_1_117' title='bbox 1267 1714 1480 1786; x_wconf 79' lang='grc' dir='ltr'>σιωπὴν</span> <span class='ocrx_word' id='word_1_118' title='bbox 1517 1713 1591 1776; x_wconf 85' lang='grc' dir='ltr'>ὡς</span> <span class='ocrx_word' id='word_1_119' title='bbox 1621 1712 1768 1766; x_wconf 84' lang='grc' dir='ltr'>λίθον</span> <span class='ocrx_word' id='word_1_120' title='bbox 1798 1713 1890 1766; x_wconf 74' lang='grc' dir='ltr'>ἐπὶ</span> 
     </span>
    </p>
   </div>
   <div class='ocr_carea' id='block_1_19' title="bbox 291 1799 1888 1875">
    <p class='ocr_par' dir='ltr' id='par_1_19' title="bbox 291 1799 1888 1875">
     <span class='ocr_line' id='line_1_19' title="bbox 291 1799 1888 1875; baseline 0.002 -22"><span class='ocrx_word' id='word_1_121' title='bbox 291 1802 572 1872; x_wconf 83' lang='grc' dir='ltr'>στόματος</span> <span class='ocrx_word' id='word_1_122' title='bbox 601 1799 760 1871; x_wconf 78' lang='grc' dir='ltr'>ἔχων.</span> <span class='ocrx_word' id='word_1_123' title='bbox 792 1801 1010 1854; x_wconf 81' lang='grc' dir='ltr'>Μᾶλλον</span> <span class='ocrx_word' id='word_1_124' title='bbox 1030 1801 1086 1854; x_wconf 84' lang='grc' dir='ltr'>δὲ</span> <span class='ocrx_word' id='word_1_125' title='bbox 1122 1803 1275 1870; x_wconf 79' lang='grc' dir='ltr'>φίλος</span> <span class='ocrx_word' id='word_1_126' title='bbox 1307 1801 1469 1872; x_wconf 87' lang='grc' dir='ltr'>γενοῦ</span> <span class='ocrx_word' id='word_1_127' title='bbox 1501 1801 1888 1875; x_wconf 38' lang='grc' dir='ltr'>πρότερονατοῦ</span> 
     </span>
    </p>
   </div>
   <div class='ocr_carea' id='block_1_20' title="bbox 2001 603 3594 677">
    <p class='ocr_par' dir='ltr' id='par_1_20' title="bbox 2001 603 3594 677">
     <span class='ocr_line' id='line_1_20' title="bbox 2001 603 3594 677; baseline 0.003 -19"><span class='ocrx_word' id='word_1_128' title='bbox 2001 603 2242 658; x_wconf 75' lang='lat' dir='ltr'><strong>effunde.</strong></span> <span class='ocrx_word' id='word_1_129' title='bbox 2279 603 2400 657; x_wconf 88' lang='lat' dir='ltr'><strong>Sint</strong></span> <span class='ocrx_word' id='word_1_130' title='bbox 2427 603 2540 657; x_wconf 91' lang='lat' dir='ltr'><strong>illic</strong></span> <span class='ocrx_word' id='word_1_131' title='bbox 2571 603 2853 676; x_wconf 72' lang='lat' dir='ltr'><strong>lacrymae.</strong></span> <span class='ocrx_word' id='word_1_132' title='bbox 2883 605 2977 670; x_wconf 83' lang='lat' dir='ltr'><strong>At,</strong></span> <span class='ocrx_word' id='word_1_133' title='bbox 3011 606 3214 675; x_wconf 89' lang='lat' dir='ltr'><strong>inquit,</strong></span> <span class='ocrx_word' id='word_1_134' title='bbox 3248 616 3594 677; x_wconf 82' lang='lat' dir='ltr'><strong>unguentum</strong></span> 
     </span>
    </p>
   </div>
   <div class='ocr_carea' id='block_1_21' title="bbox 1999 695 3596 770">
    <p class='ocr_par' dir='ltr' id='par_1_21' title="bbox 1999 695 3596 770">
     <span class='ocr_line' id='line_1_21' title="bbox 1999 695 3596 770; baseline 0.001 -20"><span class='ocrx_word' id='word_1_135' title='bbox 1999 711 2108 750; x_wconf 88' lang='lat' dir='ltr'><strong>non</strong></span> <span class='ocrx_word' id='word_1_136' title='bbox 2145 695 2346 759; x_wconf 89' lang='lat' dir='ltr'><strong>habeo,</strong></span> <span class='ocrx_word' id='word_1_137' title='bbox 2401 710 2511 749; x_wconf 87' lang='lat' dir='ltr'><strong>non</strong></span> <span class='ocrx_word' id='word_1_138' title='bbox 2564 695 2932 753; x_wconf 81' lang='lat' dir='ltr'><strong>alabastrum.</strong></span> <span class='ocrx_word' id='word_1_139' title='bbox 2972 695 3094 752; x_wconf 87' lang='lat' dir='ltr'><strong>Non</strong></span> <span class='ocrx_word' id='word_1_140' title='bbox 3139 697 3313 754; x_wconf 82' lang='lat' dir='ltr'><strong>habes</strong></span> <span class='ocrx_word' id='word_1_141' title='bbox 3344 715 3596 770; x_wconf 82' lang='lat' dir='ltr'><strong>unguen-</strong></span> 
     </span>
    </p>
   </div>
   <div class='ocr_carea' id='block_1_22' title="bbox 2000 788 3590 864">
    <p class='ocr_par' dir='ltr' id='par_1_22' title="bbox 2000 788 3590 864">
     <span class='ocr_line' id='line_1_22' title="bbox 2000 788 3590 864; baseline 0.002 -20"><span class='ocrx_word' id='word_1_142' title='bbox 2000 789 2155 844; x_wconf 88' lang='lat' dir='ltr'><strong>tum?</strong></span> <span class='ocrx_word' id='word_1_143' title='bbox 2187 788 2360 844; x_wconf 87' lang='lat' dir='ltr'><strong>Plane</strong></span> <span class='ocrx_word' id='word_1_144' title='bbox 2419 788 2592 844; x_wconf 80' lang='lat' dir='ltr'><strong>habes</strong></span> <span class='ocrx_word' id='word_1_145' title='bbox 2638 800 3019 858; x_wconf 80' lang='lat' dir='ltr'><strong>unguentum:</strong></span> <span class='ocrx_word' id='word_1_146' title='bbox 3061 808 3262 864; x_wconf 85' lang='lat' dir='ltr'><strong>nempe</strong></span> <span class='ocrx_word' id='word_1_147' title='bbox 3310 793 3590 862; x_wconf 85' lang='lat' dir='ltr'><strong>gratiam,</strong></span> 
     </span>
    </p>
   </div>
   <div class='ocr_carea' id='block_1_23' title="bbox 1999 881 3588 954">
    <p class='ocr_par' dir='ltr' id='par_1_23' title="bbox 1999 881 3588 954">
     <span class='ocr_line' id='line_1_23' title="bbox 1999 881 3588 954; baseline 0.001 -16"><span class='ocrx_word' id='word_1_148' title='bbox 1999 898 2097 938; x_wconf 91' lang='lat' dir='ltr'><strong>cor</strong></span> <span class='ocrx_word' id='word_1_149' title='bbox 2125 881 2465 936; x_wconf 81' lang='lat' dir='ltr'><strong>alabastrum</strong></span> <span class='ocrx_word' id='word_1_150' title='bbox 2491 899 2508 948; x_wconf 87' lang='lat'><strong>;</strong></span> <span class='ocrx_word' id='word_1_151' title='bbox 2544 882 2842 954; x_wconf 82' lang='lat' dir='ltr'><strong>lacrymas,</strong></span> <span class='ocrx_word' id='word_1_152' title='bbox 2872 881 3307 950; x_wconf 75' lang='lat' dir='ltr'><strong>confessionem;</strong></span> <span class='ocrx_word' id='word_1_153' title='bbox 3334 885 3588 954; x_wconf 88' lang='lat' dir='ltr'><strong>capillos,</strong></span> 
     </span>
    </p>
   </div>
   <div class='ocr_carea' id='block_1_24' title="bbox 1997 973 3594 1044">
    <p class='ocr_par' dir='ltr' id='par_1_24' title="bbox 1997 973 3594 1044">
     <span class='ocr_line' id='line_1_24' title="bbox 1997 973 3594 1044; baseline 0 -14"><span class='ocrx_word' id='word_1_154' title='bbox 1997 977 2210 1031; x_wconf 87' lang='lat' dir='ltr'><strong>minuta</strong></span> <span class='ocrx_word' id='word_1_155' title='bbox 2246 974 2519 1044; x_wconf 83' lang='lat' dir='ltr'><strong>suspiria.</strong></span> <span class='ocrx_word' id='word_1_156' title='bbox 2555 973 2680 1028; x_wconf 84' lang='lat' dir='ltr'><strong>llaec</strong></span> <span class='ocrx_word' id='word_1_157' title='bbox 2721 974 2880 1040; x_wconf 77' lang='lat' dir='ltr'><strong>olTer,</strong></span> <span class='ocrx_word' id='word_1_158' title='bbox 2913 974 3030 1029; x_wconf 86' lang='lat' dir='ltr'><strong>haec</strong></span> <span class='ocrx_word' id='word_1_159' title='bbox 3059 976 3340 1042; x_wconf 85' lang='lat' dir='ltr'><strong>sacriﬁca,</strong></span> <span class='ocrx_word' id='word_1_160' title='bbox 3369 985 3422 1032; x_wconf 90' lang='lat' dir='ltr'><strong>et</strong></span> <span class='ocrx_word' id='word_1_161' title='bbox 3450 979 3594 1032; x_wconf 85' lang='lat' dir='ltr'><strong>acci-</strong></span> 
     </span>
    </p>
   </div>
   <div class='ocr_carea' id='block_1_25' title="bbox 1999 1065 3591 1137">
    <p class='ocr_par' dir='ltr' id='par_1_25' title="bbox 1999 1065 3591 1137">
     <span class='ocr_line' id='line_1_25' title="bbox 1999 1065 3591 1137; baseline 0.001 -16"><span class='ocrx_word' id='word_1_162' title='bbox 1999 1067 2388 1135; x_wconf 79' lang='lat' dir='ltr'><strong>piesveniam.</strong></span> <span class='ocrx_word' id='word_1_163' title='bbox 2443 1065 2706 1120; x_wconf 79' lang='lat' dir='ltr'><strong>Christus</strong></span> <span class='ocrx_word' id='word_1_164' title='bbox 2751 1067 2962 1136; x_wconf 74' lang='lat' dir='ltr'><strong>ubique</strong></span> <span class='ocrx_word' id='word_1_165' title='bbox 2995 1076 3104 1122; x_wconf 86' lang='lat' dir='ltr'><strong>est.</strong></span> <span class='ocrx_word' id='word_1_166' title='bbox 3158 1068 3329 1123; x_wconf 80' lang='lat' dir='ltr'><strong>Adest</strong></span> <span class='ocrx_word' id='word_1_167' title='bbox 3383 1069 3591 1137; x_wconf 85' lang='lat' dir='ltr'><strong>ubique</strong></span> 
     </span>
    </p>
   </div>
   <div class='ocr_carea' id='block_1_26' title="bbox 1998 1157 3590 1216">
    <p class='ocr_par' dir='ltr' id='par_1_26' title="bbox 1998 1157 3590 1216">
     <span class='ocr_line' id='line_1_26' title="bbox 1998 1157 3590 1216; baseline 0.002 -5"><span class='ocrx_word' id='word_1_168' title='bbox 1998 1167 2272 1212; x_wconf 83' lang='lat' dir='ltr'><strong>vocatus:</strong></span> <span class='ocrx_word' id='word_1_169' title='bbox 2332 1157 2500 1212; x_wconf 84' lang='lat' dir='ltr'><strong>modo</strong></span> <span class='ocrx_word' id='word_1_170' title='bbox 2552 1172 2665 1212; x_wconf 91' lang='lat' dir='ltr'><strong>non</strong></span> <span class='ocrx_word' id='word_1_171' title='bbox 2727 1158 2872 1212; x_wconf 86' lang='lat' dir='ltr'><strong>adsit</strong></span> <span class='ocrx_word' id='word_1_172' title='bbox 2939 1157 3160 1214; x_wconf 83' lang='lat' dir='ltr'><strong>Judas:</strong></span> <span class='ocrx_word' id='word_1_173' title='bbox 3217 1159 3384 1216; x_wconf 86' lang='lat' dir='ltr'><strong>modo</strong></span> <span class='ocrx_word' id='word_1_174' title='bbox 3437 1167 3590 1214; x_wconf 85' lang='lat' dir='ltr'><strong>recte</strong></span> 
     </span>
    </p>
   </div>
   <div class='ocr_carea' id='block_1_27' title="bbox 1996 1249 3586 1321">
    <p class='ocr_par' dir='ltr' id='par_1_27' title="bbox 1996 1249 3586 1321">
     <span class='ocr_line' id='line_1_27' title="bbox 1996 1249 3586 1321; baseline 0.001 -15"><span class='ocrx_word' id='word_1_175' title='bbox 1996 1257 2267 1306; x_wconf 80' lang='lat' dir='ltr'><strong>vocetur:</strong></span> <span class='ocrx_word' id='word_1_176' title='bbox 2312 1249 2479 1304; x_wconf 86' lang='lat' dir='ltr'><strong>modo</strong></span> <span class='ocrx_word' id='word_1_177' title='bbox 2528 1250 2602 1306; x_wconf 91' lang='lat' dir='ltr'><strong>sit</strong></span> <span class='ocrx_word' id='word_1_178' title='bbox 2655 1265 2816 1306; x_wconf 62' lang='lat' dir='ltr'><strong>eaana</strong></span> <span class='ocrx_word' id='word_1_179' title='bbox 2871 1250 3085 1321; x_wconf 85' lang='lat' dir='ltr'><strong>absque</strong></span> <span class='ocrx_word' id='word_1_180' title='bbox 3129 1252 3280 1308; x_wconf 83' lang='lat' dir='ltr'><strong>dolo.</strong></span> <span class='ocrx_word' id='word_1_181' title='bbox 3321 1252 3378 1306; x_wconf 83' lang='lat' dir='ltr'><strong>Si</strong></span> <span class='ocrx_word' id='word_1_182' title='bbox 3413 1252 3586 1317; x_wconf 78' lang='lat' dir='ltr'><strong>lubet,</strong></span> 
     </span>
    </p>
   </div>
   <div class='ocr_carea' id='block_1_28' title="bbox 1995 1332 3590 1400">
    <p class='ocr_par' dir='ltr' id='par_1_28' title="bbox 1995 1332 3590 1400">
     <span class='ocr_line' id='line_1_28' title="bbox 1995 1332 3590 1400; baseline 0 -2"><span class='ocrx_word' id='word_1_183' title='bbox 1995 1351 2118 1398; x_wconf 86' lang='lat' dir='ltr'><strong>esto</strong></span> <span class='ocrx_word' id='word_1_184' title='bbox 2158 1340 2375 1396; x_wconf 89' lang='lat' dir='ltr'><strong>Simon.</strong></span> <span class='ocrx_word' id='word_1_185' title='bbox 2435 1332 2608 1396; x_wconf 84' lang='lat' dir='ltr'><strong>Invita</strong></span> <span class='ocrx_word' id='word_1_186' title='bbox 2657 1341 2980 1400; x_wconf 80' lang='lat' dir='ltr'><strong>Dominum.</strong></span> <span class='ocrx_word' id='word_1_187' title='bbox 3019 1342 3100 1400; x_wconf 86' lang='lat' dir='ltr'><strong>Ne</strong></span> <span class='ocrx_word' id='word_1_188' title='bbox 3146 1354 3330 1400; x_wconf 87' lang='lat' dir='ltr'><strong>tamen</strong></span> <span class='ocrx_word' id='word_1_189' title='bbox 3362 1345 3590 1400; x_wconf 87' lang='lat' dir='ltr'><strong>dubita-</strong></span> 
     </span>
    </p>
   </div>
   <div class='ocr_carea' id='block_1_29' title="bbox 1995 1433 3587 1506">
    <p class='ocr_par' dir='ltr' id='par_1_29' title="bbox 1995 1433 3587 1506">
     <span class='ocr_line' id='line_1_29' title="bbox 1995 1433 3587 1506; baseline 0 -18"><span class='ocrx_word' id='word_1_190' title='bbox 1995 1435 2143 1489; x_wconf 82' lang='lat' dir='ltr'><strong>veris</strong></span> <span class='ocrx_word' id='word_1_191' title='bbox 2179 1433 2326 1489; x_wconf 88' lang='lat' dir='ltr'><strong>sicut</strong></span> <span class='ocrx_word' id='word_1_192' title='bbox 2376 1433 2719 1490; x_wconf 75' lang='lat' dir='ltr'><strong>Pharisams.</strong></span> <span class='ocrx_word' id='word_1_193' title='bbox 2752 1433 2906 1490; x_wconf 78' lang='lat' dir='ltr'><strong>Voca</strong></span> <span class='ocrx_word' id='word_1_194' title='bbox 2955 1451 3106 1500; x_wconf 89' lang='lat' dir='ltr'><strong>eum,</strong></span> <span class='ocrx_word' id='word_1_195' title='bbox 3142 1438 3234 1506; x_wconf 88' lang='lat' dir='ltr'><strong>qui</strong></span> <span class='ocrx_word' id='word_1_196' title='bbox 3277 1436 3437 1492; x_wconf 87' lang='lat' dir='ltr'><strong>adest</strong></span> <span class='ocrx_word' id='word_1_197' title='bbox 3463 1436 3587 1490; x_wconf 90' lang='lat' dir='ltr'><strong>ubi-</strong></span> 
     </span>
    </p>
   </div>
   <div class='ocr_carea' id='block_1_30' title="bbox 1995 1523 3586 1594">
    <p class='ocr_par' dir='ltr' id='par_1_30' title="bbox 1995 1523 3586 1594">
     <span class='ocr_line' id='line_1_30' title="bbox 1995 1523 3586 1594; baseline 0.004 -19"><span class='ocrx_word' id='word_1_198' title='bbox 1995 1538 2143 1594; x_wconf 85' lang='lat' dir='ltr'><strong>que:</strong></span> <span class='ocrx_word' id='word_1_199' title='bbox 2180 1530 2236 1576; x_wconf 87' lang='lat' dir='ltr'><strong>at</strong></span> <span class='ocrx_word' id='word_1_200' title='bbox 2287 1538 2356 1578; x_wconf 91' lang='lat' dir='ltr'><strong>ne</strong></span> <span class='ocrx_word' id='word_1_201' title='bbox 2403 1523 2570 1579; x_wconf 89' lang='lat' dir='ltr'><strong>simul</strong></span> <span class='ocrx_word' id='word_1_202' title='bbox 2624 1523 2823 1578; x_wconf 86' lang='lat' dir='ltr'><strong>Judam</strong></span> <span class='ocrx_word' id='word_1_203' title='bbox 2869 1527 3187 1581; x_wconf 78' lang='lat' dir='ltr'><strong>vocaveris.</strong></span> <span class='ocrx_word' id='word_1_204' title='bbox 3245 1523 3379 1581; x_wconf 73' lang='lat' dir='ltr'><strong>Esto</strong></span> <span class='ocrx_word' id='word_1_205' title='bbox 3413 1525 3458 1580; x_wconf 79' lang='lat' dir='ltr'><strong>si</strong></span> <span class='ocrx_word' id='word_1_206' title='bbox 3499 1526 3586 1581; x_wconf 87' lang='lat' dir='ltr'><strong>vis</strong></span> 
     </span>
    </p>
   </div>
   <div class='ocr_carea' id='block_1_31' title="bbox 1995 1615 3586 1688">
    <p class='ocr_par' dir='ltr' id='par_1_31' title="bbox 1995 1615 3586 1688">
     <span class='ocr_line' id='line_1_31' title="bbox 1995 1615 3586 1688; baseline 0.003 -20"><span class='ocrx_word' id='word_1_207' title='bbox 1995 1615 2259 1682; x_wconf 84' lang='lat' dir='ltr'><strong>Lazarus,</strong></span> <span class='ocrx_word' id='word_1_208' title='bbox 2291 1616 2387 1686; x_wconf 90' lang='lat' dir='ltr'><strong>qui</strong></span> <span class='ocrx_word' id='word_1_209' title='bbox 2415 1616 2623 1672; x_wconf 86' lang='lat' dir='ltr'><strong>mundo</strong></span> <span class='ocrx_word' id='word_1_210' title='bbox 2657 1617 2736 1674; x_wconf 88' lang='lat' dir='ltr'><strong>sis</strong></span> <span class='ocrx_word' id='word_1_211' title='bbox 2766 1616 3174 1684; x_wconf 84' lang='lat' dir='ltr'><strong>mortillcatus;</strong></span> <span class='ocrx_word' id='word_1_212' title='bbox 3203 1619 3300 1688; x_wconf 91' lang='lat' dir='ltr'><strong>qui</strong></span> <span class='ocrx_word' id='word_1_213' title='bbox 3355 1619 3482 1673; x_wconf 89' lang='lat' dir='ltr'><strong>tabo</strong></span> <span class='ocrx_word' id='word_1_214' title='bbox 3512 1617 3586 1672; x_wconf 84' lang='lat' dir='ltr'><strong>fe-</strong></span> 
     </span>
    </p>
   </div>
   <div class='ocr_carea' id='block_1_32' title="bbox 1997 1707 3585 1779">
    <p class='ocr_par' dir='ltr' id='par_1_32' title="bbox 1997 1707 3585 1779">
     <span class='ocr_line' id='line_1_32' title="bbox 1997 1707 3585 1779; baseline 0.001 -19"><span class='ocrx_word' id='word_1_215' title='bbox 1997 1715 2144 1775; x_wconf 86' lang='lat' dir='ltr'><strong>teas;</strong></span> <span class='ocrx_word' id='word_1_216' title='bbox 2180 1707 2274 1778; x_wconf 92' lang='lat' dir='ltr'><strong>qui</strong></span> <span class='ocrx_word' id='word_1_217' title='bbox 2329 1707 2385 1762; x_wconf 92' lang='lat' dir='ltr'><strong>in</strong></span> <span class='ocrx_word' id='word_1_218' title='bbox 2441 1723 2537 1763; x_wconf 90' lang='lat' dir='ltr'><strong>ore</strong></span> <span class='ocrx_word' id='word_1_219' title='bbox 2571 1709 2884 1770; x_wconf 88' lang='lat' dir='ltr'><strong>silentium.</strong></span> <span class='ocrx_word' id='word_1_220' title='bbox 2923 1725 3030 1764; x_wconf 88' lang='lat' dir='ltr'><strong>ceu</strong></span> <span class='ocrx_word' id='word_1_221' title='bbox 3070 1709 3309 1779; x_wconf 86' lang='lat' dir='ltr'><strong>lapidem</strong></span> <span class='ocrx_word' id='word_1_222' title='bbox 3353 1709 3585 1763; x_wconf 88' lang='lat' dir='ltr'><strong>habeas.</strong></span> 
     </span>
    </p>
   </div>
   <div class='ocr_carea' id='block_1_33' title="bbox 1994 1787 3588 1870">
    <p class='ocr_par' dir='ltr' id='par_1_33' title="bbox 1994 1787 3588 1870">
     <span class='ocr_line' id='line_1_33' title="bbox 1994 1787 3588 1870; baseline -0.001 -16"><span class='ocrx_word' id='word_1_223' title='bbox 1994 1799 2169 1869; x_wconf 85' lang='lat' dir='ltr'><strong>Magis</strong></span> <span class='ocrx_word' id='word_1_224' title='bbox 2201 1809 2386 1854; x_wconf 88' lang='lat' dir='ltr'><strong>autem</strong></span> <span class='ocrx_word' id='word_1_225' title='bbox 2435 1799 2594 1870; x_wconf 87' lang='lat' dir='ltr'><strong>prius</strong></span> <span class='ocrx_word' id='word_1_226' title='bbox 2632 1800 2852 1856; x_wconf 90' lang='lat' dir='ltr'><strong>Domini</strong></span> <span class='ocrx_word' id='word_1_227' title='bbox 2890 1801 3106 1856; x_wconf 87' lang='lat' dir='ltr'><strong>amicus</strong></span> <span class='ocrx_word' id='word_1_228' title='bbox 3149 1807 3294 1856; x_wconf 86' lang='lat' dir='ltr'><strong>esto.</strong></span> <span class='ocrx_word' id='word_1_229' title='bbox 3325 1787 3506 1854; x_wconf 80' lang='lat' dir='ltr'><strong>Habes</strong></span> <span class='ocrx_word' id='word_1_230' title='bbox 3533 1807 3588 1854; x_wconf 89' lang='lat' dir='ltr'><strong>et</strong></span> 
     </span>
    </p>
   </div>
   <div class='ocr_carea' id='block_1_34' title="bbox 286 1890 1890 1968">
    <p class='ocr_par' dir='ltr' id='par_1_34' title="bbox 286 1893 1890 1968">
     <span class='ocr_line' id='line_1_34' title="bbox 286 1893 1890 1968; baseline 0.002 -22"><span class='ocrx_word' id='word_1_231' title='bbox 286 1894 597 1948; x_wconf 81' lang='grc' dir='ltr'>Δεσπότου.</span> <span class='ocrx_word' id='word_1_232' title='bbox 626 1896 811 1966; x_wconf 80' lang='grc' dir='ltr'>Ἔχεις</span> <span class='ocrx_word' id='word_1_233' title='bbox 839 1893 935 1948; x_wconf 76' lang='grc' dir='ltr'><strong>καὶ</strong></span> <span class='ocrx_word' id='word_1_234' title='bbox 960 1895 1122 1959; x_wconf 85' lang='grc' dir='ltr'>αὐτὸς</span> <span class='ocrx_word' id='word_1_235' title='bbox 1147 1895 1404 1965; x_wconf 73' lang='grc' dir='ltr'>ἀδελφὰς,</span> <span class='ocrx_word' id='word_1_236' title='bbox 1429 1897 1530 1968; x_wconf 77' lang='grc' dir='ltr'>τὴν</span> <span class='ocrx_word' id='word_1_237' title='bbox 1547 1897 1746 1968; x_wconf 76' lang='grc' dir='ltr'>ψυχὴν,</span> <span class='ocrx_word' id='word_1_238' title='bbox 1771 1893 1890 1950; x_wconf 81' lang='grc' dir='ltr'>εἶτα</span> 
     </span>
    </p>
   </div>
   <div class='ocr_carea' id='block_1_35' title="bbox 1998 1890 3588 1968">
    <p class='ocr_par' dir='ltr' id='par_1_35' title="bbox 1998 1890 3588 1963">
     <span class='ocr_line' id='line_1_35' title="bbox 1998 1890 3588 1963; baseline -0.001 -17"><span class='ocrx_word' id='word_1_239' title='bbox 1998 1899 2052 1946; x_wconf 83' lang='grc' dir='ltr'><strong>ιιι</strong></span> <span class='ocrx_word' id='word_1_240' title='bbox 2082 1907 2328 1955; x_wconf 92' lang='lat' dir='ltr'><strong>sorores,</strong></span> <span class='ocrx_word' id='word_1_241' title='bbox 2372 1893 2612 1963; x_wconf 89' lang='lat' dir='ltr'><strong>primum</strong></span> <span class='ocrx_word' id='word_1_242' title='bbox 2649 1893 2918 1959; x_wconf 87' lang='lat' dir='ltr'><strong>animam,</strong></span> <span class='ocrx_word' id='word_1_243' title='bbox 2947 1908 3014 1948; x_wconf 88' lang='lat' dir='ltr'><strong>ac</strong></span> <span class='ocrx_word' id='word_1_244' title='bbox 3041 1901 3156 1948; x_wconf 90' lang='lat' dir='ltr'><strong>tum</strong></span> <span class='ocrx_word' id='word_1_245' title='bbox 3189 1907 3438 1948; x_wconf 88' lang='lat' dir='ltr'><strong>carnem.</strong></span> <span class='ocrx_word' id='word_1_246' title='bbox 3476 1890 3588 1946; x_wconf 85' lang='lat' dir='ltr'><strong>Fac</strong></span> 
     </span>
    </p>
   </div>
   <div class='ocr_carea' id='block_1_36' title="bbox 287 1985 1891 2058">
    <p class='ocr_par' dir='ltr' id='par_1_36' title="bbox 287 1985 1891 2058">
     <span class='ocr_line' id='line_1_36' title="bbox 287 1985 1891 2058; baseline 0.001 -20"><span class='ocrx_word' id='word_1_247' title='bbox 287 1987 397 2056; x_wconf 79' lang='grc' dir='ltr'>τὴν</span> <span class='ocrx_word' id='word_1_248' title='bbox 441 1985 644 2056; x_wconf 87' lang='grc' dir='ltr'>σάρκα.</span> <span class='ocrx_word' id='word_1_249' title='bbox 692 1985 989 2057; x_wconf 80' lang='grc' dir='ltr'>Φιλιώθητι</span> <span class='ocrx_word' id='word_1_250' title='bbox 1046 1985 1126 2058; x_wconf 79' lang='grc' dir='ltr'>τῷ</span> <span class='ocrx_word' id='word_1_251' title='bbox 1183 1987 1434 2057; x_wconf 81' lang='grc' dir='ltr'><strong>Χριστῷ,</strong></span> <span class='ocrx_word' id='word_1_252' title='bbox 1495 1987 1560 2042; x_wconf 81' lang='grc' dir='ltr'><strong>ἵν’</strong></span> <span class='ocrx_word' id='word_1_253' title='bbox 1595 1991 1724 2042; x_wconf 82' lang='grc' dir='ltr'>ὅταν</span> <span class='ocrx_word' id='word_1_254' title='bbox 1773 2005 1891 2042; x_wconf 84' lang='grc' dir='ltr'>κοι-</span> 
     </span>
    </p>
   </div>
   <div class='ocr_carea' id='block_1_37' title="bbox 293 2075 1905 2152">
    <p class='ocr_par' dir='ltr' id='par_1_37' title="bbox 293 2075 1905 2152">
     <span class='ocr_line' id='line_1_37' title="bbox 293 2075 1905 2152; baseline 0.006 -24"><span class='ocrx_word' id='word_1_255' title='bbox 293 2075 503 2147; x_wconf 83' lang='grc' dir='ltr'>μηθῇς,</span> <span class='ocrx_word' id='word_1_256' title='bbox 523 2077 785 2148; x_wconf 75' lang='grc' dir='ltr'><strong>πέμψωσι</strong></span> <span class='ocrx_word' id='word_1_257' title='bbox 836 2077 973 2149; x_wconf 78' lang='grc' dir='ltr'>πρὸς</span> <span class='ocrx_word' id='word_1_258' title='bbox 1005 2077 1235 2148; x_wconf 79' lang='grc' dir='ltr'>Ἰησοῦν,</span> <span class='ocrx_word' id='word_1_259' title='bbox 1254 2078 1328 2142; x_wconf 78' lang='grc' dir='ltr'><strong>ὡς</strong></span> <span class='ocrx_word' id='word_1_260' title='bbox 1350 2081 1538 2152; x_wconf 82' lang='grc' dir='ltr'>Μαρία</span> <span class='ocrx_word' id='word_1_261' title='bbox 1560 2080 1652 2134; x_wconf 77' lang='grc' dir='ltr'><strong>καὶ</strong></span> <span class='ocrx_word' id='word_1_262' title='bbox 1667 2079 1905 2150; x_wconf 84' lang='grc' dir='ltr'>Μάρθα,.</span> 
     </span>
    </p>
   </div>
   <div class='ocr_carea' id='block_1_38' title="bbox 290 2167 1887 2242">
    <p class='ocr_par' dir='ltr' id='par_1_38' title="bbox 290 2167 1887 2242">
     <span class='ocr_line' id='line_1_38' title="bbox 290 2167 1887 2242; baseline 0 -20"><span class='ocrx_word' id='word_1_263' title='bbox 290 2168 332 2237; x_wconf 82' lang='grc' dir='ltr'><strong>ἡ</strong></span> <span class='ocrx_word' id='word_1_264' title='bbox 365 2168 466 2238; x_wconf 81' lang='grc' dir='ltr'><strong>μὲν</strong></span> <span class='ocrx_word' id='word_1_265' title='bbox 491 2167 570 2238; x_wconf 80' lang='grc' dir='ltr'><strong>τῷ</strong></span> <span class='ocrx_word' id='word_1_266' title='bbox 602 2168 768 2240; x_wconf 85' lang='grc' dir='ltr'>λόγῳ,</span> <span class='ocrx_word' id='word_1_267' title='bbox 810 2171 844 2240; x_wconf 86' lang='grc' dir='ltr'>ἡ</span> <span class='ocrx_word' id='word_1_268' title='bbox 871 2169 928 2223; x_wconf 83' lang='grc' dir='ltr'>δὲ</span> <span class='ocrx_word' id='word_1_269' title='bbox 957 2173 1024 2241; x_wconf 85' lang='grc' dir='ltr'>τῇ</span> <span class='ocrx_word' id='word_1_270' title='bbox 1057 2169 1258 2241; x_wconf 79' lang='grc' dir='ltr'>πράξει</span> <span class='ocrx_word' id='word_1_271' title='bbox 1296 2170 1552 2238; x_wconf 76' lang='grc' dir='ltr'>λέγουσαι</span> <span class='ocrx_word' id='word_1_272' title='bbox 1578 2185 1592 2200; x_wconf 83' lang='grc'><em>’</em></span> <span class='ocrx_word' id='word_1_273' title='bbox 1639 2191 1658 2223; x_wconf 78' lang='grc' dir='ltr'><strong>ι</strong></span> <span class='ocrx_word' id='word_1_274' title='bbox 1692 2171 1887 2242; x_wconf 81' lang='grc' dir='ltr'>Κύριε,</span> 
     </span>
    </p>
   </div>
   <div class='ocr_carea' id='block_1_39' title="bbox 296 2258 1892 2333">
    <p class='ocr_par' dir='ltr' id='par_1_39' title="bbox 296 2258 1892 2333">
     <span class='ocr_line' id='line_1_39' title="bbox 296 2258 1892 2333; baseline 0.002 -21"><span class='ocrx_word' id='word_1_275' title='bbox 296 2258 379 2312; x_wconf 78' lang='grc' dir='ltr'><strong>ἴδε</strong></span> <span class='ocrx_word' id='word_1_276' title='bbox 416 2258 477 2312; x_wconf 85' lang='grc' dir='ltr'><strong>δν</strong></span> <span class='ocrx_word' id='word_1_277' title='bbox 517 2259 690 2330; x_wconf 80' lang='grc' dir='ltr'>φιλεῖς</span> <span class='ocrx_word' id='word_1_278' title='bbox 737 2259 973 2314; x_wconf 83' lang='grc' dir='ltr'>ἀσθενεῖ.</span> <span class='ocrx_word' id='word_1_279' title='bbox 1035 2280 1054 2313; x_wconf 71' lang='grc' dir='ltr'><strong>ι</strong></span> <span class='ocrx_word' id='word_1_280' title='bbox 1088 2261 1181 2316; x_wconf 79' lang='grc' dir='ltr'><strong>Ἴν¹</strong></span> <span class='ocrx_word' id='word_1_281' title='bbox 1204 2262 1334 2316; x_wconf 86' lang='grc' dir='ltr'>ὅταν</span> <span class='ocrx_word' id='word_1_282' title='bbox 1359 2262 1558 2325; x_wconf 78' lang='grc' dir='ltr'>τελέως</span> <span class='ocrx_word' id='word_1_283' title='bbox 1579 2264 1892 2333; x_wconf 78' lang='grc' dir='ltr'>ἁπονεκρωο</span> 
     </span>
    </p>
   </div>
   <div class='ocr_carea' id='block_1_40' title="bbox 297 2351 1891 2426">
    <p class='ocr_par' dir='ltr' id='par_1_40' title="bbox 297 2351 1891 2426">
     <span class='ocr_line' id='line_1_40' title="bbox 297 2351 1891 2426; baseline 0.003 -23"><span class='ocrx_word' id='word_1_284' title='bbox 297 2351 401 2422; x_wconf 82' lang='grc' dir='ltr'>θῇς</span> <span class='ocrx_word' id='word_1_285' title='bbox 435 2351 646 2420; x_wconf 78' lang='grc' dir='ltr'>κόσμῳ,</span> <span class='ocrx_word' id='word_1_286' title='bbox 679 2353 772 2407; x_wconf 75' lang='grc' dir='ltr'><strong>καὶ</strong></span> <span class='ocrx_word' id='word_1_287' title='bbox 823 2356 936 2418; x_wconf 85' lang='grc' dir='ltr'>τοῖς</span> <span class='ocrx_word' id='word_1_288' title='bbox 979 2355 1037 2406; x_wconf 84' lang='grc' dir='ltr'>ὲν</span> <span class='ocrx_word' id='word_1_289' title='bbox 1072 2353 1285 2426; x_wconf 85' lang='grc' dir='ltr'>κόσμῳ,</span> <span class='ocrx_word' id='word_1_290' title='bbox 1339 2353 1554 2424; x_wconf 79' lang='grc' dir='ltr'>φθάσας</span> <span class='ocrx_word' id='word_1_291' title='bbox 1592 2357 1620 2409; x_wconf 84' lang='grc' dir='ltr'>ὁ</span> <span class='ocrx_word' id='word_1_292' title='bbox 1655 2355 1891 2426; x_wconf 75' lang='grc' dir='ltr'>Χριστὸς</span> 
     </span>
    </p>
   </div>
   <div class='ocr_carea' id='block_1_41' title="bbox 299 2442 1886 2516">
    <p class='ocr_par' dir='ltr' id='par_1_41' title="bbox 299 2442 1886 2516">
     <span class='ocr_line' id='line_1_41' title="bbox 299 2442 1886 2516; baseline 0.003 -22"><span class='ocrx_word' id='word_1_293' title='bbox 299 2442 582 2514; x_wconf 76' lang='grc' dir='ltr'>ἀναστήσῃ</span> <span class='ocrx_word' id='word_1_294' title='bbox 619 2460 701 2509; x_wconf 86' lang='grc' dir='ltr'><strong>σε,</strong></span> <span class='ocrx_word' id='word_1_295' title='bbox 749 2443 880 2516; x_wconf 76' lang='grc' dir='ltr'><strong>λέξῃ</strong></span> <span class='ocrx_word' id='word_1_296' title='bbox 916 2461 974 2498; x_wconf 87' lang='grc' dir='ltr'><strong>τε</strong></span> <span class='ocrx_word' id='word_1_297' title='bbox 1015 2445 1154 2516; x_wconf 69' lang='grc' dir='ltr'>προς</span> <span class='ocrx_word' id='word_1_298' title='bbox 1207 2445 1337 2510; x_wconf 83' lang='grc' dir='ltr'>τοὺς</span> <span class='ocrx_word' id='word_1_299' title='bbox 1376 2445 1645 2514; x_wconf 79' lang='grc' dir='ltr'>ἀγγέλους</span> <span class='ocrx_word' id='word_1_300' title='bbox 1683 2445 1886 2499; x_wconf 80' lang='grc' dir='ltr'>αὐτοῦ·</span> 
     </span>
    </p>
   </div>
   <div class='ocr_carea' id='block_1_42' title="bbox 302 2531 1891 2605">
    <p class='ocr_par' dir='ltr' id='par_1_42' title="bbox 302 2531 1891 2605">
     <span class='ocr_line' id='line_1_42' title="bbox 302 2531 1891 2605; baseline 0.001 -22"><span class='ocrx_word' id='word_1_301' title='bbox 302 2549 326 2582; x_wconf 84' lang='grc'><em>‹</em></span> <span class='ocrx_word' id='word_1_302' title='bbox 360 2531 573 2584; x_wconf 87' lang='grc' dir='ltr'>Λύσατε</span> <span class='ocrx_word' id='word_1_303' title='bbox 593 2533 774 2598; x_wconf 78' lang='grc' dir='ltr'>αὐτὸν,</span> <span class='ocrx_word' id='word_1_304' title='bbox 811 2533 906 2586; x_wconf 69' lang='grc' dir='ltr'>καὶ</span> <span class='ocrx_word' id='word_1_305' title='bbox 938 2533 1106 2605; x_wconf 70' lang='grc' dir='ltr'>ἄφετε</span> <span class='ocrx_word' id='word_1_306' title='bbox 1141 2534 1394 2603; x_wconf 85' lang='grc' dir='ltr'>ὑπάγειν.</span> <span class='ocrx_word' id='word_1_307' title='bbox 1439 2551 1458 2584; x_wconf 75' lang='grc' dir='ltr'><strong>ι</strong></span> <span class='ocrx_word' id='word_1_308' title='bbox 1492 2535 1750 2587; x_wconf 77' lang='grc' dir='ltr'>Λύσατε.</span> <span class='ocrx_word' id='word_1_309' title='bbox 1785 2533 1891 2586; x_wconf 72' lang='grc' dir='ltr'>Πόο</span> 
     </span>
    </p>
   </div>
   <div class='ocr_carea' id='block_1_43' title="bbox 295 2611 1888 2698">
    <p class='ocr_par' dir='ltr' id='par_1_43' title="bbox 295 2611 1888 2698">
     <span class='ocr_line' id='line_1_43' title="bbox 295 2611 1888 2698; baseline 0.002 -23"><span class='ocrx_word' id='word_1_310' title='bbox 295 2622 424 2689; x_wconf 89' lang='grc' dir='ltr'>θεν;</span> <span class='ocrx_word' id='word_1_311' title='bbox 467 2623 562 2677; x_wconf 82' lang='grc' dir='ltr'><strong>Ἐκ</strong></span> <span class='ocrx_word' id='word_1_312' title='bbox 600 2624 710 2678; x_wconf 90' lang='grc' dir='ltr'><strong>τῶν</strong></span> <span class='ocrx_word' id='word_1_313' title='bbox 755 2625 972 2696; x_wconf 83' lang='grc' dir='ltr'>δεσμῶν</span> <span class='ocrx_word' id='word_1_314' title='bbox 1021 2629 1121 2697; x_wconf 79' lang='grc' dir='ltr'>τῆς</span> <span class='ocrx_word' id='word_1_315' title='bbox 1173 2625 1470 2698; x_wconf 79' lang='grc' dir='ltr'>ἁμαρτίας.</span> <span class='ocrx_word' id='word_1_316' title='bbox 1506 2611 1792 2695; x_wconf 75' lang='grc' dir='ltr'>’Υπάγειν</span> <span class='ocrx_word' id='word_1_317' title='bbox 1831 2624 1888 2678; x_wconf 84' lang='grc' dir='ltr'>δὲ</span> 
     </span>
    </p>
   </div>
   <div class='ocr_carea' id='block_1_44' title="bbox 297 2707 1890 2789">
    <p class='ocr_par' dir='ltr' id='par_1_44' title="bbox 297 2707 1890 2789">
     <span class='ocr_line' id='line_1_44' title="bbox 297 2707 1890 2789; baseline 0.001 -22"><span class='ocrx_word' id='word_1_318' title='bbox 297 2713 439 2778; x_wconf 73' lang='grc' dir='ltr'>ποῦς</span> <span class='ocrx_word' id='word_1_319' title='bbox 472 2715 567 2778; x_wconf 78' lang='lat' dir='ltr'><strong>Et;</strong></span> <span class='ocrx_word' id='word_1_320' title='bbox 602 2717 726 2780; x_wconf 78' lang='grc' dir='ltr'>τοὺς</span> <span class='ocrx_word' id='word_1_321' title='bbox 750 2717 986 2780; x_wconf 81' lang='grc' dir='ltr'>κόλπους</span> <span class='ocrx_word' id='word_1_322' title='bbox 1017 2716 1111 2770; x_wconf 89' lang='grc' dir='ltr'><strong>τοῦ</strong></span> <span class='ocrx_word' id='word_1_323' title='bbox 1137 2717 1410 2789; x_wconf 69' lang='grc' dir='ltr'>’Λϐραὰμ,</span> <span class='ocrx_word' id='word_1_324' title='bbox 1445 2717 1524 2780; x_wconf 88' lang='grc' dir='ltr'><strong>είς</strong></span> <span class='ocrx_word' id='word_1_325' title='bbox 1557 2717 1657 2780; x_wconf 78' lang='grc' dir='ltr'>τὰς</span> <span class='ocrx_word' id='word_1_326' title='bbox 1683 2707 1890 2788; x_wconf 76' lang='grc' dir='ltr'>σκηνὰς</span> 
     </span>
    </p>
   </div>
   <div class='ocr_carea' id='block_1_45' title="bbox 293 2805 1890 2879">
    <p class='ocr_par' dir='ltr' id='par_1_45' title="bbox 293 2805 1890 2879">
     <span class='ocr_line' id='line_1_45' title="bbox 293 2805 1890 2879; baseline 0.002 -21"><span class='ocrx_word' id='word_1_327' title='bbox 293 2805 394 2870; x_wconf 73' lang='grc' dir='ltr'>τὰς</span> <span class='ocrx_word' id='word_1_328' title='bbox 421 2807 702 2872; x_wconf 79' lang='grc' dir='ltr'>αἰωνίους,</span> <span class='ocrx_word' id='word_1_329' title='bbox 734 2810 812 2872; x_wconf 85' lang='grc' dir='ltr'><strong>είς</strong></span> <span class='ocrx_word' id='word_1_330' title='bbox 847 2809 946 2878; x_wconf 80' lang='grc' dir='ltr'><strong>τὴν</strong></span> <span class='ocrx_word' id='word_1_331' title='bbox 977 2809 1073 2879; x_wconf 78' lang='grc' dir='ltr'>τῆς</span> <span class='ocrx_word' id='word_1_332' title='bbox 1111 2808 1260 2872; x_wconf 84' lang='grc' dir='ltr'>θείας</span> <span class='ocrx_word' id='word_1_333' title='bbox 1293 2808 1497 2879; x_wconf 79' lang='grc' dir='ltr'>λήξεως</span> <span class='ocrx_word' id='word_1_334' title='bbox 1537 2809 1729 2878; x_wconf 82' lang='grc' dir='ltr'>ἀγήρω</span> <span class='ocrx_word' id='word_1_335' title='bbox 1781 2824 1890 2878; x_wconf 78' lang='grc' dir='ltr'>μα-</span> 
     </span>
    </p>
   </div>
   <div class='ocr_carea' id='block_1_46' title="bbox 297 2892 1884 2970">
    <p class='ocr_par' dir='ltr' id='par_1_46' title="bbox 297 2892 1884 2970">
     <span class='ocr_line' id='line_1_46' title="bbox 297 2892 1884 2970; baseline 0.003 -22"><span class='ocrx_word' id='word_1_336' title='bbox 297 2897 620 2970; x_wconf 85' lang='grc' dir='ltr'>καριότητα.</span> <span class='ocrx_word' id='word_1_337' title='bbox 649 2892 758 2962; x_wconf 85' lang='grc' dir='ltr'>Ἦς</span> <span class='ocrx_word' id='word_1_338' title='bbox 816 2899 1027 2968; x_wconf 79' lang='grc' dir='ltr'>γένοιτο</span> <span class='ocrx_word' id='word_1_339' title='bbox 1083 2899 1293 2964; x_wconf 85' lang='grc' dir='ltr'>πάντας</span> <span class='ocrx_word' id='word_1_340' title='bbox 1357 2900 1505 2970; x_wconf 79' lang='grc' dir='ltr'>ἡμᾶς</span> <span class='ocrx_word' id='word_1_341' title='bbox 1569 2900 1884 2969; x_wconf 84' lang='grc' dir='ltr'>ἐπιτυχεῖν,</span> 
     </span>
    </p>
   </div>
   <div class='ocr_carea' id='block_1_47' title="bbox 295 2988 1887 3064">
    <p class='ocr_par' dir='ltr' id='par_1_47' title="bbox 295 2988 1887 3064">
     <span class='ocr_line' id='line_1_47' title="bbox 295 2988 1887 3064; baseline 0.001 -22"><span class='ocrx_word' id='word_1_342' title='bbox 295 2988 486 3059; x_wconf 81' lang='grc' dir='ltr'>χάριτι</span> <span class='ocrx_word' id='word_1_343' title='bbox 519 2991 615 3044; x_wconf 74' lang='grc' dir='ltr'><strong>καὶ</strong></span> <span class='ocrx_word' id='word_1_344' title='bbox 655 2989 1036 3064; x_wconf 76' lang='grc' dir='ltr'>φιλανθρωπίᾳ</span> <span class='ocrx_word' id='word_1_345' title='bbox 1090 2990 1187 3046; x_wconf 90' lang='grc' dir='ltr'><strong>τοῦ</strong></span> <span class='ocrx_word' id='word_1_346' title='bbox 1236 2992 1446 3056; x_wconf 83' lang='grc' dir='ltr'>πάντας</span> <span class='ocrx_word' id='word_1_347' title='bbox 1485 2993 1632 3063; x_wconf 78' lang='grc' dir='ltr'>ἡμᾶς</span> <span class='ocrx_word' id='word_1_348' title='bbox 1671 2989 1750 3055; x_wconf 80' lang='grc' dir='ltr'><strong>εἰς</strong></span> <span class='ocrx_word' id='word_1_349' title='bbox 1786 2991 1887 3064; x_wconf 84' lang='grc' dir='ltr'>τὴν</span> 
     </span>
    </p>
   </div>
   <div class='ocr_carea' id='block_1_48' title="bbox 291 3077 1885 3154">
    <p class='ocr_par' dir='ltr' id='par_1_48' title="bbox 291 3077 1885 3154">
     <span class='ocr_line' id='line_1_48' title="bbox 291 3077 1885 3154; baseline 0.003 -23"><span class='ocrx_word' id='word_1_350' title='bbox 291 3077 462 3132; x_wconf 81' lang='grc' dir='ltr'>αὑτοῦ</span> <span class='ocrx_word' id='word_1_351' title='bbox 495 3079 784 3145; x_wconf 83' lang='grc' dir='ltr'>καλοῦντος</span> <span class='ocrx_word' id='word_1_352' title='bbox 825 3083 1146 3151; x_wconf 75' lang='grc' dir='ltr'>ἐπίγνωσιν,</span> <span class='ocrx_word' id='word_1_353' title='bbox 1195 3082 1435 3154; x_wconf 78' lang='grc' dir='ltr'>Χριστοῦ</span> <span class='ocrx_word' id='word_1_354' title='bbox 1487 3081 1583 3135; x_wconf 84' lang='grc' dir='ltr'><strong>τοῦ</strong></span> <span class='ocrx_word' id='word_1_355' title='bbox 1627 3081 1885 3154; x_wconf 82' lang='grc' dir='ltr'>ἀληθινοῦ</span> 
     </span>
    </p>
   </div>
   <div class='ocr_carea' id='block_1_49' title="bbox 291 3169 1886 3246">
    <p class='ocr_par' dir='ltr' id='par_1_49' title="bbox 291 3169 1886 3246">
     <span class='ocr_line' id='line_1_49' title="bbox 291 3169 1886 3246; baseline 0.001 -23"><span class='ocrx_word' id='word_1_356' title='bbox 291 3170 433 3224; x_wconf 77' lang='grc' dir='ltr'>Θεοῦ</span> <span class='ocrx_word' id='word_1_357' title='bbox 464 3171 621 3244; x_wconf 83' lang='grc' dir='ltr'>ἡμῶν</span> <span class='ocrx_word' id='word_1_358' title='bbox 643 3191 658 3206; x_wconf 75' lang='grc' dir='ltr'><strong>ο</strong></span> <span class='ocrx_word' id='word_1_359' title='bbox 693 3174 815 3244; x_wconf 84' lang='grc' dir='ltr'>μεθ’</span> <span class='ocrx_word' id='word_1_360' title='bbox 838 3169 899 3229; x_wconf 79' lang='grc' dir='ltr'>οὗ</span> <span class='ocrx_word' id='word_1_361' title='bbox 929 3173 1006 3245; x_wconf 83' lang='grc' dir='ltr'>τῷ</span> <span class='ocrx_word' id='word_1_362' title='bbox 1031 3175 1206 3245; x_wconf 69' lang='lat' dir='ltr'><strong>Ila-cpi.</strong></span> <span class='ocrx_word' id='word_1_363' title='bbox 1231 3175 1264 3246; x_wconf 82' lang='grc' dir='ltr'><strong>ή</strong></span> <span class='ocrx_word' id='word_1_364' title='bbox 1296 3173 1446 3242; x_wconf 81' lang='grc' dir='ltr'>δόξα,</span> <span class='ocrx_word' id='word_1_365' title='bbox 1480 3171 1597 3244; x_wconf 76' lang='grc' dir='ltr'><strong>ἅμα</strong></span> <span class='ocrx_word' id='word_1_366' title='bbox 1621 3172 1701 3245; x_wconf 82' lang='grc' dir='ltr'>τῷ</span> <span class='ocrx_word' id='word_1_367' title='bbox 1747 3173 1886 3245; x_wconf 83' lang='grc' dir='ltr'>ἁγίῳ</span> 
     </span>
    </p>
   </div>
   <div class='ocr_carea' id='block_1_50' title="bbox 291 3262 1288 3337">
    <p class='ocr_par' dir='ltr' id='par_1_50' title="bbox 291 3262 1288 3337">
     <span class='ocr_line' id='line_1_50' title="bbox 291 3262 1288 3337; baseline 0.004 -21"><span class='ocrx_word' id='word_1_368' title='bbox 291 3262 701 3335; x_wconf 83' lang='grc' dir='ltr'>Πνεύματι.είς</span> <span class='ocrx_word' id='word_1_369' title='bbox 728 3265 822 3319; x_wconf 76' lang='grc' dir='ltr'><strong>τὸν</strong></span> <span class='ocrx_word' id='word_1_370' title='bbox 859 3265 1034 3320; x_wconf 81' lang='grc' dir='ltr'>αἰῶνα</span> <span class='ocrx_word' id='word_1_371' title='bbox 1090 3265 1288 3337; x_wconf 84' lang='grc' dir='ltr'>Ἀμήν.</span> 
     </span>
    </p>
   </div>
   <div class='ocr_carea' id='block_1_51' title="bbox 916 3396 1262 3454">
    <p class='ocr_par' dir='ltr' id='par_1_51' title="bbox 916 3396 1262 3454">
     <span class='ocr_line' id='line_1_51' title="bbox 916 3396 1262 3454; baseline 0.006 -2"><span class='ocrx_word' id='word_1_372' title='bbox 916 3396 1137 3453; x_wconf 84' lang='grc' dir='ltr'><strong>ΛΟΓΟΣ</strong></span> <span class='ocrx_word' id='word_1_373' title='bbox 1185 3397 1262 3454; x_wconf 82' lang='grc' dir='ltr'>Θ’.</span> 
     </span>
    </p>
   </div>
   <div class='ocr_carea' id='block_1_52' title="bbox 868 3511 1310 3586">
    <p class='ocr_par' dir='ltr' id='par_1_52' title="bbox 868 3511 1310 3586">
     <span class='ocr_line' id='line_1_52' title="bbox 868 3511 1310 3586; baseline 0.005 -21"><span class='ocrx_word' id='word_1_374' title='bbox 868 3512 912 3564; x_wconf 82' lang='grc' dir='ltr'><em>Ε</em></span> <span class='ocrx_word' id='word_1_375' title='bbox 917 3515 972 3579; x_wconf 68' lang='grc' dir='ltr'>ἐς</span> <span class='ocrx_word' id='word_1_376' title='bbox 1017 3511 1090 3566; x_wconf 82' lang='grc' dir='ltr'>τὰ</span> <span class='ocrx_word' id='word_1_377' title='bbox 1140 3513 1310 3586; x_wconf 69' lang='lat' dir='ltr'><strong>Buta.</strong></span> 
     </span>
    </p>
   </div>
   <div class='ocr_carea' id='block_1_53' title="bbox 350 3621 1890 3700">
    <p class='ocr_par' dir='ltr' id='par_1_53' title="bbox 350 3621 1890 3700">
     <span class='ocr_line' id='line_1_53' title="bbox 350 3621 1890 3700; baseline 0.006 -24"><span class='ocrx_word' id='word_1_378' title='bbox 350 3621 510 3688; x_wconf 65' lang='grc' dir='ltr'>Ἧθὲς</span> <span class='ocrx_word' id='word_1_379' title='bbox 564 3624 712 3694; x_wconf 81' lang='grc' dir='ltr'>ἡμᾶς</span> <span class='ocrx_word' id='word_1_380' title='bbox 768 3623 908 3694; x_wconf 83' lang='grc' dir='ltr'>μετὰ</span> <span class='ocrx_word' id='word_1_381' title='bbox 948 3626 1045 3678; x_wconf 81' lang='grc' dir='ltr'><strong>τοῦ</strong></span> <span class='ocrx_word' id='word_1_382' title='bbox 1083 3624 1354 3680; x_wconf 83' lang='grc' dir='ltr'>Δεσπότου</span> <span class='ocrx_word' id='word_1_383' title='bbox 1400 3625 1654 3700; x_wconf 80' lang='grc' dir='ltr'>Λάζαρος</span> <span class='ocrx_word' id='word_1_384' title='bbox 1706 3630 1890 3686; x_wconf 75' lang='grc' dir='ltr'>ἑστιά-</span> 
     </span>
    </p>
   </div>
   <div class='ocr_carea' id='block_1_54' title="bbox 299 3715 1892 3792">
    <p class='ocr_par' dir='ltr' id='par_1_54' title="bbox 299 3715 1892 3792">
     <span class='ocr_line' id='line_1_54' title="bbox 299 3715 1892 3792; baseline 0.006 -24"><span class='ocrx_word' id='word_1_385' title='bbox 299 3732 465 3779; x_wconf 86' lang='grc' dir='ltr'>σατο,</span> <span class='ocrx_word' id='word_1_386' title='bbox 510 3715 572 3769; x_wconf 84' lang='grc' dir='ltr'><strong>τὸ</strong></span> <span class='ocrx_word' id='word_1_387' title='bbox 623 3715 745 3770; x_wconf 81' lang='grc' dir='ltr'>καθ’</span> <span class='ocrx_word' id='word_1_388' title='bbox 787 3717 981 3771; x_wconf 74' lang='grc' dir='ltr'>ἑαυτὸν</span> <span class='ocrx_word' id='word_1_389' title='bbox 1045 3721 1179 3790; x_wconf 81' lang='grc' dir='ltr'>ἡμῖν</span> <span class='ocrx_word' id='word_1_390' title='bbox 1227 3719 1450 3792; x_wconf 78' lang='grc' dir='ltr'>προθεὶς</span> <span class='ocrx_word' id='word_1_391' title='bbox 1508 3723 1589 3784; x_wconf 87' lang='grc' dir='ltr'>εἰς</span> <span class='ocrx_word' id='word_1_392' title='bbox 1648 3721 1892 3778; x_wconf 82' lang='grc' dir='ltr'>ἑστίασιν</span> 
     </span>
    </p>
   </div>
   <div class='ocr_carea' id='block_1_55' title="bbox 224 3807 1892 3884">
    <p class='ocr_par' dir='ltr' id='par_1_55' title="bbox 224 3807 1892 3884">
     <span class='ocr_line' id='line_1_55' title="bbox 224 3807 1892 3884; baseline 0.004 -24"><span class='ocrx_word' id='word_1_393' title='bbox 224 3828 232 3836; x_wconf 90' lang='grc'>·</span> <span class='ocrx_word' id='word_1_394' title='bbox 297 3807 521 3879; x_wconf 85' lang='grc' dir='ltr'>θαῦμα·</span> <span class='ocrx_word' id='word_1_395' title='bbox 554 3809 796 3880; x_wconf 83' lang='grc' dir='ltr'>σήμερον</span> <span class='ocrx_word' id='word_1_396' title='bbox 834 3809 996 3874; x_wconf 80' lang='grc' dir='ltr'>αὐτὸς</span> <span class='ocrx_word' id='word_1_397' title='bbox 1037 3811 1066 3864; x_wconf 85' lang='grc' dir='ltr'>ὁ</span> <span class='ocrx_word' id='word_1_398' title='bbox 1110 3810 1245 3875; x_wconf 79' lang='grc' dir='ltr'>Θεὸς</span> <span class='ocrx_word' id='word_1_399' title='bbox 1291 3813 1384 3865; x_wconf 77' lang='grc' dir='ltr'><strong>καὶ</strong></span> <span class='ocrx_word' id='word_1_400' title='bbox 1416 3811 1590 3880; x_wconf 82' lang='grc' dir='ltr'>Λόγος</span> <span class='ocrx_word' id='word_1_401' title='bbox 1629 3812 1721 3866; x_wconf 77' lang='grc' dir='ltr'><strong>τὸν</strong></span> <span class='ocrx_word' id='word_1_402' title='bbox 1752 3813 1892 3884; x_wconf 79' lang='grc' dir='ltr'><strong>ὴμέ-</strong></span> 
     </span>
    </p>
   </div>
   <div class='ocr_carea' id='block_1_56' title="bbox 295 3884 1891 3974">
    <p class='ocr_par' dir='ltr' id='par_1_56' title="bbox 295 3884 1891 3974">
     <span class='ocr_line' id='line_1_56' title="bbox 295 3884 1891 3974; baseline 0.003 -22"><span class='ocrx_word' id='word_1_403' title='bbox 295 3915 456 3970; x_wconf 86' lang='grc' dir='ltr'>τερον</span> <span class='ocrx_word' id='word_1_404' title='bbox 484 3901 640 3972; x_wconf 76' lang='grc' dir='ltr'>ἑστιᾷ</span> <span class='ocrx_word' id='word_1_405' title='bbox 667 3899 824 3970; x_wconf 81' lang='grc' dir='ltr'>λόγον</span> <span class='ocrx_word' id='word_1_406' title='bbox 855 3901 982 3971; x_wconf 84' lang='grc' dir='ltr'>ὑμῖν</span> <span class='ocrx_word' id='word_1_407' title='bbox 1021 3905 1133 3966; x_wconf 83' lang='grc' dir='ltr'>τοῖς</span> <span class='ocrx_word' id='word_1_408' title='bbox 1167 3884 1471 3974; x_wconf 77' lang='grc' dir='ltr'>φιλεόρτοις</span> <span class='ocrx_word' id='word_1_409' title='bbox 1522 3904 1616 3956; x_wconf 71' lang='grc' dir='ltr'>καὶ</span> <span class='ocrx_word' id='word_1_410' title='bbox 1658 3903 1891 3972; x_wconf 83' lang='grc' dir='ltr'>φιλοκά-</span> 
     </span>
    </p>
   </div>
   <div class='ocr_carea' id='block_1_57' title="bbox 291 3993 1889 4067">
    <p class='ocr_par' dir='ltr' id='par_1_57' title="bbox 291 3993 1889 4067">
     <span class='ocr_line' id='line_1_57' title="bbox 291 3993 1889 4067; baseline 0.001 -20"><span class='ocrx_word' id='word_1_411' title='bbox 291 3993 442 4060; x_wconf 83' lang='grc' dir='ltr'>λοις,</span> <span class='ocrx_word' id='word_1_412' title='bbox 477 3997 590 4058; x_wconf 85' lang='grc' dir='ltr'>τοῖς</span> <span class='ocrx_word' id='word_1_413' title='bbox 633 3997 728 4062; x_wconf 82' lang='grc' dir='ltr'><strong>ἀφ’</strong></span> <span class='ocrx_word' id='word_1_414' title='bbox 761 3993 947 4050; x_wconf 75' lang='grc' dir='ltr'>ἱκανοῦ</span> <span class='ocrx_word' id='word_1_415' title='bbox 993 3995 1092 4066; x_wconf 83' lang='grc' dir='ltr'><strong>μὲν</strong></span> <span class='ocrx_word' id='word_1_416' title='bbox 1130 3997 1430 4065; x_wconf 78' lang='grc' dir='ltr'>ὴγωνικόσι</span> <span class='ocrx_word' id='word_1_417' title='bbox 1474 3994 1552 4064; x_wconf 83' lang='grc' dir='ltr'>τῷ</span> <span class='ocrx_word' id='word_1_418' title='bbox 1595 3995 1749 4067; x_wconf 78' lang='grc' dir='ltr'>ἄχθει</span> <span class='ocrx_word' id='word_1_419' title='bbox 1779 3994 1889 4048; x_wconf 89' lang='grc' dir='ltr'><strong>τῶν</strong></span> 
     </span>
    </p>
   </div>
   <div class='ocr_carea' id='block_1_58' title="bbox 297 4087 1887 4161">
    <p class='ocr_par' dir='ltr' id='par_1_58' title="bbox 297 4087 1887 4161">
     <span class='ocr_line' id='line_1_58' title="bbox 297 4087 1887 4161; baseline -0.001 -19"><span class='ocrx_word' id='word_1_420' title='bbox 297 4087 617 4158; x_wconf 82' lang='grc' dir='ltr'>συμφορῶν,</span> <span class='ocrx_word' id='word_1_421' title='bbox 640 4087 1032 4161; x_wconf 77' lang='grc' dir='ltr'>ἐπιρῤωσθείσι</span> <span class='ocrx_word' id='word_1_422' title='bbox 1051 4087 1106 4141; x_wconf 79' lang='grc' dir='ltr'><strong>δὲ</strong></span> <span class='ocrx_word' id='word_1_423' title='bbox 1126 4089 1366 4159; x_wconf 81' lang='grc' dir='ltr'>σήμερον</span> <span class='ocrx_word' id='word_1_424' title='bbox 1392 4087 1498 4140; x_wconf 77' lang='grc' dir='ltr'>ὑπὸ</span> <span class='ocrx_word' id='word_1_425' title='bbox 1522 4087 1887 4160; x_wconf 88' lang='grc' dir='ltr'>περιχαρείας</span> 
     </span>
    </p>
   </div>
   <div class='ocr_carea' id='block_1_59' title="bbox 293 4179 1888 4252">
    <p class='ocr_par' dir='ltr' id='par_1_59' title="bbox 293 4179 1888 4252">
     <span class='ocr_line' id='line_1_59' title="bbox 293 4179 1888 4252; baseline 0.001 -21"><span class='ocrx_word' id='word_1_426' title='bbox 293 4181 394 4250; x_wconf 80' lang='grc' dir='ltr'><strong>τῆς</strong></span> <span class='ocrx_word' id='word_1_427' title='bbox 426 4181 764 4250; x_wconf 81' lang='grc' dir='ltr'>Δεσποτικῆς</span> <span class='ocrx_word' id='word_1_428' title='bbox 785 4180 1166 4252; x_wconf 88' lang='grc' dir='ltr'>πανηγύρεως.</span> <span class='ocrx_word' id='word_1_429' title='bbox 1205 4181 1312 4234; x_wconf 82' lang='grc' dir='ltr'>Καὶ</span> <span class='ocrx_word' id='word_1_430' title='bbox 1355 4179 1502 4250; x_wconf 87' lang='grc' dir='ltr'>μάλα</span> <span class='ocrx_word' id='word_1_431' title='bbox 1537 4181 1782 4244; x_wconf 74' lang='grc' dir='ltr'>εἰκότως.</span> <span class='ocrx_word' id='word_1_432' title='bbox 1824 4180 1888 4233; x_wconf 81' lang='lat' dir='ltr'><strong>Et</strong></span> 
     </span>
    </p>
   </div>
   <div class='ocr_carea' id='block_1_60' title="bbox 295 4269 1888 4344">
    <p class='ocr_par' dir='ltr' id='par_1_60' title="bbox 295 4269 1888 4344">
     <span class='ocr_line' id='line_1_60' title="bbox 295 4269 1888 4344; baseline 0.001 -20"><span class='ocrx_word' id='word_1_433' title='bbox 295 4271 406 4342; x_wconf 77' lang='grc' dir='ltr'>γὰρ</span> <span class='ocrx_word' id='word_1_434' title='bbox 457 4272 618 4335; x_wconf 80' lang='grc' dir='ltr'>αὐτὸς</span> <span class='ocrx_word' id='word_1_435' title='bbox 660 4269 750 4328; x_wconf 78' lang='grc' dir='ltr'>οἷα</span> <span class='ocrx_word' id='word_1_436' title='bbox 793 4273 928 4337; x_wconf 77' lang='grc' dir='ltr'>Θεὸς</span> <span class='ocrx_word' id='word_1_437' title='bbox 956 4273 1204 4336; x_wconf 70' lang='grc' dir='ltr'>ἐπιστάς,</span> <span class='ocrx_word' id='word_1_438' title='bbox 1245 4272 1336 4326; x_wconf 79' lang='grc' dir='ltr'><strong>τὸν</strong></span> <span class='ocrx_word' id='word_1_439' title='bbox 1369 4273 1471 4344; x_wconf 78' lang='grc' dir='ltr'>ἤδη</span> <span class='ocrx_word' id='word_1_440' title='bbox 1505 4273 1760 4344; x_wconf 82' lang='grc' dir='ltr'>μυδῶντα</span> <span class='ocrx_word' id='word_1_441' title='bbox 1793 4273 1888 4327; x_wconf 80' lang='grc' dir='ltr'>καὶ</span> 
     </span>
    </p>
   </div>
   <div class='ocr_carea' id='block_1_61' title="bbox 296 4363 1888 4438">
    <p class='ocr_par' dir='ltr' id='par_1_61' title="bbox 296 4363 1888 4438">
     <span class='ocr_line' id='line_1_61' title="bbox 296 4363 1888 4438; baseline 0.001 -22"><span class='ocrx_word' id='word_1_442' title='bbox 296 4365 573 4434; x_wconf 77' lang='grc' dir='ltr'>σεσηπότα</span> <span class='ocrx_word' id='word_1_443' title='bbox 607 4365 716 4418; x_wconf 84' lang='grc' dir='ltr'><strong>τῶν</strong></span> <span class='ocrx_word' id='word_1_444' title='bbox 762 4365 888 4438; x_wconf 79' lang='grc' dir='ltr'>ᾅδου</span> <span class='ocrx_word' id='word_1_445' title='bbox 927 4364 1114 4437; x_wconf 84' lang='grc' dir='ltr'>μυχῶν</span> <span class='ocrx_word' id='word_1_446' title='bbox 1151 4363 1560 4436; x_wconf 78' lang='grc' dir='ltr'>ἁνεζὼγρησεν,</span> <span class='ocrx_word' id='word_1_447' title='bbox 1593 4365 1627 4436; x_wconf 81' lang='grc' dir='ltr'>ἦ</span> <span class='ocrx_word' id='word_1_448' title='bbox 1658 4383 1760 4419; x_wconf 86' lang='grc' dir='ltr'><strong>που</strong></span> <span class='ocrx_word' id='word_1_449' title='bbox 1792 4365 1888 4419; x_wconf 72' lang='grc' dir='ltr'>καὶ</span> 
     </span>
    </p>
   </div>
   <div class='ocr_carea' id='block_1_62' title="bbox 295 4457 1886 4530">
    <p class='ocr_par' dir='ltr' id='par_1_62' title="bbox 295 4457 1886 4530">
     <span class='ocr_line' id='line_1_62' title="bbox 295 4457 1886 4530; baseline 0 -19"><span class='ocrx_word' id='word_1_450' title='bbox 295 4457 392 4511; x_wconf 90' lang='grc' dir='ltr'><strong>νῦν</strong></span> <span class='ocrx_word' id='word_1_451' title='bbox 436 4457 532 4512; x_wconf 86' lang='grc' dir='ltr'><strong>τοῦ</strong></span> <span class='ocrx_word' id='word_1_452' title='bbox 585 4459 930 4530; x_wconf 82' lang='grc' dir='ltr'>γηράσαντος</span> <span class='ocrx_word' id='word_1_453' title='bbox 983 4461 1040 4514; x_wconf 76' lang='grc' dir='ltr'>ἐν</span> <span class='ocrx_word' id='word_1_454' title='bbox 1090 4461 1223 4530; x_wconf 81' lang='grc' dir='ltr'>ἡμῖν</span> <span class='ocrx_word' id='word_1_455' title='bbox 1273 4461 1439 4530; x_wconf 87' lang='grc' dir='ltr'>λόγου</span> <span class='ocrx_word' id='word_1_456' title='bbox 1495 4458 1776 4530; x_wconf 79' lang='grc' dir='ltr'>νευρώσας</span> <span class='ocrx_word' id='word_1_457' title='bbox 1825 4458 1886 4512; x_wconf 86' lang='grc' dir='ltr'><strong>τὸ</strong></span> 
     </span>
    </p>
   </div>
   <div class='ocr_carea' id='block_1_63' title="bbox 294 4551 1888 4625">
    <p class='ocr_par' dir='ltr' id='par_1_63' title="bbox 294 4551 1888 4625">
     <span class='ocr_line' id='line_1_63' title="bbox 294 4551 1888 4625; baseline 0 -21"><span class='ocrx_word' id='word_1_458' title='bbox 294 4551 514 4616; x_wconf 80' lang='grc' dir='ltr'>ἄτονον,</span> <span class='ocrx_word' id='word_1_459' title='bbox 573 4553 895 4623; x_wconf 65' lang='grc' dir='ltr'>σφριγῶντα</span> <span class='ocrx_word' id='word_1_460' title='bbox 946 4552 1112 4618; x_wconf 76' lang='grc' dir='ltr'>δείξει</span> <span class='ocrx_word' id='word_1_461' title='bbox 1163 4553 1302 4624; x_wconf 71' lang='grc' dir='ltr'>πρὸς</span> <span class='ocrx_word' id='word_1_462' title='bbox 1347 4554 1447 4625; x_wconf 80' lang='grc' dir='ltr'>τὴν</span> <span class='ocrx_word' id='word_1_463' title='bbox 1501 4553 1888 4624; x_wconf 77' lang='grc' dir='ltr'>ὲγηγερμένην</span> 
     </span>
    </p>
   </div>
   <div class='ocr_carea' id='block_1_64' title="bbox 296 4643 1886 4714">
    <p class='ocr_par' dir='ltr' id='par_1_64' title="bbox 296 4643 1886 4714">
     <span class='ocr_line' id='line_1_64' title="bbox 296 4643 1886 4714; baseline 0.001 -18"><span class='ocrx_word' id='word_1_464' title='bbox 296 4643 564 4697; x_wconf 72' lang='grc' dir='ltr'>ἑστίασιν.</span> <span class='ocrx_word' id='word_1_465' title='bbox 601 4643 910 4714; x_wconf 81' lang='grc' dir='ltr'>Προσέσται</span> <span class='ocrx_word' id='word_1_466' title='bbox 957 4645 1066 4714; x_wconf 78' lang='grc' dir='ltr'>γὰρ</span> <span class='ocrx_word' id='word_1_467' title='bbox 1097 4645 1322 4709; x_wconf 79' lang='grc' dir='ltr'>εἰκότως</span> <span class='ocrx_word' id='word_1_468' title='bbox 1359 4644 1508 4714; x_wconf 77' lang='grc' dir='ltr'>αὐτῷ</span> <span class='ocrx_word' id='word_1_469' title='bbox 1544 4644 1792 4697; x_wconf 86' lang='grc' dir='ltr'>νεανικόν</span> <span class='ocrx_word' id='word_1_470' title='bbox 1835 4662 1886 4698; x_wconf 87' lang='grc' dir='ltr'>τι</span> 
     </span>
    </p>
   </div>
   <div class='ocr_carea' id='block_1_65' title="bbox 299 4733 1888 4811">
    <p class='ocr_par' dir='ltr' id='par_1_65' title="bbox 299 4733 1888 4811">
     <span class='ocr_line' id='line_1_65' title="bbox 299 4733 1888 4811; baseline 0.001 -25"><span class='ocrx_word' id='word_1_471' title='bbox 299 4735 394 4787; x_wconf 70' lang='grc' dir='ltr'><strong>καὶ</strong></span> <span class='ocrx_word' id='word_1_472' title='bbox 446 4733 770 4804; x_wconf 74' lang='grc' dir='ltr'>θαρσαλέον,</span> <span class='ocrx_word' id='word_1_473' title='bbox 812 4736 1292 4807; x_wconf 77' lang='grc' dir='ltr'>ἁνασκιρτήσαντα</span> <span class='ocrx_word' id='word_1_474' title='bbox 1327 4739 1374 4770; x_wconf 80' lang='grc'><strong>³⁸</strong></span> <span class='ocrx_word' id='word_1_475' title='bbox 1417 4739 1526 4791; x_wconf 85' lang='grc' dir='ltr'><strong>τῶν</strong></span> <span class='ocrx_word' id='word_1_476' title='bbox 1563 4739 1888 4811; x_wconf 77' lang='grc' dir='ltr'>φωνητικῶν</span> 
     </span>
    </p>
   </div>
   <div class='ocr_carea' id='block_1_66' title="bbox 297 4827 1888 4902">
    <p class='ocr_par' dir='ltr' id='par_1_66' title="bbox 297 4827 1888 4902">
     <span class='ocr_line' id='line_1_66' title="bbox 297 4827 1888 4902; baseline 0.004 -23"><span class='ocrx_word' id='word_1_477' title='bbox 297 4827 548 4896; x_wconf 82' lang='grc' dir='ltr'>ὀργάνων</span> <span class='ocrx_word' id='word_1_478' title='bbox 578 4829 953 4899; x_wconf 79' lang='grc' dir='ltr'>ἀποπηδῆσαι,</span> <span class='ocrx_word' id='word_1_479' title='bbox 989 4831 1122 4902; x_wconf 83' lang='grc' dir='ltr'>πρὸς</span> <span class='ocrx_word' id='word_1_480' title='bbox 1150 4830 1326 4885; x_wconf 68' lang='grc' dir='ltr'>αὑτοῦ</span> <span class='ocrx_word' id='word_1_481' title='bbox 1347 4831 1443 4884; x_wconf 85' lang='grc' dir='ltr'><strong>τοῦ</strong></span> <span class='ocrx_word' id='word_1_482' title='bbox 1479 4831 1612 4886; x_wconf 78' lang='grc' dir='ltr'>Θεοῦ</span> <span class='ocrx_word' id='word_1_483' title='bbox 1649 4833 1744 4886; x_wconf 71' lang='grc' dir='ltr'><strong>καὶ</strong></span> <span class='ocrx_word' id='word_1_484' title='bbox 1783 4834 1888 4886; x_wconf 87' lang='grc' dir='ltr'>Λό-</span> 
     </span>
    </p>
   </div>
   <div class='ocr_carea' id='block_1_67' title="bbox 296 4919 1894 4996">
    <p class='ocr_par' dir='ltr' id='par_1_67' title="bbox 296 4919 1894 4996">
     <span class='ocr_line' id='line_1_67' title="bbox 296 4919 1894 4996; baseline 0.006 -25"><span class='ocrx_word' id='word_1_485' title='bbox 296 4937 398 4987; x_wconf 88' lang='grc' dir='ltr'><strong>γου</strong></span> <span class='ocrx_word' id='word_1_486' title='bbox 445 4919 813 4990; x_wconf 78' lang='grc' dir='ltr'>καλούμενον,</span> <span class='ocrx_word' id='word_1_487' title='bbox 857 4921 933 4985; x_wconf 87' lang='grc' dir='ltr'>ὡς</span> <span class='ocrx_word' id='word_1_488' title='bbox 977 4923 1043 4976; x_wconf 82' lang='grc' dir='ltr'><strong>ἐκ</strong></span> <span class='ocrx_word' id='word_1_489' title='bbox 1083 4925 1254 4992; x_wconf 67' lang='grc' dir='ltr'>τάφου</span> <span class='ocrx_word' id='word_1_490' title='bbox 1306 4923 1396 4977; x_wconf 82' lang='grc' dir='ltr'><strong>τὸν</strong></span> <span class='ocrx_word' id='word_1_491' title='bbox 1439 4925 1723 4996; x_wconf 81' lang='grc' dir='ltr'>Λάζαρον·</span> <span class='ocrx_word' id='word_1_492' title='bbox 1769 4925 1835 4978; x_wconf 80' lang='grc' dir='ltr'>ἵν’</span> <span class='ocrx_word' id='word_1_493' title='bbox 1865 4929 1894 4980; x_wconf 89' lang='grc' dir='ltr'><strong>ὁ</strong></span> 
     </span>
    </p>
   </div>
   <div class='ocr_carea' id='block_1_68' title="bbox 295 5011 1890 5090">
    <p class='ocr_par' dir='ltr' id='par_1_68' title="bbox 295 5011 1890 5090">
     <span class='ocr_line' id='line_1_68' title="bbox 295 5011 1890 5090; baseline 0.005 -25"><span class='ocrx_word' id='word_1_494' title='bbox 295 5011 427 5086; x_wconf 81' lang='grc' dir='ltr'>χθὲς</span> <span class='ocrx_word' id='word_1_495' title='bbox 461 5015 609 5082; x_wconf 81' lang='grc' dir='ltr'>ἡμᾶς</span> <span class='ocrx_word' id='word_1_496' title='bbox 635 5013 840 5086; x_wconf 70' lang='grc' dir='ltr'>θρέψας</span> <span class='ocrx_word' id='word_1_497' title='bbox 883 5015 962 5086; x_wconf 80' lang='grc' dir='ltr'>τῷ</span> <span class='ocrx_word' id='word_1_498' title='bbox 1010 5016 1134 5070; x_wconf 86' lang='grc' dir='ltr'>κατ’</span> <span class='ocrx_word' id='word_1_499' title='bbox 1157 5018 1368 5071; x_wconf 81' lang='grc' dir='ltr'>ἐκεῖνον</span> <span class='ocrx_word' id='word_1_500' title='bbox 1415 5016 1678 5088; x_wconf 78' lang='grc' dir='ltr'>θαύματι,</span> <span class='ocrx_word' id='word_1_501' title='bbox 1716 5017 1890 5090; x_wconf 62' lang='grc' dir='ltr'>θρέψῃ</span> 
     </span>
    </p>
   </div>
   <div class='ocr_carea' id='block_1_69' title="bbox 304 5105 1888 5183">
    <p class='ocr_par' dir='ltr' id='par_1_69' title="bbox 304 5105 1888 5183">
     <span class='ocr_line' id='line_1_69' title="bbox 304 5105 1888 5183; baseline 0.003 -23"><span class='ocrx_word' id='word_1_502' title='bbox 304 5105 398 5160; x_wconf 69' lang='grc' dir='ltr'>ναὶ</span> <span class='ocrx_word' id='word_1_503' title='bbox 443 5107 684 5183; x_wconf 85' lang='grc' dir='ltr'>σήμερον</span> <span class='ocrx_word' id='word_1_504' title='bbox 733 5109 762 5162; x_wconf 85' lang='grc' dir='ltr'>ὁ</span> <span class='ocrx_word' id='word_1_505' title='bbox 806 5107 971 5172; x_wconf 78' lang='grc' dir='ltr'>αὐτὸς</span> <span class='ocrx_word' id='word_1_506' title='bbox 1055 5107 1354 5182; x_wconf 69' lang='grc' dir='ltr'>ἁδρότερον</span> <span class='ocrx_word' id='word_1_507' title='bbox 1409 5110 1505 5164; x_wconf 68' lang='grc' dir='ltr'><strong>καὶ</strong></span> <span class='ocrx_word' id='word_1_508' title='bbox 1567 5109 1888 5180; x_wconf 71' lang='grc' dir='ltr'>δαψιλέστε-</span> 
     </span>
    </p>
   </div>
   <div class='ocr_carea' id='block_1_70' title="bbox 1999 1983 3586 2048">
    <p class='ocr_par' dir='ltr' id='par_1_70' title="bbox 1999 1983 3586 2048">
     <span class='ocr_line' id='line_1_70' title="bbox 1999 1983 3586 2048; baseline -0.001 -8"><span class='ocrx_word' id='word_1_509' title='bbox 1999 1983 2224 2040; x_wconf 85' lang='lat' dir='ltr'><strong>Christo</strong></span> <span class='ocrx_word' id='word_1_510' title='bbox 2274 1987 2508 2048; x_wconf 88' lang='lat' dir='ltr'><strong>amicas,</strong></span> <span class='ocrx_word' id='word_1_511' title='bbox 2551 1993 2610 2040; x_wconf 86' lang='lat' dir='ltr'><strong>ut</strong></span> <span class='ocrx_word' id='word_1_512' title='bbox 2644 2000 2771 2041; x_wconf 92' lang='lat' dir='ltr'><strong>eum</strong></span> <span class='ocrx_word' id='word_1_513' title='bbox 2829 1995 3088 2042; x_wconf 87' lang='lat' dir='ltr'><strong>mortuus</strong></span> <span class='ocrx_word' id='word_1_514' title='bbox 3128 1985 3325 2048; x_wconf 77' lang='lat' dir='ltr'><strong>fueris,</strong></span> <span class='ocrx_word' id='word_1_515' title='bbox 3357 1985 3586 2039; x_wconf 86' lang='lat' dir='ltr'><strong>mittant</strong></span> 
     </span>
    </p>
   </div>
   <div class='ocr_carea' id='block_1_71' title="bbox 2000 2073 3580 2142">
    <p class='ocr_par' dir='ltr' id='par_1_71' title="bbox 2000 2073 3580 2142">
     <span class='ocr_line' id='line_1_71' title="bbox 2000 2073 3580 2142; baseline 0.001 -14"><span class='ocrx_word' id='word_1_516' title='bbox 2000 2075 2069 2129; x_wconf 85' lang='lat' dir='ltr'><strong>ad</strong></span> <span class='ocrx_word' id='word_1_517' title='bbox 2117 2073 2332 2142; x_wconf 81' lang='lat' dir='ltr'><strong>Jesum,</strong></span> <span class='ocrx_word' id='word_1_518' title='bbox 2393 2077 2540 2132; x_wconf 91' lang='lat' dir='ltr'><strong>sicut</strong></span> <span class='ocrx_word' id='word_1_519' title='bbox 2598 2075 2771 2132; x_wconf 81' lang='lat' dir='ltr'><strong>Maria</strong></span> <span class='ocrx_word' id='word_1_520' title='bbox 2817 2085 2871 2132; x_wconf 89' lang='lat' dir='ltr'><strong>et</strong></span> <span class='ocrx_word' id='word_1_521' title='bbox 2901 2077 3132 2142; x_wconf 81' lang='lat' dir='ltr'><strong>Martha,</strong></span> <span class='ocrx_word' id='word_1_522' title='bbox 3177 2073 3270 2131; x_wconf 81' lang='lat' dir='ltr'><strong>illa</strong></span> <span class='ocrx_word' id='word_1_523' title='bbox 3302 2091 3580 2142; x_wconf 87' lang='lat' dir='ltr'><strong>sermone,</strong></span> 
     </span>
    </p>
   </div>
   <div class='ocr_carea' id='block_1_72' title="bbox 2001 2165 3584 2237">
    <p class='ocr_par' dir='ltr' id='par_1_72' title="bbox 2001 2165 3584 2237">
     <span class='ocr_line' id='line_1_72' title="bbox 2001 2165 3584 2237; baseline -0.002 -16"><span class='ocrx_word' id='word_1_524' title='bbox 2001 2167 2117 2221; x_wconf 65' lang='lat' dir='ltr'><strong>haec</strong></span> <span class='ocrx_word' id='word_1_525' title='bbox 2153 2182 2321 2237; x_wconf 89' lang='lat' dir='ltr'><strong>opere</strong></span> <span class='ocrx_word' id='word_1_526' title='bbox 2354 2167 2609 2224; x_wconf 88' lang='lat' dir='ltr'><strong>dicentes</strong></span> <span class='ocrx_word' id='word_1_527' title='bbox 2643 2185 2656 2222; x_wconf 95' lang='lat'><strong>:</strong></span> <span class='ocrx_word' id='word_1_528' title='bbox 2699 2186 2718 2220; x_wconf 85' lang='grc' dir='ltr'>ι</span> <span class='ocrx_word' id='word_1_529' title='bbox 2765 2165 3030 2230; x_wconf 85' lang='lat' dir='ltr'><strong>Domine,</strong></span> <span class='ocrx_word' id='word_1_530' title='bbox 3061 2181 3192 2222; x_wconf 86' lang='lat' dir='ltr'><strong>ecce</strong></span> <span class='ocrx_word' id='word_1_531' title='bbox 3232 2179 3394 2236; x_wconf 87' lang='lat' dir='ltr'><strong>quem</strong></span> <span class='ocrx_word' id='word_1_532' title='bbox 3427 2178 3584 2218; x_wconf 81' lang='lat' dir='ltr'><strong>amas</strong></span> 
     </span>
    </p>
   </div>
   <div class='ocr_carea' id='block_1_73' title="bbox 2001 2254 3585 2328">
    <p class='ocr_par' dir='ltr' id='par_1_73' title="bbox 2001 2254 3585 2328">
     <span class='ocr_line' id='line_1_73' title="bbox 2001 2254 3585 2328; baseline -0.003 -14"><span class='ocrx_word' id='word_1_533' title='bbox 2001 2259 2337 2314; x_wconf 85' lang='lat' dir='ltr'><strong>inﬁrmatur.</strong></span> <span class='ocrx_word' id='word_1_534' title='bbox 2376 2277 2396 2312; x_wconf 70' lang='grc' dir='ltr'>ι</span> <span class='ocrx_word' id='word_1_535' title='bbox 2439 2257 2509 2314; x_wconf 87' lang='lat' dir='ltr'><strong>Ut</strong></span> <span class='ocrx_word' id='word_1_536' title='bbox 2543 2274 2670 2314; x_wconf 90' lang='lat' dir='ltr'><strong>cum</strong></span> <span class='ocrx_word' id='word_1_537' title='bbox 2711 2257 2886 2314; x_wconf 81' lang='lat' dir='ltr'><strong>fueris</strong></span> <span class='ocrx_word' id='word_1_538' title='bbox 2935 2259 3182 2328; x_wconf 82' lang='lat' dir='ltr'><strong>perfecte</strong></span> <span class='ocrx_word' id='word_1_539' title='bbox 3213 2254 3585 2311; x_wconf 77' lang='lat' dir='ltr'><strong>mortiﬁcatus</strong></span> 
     </span>
    </p>
   </div>
   <div class='ocr_carea' id='block_1_74' title="bbox 2000 2347 3584 2422">
    <p class='ocr_par' dir='ltr' id='par_1_74' title="bbox 2000 2347 3584 2422">
     <span class='ocr_line' id='line_1_74' title="bbox 2000 2347 3584 2422; baseline -0.003 -16"><span class='ocrx_word' id='word_1_540' title='bbox 2000 2351 2232 2414; x_wconf 85' lang='lat' dir='ltr'><strong>mundo,</strong></span> <span class='ocrx_word' id='word_1_541' title='bbox 2271 2359 2327 2406; x_wconf 92' lang='lat' dir='ltr'><strong>et</strong></span> <span class='ocrx_word' id='word_1_542' title='bbox 2393 2351 2462 2407; x_wconf 87' lang='lat' dir='ltr'><strong>iis</strong></span> <span class='ocrx_word' id='word_1_543' title='bbox 2517 2367 2640 2422; x_wconf 66' lang='lat' dir='ltr'><strong>quae</strong></span> <span class='ocrx_word' id='word_1_544' title='bbox 2701 2361 2834 2406; x_wconf 88' lang='lat' dir='ltr'><strong>sunt</strong></span> <span class='ocrx_word' id='word_1_545' title='bbox 2887 2351 2944 2406; x_wconf 92' lang='lat' dir='ltr'><strong>in</strong></span> <span class='ocrx_word' id='word_1_546' title='bbox 3001 2349 3230 2415; x_wconf 89' lang='lat' dir='ltr'><strong>mundo,</strong></span> <span class='ocrx_word' id='word_1_547' title='bbox 3281 2347 3584 2402; x_wconf 78' lang='lat' dir='ltr'><strong>adveniens</strong></span> 
     </span>
    </p>
   </div>
   <div class='ocr_carea' id='block_1_75' title="bbox 1999 2439 3579 2510">
    <p class='ocr_par' dir='ltr' id='par_1_75' title="bbox 1999 2439 3579 2510">
     <span class='ocr_line' id='line_1_75' title="bbox 1999 2439 3579 2510; baseline -0.003 -12"><span class='ocrx_word' id='word_1_548' title='bbox 1999 2442 2259 2498; x_wconf 86' lang='lat' dir='ltr'><strong>Christus</strong></span> <span class='ocrx_word' id='word_1_549' title='bbox 2289 2444 2580 2498; x_wconf 72' lang='lat' dir='ltr'><strong>resuscitvt</strong></span> <span class='ocrx_word' id='word_1_550' title='bbox 2617 2453 2688 2508; x_wconf 89' lang='lat' dir='ltr'><strong>te,</strong></span> <span class='ocrx_word' id='word_1_551' title='bbox 2718 2443 2869 2496; x_wconf 87' lang='lat' dir='ltr'><strong>dicat</strong></span> <span class='ocrx_word' id='word_1_552' title='bbox 2899 2457 3030 2497; x_wconf 78' lang='lat' dir='ltr'><strong>vero</strong></span> <span class='ocrx_word' id='word_1_553' title='bbox 3070 2440 3140 2496; x_wconf 89' lang='lat' dir='ltr'><strong>ad</strong></span> <span class='ocrx_word' id='word_1_554' title='bbox 3168 2439 3393 2510; x_wconf 81' lang='lat' dir='ltr'><strong>angelos</strong></span> <span class='ocrx_word' id='word_1_555' title='bbox 3427 2453 3579 2494; x_wconf 85' lang='lat' dir='ltr'><strong>suos:</strong></span> 
     </span>
    </p>
   </div>
   <div class='ocr_carea' id='block_1_76' title="bbox 2005 2529 3581 2598">
    <p class='ocr_par' dir='ltr' id='par_1_76' title="bbox 2005 2529 3581 2598">
     <span class='ocr_line' id='line_1_76' title="bbox 2005 2529 3581 2598; baseline -0.003 -11"><span class='ocrx_word' id='word_1_556' title='bbox 2005 2553 2024 2586; x_wconf 73' lang='lat' dir='ltr'><strong>c</strong></span> <span class='ocrx_word' id='word_1_557' title='bbox 2063 2535 2295 2595; x_wconf 84' lang='lat' dir='ltr'><strong>Solvite.</strong></span> <span class='ocrx_word' id='word_1_558' title='bbox 2328 2544 2382 2589; x_wconf 88' lang='lat' dir='ltr'><strong>et</strong></span> <span class='ocrx_word' id='word_1_559' title='bbox 2411 2535 2581 2590; x_wconf 87' lang='lat' dir='ltr'><strong>sinite</strong></span> <span class='ocrx_word' id='word_1_560' title='bbox 2608 2535 2782 2590; x_wconf 89' lang='lat' dir='ltr'><strong>abire.</strong></span> <span class='ocrx_word' id='word_1_561' title='bbox 2825 2553 2844 2587; x_wconf 74' lang='grc' dir='ltr'><strong>ι</strong></span> <span class='ocrx_word' id='word_1_562' title='bbox 2883 2532 3102 2589; x_wconf 77' lang='lat' dir='ltr'><strong>Solvite.</strong></span> <span class='ocrx_word' id='word_1_563' title='bbox 3138 2529 3335 2586; x_wconf 83' lang='lat' dir='ltr'><strong>Unde?</strong></span> <span class='ocrx_word' id='word_1_564' title='bbox 3373 2532 3413 2584; x_wconf 74' lang='grc' dir='ltr'>Α</span> <span class='ocrx_word' id='word_1_565' title='bbox 3449 2544 3581 2598; x_wconf 80' lang='lat' dir='ltr'><strong>pec.-</strong></span> 
     </span>
    </p>
   </div>
   <div class='ocr_carea' id='block_1_77' title="bbox 1981 2621 3578 2693">
    <p class='ocr_par' dir='ltr' id='par_1_77' title="bbox 1981 2621 3578 2693">
     <span class='ocr_line' id='line_1_77' title="bbox 1981 2621 3578 2693; baseline -0.003 -12"><span class='ocrx_word' id='word_1_566' title='bbox 1981 2628 2106 2681; x_wconf 45' lang='lat' dir='ltr'><strong>veati</strong></span> <span class='ocrx_word' id='word_1_567' title='bbox 2143 2627 2402 2682; x_wconf 79' lang='lat' dir='ltr'><strong>vinculis.</strong></span> <span class='ocrx_word' id='word_1_568' title='bbox 2431 2627 2554 2693; x_wconf 84' lang='lat' dir='ltr'><strong>Quo</strong></span> <span class='ocrx_word' id='word_1_569' title='bbox 2591 2635 2774 2682; x_wconf 87' lang='lat' dir='ltr'><strong>autem</strong></span> <span class='ocrx_word' id='word_1_570' title='bbox 2808 2625 2956 2681; x_wconf 82' lang='lat' dir='ltr'><strong>abire</strong></span> <span class='ocrx_word' id='word_1_571' title='bbox 2981 2625 3004 2678; x_wconf 87' lang='lat'><strong><em>?</em></strong></span> <span class='ocrx_word' id='word_1_572' title='bbox 3031 2625 3112 2680; x_wconf 81' lang='lat' dir='ltr'><strong>Ad</strong></span> <span class='ocrx_word' id='word_1_573' title='bbox 3137 2621 3372 2678; x_wconf 63' lang='lat' dir='ltr'><strong>Abrahae</strong></span> <span class='ocrx_word' id='word_1_574' title='bbox 3399 2621 3578 2676; x_wconf 75' lang='lat' dir='ltr'><strong>sinus:</strong></span> 
     </span>
    </p>
   </div>
   <div class='ocr_carea' id='block_1_78' title="bbox 1999 2716 3588 2788">
    <p class='ocr_par' dir='ltr' id='par_1_78' title="bbox 1999 2716 3588 2788">
     <span class='ocr_line' id='line_1_78' title="bbox 1999 2716 3588 2788; baseline -0.003 -14"><span class='ocrx_word' id='word_1_575' title='bbox 1999 2719 2067 2774; x_wconf 87' lang='lat' dir='ltr'><strong>ad</strong></span> <span class='ocrx_word' id='word_1_576' title='bbox 2119 2730 2330 2776; x_wconf 80' lang='lat' dir='ltr'><strong>aeterna</strong></span> <span class='ocrx_word' id='word_1_577' title='bbox 2383 2721 2798 2776; x_wconf 86' lang='lat' dir='ltr'><strong>tabernacula:</strong></span> <span class='ocrx_word' id='word_1_578' title='bbox 2859 2718 2928 2774; x_wconf 81' lang='lat' dir='ltr'><strong>ad</strong></span> <span class='ocrx_word' id='word_1_579' title='bbox 2975 2719 3180 2773; x_wconf 67' lang='lat' dir='ltr'><strong>divinae</strong></span> <span class='ocrx_word' id='word_1_580' title='bbox 3229 2716 3436 2788; x_wconf 79' lang='lat' dir='ltr'><strong>quietis</strong></span> <span class='ocrx_word' id='word_1_581' title='bbox 3482 2728 3588 2770; x_wconf 85' lang='lat' dir='ltr'><strong>ne-</strong></span> 
     </span>
    </p>
   </div>
   <div class='ocr_carea' id='block_1_79' title="bbox 1999 2807 3585 2878">
    <p class='ocr_par' dir='ltr' id='par_1_79' title="bbox 1999 2807 3585 2878">
     <span class='ocr_line' id='line_1_79' title="bbox 1999 2807 3585 2878; baseline -0.005 -9"><span class='ocrx_word' id='word_1_582' title='bbox 1999 2813 2174 2869; x_wconf 88' lang='lat' dir='ltr'><strong>sciam</strong></span> <span class='ocrx_word' id='word_1_583' title='bbox 2211 2813 2354 2869; x_wconf 90' lang='lat' dir='ltr'><strong>senii</strong></span> <span class='ocrx_word' id='word_1_584' title='bbox 2404 2813 2832 2869; x_wconf 81' lang='lat' dir='ltr'><strong>beatitudinem.</strong></span> <span class='ocrx_word' id='word_1_585' title='bbox 2871 2811 3048 2878; x_wconf 85' lang='lat' dir='ltr'><strong>Quam</strong></span> <span class='ocrx_word' id='word_1_586' title='bbox 3103 2825 3204 2867; x_wconf 89' lang='lat' dir='ltr'><strong>nos</strong></span> <span class='ocrx_word' id='word_1_587' title='bbox 3242 2825 3440 2866; x_wconf 87' lang='lat' dir='ltr'><strong>omnes</strong></span> <span class='ocrx_word' id='word_1_588' title='bbox 3473 2807 3585 2864; x_wconf 85' lang='lat' dir='ltr'><strong>uti-</strong></span> 
     </span>
    </p>
   </div>
   <div class='ocr_carea' id='block_1_80' title="bbox 1999 2898 3583 2978">
    <p class='ocr_par' dir='ltr' id='par_1_80' title="bbox 1999 2898 3583 2978">
     <span class='ocr_line' id='line_1_80' title="bbox 1999 2898 3583 2978; baseline -0.004 -18"><span class='ocrx_word' id='word_1_589' title='bbox 1999 2922 2126 2961; x_wconf 87' lang='lat' dir='ltr'><strong>nam</strong></span> <span class='ocrx_word' id='word_1_590' title='bbox 2153 2921 2587 2978; x_wconf 90' lang='lat' dir='ltr'><strong>consequamur,</strong></span> <span class='ocrx_word' id='word_1_591' title='bbox 2617 2906 2740 2976; x_wconf 91' lang='lat' dir='ltr'><strong>ejus</strong></span> <span class='ocrx_word' id='word_1_592' title='bbox 2790 2906 2968 2977; x_wconf 66' lang='lat' dir='ltr'><strong>Gratia</strong></span> <span class='ocrx_word' id='word_1_593' title='bbox 2999 2913 3054 2961; x_wconf 92' lang='lat' dir='ltr'><strong>et</strong></span> <span class='ocrx_word' id='word_1_594' title='bbox 3087 2904 3452 2965; x_wconf 88' lang='lat' dir='ltr'><strong>humanitate,</strong></span> <span class='ocrx_word' id='word_1_595' title='bbox 3483 2898 3583 2970; x_wconf 90' lang='lat' dir='ltr'><strong>qui</strong></span> 
     </span>
    </p>
   </div>
   <div class='ocr_carea' id='block_1_81' title="bbox 1997 2991 3615 3068">
    <p class='ocr_par' dir='ltr' id='par_1_81' title="bbox 1997 2991 3615 3068">
     <span class='ocr_line' id='line_1_81' title="bbox 1997 2991 3615 3068; baseline -0.004 -17"><span class='ocrx_word' id='word_1_596' title='bbox 1997 3011 2196 3051; x_wconf 88' lang='lat' dir='ltr'><strong>omnes</strong></span> <span class='ocrx_word' id='word_1_597' title='bbox 2226 3012 2328 3052; x_wconf 90' lang='lat' dir='ltr'><strong>nos</strong></span> <span class='ocrx_word' id='word_1_598' title='bbox 2355 2997 2422 3051; x_wconf 87' lang='lat' dir='ltr'><strong>ad</strong></span> <span class='ocrx_word' id='word_1_599' title='bbox 2445 3011 2606 3053; x_wconf 89' lang='lat' dir='ltr'><strong>suam</strong></span> <span class='ocrx_word' id='word_1_600' title='bbox 2639 2996 2815 3066; x_wconf 87' lang='lat' dir='ltr'><strong>ipsius</strong></span> <span class='ocrx_word' id='word_1_601' title='bbox 2839 3003 3002 3051; x_wconf 88' lang='lat' dir='ltr'><strong>vocat</strong></span> <span class='ocrx_word' id='word_1_602' title='bbox 3027 2997 3393 3066; x_wconf 78' lang='lat' dir='ltr'><strong>agnitionem,</strong></span> <span class='ocrx_word' id='word_1_603' title='bbox 3425 2991 3615 3068; x_wconf 82' lang='lat' dir='ltr'><strong>Chri-_</strong></span> 
     </span>
    </p>
   </div>
   <div class='ocr_carea' id='block_1_82' title="bbox 1999 3085 3672 3165">
    <p class='ocr_par' dir='ltr' id='par_1_82' title="bbox 1999 3085 3672 3165">
     <span class='ocr_line' id='line_1_82' title="bbox 1999 3085 3672 3165; baseline -0.004 -22"><span class='ocrx_word' id='word_1_604' title='bbox 1999 3087 2225 3143; x_wconf 74' lang='lat' dir='ltr'><strong>stiwri</strong></span> <span class='ocrx_word' id='word_1_605' title='bbox 2284 3087 2378 3144; x_wconf 87' lang='lat' dir='ltr'><strong>Dei</strong></span> <span class='ocrx_word' id='word_1_606' title='bbox 2419 3087 2639 3144; x_wconf 88' lang='lat' dir='ltr'><strong>nostri:</strong></span> <span class='ocrx_word' id='word_1_607' title='bbox 2677 3103 2802 3142; x_wconf 90' lang='lat' dir='ltr'><strong>eum</strong></span> <span class='ocrx_word' id='word_1_608' title='bbox 2861 3102 2973 3157; x_wconf 89' lang='lat' dir='ltr'><strong>quo</strong></span> <span class='ocrx_word' id='word_1_609' title='bbox 3013 3085 3170 3140; x_wconf 85' lang='lat' dir='ltr'><strong>Patri</strong></span> <span class='ocrx_word' id='word_1_610' title='bbox 3228 3085 3426 3156; x_wconf 89' lang='lat' dir='ltr'><strong>gloria,</strong></span> <span class='ocrx_word' id='word_1_611' title='bbox 3467 3097 3580 3138; x_wconf 84' lang='lat' dir='ltr'><strong>una</strong></span> <span class='ocrx_word' id='word_1_612' title='bbox 3663 3157 3672 3165; x_wconf 40' lang='lat'><strong>&#39;</strong></span> 
     </span>
    </p>
   </div>
   <div class='ocr_carea' id='block_1_83' title="bbox 1995 3177 3218 3250">
    <p class='ocr_par' dir='ltr' id='par_1_83' title="bbox 1995 3177 3218 3250">
     <span class='ocr_line' id='line_1_83' title="bbox 1995 3177 3218 3250; baseline -0.001 -17"><span class='ocrx_word' id='word_1_613' title='bbox 1995 3192 2119 3234; x_wconf 87' lang='lat' dir='ltr'><strong>eum</strong></span> <span class='ocrx_word' id='word_1_614' title='bbox 2150 3178 2361 3250; x_wconf 83' lang='lat' dir='ltr'><strong>Spiritu</strong></span> <span class='ocrx_word' id='word_1_615' title='bbox 2391 3187 2588 3235; x_wconf 87' lang='lat' dir='ltr'><strong>saneto</strong></span> <span class='ocrx_word' id='word_1_616' title='bbox 2615 3177 2669 3233; x_wconf 92' lang='lat' dir='ltr'><strong>in</strong></span> <span class='ocrx_word' id='word_1_617' title='bbox 2699 3179 2986 3234; x_wconf 59' lang='lat' dir='ltr'><strong>saeculum.</strong></span> <span class='ocrx_word' id='word_1_618' title='bbox 3019 3177 3218 3234; x_wconf 81' lang='lat' dir='ltr'><strong>Amen.</strong></span> 
     </span>
    </p>
   </div>
   <div class='ocr_carea' id='block_1_84' title="bbox 2586 3398 2973 3458">
    <p class='ocr_par' dir='ltr' id='par_1_84' title="bbox 2586 3398 2973 3458">
     <span class='ocr_line' id='line_1_84' title="bbox 2586 3398 2973 3458; baseline -0.003 -1"><span class='ocrx_word' id='word_1_619' title='bbox 2586 3398 2846 3458; x_wconf 79' lang='lat' dir='ltr'><strong>ORATIO</strong></span> <span class='ocrx_word' id='word_1_620' title='bbox 2883 3401 2973 3456; x_wconf 81' lang='lat' dir='ltr'><strong>IX.</strong></span> 
     </span>
    </p>
   </div>
   <div class='ocr_carea' id='block_1_85' title="bbox 2378 3514 3187 3590">
    <p class='ocr_par' dir='ltr' id='par_1_85' title="bbox 2378 3514 3187 3590">
     <span class='ocr_line' id='line_1_85' title="bbox 2378 3514 3187 3590; baseline 0.002 -19"><span class='ocrx_word' id='word_1_621' title='bbox 2378 3514 2450 3572; x_wconf 87' lang='lat' dir='ltr'><strong>&#39;In</strong></span> <span class='ocrx_word' id='word_1_622' title='bbox 2477 3533 2660 3573; x_wconf 74' lang='lat' dir='ltr'><strong>ramos</strong></span> <span class='ocrx_word' id='word_1_623' title='bbox 2705 3517 3021 3572; x_wconf 68' lang='lat' dir='ltr'><strong>Palinurum</strong></span> <span class='ocrx_word' id='word_1_624' title='bbox 3051 3516 3187 3590; x_wconf 88' lang='lat' dir='ltr'><strong>(l9).</strong></span> 
     </span>
    </p>
   </div>
   <div class='ocr_carea' id='block_1_86' title="bbox 2062 3631 3580 3704">
    <p class='ocr_par' dir='ltr' id='par_1_86' title="bbox 2062 3631 3580 3704">
     <span class='ocr_line' id='line_1_86' title="bbox 2062 3631 3580 3704; baseline 0.001 -17"><span class='ocrx_word' id='word_1_625' title='bbox 2062 3631 2178 3688; x_wconf 86' lang='lat' dir='ltr'><strong>Nos</strong></span> <span class='ocrx_word' id='word_1_626' title='bbox 2203 3632 2321 3688; x_wconf 86' lang='lat' dir='ltr'><strong>heri</strong></span> <span class='ocrx_word' id='word_1_627' title='bbox 2355 3647 2482 3689; x_wconf 90' lang='lat' dir='ltr'><strong>cum</strong></span> <span class='ocrx_word' id='word_1_628' title='bbox 2509 3633 2750 3690; x_wconf 90' lang='lat' dir='ltr'><strong>Domino</strong></span> <span class='ocrx_word' id='word_1_629' title='bbox 2779 3634 3051 3698; x_wconf 76' lang='lat' dir='ltr'><strong>Lazarus“.</strong></span> <span class='ocrx_word' id='word_1_630' title='bbox 3085 3631 3338 3688; x_wconf 82' lang='lat' dir='ltr'><strong>miraculi</strong></span> <span class='ocrx_word' id='word_1_631' title='bbox 3373 3631 3428 3689; x_wconf 91' lang='lat' dir='ltr'><strong>in</strong></span> <span class='ocrx_word' id='word_1_632' title='bbox 3460 3632 3580 3704; x_wconf 82' lang='lat' dir='ltr'><strong>ipso</strong></span> 
     </span>
    </p>
   </div>
   <div class='ocr_carea' id='block_1_87' title="bbox 1992 3711 3578 3800">
    <p class='ocr_par' dir='ltr' id='par_1_87' title="bbox 1992 3711 3578 3800">
     <span class='ocr_line' id='line_1_87' title="bbox 1992 3711 3578 3800; baseline 0.001 -18"><span class='ocrx_word' id='word_1_633' title='bbox 1992 3726 2228 3782; x_wconf 79' lang='lat' dir='ltr'><strong>exhibiti</strong></span> <span class='ocrx_word' id='word_1_634' title='bbox 2288 3726 2525 3798; x_wconf 90' lang='lat' dir='ltr'><strong>dapibus</strong></span> <span class='ocrx_word' id='word_1_635' title='bbox 2573 3729 2905 3800; x_wconf 89' lang='lat' dir='ltr'><strong>propositis,</strong></span> <span class='ocrx_word' id='word_1_636' title='bbox 2956 3729 3105 3784; x_wconf 88' lang='lat' dir='ltr'><strong>laute</strong></span> <span class='ocrx_word' id='word_1_637' title='bbox 3151 3728 3386 3792; x_wconf 63' lang='lat' dir='ltr'><strong>habuit,</strong></span> <span class='ocrx_word' id='word_1_638' title='bbox 3419 3711 3578 3783; x_wconf 67' lang='lat' dir='ltr'><strong>vobis</strong></span> 
     </span>
    </p>
   </div>
   <div class='ocr_carea' id='block_1_88' title="bbox 1995 3819 3578 3892">
    <p class='ocr_par' dir='ltr' id='par_1_88' title="bbox 1995 3819 3578 3892">
     <span class='ocr_line' id='line_1_88' title="bbox 1995 3819 3578 3892; baseline 0.001 -18"><span class='ocrx_word' id='word_1_639' title='bbox 1995 3819 2162 3875; x_wconf 87' lang='lat' dir='ltr'><strong>hodie</strong></span> <span class='ocrx_word' id='word_1_640' title='bbox 2194 3819 2320 3874; x_wconf 83' lang='lat' dir='ltr'><strong>festi</strong></span> <span class='ocrx_word' id='word_1_641' title='bbox 2370 3820 2704 3892; x_wconf 85' lang='lat' dir='ltr'><strong>honestique</strong></span> <span class='ocrx_word' id='word_1_642' title='bbox 2763 3821 3102 3886; x_wconf 83' lang='lat' dir='ltr'><strong>amantibus,</strong></span> <span class='ocrx_word' id='word_1_643' title='bbox 3138 3821 3286 3876; x_wconf 91' lang='lat' dir='ltr'><strong>Deus</strong></span> <span class='ocrx_word' id='word_1_644' title='bbox 3343 3821 3462 3892; x_wconf 87' lang='lat' dir='ltr'><strong>ipse</strong></span> <span class='ocrx_word' id='word_1_645' title='bbox 3512 3835 3578 3876; x_wconf 88' lang='lat' dir='ltr'><strong>ac</strong></span> 
     </span>
    </p>
   </div>
   <div class='ocr_carea' id='block_1_89' title="bbox 1995 3910 3577 3985">
    <p class='ocr_par' dir='ltr' id='par_1_89' title="bbox 1995 3910 3577 3985">
     <span class='ocr_line' id='line_1_89' title="bbox 1995 3910 3577 3985; baseline 0.001 -19"><span class='ocrx_word' id='word_1_646' title='bbox 1995 3910 2189 3966; x_wconf 86' lang='lat' dir='ltr'><strong>Sermo</strong></span> <span class='ocrx_word' id='word_1_647' title='bbox 2220 3927 2538 3969; x_wconf 88' lang='lat' dir='ltr'><strong>sermonem</strong></span> <span class='ocrx_word' id='word_1_648' title='bbox 2561 3923 2814 3972; x_wconf 90' lang='lat' dir='ltr'><strong>nostrum</strong></span> <span class='ocrx_word' id='word_1_649' title='bbox 2840 3929 2951 3985; x_wconf 90' lang='lat' dir='ltr'><strong>quo</strong></span> <span class='ocrx_word' id='word_1_650' title='bbox 2983 3913 3290 3982; x_wconf 89' lang='lat' dir='ltr'><strong>epulemini</strong></span> <span class='ocrx_word' id='word_1_651' title='bbox 3327 3915 3577 3984; x_wconf 88' lang='lat' dir='ltr'><strong>apponit.</strong></span> 
     </span>
    </p>
   </div>
   <div class='ocr_carea' id='block_1_90' title="bbox 1992 4003 3578 4079">
    <p class='ocr_par' dir='ltr' id='par_1_90' title="bbox 1992 4003 3578 4079">
     <span class='ocr_line' id='line_1_90' title="bbox 1992 4003 3578 4079; baseline 0.001 -22"><span class='ocrx_word' id='word_1_652' title='bbox 1992 4003 2162 4060; x_wconf 77' lang='lat' dir='ltr'><strong>Vobis</strong></span> <span class='ocrx_word' id='word_1_653' title='bbox 2230 4004 2482 4075; x_wconf 89' lang='lat' dir='ltr'><strong>inquam,</strong></span> <span class='ocrx_word' id='word_1_654' title='bbox 2538 4006 2634 4077; x_wconf 88' lang='lat' dir='ltr'><strong>qui</strong></span> <span class='ocrx_word' id='word_1_655' title='bbox 2663 4021 2706 4079; x_wconf 89' lang='lat' dir='ltr'><strong>_a</strong></span> <span class='ocrx_word' id='word_1_656' title='bbox 2765 4016 2848 4061; x_wconf 81' lang='lat' dir='ltr'><strong>sat</strong></span> <span class='ocrx_word' id='word_1_657' title='bbox 2899 4006 3075 4060; x_wconf 89' lang='lat' dir='ltr'><strong>multo</strong></span> <span class='ocrx_word' id='word_1_658' title='bbox 3125 4013 3398 4075; x_wconf 88' lang='lat' dir='ltr'><strong>tempore,</strong></span> <span class='ocrx_word' id='word_1_659' title='bbox 3452 4020 3578 4060; x_wconf 91' lang='lat' dir='ltr'><strong>cum</strong></span> 
     </span>
    </p>
   </div>
   <div class='ocr_carea' id='block_1_91' title="bbox 1996 4094 3581 4161">
    <p class='ocr_par' dir='ltr' id='par_1_91' title="bbox 1996 4094 3581 4161">
     <span class='ocr_line' id='line_1_91' title="bbox 1996 4094 3581 4161; baseline 0.001 -12"><span class='ocrx_word' id='word_1_660' title='bbox 1996 4094 2248 4151; x_wconf 77' lang='lat' dir='ltr'><strong>molestia</strong></span> <span class='ocrx_word' id='word_1_661' title='bbox 2302 4099 2686 4153; x_wconf 88' lang='lat' dir='ltr'><strong>calamitatum</strong></span> <span class='ocrx_word' id='word_1_662' title='bbox 2750 4105 3040 4154; x_wconf 83' lang='lat' dir='ltr'><strong>certamen</strong></span> <span class='ocrx_word' id='word_1_663' title='bbox 3093 4097 3392 4161; x_wconf 90' lang='lat' dir='ltr'><strong>habuistis,</strong></span> <span class='ocrx_word' id='word_1_664' title='bbox 3429 4111 3581 4150; x_wconf 88' lang='lat' dir='ltr'><strong>nunc</strong></span> 
     </span>
    </p>
   </div>
   <div class='ocr_carea' id='block_1_92' title="bbox 1996 4173 3582 4258">
    <p class='ocr_par' dir='ltr' id='par_1_92' title="bbox 1996 4173 3582 4258">
     <span class='ocr_line' id='line_1_92' title="bbox 1996 4173 3582 4258; baseline -0.001 -15"><span class='ocrx_word' id='word_1_665' title='bbox 1996 4173 2178 4244; x_wconf 78' lang='lat' dir='ltr'><strong>autem</strong></span> <span class='ocrx_word' id='word_1_666' title='bbox 2218 4189 2516 4244; x_wconf 68' lang='lat' dir='ltr'><strong>Dominieae</strong></span> <span class='ocrx_word' id='word_1_667' title='bbox 2573 4190 2896 4247; x_wconf 75' lang='lat' dir='ltr'><strong>festivitatis</strong></span> <span class='ocrx_word' id='word_1_668' title='bbox 2946 4189 3337 4245; x_wconf 82' lang='lat' dir='ltr'><strong>abundantiori</strong></span> <span class='ocrx_word' id='word_1_669' title='bbox 3384 4189 3582 4258; x_wconf 84' lang='lat' dir='ltr'><strong>gaudio</strong></span> 
     </span>
    </p>
   </div>
   <div class='ocr_carea' id='block_1_93' title="bbox 1998 4278 3578 4352">
    <p class='ocr_par' dir='ltr' id='par_1_93' title="bbox 1998 4278 3578 4352">
     <span class='ocr_line' id='line_1_93' title="bbox 1998 4278 3578 4352; baseline -0.001 -22"><span class='ocrx_word' id='word_1_670' title='bbox 1998 4282 2144 4336; x_wconf 70' lang='lat' dir='ltr'><strong>vires</strong></span> <span class='ocrx_word' id='word_1_671' title='bbox 2210 4278 2613 4352; x_wconf 49' lang='lat' dir='ltr'><strong>resumpsisti’s.</strong></span> <span class='ocrx_word' id='word_1_672' title='bbox 2668 4284 2744 4336; x_wconf 82' lang='lat' dir='ltr'><strong>Ac</strong></span> <span class='ocrx_word' id='word_1_673' title='bbox 2779 4283 2943 4352; x_wconf 88' lang='lat' dir='ltr'><strong>plane</strong></span> <span class='ocrx_word' id='word_1_674' title='bbox 2982 4283 3205 4336; x_wconf 90' lang='lat' dir='ltr'><strong>merito.</strong></span> <span class='ocrx_word' id='word_1_675' title='bbox 3262 4279 3397 4334; x_wconf 83' lang='lat' dir='ltr'><strong>Nam</strong></span> <span class='ocrx_word' id='word_1_676' title='bbox 3453 4293 3578 4333; x_wconf 89' lang='lat' dir='ltr'><strong>eum</strong></span> 
     </span>
    </p>
   </div>
   <div class='ocr_carea' id='block_1_94' title="bbox 1976 4362 3580 4442">
    <p class='ocr_par' dir='ltr' id='par_1_94' title="bbox 1976 4362 3580 4442">
     <span class='ocr_line' id='line_1_94' title="bbox 1976 4362 3580 4442; baseline -0.002 -17"><span class='ocrx_word' id='word_1_677' title='bbox 1976 4362 2136 4442; x_wconf 58' lang='lat' dir='ltr'><strong>ipse,</strong></span> <span class='ocrx_word' id='word_1_678' title='bbox 2173 4371 2324 4428; x_wconf 85' lang='lat' dir='ltr'><strong>velut</strong></span> <span class='ocrx_word' id='word_1_679' title='bbox 2352 4374 2616 4428; x_wconf 88' lang='lat' dir='ltr'><strong>nimirum</strong></span> <span class='ocrx_word' id='word_1_680' title='bbox 2650 4372 2818 4436; x_wconf 90' lang='lat' dir='ltr'><strong>Deus,</strong></span> <span class='ocrx_word' id='word_1_681' title='bbox 2870 4373 3135 4427; x_wconf 78' lang='lat' dir='ltr'><strong>fetentem</strong></span> <span class='ocrx_word' id='word_1_682' title='bbox 3169 4372 3284 4442; x_wconf 83' lang='lat' dir='ltr'><strong>jam</strong></span> <span class='ocrx_word' id='word_1_683' title='bbox 3332 4377 3580 4440; x_wconf 77' lang='lat' dir='ltr'><strong>putrem-</strong></span> 
     </span>
    </p>
   </div>
   <div class='ocr_carea' id='block_1_95' title="bbox 1995 4459 3576 4533">
    <p class='ocr_par' dir='ltr' id='par_1_95' title="bbox 1995 4459 3576 4533">
     <span class='ocr_line' id='line_1_95' title="bbox 1995 4459 3576 4533; baseline -0.004 -15"><span class='ocrx_word' id='word_1_684' title='bbox 1995 4480 2104 4533; x_wconf 87' lang='lat' dir='ltr'><strong>que</strong></span> <span class='ocrx_word' id='word_1_685' title='bbox 2166 4465 2321 4518; x_wconf 90' lang='lat' dir='ltr'><strong>illum</strong></span> <span class='ocrx_word' id='word_1_686' title='bbox 2381 4481 2446 4520; x_wconf 77' lang='lat' dir='ltr'><strong>ex</strong></span> <span class='ocrx_word' id='word_1_687' title='bbox 2502 4463 2710 4519; x_wconf 81' lang='lat' dir='ltr'><strong>inferni</strong></span> <span class='ocrx_word' id='word_1_688' title='bbox 2762 4463 3142 4533; x_wconf 87' lang='lat' dir='ltr'><strong>penetralibus</strong></span> <span class='ocrx_word' id='word_1_689' title='bbox 3186 4476 3288 4517; x_wconf 88' lang='lat' dir='ltr'><strong>ceu</strong></span> <span class='ocrx_word' id='word_1_690' title='bbox 3333 4459 3576 4530; x_wconf 75' lang='lat' dir='ltr'><strong>przedam</strong></span> 
     </span>
    </p>
   </div>
   <div class='ocr_carea' id='block_1_96' title="bbox 1993 4551 3581 4621">
    <p class='ocr_par' dir='ltr' id='par_1_96' title="bbox 1993 4551 3581 4621">
     <span class='ocr_line' id='line_1_96' title="bbox 1993 4551 3581 4621; baseline -0.004 -11"><span class='ocrx_word' id='word_1_691' title='bbox 1993 4557 2230 4610; x_wconf 77' lang='lat' dir='ltr'><strong>adventu</strong></span> <span class='ocrx_word' id='word_1_692' title='bbox 2267 4557 2635 4621; x_wconf 83' lang='lat' dir='ltr'><strong>revocaverit,</strong></span> <span class='ocrx_word' id='word_1_693' title='bbox 2688 4555 2832 4610; x_wconf 77' lang='lat' dir='ltr'><strong>forte</strong></span> <span class='ocrx_word' id='word_1_694' title='bbox 2858 4561 2915 4610; x_wconf 87' lang='lat' dir='ltr'><strong>et</strong></span> <span class='ocrx_word' id='word_1_695' title='bbox 2958 4553 3124 4608; x_wconf 89' lang='lat' dir='ltr'><strong>modo</strong></span> <span class='ocrx_word' id='word_1_696' title='bbox 3151 4553 3346 4608; x_wconf 88' lang='lat' dir='ltr'><strong>senilis</strong></span> <span class='ocrx_word' id='word_1_697' title='bbox 3387 4551 3442 4606; x_wconf 89' lang='lat' dir='ltr'><strong>in</strong></span> <span class='ocrx_word' id='word_1_698' title='bbox 3479 4565 3581 4604; x_wconf 82' lang='lat' dir='ltr'><strong>no-</strong></span> 
     </span>
    </p>
   </div>
   <div class='ocr_carea' id='block_1_97' title="bbox 1925 4644 3580 4724">
    <p class='ocr_par' dir='ltr' id='par_1_97' title="bbox 1925 4644 3580 4724">
     <span class='ocr_line' id='line_1_97' title="bbox 1925 4644 3580 4724; baseline -0.004 -19"><span class='ocrx_word' id='word_1_699' title='bbox 1925 4671 1966 4724; x_wconf 81' lang='grc' dir='ltr'><strong>ι)</strong></span> <span class='ocrx_word' id='word_1_700' title='bbox 1996 4651 2083 4705; x_wconf 84' lang='lat' dir='ltr'><strong>bis</strong></span> <span class='ocrx_word' id='word_1_701' title='bbox 2115 4650 2388 4706; x_wconf 90' lang='lat' dir='ltr'><strong>sermonis</strong></span> <span class='ocrx_word' id='word_1_702' title='bbox 2446 4651 2736 4706; x_wconf 74' lang='lat' dir='ltr'><strong>remissam</strong></span> <span class='ocrx_word' id='word_1_703' title='bbox 2772 4649 2881 4704; x_wconf 91' lang='lat' dir='ltr'><strong>vim</strong></span> <span class='ocrx_word' id='word_1_704' title='bbox 2916 4649 3216 4716; x_wconf 70' lang='lat' dir='ltr'><strong>roborans.</strong></span> <span class='ocrx_word' id='word_1_705' title='bbox 3284 4644 3580 4701; x_wconf 61' lang='lat' dir='ltr'><strong>luxurian-</strong></span> 
     </span>
    </p>
   </div>
   <div class='ocr_carea' id='block_1_98' title="bbox 2000 4742 3580 4813">
    <p class='ocr_par' dir='ltr' id='par_1_98' title="bbox 2000 4742 3580 4813">
     <span class='ocr_line' id='line_1_98' title="bbox 2000 4742 3580 4813; baseline -0.003 -17"><span class='ocrx_word' id='word_1_706' title='bbox 2000 4751 2108 4796; x_wconf 87' lang='lat' dir='ltr'><strong>tem</strong></span> <span class='ocrx_word' id='word_1_707' title='bbox 2141 4751 2532 4813; x_wconf 79' lang='lat' dir='ltr'><strong>vegetumque,</strong></span> <span class='ocrx_word' id='word_1_708' title='bbox 2577 4753 2638 4798; x_wconf 88' lang='lat' dir='ltr'><strong>ut</strong></span> <span class='ocrx_word' id='word_1_709' title='bbox 2669 4746 2948 4800; x_wconf 80' lang='lat' dir='ltr'><strong>excitatus</strong></span> <span class='ocrx_word' id='word_1_710' title='bbox 2987 4742 3300 4811; x_wconf 86' lang='lat' dir='ltr'><strong>alacrisque</strong></span> <span class='ocrx_word' id='word_1_711' title='bbox 3327 4755 3426 4793; x_wconf 90' lang='lat' dir='ltr'><strong>ceu</strong></span> <span class='ocrx_word' id='word_1_712' title='bbox 3452 4752 3580 4792; x_wconf 85' lang='lat' dir='ltr'><strong>eon-</strong></span> 
     </span>
    </p>
   </div>
   <div class='ocr_carea' id='block_1_99' title="bbox 2001 4831 3582 4907">
    <p class='ocr_par' dir='ltr' id='par_1_99' title="bbox 2001 4831 3582 4907">
     <span class='ocr_line' id='line_1_99' title="bbox 2001 4831 3582 4907; baseline -0.004 -19"><span class='ocrx_word' id='word_1_713' title='bbox 2001 4834 2148 4889; x_wconf 78' lang='lat' dir='ltr'><strong>vivio</strong></span> <span class='ocrx_word' id='word_1_714' title='bbox 2179 4836 2440 4906; x_wconf 68' lang='lat' dir='ltr'><strong>en-ipiat,</strong></span> <span class='ocrx_word' id='word_1_715' title='bbox 2499 4835 2712 4894; x_wconf 80' lang='lat' dir='ltr'><strong>fecerit.</strong></span> <span class='ocrx_word' id='word_1_716' title='bbox 2768 4836 2916 4891; x_wconf 88' lang='lat' dir='ltr'><strong>Sane</strong></span> <span class='ocrx_word' id='word_1_717' title='bbox 2972 4835 3164 4907; x_wconf 82' lang='lat' dir='ltr'><strong>utique</strong></span> <span class='ocrx_word' id='word_1_718' title='bbox 3207 4831 3582 4902; x_wconf 77' lang='lat' dir='ltr'><strong>juvenile-ali-</strong></span> 
     </span>
    </p>
   </div>
   <div class='ocr_carea' id='block_1_100' title="bbox 2001 4923 3581 5000">
    <p class='ocr_par' dir='ltr' id='par_1_100' title="bbox 2001 4923 3581 5000">
     <span class='ocr_line' id='line_1_100' title="bbox 2001 4923 3581 5000; baseline -0.002 -20"><span class='ocrx_word' id='word_1_719' title='bbox 2001 4929 2130 4997; x_wconf 88' lang='lat' dir='ltr'><strong>quid</strong></span> <span class='ocrx_word' id='word_1_720' title='bbox 2170 4929 2746 5000; x_wconf 79' lang='lat' dir='ltr'><strong>audaeiusculnmque</strong></span> <span class='ocrx_word' id='word_1_721' title='bbox 2794 4929 3072 4994; x_wconf 88' lang='lat' dir='ltr'><strong>habuerit,</strong></span> <span class='ocrx_word' id='word_1_722' title='bbox 3127 4935 3186 4981; x_wconf 90' lang='lat' dir='ltr'><strong>ut</strong></span> <span class='ocrx_word' id='word_1_723' title='bbox 3226 4926 3335 4981; x_wconf 91' lang='lat' dir='ltr'><strong>Deo</strong></span> <span class='ocrx_word' id='word_1_724' title='bbox 3355 4923 3490 4993; x_wconf 81' lang='lat' dir='ltr'><strong>-ipso</strong></span> <span class='ocrx_word' id='word_1_725' title='bbox 3526 4930 3581 4977; x_wconf 89' lang='lat' dir='ltr'><strong>et</strong></span> 
     </span>
    </p>
   </div>
   <div class='ocr_carea' id='block_1_101' title="bbox 2004 5015 3581 5093">
    <p class='ocr_par' dir='ltr' id='par_1_101' title="bbox 2004 5015 3581 5093">
     <span class='ocr_line' id='line_1_101' title="bbox 2004 5015 3581 5093; baseline -0.002 -19"><span class='ocrx_word' id='word_1_726' title='bbox 2004 5018 2274 5077; x_wconf 85' lang='lat' dir='ltr'><strong>Sermone</strong></span> <span class='ocrx_word' id='word_1_727' title='bbox 2328 5031 2586 5087; x_wconf 85' lang='lat' dir='ltr'><strong>vocante,</strong></span> <span class='ocrx_word' id='word_1_728' title='bbox 2659 5023 2940 5093; x_wconf 82' lang='lat' dir='ltr'><strong>quomodo</strong></span> <span class='ocrx_word' id='word_1_729' title='bbox 3010 5019 3226 5078; x_wconf 84' lang='lat' dir='ltr'><strong>vocavit</strong></span> <span class='ocrx_word' id='word_1_730' title='bbox 3277 5034 3309 5074; x_wconf 91' lang='lat' dir='ltr'><strong>e</strong></span> <span class='ocrx_word' id='word_1_731' title='bbox 3365 5015 3581 5073; x_wconf 89' lang='lat' dir='ltr'><strong>tumulo</strong></span> 
     </span>
    </p>
   </div>
   <div class='ocr_carea' id='block_1_102' title="bbox 2003 5111 3579 5185">
    <p class='ocr_par' dir='ltr' id='par_1_102' title="bbox 2003 5111 3579 5185">
     <span class='ocr_line' id='line_1_102' title="bbox 2003 5111 3579 5185; baseline 0 -19"><span class='ocrx_word' id='word_1_732' title='bbox 2003 5111 2295 5178; x_wconf 80' lang='lat' dir='ltr'><strong>Lazarum,</strong></span> <span class='ocrx_word' id='word_1_733' title='bbox 2351 5128 2382 5167; x_wconf 92' lang='lat' dir='ltr'><strong>a</strong></span> <span class='ocrx_word' id='word_1_734' title='bbox 2429 5114 2715 5171; x_wconf 76' lang='lat' dir='ltr'><strong>vocalibus</strong></span> <span class='ocrx_word' id='word_1_735' title='bbox 2750 5115 2975 5185; x_wconf 78' lang='lat' dir='ltr'><strong>organis</strong></span> <span class='ocrx_word' id='word_1_736' title='bbox 3021 5115 3175 5170; x_wconf 80' lang='lat' dir='ltr'><strong>velut</strong></span> <span class='ocrx_word' id='word_1_737' title='bbox 3220 5111 3426 5168; x_wconf 89' lang='lat' dir='ltr'><strong>saliens</strong></span> <span class='ocrx_word' id='word_1_738' title='bbox 3459 5123 3579 5182; x_wconf 87' lang='lat' dir='ltr'><strong>pro-</strong></span> 
     </span>
    </p>
   </div>
   <div class='ocr_carea' id='block_1_103' title="bbox 1611 5283 2289 5345">
    <p class='ocr_par' dir='ltr' id='par_1_103' title="bbox 1611 5283 2289 5345">
     <span class='ocr_line' id='line_1_103' title="bbox 1611 5283 2289 5345; baseline 0.007 -5"><span class='ocrx_word' id='word_1_739' title='bbox 1611 5283 1847 5340; x_wconf 73' lang='lat' dir='ltr'><strong>VARUE</strong></span> <span class='ocrx_word' id='word_1_740' title='bbox 1877 5285 2289 5345; x_wconf 82' lang='lat' dir='ltr'><strong>LECTIONES.</strong></span> 
     </span>
    </p>
   </div>
   <div class='ocr_carea' id='block_1_104' title="bbox 413 5373 1172 5448">
    <p class='ocr_par' dir='ltr' id='par_1_104' title="bbox 413 5373 1172 5448">
     <span class='ocr_line' id='line_1_104' title="bbox 413 5373 1172 5448; baseline -0.003 -18"><span class='ocrx_word' id='word_1_741' title='bbox 413 5376 458 5410; x_wconf 76' lang='grc'><strong>³⁸</strong></span> <span class='ocrx_word' id='word_1_742' title='bbox 490 5373 655 5432; x_wconf 82' lang='lat' dir='ltr'><strong>Forte</strong></span> <span class='ocrx_word' id='word_1_743' title='bbox 678 5374 1172 5448; x_wconf 84' lang='grc' dir='ltr'>ἁνασκιρτήσαντι.</span> 
     </span>
    </p>
   </div>
   <div class='ocr_carea' id='block_1_105' title="bbox 1631 5485 2288 5549">
    <p class='ocr_par' dir='ltr' id='par_1_105' title="bbox 1631 5485 2288 5549">
     <span class='ocr_line' id='line_1_105' title="bbox 1631 5485 2288 5549; baseline -0.005 -3"><span class='ocrx_word' id='word_1_744' title='bbox 1631 5489 2024 5549; x_wconf 81' lang='lat' dir='ltr'><strong>COMBEFISII</strong></span> <span class='ocrx_word' id='word_1_745' title='bbox 2054 5485 2288 5545; x_wconf 68' lang='grc' dir='ltr'><strong>ΝΟΤᾸΞ.</strong></span> 
     </span>
    </p>
   </div>
   <div class='ocr_carea' id='block_1_106' title="bbox 375 5572 1906 5656">
    <p class='ocr_par' dir='ltr' id='par_1_106' title="bbox 375 5572 1906 5656">
     <span class='ocr_line' id='line_1_106' title="bbox 375 5572 1906 5656; baseline -0.002 -15"><span class='ocrx_word' id='word_1_746' title='bbox 375 5585 488 5656; x_wconf 83' lang='grc'><strong>(19)</strong></span> <span class='ocrx_word' id='word_1_747' title='bbox 523 5584 772 5641; x_wconf 88' lang='lat' dir='ltr'><strong>Celebris</strong></span> <span class='ocrx_word' id='word_1_748' title='bbox 801 5572 1096 5641; x_wconf 81' lang='lat' dir='ltr'><strong>admodum</strong></span> <span class='ocrx_word' id='word_1_749' title='bbox 1125 5584 1246 5642; x_wconf 83' lang='lat' dir='ltr'><strong>dies</strong></span> <span class='ocrx_word' id='word_1_750' title='bbox 1276 5594 1360 5643; x_wconf 81' lang='lat' dir='ltr'><strong>est</strong></span> <span class='ocrx_word' id='word_1_751' title='bbox 1390 5587 1532 5642; x_wconf 90' lang='lat' dir='ltr'><strong>inter</strong></span> <span class='ocrx_word' id='word_1_752' title='bbox 1565 5585 1906 5650; x_wconf 81' lang='grc' dir='ltr'>Δεσποτικὰς</span> 
     </span>
    </p>
   </div>
   <div class='ocr_carea' id='block_1_107' title="bbox 305 5657 1902 5728">
    <p class='ocr_par' dir='ltr' id='par_1_107' title="bbox 305 5657 1902 5728">
     <span class='ocr_line' id='line_1_107' title="bbox 305 5657 1902 5728; baseline 0.001 -17"><span class='ocrx_word' id='word_1_753' title='bbox 305 5659 524 5728; x_wconf 71' lang='grc' dir='ltr'>ἑορτὰς,</span> <span class='ocrx_word' id='word_1_754' title='bbox 556 5657 837 5728; x_wconf 83' lang='lat' dir='ltr'><strong>plurimis</strong></span> <span class='ocrx_word' id='word_1_755' title='bbox 878 5657 1101 5712; x_wconf 87' lang='lat' dir='ltr'><strong>Patrum</strong></span> <span class='ocrx_word' id='word_1_756' title='bbox 1155 5658 1436 5712; x_wconf 78' lang='lat' dir='ltr'><strong>celebrata</strong></span> <span class='ocrx_word' id='word_1_757' title='bbox 1489 5657 1902 5712; x_wconf 80' lang='lat' dir='ltr'><strong>encomiastieis</strong></span> 
     </span>
    </p>
   </div>
   <div class='ocr_carea' id='block_1_108' title="bbox 2013 5573 3575 5656">
    <p class='ocr_par' dir='ltr' id='par_1_108' title="bbox 2013 5573 3575 5656">
     <span class='ocr_line' id='line_1_108' title="bbox 2013 5573 3575 5656; baseline -0.006 -19"><span class='ocrx_word' id='word_1_758' title='bbox 2013 5585 2224 5656; x_wconf 86' lang='lat' dir='ltr'><strong>Stylus.</strong></span> <span class='ocrx_word' id='word_1_759' title='bbox 2256 5590 2316 5636; x_wconf 91' lang='lat' dir='ltr'><strong>ut</strong></span> <span class='ocrx_word' id='word_1_760' title='bbox 2347 5581 2398 5633; x_wconf 89' lang='lat' dir='ltr'><strong>in</strong></span> <span class='ocrx_word' id='word_1_761' title='bbox 2437 5577 2766 5656; x_wconf 60' lang='lat' dir='ltr'><strong>pra&#39;ecdenti</strong></span> <span class='ocrx_word' id='word_1_762' title='bbox 2793 5575 2858 5632; x_wconf 88' lang='lat' dir='ltr'><strong>de</strong></span> <span class='ocrx_word' id='word_1_763' title='bbox 2893 5575 3102 5656; x_wconf 51' lang='lat' dir='ltr'><strong>Lazaro</strong></span> <span class='ocrx_word' id='word_1_764' title='bbox 3126 5585 3210 5631; x_wconf 90' lang='lat' dir='ltr'><strong>est</strong></span> <span class='ocrx_word' id='word_1_765' title='bbox 3233 5573 3575 5656; x_wconf 72' lang='lat' dir='ltr'><strong>familiarior-</strong></span> 
     </span>
    </p>
   </div>
   <div class='ocr_carea' id='block_1_109' title="bbox 2010 5645 3576 5715">
    <p class='ocr_par' dir='ltr' id='par_1_109' title="bbox 2010 5645 3576 5715">
     <span class='ocr_line' id='line_1_109' title="bbox 2010 5645 3576 5715; baseline -0.006 -7"><span class='ocrx_word' id='word_1_766' title='bbox 2010 5645 2639 5710; x_wconf 70' lang='lat' dir='ltr'><strong>anicat-auctorstatim</strong></span> <span class='ocrx_word' id='word_1_767' title='bbox 2672 5652 2725 5702; x_wconf 83' lang='lat' dir='ltr'><strong>in</strong></span> <span class='ocrx_word' id='word_1_768' title='bbox 2759 5647 3010 5715; x_wconf 69' lang='lat' dir='ltr'><strong>exordio,</strong></span> <span class='ocrx_word' id='word_1_769' title='bbox 3044 5662 3162 5700; x_wconf 88' lang='lat' dir='ltr'><strong>eam</strong></span> <span class='ocrx_word' id='word_1_770' title='bbox 3199 5663 3258 5702; x_wconf 88' lang='lat' dir='ltr'><strong>se</strong></span> <span class='ocrx_word' id='word_1_771' title='bbox 3291 5645 3576 5700; x_wconf 66' lang='lat' dir='ltr'><strong>habuisse.</strong></span> 
     </span>
    </p>
   </div>
   <div class='ocr_carea' id='block_1_110' title="bbox 305 5715 3580 5798">
    <p class='ocr_par' dir='ltr' id='par_1_110' title="bbox 305 5715 3580 5798">
     <span class='ocr_line' id='line_1_110' title="bbox 305 5715 3580 5798; baseline -0.003 -18"><span class='ocrx_word' id='word_1_772' title='bbox 305 5715 659 5798; x_wconf 57' lang='lat' dir='ltr'><strong>orbtiOi&#39;iib&#39;us</strong></span> <span class='ocrx_word' id='word_1_773' title='bbox 693 5743 710 5792; x_wconf 89' lang='lat'><strong>;</strong></span> <span class='ocrx_word' id='word_1_774' title='bbox 751 5729 840 5798; x_wconf 51' lang='lat' dir='ltr'><strong>vi}</strong></span> <span class='ocrx_word' id='word_1_775' title='bbox 869 5728 1195 5798; x_wconf 81' lang='lat' dir='ltr'><strong>tamenalia</strong></span> <span class='ocrx_word' id='word_1_776' title='bbox 1227 5728 1597 5798; x_wconf 65' lang='lat' dir='ltr'><strong>lqeulcutiuri,</strong></span> <span class='ocrx_word' id='word_1_777' title='bbox 1632 5744 1799 5798; x_wconf 73' lang='lat' dir='ltr'><strong>quam</strong></span> <span class='ocrx_word' id='word_1_778' title='bbox 1827 5732 1900 5781; x_wconf 87' lang='lat' dir='ltr'><strong>sit</strong></span> <span class='ocrx_word' id='word_1_779' title='bbox 2003 5741 2130 5780; x_wconf 87' lang='lat' dir='ltr'><strong>eum</strong></span> <span class='ocrx_word' id='word_1_780' title='bbox 2153 5725 2266 5798; x_wconf 84' lang='lat' dir='ltr'><strong>jam</strong></span> <span class='ocrx_word' id='word_1_781' title='bbox 2298 5731 2445 5798; x_wconf 68' lang='lat' dir='ltr'><strong>esset</strong></span> <span class='ocrx_word' id='word_1_782' title='bbox 2473 5721 2718 5798; x_wconf 75' lang='lat' dir='ltr'><strong>seninr;_</strong></span> <span class='ocrx_word' id='word_1_783' title='bbox 2751 5735 2858 5788; x_wconf 88' lang='lat' dir='ltr'><strong>quo</strong></span> <span class='ocrx_word' id='word_1_784' title='bbox 2903 5715 3580 5798; x_wconf 52' lang='lat' dir='ltr'><strong>temporentonnihililos-</strong></span> 
     </span>
    </p>
   </div>
   <div class='ocr_carea' id='block_1_111' title="bbox 307 5795 1898 5869">
    <p class='ocr_par' dir='ltr' id='par_1_111' title="bbox 307 5795 1898 5869">
     <span class='ocr_line' id='line_1_111' title="bbox 307 5795 1898 5869; baseline -0.003 -15"><span class='ocrx_word' id='word_1_785' title='bbox 307 5799 410 5854; x_wconf 79' lang='lat' dir='ltr'><strong>ista</strong></span> <span class='ocrx_word' id='word_1_786' title='bbox 467 5797 722 5869; x_wconf 69' lang='lat' dir='ltr'><strong>Andreae.</strong></span> <span class='ocrx_word' id='word_1_787' title='bbox 792 5796 996 5852; x_wconf 79' lang='lat' dir='ltr'><strong>llalmit</strong></span> <span class='ocrx_word' id='word_1_788' title='bbox 1051 5795 1196 5869; x_wconf 83' lang='lat' dir='ltr'><strong>alius</strong></span> <span class='ocrx_word' id='word_1_789' title='bbox 1259 5797 1470 5869; x_wconf 75' lang='lat' dir='ltr'><strong>Regius</strong></span> <span class='ocrx_word' id='word_1_790' title='bbox 1526 5795 1720 5857; x_wconf 77' lang='lat' dir='ltr'><strong>codex.</strong></span> <span class='ocrx_word' id='word_1_791' title='bbox 1757 5798 1898 5851; x_wconf 78' lang='lat' dir='ltr'><strong>furte</strong></span> 
     </span>
    </p>
   </div>
   <div class='ocr_carea' id='block_1_112' title="bbox 301 5867 1892 5948">
    <p class='ocr_par' dir='ltr' id='par_1_112' title="bbox 301 5867 1892 5948">
     <span class='ocr_line' id='line_1_112' title="bbox 301 5867 1892 5948; baseline 0 -24"><span class='ocrx_word' id='word_1_792' title='bbox 301 5869 468 5925; x_wconf 84' lang='lat' dir='ltr'><strong>etiam</strong></span> <span class='ocrx_word' id='word_1_793' title='bbox 494 5867 692 5925; x_wconf 89' lang='lat' dir='ltr'><strong>melior</strong></span> <span class='ocrx_word' id='word_1_794' title='bbox 754 5884 822 5924; x_wconf 79' lang='lat' dir='ltr'><strong>eo</strong></span> <span class='ocrx_word' id='word_1_795' title='bbox 877 5882 988 5936; x_wconf 78' lang='lat' dir='ltr'><strong>quo</strong></span> <span class='ocrx_word' id='word_1_796' title='bbox 1030 5868 1264 5948; x_wconf 74' lang='lat' dir='ltr'><strong>utimur,</strong></span> <span class='ocrx_word' id='word_1_797' title='bbox 1333 5867 1428 5926; x_wconf 83' lang='lat' dir='ltr'><strong>sed</strong></span> <span class='ocrx_word' id='word_1_798' title='bbox 1481 5876 1600 5924; x_wconf 90' lang='lat' dir='ltr'><strong>erat</strong></span> <span class='ocrx_word' id='word_1_799' title='bbox 1643 5870 1892 5924; x_wconf 79' lang='lat' dir='ltr'><strong>mutilus.</strong></span> 
     </span>
    </p>
   </div>
   <div class='ocr_carea' id='block_1_113' title="bbox 2002 5787 3577 5860">
    <p class='ocr_par' dir='ltr' id='par_1_113' title="bbox 2002 5787 3577 5860">
     <span class='ocr_line' id='line_1_113' title="bbox 2002 5787 3577 5860; baseline -0.006 -10"><span class='ocrx_word' id='word_1_800' title='bbox 2002 5787 2500 5856; x_wconf 57' lang='lat' dir='ltr'><strong>enlis&#39;rhetoricis,</strong></span> <span class='ocrx_word' id='word_1_801' title='bbox 2535 5787 2834 5860; x_wconf 80' lang='lat' dir='ltr'><strong>phrasique</strong></span> <span class='ocrx_word' id='word_1_802' title='bbox 2882 5787 3193 5860; x_wconf 87' lang='lat' dir='ltr'><strong>comptiori,</strong></span> <span class='ocrx_word' id='word_1_803' title='bbox 3221 5803 3288 5844; x_wconf 85' lang='lat' dir='ltr'><strong>ac</strong></span> <span class='ocrx_word' id='word_1_804' title='bbox 3325 5787 3577 5844; x_wconf 75' lang='lat' dir='ltr'><strong>subtilio-</strong></span> 
     </span>
    </p>
   </div>
   <div class='ocr_carea' id='block_1_114' title="bbox 1996 5861 2802 5939">
    <p class='ocr_par' dir='ltr' id='par_1_114' title="bbox 1996 5861 2802 5939">
     <span class='ocr_line' id='line_1_114' title="bbox 1996 5861 2802 5939; baseline -0.011 -18"><span class='ocrx_word' id='word_1_805' title='bbox 1996 5869 2151 5939; x_wconf 63' lang='lat' dir='ltr'><strong>ribus</strong></span> <span class='ocrx_word' id='word_1_806' title='bbox 2175 5863 2542 5920; x_wconf 84' lang='lat' dir='ltr'><strong>allusionibus</strong></span> <span class='ocrx_word' id='word_1_807' title='bbox 2568 5861 2802 5916; x_wconf 79' lang='lat' dir='ltr'><strong>decedit.</strong></span> 
     </span>
    </p>
   </div>
  </div>
