3966 6456
450 349 560 416 987
786 356 789 359 λ
1658 350 1720 410 s.
1751 348 2083 410 ANDRE/E
2123 348 2554 412 CRETENSIS
3021 382 3050 405 .
3616 354 3714 419 οδε

454 458 630 515 deat:
666 464 726 513 ut
762 459 851 530 qui
893 472 998 515 nos
1042 456 1162 512 heri
1203 453 1354 527 pavit
1380 453 1574 510 Lazari
1609 454 1703 511 illo
1746 455 2034 515 miraculo.
2070 464 2081 490 λ

2179 473 2239 509 ον
2265 495 2281 520 ,
2335 457 2447 510 τῶν
2500 456 2664 512 αὐτοῦ
2713 457 3056 538 παθημάτων
3108 457 3306 528 λόγους
3336 457 3677 531 πιστούμενος
3696 476 3716 517 τ

397 550 405 558 ’
456 555 577 624 ipse
613 551 795 615 hodie,
858 565 1088 608 suarum
1140 548 1319 619 ipsius
1358 548 1688 619 passionum
1745 563 2039 605 sermones
2067 556 2327 604 astruens
2356 590 2371 613 ,
2410 550 2619 605 lautius
2647 550 3107 622 splendidiusque
3137 558 3350 621 pascat.

535 642 828 697 Enimvero
884 642 1216 712 priusquam
1304 639 1540 710 spiritali
1609 646 1777 710 partu
1864 654 2048 694 sermo

2240 640 2404 693 Ἀλλᾶ
2459 642 2588 711 πρὶν
2635 642 2744 695 τῶν
2801 642 3003 714 νοερῶν
3047 641 3258 698 ὠδίνων
3308 642 3608 715 ἐκραγῆναι
3635 649 3722 704 τὸν

462 741 742 803 erumpat,
804 733 1119 804 percontari
1168 732 1333 787 velim
1370 738 1693 801 praesentem
1741 745 2043 796 coronam:

2179 732 2331 801 .όγον,
2364 732 2732 789 πυνθάνεσθαι
2764 734 3028 815 βούλομαι
3068 735 3194 800 τοὺς
3227 735 3524 808 παρόντας.
3574 739 3664 805 Τίς
3691 743 3725 813 ἡ

460 825 731 892 Quisnam
786 825 876 880 hic
918 832 1110 880 tantus
1151 824 1377 879 castus?
1410 824 1535 893 quis
1566 821 1890 893 'splendor?
1919 822 2060 892 quis'

2179 823 2391 895 τοσαύτη
2448 823 2831 894 συνάθροισις;
2887 825 2973 889 τίς
3022 825 3057 897 ἡ
3108 823 3469 895 λαμπρότης;
3521 827 3574 880 τί
3628 830 3724 883 τῶν

461 917 600 972 ordo
640 917 693 970 in
758 932 934 971 unum
995 916 1398 972 collectorum?
1459 916 1589 987 quis
1632 916 1839 971 sonus?
1900 914 2047 985 quod

2179 912 2580 983 υνειλεγμένων
2596 914 2656 967 τὸ
2677 914 2994 984 σύνταγμα;
3022 914 3106 977 τίς
3132 915 3160 968 ό
3186 908 3360 985 ἦχοςς
3392 915 3526 987 τίςή
3555 920 3725 988 χορεία

392 1009 769 1080 v'tripudlum
821 1008 1025 1066 faustis
1070 1009 1180 1064 illis
1215 1009 1500 1065 ominibus
1545 1007 2053 1080 proseqttvntium?

2182 1001 2256 1053 ὧν
2325 1002 2750 1074 εὐφημούντων;
2808 1004 3095 1076 Πανταχοῢ
3171 1004 3397 1076 πλήθη,
3464 1008 3724 1079 πανταχοῦ

423 1065 434 1141 ἶ
467 1065 688 1169 Ubique
717 1100 917 1163 turbae,
954 1100 1164 1171 ubique
1203 1100 1361 1171 pueri
1389 1117 1404 1164 ;
1438 1065 1677 1169 quo-rum
1720 1065 2051 1164 alii'ramos,

2179 1092 2339 1157 παῖδες
2361 1110 2373 1123 ·
2402 1065 2486 1146 ὀί-
2531 1094 2632 1164 μὲν
2699 1065 2928 1159 κλάδους
2949 1135 2963 1159 ,
2998 1065 3054 1149 ὀί
3097 1096 3154 1150 δὲ
3212 1065 3357 1168 βαΐα..
3383 1065 3724 1170 ,κατέχοντες

462 1191 560 1245 alii
595 1192 842 1261 spatulas
873 1208 903 1249 e
935 1193 1136 1264 palmis
1162 1199 1407 1247 teneant.
1443 1190 1700 1247 Nondum
1731 1200 1814 1245 est
1847 1206 2050 1262 pugna,

2179 1182 2307 1238 ιΰπω
2356 1185 2500 1257 πάλη
2529 1224 2545 1248 ,
2597 1189 2695 1239 καὶ
2745 1185 2885 1257 πρδς
2937 1187 3161 1256 ἀγῶνας
3214 1190 3244 1242 ὁ
3291 1188 3522 1260 δρόμος.
3570 1182 3728 1245 Ὀὔπω

431 1282 617 1342 .etad
649 1284 839 1353 praelia
887 1284 1183 1339 curritur:
1232 1282 1478 1338 nondum
1534 1283 1793 1347 victoria,
1842 1283 2054 1337 haben-

2179 1276 2306 1348 νίκη,
2337 1278 2434 1332 καὶ
2466 1277 2609 1348 μετὰ
2636 1280 2826 1351 χεῖρας
2861 1281 2933 1335 τὰ
2964 1280 3199 1353 ἔπαθλα.
3243 1281 3364 1353 Πρὸ
3389 1283 3491 1352 τῆς
3520 1284 3730 1355 προόδου

392 1376 408 1443 ξ
467 1379 676 1442 turque
719 1374 774 1428 in
804 1375 1065 1430 manibus
1091 1375 1346 1429 victoriae
1380 1374 1629 1444 praemia.
1660 1374 1803 1428 Ante
1834 1373 2059 1444 expedi-

2179 1368 2227 1422 τὰ
2284 1368 2437 1422 αἴσια
2477 1384 2491 1399 ·
2551 1371 2659 1441 πρὸ
2717 1372 2818 1443 τῆς
2882 1371 3163 1443 εὐφημίας
3208 1372 3260 1426 οἱ
3306 1371 3584 1442 στέφανοι.
3626 1373 3733 1426 Ἐπὶ

398 1454 407 1461 ’
474 1466 705 1529 tionem,
763 1468 985 1530 omina;
1030 1452 1177 1521 'ante
1233 1466 1459 1531 fatuam,
1495 1480 1738 1521 coronae.
1774 1465 1833 1519 In
1870 1466 2057 1536 lingua

2179 1457 2414 1529 γλώσσης
2456 1459 2486 1512 ό
2525 1459 2690 1531 ὕμνος
2721 1477 2736 1493 ο
2780 1461 2875 1514 ἐπὶ
2917 1460 3189 1534 στόματος
3234 1463 3270 1533 ὴ
3312 1461 3466 1532 ᾠδή·
3498 1461 3603 1515 τῶν
3647 1463 3733 1531 μὲν

467 1558 784 1626 canticum,
836 1574 1063 1616 carmen
1122 1560 1179 1613 in
1218 1575 1356 1625 ore;
1410 1558 1536 1613 aliis
1570 1558 1792 1629 quidem
1827 1558 2060 1614 benedi-

2179 1552 2548 1621 ιὺλογούντων,
2602 1553 2710 1608 τῶν
2750 1552 2809 1609 δὲ
2855 1553 3325 1626 ἀνευφημούντων
3349 1567 3363 1581 ·
3418 1551 3592 1607 ἄλλων
3627 1554 3735 1607 ἐπι-

474 1649 756 1715 cet'ttibus,
804 1650 929 1707 aliis
999 1653 1118 1707 ltrtc
1174 1652 1648 1715 acclamantibus;
1718 1649 2059 1720 quibusdam

2179 1645 2421 1699 ςειόντων
2442 1647 2570 1710 τοὺς
2599 1646 2831 1711 κλάδους
2851 1664 2866 1678 ο
2890 1647 3095 1717 ἑτέρων
3123 1647 3245 1708 ταῖς
3274 1645 3417 1708 ὁδοῖς
3441 1645 3737 1715 ὑφαπλούν-

472 1742 858 1808 quatientibus
904 1758 1126 1811 ramos;
1164 1744 1455 1801 nonnullis
1498 1744 1671 1798 aulaea
1714 1743 1770 1798 in
1815 1730 1923 1800 viis
1963 1760 2063 1798 ex-

2179 1751 2279 1815 των.
2298 1736 2364 1789 τὰ
2393 1735 2628 1792 ἔπιπλα·
2663 1740 2757 1794 καὶ
2790 1740 3009 1796 πάντων
3040 1738 3227 1803 ἁπλῶς
3275 1738 3377 1803 τὰς
3418 1738 3621 1793 ἑαυτῶν
3651 1757 3738 1793 κα-

422 1825 441 1831 ’
476 1831 853 1902 plicantibus;
892 1835 1170 1892 universis
1203 1828 1441 1905 denique
1473 1850 1575 1915 sua
1613 1835 1861 1905 ipsorum
1893 1835 2062 1891 corda

2179 1829 2626 1900 ταστρωννὺντων
2655 1832 2907 1903 καρδίας.
2942 1832 3084 1899 Τίνι,
3117 1830 3213 1885 καὶ
3228 1829 3398 1885 πόθεν
3420 1830 3624 1900 ἥκοντι,
3657 1832 3737 1882 καὶ

472 1924 883 1981 sternentibus.
933 1926 1165 1981 Cuinam
1217 1941 1372 1992 vero,
1412 1934 1468 1981 et
1530 1925 1677 1981 unde
1739 1925 2063 1989 revertenti,

2179 1922 2263 1973 ποῖ
2309 1922 2596 1992 τρέχοντις
2638 1923 2711 1976 Ἦ
2769 1924 2914 1994 τάχα
2951 1923 3029 1995 τῷ
3080 1925 3283 1994 νικητῇ
3324 1921 3421 1975 τοῦ
3483 1922 3699 1975 Θανάτου
3724 1960 3737 1985 ,

2166 2012 2292 2083 ἄρτι
2326 2014 2447 2068 τότε
2473 2015 2565 2069 τὸν
2598 2016 2851 2089 Λάζαρον
2887 2017 3296 2088 ὲκφωνήσαντι,
3331 2017 3429 2070 καὶ
3469 2018 3533 2088 τῇ
3564 2015 3739 2086 Ἰερου-

2170 2105 2352 2177 σαλὴμ
2376 2108 2512 2179 πρὸς
2543 2108 2604 2161 τὸ
2633 2110 2828 2164 παθεῖν
2849 2109 3215 2181 ἐπιϐήσεσθαι
3242 2108 3531 2163 σπεύδοντι
3554 2124 3568 2174 ;
3594 2107 3741 2161 Ὀτου

477 2029 543 2071 ac
577 2031 688 2086 quo
750 2019 1109 2089 properanti?
1162 2017 1303 2073 Num
1356 2018 1551 2090 utique
1600 2017 1798 2073 victori
1844 2016 2065 2080 mortis,

472 2108 642 2179 eique
695 2110 789 2179 qui
838 2127 1018 2182 nuper
1069 2112 1342 2167 Lazarum
1389 2128 1419 2168 e
1474 2111 1733 2183 sepulcro
1784 2116 2063 2175 vocasset.

473 2214 542 2253 ac
600 2196 1048 2274 Hierosolymam
1083 2204 1164 2263 .ad
1207 2204 1525 2274 passionem
1560 2201 1864 2258 ascendere
1899 2201 2060 2254 festi-

2179 2195 2231 2266 5ὴ
2280 2198 2476 2267 χάρινς
2514 2201 2632 2255 Ἰνα
2678 2202 2843 2255 πάθει
2881 2202 2959 2273 τῷ
2987 2201 3182 2256 ἑαυτοῦ
3220 2201 3292 2256 τὰ
3325 2201 3481 2273 ἡμῶν
3523 2199 3742 2254 ἐκδαπα-

424 2310 435 2321 ·
478 2293 685 2347 naret?
716 2292 893 2366 Cujus
943 2295 1000 2349 id
1045 2297 1264 2366 gratia?
1319 2295 1391 2351 Ut
1430 2311 1530 2351 sua
1574 2295 1750 2365 ipsius
1781 2294 2065 2365 passione,

2179 2286 2306 2359 νήσῃ
2341 2289 2513 2361 πάθη,
2537 2290 2597 2354 ὃς
2626 2292 2722 2345 τοῦ
2755 2293 2951 2346 παθεῖν
2981 2295 3130 2352 ἐστιν
3155 2291 3514 2362 ὑψηλότερος.
3541 2291 3606 2343 Ἢ
3639 2289 3741 2343 τόδε

428 2384 443 2395 ‘
476 2381 576 2451 qui
607 2381 735 2451 ipse'
758 2385 1052 2439 sublimior
1080 2392 1165 2441 est
1193 2402 1359 2455 quam
1393 2396 1452 2441 ut
1479 2386 1746 2457 patiatur,
1778 2388 2068 2455 passiones

2179 2380 2402 2450 πότερον
2430 2381 2540 2435 τῶν
2577 2384 2912 2453 χορευόντων
2935 2385 2962 2436 ὁ
2992 2380 3144 2455 ἦχος,
3188 2383 3223 2455 ἢ
3257 2379 3369 2437 τῶν
3395 2380 3696 2451 φωνοῦνιων
3720 2381 3743 2434 ὁ

483 2482 708 2528 nostras
763 2473 1104 2546 morbosque
1145 2490 1211 2531 ac
1247 2475 1385 2531 vitia
1418 2474 1815 2545 absumpserit.
1864 2471 2064 2529 Utrum

2179 2471 2370 2543 κρότος
2412 2473 2494 2535 είς
2528 2474 2783 2529 τοσοῦτον
2827 2471 2931 2546 ἦρε
2974 2476 3220 2547 κραυγῆς
3276 2474 3377 2545 τὴν
3423 2473 3740 2544 πανήγυριν;

484 2578 621 2618 vero
666 2573 764 2619 aut
811 2566 1147 2622 chorcarum
1206 2583 1402 2636 sonus,
1435 2576 1535 2621 aut
1569 2567 1798 2637 plausus
1835 2566 2071 2621 homici-

2190 2562 2331 2617 Ἀλλ’
2359 2566 2393 2636 ή
2427 2564 2527 2636 μὲν
2556 2559 3031 2638 τῶνχορευόντων
3086 2568 3220 2639 ἠχὴ,
3259 2567 3493 2639 λαμπρά
3524 2567 3603 2628 τίς
3642 2568 3743 2618 ἐστι

482 2655 681 2709 darum
734 2659 792 2713 in
840 2667 1059 2715 tantum
1115 2661 1381 2717 clamoris
1438 2661 1770 2717 concionem
1835 2658 2075 2716 extulit?

2179 2657 2275 2711 καὶ
2318 2658 2605 2729 θυμήρης·
2651 2661 2919 2724 ὲπινίκιος
2971 2661 3101 2733 γὰρ,
3142 2662 3243 2716 καὶ
3298 2660 3437 2716 πολὺ
3476 2659 3536 2714 τὸ
3576 2657 3743 2729 χαρίεν

485 2744 807 2814 Enimvero,
885 2767 1057 2809 sonus
1138 2752 1362 2823 quidem
1441 2752 1767 2808 ducentium
1841 2750 2069 2815 choros,

2179 2746 2403 2819 ἔχουσα.
2431 2750 2491 2802 '0
2519 2750 2576 2804 δὲ
2613 2750 2721 2804 τῶν
2759 2754 3207 2824 ὲπιμαινομὲνων
3251 2753 3496 2825 βόμϐος,
3541 2751 3611 2815 ῶς
3640 2749 3743 2802 λίαν

482 2838 842 2908 splendidum
882 2844 1019 2914 quid
1072 2843 1263 2908 habet,
1302 2854 1358 2900 et
1392 2845 1538 2917 quod
1590 2845 1808 2915 placeat
1847 2843 2070 2897 animo:

2179 2839 2385 2910 τραχύς
2416 2858 2500 2905 τις
2550 2843 2647 2897 καὶ
2674 2843 2938 2918 ἀκαλλὴς,
2987 2846 3087 2918 τὴν
3126 2847 3328 2918 ἀηδίαν
3367 2845 3594 2901 αὐτόθεν
3623 2844 3745 2914 ἔχων

484 2944 614 2983 nant
686 2940 773 2989 est
813 2935 1066 2991 victoriae
1111 2940 1416 3004 canticum,
1467 2936 1807 3006 multamque
1836 2934 2068 3005 gratiam

2179 2933 2461 3006 ἐπίδηλον,
2490 2934 2567 3001 ὡς
2602 2936 2801 3007 φθόνου
2836 2938 3036 3009 μεστὸς
3080 2939 3177 2994 καὶ
3210 2940 3380 3011 φόνου
3416 2935 3740 3011 σημαντικός.

486 3021 677 3079 habet.
738 3027 809 3082 At
864 3028 1167 3084 furentium
1224 3031 1512 3101 strepitus,
1579 3037 1846 3100 tanquam
1909 3024 2069 3082 valde
2098 3024 2275 3083 durus
2338 3027 2737 3103 informisque,
2779 3031 2865 3088 vel
2929 3031 3055 3088 inde
3109 3033 3410 3089 molestum
3437 3047 3497 3089 se
3528 3030 3742 3089 exhibet.

483 3118 634 3187 quod
665 3117 740 3174 sit
770 3120 963 3189 plenus
1000 3121 1194 3185 livore,
1223 3137 1289 3178 ac
1313 3121 1515 3178 caedem
1545 3123 1840 3195 signiﬁcet.

574 3166 634 3171 η
665 3166 740 3174 ---
770 3166 962 3189 ,.--.---
1000 3166 1194 3185 ...νη
1223 3166 1289 3178 ..ν
1315 3166 1515 3178 πη...
1545 3166 1840 3195 ...υηηωνυ

557 3206 639 3263 Ex
694 3209 797 3265 hac
852 3212 1015 3267 turba
1074 3213 1301 3283 quidam
1353 3224 1625 3270 venerunt
1657 3232 1725 3271 ex
1767 3213 2070 3277 Bethania;

2247 3207 2468 3263 Τούτων
2506 3166 2675 3275 δὲίοί
2711 3210 2809 3280 μὲν
2848 3210 2915 3264 ὲκ
2965 3209 3244 3282 Βηθανίας
3270 3254 3285 3276 ,
3319 3213 3369 3266 οἱ
3418 3210 3476 3266 δὲ
3521 3209 3650 3282 πρὸς
3681 3206 3746 3278 τῷ

490 3299 713 3368 quidam
770 3302 1007 3358 Domino
1035 3306 1253 3360 obviam
1289 3319 1689 3377 processerunt
1731 3307 1797 3362 ad
1830 3310 2073 3362 monleu’t

489 3393 735 3450 Oliveti:
787 3398 886 3451 alii
933 3415 1059 3453 cum
1109 3401 1221 3470 jam
1262 3399 1379 3457 fere
1438 3403 1560 3457 urbi
1618 3383 2074 3473 propinquasset,

488 3499 890 3555 occurrerunt;
941 3491 1035 3546 alii
1091 3506 1221 3547 cum
1263 3503 1411 3549 esset
1459 3493 1611 3549 intra
1656 3507 1870 3566 portas,
1904 3504 1959 3549 et
2009 3494 2078 3550 ad

489 3580 761 3651 templum
822 3592 1101 3654 pergeret.
1149 3583 1320 3642 Plane
1367 3601 1532 3657 quam
1591 3588 1835 3641 maxima
1889 3588 2077 3652 turba,

490 3675 965 3746 commissumque
988 3677 1283 3734 infantium
1315 3694 1566 3745 examen,
1593 3680 1839 3734 victoria:
1860 3679 2079 3734 cantica

493 3764 675 3823 fauste
719 3772 1123 3836 acclamabaut,
1160 3760 1457 3829 dicentes:
1499 3793 1519 3825 ι
1574 3772 1876 3840 Hosanna;
1910 3774 2080 3829 bene-

492 3857 685 3912 dictus
721 3859 814 3928 qui
840 3859 993 3914 venit
1025 3860 1079 3915 in
1113 3862 1337 3918 nomine
1362 3863 1606 3928 Domini,
1644 3862 1761 3917 Rex
1791 3862 1962 3918 Israel
1993 3870 2073 3918 ³.»

494 3946 677 4013 Quare
703 3949 923 4004 insueto
958 3954 1062 4005 hoc
1104 3955 1448 4022 spectaculo,
1471 3943 1853 4026 continuaque
1881 3955 2081 4009 lauda-

496 4041 663 4106 tione,
720 4050 833 4099 tota
884 4047 1072 4100 statim
1120 4045 1353 4102 confusa
1388 4054 1477 4102 est
1531 4047 1753 4111 civitas,
1792 4048 1845 4102 in
1876 4048 2079 4103 multas

494 4132 561 4188 de
594 4133 714 4206 ipso
754 4136 858 4192 sub
887 4138 942 4192 id
974 4146 1195 4211 tempus
1246 4141 1427 4196 scissa
1463 4139 1813 4195 sententias:
1850 4139 2082 4196 dicenti-

370 4240 396 4267 κ
494 4228 600 4284 bus
640 4229 792 4294 aliis,
842 4250 862 4283 ι
891 4231 1066 4297 Quis,
1089 4242 1174 4289 est
1198 4232 1286 4288 hic
1312 4233 1385 4287 εἶ’
1413 4251 1432 4285 ι
1472 4233 1599 4289 aliis
1646 4234 1977 4289 vocantibus
2015 4233 2079 4287 ll-

494 4322 629 4375 lium
685 4320 877 4378 David.
932 4324 1011 4378 Ac
1071 4325 1199 4381 aliis
1255 4324 1485 4394 quidem
1551 4340 1683 4380 ccu‘
1723 4326 2082 4406 proplteticas

497 4413 886 4484 praedictiones
928 4431 1025 4486 pro
1048 4414 1380 4482 ferentibus,
1444 4417 1570 4472 aliis
1633 4419 2078 4488 spernentibus:

494 4509 617 4563 aliis
664 4509 1086 4571 confitentibus,
1129 4507 1256 4566 aliis
1301 4511 1846 4581 patrocinantilnts;
1890 4512 2079 4566 o;uni-

2176 3300 2294 3371 ὄρει
2350 3300 2715 3376 κατηντηκότι
2737 3304 2848 3360 τῶν
2879 3304 3106 3359 Ἐλαιῶν
3154 3307 3234 3377 τῷ
3287 3306 3530 3378 Δὲσπότῃ
3592 3319 3744 3375 προσ-

2176 3394 2379 3467 ῄεσαν·
2437 3395 2590 3451 ἄλλοι
2636 3397 2776 3469 πρὸς
2827 3400 2892 3469 τῇ
2936 3398 3089 3452 πόλει
3123 3399 3315 3470 σχεδὸν
3362 3397 3745 3470 πλησιάσαντισ

2178 3486 2358 3558 ἕτεροι
2415 3486 2525 3541 τῶν
2585 3488 2772 3544 πυλῶν
2826 3490 2957 3544 εἴσω
2987 3491 3286 3559 γεγονότι,
3356 3491 3453 3546 καὶ
3499 3490 3574 3562 τῷ
3632 3485 3744 3558 ίερῷ

2179 3578 2546 3649 προσϐαλόντι
2591 3583 2955 3653 συνήντησαν,
2994 3578 3090 3637 καὶ
3140 3584 3531 3655 παμμὲγιστος
3570 3580 3741 3652 ὄχλος.

2178 3672 2346 3743 ὲσμός
2374 3690 2434 3727 τε
2475 3674 2686 3745 νηπίων
2719 3677 3042 3749 συῤῥαγεὶς,
3074 3677 3202 3740 τοὺς
3223 3676 3533 3740 ἐπινικίους
3565 3673 3742 3745 ὕμνους

2178 3767 2443 3839 εὐφήμως
2486 3768 2820 3840 ἀνέκραγον,
2863 3787 2877 3821 ι
2913 3768 3165 3834 Ὡσαννὰ,
3205 3768 3495 3840 λέγοντες,
3541 3766 3743 3832 εὐλογη-

2178 3860 2333 3924 me
2372 3860 2667 3933 ἐρχόμενος
2722 3862 2782 3914 ὲν
2827 3862 3056 3932 ὀνόματι
3108 3861 3345 3934 Κυρίου,
3381 3858 3628 3933 βασιλεὺς
3662 3853 3742 3907 τοῦ

2192 3951 2428 4023 Ἰσραήλ.
2461 3971 2480 4003 ι
2518 3952 2682 4005 Ὥστε
2725 3952 2806 4024 τῷ
2851 3952 3117 4024 ἀσυνήθει
3156 3951 3337 4024 τούτῳ
3379 3951 3628 4021 θεάματι,
3664 3944 3742 3999 καὶ

2179 4043 2258 4115 τῷ
2278 4047 2495 4115 συνεχεῖ
2518 4046 2619 4116 τῆς
2639 4045 2949 4114 ὑμνήσεως,
2976 4046 3159 4098 πᾶσαν
3188 4046 3392 4099 αὐτίκα
3413 4040 3741 4113 συγχυθεῖσαν

2180 4137 2280 4208 τὴν
2325 4137 2510 4201 πόλιν,
2553 4140 2634 4201 είς
2674 4136 2877 4200 πολλὰς
2917 4137 3040 4191 τότε
3102 4137 3393 4209 σχισθῆναι
3441 4136 3594 4202 δόξας
3633 4131 3743 4199 περὶ

2181 4230 2347 4284 αὐτοῦ
2373 4245 2386 4258 ·
2435 4230 2544 4284 τῶν
2590 4230 2718 4302 μὲν,
2776 4248 2795 4281 ι
2839 4229 2936 4295 Τίς
2976 4233 3124 4284 ἐστιν
3168 4223 3366 4297 οὖτοςς
3399 4249 3417 4283 ι
3459 4224 3738 4296 λεγόντων·

2180 4325 2293 4380 τῶν
2318 4326 2376 4379 δὲ
2411 4326 2525 4380 υἱὸν
2563 4324 2986 4379 ἀποκαλούντων
3029 4325 3213 4379 Δαϐίδ.
3262 4325 3374 4379 Καὶ
3415 4323 3525 4376 τῶν
3556 4320 3648 4392 μὲν
3681 4315 3742 4377 ὡς

2184 4421 2529 4493 προρητικὰς
2571 4421 2923 4492 προαγόντων
2978 4421 3348 4492 προρρήσεις,
3402 4418 3509 4472 τῶν
3546 4414 3599 4467 δὲ
3634 4409 3742 4464 ἀθε-

2182 4513 2440 4581 τούντων,
2488 4514 2601 4567 τῶν
2637 4513 2695 4565 δὲ
2741 4510 3288 4582 συνομολογούντων
3320 4509 3496 4565 ἄλλων
3549 4514 3743 4569 συνηγο-

495 4601 712 4669 busque
740 4602 1010 4664 absolute,
1049 4610 1112 4655 ut
1140 4603 1306 4657 modo
1333 4604 1612 4668 dicebam,
1659 4603 1713 4656 in
1750 4604 2077 4660 innumeras

2187 4579 2447 4674 petitarum,
2492 4603 2589 4656 καὶ
2630 4601 2848 4656 πάντων
2876 4579 3095 4667 ἅπλῶς,
3120 4600 3197 4665 ὡς
3232 4599 3452 4669 φθάσας
3495 4593 3644 4663 ἔφην,
3676 4588 3741 4647 εἰς

495 4690 788 4759 epittiones
810 4700 865 4746 et
889 4693 1199 4747 sententias
1228 4694 1449 4748 scissim
1474 4694 1836 4748 abeuntibus.
1864 4694 2081 4766 Quippe

496 4782 644 4835 enim
695 4791 817 4838 erat
883 4784 1127 4854 signum,
1162 4783 1252 4839 cui
1315 4784 1435 4840 fore
1487 4785 1985 4841 contradicendum
2021 4802 2079 4841 .a

497 4875 766 4945 propheta
819 4877 955 4947 legis
1001 4885 1357 4946 susceptores
1419 4878 1625 4933 fuisset
1685 4879 2076 4949 praedicatum.

496 4968 640 5035 Quid
670 4976 854 5022 autem
901 4968 1127 5031 mirum,
1165 4976 1225 5023 ut
1259 4968 1465 5023 iterum
1500 4969 1814 5026 Jerusalem
1852 4974 2076 5028 turbata

496 5063 592 5124 sit,
633 5077 697 5115 ac
720 5059 1034 5116 Judaeorum
1067 5064 1327 5117 commoti
1359 5070 1541 5117 cretus
1592 5061 1704 5118 Deo
1743 5063 2075 5134 gloriticato,

496 5168 623 5207 cum
665 5161 722 5208 et
772 5153 943 5222 paulo
973 5162 1100 5209 ante
1155 5153 1347 5209 eodem
1390 5165 1541 5219 nato,
1573 5155 1666 5209 ubi
1701 5154 1948 5213 Herodes
1979 5174 2079 5214 ve-

497 5246 648 5299 nisse
674 5247 742 5300 ab
777 5240 993 5301 oriente
1021 5246 1206 5317 Magos
1242 5247 1393 5302 velut
1422 5248 1682 5303 satellitio
1719 5248 1945 5304 futuros.
1965 5251 2078 5325 (20)

498 5336 825 5404 audivisset,
875 5356 894 5390 ι
947 5340 1209 5395 turbatus
1251 5341 1346 5405 sit,
1395 5347 1450 5394 et
1500 5341 1685 5396 omnis
1725 5339 2074 5414 Jerosolytna
2118 5356 2119 5359 ‘

495 5444 621 5483 cum
656 5428 755 5484 eo?
775 5433 831 5487 δ»

2182 4695 2383 4766 μυρίας
2422 4692 2795 4764 ὲξελκομένων
2832 4692 2989 4757 δόξας
3034 4694 3130 4746 καὶ
3169 4683 3628 4761 φαντασίας.·Καὶ
3649 4680 3741 4748 γὰρ

2175 4783 2244 4860 ἦν
2284 4790 2511 4861 σημεῖον
2550 4786 3007 4858 ἀντιλεγόμενον,
3049 4785 3156 4839 ὑπὸ
3203 4786 3462 4857 προφήτῃ
3498 4773 3741 4848 voti-056W

2177 4880 2615 4951 κεκηρυγμένον.
2658 4879 2773 4934 Καὶ
2816 4879 2870 4931 τί
2919 4877 3268 4948 θαυμαστὸν,
3310 4879 3361 4930 εί
3400 4868 3741 4935 πάλινΊερου-

2177 4966 2361 5045 σαλὴμ
2390 4972 2816 5045 ἐκταράσσεται,
2859 4971 2957 5025 καὶ
2984 4971 3054 5024 τὰ
3090 4969 3364 5024 Ἰουδαίων
3403 4958 3738 5022 ὲπικλονείται

2186 5067 2511 5138 συστήματα
2540 5064 2898 5137 δοξαζομένου
2929 5064 3088 5129 Θεοῦ,
3125 5066 3258 5118 ὅπου
3287 5064 3383 5118 καὶ
3421 5053 3593 5131 μικρῷ

2185 5175 2343 5231 τερον
2400 5157 2759 5228 γεννηθέντος
2822 5153 3024 5220 αὐτοῦ,
3101 5153 3328 5223 Μάγους
3384 5150 3442 5217 ἐξ
3490 5140 3738 5231 ἀνατολῶν

2187 5227 2416 5322 ἀιρῖχθαι
2454 5227 2791 5322 δορυφόρους
2807 5250 3057 5321 Ἡρώδης
3082 5247 3385 5316 πυθόμενος
3418 5261 3436 5294 ι
3465 5227 3735 5306 ἐταράχθην

2187 5347 2281 5400 καὶ
2310 5345 2464 5398 πᾶσα
2478 5343 2831 5415 Ἱεροσόλυμα
2863 5344 2985 5414 μετ’
3015 5340 3217 5404 aia-505;
3253 5359 3271 5391 ι

575 5542 1034 5610 'Joan.xtt,13.
1114 5545 1357 5601 'Matth.
1417 5564 1524 5609 xu.
1567 5549 1654 5603 l0.
1732 5534 1977 5606 lt31llattlt.
2035 5569 2095 5619 ll,
2150 5554 2184 5609 5

1824 5684 2212 5741 COMBEFlSlI
2248 5685 2484 5743 NOTIE.

571 5775 684 5835 (20)
763 5765 908 5847 Velut
966 5776 1218 5830 satellitio
1252 5777 1481 5846 futuros.
1558 5777 1924 5847 Δορυφόρους.
1972 5777 2065 5832 Sic

501 5848 665 5918 patrio
693 5845 924 5902 inferius
954 5845 1402 5920 δορυφοροῦντες.
1427 5845 1753 5918 Quanquam
1779 5845 1931 5903 enim
1961 5864 2067 5905 non

2174 5795 2238 5835 eo
2269 5782 2484 5844 habitu,
2505 5779 2599 5836 sed
2624 5780 2798 5850 magis
2828 5778 3162 5850 supplic_i,et
3192 5776 3331 5850 dona
3365 5762 3719 5850 ferentfﬁﬂf"

2180 5828 2599 5918 ἷιὶνιίὶἐέζὶὶόὗιῖῖιῖ
2625 5828 2796 5907 ’ἧῆῗὸ
2829 5828 3326 5921 tutastutas
3378 5828 3696 5896 accederent.
