3966 6500
235 415 358 483 989

1483 417 1567 479 IN
1600 418 1859 480 RAMOS
1887 420 2344 482 PALMARUM.

3445 429 3560 498 990

335 524 542 580 Σκόπει
581 521 662 590 δὲ,
702 519 747 577 ὣ
774 522 1024 592 φιλότης,
1077 522 1197 588 πῶς
1247 525 1488 595 συγγενῆ
1535 527 1630 579 καὶ
1661 526 1853 580 καταλ-

2044 527 2304 598 Perspire
2354 543 2510 590 vero,
2543 545 2576 584 ο
2615 530 2840 598 dilecte,
2898 540 2959 587 ut
2991 548 3084 590 res
3125 507 3291 590 modo
3322 537 3562 594 assimlli
3650 593 3652 596 ,

246 615 444 688 λήλως
475 616 590 688 ἔχει
635 616 704 670 τά
745 615 1070 686 πράγματα.
1106 617 1259 670 Ἐκεῖ
1309 617 1580 688 Βηθλεὲμ,
1624 617 1861 674 ἐνταῦθα

247 710 530 780 Βηθανία.
579 709 713 762 Τότε
749 707 938 779 Μαρία
992 707 1088 761 καλ⁵
1138 705 1396 778 Σαλώμη,
1447 707 1544 760 νῦν
1580 708 1636 760 δὲ
1670 707 1862 780 Μαρία

245 801 357 854 καὶ
382 799 608 872 Μάρθα.
640 800 789 854 Ἐκεῖ
815 799 1050 870 Χριστὸς
1076 799 1596 869 ὲσπαργανωμένος,
1626 799 1862 870 ἐνταῦθα

247 889 520 962 Λάζαρος
567 890 808 960 κειρίαις
856 890 1267 961 ὲνειλημμένος.
1305 890 1454 944 Ἐκεῖ
1503 890 1682 959 φάτνη
1708 931 1722 953 ,
1764 889 1860 942 καὶ

247 981 364 1041 ὧδε
388 987 579 1054 τάφος.
625 981 782 1048 Εἶδες
821 985 1004 1038 τόπων
1044 983 1139 1037 καὶ
1171 981 1483 1054 προσώπων
1516 983 1856 1052 ὲμφέρειαν;

247 1078 620 1151 γεννηθέντος
688 1075 971 1148 Χριστοῦ,
1030 1073 1280 1146 Ἡρώδης
1355 1074 1673 1146 ὲθρυλλείτο
1762 1074 1859 1128 καὶ

265 1153 947 1242 Ἰερουσαλὴμ’συνεχεῖτο
974 1183 987 1197 ·
1038 1169 1096 1220 ὲν
1129 1165 1369 1238 Βηθανίᾳ
1398 1165 1477 1231 δὲ,
1514 1167 1862 1236 θαυματουρο

247 1263 488 1333 γοῦντος
521 1261 688 1316 αὐτοῦ
719 1263 814 1315 καὶ
853 1259 1103 1330 Λάζαρον
1136 1259 1470 1332 ἐγείραντος,
1500 1259 1859 1330 Ἰερουσαλὴμ

245 1355 618 1427 ἐταράττετο,
675 1355 770 1406 καὶ
823 1355 1112 1424 Φαρισαῖοι
1165 1352 1295 1416 τοὺς
1349 1351 1541 1422 ὄχλους
1584 1347 1852 1405 ἀνέσειον.

262 1448 422 1501 Ἐκεῖ
446 1447 705 1517 ποιμένες
727 1444 1061 1516 ἐθαύμαζον,
1081 1443 1186 1500 ὧδε
1213 1447 1378 1514 ἱερεῖς
1396 1444 1764 1510 ὲπετύνθαζον
1788 1445 1851 1501 ³⁸.

261 1537 423 1592 Ἐκεῖ
463 1539 648 1606 Μάγοι
703 1535 1135 1608 δορυφοροῦντες
1187 1536 1588 1607 προσέπιπτον,
1620 1535 1856 1589 ἐνταῦθα

243 1629 421 1699 δῆμοι
487 1627 885 1698 θεομαχοῦντες
957 1627 1352 1698 προσέκρουον.
1399 1628 1550 1680 Ἐκεῖ
1616 1627 1854 1700 Χριστοῦ

247 1718 626 1792 προθυόμενοι
665 1720 854 1784 παῖδες
883 1719 1154 1792 ἠλάλαζον
1178 1719 1342 1773 οἱονεὶ
1359 1720 1621 1790 ὲπιτάφια
1649 1719 1856 1773 κλαίον-

243 1831 369 1878 τες,
401 1807 505 1877 ὧδε
535 1813 722 1878 παῖδες
750 1810 988 1884 Χριστοῦ
1013 1795 1467 1884 προεξάρχοντες.
1501 1811 1640 1882 πλὴν
1669 1815 1854 1865 ἐπεισ-

245 1905 378 1958 όδια
407 1905 728 1976 μέλποντες,
765 1905 825 1958 οὗ
861 1904 1021 1974 μέλος
1057 1904 1359 1974 Σειρήνιον,
1399 1903 1515 1956 ἀλλ’
1544 1901 1693 1974 ᾠδὴν
1731 1905 1850 1956 ἐπι-

248 1997 430 2050 νίκιον
455 2035 472 2061 ,
508 2013 528 2048 ι
569 1995 800 2049 Ὡσαννὰ
852 1994 932 2066 τῷ
973 1995 1090 2066 Υἱῷ
1142 1995 1332 2060 Δοδὶδ,
1369 2013 1390 2047 ι
1426 1995 1851 2064 ἁνακράζοντες,

251 2089 368 2144 ὑπὸ
401 2089 689 2160 καθηγητῇ
722 2087 800 2158 τῷ
827 2086 1108 2159 Πνεύματι
1143 2088 1543 2159 διδασκόμενοι.
1575 2089 1683 2142 Καὶ
1714 2089 1852 2142 ἁπό-

251 2201 367 2256 χρη
407 2181 518 2237 τῶν
557 2181 911 2250 καταλλήλων
945 2181 1314 2252 συγκρίσεων,
1353 2181 1432 2244 είς
1473 2179 1592 2234 δέον
1625 2179 1850 2249 ἐληλεγ-

259 2279 437 2350 μένης
476 2277 574 2347 τῆς
601 2273 868 2328 Ἰουδαίων
893 2272 1320 2344 φρενοϐλαϐείας
1347 2289 1360 2303 ·
1391 2271 1511 2326 τότε
1549 2271 1648 2342 μὲν
1687 2271 1850 2342 ἡνίκα

256 2369 502 2442 Χριστὸς
533 2365 860 2439 ἐφανεροῦτο
885 2365 1284 2438 σαρκούμενος,
1316 2363 1410 2418 νῦν
1433 2365 1489 2418 δὲ
1524 2367 1654 2418 ὅταν
1685 2365 1856 2434 εὐφη-

261 2465 448 2533 μεῖται
479 2459 902 2532 σταυρούμενος.
943 2458 1105 2529 Ἡμῖν
1151 2457 1208 2510 δὲ
1251 2457 1443 2526 καιρὸς
1482 2457 1584 2528 ἤδη
1617 2457 1728 2508 τῶν
1755 2457 1854 2526 τῆς

253 2553 458 2624 ἑορτῆς
494 2551 812 2622 μυστηρίων
836 2547 1176 2618 ἐφάψασθαι,
1205 2547 1300 2602 καὶ
1327 2545 1426 2616 τῆς
1449 2547 1692 2614 γείτονος
1716 2546 1854 2616 ἠμέ-

259 2662 362 2718 ρας
390 2644 482 2698 τὸν
517 2643 778 2714 μυστικὸν
812 2639 1160 2710 ἁνακαλύψαι
1197 2637 1428 2693 πλοῦτον
1467 2639 1616 2708 ὑμῖν,
1655 2637 1708 2691 εἴ
1736 2655 1853 2702 πως

251 2737 349 2791 τὸν
375 2739 432 2790 ἐν
461 2735 613 2808 αὑτῷ
647 2735 1026 2808 κρυπτόμενον
1067 2731 1342 2802 θησαυρὸν
1373 2729 1698 2800 καταϐραχὺ
1746 2747 1846 2799 (pat-

251 2829 602 2900 νερούμενον,
638 2827 736 2882 σὺν
765 2826 1021 2898 δαψιλείᾳ
1059 2823 1396 2898 πορίζοισθε.

1971 618 2230 674 habeant.
2271 618 2386 674 Illic
2414 620 2726 688 Bethleem,
2761 626 2850 681 hic
2875 626 3163 683 Bethania.
3203 629 3258 684 Id
3297 633 3564 702 temporis

1967 708 2141 762 Maria
2177 720 2232 764 ct
2263 709 2484 766 Salome
2529 712 2666 782 (21),
2697 731 2844 771 nunc
2875 715 3051 782 Maria
3091 727 3146 774 et
3181 719 3417 776 Martha.
3444 721 3564 778 lllic

1965 799 2227 856 Christus
2257 805 2462 870 pannis
2498 805 2808 874 involutus,
2853 808 2945 864 hic
2999 808 3248 868 Lazarus
3275 813 3563 870 involutus

1967 893 2203 948 institis.
2233 893 2354 951 Illic
2381 908 2650 968 praesepe.
2710 900 2802 956 hic
2848 911 3033 956 autem
3079 904 3422 973 sepulcrum.
3463 902 3558 960 Vi-

1965 982 2161 1038 distin‘
2196 985 2451 1039 loeorum
2488 1002 2968 1060 personarumque
2994 1003 3249 1046 exactam
3285 994 3561 1050 similitu-

1963 1076 2196 1131 dinem?
2253 1076 2518 1133 Vidistin‘
2579 1095 2922 1140 concursum
2991 1085 3220 1139 rerum?
3281 1086 3558 1142 Caeterum

1961 1169 2189 1224 Christo
2239 1169 2294 1223 in
2351 1169 2634 1226 Bethleem
2667 1181 2822 1238 nato,
2873 1175 3131 1230 turbatus
3160 1183 3245 1230 est
3279 1176 3556 1242 Herodes,

1959 1267 2016 1314 ct
2043 1258 2279 1314 confusa
2335 1257 2648 1316 Jerusalem
2681 1277 2696 1315 :
2751 1263 2948 1317 eodem
2982 1273 3165 1318 autem
3217 1265 3335 1334 ipso
3374 1265 3426 1319 in
3458 1263 3561 1318 Be-

1964 1353 2154 1406 thania
2186 1351 2462 1408 miracula
2497 1353 2697 1408 edente
2730 1368 2794 1407 ac
2822 1354 3098 1409 suscitato
3127 1353 3359 1420 Lazaro,
3395 1355 3561 1410 Jeru-

1961 1445 2407 1510 salem_turbata
2465 1455 2573 1510 est,
2626 1444 3008 1517 Pharisaeique
3049 1449 3413 1512 concitarunt
3445 1458 3560 1502 tur-

1959 1537 2080 1594 bas.
2137 1536 2254 1593 Illic
2321 1540 2678 1595 mirabantur
2736 1548 3021 1611 pastores,
3086 1540 3175 1594 hic
3239 1541 3558 1596 sacerdotes

1958 1629 2215 1687 irrident.
2266 1629 2384 1686 Illic
2431 1631 2568 1703 Magi
2612 1633 2896 1702 stipantes
2930 1631 3296 1693 accedebant,
3338 1631 3425 1685 hic
3457 1647 3558 1700 po-

1961 1721 2074 1791 puli
2132 1721 2302 1775 Deum
2360 1731 2745 1794 oppugnantes
2790 1719 3172 1776 oﬂen’debant.
3233 1719 3352 1773 lllic
3398 1717 3557 1788 pueri

1957 1822 2083 1866 ante
2105 1811 2390 1871 Christum
2414 1811 2584 1867 occisi
2609 1809 3085 1882 cjulabant,velut
3103 1809 3299 1864 ﬂerent
3323 1807 3555 1872 feralia;

1888 1880 1927 1937 Β
1958 1903 2048 1956 hic
2074 1903 2228 1974 pueri
2253 1912 2503 1973 praeeunt
2523 1903 2866 1966 Christo,sic
2892 1912 3079 1956 tamen
3115 1910 3174 1956 ut
3194 1916 3298 1971 pro
3333 1901 3558 1970 ingres-

1956 2013 2054 2051 sus
2110 1997 2395 2067 triumpho
2453 1997 2735 2052 modulate
2787 2004 3032 2051 canant:
3066 2010 3180 2050 non
3227 1993 3554 2048 Sirenarum

1955 2088 2100 2143 illud
2131 2089 2328 2156 melos,
2372 2090 2467 2144 sed
2503 2104 2742 2144 carmen,
2762 2102 2863 2160 pro
2897 2087 3154 2150 victoria,
3208 2087 3550 2142 clamantes:

1959 2200 1976 2233 ι
2016 2179 2278 2236 llosanna
2337 2181 2452 2236 lilio
2491 2181 2705 2249 David;
2758 2200 2778 2233 ι
2835 2182 2958 2252 ipso
3015 2180 3286 2235 nimirum
3339 2177 3554 2248 Spiritu

1952 2275 2320 2344 praeceptoris
2391 2282 2581 2344 partes
2657 2275 2947 2346 implente.
3020 2273 3200 2328 Porro
3274 2268 3554 2326 suliiciunt

1952 2381 2216 2434 congrua:
2247 2368 2525 2436 ejusmodi
2553 2370 3024 2438 comparationes,
3049 2365 3306 2422 convicta
3331 2361 3554 2418 abunde

1947 2456 2272 2514 Judmorum
2322 2461 2574 2528 vesania,
2627 2470 2760 2516 tunc
2809 2461 3036 2532 quidem
3099 2473 3228 2514 cum
3291 2456 3554 2512 Christus

1951 2550 2288 2608 n'ianil‘estus
2338 2553 2517 2618 ﬁeret,
2571 2569 2637 2609 ac
2677 2553 2846 2608 modo
2876 2568 3004 2609 cum
3035 2551 3192 2608 cruci
3245 2547 3552 2619 adigendus

1949 2641 2152 2700 faustis
2182 2644 2296 2701 illis
2331 2646 2625 2703 ominibus
2651 2646 3030 2718 exciperetur.
3066 2645 3340 2700 Caeterum
3371 2653 3555 2710 opera:

1949 2732 2188 2800 pretium
2219 2745 2304 2790 est
2337 2742 2395 2789 ut
2420 2736 2536 2806 jam
2575 2735 2702 2792 festi
2751 2744 3108 2794 sacramenta
3178 2732 3552 2804 attigerimus,

1951 2827 2334 2900 proximaque
2384 2829 2493 2885 dici
2523 2831 2846 2902 spirituales
2877 2833 3106 2888 divitias
3161 2829 3320 2885 vobis
3391 2839 3554 2881 reve-

253 2922 463 2985 lemus,
521 2921 568 2976 si
625 2919 908 2992 quomodo
957 2921 1216 2976 latentem
1263 2920 1328 2974 in
1385 2919 1468 2974 eis
1516 2918 1842 2973 thesaurum
1887 2920 2092 2974 sensim
2131 2921 2604 2981 manifestaudum
2634 2925 2790 2997 large
2854 2924 3258 2994 allluenterque
3332 2932 3557 2990 compa-

250 3015 545 3072 raveritis.

341 3129 504 3186 Ἀλλά
546 3149 638 3202 μοι
669 3130 862 3202 δεῦρο,
899 3129 1300 3192 συναναϐάντες
1349 3129 1442 3182 ἐπὶ
1479 3128 1541 3182 τὸ
1573 3128 1700 3200 ὅρος
1740 3127 1849 3182 τῶν

2025 3129 2424 3188 Enimvero'ad
2475 3149 2559 3188 me
2611 3133 2821 3194 venite,
2875 3131 3190 3201 pariterque
3239 3126 3554 3184 ascenden-

247 3223 521 3292 ,Ἐλαιῶν,
542 3223 764 3296 Χριστῷ
787 3223 1018 3295 συναντή
1028 3239 1210 3294 σωμεν
1228 3223 1289 3275 ὲκ
1313 3221 1582 3292 Βηθανίας
1601 3223 1853 3276 ἐπανιόν-

247 3334 308 3372 τι
372 3317 634 3388 σήμερον,
690 3318 786 3371 καὶ
831 3316 970 3388 πρὸς
1037 3317 1098 3370 τὸ
1137 3315 1336 3369 σεπτὸν
1388 3317 1566 3368 ἐκεῖνο
1609 3315 1702 3368 καὶ
1743 3333 1851 3386 μα-

251 3409 450 3480 κάριον
487 3410 815 3474 ἐθελουσίως
845 3409 1114 3488 χωροῦντι
1149 3409 1345 3474 πάθος,
1377 3408 1462 3462 ἵνα
1487 3408 1661 3479 πέρας
1685 3409 1876 3482 ὲπιθῇ’

247 3502 334 3573 τῷ
381 3499 670 3574 μυστηρίῳ
708 3503 810 3572 τῆς
843 3502 1000 3573 ἡμῶν
1033 3501 1330 3572 σωτηρίας.
1358 3503 1620 3572 Ἔρχεται
1667 3503 1848 3556 τοίνυν

247 3590 356 3661 τὴν
395 3590 490 3644 ἐπὶ
531 3591 630 3662 τὴν
667 3591 1028 3663 Ἰερουσαλὴμ
1064 3591 1291 3662 πορείαν
1344 3592 1701 3662 στελλόμενος
1761 3592 1852 3646 ἐθυ

249 3683 461 3744 ελοντὶ,
497 3685 526 3737 ό
553 3683 621 3738 δι’
646 3685 795 3756 ἡμᾶς
827 3683 1108 3741 κατελθὼν
1137 3684 1364 3751 ἄνωθεν,
1383 3685 1472 3738 ἵνα
1494 3687 1641 3758 ἡμᾶς
1673 3685 1852 3756 ἐαυτῷ

250 3777 559 3853 συνυψώτῃ
590 3779 744 3834 κάτω
771 3769 1081 3848 κειμένους,
1112 3779 1186 3842 ὼς
1213 3781 1246 3849 ἡ
1278 3779 1633 3850 ἐκτραντορία,
1670 3799 1689 3831 ι
1717 3781 1852 3834 ὑπε-

251 3871 410 3938 ράνω
437 3873 618 3939 πάσης
643 3871 842 3942 ἀρχῆς,
873 3872 970 3924 καὶ
995 3870 1269 3936 ἐξουσίας,
1301 3872 1399 3926 καὶ
1423 3873 1727 3944 δυνάμεως,
1762 3875 1854 3928 καὶ

250 3962 464 4038 παντὸς
514 3963 780 4033 ὀνόματος
839 3962 1271 4034 ὀνομαζομένου.
1309 3983 1327 4016 ι
1357 3964 1618 4036 Ἔρχεται
1664 3965 1754 4026 δὲ,
1788 3965 1850 4018 οὐ

250 4054 687 4126 φανητιῶνσούδὲ
715 4057 1016 4126 κομπάζων
1035 4073 1049 4087 ο
1081 4075 1108 4133 ιζ
1131 4057 1246 4110 Οὐκ
1279 4056 1477 4128 ἐρίσει,
1519 4057 1706 4127 φησιν,
1729 4058 1850 4110 οὐδὲ

249 4148 600 4216 κραυγάσει,
653 4148 776 4201 οὐδὲ
831 4149 1057 4202 ἀκούσει
1096 4165 1178 4210 τις
1215 4148 1316 4218 τὴν
1353 4149 1545 4221 ’φωνὴν
1589 4148 1783 4202 αὐτοῦ’
1821 4169 1842 4218 ι

249 4238 395 4293 ἀλλὰ
445 4241 622 4310 πρᾶος
661 4243 756 4293 καὶ
794 4241 1054 4304 ταπεινὸς
1115 4241 1308 4311 εὐτελῆ
1364 4242 1464 4311 τὴν
1518 4241 1724 4294 εἴσοδον
1765 4243 1848 4294 ἐν-

248 4329 632 4400 δεικνύμενος.
666 4329 732 4384 Τί
779 4330 890 4403 γὰρ
923 4331 1306 4402 εὐτελέστερον
1354 4330 1500 4397 ὄνου,
1549 4331 1600 4383 τί
1648 4332 1706 4384 δὲ
1751 4349 1850 4384 τα-

251 4421 572 4492 πεινότερον
641 4423 967 4492 ὑποξυγίου;
1035 4424 1197 4486 αὐτὸς
1257 4421 1316 4476 δὲ
1365 4425 1465 4475 οὐκ
1519 4423 1850 4495 ἀπῃσχύνθη

1963 3231 2045 3278 tes
2076 3222 2146 3276 ad
2172 3235 2416 3278 montem
2449 3222 2762 3290 Olivarum,
2789 3224 3020 3280 Christo
3047 3223 3215 3278 hodie
3245 3237 3311 3276 ex
3349 3218 3552 3275 Betha-

1960 3317 2052 3368 nia
2082 3315 2405 3381 revertenti,
2446 3325 2612 3388 atque
2659 3317 2728 3372 ad
2779 3315 3156 3372 venerabilem
3209 3313 3365 3366 illam
3417 3311 3550 3364 bea-

1957 3414 2184 3476 tamque
2241 3407 2599 3477 passioncm,
2667 3423 2770 3463 sua
2825 3407 2934 3476 ipsi
2988 3413 3212 3476 sponte,
3251 3411 3309 3458 ut
3344 3412 3551 3458 nostra

1956 3501 2159 3556 salutis
2211 3513 2562 3557 sacramento
2631 3501 2791 3556 linem
2865 3501 3136 3570 imponat,
3219 3496 3548 3568 procedenti

1949 3609 2343 3650 occurramus.
2400 3595 2560 3650 Venit
2610 3595 2796 3665 itaque
2840 3593 2944 3648 iter
2990 3601 3187 3664 sponte
3219 3606 3414 3646 versus
3453 3591 3548 3646 Je-

1951 3689 2196 3743 rusalem
2237 3688 2470 3754 faciens,
2501 3688 2597 3757 qui
2631 3703 2660 3743 e
2693 3689 2852 3744 cretis
2908 3687 3090 3742 nostri
3123 3701 3290 3742 causa
3317 3684 3548 3740 descen-

1951 3778 2054 3841 dit,
2085 3787 2144 3831 ut
2177 3794 2278 3834 nos
2307 3779 2362 3832 in
2401 3778 2608 3832 inlimis
2658 3779 2916 3848 jacentcs
2949 3793 3058 3832 una
3096 3793 3286 3834 secum
3326 3779 3546 3832 exalta-

1953 3877 2059 3934 ret,
2099 3881 2152 3924 ut
2187 3870 2477 3940 Scriptura
2510 3871 2760 3940 exponit,
2799 3891 2819 3923 ι
2869 3885 3040 3940 supra
3080 3887 3304 3925 omnem
3339 3869 3548 3940 princi-

1951 3970 2166 4030 patum,
2217 3969 2273 4016 et
2326 3971 2680 4032 potestatem,
2709 3971 2765 4017 et
2813 3963 3106 4026 virtutem,
3149 3971 3202 4017 et
3253 3977 3414 4016 omne
3443 3975 3545 4014 no-

1951 4064 2077 4108 men
2107 4053 2254 4122 qupd
2287 4054 2609 4110 nominatur
2642 4065 2691 4109 ο.
2725 4043 2744 4108 ἰ
2783 4054 2946 4110 Venit
2980 4065 3192 4121 autem,
3247 4069 3358 4110 non
3387 4054 3544 4108 velut

1949 4145 2181 4214 gloriam
2234 4162 2540 4216 occupans,
2605 4147 2869 4220 fastuque
2937 4160 2992 4204 et
3041 4163 3286 4219 pompa.
3344 4166 3363 4201 ι
3420 4145 3544 4202 Non

1949 4237 2270 4300 contendet,
2323 4239 2526 4310 inquit,
2563 4256 2748 4311 neque
2796 4242 3086 4308 clamabit,
3128 4255 3303 4311 neque
3338 4239 3545 4308 aliquis

1958 4329 2147 4383 audiet
2197 4344 2390 4384 vocem
2442 4329 2565 4399 ejus
2595 4328 2662 4398 d;
2733 4350 2752 4384 ›
2803 4331 2899 4385 sed
2953 4331 3060 4386 erit
3123 4338 3452 4384 mansuetus
3489 4338 3544 4383 et

1959 4421 2210 4486 humilis,
2243 4421 2336 4475 vili
2374 4422 2563 4476 habitu
2596 4432 2650 4476 et
2673 4430 2942 4494 apparatu
2965 4421 3238 4478 adornato
3263 4420 3542 4489 ingressu.

251 4512 517 4580 πλούσιος
547 4513 644 4577 ὢν,
695 4515 792 4569 καὶ
826 4513 1021 4578 νώτοις
1053 4515 1412 4587 Χερουόικοῖς
1457 4517 1847 4588 ἐποχούμενος,

1957 4512 2099 4579 Quid
2137 4515 2284 4570 enim
2321 4515 2488 4570 vilius
2521 4515 2728 4570 asino?
2773 4513 2912 4584 quid
2948 4528 3084 4568 vero
3117 4511 3383 4566 humilius
3411 4513 3548 4566 sub-
3637 4512 3648 4520 ”

253 4604 445 4658 πῶλον
464 4606 540 4671 ὡς
572 4607 762 4679 θρόνον
792 4605 1131 4662 ἐπικαθίσαι.
1167 4609 1522 4680 Προφητικὴν
1549 4610 1656 4678 γὰρ
1687 4609 1852 4680 ἐπλή-

335 4798 358 4826 c
393 4787 592 4858 Ephes.
630 4802 669 4854 ι,
710 4785 803 4842 2t.
890 4782 918 4824 ά
959 4785 1064 4845 lsa.
1089 4785 1288 4850 :Lit,2.

1957 4608 2174 4678 jugali?
2226 4607 2546 4673 Enimvero,
2599 4609 2698 4680 qui
2747 4609 2906 4666 dives
2953 4617 3096 4675 erat,
3129 4609 3336 4679 quique
3361 4605 3551 4662 dorsis

1537 4875 1622 4933 VA
1634 4874 1774 4931 “LE
1808 4875 2220 4934 LECTIONES.

369 4996 412 5028 δ’
445 4994 486 5049 F
491 5003 608 5050 orte
629 4995 1056 5061 ὲπετύντλαζον,
1084 4995 1556 5067 obloquebantur.

1577 5149 1959 5214 consensu
1983 5153 2218 5238 NOTAE.

263 5302 455 5362 revera
487 5293 679 5362 tamen
712 5285 977 5362 Herodes,
1008 5289 1063 5344 in
1092 5289 1196 5357 eis,
1223 5297 1279 5346 et
1301 5289 1576 5348 similibus
1605 5291 1722 5362 regi
1767 5291 1847 5346 illi

263 5358 595 5432 adhaasnris,
656 5357 1008 5430 δορυφορίαν,
1062 5377 1169 5432 qua
1229 5363 1448 5416 tandem
1505 5357 1696 5432 regno'
1732 5363 1851 5430 ipse

265 5431 590 5502 pelleretur,
641 5432 914 5502 metuebat
947 5449 959 5483 :
991 5431 1140 5500 quod
1187 5433 1489 5502 prmsertim
1534 5431 1718 5487 ease-ut
1753 5448 1872 5502 po-‘

267 5507 448 5572 tentes
475 5499 681 5572 viri,_a_c
706 5500 854 5572 regio
872 5499 1276 5566 clari’nomiue,
1311 5503 1584 5572 siquidem
1618 5506 1702 5572 pie
1728 5499 1851 5558 c're-

264 5571 449 5624 (limus
478 5569 789 5623 traditioni.
1383 5569 1414 5600 ’-

339 5637 823 5716 (‘21)EtSalgme.
879 5641 990 5694 Καὶ
1039 5633 1704 5716 Σαλώμη.ίῖὶεειὶιιιὶιιιιιβ
1753 5645 1854 5697 Σα-

265 5707 611 5785 λῲμηηάντὶ
671 5710 894 5785 Σαλὼμ,
945 5729 1009 5785 ex
1069 5707 1385 5785 apett'ry'pho
1441 5716 1615 5780 libro,
1661 5714 1851 5770 Jacobi

269 5779 594 5848 ἀδελφοθέου
635 5781 879 5842 nomine,
913 5783 978 5835 ad
1014 5779 1174 5849 quem
1202 5779 1448 5841 A'n'dreas
1489 5779 1704 5841 alludit.
1738 5785 1850 5840 Ha-

270 5850 493 5905 buimus
522 5850 671 5905 aliud
707 5852 827 5922 ejus
881 5851 1189 5924 exeinplar,
1221 5858 1382 5912 etiam
1431 5859 1659 5928 regium,
1691 5861 1850 5930 cujus

1957 5291 2190 5360 margini
2219 5298 2338 5346 erat
2396 5292 2726 5362 ascriptum,
2768 5307 2936 5348 manu
2988 5293 3122 5348 satis
3157 5294 3409 5363 antiqua,
3437 5308 3548 5348 non

1961 5365 2205 5432 recipere
2230 5363 2532 5432 Ecclesiam
2589 5379 2716 5418 eum
2759 5373 3083 5430 tractatum,
3117 5373 3176 5418 ut
3218 5380 3343 5419 vere
3382 5363 3544 5419 Gela-

1957 5435 2075 5488 sins
2097 5449 2221 5502 cap.
2249 5433 2449 5488 Sancta
2477 5431 2742 5499 Romana,
2773 5451 2899 5488 eum
2927 5435 3247 5503 proscripsit
3271 5453 3284 5488 :
3311 5438 3403 5488 sed
3434 5449 3548 5488 non

1959 5505 2220 5558 videntur
2239 5504 2411 5558 Graeci
2439 5505 2739 5560 adhmsisse
2768 5505 2996 5559 omnino
3025 5506 3100 5558 illi
3146 5515 3418 5568 censura‘,
3445 5521 3544 5560 seu

1961 5589 2188 5644 pret-sus
2223 5575 2541 5644 repudiasse
2601 5576 2768 5629 libros
2803 5593 2942 5646 quos
2987 5579 3076 5630 ille
3118 5577 3170 5630 in
3205 5574 3546 5646 apocrypho-

1963 5661 2083 5712 rum
2143 5647 2380 5700 classem
2446 5646 2749 5715 rejecisset,
2788 5656 2846 5700 ut
2905 5662 3012 5701 non
3053 5647 3218 5702 etiam
3264 5645 3451 5715 postea
3487 5645 3546 5699 in

1963 5717 2228 5774 ECCIt'SllS
2281 5719 2610 5773 retinueriut
2659 5719 3016 5788 legorintque.
3059 5733 3124 5772 ac
3158 5717 3344 5772 Patres
3375 5731 3543 5786 expo-

1963 5791 2196 5845 suerint.
2221 5790 2404 5858 iisque
2431 5804 2530 5842 sua
2567 5790 2913 5848 illustrariut.
2939 5800 2997 5842 ut
3021 5797 3220 5858 praeter
3240 5789 3538 5852 Andream,

1957 5861 2120 5916 etiam
2158 5860 2774 5933 Germanus,Gcorgius
2801 5859 3111 5926 Nicomed.,
3153 5867 3260 5914 ctc.
