3966 6486
471 395 574 462 991
1673 397 1736 458 S.
1777 396 2108 458 ANDREIE
2147 394 2577 456 CRETENSIS
3653 385 3762 451 992

474 507 804 566 Cherubicis
848 507 1144 579 inequitat,
1193 507 1350 578 pullo
1419 522 1520 561 ceu
1573 507 1780 563 throno
1832 507 2040 563 insider

2199 523 2271 560 μου
2299 506 2503 578 φωνὴν,
2540 504 2724 576 πολλῷ
2761 504 3026 577 πρότερον
3053 499 3472 574 προρρηθεῖσαν
3513 500 3572 552 ἐν
3609 500 3765 554 πνεό-

479 602 872 660 ιιοηότιιὺυίι.
909 603 1124 672 Quippe
1159 602 1424 672 implebat
1465 601 1849 671 propheticam
1882 613 2045 654 vocen

2200 616 2346 653 ιστι·
2392 619 2410 652 ι
2449 600 2673 663 Εἴπατε,
2731 599 2888 668 φησὶ,
2943 599 3008 668 τῇ
3046 593 3285 665 θυγατρὶ
3333 590 3479 646 Σιών
3517 607 3533 623 ·
3577 591 3708 646 Ἰδοὺ
3739 595 3766 647 ὁ

477 695 642 766 longe
673 695 831 765 prius
883 697 938 748 in
986 695 1189 764 spiritu
1249 693 1618 762 prmdictam:
1679 713 1700 744 ι
1758 691 1957 756 Dicite,
1983 693 2040 745 in

2201 691 2430 754 ιασιλεύς
2474 708 2566 744 σου
2597 690 2818 763 ἔρχεταί
2877 706 2962 743 σοι
3015 685 3234 758 πραῢς,
3279 684 3382 738 καὶ
3425 682 3767 754 ἐπιϐεϐηκὼς

476 788 622 858 quit,
671 785 800 840 ﬁliae
845 785 1022 840 Sion:
1061 785 1208 839 Ecce
1236 783 1354 838 Rex
1400 792 1534 839 tuus
1567 783 1717 838 venit
1759 782 1860 836 tibi
1909 797 2038 834 man

2207 782 2270 834 ni.
2311 782 2491 836 πῶλον
2530 783 2645 834 υἱὸν
2691 781 3011 848 ὑποζυγίου.
3043 775 3218 847 »Ἆρά
3265 792 3357 828 σοι
3409 773 3618 844 ταύτης
3645 776 3767 830 ποτὲ

479 884 698 939 suetus,
760 884 817 931 et
851 876 1056 932 sedens
1111 892 1279 942 super
1333 876 1542 944 pullum
1589 873 1761 928 lilium
1807 872 2042 942 subiuga

2203 874 2383 938 ιείζων
2414 873 2735 945 ἐφανερώθη
2763 872 3116 934 ταπείνωσις,
3149 867 3262 922 τῶν
3303 867 3404 920 ἐπὶ
3440 865 3604 935 δόξης
3653 865 3769 920 θαυ-

479 967 550 1022 lis
583 977 629 1022 ο.
673 985 692 1019 ι
755 966 922 1032 Num,
958 981 1113 1036 rogo,
1152 969 1256 1020 hac
1294 981 1540 1036 unquam
1595 967 1777 1032 major
1821 964 1938 1018 visa
1988 978 2045 1018 es

2202 966 2721 1036 ιαζομένων;Ἔστι
2753 964 2808 1018 δὲ
2842 963 3046 1032 ταύτης
3087 955 3197 1031 ἆρα
3242 959 3352 1023 τῆς
3391 954 3768 1020 ταπεινώσεως

439 1107 443 1114 .
483 1058 830 1121 humanitas,
861 1075 1053 1114 eorum
1089 1059 1182 1130 qui
1209 1075 1320 1129 prie
1363 1059 1538 1129 gloria
1591 1057 1947 1113 admirationi
1977 1057 2005 1110 h

2206 1075 2232 1110 ν
2271 1055 2580 1127 ἀνθρώποις
2613 1054 3002 1128 conleci-ripa;
3043 1053 3146 1106 οὐκ
3198 1050 3440 1121 ἓφριξας
3475 1047 3691 1102 ἀκούων
3725 1049 3772 1102 εἰ

439 1171 444 1189 ι
483 1149 725 1205 bentur?
755 1147 949 1205 Ullane
983 1152 1130 1220 apud
1185 1151 1440 1206 homines
1473 1151 1576 1206 hac
1613 1151 1924 1205 humilitate
1969 1165 2000 1204 a

2201 1164 2262 1210 τις
2296 1147 2363 1200 ἂν
2391 1147 2476 1217 εῐη
2506 1146 2573 1211 ⁸ο,
2599 1147 2690 1200 τὸν
2721 1147 2813 1200 ἐπὶ
2855 1149 2968 1209 τοῖς
2997 1145 3254 1214 Σεραερὶμ
3306 1140 3767 1212 ἐνθρονιζόμενον,

441 1241 900 1312 ‘jeetior‘i'Non
951 1243 1220 1296 horruisti
1276 1241 1531 1306 audiens,
1588 1241 1845 1313 quisquis
1876 1241 1974 1305 sis.

2207 1239 2269 1292 πὶ
2331 1239 2510 1291 πῶλον
2565 1239 2901 1310 όχούμενονς
2949 1236 3112 1290 Ἀλλά
3158 1233 3327 1306 δεῦρο
3389 1232 3488 1287 καὶ
3539 1233 3638 1303 τὴν
3685 1235 3769 1304 ἐρ·

485 1334 579 1401 qui
615 1335 766 1390 sedet
793 1350 958 1404 super
987 1335 1310 1404 Seraphim,
1340 1334 1490 1404 pullo
1528 1335 1863 1390 veheretur?
1890 1332 2050 1388 Enim

2285 1331 2406 1384 statu
2437 1330 2738 1402 διδάχθητι,
2787 1315 2880 1384 καί
2920 1330 3020 1402 τὴν
3059 1326 3396 1396 οἰκονομίαν
3435 1325 3768 1397 πιστώθητι,
3845 1363 3851 1376 .

432 1442 440 1463 ‘-
485 1440 618 1480 vero
651 1427 786 1482 ades
811 1426 912 1489 sis,
943 1435 998 1480 et
1025 1427 1548 1496 interpretationem
1575 1427 1799 1490 docere,
1835 1433 1987 1480 certa

2203 1438 2266 1474 να
2297 1423 2474 1486 συνεὶς
2511 1423 2604 1476 τοῦ
2637 1422 2941 1494 μυστηρίου
2981 1421 3079 1494 τὴν
3107 1421 3350 1491 δύναμιν
3393 1419 3769 1490 προσκυνήσῃς

483 1533 596 1586 que
646 1517 1088 1587 dispensationis
1140 1521 1332 1587 accipe
1395 1517 1581 1583 fidem,
1636 1525 1697 1572 ut
1740 1527 2049 1571 sacramcnt

1442 1518 1581 1583 dem,
1636 1525 1697 1572 ut
1740 1515 2080 1571 sacramenti
2178 1513 2272 1566 τοῦ
2303 1514 2508 1586 Κυρίου
2542 1514 2640 1586 τὴν
2675 1517 3008 1586 πρὸγνωσιν.

488 1607 692 1662 virtute
719 1615 1026 1678 perspecta,
1064 1607 1278 1662 Domini
1319 1609 1724 1679 praescieutiam
1751 1609 1969 1664 adores.

563 1697 831 1752 Futurum
885 1707 1026 1764 erat,
1088 1706 1151 1752 ut
1183 1717 1202 1750 ι
1235 1702 1331 1768 qui
1385 1701 1534 1754 tollit
1567 1710 1854 1770 peccatum
1917 1695 2078 1755 muni

2259 1695 2492 1768 Ἔμελλε
2547 1697 2648 1768 τὴν
2687 1695 2848 1768 ἡμῶν
2901 1695 3126 1767 ἀλογίαν
3177 1693 3513 1765 περιελεῖν,
3562 1711 3581 1743 ι
3618 1693 3646 1745 ὁ
3689 1691 3771 1745 τοῦ

492 1789 546 1844 di
580 1786 628 1856 ί,
676 1807 696 1842 ι
732 1790 828 1860 qui
867 1789 1088 1860 inquam
1115 1805 1295 1860 neque
1335 1791 1564 1861 praesepi
1591 1793 1883 1846 brutornm
1915 1793 2058 1848 reclit

2206 1790 2393 1860 ιεσμου
2419 1791 2518 1861 τὴν
2543 1791 2820 1862 ἁμαρτίαν
2843 1789 2981 1861 ἄρας
3002 1807 3016 1820 ο
3055 1808 3072 1840 ι
3103 1791 3131 1842 ὁ
3159 1787 3302 1858 μηδὲ
3332 1787 3551 1856 φάτνης
3578 1784 3772 1852 ἀλόγων

493 1880 614 1936 nari
648 1881 981 1952 dedignatus
1031 1891 1141 1944 est,
1181 1883 1400 1936 brutam
1451 1897 1480 1936 a
1516 1883 1677 1938 nobis
1726 1883 2059 1938 aﬂ‘ectioneu

2205 1884 2286 1952 τὴν
2318 1885 2374 1935 ἐν
2409 1884 2746 1954 σπαργάνοις
2787 1880 3108 1948 ἀπαξιώσας
3143 1879 3522 1949 κατάκλησιν.
3557 1876 3771 1932 Ἐτύπου

493 1971 764 2026 auferret.
817 1971 964 2042 'Apte
1006 1987 1138 2026 vero
1183 1971 1459 2043 ﬁgurabat
1503 1975 1668 2029 etiam
1707 1975 1952 2044 gentium
1982 1989 2059 2028 vol

2205 1972 2242 2024 ῑέ
2274 1972 2560 2042 χρησίμως
2599 1972 2696 2024 καὶ
2717 1971 2826 2024 τῶν
2854 1970 3024 2024 ἐθνῶν
3055 1969 3152 2040 τὴν
3189 1969 3420 2038 κλῆσιν,
3457 1969 3586 2040 ἄρτι
3617 1985 3771 2040 προσ-

494 2063 790 2129 Cationem,
846 2079 970 2134 quae
1011 2063 1128 2132 jam
1181 2065 1360 2135 ipsum
1401 2073 1833 2133 exspectarent:
1884 2074 1944 2120 ut
1987 2081 2058 2136 qu

2207 2065 2490 2134 ῑεχομένων
2525 2065 2714 2130 αὑτὸν,
2756 2063 2848 2118 ἆτε
2895 2063 2959 2134 δὴ
3003 2082 3022 2115 ι
3058 2063 3152 2116 τοῦ
3187 2062 3419 2133 Ἰσραὴλ
3453 2081 3473 2114 ι
3513 2061 3773 2132 πεφηνότα

495 2154 758 2209 nimirum
803 2152 915 2220 iam
974 2155 1330 2225 apparuisset
1379 2173 1398 2206 ι
1457 2157 1774 2212 consolatio
1832 2154 2061 2221 lsrael,:

2205 2172 2212 2205 ι
2250 2153 2633 2225 παράκλησιν,
2671 2154 2766 2207 καὶ
2807 2153 2924 2222 φῶς
2985 2155 3267 2228 σωτηρίας
3304 2173 3323 2204 ι
3371 2151 3771 2224 καραδοκούμε-

494 2255 996 2318 exspectatamque
1041 2247 1244 2303 salutis
1293 2265 1312 2298 ι
1354 2247 1543 2303 lumen
1584 2249 1652 2304 ad
1685 2249 2060 2304 revelationeu

2205 2264 2278 2300 ρον
2314 2267 2331 2299 ι
2367 2249 2448 2311 είς
2473 2245 2644 2300 ἐθνῶν
2672 2246 3038 2316 ἀποκάλυψιν.
3079 2267 3097 2299 ι
3131 2247 3253 2316 Ἀφ’
3280 2240 3359 2300 ὧν
3393 2246 3513 2300 ὅσοι
3538 2245 3626 2300 τὸν
3651 2247 3771 2299 ἑαυ-

495 2341 746 2412 gentium
778 2342 826 2395 ⁸.
862 2359 881 2393 ι
922 2340 964 2395 Ε
1004 2342 1211 2413 quibus
1261 2350 1537 2414 quotquot
1569 2358 1728 2399 suam
1759 2342 2056 2398 incurvave

2201 2339 2298 2392 τῶν
2341 2338 2629 2409 ὑπέκυψαν
2667 2339 2894 2410 αὐχένα,
2930 2342 3024 2394 καὶ
3069 2339 3161 2393 τὸν
3201 2339 3444 2394 ἐλθόντα
3481 2338 3767 2408 δεξάμενοι,

499 2429 628 2485 runt
663 2433 960 2497 cervicem,
995 2433 1430 2505 venientemque
1456 2442 1853 2504 susceperunt,
1879 2440 2065 2488 totum-

2205 2432 2286 2484 καὶ
2315 2431 2434 2484 ὅλον
2465 2433 2678 2493 ἑαυτοῖς
2705 2432 2796 2485 τὸν
2825 2433 3107 2502 Δεσπότην
3141 2431 3610 2494 ἐπιϐιϐάσαντες*
3640 2425 3771 2485 οῦτοι

498 2538 608 2592 que
662 2523 769 2579 sibi
820 2523 959 2595 ipsis
1013 2524 1305 2580 Dominum
1356 2526 1782 2596 imposuerunt,
1818 2526 1854 2580 ii
1909 2525 2064 2596 palan

2202 2520 2478 2592 προδήλως
2515 2522 2614 2592 τὴν
2643 2521 2780 2585 τέως
2811 2523 3198 2594 κρυπτομένην
3233 2523 3525 2592 ἀλήθειαν,
3565 2525 3620 2576 ὲν
3656 2525 3768 2576 ἐαυ-

503 2614 790 2668 veritatem
845 2611 1118 2671 hactenus
1163 2617 1547 2680 occultamin
1599 2616 1797 2687 seipsis
1858 2615 2065 2671 manife

2205 2603 2304 2676 τοῖς
2341 2612 2624 2683 ἐκφαίνειν
2648 2613 3058 2686 φιλοτιμότερον
3087 2614 3384 2679 ἔσπευδον,
3412 2613 3468 2666 ετ
3496 2631 3609 2678 πως
3633 2616 3660 2666 ὁ
3681 2612 3771 2666 A6-

504 2713 654 2760 stare
692 2706 1054 2763 ambitiosius
1099 2695 1537 2776 contenderunt,
1583 2707 1633 2764 si
1667 2723 1778 2779 quo
1810 2707 1974 2764 modo
2011 2709 2070 2764 ei;

2202 2721 2293 2773 γος
2340 2705 2524 2770 αὐτοῖς
2561 2706 2778 2774 ἐπιϐὰς,
2822 2707 2921 2776 τῆς
2974 2707 3311 2777 κτηνωδείας
3343 2705 3640 2770 ἀπαλλάξει
3683 2707 3768 2774 τῆς

402 2796 416 2807 ⁸
505 2795 748 2852 Verbum
781 2797 1057 2864 insidens,
1089 2801 1313 2870 antiqua
1358 2800 1526 2856 bruta
1563 2799 1855 2856 ati'ectione
1896 2801 1968 2856 lib

2202 2797 2528 2868 ἔμπροσθεν.
2583 2798 2794 2870 Ἱμάτια
2849 2799 2908 2852 δὲ
2955 2799 3174 2870 νοήσεις
3224 2799 3522 2870 ἀγαπητὴ
3581 2797 3647 2850 τὰ
3685 2796 3768 2866 μὲν

506 2888 666 2942 verit.
700 2887 875 2945 Porro
907 2901 1110 2955 vestes,
1135 2891 1361 2956 dilecte,
1383 2893 1693 2963 acceperis,
1721 2909 1860 2964 quas
1875 2894 2072 2964 quiden

2199 2889 2286 2944 διὰ
2310 2889 2418 2943 τῶν
2447 2890 2621 2960 ὄχλων
2662 2891 3083 2962 ὑποστρωθέντα
3131 2891 3208 2962 τῷ
3243 2891 3433 2962 Λόγῳ,
3477 2890 3544 2944 τά
3576 2889 3658 2944 διὰ
3684 2889 3765 2956 τῆς

507 2979 682 3033 turba:
741 2979 1172 3036 substraverunt
1215 2983 1416 3047 Verbo,
1482 2983 1760 3038 velamina
1831 2983 1922 3038 illa
1976 2999 2073 3054 qua

2201 2979 2423 3047 ἀγνοίας
2448 2979 2839 3033 ἐπισκοτοῦντα
2879 2979 2973 3034 τὸν
3007 2978 3134 3034 νοῦν
3182 2979 3652 3052 προκαλύμματα.
3687 2972 3767 3040 Οἷς

508 3078 750 3126 mentem
786 3088 883 3142 per
909 3073 1280 3146 ignorantiam
1332 3074 1696 3131 offuscarent.
1733 3060 1951 3143 Quibus
1984 3092 2072 3132 me

2197 3069 2261 3124 τὸ
2310 3071 2598 3124 Ἰουδαϊκὸν
2667 3071 2893 3135 εἰκότως
2953 3071 3430 3144 χαρακτηρίζεται
3488 3069 3762 3140 κάλυμμα,

509 3163 620 3218 tito
659 3162 924 3234 ﬁguratur
950 3163 1268 3220 Judzeorum
1319 3167 1457 3221 illud
1509 3167 1782 3233 velamen,
1812 3167 1960 3238 quod
1995 3168 2068 3224 im

2203 3161 2245 3215 ὃ¹
2282 3161 2378 3216 ἐπὶ
2428 3163 2526 3232 τὴν
2577 3162 2805 3234 καρδίαν
2844 3162 3026 3216 αὐτῶν
3069 3164 3252 3216 κεῖται
3288 3161 3368 3236 μὴ
3420 3157 3767 3216 ἀνακαλυπτό-

511 3253 751 3326 positum
803 3269 998 3310 eorum
1046 3255 1312 3310 cordibus
1360 3271 1466 3310 non
1520 3256 1823 3323 revelatur,
1861 3270 1928 3311 eo
1953 3269 2077 3325 qum

2207 3269 2388 3325 μενον,
2433 3253 2516 3307 ὅτι
2571 3255 2628 3308 ἐν
2660 3253 2882 3325 Χριστῷ
2935 3255 3325 3326 καταργεῖται.
3363 3274 3384 3306 ι
3417 3253 3608 3308 Ἧνὶκα
3655 3252 3763 3323 γὰρ,

509 3345 566 3399 in
614 3345 836 3399 Christo
889 3344 961 3398 sit
992 3343 1418 3400 eracuaudum:
1471 3359 1598 3399 nam
1636 3345 1818 3416 inquit
1855 3345 2068 3400 adtnira

2205 3347 2390 3418 φησὶν,
2421 3349 2449 3402 ό
2483 3347 2770 3412 θεσπέσιος
2805 3347 3038 3414 Παῦλος,
3063 3350 3311 3420 Μωῦσῆς
3335 3347 3762 3418 ἀναγινώσκεται,

508 3436 638 3492 bilis
666 3435 909 3492 Paulus:
947 3456 965 3489 ι
1020 3437 1157 3492 Cum
1193 3439 1394 3508 legitur
1441 3436 1678 3508 Moyses,
1715 3438 1967 3494 velamen
2002 3453 2073 3508 po

2203 3439 2468 3511 κάλυμμα
2508 3441 2600 3493 ἐπὶ
2648 3440 2748 3513 τὴν
2783 3441 3010 3512 καρδίαν
3062 3441 3245 3495 αὐτῶν
3296 3443 3498 3494 κεῖται.
3541 3435 3763 3492 Ἐπειδὰν

509 3529 679 3584 situm
733 3539 820 3585 est
879 3545 1050 3600 super
1097 3545 1196 3586 cor
1249 3545 1464 3586 eorum.
1525 3531 1662 3588 Cum
1715 3539 1898 3586 autem
1938 3529 2075 3586 tueri

2203 3531 2298 3586 οὖν
2352 3530 2656 3604 ἐπιστρέψῃ
2709 3531 2848 3604 πρὸς
2897 3532 3122 3604 Κύριον,
3167 3535 3542 3604 περιαιρεῖται
3585 3529 3641 3582 τδ
3679 3527 3763 3580 κά-

509 3636 812 3679 conversns
859 3621 927 3676 ad
987 3622 1302 3688 Dominum,
1370 3623 1665 3679 auferetur
1713 3624 1968 3680 velamen
1995 3623 2044 3679 Ιι.

2204 3625 2417 3695 λυμμα.
2455 3643 2472 3678 ι
2498 3625 2696 3696 Ὅπερ,
2734 3620 2912 3690 οἶμαι,
2936 3625 3227 3688 κάκείνους
3242 3625 3368 3680 τότε
3403 3623 3548 3684 είκδς
3583 3619 3762 3676 ἑαυτῶν

509 3713 670 3781 Quod
707 3726 764 3770 et
794 3715 922 3770 illos
955 3722 1089 3772 tunc
1135 3717 1339 3774 merito
1372 3716 1616 3772 arbitror
1649 3732 1678 3770 a
1714 3717 1914 3787 scipsis
1951 3717 2074 3772 abla

2207 3715 2556 3784 περιελόντας
2595 3716 2942 3787 ὑποστρῶσαι
2985 3716 3064 3787 τῷ
3097 3717 3280 3788 Λόγῳ,
3317 3717 3404 3772 διὰ
3440 3719 3538 3788 τῆς
3577 3713 3661 3766 ἐπὶ
3685 3709 3761 3764 τοῦ

510 3815 623 3862 tum
663 3807 1040 3864 substravisse
1076 3807 1261 3864 Verbo
1286 3847 1300 3871 ,
1344 3795 1656 3880 symbolica
1707 3809 1940 3880 juntenli
1969 3825 2071 3864 con

2206 3812 2470 3882 κτήνους,
2527 3810 2864 3882 συμϐολικῆς
2919 3811 3264 3878 ἐπιϐάσεως,
3328 3811 3432 3882 τῆς
3488 3805 3761 3879 κτηνὼδονς

510 3899 827 3962 scensione.
880 3899 1104 3954 brutam
1143 3914 1208 3955 ac
1251 3901 1408 3956 velut
1451 3901 1691 3970 iumenti
1725 3901 1792 3956 ab
1827 3902 1910 3956 eis
1943 3903 2072 3972 iguo

2207 3901 2386 3956 αὐτῶν
2431 3901 2654 3970 ἀλογίας
2705 3902 2807 3971 τὴν
2847 3901 3072 3970 ἄγνοιαν
3106 3901 3458 3972 περιάραντι.
3491 3899 3570 3952 Τὰ
3607 3896 3658 3950 δὲ
3689 3891 3759 3946 διὰ

509 3990 748 4043 rantiam
801 3988 1105 4045 auferenti.
1167 3989 1323 4057 Quas
1378 4001 1566 4049 autent
1620 3999 1808 4047 vestes
1847 3991 2075 4064 discipul

2205 3993 2316 4046 τῶν
2355 3994 2613 4066 μαθητῶν
2648 3994 2968 4048 ἐπιτεθέντα
2998 3993 3076 4065 τῷ
3119 3994 3288 4066 πώλῳ
3335 3995 3548 4064 ἱμάτια,
3580 3989 3667 4051 τὰς
3692 3985 3759 4038 διά

510 4081 661 4152 pullo
698 4081 1102 4152 imposuerunt,
1128 4093 1322 4153 aperte
1357 4084 1624 4140 existimo
1655 4100 1750 4140 eas
1785 4084 2076 4156 signiﬁcari

2205 4087 2300 4142 τοῦ
2318 4089 2636 4159 Πνεύματος
2653 4090 2744 4142 ὑπ’
2762 4087 2942 4144 αὐτῶν
2972 4089 3238 4160 ἐναργῶς,
3265 4084 3447 4161 οἶμαι,
3467 4081 3757 4157 προσιούσας

509 4173 768 4236 virtutes,
825 4189 948 4244 quae
995 4189 1091 4244 per
1151 4173 1421 4242 Spiritum
1483 4178 1553 4232 ab
1611 4177 1722 4232 illis
1791 4177 2066 4232 accedunt

2207 4183 2464 4258 δυνάμεις
2515 4184 3002 4252 ἐπισημαίνονται·
3035 4185 3160 4237 ὅσαι
3199 4182 3360 4254 δῆλον
3391 4183 3490 4254 τῆς
3533 4174 3757 4247 αίσχύνης

509 4273 780 4336 quotquot
824 4266 1083 4321 nimirum
1124 4275 1397 4332 nostram,
1453 4267 1550 4339 qui
1587 4279 1782 4325 smnus
1819 4285 1884 4325 ex
1921 4272 2071 4340 genti

2208 4277 2306 4349 τὴν
2343 4277 2627 4348 γύμνωσιν
2663 4279 2820 4350 ἡμῶν
2861 4278 2970 4332 τῶν
3007 4277 3065 4344 ἐξ
3097 4276 3266 4331 ἐθνῶν
3313 4271 3755 4348 περιστέλλουσαι,

510 4355 635 4423 bus,
704 4357 1071 4427 turpitudinis
1116 4359 1426 4414 nuditatem
1480 4367 1866 4430 contegentrs,
1910 4363 2073 4432 cogni

2209 4365 2306 4435 τὴν
2337 4368 2416 4428 είς
2458 4367 2692 4436 Χριστὸν
2738 4367 2869 4437 ἡμῖν
2922 4366 3270 4434 ἐξυφαίνουσι
3333 4365 3554 4434 γνῶσιν,
3599 4355 3757 4428 ῆόλον

510 4452 711 4506 tionem
752 4453 911 4507 nobis
951 4453 1006 4506 in
1053 4453 1343 4506 Christum
1396 4461 1611 4518 texunt,
1649 4461 1708 4508 ut
1761 4453 1930 4510 Deum
1957 4454 2076 4508 veln

2211 4457 2373 4510 αὑτὸν
2404 4457 2552 4526 ἡμᾶς
2579 4457 2999 4520 ἐνδιδύσκουσιν,
3039 4457 3107 4510 ἵν’
3133 4450 3285 4527 ὦμεν
3313 4455 3445 4510 Θεὸν
3476 4451 3755 4520 ἀγαλματο-

511 4542 566 4596 in
604 4544 842 4613 imagine
879 4554 1186 4613 gestemus.
1241 4552 1533 4614 totumque
1583 4553 1874 4614 portemus
1905 4545 1960 4599 in
2005 4559 2077 4599 no

2209 4545 2524 4618 φοροῦντες,
2559 4548 2655 4600 καὶ
2679 4548 2799 4602 ὅλον
2822 4549 2880 4600 ἐν
2915 4548 3047 4618 ἡμῖν
3067 4547 3231 4600 αὐτὸν
3262 4546 3540 4616 φέροντες,
3567 4539 3628 4590 δι’
3654 4534 3755 4588 ὅλου

510 4634 620 4698 bis,
652 4652 816 4706 quem
868 4652 1098 4706 prorsus
1141 4637 1516 4691 induerimus.
1557 4635 1712 4702 Quod
1759 4651 1895 4692 sane
1925 4635 2071 4690 haud

2211 4639 2547 4709 (popcdysvov
2588 4656 2647 4690 τε
2688 4639 2783 4692 καὶ
2828 4639 3226 4708 στολιζόμενον.
3248 4637 3430 4706 ’Ὅπερ
3475 4633 3570 4686 οὒκ
3612 4623 3753 4684 ἀνείς

511 4737 790 4797 quaquam
817 4728 869 4780 in
914 4729 1072 4783 nobis
1121 4729 1286 4782 fuerit
1316 4743 1488 4798 opere
1515 4728 1826 4795 impletum,
1858 4729 2077 4796 quandh

2211 4729 2357 4798 ἡμᾶς
2385 4728 2470 4781 ἐπ’
2500 4727 2658 4798 ἔργον
2691 4727 2904 4798 ἀχθείη,
2944 4727 3019 4799 μὴ
3045 4727 3166 4798 οὐχὶ
3197 4727 3374 4781 πάντα
3401 4717 3754 4795 προελομένους

513 4833 624 4872 non
655 4818 726 4872 sit
757 4818 942 4872 animo
987 4820 1376 4886 constitutum,
1437 4825 1495 4872 ut
1534 4819 1717 4872 omnia
1753 4833 1852 4886 pro
1882 4819 2079 4874 Christ:

2211 4821 2351 4891 ὑπὲρ
2407 4821 2648 4891 Χριστοῦ
2702 4821 2796 4874 καὶ
2852 4819 3138 4874 πείσεσθαι
3184 4820 3280 4872 καὶ
3330 4818 3531 4888 φέρειν,
3563 4813 3651 4863 ὅσα
3678 4801 3749 4855 καὶ

512 4909 789 4978 patiantur
838 4917 1005 4978 atque
1055 4909 1325 4972 feramus,
1365 4922 1712 4980 quaecunque
1759 4917 1813 4962 et
1845 4909 2069 4964 Christu

2211 4915 2446 4986 Χριστίς
2475 4916 2616 4986 ὑπὲρ
2649 4915 2809 4986 ἡμῶν
2835 4914 2952 4968 ἀνθ’
2982 4914 3137 4986 ἡμῶν
3170 4913 3275 4966 ὑπὸ
3305 4913 3410 4966 τῶν
3443 4900 3751 4977 ἠγνοηκότων

513 5016 614 5072 pro
645 5002 806 5057 nobis
845 5017 909 5056 ac
943 5003 1065 5058 vice
1117 5010 1376 5056 nostrum
1409 5003 1478 5055 ab
1515 5001 1586 5054 iis
1630 5016 1831 5070 passus
1868 5011 1972 5067 est,
2002 5016 2077 5072 qu

2002 5001 2102 5072 qui
2212 5006 2377 5060 αὐτοῦ
2407 5007 2466 5060 τὸ
2499 5007 2784 5078 μεγαλεῖον
2813 5006 2905 5060 τοῦ
2934 5007 3238 5076 μυστηρίου
3270 5001 3550 5058 πέπονθεν.

515 5095 846 5150 sacramenti
884 5095 1005 5165 ejus
1041 5097 1383 5165 majestatem
1419 5093 1756 5148 nescierunt.

585 5188 698 5256 Age
721 5187 1044 5257 itaque,una
1065 5189 1230 5242 etiam
1246 5204 1370 5242 cum
1393 5185 1770 5242 festinantoad
1793 5187 2101 5258 passionem

2287 5188 2421 5252 ’Λγε
2459 5187 2522 5260 δὴ
2563 5189 2659 5242 καὶ
2710 5187 2846 5259 προς
2879 5186 2938 5241 τὺ
2979 5185 3172 5242 παθεῖν
3201 5180 3530 5252 ἐπειγομένῳ
3562 5161 3746 5260 συντρξ⁶

517 5293 829 5342 curramus,
876 5297 1088 5350 eosque
1142 5281 1426 5335 imitemur
1482 5279 1576 5350 qui
1631 5279 1847 5332 obviam
1879 5294 2083 5350 preces

2213 5297 2417 5350 χωμεν,
2447 5253 2542 5334 καὶ
2581 5281 2705 5344 τοῦς
2733 5253 3116 5350 ἀπηντηκότας
3174 5273 3492 5348 μιμώμεθα.
3536 5263 3604 5336 μὴ
3627 5253 3742 5350 Ακλῶ

519 5379 731 5425 seruat.
768 5369 888 5426 Non
938 5372 1012 5426 ita
1057 5381 1115 5427 ut
1158 5389 1342 5429 ramos
1378 5373 1540 5427 oliva:
1569 5373 1858 5442 animaque
1887 5381 1943 5428 et
1973 5387 2085 5442 snp-

2212 5371 2334 5433 δους
2377 5371 2627 5442 ἐλαίαςῆ
2677 5369 2920 5436 ἔπιπλα,
2977 5369 3051 5441 μὴ
3105 5368 3235 5439 βαΐα
3279 5348 3745 5442 καταστ-ρωννῠντες

519 5463 837 5534 ιιοίξοοιὶίίιι,
867 5465 1275 5535 utvc‘spatulas
1305 5481 1332 5518 e
1377 5465 1574 5536 palmis
1605 5465 1654 5520 ei
1697 5473 2016 5520 sternamus
2049 5463 2084 5518 it

2214 5465 2382 5519 αὑτοῦ
2414 5467 2479 5535 τῇ
2505 5464 2631 5536 ὀδῷ,
2662 5463 2778 5517 ἀλλ’
2799 5465 2948 5535 ἡμᾶς
2985 5463 3184 5526 αὐτοὺς
3212 5448 3658 5528 ὑποστρωννύντῦ
3683 5450 3744 5495 ως

596 5629 622 5658 ο
657 5617 824 5673 'Lach.
861 5619 1008 5684 nt,9.
1096 5620 1115 5658 τ
1155 5617 1387 5678 Joan.'t.
1416 5617 1504 5674 29.
1588 5621 1613 5660 ε
1639 5619 1774 5674 Luc.
1814 5634 1874 5681 It,
1909 5618 2001 5680 ‘25.
2051 5619 2140 5674 52.
2217 5620 2242 5660 ιι
2272 5621 2310 5673 li
2345 5620 2470 5673 Cor.
2507 5635 2584 5683 lit,
2627 5618 2710 5678 l3,
2757 5618 2838 5671 lii.

1780 5729 2013 5784 VARUE
2049 5728 2460 5786 LECTIONES.

632 5821 683 5858 ’θ
703 5821 870 5880 Forte
906 5827 1003 5892 είς,
1039 5827 1118 5881 vel
1150 5825 1288 5896 εἴης.
