3966 6446
525 397 639 460 993

1761 398 1823 459 S.
1865 397 1965 457 AN
1975 392 2195 456 DREJE
2227 394 2650 456 CRETENSIS

3684 408 3779 475 995

528 507 746 561 ralibus
785 505 1061 576 symbolis
1094 501 1489 575 sacrihcatus)
1524 504 1580 559 in
1617 504 1778 560 nobis
1809 506 2113 585 suscipere,

2222 505 2360 576 ὑπὲρ
2383 508 2415 575 ἡ
2425 505 2541 576 μῶν
2579 504 2874 575 συμϐόλοις
2909 506 3402 578 ίεροθυτούμενος),
3429 512 3545 565 ὅλον
3568 515 3712 571 αὑτὸν
3734 523 3785 575 ἐν

533 616 599 655 ac
652 598 1096 654 subsmntialiter
1146 613 1246 652 ceu
1303 598 1469 651 domo
1520 597 1707 651 locare
1758 597 2115 668 poterimus:

531 692 715 761 ipsum
750 691 998 759 inquam,
1036 689 1130 759 qui
1168 698 1431 758 tauquam
1484 688 1643 757 panis
1688 688 1912 755 quidem
1964 703 2121 742 man-

528 785 791 850 ducatur,
822 785 918 841 sed
949 785 1283 855 intelligitur
1313 792 1373 838 ut
1407 799 1609 855 agnus.
1640 783 1899 855 Idemque
1929 785 2123 847 nobis,

529 882 697 944 atque
728 857 798 928 iis
829 889 1064 944 quorum
1096 876 1151 927 in
1185 874 1502 945 Evangeliis
1549 873 1801 928 meminit
1832 873 2122 944 theologia:

442 984 465 1040 ξ,
527 965 677 1021 illud
704 966 940 1032 tonitru,
974 964 1268 1019 acciderit.

454 1044 459 1047 ⁴
600 1058 693 1112 Ait
720 1058 909 1112 enim:
956 1076 976 1109 ι
1030 1054 1089 1111 In
1133 1057 1444 1141 crastinum
1494 1054 1694 1125 (plane
1727 1069 1756 1108 a
1792 1062 2020 1108 narrato
2052 1054 2120 1107 ab

414 1164 423 1170 '
453 1204 465 1228 ι
524 1152 651 1223 ipso
681 1151 869 1205 divino
902 1150 995 1228 illo
1018 1151 1071 1204 in
1102 1150 1473 1210 suscitatione
1505 1147 1697 1202 Lazari
1730 1146 1934 1217 opere)
1961 1146 2119 1200 turba

459 1238 465 1317 ξ
529 1245 721 1309 nmlta,
755 1259 875 1313 quae
920 1251 1150 1309 venerat
1196 1242 1263 1295 ad
1293 1241 1440 1296 diem
1491 1238 1720 1307 festum,
1770 1255 1895 1294 cum
1929 1239 2121 1293 audis—

458 1330 461 1341 ’
522 1345 653 1391 scut
708 1337 839 1405 quia
881 1337 1031 1389 venit
1080 1333 1246 1389 Jesus
1313 1332 1738 1404 Jerosolymam,
1785 1337 2122 1399 acceperunt

483 1410 713 1482 'ramos
770 1429 1100 1497 palmarum,
1153 1436 1207 1481 et
1254 1432 1655 1495 processerunt
1705 1425 1923 1479 obviam
1956 1424 2032 1486 ei,
2068 1433 2122 1478 et

525 1520 842 1573 clamabant
874 1518 1162 1573 dicentes:
1214 1516 1479 1572 "Osanna
1522 1517 1575 1570 in
1609 1517 1924 1579 altissimis,
1955 1517 2123 1571 bene-

520 1613 709 1683 diclus
733 1613 828 1682 qui
861 1612 1011 1667 venit
1044 1612 1097 1664 in
1137 1610 1363 1665 nomine
1397 1608 1641 1676 Domini,
1676 1609 1790 1664 Rex
1819 1607 1991 1663 Israel
2014 1616 2111 1661 ’.ι

512 1704 686 1774 Papae
714 1703 1118 1774 laudationem!
1161 1702 1321 1772 Papae
1363 1702 1751 1772 symphoniam
1779 1703 1793 1756 ι
1828 1700 1956 1756 Haec
1984 1717 2112 1766 vox,

523 1812 628 1849 vox
667 1794 910 1865 Spiritus
958 1806 1062 1849 est.
1103 1793 1365 1847 Doctrina
1402 1802 1488 1849 est
1522 1808 1778 1863 supernae
1806 1793 2113 1863 sapientiae,

2227 598 2361 665 ἡμῖν
2393 594 2796 662 ὑποδέξασθαι,
2838 598 2931 651 καὶ
2966 599 3240 663 ούσιωδῶς
3276 604 3694 662 εἰσοικίσασθαι·
3719 613 3785 678 ὡς

2224 688 2388 757 ἄρτον
2441 688 2539 758 μὲν
2584 688 2934 769 ἐσθιόμενον,
2977 689 3052 753 ὡς
3076 690 3245 761 ἀμνὸν
3272 691 3329 744 δὲ
3359 693 3656 764 νοούμενον.
3688 703 3786 756 Κᾶρ-

2223 781 2421 833 κείνων
2449 780 2517 833 τά
2554 781 2647 834 ῐσα
2671 782 2886 848 παθεῖν,
2918 774 2992 835 ὧν
3021 783 3077 835 ὲν
3120 782 3473 851 Εὑαγγελίοις
3499 789 3531 857 ἡ
3561 788 3783 862 θεολόγος

2224 873 2546 944 ἐπεμνήσθη
2579 872 2796 945 βροντή.

2293 1053 2433 1123 Φησὶ
2472 1052 2619 1125 γάρ*
2653 1071 2672 1104 ι
2731 1054 2810 1123 Τῇ
2872 1053 3139 1125 ἐπαύριον
3184 1055 3365 1128 (δῆλον
3411 1058 3469 1112 δὲ
3517 1064 3651 1131 μετὰ
3696 1068 3784 1139 τὴν

2222 1146 2317 1199 ἐπὶ
2361 1144 2600 1218 Λαζάρῳ
2652 1146 3110 1218 παραδειχθεῖσαν
3144 1149 3236 1202 ὑπ’
3274 1151 3443 1206 αὑτοῦ
3490 1153 3780 1235 θεουργίαν)

2222 1237 2378 1306 ὄχλος
2426 1239 2593 1300 πολὺς
2630 1239 2658 1290 ὁ
2698 1237 2873 1292 ἐλθὼν
2939 1242 3021 1303 είς
3076 1240 3177 1311 τὴν
3228 1243 3445 1315 ἑορτὴν,
3481 1247 3779 1318 ἀκούσαντες

2221 1330 2303 1382 ὅτι
2329 1329 2536 1400 Ἰησοῦς
2566 1329 2788 1402 ἔρχεται
2831 1333 2913 1396 εἰς
2937 1332 3308 1404 Ἱεροσόλυμα,
3359 1336 3550 1392 ἔλαϐον
3584 1342 3645 1396 τὰ
3673 1343 3779 1414 βαῖα

2221 1422 2331 1474 τῶν
2354 1422 2633 1490 φοινίκων,
2672 1425 2769 1476 καὶ
2799 1422 3026 1491 ἐξῆλθον
3063 1425 3144 1488 είς
3176 1427 3485 1498 ἀπάντησιν
3510 1430 3668 1502 αὐτῷ,
3703 1439 3777 1490 καὶ

2223 1514 2458 1586 ἔκραζον
2490 1516 2740 1586 λέγοντες
2762 1533 2776 1547 ·
2811 1534 2830 1567 ι
2855 1517 3087 1572 Ὡσαννὰ
3112 1522 3170 1573 ὲν
3201 1523 3313 1585 τοῖς
3348 1522 3593 1592 ὑψίστοις
3614 1540 3629 1556 ·
3656 1529 3777 1583 εὐλο·

2222 1608 2461 1678 γημὲνος
2490 1611 2518 1663 ὁ
2559 1608 2854 1681 ἐρχόμενος
2903 1611 2962 1663 ἐν
2998 1612 3223 1682 ὀνόματι
3272 1616 3516 1685 Κυρίου,
3550 1618 3775 1686 Βασιλεὺς
3828 1678 3841 1693 τ

2234 1701 2470 1771 Ἰσραήλ.
2509 1722 2525 1753 ι
2557 1701 2731 1763 Βαϐαὶ
2756 1707 2855 1775 τῆς
2882 1704 3205 1778 ὑμνήσεωςί
3241 1707 3415 1761 Βαϐαὶ
3451 1709 3549 1780 τῆς
3587 1728 3777 1782 συμφωο

2222 1793 2373 1855 νίαςε
2409 1792 2551 1863 αὕτη
2591 1794 2685 1847 τοῦ
2719 1793 3038 1866 "vstitu-ro;
3074 1799 3108 1867 ἡ
3147 1799 3300 1866 φωνή
3323 1811 3336 1824 ·
3376 1796 3517 1869 αὕτη
3547 1800 3639 1871 τῆς
3681 1803 3773 1857 ἀνω

524 1904 638 1943 non
673 1888 931 1942 humanae
980 1886 1323 1942 eruditionis
1367 1884 1770 1940 rudimentum.
1819 1883 1957 1939 Nam
2012 1884 2113 1940 etsi

2223 1882 2418 1953 σοφίας
2472 1883 2701 1955 διδαχὴ,
2757 1886 2817 1938 οὑ
2870 1886 2974 1955 τῆς
3021 1887 3172 1941 κάτω
3213 1887 3467 1952 παιδείας
3497 1890 3772 1963 ὑπογραᾳῄ

523 1981 732 2049 alioqui
779 1979 1128 2034 dissonantia
1182 1978 1436 2048 quaedam
1490 1978 1803 2044 videbatur,
1841 1979 2117 2033 concinna

521 2073 613 2127 illa
643 2086 779 2127 voce
814 2071 866 2125 iu
903 2080 1109 2149 tantam
1146 2071 1322 2126 scissa
1359 2069 1804 2135 multitudinem;
1844 2070 1989 2125 haud
2034 2080 2119 2124 ta-

523 2179 646 2219 men
673 2163 823 2217 aliud
850 2170 934 2216 est
961 2177 1126 2231 quam
1161 2162 1463 2230 prophetae.
1500 2177 1609 2217 non
1637 2162 1863 2217 eli'renis
1888 2163 2118 2217 omnino

518 2256 656 2320 oris,
691 2254 1260 2322 aut-consuirationis
1286 2254 1426 2324 (2i).
1466 2254 1546 2310 Ad
1582 2271 1755 2310 unum
1790 2255 1936 2309 enim
1969 2271 2119 2309 coni-

521 2349 785 2419 plendum
849 2361 1164 2402 sermonem
1211 2347 1399 2401 divino
1468 2346 1677 2418 Spiritu
1728 2358 1866 2403 actae
1919 2350 2113 2415 turbaa,

520 2458 692 2496 unum
750 2440 1046 2510 theOIOgize
1104 2440 1382 2494 canticum
1427 2454 1563 2494 voce
1615 2454 1861 2496 consona
1913 2441 2117 2511 praelu-

518 2543 753 2598 serunt;
818 2548 928 2586 non
967 2532 1080 2586 alio
1136 2532 1301 2587 aliam
1355 2531 1644 2587 omittente
1675 2548 1889 2599 vocem,
1924 2534 2019 2589 sed
2058 2541 2116 2588 ut

516 2638 716 2679 omnes
753 2623 965 2692 pariter
997 2620 1309 2689 aequalibus
1343 2620 1577 2676 vocibus
1618 2619 1802 2676 fauste
1838 2622 2116 2679 acclama-

522 2725 669 2778 rent,
700 2715 952 2770 dicentes
984 2732 997 2768 :
1044 2732 1063 2765 ι
1095 2712 1357 2767 Hosanna
1388 2731 1403 2780 ;
1458 2713 1787 2770 benedictus
1833 2715 1926 2785 qui
1962 2715 2115 2771 venit

520 2811 578 2864 iu
616 2811 846 2887 nomine
884 2807 1128 2873 Domini,
1186 2805 1303 2862 Rex
1339 2806 1532 2864 Israel.
1572 2827 1591 2861 ι
1643 2809 1804 2865 Velut
1835 2809 2111 2875 dicerent,

517 2900 668 2973 quod
704 2901 863 2972 prius
897 2899 1208 2954 Nathanael
1238 2900 1516 2971 Philippo,
1550 2901 1641 2956 ubi
1676 2901 1729 2958 ei
1764 2902 2112 2959 ostendisset

515 2995 809 3049 Christum
872 3009 983 3048 non
1040 2993 1408 3063 proplietans,
1467 2995 1560 3048 sed
1600 3010 1726 3051 vera
1756 2997 2106 3052 enuntians:

525 3107 543 3139 ι
571 3085 769 3152 Rabbi,
812 3094 871 3140 tu
898 3101 959 3141 es
989 3085 1165 3140 Filius
1195 3084 1288 3140 Dei
1318 3127 1333 3150 ,
1371 3096 1429 3140 ιιι
1459 3101 1522 3140 es
1553 3086 1662 3140 Rex
1700 3084 1866 3142 Israel
1896 3095 1944 3140 ιι.
1985 3106 2003 3138 ι

593 3178 846 3234 Vidistin’
920 3185 1127 3249 quanta
1193 3177 1435 3247 Spiritus
1521 3178 1781 3233 tribuat?
1848 3177 2105 3235 Vidistiu’

516 3279 726 3341 quanta
776 3271 1049 3342 largiatur
1106 3271 1331 3340 pueris,
1410 3270 1780 3340 legislatorem
1831 3287 1999 3343 agens
2047 3288 2111 3327 ac

521 3365 728 3418 docens
761 3378 883 3432 qua!
923 3377 1033 3417 non
1068 3361 1436 3417 didicissent?
1475 3360 1611 3417 Vide
1642 3371 1696 3417 et
1727 3362 1932 3421 idiotas
1965 3366 2115 3420 viros

521 3454 742 3522 majori,
777 3470 942 3524 quam
972 3455 1221 3508 oratoria
1271 3453 1449 3523 possit
1483 3454 1691 3522 parari,
1736 3454 1970 3509 scientia
2016 3454 2117 3509 do-

520 3557 718 3609 natos;
750 3563 915 3603 senes
954 3537 1165 3607 autem,
1217 3546 1312 3615 qui
1359 3560 1472 3615 prze
1507 3547 1782 3615 sapientia
1829 3547 2115 3617 multaque

516 3640 834 3695 eruditione
894 3639 1067 3694 altum
1097 3638 1412 3708 sepiebant,
1464 3639 1788 3709 insipientes
1822 3638 2115 3710 derepente

517 3743 779 3788 ostensos
820 3741 875 3786 et
937 3731 1034 3800 qui
1090 3731 1230 3800 legis
1289 3731 1548 3785 Mosaicae
1598 3742 1850 3800 expertes
1899 3716 2110 3788 essent.

524 3824 658 3877 Eum
716 3824 903 3893 itaque
948 3822 1133 3893 ipsum
1180 3823 1574 3892 iulerrogaturi
1614 3823 1893 3878 adierunt.
1928 3824 2112 3889 Quor-

520 3930 646 3969 sum
679 3913 747 3968 ad
791 3921 1002 3968 tantam
1036 3913 1389 3968 devenerunt
1436 3914 1771 3979 caecitatem,
1819 3924 1879 3968 ut
1933 3930 2111 3985 neque

518 4007 667 4061 sicut
697 4006 850 4075 pueri
883 4011 1169 4075 saperent,
1204 4019 1385 4075 neque
1424 4004 1576 4059 velut
1602 4004 1708 4058 viri
1744 4007 1915 4063 rudes
1962 4007 2110 4062 litte-

519 4112 731 4164 rarum,
773 4097 1025 4153 veritatis
1072 4096 1258 4151 lumen
1295 4097 1680 4166 dispicerent?
1727 4096 1861 4152 Nam
1912 4099 2105 4163 dicite.

517 4205 553 4241 υ
593 4188 821 4245 hebetes
849 4197 904 4243 et
942 4189 1110 4254 tardi,
1154 4188 1301 4244 unde
1334 4196 1485 4242 tanta
1518 4189 1631 4243 haec
1663 4191 1935 4259 sapientia
1971 4207 2107 4247 con-

513 4296 675 4337 cessa
708 4280 1015 4337 infantibus
1061 4280 1297 4335 necdum
1349 4281 1656 4336 scientibus
1703 4282 1761 4338 in
1794 4286 1961 4339 verba
1995 4285 2109 4341 for-

516 4370 690 4427 mare
715 4372 1002 4442 linguam?
1034 4370 1193 4427 Unde
1228 4373 1412 4429 turbis
1464 4375 1633 4429 insita
1683 4375 1979 4446 theologia;
2018 4394 2105 4433 sa-

514 4464 840 4518 cramenta?
889 4462 1030 4519 Cum
1087 4465 1307 4533 angelis
1358 4465 1730 4522 decantaruut
1783 4470 2102 4540 angelorum

2227 1976 2298 2029 Ἢ
2324 1975 2365 2006 δ’
2399 1975 2507 2046 γὰρ
2544 1974 2609 2028 ἀν
2649 1976 2743 2029 καὶ
2776 1975 3045 2045 διαφωνία
3072 1994 3158 2040 τις
3187 1978 3490 2047 ἐνομίζετο,
3521 1980 3612 2049 τῆς
3643 1983 3776 2052 ἐναρ-

2225 2068 2410 2140 μονίου
2451 2068 2587 2140 πρὸς
2630 2069 2904 2142 τοσαύτης
2951 2069 3190 2137 πληθύος
3227 2069 3657 2141 ἀποσχιζομένης
3683 2090 3775 2142 φω-

2220 2162 2340 2232 νῆς,
2375 2162 2476 2215 οὐκ
2512 2160 2664 2214 ἔστιν
2691 2160 2855 2231 αὓτη,
2905 2160 3078 2232 ἀλλ’ἢ
3133 2162 3505 2232 προφητείας,
3548 2164 3604 2215 οὐ
3634 2163 3775 2217 καθα-

2222 2238 2516 2325 ροστομίας
2558 2252 2603 2284 ⁸⁸
2651 2252 2685 2323 ἢ
2745 2253 3085 2324 συμφωνίας.
3154 2254 3251 2317 Εἰς
3314 2252 3425 2323 γὰρ
3479 2253 3592 2318 ἑνὸς
3642 2254 3773 2321 λόγου

2222 2344 2621 2415 συμπλήρωσιν
2669 2343 3158 2415 πνευματωθέντες
3195 2345 3246 2397 οί
3298 2343 3468 2415 ὄχλοι,
3521 2345 3641 2415 μίαν
3665 2345 3770 2413 ὁμό-

2220 2453 2397 2504 ιριυνον
2425 2437 2522 2504 τῆς
2558 2436 2835 2513 θεολογίας
2873 2435 3018 2506 ᾠδὴν
3056 2428 3499 2507 ἀνεκρούσαντο,⁹
3526 2437 3619 2489 οὐκ
3644 2435 3772 2498 ἄλλω

2216 2528 2386 2599 ἀλλην
2412 2529 2739 2598 ἐπαφιέντες
2761 2531 2965 2599 φωνὴν,
2994 2529 3108 2583 ἀλλ’
3126 2528 3249 2599 ίσην
3267 2527 3405 2593 ἴσοις
3424 2531 3530 2592 τοῖς
3553 2528 3769 2597 φθόγγοις

2215 2621 2313 2691 τὴν
2338 2621 2612 2691 εὐφημίαν
2648 2611 3043 2691 ἐπιϐοώμενοι,
3072 2637 3096 2672 ι
3134 2619 3388 2685 Ὡσαννὰ,
3424 2620 3675 2688 λέγοντες,
3702 2619 3771 2670 εὑ-

2216 2712 2520 2783 λογημένος
2546 2714 2574 2766 ὁ
2596 2712 2892 2782 ἐρχόμενος
2921 2714 2977 2766 ἐν
3011 2713 3238 2783 ὀνόματι
3276 2713 3502 2784 Κυρίου,
3545 2710 3768 2772 Βασιλεὺς

2214 2805 2308 2859 τοῦ
2346 2806 2589 2876 Ἰσραήλ.
2623 2824 2642 2857 ›
2679 2806 2896 2859 Ὠσανεὶ
2926 2804 3133 2873 ἔλεγον,
3180 2804 3319 2876 ὅπερ
3348 2802 3632 2871 Ναθαναὴλ
3662 2802 3766 2871 πρό.

2213 2915 2371 2968 τερον
2407 2898 2660 2970 Φιλίππῳ
2708 2898 2799 2953 τὸν
2848 2898 3084 2970 Χριστὸν
3124 2897 3278 2970 αὑτῷ
3322 2897 3590 2963 δείξαντος
3613 2894 3671 2960 ⁸³,
3714 2894 3760 2947 οὐ

2213 2990 2593 3077 προφητεύων)
2629 2991 2765 3046 ἀλλά
2803 2991 3085 3068 ἀληθεύων
3106 3008 3120 3022 ·
3159 2992 3390 3059 Ῥαϐϐὶ,
3440 2994 3503 3047 σὺ
3531 2986 3577 3045 εἷ
3611 2994 3636 3045 ὁ
3662 2989 3761 3053 Υἱὸς

2211 3081 2307 3135 τοῦ
2336 3082 2470 3136 Θεοῦ
2493 3098 2508 3113 °
2547 3082 2611 3136 σὺ
2646 3078 2697 3136 εί
2728 3085 2756 3135 ὁ
2792 3083 3058 3146 Βασιλεὺς
3080 3082 3175 3137 τοῦ
3208 3085 3451 3157 Ἰσραήλ.
3488 3104 3507 3137 ι

2254 3184 2257 3187 ’
2286 3172 2444 3238 Εἶδες
2490 3175 2591 3228 ὅσα
2623 3175 2685 3228 τὸ
2726 3174 2954 3245 Πνεῦμα
2981 3175 3198 3231 δίδωσιν
3223 3193 3240 3243 ;
3277 3173 3433 3241 Εἶδες
3462 3172 3547 3231 οἷα
3578 3176 3757 3249 νηπίοις

2216 3250 2506 3339 χαρίζεται
2523 3266 2833 3335 νομοθετῶν
2858 3268 2954 3321 καὶ
2975 3267 3245 3323 διδάσκων
3272 3269 3308 3324 ἃ
3338 3270 3413 3340 μὴ
3430 3270 3757 3342 μεμάθηκακ

2220 3360 2364 3432 Ὅρα
2390 3360 2485 3413 καὶ
2523 3358 2738 3423 ἰδιώτας
2759 3359 2960 3432 ἄνδρας
2991 3360 3303 3431 κρείττονος
3331 3361 3367 3432 ἢ
3406 3360 3544 3414 κατά
3567 3361 3758 3433 ῥήτορας

2216 3449 2576 3520 ἀξιουμένους
2615 3448 2892 3518 γνώσεως,
2941 3450 3208 3522 γέροντας
3248 3451 3308 3505 δὲ
3357 3454 3470 3516 τοῖς
3508 3452 3593 3505 ἐπὶ
3631 3450 3756 3519 σοφίᾳ

2217 3544 2313 3597 καὶ
2341 3542 2657 3616 πολυμαθία
2689 3544 3290 3615 μεγάλαλφρονοῦντας,
3318 3529 3572 3616 ἀπείρους
3596 3541 3756 3611 αἴφνης

2215 3637 2628 3707 ἐλεγχομένους,
2688 3637 2785 3689 καὶ
2834 3636 3018 3706 νόμων
3072 3638 3448 3710 ἀμοιροῦντας
3498 3634 3751 3695 Μωῡσέως.

2212 3725 2419 3783 τΗλθον
2462 3728 2642 3782 τοίνυν
2686 3728 2850 3783 αὑτὸν
2890 3730 3099 3784 ἐκεῖνον
3145 3730 3435 3803 διερωτᾷν.
3492 3726 3621 3783 Ἀνθ’
3658 3727 3752 3779 ὅτου

2215 3822 2352 3894 πρὸς
2385 3823 2642 3876 τοσοῦτον
2664 3821 2995 3892 τυφλώσεως
3025 3822 3260 3895 ἤλασαν,
3292 3826 3401 3894 ὅσῳ
3427 3823 3556 3894 μηδὲ
3584 3818 3751 3890 νηπίων

2215 3916 2306 3969 ἴσα
2367 3917 2681 3986 σωφρονεῖν.
2719 3915 3026 3991 ίδύναᾱθαι,
3099 3917 3237 3988 μηδὲ
3300 3915 3506 3988 ἀνδρῶν
3563 3908 3750 3982 ἀμαθῶν

2209 4008 2414 4078 ὁμοίως
2438 4006 2723 4076 διαϐλέψαι
2749 4008 2849 4078 τῆς
2871 4008 3131 4078 ἀληθείας
3160 4008 3219 4062 τὸ
3252 4008 3403 4079 φῶς;
3437 4006 3624 4060 Εἴπατε
3648 4000 3746 4069 γὰρ,

2210 4093 2255 4153 ὦ
2289 4100 2502 4165 νωθεῖς,
2551 4100 2719 4153 πόθεν
2767 4101 2801 4170 ἡ
2849 4100 3076 4170 τοιαύτη
3117 4100 3286 4170 σοφία
3334 4099 3582 4172 βρέφεσι,
3615 4092 3749 4163 μήπω

2208 4193 2500 4264 διαρθροῦν
2547 4192 2646 4264 τὴν
2679 4191 2936 4261 γλῶσσαν
2982 4191 3392 4263 δεδιδαγμένοις
3434 4188 3743 4259 κεχάρισται;

2211 4285 2383 4339 Πόθεν
2414 4286 2532 4347 τοῖς
2567 4282 2746 4354 ὄχλοις
2786 4283 2857 4336 τὰ
2904 4283 3005 4354 τῆς
3039 4281 3320 4352 θεολογίας
3360 4279 3620 4349 ἐνεσπάρη
3669 4287 3747 4342 μυ-

2211 4378 2438 4449 στήρια;
2478 4375 2620 4449 μετά
2644 4372 2755 4429 τῶν
2780 4374 3032 4443 ἀγγέλων
3048 4376 3116 4428 τὰ
3134 4374 3242 4428 τῶν
3275 4373 3517 4444 ἀγγέλων
3547 4366 3746 4433 dri/15pm;-

2210 4486 2309 4522 σαν
2330 4485 2344 4499 ·
2384 4468 2524 4539 μετά
2552 4466 2663 4521 τῶν
2685 4467 2973 4539 Χερουϐὶμ
3002 4467 3259 4534 ἐδόξασαν
3280 4485 3293 4498 ·
3332 4464 3466 4538 μετά
3487 4461 3587 4527 τῶν
3609 4458 3743 4524 Σερα-

513 4556 751 4621 cantica,
798 4555 1259 4626 gloriﬁcaverunt
1299 4572 1425 4611 cum
1470 4557 1790 4626 Cherubim,
1829 4576 1956 4616 cum
2004 4562 2105 4618 Se—

2220 4561 2323 4631 ιρὶμ
2371 4560 2594 4632 ⁴ᾔνεσαν,
2650 4558 2710 4612 οὐ
2746 4559 3017 4627 πυρίνοις,
3071 4558 3323 4629 πηλίνοις
3378 4557 3434 4613 δὲ
3460 4541 3740 4639 χείλεσι

515 4647 731 4716 raphim
777 4647 1169 4710 laudavcruut,
1208 4662 1318 4702 non
1370 4648 1570 4719 igneis,
1604 4651 1700 4705 sed
1733 4651 1899 4707 luteis
1941 4652 2102 4709 labiis

2220 4651 2443 4722 φοϐερὸν
2503 4653 2710 4706 ἐκεῖνον
2780 4651 2950 4718 ὕμνον
3006 4649 3524 4721 προσανατείναντες
3573 4637 3640 4708 τῷ
3686 4632 3738 4686 δι’

515 4737 765 4793 terribile
809 4737 949 4791 illud
986 4738 1267 4792 canticum
1318 4740 1368 4793 ei
1416 4740 1835 4810 submittentcs,
1886 4745 1981 4814 qui
2032 4746 2100 4799 ad

2220 4747 2354 4818 Wa;
2397 4744 2605 4815 ἄνωθεν
2650 4746 2788 4817 πρὸς
2831 4745 2981 4815 ἡμᾶς
3025 4743 3257 4811 ἐλθόντι,
3301 4742 3393 4796 τὸν
3441 4736 3569 4803 ὑπὲρ
3614 4724 3739 4799 ἡμῶν

516 4845 618 4885 nos
664 4829 733 4884 de
773 4830 930 4885 cmlis
981 4845 1081 4899 pro
1135 4830 1300 4885 nobis
1355 4845 1421 4885 ac
1468 4834 1643 4888 nostri
1690 4834 1813 4889 loco
1867 4838 2100 4891 martem

2220 4838 2324 4891 ivO‘
2357 4839 2513 4909 ἡμῶν
2541 4838 2951 4910 ὑποστήσεσθαι
2988 4838 3236 4893 θάνατον.
3271 4834 3417 4899 Τίδὲ
3448 4830 3535 4884 καὶ
3555 4825 3733 4889 ἔλεγονς

517 4919 811 4975 subiturus
871 4920 1044 4973 venit.
1111 4917 1254 4984 Quid
1321 4920 1606 4976 enimvero
1665 4922 2109 4992 loquebantur?

520 5025 540 5059 ι
579 5006 840 5064 Hosanna
886 5008 940 5063 in
973 5009 1264 5065 altissimis
1298 5026 1311 5064 :
1349 5010 1682 5068 benedictus
1720 5014 1815 5081 qui
1856 5017 2008 5070 venit
2043 5017 2099 5072 in

588 5198 630 5226 ω
667 5184 831 5241 Joan.
894 5188 1230 5258 xn,i?.,l'5.9
1260 5186 1421 5244 Joan.
1467 5205 1505 5256 ι,
1537 5189 1629 5244 49.

2211 4948 2230 4981 ι
2281 4929 2515 4983 Ὡσαννά
2543 4931 2601 4983 ὲν
2638 4932 2751 4993 τοῖς
2784 4929 3063 5001 ὑψίστοιςο
3108 4926 3466 4999 εὐλογημένος
3488 4922 3514 4973 ὁ
3548 4912 3734 4987 ἐρχόμε-

2206 5036 2296 5083 νος
2343 5022 2401 5073 ὲν
2454 5021 2683 5093 ὀνόματι
2730 5020 2964 5093 Κυρίου.
3010 5039 3029 5072 ι
3101 5020 3333 5083 Βλέπεις
3379 5004 3732 5086 οὑρανωθέντας

1804 5280 2047 5337 VARle
2076 5282 2485 5341 LECTIONES.

625 5371 669 5404 ⁸¹
703 5368 868 5426 Forte
893 5371 965 5424 εί.

1079 5371 1127 5403 δ’
1156 5369 1321 5427 Forte
1355 5342 1821 5444 ἀκρατοστομίας.
1898 5373 1943 5406 ’⁸³
1973 5373 2135 5429 Forte
2163 5375 2416 5442 δείξαντι.

1792 5465 2183 5523 COMBEFISII
2229 5469 2462 5526 NOTAE.

587 5562 702 5632 (“2%)
740 5559 867 5616 Non
899 5561 1112 5631 eﬂ'renis
1138 5564 1355 5618 omnino
1388 5564 1498 5617 oris
1524 5572 1616 5617 aut
1656 5563 2088 5633 conspirationis.

519 5633 592 5686 Οὐ
616 5633 1112 5704 καθαροστομίαςῆ
1142 5634 1485 5702 συμφωνίας.
1526 5634 1710 5688 Prima
1754 5651 1856 5689 vox
1898 5644 1982 5689 est
2009 5635 2094 5688 in-

517 5702 802 5758 solentior.
860 5702 1287 5765 Videturvclle,
1329 5720 1434 5758 non
1464 5703 1658 5759 luisse
1713 5720 1833 5758 eam
1871 5720 2089 5769 vocem,

513 5789 704 5827 ρηγιιιιι
744 5774 836 5839 qui
867 5789 975 5845 non
1017 5783 1240 5843 possent
1260 5776 1547 5829 continere
1580 5775 1841 5845 linguam,
1882 5785 2092 5830 essent-

516 5857 620 5911 que
649 5845 874 5899 om‘nino
899 5843 1132 5902 cll‘rencs
1180 5847 1246 5901 ad
1283 5845 1638 5915 loquendum,
1663 5843 1809 5902 'cum
1856 5861 1958 5901 nec
1996 5860 2092 5916 per

2200 5575 2414 5644 aetatem
2456 5568 2602 5640 loqui
2626 5579 2854 5644 possent
2883 5588 2902 5635 ε,
2942 5586 3006 5630 ac
3029 5587 3208 5644 neque
3245 5582 3427 5644 eorum
3449 5559 3721 5644 qui}???

2198 5632 2641 5710 conspirassent,
2690 5632 2924 5701 necdum
2978 5632 3197 5699 maturo
3225 5644 3291 5700 ad
3334 5632 3578 5710 cjttsltlofﬁ
3612 5632 3720 5710 €99:

2199 5698 2383 5786 silium
2409 5698 2643 5786 judicio.
2673 5698 2957 5771 Videndus
3002 5698 3251 5773 Method.
3270 5698 3449 5776 εἰς’τά
3465 5703 3579 5777 βαΐα
3600 5698 3719 5749 οπ⁰³

2199 5780 2301 5836 hoc
2337 5780 2648 5851 argument.
