3966 6440
289 433 401 500 937’

1532 425 1614 486 IN
1654 425 1909 487 RAMOS
1936 428 2386 501 PALMARUM.

3449 430 3556 500 9'38

289 551 421 614 τοὺς
450 547 705 619 γηγενεῖς
750 546 844 600 καὶ
886 545 956 599 τὰ
991 544 1081 598 ἴσα
1110 545 1219 606 τοῖς
1265 543 1519 611 Σεραερὶμ
1565 541 1881 609 θεολογοῦν-

2007 544 2210 595 nomine
2261 540 2477 596 Domini
2517 548 2568 594 ο.
2599 560 2618 593 ι
2655 541 2823 597 Vides
2870 552 2928 597 ut
2971 542 3260 614 terrigenae
3306 547 3560 605 caelestes

289 657 426 705 ταςς
463 639 650 695 Kak!
694 637 806 710 γὰρ
848 635 1283 708 παραδοξότερον
1306 633 1403 687 τοῦ
1444 633 1543 704 τὴν
1574 633 1876 702 ἔμφρικτον

290 733 513 803 ἐκείνην
545 730 911 801 ἐκφαντορίαν
938 729 1029 782 ἐπὶ
1059 728 1164 798 γῆς
1180 724 1311 795 ᾇσαι
1331 727 1457 790 τοὺς
1484 727 1717 796 ἀμαθεῖς
1741 728 1879 796 μετὰ

289 825 390 892 τῆς
434 824 547 877 ἀνω
575 819 815 892 χορείας,
854 820 944 874 ἵνα
975 819 1070 873 καὶ
1101 817 1351 887 ἀγγέλοις
1392 818 1486 870 ἐπὶ
1517 817 1618 888 γῆς
1656 833 1880 887 περιχο-

297 914 529 985 ρεύωσιν
557 910 837 981 ἄνθρωποι
864 928 878 972 ;
916 908 981 962 Ti
1017 909 1075 961 δέ
1116 905 1510 979 σχετλιώτερον
1533 906 1629 959 τοῦ
1662 906 1879 975 κωφεῦ-

294 1022 389 1060 σαι
433 1004 571 1074 πρὸς
618 1002 812 1068 ταῦτα,
863 1000 959 1056 καὶ
998 1000 1135 1072 πρὸς
1180 1000 1240 1054 τὸ
1286 998 1361 1071 μὴ
1407 998 1738 1069 μεταθέσθαι
1781 1006 1880 1070 τὴν

292 1096 596 1166 ἀϐλεψίαν,
647 1093 999 1167 προσλαϐεῖν
1030 1093 1126 1149 καὶ
1183 1091 1283 1163 τὴν
1343 1091 1656 1161 τύφλωσιν,
1703 1093 1798 1147 καὶ
1851 1092 1881 1146 δ

292 1188 487 1243 τούτου
541 1186 944 1259 χαλεπώτερον,
1000 1184 1136 1254 πρὸς
1181 1184 1437 1238 τοσοῦτον
1496 1185 1881 1271 ἀναισχυντίας

295 1280 539 1349 φθάσαι,
592 1278 670 1341 ὡς
725 1280 821 1330 καὶ
865 1270 1258 1344 ἀποστομίζειν
1302 1274 1509 1344 τολμᾷν
1560 1276 1690 1337 τοὺς
1739 1273 1882 1328 οὕτω

295 1371 470 1426 ταῦτα
500 1369 663 1432 θείως
696 1367 793 1421 καὶ
827 1365 1147 1438 Σεραφικῶς
1179 1364 1626 1434 ἐξυμνήσαντας;
1664 1383 1684 1416 ι
1724 1365 1881 1419 Ἰδόν-

295 1482 391 1528 τες
420 1463 550 1534 γὰρ,
588 1460 778 1533 φησὶν,
807 1459 859 1512 οι
889 1460 1167 1531 ἀρχιερεῖς
1200 1458 1295 1511 καὶ
1324 1458 1372 1509 οἱ
1406 1457 1783 1527 Γραμματεῖς,
1813 1456 1883 1511 τὰ

282 1533 586 1624 ⁹θαυμάσια
620 1551 658 1606 ἃ.
688 1550 864 1604 ἐποίει
891 1550 922 1603 ὸ
960 1548 1190 1619 Ἰησοῦς,
1231 1549 1328 1603 καὶ
1359 1550 1485 1613 τοὺς
1519 1549 1713 1611 παῖδας
1749 1548 1884 1619 κρά-

300 1647 496 1713 ζοντας
520 1661 534 1676 ⁸
601 1643 832 1698 Ὧσαννά
892 1642 971 1713 τῷ
1035 1641 1151 1712 Υίῷ
1213 1640 1399 1709 Δαὸὶδ,
1467 1640 1881 1713 ἠγανάκτησαν,

300 1739 398 1793 καὶ
452 1732 612 1791 εἷπον
664 1734 859 1806 αὐτῷ’
904 1733 1153 1798 ’Δκόύεις
1201 1734 1255 1786 τί
1287 1728 1434 1788 οὗτοι
1479 1733 1775 1802 λέγουσιν;
1824 1732 1884 1788 '0

298 1829 357 1885 δί
396 1828 605 1899 Ἰησοῦς
647 1827 799 1896 λέγει
844 1827 1031 1891 αὐτοῖς
1074 1843 1089 1858 ν
1137 1825 1266 1880 Ναί.
1317 1825 1590 1880 Οὐδέποτε
1640 1827 1881 1896 ἀνέγνω-

1980 631 2281 696 evaserint,
2313 646 2416 686 nec
2448 632 2690 700 impares
2717 629 3029 703 Seraphim,
3066 635 3254 692 divina
3290 648 3562 708 etoqnan-

1981 724 2107 777 tur?
2146 722 2280 777 Nam
2306 723 2442 794 quid
2485 725 2660 794 magis
2686 741 2891 780 novum
2922 736 2975 781 et
3003 727 3273 794 mirabile,
3309 747 3473 803 quam
3504 742 3565 788 ut

1983 815 2291 869 litterarum
2337 816 2503 872 rudes
2537 832 2647 872 una
2678 833 2802 873 cum
2854 821 3064 876 caelesti
3093 822 3285 889 choro,
3331 824 3476 880 hanc
3505 827 3562 880 in

1982 915 2129 964 terra
2175 909 2484 964 terribilem
2522 912 2965 968 enuntiationem
3007 930 3072 970 ac
3104 910 3433 987 sententiam
3466 934 3563 973 ca-

1983 1008 2140 1065 nant,
2186 1009 2244 1054 ut
2291 1009 2341 1055 et
2381 1002 2637 1058 homines
2688 1005 2901 1060 mixtim
2946 1009 3160 1077 angelis
3217 1011 3564 1080 tripudicnt?

1981 1089 2125 1157 Quid
2161 1098 2345 1147 autem
2385 1094 2787 1159 miserabilius,
2834 1114 2997 1167 quam
3037 1106 3095 1153 ut
3142 1100 3209 1154 ad
3268 1104 3370 1157 ista
3417 1106 3566 1159 velut

1983 1185 2105 1238 sine
2142 1199 2309 1239 sensu
2358 1187 2669 1267 manserint
2710 1187 2848 1260 (25),
2896 1206 2961 1245 ac
3009 1192 3208 1247 nedum
3245 1199 3567 1265 aperuerint

1982 1275 2178 1330 oculos
2204 1276 2269 1329 ad
2303 1276 2626 1344 videndum,
2665 1279 2760 1335 sed
2787 1290 2840 1335 et
2884 1282 3189 1338 caecitatem
3222 1288 3569 1344 asciverint?

1982 1368 2245 1439 quodque
2286 1369 2473 1425 adhuc
2505 1373 2731 1441 gravius
2762 1382 2868 1434 est.
2906 1390 2972 1430 eo
3004 1379 3358 1451 proruperint
3387 1377 3570 1452 impu-

1984 1461 2208 1525 dentiae,
2241 1470 2301 1516 ut
2333 1463 2417 1517 vel
2448 1463 2531 1517 sic
2561 1464 2745 1520 divine
2781 1480 2846 1520 ac
2879 1468 3168 1537 seraphice
3211 1471 3571 1530 laudantibus

1984 1566 2048 1607 os
2076 1552 2371 1607 obstruere
2402 1554 2905 1623 praesumpserint?
2942 1556 3035 1609 Ait
3062 1558 3211 1611 enim
3248 1577 3261 1612 :
3299 1577 3319 1610 ι
3363 1558 3572 1616 Viden-

1986 1652 2069 1698 tes
2110 1652 2293 1697 autem
2332 1644 2615 1714 principes
2656 1646 3010 1703 sacerdotum
3047 1656 3100 1704 et
3136 1647 3367 1718 Scribze,
3407 1653 3574 1707 mira-

1988 1733 2119 1789 bilia
2160 1751 2284 1806 qure
2340 1736 2578 1791 faciebat
2619 1736 2803 1804 Jcsus,
2861 1747 2917 1794 et
2967 1756 3169 1811 pueros
3216 1744 3520 1801 clamantes
3559 1764 3572 1800 :

1990 1825 2249 1882 Hosanna
2290 1827 2437 1883 Filio
2485 1830 2672 1892 David,
2712 1830 2980 1901 indignati
3020 1840 3171 1899 sunt,
3223 1844 3276 1891 et
3317 1838 3578 1894 dixerunt

298 1938 381 1988 τε,
426 1889 523 1975 ’ἐκ
570 1889 844 1990 στόματος
884 1889 1098 1987 νηπίων
1143 1917 1239 1970 καὶ
1285 1915 1627 1989 θηλαζόντων
1673 1889 1883 1989 κατηρο

2002 1917 2039 1970 ei
2069 1936 2083 1971 :
2122 1919 2295 1973 Audis
2326 1920 2459 1990 quid
2502 1919 2595 1976 isti
2626 1889 2860 1979 dicunt;
2883 1922 3045 1981 Jesus
3079 1935 3262 1983 autem
3295 1929 3431 1984 dixit
3456 1932 3572 1987 eis:

298 2014 436 2069 τίσω
477 2009 666 2079 «Nov;
705 2031 725 2065 ι
789 2011 983 2082 Ὑμεῖς
1021 2009 1082 2065 δὲ
1133 2008 1259 2064 οὐδὲ
1289 2010 1524 2081 νηπίων,
1567 2010 1754 2081 φησὶν,
1799 2006 1889 2064 εῦ-

298 2121 451 2159 νοιαν
492 2100 865 2170 ἰπεδείξασθε,
914 2100 1114 2172 μήτιγε
1154 2100 1371 2172 ἀνδρῶν
1409 2101 1741 2172 ἐχεφρόνων.
1785 2101 1891 2154 Οὑ-

299 2195 362 2249 δέ
404 2196 455 2250 εἰ
518 2195 592 2268 μή
636 2211 691 2248 τι
732 2193 881 2260 ἄλλο,
926 2194 1029 2265 τήν
1075 2208 1139 2262 γε
1168 2190 1361 2247 πολιὰν
1411 2192 1754 2257 αἰδεσθέντες
1783 2191 1890 2264 ,τὴν

304 2280 516 2335 ἐαυτῶν
549 2318 567 2348 ,
625 2281 754 2346 τοὺς
829 2281 890 2334 ἐν
950 2280 1235 2351 Πνεύμστι
1307 2280 1607 2361 λαλοῦντας
1686 2283 1890 2354 ᾐσχύν-

309 2370 465 2443 θητε.

382 2593 403 2629 ε
431 2575 547 2632 Καὶ
574 2577 892 2632 καταλιπὼν
917 2576 1140 2645 αὐτοὺς,
1175 2577 1364 2649 φησιν,
1396 2575 1621 2647 ἐξῆλθεν
1670 2576 1776 2642 ἔξω
1796 2594 1895 2648 της

308 2667 516 2732 πόλεως
555 2667 638 2732 είς
680 2667 978 2738 Βηθανίαν,
1015 2668 1112 2723 καὶ
1141 2668 1376 2741 ηὐλίσθη
1425 2670 1565 2725 ἐκεῖ.
1606 2687 1626 2721 ι
1674 2669 1896 2743 Ἐπειδὴ

308 2760 419 2833 γὰρ
448 2760 742 2826 ἀκούοντες
769 2760 981 2834 νηπίων
1011 2762 1299 2834 στόμασιν,
1328 2762 1404 2827 ὡς
1428 2764 1487 2817 ἐν
1510 2762 1775 2833 ὑψίστοις,
1804 2766 1898 2818 ἐπὶ

308 2853 416 2924 γῆς
458 2853 554 2907 τὸν
590 2853 851 2924 Ὕψιστον
892 2853 1329 2926 ἀνυμνούμενον,
1380 2854 1452 2909 τά
1493 2848 1613 2910 ὦτα
1655 2856 1752 2910 καὶ
1796 2856 1897 2927 τὴν

309 2945 541 3018 καρδίαν
583 2945 785 3002 ἔϐυσαν
829 2946 923 3000 τοῦ
969 2947 1045 3018 μὴ
1079 2947 1314 3003 ἀκοῦσαι
1354 2947 1491 3019 μηδὲ
1538 2949 1782 3003 συνιέναι
1830 2948 1900 3003 τά

310 3039 442 3111 περὶ
502 3038 669 3093 αὐτοῦ
719 3039 1088 3111 γεγραμμένα
1116 3055 1131 3071 °
1181 3039 1272 3093 διὰ
1317 3038 1479 3094 τοῦτο
1529 3058 1549 3092 ι
1580 3038 1898 3095 καταλιπὼν

310 3131 532 3197 αὐτοὺς,
584 3114 811 3202 ἐξῆλθεν
864 3131 970 3199 ἔξω
1019 3131 1121 3203 τῆς
1170 3131 1419 3195 πόλεως·
1454 3150 1475 3186 ι
1527 3132 1616 3187 ἵνα
1671 3131 1900 3201 γένηται

1994 2007 2217 2081 Utique.
2249 2009 2545 2083 Nunquam
2584 2014 2817 2084 legistis,
2860 2017 2989 2086 quia
3024 2017 3100 2072 Ex
3136 2034 3233 2074 ore
3275 2020 3574 2077 infantium

1992 2111 2047 2158 et
2088 2103 2416 2158 lactentium
2480 2105 2759 2173 perfecisti
2799 2109 3015 2164 laudem
3049 2112 3110 2164 P?
3150 2131 3169 2163 ι
3208 2111 3320 2169 Vos
3367 2126 3574 2180 autem,

1994 2193 2196 2263 inquit,
2222 2210 2413 2275 neque
2462 2196 2784 2264 infantium,
2835 2209 3045 2256 tantum
3095 2203 3253 2260 abest
3297 2216 3356 2261 ut
3388 2223 3580 2263 sensa-

1994 2294 2176 2355 tor‘um
2202 2287 2449 2343 virorum
2474 2288 2840 2346 exhibueritis
2868 2291 3319 2352 benevolentiam
3352 2316 3365 2351 :
3399 2313 3462 2354 ac
3484 2315 3579 2353 ne-

1995 2393 2105 2447 que
2135 2380 2220 2435 vel
2250 2381 2424 2450 ipsam
2472 2393 2713 2437 vestram
2760 2385 2987 2440 reveriti
3049 2390 3330 2453 canitiem.
3374 2392 3443 2447 iis
3484 2396 3581 2465 qui

1998 2470 2361 2543 loquerentur
2391 2472 2446 2526 in
2473 2473 2708 2545 Spiritu,
2744 2476 3019 2533 habuistis
3053 2483 3436 2555 reverentiam.

2075 2599 2094 2634 ι
2136 2580 2204 2636 Et
2242 2583 2450 2639 relictis
2486 2584 2617 2651 illis,
2656 2585 2859 2656 inquit,
2898 2587 3036 2644 abiit
3078 2588 3232 2648 foras
3258 2599 3416 2647 extra
3451 2594 3587 2648 civi-

2001 2680 2166 2729 tatem
2202 2675 2257 2730 in
2304 2673 2649 2741 Bethaniam,
2684 2679 2876 2750 ibique
2906 2681 3111 2737 mansit
3136 2692 3185 2737 tt.
3217 2701 3239 2737 ι
3272 2682 3414 2750 Quia
3437 2686 3584 2740 enim

2001 2765 2290 2822 audientes
2335 2782 2402 2822 ex
2459 2766 2752 2823 infantium
2791 2785 2912 2834 ore,
2963 2771 3118 2827 velut
3166 2771 3223 2826 in
3269 2773 3584 2840 altissimis,

2001 2854 2277 2911 celebrari
2315 2857 2538 2913 cantico
2566 2858 2619 2913 in
2655 2866 2805 2914 terra
2850 2860 3228 2929 Altissimum,
3267 2879 3436 2921 aures
3462 2880 3589 2920 cor-

2001 2962 2110 3018 que
2144 2948 2569 3016 obturaverunt,
2607 2957 2669 3006 ut
2709 2967 2779 3006 ne
2810 2951 3070 3008 audirent
3098 2954 3181 3010 vel
3217 2955 3590 3027 intelligerent

2003 3054 2125 3111 quae
2154 3041 2362 3112 scripta
2403 3039 2473 3097 de
2502 3056 2570 3098 eo
2615 3052 2827 3109 essent,
2880 3042 3095 3100 idcirco
3135 3063 3155 3098 ι
3192 3047 3408 3102 relictis
3452 3049 3585 3115 illis,

2005 3131 2316 3209 abiitforas
2350 3141 2508 3190 extra
2553 3134 2839 3191 civitatem
2883 3154 2898 3191 :
2939 3155 2958 3189 ι
3000 3147 3060 3191 ut
3099 3137 3247 3207 quod
3282 3137 3359 3193 ait
3387 3138 3587 3207 Isaias,

311 3221 454 3295 ὅπερ
491 3222 726 3285 Ἡσαΐας
764 3221 901 3293 φησί
935 3238 949 3253 ·
1008 3222 1157 3277 «Καὶ
1189 3222 1436 3295 ἐπλήσθη
1463 3225 1492 3277 ὁ
1516 3218 1668 3289 οἶκος
1716 3224 1897 3280 αὐτῶν

2006 3224 2289 3283 accideret
2327 3245 2342 3283 :
2384 3245 2403 3279 ‹
2440 3212 2510 3283 Et
2564 3227 2765 3285 domus
2806 3244 3000 3310 eorum
3066 3230 3180 3302 (26)
3235 3232 3447 3302 repleta
3504 3240 3592 3289 est

316 3313 550 3394 καπνοῦ.
580 3334 601 3366 ι
635 3311 800 3370 Οἷκον
832 3315 983 3385 λέγει
1020 3316 1201 3371 αὐτῶν
1243 3316 1465 3387 ἀληθῶς
1504 3316 1606 3391 τὴν
1648 3318 1903 3387 Συναγω-

313 3409 421 3480 γήν
442 3423 459 3440 ο
509 3402 600 3483 ἧς,
656 3408 754 3479 ἀφ’
782 3401 955 3478 οὗπερ
991 3408 1054 3461 τὸ
1083 3408 1201 3478 φῶς
1232 3410 1262 3463 ὁ
1309 3409 1545 3481 Χριστὸς
1580 3408 1904 3465 καταλιπὼν

315 3502 516 3565 αὐτοὺς
545 3499 889 3573 ἐξελήλυθεν,
921 3500 1242 3572 ἀπεσϐέσθη
1275 3501 1377 3574 μέν
1397 3501 1458 3556 τὸ
1487 3501 1624 3572 φῶς,
1656 3502 1904 3576 ἐπλήσθη

313 3593 373 3648 δὲ
397 3592 632 3660 καπνοῦ,
666 3593 762 3646 τοῦ
795 3592 1265 3666 ἐπιπροσθοῦντος
1290 3592 1370 3663 τῷ
1401 3592 1504 3663 τῆς
1532 3591 1711 3664 ψυχῆς
1752 3592 1904 3645 ὀπτι-

316 3685 400 3757 κῷ
430 3686 643 3749 σκότος.
692 3683 868 3739 Τοῦτο
912 3685 1022 3755 γὰρ
1065 3684 1273 3750 καπνὸς
1309 3688 1421 3749 τοῖς
1452 3684 1595 3739 κατά
1637 3683 1763 3739 νοῦν
1813 3701 1907 3740 τυ·-

317 3781 624 3853 φλώττουσι
677 3781 913 3850 γίνεται.
960 3779 1185 3847 Καπνὺς
1230 3780 1310 3847 δέ,
1349 3780 1524 3853 ὀργῆς
1571 3781 1907 3853 ἀμυντήριον

315 3874 394 3940 ὥς
424 3891 588 3947 φησιν
627 3874 657 3928 ὁ
687 3872 909 3944 ψάλλων
930 3888 945 3904 θ
1005 3890 1026 3925 ι
1061 3872 1253 3944 Ἀνέϐη
1300 3871 1508 3936 καπνὸς
1538 3872 1596 3926 ἐν
1638 3873 1775 3944 ὀργῇ
1813 3873 1907 3926 αὺ-

316 3969 436 4023 τοῦ.
474 3985 494 4019 :
537 3965 862 4037 Ἐξῆλθε-δὲ
898 3964 1039 4033 ποῦς
1076 3977 1097 4018 'r
1120 3966 1219 4028 Είς
1262 3965 1364 4037 τὴν
1388 3965 1734 4038 Βηθανίαν·›
1784 3966 1909 4038 ἥτις

315 4058 596 4133 τροπικῶς
625 4054 773 4122 οἶκος
800 4058 1047 4130 ὑπακοῆς
1077 4057 1504 4129 ἐκλαμϐάνεται.
1553 4057 1773 4131 Ἐπειδὴ
1798 4058 1909 4133 γάρ

331 4153 582 4209 Ἰουδαῖοι
631 4151 987 4223 πηρωθέντες
1038 4149 1135 4205 τὸν
1190 4149 1353 4217 νοῦν,
1387 4150 1896 4223 ἁπετυφλὼθησαν,

319 4246 641 4302 καταλιπὼν
673 4247 891 4313 αὐτοὺς,
925 4247 1007 4309 εἰς
1041 4244 1135 4299 τὸν
1177 4244 1278 4317 τῆς
1309 4243 1557 4315 ὑπακοῆς
1587 4243 1912 4314 ἐξελήλυθεν

218 4356 221 4357 ⁷
320 4335 470 4395 οἶκον
492 4356 507 4373 ·
535 4342 592 4396 ἐν
615 4333 768 4413 ᾧπερ
794 4341 961 4410 ἡμεῖς
987 4335 1057 4392 τὰ
1084 4334 1211 4405 ἔθνη
1235 4334 1373 4400 τέως
1424 4334 1908 4407 ἐπιχωριάζοντες,

320 4431 429 4498 ἔξω
465 4430 576 4485 τῶν
615 4430 855 4485 ἀστικῶν
890 4427 995 4500 τῆς
1039 4425 1274 4499 ἀληθοῦς
1313 4423 1570 4496 γνώσεως
1598 4426 1910 4497 νοημάτων,

322 4523 519 4595 ἀλῆται
572 4540 716 4588 τινες
765 4522 889 4577 τότε
938 4521 1033 4574 καὶ
1083 4519 1340 4584 ἀπόλιδες
1380 4515 1542 4590 ἦμεν,
1591 4520 1763 4590 μήπω
1811 4519 1914 4591 τῆς

2006 3316 2159 3373 fumo
2191 3327 2236 3373 ι’.
2290 3337 2309 3371 ι
2358 3317 2502 3375 Vere
2544 3319 2770 3376 domum
2802 3335 2993 3378 eorum
3028 3319 3375 3395 Synagogam
3413 3325 3590 3381 dicit:

2005 3408 2168 3480 cujus
2198 3411 2419 3482 quidem
2464 3413 2674 3479 lumen,
2711 3428 2783 3469 ex
2806 3430 2918 3485 quo
2941 3414 3131 3471 lumen
3165 3416 3301 3471 illud
3331 3415 3592 3475 Christus

2007 3506 2076 3562 iis
2113 3505 2330 3561 relictis
2364 3505 2531 3585 abiit,
2576 3503 2916 3563 exstinctum
2972 3517 3081 3573 est,
3132 3516 3188 3564 et
3244 3520 3331 3565 est
3384 3511 3594 3581 repleta

2008 3598 2199 3666 fumo;
2231 3599 2325 3669 qui
2361 3598 2626 3654 nimirum
2657 3598 2897 3654 obducat
2930 3600 3189 3656 tenebras
3209 3601 3379 3656 animi
3410 3602 3593 3660 oculo.

2010 3689 2123 3745 lloc
2162 3690 2310 3744 enim
2342 3696 2430 3743 est
2459 3687 2643 3744 fumus
2697 3688 2860 3743 caecis
2920 3696 3125 3745 mente.
3178 3689 3352 3745 Porro
3412 3691 3598 3749 [turnus

2007 3789 2093 3838 est
2128 3784 2277 3838 velut
2311 3780 2409 3836 iraa
2438 3779 2787 3852 prmsidium,
2822 3779 3041 3836 dicente
3067 3778 3294 3837 Psalte:
3327 3800 3346 3833 ‹
3387 3782 3599 3839 Ascen-

2006 3873 2089 3929 dit
2130 3872 2318 3929 fumus
2367 3875 2423 3929 in
2477 3873 2558 3928 ira
2592 3873 2773 3929 eis.“
2817 3871 2940 3941 Quo
2990 3882 3176 3930 autem
3232 3875 3408 3931 abiit?
3450 3896 3473 3929 ι
3537 3874 3596 3933 lu

2005 3967 2367 4041 Bethaniam;
2404 3986 2422 4020 ι
2466 3982 2591 4038 quae
2618 3967 2911 4024 moraliter
2938 3969 3239 4039 exponitur
3268 3968 3599 4027 obedientiae

2008 4060 2229 4115 domus.
2283 4058 2424 4127 Quia
2453 4060 2603 4115 enim
2649 4057 2827 4115 Judaei
2878 4059 3087 4116 mentis
3140 4061 3404 4118 sensibus
3454 4062 3600 4118 laesis

2009 4152 2197 4210 caecati
2221 4163 2402 4218 erant,
2432 4153 2548 4210 illis
2578 4152 2794 4209 relictis
2825 4152 2963 4209 abiit
2997 4153 3052 4209 in
3089 4154 3313 4211 domum
3339 4154 3601 4211 obedien-

2010 4247 2139 4313 tiae;
2174 4246 2229 4301 in
2257 4263 2365 4318 qna
2401 4248 2672 4304 hactenus
2701 4261 2804 4303 nos
2834 4257 3048 4318 gentes,
3095 4247 3233 4304 foris
3264 4256 3423 4304 extra
3455 4263 3627 4305 verte

2011 4335 2262 4397 scientiae
2309 4342 2458 4396 velut
2504 4341 2686 4396 civica
2742 4356 2907 4396 sensa
2967 4349 3283 4408 morantes,
3336 4350 3599 4411 tanquam

2011 4448 2241 4489 errones
2276 4432 2591 4504 quidam~et
2621 4432 2741 4489 sine
2784 4433 3015 4488 civitate
3070 4433 3121 4488 id
3168 4433 3436 4503 temporis
3477 4450 3602 4489 era-

2014 4540 2162 4587 mus,
2194 4526 2430 4581 necdum
2463 4532 2671 4580 sanctae
2698 4524 2847 4578 illius
2890 4530 2946 4579 et
2986 4521 3160 4577 divini
3197 4522 3451 4579 tramitis
3498 4532 3605 4577 ter-

324 4617 489 4685 ἀγίας
517 4615 613 4671 καὶ
634 4612 944 4677 θεοστιόοῦς
972 4612 1078 4684 γῆς
1119 4611 1334 4665 πολῖται
1380 4610 1667 4681 γενόμενοι
1696 4628 1712 4646 ο
1767 4612 1897 4682 λέγει

2021 4616 2231 4688 rte(27)
2261 4617 2413 4672 cives
2454 4615 2666 4684 ell'ecti;
2713 4630 2867 4671 novae
2914 4617 3139 4685 inquam
3180 4613 3334 4669 illius
3377 4612 3605 4670 Jerusa-

322 4710 390 4782 δὴ
416 4708 515 4779 τῆς
538 4709 669 4771 νέας
707 4703 1064 4775 Ἰερουσαλὴμ
1092 4696 1162 4775 ἦς
1211 4702 1404 4774 ὅρασις
1434 4703 1665 4774 εἰρήνης
1701 4705 1735 4773 ἡ
1790 4704 1909 4756 εἵσ-

324 4806 444 4870 οδος
474 4805 590 4869 τοῖς
614 4799 1096 4874 εἰσπορευομένοις
1123 4796 1214 4851 διά
1239 4795 1335 4850 τοῦ
1354 4795 1731 4869 βαπτίσματος
1762 4797 1914 4866 γίνε-

325 4914 438 4951 ται.
463 4894 871 4966 Καθαιρόμενοι
894 4891 1006 4963 γὰρ
1054 4890 1132 4962 τῷ
1155 4889 1370 4962 λουτρῷ
1388 4888 1490 4960 τῆς
1502 4890 1912 4961 ἀναγεννήσεως

323 4989 425 5056 τὰς
448 4990 685 5063 ψυχικὰς
711 4991 957 5065 κηλίδας,
989 4990 1176 5044 οὐκέτι
1204 4987 1303 5054 τὰς
1334 4988 1393 5056 ἐξ
1422 4988 1604 5043 αὐτῶν
1636 4986 1913 5059 ἁμαρτίας

325 5084 773 5157 ἀντιμαχομένας
812 5087 944 5158 ἡμῖν
981 5084 1203 5156 ἔχομεν.
1252 5076 1424 5136 Ἆλλά
1481 5083 1547 5154 τῇ
1596 5081 1737 5136 κατά
1788 5080 1913 5134 νοῦν

2021 4708 2148 4772 lem,
2187 4706 2348 4775 cujus
2393 4706 2657 4762 introitus
2701 4706 2855 4777 pacis
2895 4706 3044 4763 .visio
3090 4711 3177 4760 est
3228 4704 3319 4768 iis,
3375 4704 3466 4774 qui
3504 4718 3605 4774 per

2020 4813 2238 4856 sacrum
2295 4798 2572 4869 baptisma
2624 4799 2679 4854 in
2707 4814 2826 4855 eam
2859 4798 3269 4871 ingrediuntur.
3324 4796 3603 4853 Mundatis

2020 4894 2168 4949 enim
2241 4893 2465 4948 lavacro
2546 4882 2991 4965 regenerationis
3050 4892 3251 4947 anima:
3307 4889 3601 4956 sordibus,

2020 4985 2453 5055 haudquaquam
2508 4985 2657 5038 ultra
2714 4983 2845 5039 inde
2903 4983 3066 5038 nobis
3126 4982 3326 5038 infesta
3378 4991 3606 5051 peccata

2023 5079 2311 5134 habemus.
2338 5077 2481 5145 Quin
2504 5075 2704 5132 mentis
2720 5074 3194 5147 contemplatione
3214 5078 3267 5129 ln
3293 5072 3603 5141 Christum,

399 5243 637 5301 °Matth.
666 5258 785 5309 ut,
808 5241 864 5299 9.
939 5252 969 5295 υ
1022 5239 1354 5311 ibid.i$,l6.
1389 5239 1580 5296 aibid.
1629 5239 1715 5293 ιγ.
1800 5247 1822 5275 r
1859 5237 1897 5293 n

2002 5254 2070 5303 vr,
2096 5238 2151 5292 4.
2230 5246 2251 5273 ³
2298 5235 2444 5291 Psal.
2489 5252 2623 5302 ινα,
2656 5237 2712 5291 9.

1663 5391 2053 5449 COMBEFISII
2100 5389 2336 5449 ΝΟΤΕ.

400 5542 516 5616 (35)
553 5539 844 5616 ναίω-εἰπε
888 5554 1043 5616 sensu
1099 5536 1412 5616 manserint.
1463 5533 1592 5616 Τοῦ
1609 5530 1910 5616 κωφεξξσςιαΪ

330 5602 425 5672 3ὶέ
452 5602 678 5684 eiponit
712 5608 1265 5684 Ηθβγυιιαωφεῦσαι,
1297 5602 1717 5676 ἀναισθητῆσαιζ
1750 5602 1916 5659 Velut

328 5678 645 5743 incrassato
665 5678 840 5737 corde
852 5720 877 5749 ,
900 5690 961 5735 ut
991 5679 1215 5749 dicitur,
1250 5678 1354 5749 lsa.
1386 5693 1461 5733 vr.

404 5755 517 5825 (26)
546 5751 610 5825 Et
645 5752 833 5806 domus
861 5744 1063 5807 eorum.
1106 5748 1165 5803 '0
1220 5744 1368 5825 οἶκος
1385 5747 1595 5825 αὐτῶν..
1620 5745 1914 5825 Facltvim

332 5816 526 5883 auctor
557 5824 703 5878 in'ea
741 5837 895 5890 voce,
927 5834 1149 5876 eorum:
1196 5820 1290 5875 sed
1352 5834 1463 5872 non
1512 5818 1714 5873 habent
1751 5816 1911 5885 Vulg.

333 5908 430 5957 aut
458 5893 620 5962 LXX,
645 5908 708 5949 ac
739 5910 915 5965 neque
955 5890 1182 5948 Hebraea
1219 5890 1311 5945 ubi
1344 5898 1557 5944 tantum
1596 5897 1677 5943 est
1703 5895 1871 5950 num
1900 5908 1912 5943 :

2015 5531 2163 5614 quod
2199 5528 2529 5593 reddideris,
2558 5526 2629 5581 Et
2675 5527 2864 5581 domus
2896 5525 3017 5588 illa,
3059 5530 3288 5593 propter
3314 5536 3354 5586 Π
3383 5524 3610 5598 emptu-

2016 5610 2212 5744 “((022,)-
2248 5673 2430 5729 Dicini
2462 5671 2696 5744 tramitis
2747 5669 3253 5744 ἱρηίωθεοστιδοῦς
3288 5668 3409 5744 γῆς.
3447 5668 3607 5727 Velut

2020 5740 2194 5813 quam
2211 5745 2355 5800 Dens
2385 5744 2563 5798 calcet
2593 5751 2646 5799 et
2682 5742 2925 5798 incedat.
2961 5742 3052 5798 Sic
3082 5742 3247 5798 etiam
3278 5740 3512 5814 Gregor.
3549 5745 3606 5800 in

2020 5828 2271 5872 sanctum
2308 5816 2601 5885 baptisma.
