3966 6468
417 420 524 488 999
1384 435 1416 453 '

1635 417 1701 479 S.
1729 411 2060 476 ΑΝΒΒΕΛΕ
2099 410 2524 473 CRETENSIS

3561 401 3690 467 10.0
3717 486 3724 491 _

415 529 720 588 Paciﬂcum
757 529 912 585 illum
960 528 1099 602 (28),
1133 528 1519 600 respicientes,
1565 526 2004 599 llierosolymita

2127 525 2322 596 ὶεωρία
2369 524 2506 594 πρὸς
2551 519 2645 574 τὸν
2687 517 2788 588 τῆς
2834 515 3058 588 εἰρήνης
3106 513 3517 580 ἀποϐλέποντες
3564 515 3698 589 Χρι.

417 623 644 695 proprie
677 627 732 678 et
760 621 1032 678 ellicimur
1055 627 1110 676 et
1143 621 1404 706 dicimur.

489 807 560 858 At
590 799 764 856 Judaei
801 799 1044 871 quidem,
1085 806 1364 870 quotquot
1397 796 1603 853 Christi
1637 795 1848 852 lumine
1875 794 2004 849 illu-

420 895 586 952 strari
622 893 813 948 animo
858 893 1184 957 noluerunt,
1235 891 1458 962 lugeant
1501 905 1579 946 ac.
1611 890 2004 953 lamenlentur,

421 986 578 1041 fumo
609 997 664 1041 et
695 983 956 1057 lacrymis
982 982 1149 1054 pleni.
1173 982 1266 1038 Sic
1289 983 1434 1038 enim
1463 983 1532 1036 iis
1567 983 1707 1036 solet
1733 979 2008 1043 accidere,

421 1079 518 1149 qui
556 1077 708 1133 ΐιιιιιο
737 1077 989 1133 sensibili
1023 1075 1317 1147 propiores
1341 1074 1636 1132 accedunt.
1672 1073 1782 1128 Nos
1803 1080 2009 1136 autem,

421 1176 693 1238 quotquot
726 1183 792 1222 eo
837 1168 1045 1221 lumine
1080 1167 1404 1230 irradiante,
1450 1166 1738 1220 inductum
1787 1173 2015 1234 peccato

421 1260 551 1332 agri
586 1261 738 1314 visus
779 1259 1097 1330 depulimus
1123 1247 1340 1326 vilium,
1381 1261 1594 1314 alacres
1625 1258 1682 1311 in
1716 1269 2012 1312 occursum

422 1368 641 1408 eamus.
697 1349 978 1406 Excamus
1037 1351 1328 1416 Sodomis,
1393 1349 1719 1406 Gomorrha'
1777 1347 2016 1403 nefanda

429 1444 734 1514 fugiamus,
769 1443 932 1498 saluti
973 1443 1026 1497 in
1063 1451 1250 1498 tuente
1291 1443 1672 1499 consulamus.
1709 1441 1834 1497 Sole
1871 1440 2020 1496 occi-

425 1539 594 1594 dente
625 1553 733 1592 una
782 1538 838 1592 in
895 1540 1070 1608 Segor
1099 1536 1440 1594 occidamus.
1493 1533 1581 1589 Sit
1627 1534 1792 1588 nobis
1849 1531 2021 1601 Segor

425 1629 718 1684 humilitas
752 1626 1004 1695 Domini;
1037 1643 1144 1696 qua
1180 1626 1515 1680 immensum
1557 1639 1795 1694 magnus
1818 1623 2022 1678 deitate

427 1730 640 1778 nuStra:
670 1721 951 1792 particeps
1001 1721 1258 1774 humana:
1306 1727 1540 1781 naturae,
1591 1717 1858 1771 minimus
1891 1716 2022 1771 ell‘e-

427 1825 556 1870 ctus
589 1825 697 1883 est,
749 1827 916 1884 atque
964 1813 1280 1868 Cherubico
1311 1812 1565 1867 insidens
1621 1811 1840 1874 throno,
1899 1809 2022 1880 ipse

2117 616 2262 682 στὸν,
2298 615 2731 688 Ἱεροσολυμῖται
2763 611 2970 682 κυρίως
3009 610 3106 662 καί
3135 607 3405 681 γινόμεθα
3427 608 3525 662 καὶ
3555 607 3703 679 λε,γό-

2115 708 2298 856 99221
2340 797 2615 853 Ἰουδαίων
2653 797 2753 868 μὲν
2780 793 2993 860 παῖδες,
3025 792 3143 846 ὅσοι
3165 790 3243 864 τῷ
3277 791 3419 861 φωτὶ
3450 791 3546 846 τοί.
3575 793 3704 865 Χρι-

2115 893 2242 946 στοῦ
2269 892 2668 964 διαυγασθῆναι
2708 893 2801 947 τὸν
2849 891 2980 948 νοῦν
3036 891 3113 964 μὴ
3145 890 3704 966 τεθελήκασιν,οἰμωο

2075 1053 2080 1062 ι
2115 987 2359 1051 ζέτωσαν
2401 989 2496 1040 καὶ
2534 987 2928 1058 θρηνείτωσαν,
2973 984 3342 1057 πληρούμενοι
3378 985 3592 1040 καπνοῦ
3618 987 3708 1042 καὶ

2115 1081 2389 1152 δακρύων.
2434 1080 2618 1134 Ταῦτα
2665 1083 2778 1152 γὰρ
2817 1080 3142 1151 συμϐαίνειν
3171 1079 3320 1150 φιλεῖ
3356 1081 3475 1144 τοῖς
3521 1081 3708 1150 αἰσθη-

2116 1172 2226 1238 τῶς
2275 1173 2354 1243 τῷ
2412 1173 2607 1244 καπνῷ
2669 1173 3106 1246 πλησιάζουσιν
3137 1177 3300 1246 ἡμεῖς
3357 1173 3439 1238 δὲ,
3486 1173 3602 1228 ὅσοι
3636 1175 3710 1245 τῷ

2121 1264 2260 1333 φωτὶ
2295 1263 2774 1332 καταυγασθέντες
2819 1264 2921 1333 τὴν
2951 1265 3012 1328 ἐξ
3041 1264 3319 1336 ἁμαρτίας
3368 1265 3710 1335 ὲπεισαχθεῖ-

2124 1373 2221 1408 σαν
2247 1355 2612 1422 ἁμϐλυωπίαν
2649 1355 3148 1427 ἀποϐεϐλήκαμεν,
3197 1357 3374 1427 ἴωμεν
3417 1357 3711 1430 προθύμως

2121 1449 2213 1502 ἐπὶ
2252 1448 2350 1518 τὴν
2403 1449 2752 1520 συνάντησιν.
2797 1447 3138 1518 Ἐξέλθωμεν
3170 1449 3406 1520 Σόδομα,
3455 1448 3710 1520 φύγωμεν

2121 1541 2191 1594 τὰ
2219 1539 2551 1612 Γομμόῤῥας
2582 1539 2894 1612 ἀπόρρητα,
2945 1542 3026 1603 εἰς
3069 1541 3131 1594 τὸ
3157 1539 3286 1614 ὅρος
3319 1541 3611 1610 σωθῶμεν,
3637 1542 3711 1606 εἰς

2124 1631 2326 1703 Σηγὼρ
2353 1632 2432 1702 τῷ
2455 1632 2592 1702 ἡλίῳ
2612 1631 2858 1703 δυομένῳ
2885 1630 3417 1702 συγκαταδύσωμεν.
3473 1633 3710 1688 Γενέσθω

2125 1725 2258 1795 ἡμῖν
2284 1723 2481 1796 Σηγὼρ
2515 1727 2550 1794 ἡ
2581 1723 2675 1777 τοῦ
2703 1724 2911 1794 Κυρίου
2939 1723 3291 1788 ταπείνωσις,
3327 1723 3454 1776 καθ’
3481 1723 3546 1794 ῆν
3573 1724 3711 1776 ἀπει-

2127 1817 2436 1888 ρομεγὲθης
2490 1815 2570 1869 ῶν
2618 1818 2686 1888 τῇ
2741 1817 2980 1884 θεότητι,
3036 1815 3410 1888 σμικρότατος
3453 1817 3554 1888 τῆς
3597 1817 3710 1872 καθ’

429 1907 718 1977 Seraphim
750 1905 1188 1978 inaspectabilis,
1222 1920 1391 1975 super
1433 1903 1641 1974 pullum
1673 1902 1814 1958 sedit
1846 1901 2014 1957 lilium

2128 1909 2276 1978 ἡμᾶς
2309 1909 2365 1961 ἐν
2399 1907 2618 1978 μεθέξει
2651 1906 2875 1976 γέγονεν
2906 1905 3358 1979 ἀνθρωπὸτητος,
3395 1908 3496 1962 καὶ
3537 1908 3712 1980 θρόνον

428 1999 758 2070 subjugalis.
794 1996 874 2054 Ne
905 1999 1036 2068 quid
1083 2012 1217 2066 ergo
1250 2011 1442 2050 eorum
1487 2010 1609 2066 qua:
1659 1995 1918 2050 furantur
1959 2007 2024 2049 ac

429 2091 766 2146 subtrahunt
791 2105 1040 2152 sensum,
1066 2089 1416 2144 alacritatem
1437 2095 1684 2143 nostram
1712 2086 1975 2142 minuerit
2005 2102 2019 2139 :

428 2200 538 2240 non
572 2199 712 2239 uxor
743 2199 909 2254 quam
943 2197 1124 2252 nuper
1149 2183 1496 2248 duxerimus,
1527 2185 1636 2236 non
1652 2195 1780 2251 ager
1805 2189 2025 2258 elliptus

429 2275 496 2330 de
535 2290 704 2337 novo,
743 2289 853 2329 non
885 2283 1066 2328 metus
1091 2271 1528 2338 Pharisaeorum,
1559 2287 1668 2326 non
1702 2270 2024 2325 Scribarum

430 2363 764 2426 reverentia,
801 2377 911 2418 non
944 2361 1026 2416 ira
1073 2360 1319 2430 Caiplue.
1351 2359 1430 2416 Ne
1459 2359 1591 2430 quid
1644 2374 1872 2430 parvum
1908 2375 2027 2414 ma-

431 2470 672 2526 gnumre
690 2453 1098 2510 'exeitatiorem
1160 2452 1307 2506 hunc
1342 2452 1567 2523 pietatis
1598 2466 1824 2507 cursum
1858 2451 2027 2506 hebe-

434 2546 685 2602 taverit:
744 2545 840 2602 sed
882 2553 942 2600 ut
1004 2543 1214 2600 Christi
1269 2545 1458 2611 amici,
1527 2544 1899 2615 discipuliquc
1961 2558 2028 2599 ac

433 2645 764 2703 sectatores,
819 2637 1048 2694 Christo
1101 2639 1315 2706 pariter
1369 2651 1756 2692 occurramus.
1812 2636 2026 2692 Bonum

432 2739 518 2786 est
543 2739 604 2786 ut
634 2731 830 2785 iisdem
863 2733 930 2786 de
959 2730 1182 2786 Christo
1205 2730 1410 2786 studiis
1437 2744 1826 2796 occurramus,
1861 2737 2030 2801 atque

433 2823 500 2878 ad
562 2823 875 2892 passionem
934 2823 1253 2896 properanti
1319 2823 1483 2878 simul
1542 2823 1774 2878 comites
1829 2821 2024 2877 simus.

429 2911 772 2978 Iucundum,
803 2914 991 2970 videre
1031 2914 1235 2982 Regem
1278 2921 1629 2968 mansuetum
1655 2914 1801 2968 velut
1830 2913 2028 2984 exiguo

2127 1999 2268 2069 ἔχων
2297 1998 2368 2052 τὰ
2395 1998 2702 2069 Χερουϐὶμ,
2731 1999 2825 2052 ἐπὶ
2849 1997 3033 2051 πῶλον
3058 1999 3176 2051 υίδν
3208 1999 3516 2068 ὑποζυγίου
3555 1999 3712 2054 κεκά-

2127 2091 2300 2157 θικεν,
2353 2093 2382 2145 ὁ
2421 2095 2536 2156 τοῖς
2592 2091 2848 2163 Σεραφὶμ
2893 2089 3232 2163 ἀθεώρητος,
3263 2091 3361 2162 Μὴ
3409 2088 3506 2146 οὖν
3530 2109 3584 2146 τι
3624 2093 3714 2165 τῆς

2127 2180 2440 2252 προθυμίας
2493 2181 2641 2252 ἡμᾶς
2708 2181 2930 2252 ἐπιστῇ,
2991 2181 3102 2234 τῶν
3166 2180 3269 2234 ὅσα
3341 2180 3564 2234 κλέπτει
3621 2181 3713 2250 τὴν
3799 2252 3802 2254 Ι

2128 2269 2420 2342 αἴσθησινο
2463 2271 2540 2342 μὴ
2577 2269 2767 2343 νύμφη
2815 2271 3143 2342 νεόνυμφος,
3179 2273 3254 2342 μὴ
3301 2271 3476 2342 ἀγρὸς
3527 2271 3716 2343 νεώνη-

2127 2375 2241 2423 τος,
2282 2359 2357 2431 μὴ
2401 2361 2716 2432 Φαρισαίων
2765 2361 2953 2431 φόϐος,
2990 2361 3066 2434 μὴ
3116 2362 3511 2434 Γραμματέων
3539 2359 3710 2426 αἰδὼς,

2133 2451 2210 2522 μὴ
2234 2453 2459 2522 Καῖάφα
2497 2453 2691 2525 Θυμός.
2723 2455 2814 2525 Μή
2851 2459 2931 2524 τιζ
2947 2455 3146 2526 μικρὸν
3172 2455 3206 2527 ἢ
3241 2455 3391 2527 μέγα
3432 2455 3530 2528 τὴν
3553 2453 3716 2508 τοιαύ-

2129 2561 2230 2615 την
2261 2546 2394 2616 ἡμῖν
2428 2546 2778 2600 ὲπικοπτέτω
2815 2546 2917 2618 τῆς
2939 2546 3225 2612 εὐσεϐείας
3257 2549 3464 2619 ὁρμὴν,
3507 2547 3620 2602 ἀλλ’
3645 2545 3712 2608 ὡς

2128 2636 2369 2707 Χριστοῦ
2399 2634 2544 2704 φίλοι
2575 2637 2672 2688 καὶ
2703 2635 2906 2706 μύσται
2951 2636 3048 2690 καὶ
3076 2635 3290 2703 ὀπαδοὶ,
3332 2635 3556 2708 Χριστῷ
3598 2651 3714 2689 συν-

2130 2727 2480 2798 αντήσωμεν.
2545 2725 2726 2780 Καλὸν
2781 2725 2861 2798 τῷ
2916 2726 3141 2800 Χριστῷ
3195 2713 3578 2798 συναντῆσαι,
3627 2727 3712 2781 καὶ

2131 2818 2270 2890 πρὸς
2321 2817 2401 2889 τῷ
2445 2817 2642 2872 παθεῖν
2699 2819 3045 2891 ἐπειγομένῳ
3092 2819 3444 2890 συνέψεσθαι.
3485 2821 3713 2893 Τερπνδν

2134 2911 2260 2965 ἰδεῖν
2284 2910 2511 2982 βασιλέα
2547 2912 2744 2983 πρᾶον,
2777 2911 2854 2976 ὼς
2878 2913 2968 2966 ἐπὶ
3007 2915 3212 2986 μικρᾶς
3243 2913 3519 2980 στιϐάδος,
3561 2911 3710 2986 πώλῳ

432 3007 666 3073 ferculo,
709 3007 789 3061 sic
813 3007 966 3078 pullo
998 3005 1355 3070 insidentem,
1380 3021 1595 3076 suaque
1625 3005 1802 3076 ipsum
1830 3015 2018 3076 sponte

2131 3003 2600 3074 ὲνθρονιζόμενον,
2627 3004 2844 3059 καὶτῶν
2875 3005 3134 3075 ὑπηκόων
3159 3006 3493 3078 ὑπερθανεῖν
3532 3025 3710 3076 προαι-

432 3116 535 3170 pro
569 3103 634 3158 iis
663 3101 758 3170 qui
793 3116 1002 3154 morem
1039 3109 1261 3170 gerunt,
1290 3099 1430 3154 mori
1474 3101 1790 3169 eligentem.
1829 3099 2018 3156 Conci-

2135 3095 2420 3168 ρούμενον.
2462 3096 2720 3150 Πιπτέτω
2747 3096 2916 3166 τύφος
2952 3099 3048 3152 καὶ
3097 3101 3206 3164 πᾶς
3241 3100 3534 3172 ἐπάρσεως
3563 3101 3711 3169 ὄγκος

431 3192 528 3248 dat
569 3191 746 3248 l‘astus
795 3185 1089 3262 omnisque
1151 3191 1409 3247 elationis
1467 3201 1676 3256 tumor,
1735 3191 1828 3246 ubi
1883 3192 2018 3248 Deus

2133 3189 2266 3242 Θεὸν
2297 3191 2462 3260 σαρκὶ
2495 3189 2930 3259 ταπεινούμενον
2962 3189 3204 3262 βλέπων,
3236 3193 3340 3246 καὶ
3365 3193 3502 3264 πρὸς
3526 3193 3586 3246 τὸ
3617 3209 3713 3246 πα-

431 3299 602 3338 carne
669 3284 897 3338 humilis
940 3283 1140 3348 factus,
1203 3281 1557 3354 festinusque
1613 3281 1681 3337 ad
1715 3284 2018 3354 passionem

2135 3283 2249 3337 θεῖν
2278 3283 2661 3352 ἐπειγόμενον.
2698 3279 2856 3338 Εἷδεν
2898 3283 3032 3356 ᾷδης
3067 3285 3398 3356 ἐρωτῶντα·
3451 3303 3472 3337 ι
3497 3282 3602 3340 Ποῦ
3627 3300 3708 3338 τε-

433 3377 808 3446 conspicitur.
852 3375 1002 3431 Vidit
1038 3375 1294 3431 infernus
1348 3383 1790 3445 percontantem,
1851 3395 1871 3428 ι
1928 3375 2012 3433 Ub

2135 3371 2352 3426 θείκατε
2379 3372 2673 3444 Λάζαρον;
2706 3392 2724 3425 ι
2757 3375 2852 3429 καὶ
2881 3375 3110 3444 νομίσας
3137 3375 3431 3446 ἄνθρωπον
3464 3371 3598 3428 εῖναι
3628 3373 3708 3426 τὸν

432 3469 702 3539 posuistis
733 3486 750 3519 ι
772 3467 1035 3522 Lazarum
1078 3467 1140 3521 ῑῖ
1173 3477 1486 3538 putansque
1517 3468 1796 3522 hominem
1825 3451 2012 3523 nudun

2132 3461 2424 3532 ἐρωτῶντα
2457 3462 2636 3532 ψιλὸν,
2690 3462 3000 3535 προσέκοψε
3027 3465 3094 3536 τῇ
3141 3463 3378 3537 Θεότητι
3405 3483 3420 3498 ο
3455 3463 3546 3518 καὶ
3587 3461 3710 3530 πτή-

431 3560 529 3630 qui
569 3569 1023 3630 percontaretur,
1062 3559 1118 3613 in
1147 3559 1422 3615 Deitatcm
1467 3556 1722 3624 ollendit,
1752 3558 2018 3629 jubentis-

2136 3551 2233 3618 ξας
2281 3554 2380 3624 τὴν
2433 3553 2620 3628 φωνῂν
2666 3555 2762 3608 τοῦ
2812 3553 3194 3618 κελεύσαντος,
3253 3554 3316 3608 ὃν
3369 3554 3476 3626 πρὸ
3531 3548 3709 3622 μικροῦ

433 3667 542 3722 que
573 3661 969 3715 consternatus
1000 3666 1156 3715 voce,
1202 3667 1367 3722 quem
1403 3651 1568 3722 paulo
1607 3660 1736 3706 ante
1761 3651 1810 3705 ri
1844 3659 2032 3722 tyran-

433 3745 561 3800 nica
603 3742 785 3798 fuerat
811 3742 1188 3813 depraedatus,
1227 3743 1347 3814 ipsa
1389 3743 1525 3796 hora
1569 3742 1768 3812 jussus
1817 3741 2030 3798 invitus

433 3836 702 3891 evomuit.
733 3831 856 3888 Non
897 3836 1042 3890 enim
1087 3835 1356 3891 resistere
1388 3843 1607 3906 poterat
1637 3837 1756 3888 voci
1789 3831 2032 3888 Domini-

435 3943 534 3982 cae.
560 3926 686 3980 Mox
719 3927 868 3980 enim
902 3935 962 3982 ut
986 3926 1108 3994 ejus
1139 3927 1439 3981 clamorem
1485 3925 1673 3980 emisit
1704 3924 1798 3995 qui
1851 3925 2031 3994 ipsius

435 4021 667 4090 diripuit
701 4020 900 4089 spolia,
931 4018 1128 4074 relicta
1158 4019 1248 4074 ille
1281 4019 1490 4089 prazda,
1531 4018 1598 4073 ad
1645 4018 1898 4073 ultimum
1935 4033 2030 4088 pe-

437 4125 658 4170 taurum
694 4112 810 4184 (29)
852 4113 1107 4180 secessit,
1148 4127 1261 4167 non
1295 4113 1506 4168 habens
1539 4113 1632 4168 ubi
1668 4111 1866 4167 timore
1899 4126 2028 4183 per-

351 4270 359 4274 _
435 4219 636 4261 cussus
673 4204 915 4259 latebras
946 4195 1242 4272 quaereret.
1890 4265 1895 4270 ι

345 4281 351 4289 ’
509 4293 712 4350 Vidisti
757 4304 1027 4366 quantum
1075 4277 1404 4352 humilitatis
1459 4295 1774 4352 sublimitas
1811 4297 2030 4352 valeat?

437 4389 580 4461 Ergo
612 4388 985 4445 humilitatem
1021 4399 1322 4456 sectemur,
1359 4391 1764 4460 amplectamur
1794 4405 2028 4462 panper-

2131 3647 2475 3718 τυραννικῶς
2517 3646 2890 3718 ἀπεσύλησεν,
2945 3646 3193 3718 αύθωρὸν
3223 3645 3536 3706 κελευσθεὶς
3561 3643 3708 3698 dueu-

2136 3739 2269 3803 σίως
2331 3738 2617 3810 ἐξέμεσεν.
2671 3739 2746 3793 Οὐ
2794 3739 2903 3813 γὰρ
2949 3739 3138 3794 ἔσθενε
3195 3741 3349 3811 πρδς-
3393 3733 3709 3803 Δεσποτικὴν

2133 3831 2454 3902 ἀντιστῆναι
2509 3833 2715 3903 φωνήν.
2761 3831 2850 3896 Ὠς
2908 3833 3018 3904 γὰρ
3090 3831 3252 3904 μόνον
3306 3831 3646 3905 ἐκραύγασεν
3685 3825 3710 3877 ὁ

2131 3920 2444 3994 διαρπάσας
2488 3925 2658 3978 αὐτοῦ
2707 3925 2778 3980 τὰ
2838 3925 3014 3980 σκῦλα
3047 3965 3062 3991 ,
3128 3924 3450 3980 καταλιπὼν
3523 3921 3710 3980 ἐκεῖνος

2131 4015 2192 4069 τὸ
2255 4015 2498 4088 λάφυρον
2530 4057 2546 4082 ,
2617 4015 2756 4087 πρὸς
2825 4016 2887 4070 τὸ
2949 4016 3182 4088 ἔσχατον
3255 4017 3457 4090 ἐχώρει
3527 4013 3710 4067 πέταυ-

2137 4123 2230 4180 ρον
2254 4108 2321 4168 ⁸⁵,
2361 4109 2464 4161 οὐκ
2501 4107 2642 4179 ἔχων
2689 4109 2817 4164 ὅποι
2861 4109 2940 4182 τῷ
2987 4109 3140 4181 φόϐῳ
3171 4108 3420 4190 βληθεὶς,
3481 4102 3709 4174 ἀποκρύ-

2136 4215 2341 4255 πτοιτο.

2209 4289 2363 4358 Εἶδες
2413 4289 2504 4349 οἷα
2559 4293 2786 4349 δύναται
2841 4294 2904 4348 τὸ
2957 4294 3090 4366 ὕψος
3138 4296 3238 4368 τῆς
3295 4295 3708 4355 ταπεινώσεωςς
3739 4317 3752 4325 -

2137 4390 2347 4444 Οὐκοῦν
2371 4391 2824 4463 ταπεινωθῶμεν,
2843 4387 3276 4464 πτωχεύσωμεν,
3301 4393 3394 4448 ἵνα
3419 4389 3712 4458 πλουτήσαι-
3757 4446 3768 4456 ι

435 4491 605 4536 tatem
640 4489 700 4536 ut
735 4483 1037 4557 ellieiamur
1081 4483 1306 4540 divites.
1357 4482 1664 4540 Gustemus
1711 4500 1932 4540 crucem
1970 4497 2018 4540 ul

2139 4501 2259 4549 μεν.
2288 4483 2627 4557 Γευσώμεθα
2657 4486 2915 4557 σταυροῦ,
2941 4487 3031 4542 ἵνα
3062 4487 3210 4558 ζωῆς
3239 4483 3560 4558 γλυκασμοῦ
3590 4483 3710 4536 ἀπο·

515 4657 535 4693 ί
558 4653 718 4711 Joan.
753 4673 834 4721 ιιι,
859 4657 950 4713 54.
985 4652 989 4656 ’

547 4932 593 4966 ⁸⁸
636 4931 936 5003 Πὲταυρον,
968 4931 1164 4999 imum,
1185 4933 1417 4989 ultimus
1449 4947 1726 4991 recessus.

1691 4777 1962 4857 'vaaus
1995 4801 2410 4864 LECTIONES.

1749 5071 2136 5129 COMBEFISII
2181 5073 2420 5131 ΝΟΤᾹΞ.

471 5297 491 5312 I
515 5221 635 5360 (ἰῇ
667 5230 732 5288 In
758 5232 1031 5318 Christum
1075 5234 1358 5318 paciﬁcum
1399 5234 1572 5288 illum.
1602 5233 1706 5287 Τὸν
1742 5235 1840 5305 τῆς
1885 5236 2035 5306 εἰρή-

471 5325 561 5360 me.
643 5307 799 5360 lludtt
825 5305 890 5360 ad
921 5305 1086 5360 verba
1129 5305 1222 5360 De!
1256 5322 1309 5360 tn
1346 5304 1696 5360 Salumouem
1756 5306 2033 5360 referente

443 5304 561 5377 νὴς.
591 5304 799 5377 Alludjt
825 5305 890 5360 ad
921 5305 1100 5377 verba
1129 5305 1222 5360 Dei
1256 5306 1310 5377 in
1346 5304 1696 5377 Salomone“)
1756 5304 2033 5360 referente

447 5374 670 5441 Davide,
702 5374 866 5431 lPar.
895 5392 1033 5436 χιιι,
1076 5375 1130 5440 9,
1159 5377 1246 5430 ubi
1277 5376 1430 5446 Vulg.
1468 5375 1534 5429 Et
1565 5375 1627 5430 ob
1649 5377 1785 5429 hanc
1809 5393 2032 5430 causam

443 5447 1050 5519 paciﬁcusrvocabitur;
1090 5447 1236 5519 ωικ
1293 5456 1474 5519 autem
1515 5455 1728 5502 retenta
1761 5446 2032 5502 Hebraica

445 5517 580 5578 uoce
609 5535 624 5572 :
659 5518 786 5573 Ὀτι
825 5518 1107 5589 Σαλωμὼν
1128 5517 1299 5588 ὄνομα
1328 5518 1498 5588 αὐτῷ.

516 5589 629 5658 (29)
651 5591 733 5642 Ad
753 5587 1001 5661 ultimum
1021 5587 1324 5658 petiturum.
1349 5587 1572 5661 ﬂpo;_-cb
1585 5589 1810 5660 ἔσχατον
1831 5587 2031 5660 ἐχώρει

447 5657 738 5730 πεταυρον.
773 5657 966 5714 Utitur
991 5657 1054 5714 ea
1087 5676 1216 5715 voce
1247 5657 1412 5715 etiam
1460 5657 1795 5730 Naucratius
1813 5657 2032 5730 egregia

447 5731 539 5785 illa
564 5728 791 5800 epistola
832 5732 1204 5786 consulatui-ia
1245 5730 1313 5784 de
1357 5731 1506 5785 obitu
1538 5733 1717 5788 sancti
1755 5728 2030 5784 Theodori

449 5801 702 5864 Studltae,
744 5819 906 5872 quam
941 5819 1006 5858 ex
1035 5803 1200 5870 Ilegia
1233 5817 1367 5872 gaza
1407 5803 1582 5857 habeo
1618 5810 2030 5872 exspectantem

453 5874 682 5943 prelum.
703 5875 795 5948 Μὴ
820 5873 964 5946 ἁλῷς
996 5875 1073 5938 εἰς
1103 5872 1374 5944 ari-nuper
1410 5872 1560 5944 ᾅδου,
1588 5874 1678 5928 ubi
1729 5880 1906 5944 potest
1938 5886 2032 5926 ac-

2135 5236 2353 5308 cipivel
2375 5237 2634 5308 laqueus,
2669 5237 2753 5294 vel
2779 5239 2946 5295 etiam
2978 5239 3138 5297 locus
3173 5241 3352 5299 instar
3383 5250 3574 5299 caveae.
3601 5241 3699 5301 (Ιιιο

2139 5307 2269 5360 mali
2295 5307 2888 5382 velnt'aviculaeitenti,
2918 5313 2982 5365 ad
3017 5327 3238 5368 omnem
3275 5319 3504 5382 paveant
3533 5313 3700 5382 occur-

2139 5391 2286 5442 sum,
2323 5380 2474 5454 relut
2537 5379 2692 5454 Gain
2715 5381 2828 5454 ille,
2872 5374 3035 5454 cujus
3067 5383 3141 5436 ibi
3177 5374 3693 5454 exettlplum_3pelf‘f

2137 5462 2248 5528 quo
2278 5449 2646 5528 e_tiam_modo
2682 5451 2770 5506 hic
2803 5445 2979 5528 accipi
3014 5461 3215 5528 potest,
3277 5445 3698 5528 ut'_sisui!ic°‘!’."

2137 5511 2437 5594 diabolus,
2457 5520 2632 5594 instar
2659 5524 2910 5591 paventis
2931 5511 3213 5594 'ga'llinaa;
3251 5511 3464 5580 statim"
3478 5517 3540 5572 ad
3563 5511 3700 5594 audi-

2140 5597 2248 5642 tam
2286 5583 2758 5664 DominiAvocém,
2795 5583 3270 5662 velutvgallinarii
3312 5602 3556 5648 recessus
3577 5583 3694 5664 ιιιιῇ

2135 5673 2279 5731 mos,
2312 5659 2420 5712 ima
2449 5660 2651 5717 inferni
2680 5653 2900 5731 petiisse
2937 5679 2952 5716 ε
2989 5653 3070 5720 sic
3119 5683 3184 5721 ex
3227 5670 3536 5730 contemptu
3566 5653 3696 5731 t_l_i_cto

2136 5729 2231 5783 illo
2263 5721 2608 5810 captivorum
2639 5721 2936 5810 spirituum
2964 5736 3175 5793 infelici
3208 5739 3350 5792 loco.
3388 5721 3540 5789 illum
3569 5721 3696 5777 The-

2136 5815 2336 5856 saurus
2375 5805 2608 5872 append.
