3966 6494
378 366 512 434 1001

1562 368 1645 427 ΙΝ
1702 363 1962 425 ΒΑΜΟΒ
1992 356 2450 421 PALMARUM.

3526 348 3665 414 1002

374 488 686 555 λαύσωμεν.
713 482 973 554 ΕΙῙπωμεν
1006 484 1101 537 καὶ
1128 484 1290 552 ἡμεῖς
1314 483 1392 554 τῷ
1421 483 1667 555 Χριστῷ,
1698 482 1964 551 εἴπωμεν·

2089 475 2199 528 rittc
2231 485 2643 540 consequamur
2680 467 3077 523 dulcedinem.
3122 467 3382 525 Dicamus
3435 479 3491 523 et
3559 486 3661 525 nos

380 598 399 630 ι
432 576 813 663 Εὐλογημένος
841 577 868 628 ό
905 575 1204 647 ἐρχόμενος
1235 577 1292 630 ὲν
1325 577 1552 646 ὀνόματι
1591 575 1821 646 Κυρίου,
1865 575 1964 644 βα-

377 670 562 733 σιλεὺς
606 669 702 722 τοῦ
744 670 982 741 Ἰσραήλ’
1029 689 1048 722 ι
1115 669 1486 737 ἑπισείσωμεν
1535 668 1688 738 αὐτῷ
1716 666 1970 735 καθάπερ

2071 565 2319 630 Christo,
2408 564 2664 617 dii-auius
2703 581 2714 615 :
2758 577 2778 611 ι
2846 560 3179 615 Benedictus
3235 560 3332 632 qui
3395 561 3546 616 venit
3603 562 3661 618 in

2072 658 2305 723 nomine.
2324 654 2566 720 Domini,
2600 653 2716 709 Rex
2748 654 2916 708 Israel
2945 694 2961 708 .
3002 673 3022 705 ι
3051 653 3409 723 lutcndqmus
3450 654 3508 708 in
3535 669 3663 710 eum

378 762 508 833 βαΐα
538 762 607 814 τὰ
643 761 739 814 ἐπὶ
762 761 854 814 τὸν
900 761 1134 832 σταυρὸν
1164 760 1413 832 ἐξιτήρια
1429 760 1496 813 ⁸⁸.
1540 760 1969 829 Εὑφημήσωμεν

2089 765 2172 805 :cu
2226 762 2416 803 ramos
2468 747 2799 819 palmarum,
2830 761 3118 819 supremos
3152 747 3209 809 in
3246 762 3415 804 cruce
3447 762 3666 804 sermo-

375 856 436 909 οὐ
473 853 693 919 κλάδοις
733 854 901 908 αὐτὸν
929 854 1146 920 ἐλαιῶν,
1189 854 1325 908 ἀλλὰ
1363 856 1478 916 τοῖς
1522 854 1622 924 τῆς
1667 850 1970 922 ἐλεημοσύ-

376 964 475 1014 νης
508 947 606 1021 τῆς
657 947 738 1010 εἰς
782 945 1049 1017 ἀλλήλους
1097 947 1432 1018 αὐχήμασιν.
1496 943 1972 1015 ’Υποστρώσωμεν

379 1037 546 1093 αὑτοῦ
579 1040 694 1102 τοῖς
725 1040 885 1094 ποσὶν
906 1037 981 1102 ὼς
1002 1039 1218 1108 ἱμάτια,
1245 1039 1314 1093 τὰ
1335 1038 1433 1107 τῆς
1463 1036 1692 1107 καρδίας
1717 1034 1969 1104 ὲνθὺμια,

380 1132 448 1185 ἶν’
482 1134 543 1184 ὲν
570 1132 705 1202 ἡμῖν
742 1129 1078 1201 βηματίσας,
1125 1132 1248 1194 ὅλος
1292 1131 1443 1193 ἐντὸς
1494 1128 1655 1201 ἡμῶν
1701 1127 1970 1196 γένηται,

379 1222 532 1296 δείξῃ
584 1239 643 1274 τε
691 1222 844 1284 ὅλους
878 1222 1028 1291 ἡμᾶς
1077 1222 1134 1273 ἐν
1182 1220 1352 1291 αὐτῷ,
1403 1219 1501 1274 καὶ
1548 1220 1667 1273 ὅλον
1702 1219 1867 1272 αὑτὸν
1912 1220 1972 1271 ἐν

380 1319 536 1386 ἡμῖν.
573 1314 835 1383 Εἴπωμεν
869 1316 934 1384 τῇ
971 1314 1111 1368 Σιὼν
1138 1313 1199 1367 τὸ
1224 1312 1569 1384 προφητικὸν
1602 1311 1968 1380 ὲπιφὼνημω

381 1403 610 1473 Θάρσει,
652 1400 893 1471 θύγατερ
923 1399 1087 1466 Σιὼν,
1123 1403 1196 1472 μὴ
1223 1396 1414 1470 φοϐοῢο
1444 1420 1463 1452 ι
1486 1399 1619 1454 Ἰδοὺ
1649 1402 1677 1453 6
1709 1400 1973 1465 Βασιλεύς
2003 1397 2035 1476 ὀ

383 1513 479 1548 σου
520 1493 743 1565 ἔρχεταί
778 1510 861 1546 σοι
897 1492 1098 1563 πραῢς,
1131 1494 1229 1547 καὶ
1272 1492 1619 1564 ἐπιϐεϐηκὼς
1647 1493 1741 1546 ἐπὶ
1792 1492 1974 1545 πῶλον

380 1588 505 1642 ὄνου
535 1589 650 1642 υἱὸν
677 1586 998 1654 ὑποζυγίου.
1040 1605 1058 1638 ι
1106 1586 1370 1656 Ἔρχεται
1398 1588 1426 1639 6
1464 1584 1744 1655 πανταχοῦ
1781 1585 1974 1655 παρὼν

382 1680 480 1732 καὶ
523 1679 593 1731 τὰ
629 1678 808 1731 πάντα
841 1675 1088 1746 πληρῶν,
1130 1676 1220 1728 ἵνα
1265 1674 1365 1745 τὴν
1408 1675 1497 1728 διὰ
1532 1675 1754 1728 πάντων
1789 1676 1843 1726 ὲν
1888 1673 1975 1727 σοὶ

386 1767 665 1839 σωτηρίαν
694 1765 1018 1836 ἐργάσηται.
1066 1765 1328 1836 Ἔρχεται
1378 1784 1396 1815 ι
1424 1766 1452 1817 6
1495 1764 1570 1835 μὴ
1606 1763 1851 1828 δικαίους
1885 1764 1975 1817 sint

385 1860 496 1915 θὼν
522 1833 776 1920 καλέσαι,
810 1833 948 1912 ἀλλὰ
972 1833 1337 1928 ἁμαρτωλοὺς
1374 1858 1454 1921 εἰς
1492 1833 1804 1927 μετάνοιαν,
1833 1876 1850 1908 ι
1889 1856 1976 1909 ἵνα
2011 1833 2051 1887 Β

383 1955 512 2017 τοὺς
542 1953 640 2025 τῆς
674 1951 950 2021 ἁμαρτίας
988 1951 1194 2021 ἀλήτας
1218 1950 1647 2021 ἁνακαλέσηται.
1686 1949 1778 2022 Μὴ
1805 1947 1975 2019 φοϐοῦ

384 2046 587 2120 τοίνυν.
650 2046 708 2099 'U
751 2044 885 2107 Θεὸς
917 2045 978 2096 ἐν
1025 2044 1179 2113 μέσῳ
1221 2060 1338 2110 σου,
1376 2045 1468 2096 καὶ
1529 2043 1592 2096 οὐ
1638 2041 1972 2114 σαλευθήσῃ.

386 2142 555 2211 Δέχου
585 2139 776 2211 χερσὶν
807 2138 1022 2201 ὑπτίοις
1067 2138 1160 2191 τὸν
1200 2138 1293 2190 ἐπὶ.
1325 2137 1435 2191 τῶν
1465 2136 1667 2207 χειρῶν
1702 2134 1867 2189 αὑτοῦ
1907 2135 1978 2189 τὰ

388 2235 545 2304 τείχη
575 2250 670 2287 σου
700 2232 1263 2303 διαζωγραφήσαντα.
1297 2229 1467 2299 Δέχου
1495 2228 1588 2282 τόν
1621 2229 1711 2282 ἐπὶ
1739 2229 1849 2293 τὰς.
1871 2246 1980 2283 πασ-

391 2326 570 2396 λάμας
615 2325 778 2380 αὐτοῦ
837 2327 965 2389 τοὺς
1015 2324 1305 2394 θεμελίους
1363 2339 1457 2376 σου
1519 2319 1977 2391 κρηπιδὼσαντα.

395 2421 560 2489 Δέχου
590 2419 680 2474 τὸν
726 2421 905 2475 πάντα
946 2419 1032 2489 ἐφ’
1070 2420 1264 2473 ἑαυτὸν
1312 2414 1718 2488 ἀναδεξάμενον
1747 2417 1816 2471 τὰ
1846 2417 1983 2488 ἠμέ·

393 2529 549 2582 τερα,
602 2512 702 2582 τῆς
756 2511 1037 2583 ἁμαρτίας
1079 2512 1270 2583 χωρὶς,
1319 2509 1407 2562 ἵνα
1460 2508 1813 2581 ἑνδαπανήσῃ
1868 2511 1982 2572 τοῖς

391 2604 587 2658 ἑαυτοῦ
617 2605 685 2658 τὰ
732 2604 998 2675 ἡμέτερα.
1037 2602 1368 2672 Εὐφραίνου,
1416 2600 1597 2671 μῆτερ
1628 2600 1784 2661 πόλις
1812 2598 1980 2653 Σιών·

393 2693 471 2764 μὴ
528 2693 718 2763 φοϐοῦ.
767 2712 786 2744 ι
830 2692 1089 2763 Ἐόρταζε
1139 2693 1239 2756 τὰς
1299 2692 1497 2764 ἑορτάς
1553 2707 1668 2745 σου.
1723 2709 1742 2742 ι
1812 2689 1984 2761 ’Υπὲρ

392 2783 575 2846 ὲλέους
609 2781 798 2849 δόξαζε
823 2783 915 2836 τὸν
935 2785 991 2836 ὲν
1010 2784 1099 2836 σοι’
1121 2783 1259 2853 πρὸς
1278 2783 1426 2854 ἡμᾶς
1451 2781 1774 2852 ἐληλυθότα.
1810 2782 1983 2852 Χαῖρε

393 2879 491 2930 καὶ
516 2877 656 2948 αὐτὴ
687 2876 917 2946 σφόδρα,
937 2874 1181 2945 θύγατερ
1216 2874 1580 2946 Ἰερουσαλήμ
1600 2891 1615 2905 ·
1643 2874 1982 2945 ἀνύμνησον,

396 2970 711 3042 σκίρτησον.
751 2988 770 3021 ι
793 2970 1055 3034 Φωτίζου,
1089 2969 1329 3039 φωτίζου
1354 2984 1368 3000 ο
1411 2988 1431 3022 ι
1470 2971 1609 3039 μετὰ
1639 2968 1866 3021 Ἡσαΐου
1886 2966 1986 3037 τῆς

396 3066 549 3141 ῑεεᾶς
575 3058 959 3133 ὲπιφωνοῦμὲν
1018 3080 1101 3117 σοι
1128 3063 1434 3129 σάλπιγγος
1465 3079 1479 3093 ο
1522 3080 1541 3113 ι
1595 3061 1721 3133 ἥκει
1755 3060 1866 3131 γάρ
1901 3075 1988 3115 σοι

2073 857 2211 897 nes.
2256 839 2460 896 Fauste
2506 854 2917 912 prosequamur
2972 840 3407 895 non‘olivarum
3468 838 3667 902 ramis,

2072 934 2172 989 sed
2229 932 2599 1004 eleemosyme
2648 932 2704 986 in
2754 946 2855 986 nos
2911 932 3146 986 invicem
3197 930 3665 1003 gloriationibus.

2075 1025 2511 1083 Substernamus
2544 1018 3004 1080 vestimentorum
3056 1024 3234 1080 instar
3260 1022 3384 1093 ejus
3427 1023 3666 1095 pedibus

2075 1117 2263 1174 cordis
2297 1116 2597 1181 desideria,
2641 1123 2701 1170 ιιι
2732 1131 2993 1186 gressum
3028 1115 3087 1171 in
3120 1115 3286 1172 nobis
3318 1130 3534 1187 ponens
3574 1122 3666 1170 to-

2074 1223 2165 1269 tus
2195 1214 2344 1269 intra
2379 1227 2484 1268 nos
2520 1211 2635 1274 ﬁat,
2664 1219 2928 1288 totosque
2957 1226 3062 1269 nos
3091 1213 3149 1281 in
3190 1227 3253 1268 se
3307 1213 3447 1282 ipse,
3498 1225 3672 1281 seque

2077 1308 2130 1361 in
2162 1306 2327 1361 nobis
2351 1315 2527 1360 totum
2564 1304 2866 1361 exhibeat.
2903 1303 3164 1360 Dicamus
3191 1303 3346 1359 Sioni
3377 1319 3502 1359 eam
3539 1318 3672 1375 pro.

2077 1398 2257 1470 phetae
2289 1396 2755 1453 acclamationem
2790 1413 2804 1450 :
2853 1395 3105 1464 Conlide,
3142 1397 3254 1452 tilia
3296 1396 3453 1464 Sion,
3483 1413 3554 1453 ne
3603 1396 3673 1449 ti-

2076 1488 2290 1545 mueris
2316 1508 2330 1543 :
2371 1509 2391 1541 ι
2423 1488 2563 1544 Ecce
2589 1487 2704 1545 Rex
2744 1496 2879 1543 tuus
2908 1489 3060 1544 venit
3090 1488 3191 1543 tibi
3228 1498 3573 1554 mansuetus,
3604 1502 3671 1541 ae

2076 1584 2276 1639 sedens
2309 1597 2477 1651 supra
2506 1582 2741 1651 pullum,
2782 1581 2957 1636 tilium
2989 1581 3375 1652 subiugatis“.
3401 1601 3418 1633 ι
3486 1579 3672 1641 Venit.

2075 1676 2171 1745 qui
2201 1683 2288 1730 est
2317 1675 2372 1729 in
2403 1675 2554 1729 oumi
2595 1676 2719 1730 loco
2750 1690 3025 1745 praesens,
3060 1683 3116 1730 et
3151 1675 3345 1746 implet
3370 1676 3585 1740 omnia,
3617 1686 3678 1730 ut

2081 1769 2328 1823 ominum
2358 1768 2413 1823 in
2439 1776 2494 1823 te
2516 1775 2775 1838 operetur
2792 1769 3027 1824 salutem
3048 1807 3065 1824 .
3097 1766 3269 1825 Venit
3292 1768 3362 1835 is,
3394 1786 3416 1820 ι
3444 1770 3538 1840 qui
3568 1772 3677 1823 non

2082 1865 2230 1919 venit
2268 1878 2472 1919 vocare
2499 1863 2709 1933 justos,
2752 1864 2849 1918 sed
2886 1870 3214 1933 peccatores
3270 1861 3340 1917 ad
3399 1862 3680 1933 pmuiten-

2082 1955 2214 2010 tiam
2248 1962 2297 2019 ν,
2346 1973 2365 2005 ι
2404 1964 2463 2008 ut
2494 1964 2721 2025 peccato
2753 1969 2984 2009 errones
3022 1963 3280 2011 revocet.
3319 1954 3400 2010 Ne
3428 1972 3564 2028 ergo
3603 1958 3677 2011 ti-

2082 2047 2289 2102 mueris
2316 2078 2330 2100 ~.
2368 2044 2465 2101 Est
2510 2065 2529 2095 ι
2574 2046 2720 2102 Deus
2755 2048 2809 2102 in
2843 2048 3026 2104 medio
3060 2052 3163 2114 tui,
3208 2065 3310 2105 nec
3355 2066 3680 2107 commove-

2082 2139 2233 2195 beris
2267 2153 2293 2181 ι
2318 2181 2331 2194 .
2370 2159 2389 2191 ι
2426 2138 2656 2209 Suscipe
2702 2156 2827 2195 eum
2863 2142 3081 2211 supinis
3130 2143 3392 2197 manibus
3446 2146 3541 2214 qui
3587 2155 3679 2199 tua

2084 2231 2293 2285 mmnia
2327 2230 2379 2284 in
2411 2231 2531 2286 suis
2554 2232 2669 2301 ipse
2692 2231 2952 2287 manibus
2972 2231 3221 2301 depinxit
3248 2274 3264 2288 .
3290 2231 3429 2288 Eum
3459 2235 3682 2305 suscipe

2085 2325 2183 2394 qui
2260 2324 2623 2381 fundamenta
2678 2334 2775 2379 tua
2829 2326 2885 2380 in
2948 2327 3067 2383 suis
3128 2328 3335 2396 palmis
3404 2327 3678 2385 fundavit.

2087 2416 2222 2472 Eum
2260 2408 2503 2489 suscipe,
2538 2418 2632 2489 qui
2672 2419 2728 2473 in
2759 2434 2819 2473 se
2862 2429 3055 2475 nostra
3086 2422 3297 2482 omnia.
3335 2435 3449 2476 uno
3495 2421 3682 2477 demto

2088 2523 2339 2582 peccato,
2361 2513 2479 2569 suis
2507 2513 2626 2582 ipse
2654 2520 2850 2567 nostra
2872 2512 3278 2582 absumpturus
3307 2514 3533 2585 recepit.
3563 2513 3681 2570 he—

2089 2615 2230 2670 tare,
2273 2613 2453 2659 mater
2491 2605 2690 2661 civitas
2733 2606 2910 2661 Sion:
2950 2622 3022 2662 ne
3089 2606 3283 2662 timeas
3317 2624 3331 2660 :
3365 2626 3384 2660 ι
3454 2607 3685 2664 Celebre

2093 2695 2427 2753 festivitates
2461 2707 2586 2754 tuas
2616 2706 2679 2752 3.
2724 2718 2742 2749 ι
2781 2698 2921 2752 Eum
2957 2698 3209 2769 gloriﬁca
3250 2714 3419 2770 super
3469 2700 3688 2756 miseri-

2090 2788 2303 2856 cordta,
2336 2789 2430 2859 qui
2468 2788 2537 2843 ad
2570 2804 2674 2844 nos
2700 2790 2849 2843 venit
2876 2788 2930 2842 iu
2963 2799 3048 2845 te.
3086 2787 3194 2845 Sed
3235 2799 3290 2845 et
3338 2789 3458 2861 ipsa
3508 2792 3689 2862 gaude

2090 2881 2477 2944 vehementer,
2516 2880 2629 2935 tilia
2699 2880 3030 2945 Jerusalem,
3078 2881 3337 2949 decanto,
3405 2883 3686 2953 tripudia.

2096 2992 2117 3027 ι
2158 2973 2497 3041 Illuminare,
2573 2974 2895 3030 illuminare
2931 2974 3034 3046 (in
3101 2975 3251 3045 hunc
3308 2964 3690 3034 act-laniantes

2093 3066 2317 3121 modum
2347 3081 2471 3120 cum
2504 3067 2664 3129 Isaia,
2697 3079 2857 3119 sacra
2885 3066 2974 3119 illa
3014 3066 3194 3133 tuba),
3221 3067 3352 3137 quia
3396 3068 3549 3122 venit
3580 3068 3684 3123 tibi

394 3158 457 3210 τὸ
488 3157 623 3226 φῶς,
654 3158 751 3221 καὶ
790 3156 969 3228 ἡδόξκ
994 3156 1087 3210 τοῦ
1118 3156 1335 3229 Κυρίου
1367 3155 1462 3208 ἐπὶ
1483 3154 1543 3208 σὲ
1566 3154 1926 3209 ἅνατέταλκε.
1962 3173 1981 3205 ο

2093 3158 2302 3221 lumen,
2337 3167 2392 3215 et
2429 3158 2851 3230 gloria.Domini
2879 3175 3047 3228 super
3083 3169 3137 3215 te
3179 3169 3299 3216 orta
3326 3169 3412 3216 est
3443 3170 3467 3199 ²
3496 3201 3513 3217 .
3552 3181 3574 3215 ι

398 3289 403 3295 ›
469 3253 624 3305 Ποῖον
654 3250 797 3320 φῶς;
837 3272 854 3302 ι
873 3254 937 3303 Ὃ
975 3249 1200 3320 φωτίζει
1234 3251 1413 3305 πάντα
1437 3249 1726 3321 ἄνθρωπον
1750 3248 1987 3319 ἐρχόμε-

396 3359 486 3395 νον
509 3342 589 3405 εἰς
623 3342 718 3395 τὸν
741 3341 963 3411 κόσμον.
996 3361 1015 3392 ι
1049 3342 1170 3406 Φῶς
1202 3342 1262 3395 τὸ
1292 3342 1483 3407 ἀΐδιον,
1517 3341 1634 3410 φῶς
1659 3340 1721 3393 τὸ
1758 3340 1989 3409 ἄχρονον

326 3428 329 3431 ’
381 3435 492 3489 ,καὶ
531 3434 711 3505 χρόνῳ
743 3430 1129 3505 παραδειχοὲν,
1167 3434 1282 3504 φῶς
1322 3434 1382 3488 τὸ
1428 3434 1591 3505 σαρκὶ
1643 3431 1990 3503 φανερούμε-

396 3545 488 3581 νον
542 3528 635 3581 καὶ
685 3527 849 3596 φύσει
899 3528 1277 3600 κρυπτόμενον
1308 3542 1322 3555 ’
1373 3525 1490 3596 φῶς
1545 3525 1675 3588 τοὺς
1722 3522 1990 3593 πῶμένας

398 3621 836 3689 περιαστράψαν,
866 3622 962 3673 καὶ
997 3620 1223 3688 Μάγους
1263 3619 1561 3691 ὁδηγῆσαν.
1593 3617 1716 3678 Φῶς
1824 3617 1883 3669 ὲν
1911 3614 1990 3686 τῷ

397 3715 590 3784 κόσμῳ
623 3709 690 3785 ἢν
719 3713 814 3768 ἀπ’
842 3713 1051 3783 ἀρχῆς,
1087 3712 1183 3765 καὶ
1211 3714 1238 3765 ό
1269 3713 1477 3782 κόσμος
1508 3710 1581 3767 δι’,
1614 3709 1782 3765 αὐτοῦ
1806 3707 1991 3777 ὲγένε-

397 3822 479 3869 το,
515 3809 608 3860 καὶ
635 3810 662 3859 6
691 3806 898 3875 κόσμος
921 3805 1052 3859 αὐτὸ
1091 3806 1191 3859 οὐκ
1237 3805 1379 3873 ἔγνω
1398 3820 1415 3837 ο
1448 3805 1566 3874 φῶς
1588 3804 1651 3857 τὸ
1681 3804 1763 3866 εἰς
1789 3803 1858 3855 τὰ
1883 3802 1991 3855 ι’δια

400 3898 573 3962 ἐλθὸν,
602 3900 694 3952 καὶ
722 3900 772 3950 οἱ
803 3897 926 3951 ἴδιοι
953 3898 1087 3950 αὐτὸ
1110 3898 1170 3950 οὐ
1198 3896 1530 3969 παρέλαϐονι
1561 3895 1720 3959 Δόξα
1743 3894 1987 3962 Κυρίου·

400 3990 566 4056 nefa;
624 3991 682 4043 '0
733 3991 966 4061 σταυρὸς
1008 3990 1276 4061 δηλονότι.
1336 3991 1394 4042 ὲν
1444 3982 1597 4059 ᾧπερ
1651 3986 1916 4058 ἐδοξάσθη
1962 3988 1992 4040 6

402 4074 672 4154 Χριστὸς,
694 4083 757 4136 τὸ
790 4084 891 4153 τῆς
920 4083 1194 4158 πατρικῆς
1221 4083 1380 4153 δόξης
1408 4082 1772 4151 ἀπαύγασμα,
1806 4080 1992 4144 καθὼς

401 4176 563 4239 αὐτὸς
594 4176 735 4244 πρὸς
763 4177 843 4246 τῷ
873 4177 1035 4230 πάθει
1076 4163 1338 4245 γεγονὼς,
1371 4176 1507 4247 φησι
1531 4195 1547 4208 ·
1594 4194 1615 4228 ι
1656 4176 1771 4228 Νῦν
1805 4175 1992 4242 ἐδοξά-

402 4269 505 4341 σθη
552 4270 582 4321 ὁ
612 4269 741 4334 Υἱὸς
787 4262 882 4323 τοῦ
913 4269 1229 4340 ἀνθρώπου,
1265 4272 1361 4324 καὶ
1405 4272 1434 4323 6
1474 4269 1607 4332 Θεὸς
1636 4267 1899 4339 ἐδοξάσθη
1934 4269 1993 4321 ἐν

401 4363 574 4435 αὑτῷ,
608 4365 702 4418 καὶ
754 4364 957 4429 εὐθέως
988 4365 1202 4429 δοξάσει
1248 4364 1431 4417 αὐτόν.
1470 4383 1489 4416 ι
1543 4363 1712 4429 Δόξαν
1757 4363 1995 4416 ἐνταῦθα

401 4455 600 4525 λέγων,
640 4459 739 4526 τὴν
771 4459 864 4510 ἐπὶ
888 4459 978 4511 τὸν
1011 4458 1246 4529 σταυρὸν
1289 4457 1516 4526 ὓψωσιν.
1555 4456 1693 4521 Δόξα
1720 4456 1828 4525 γὰρ
1854 4456 1992 4526 Χρι-

404 4547 534 4602 στοῦ
568 4550 596 4601 6
622 4551 877 4620 σταυρὸς,
910 4552 1006 4603 καὶ
1041 4527 1174 4619 ὕψος
1199 4550 1368 4603 αὑτοῦ
1395 4549 1625 4624 δηλαδὴ.
1671 4549 1811 4618 Φησὶ
1850 4549 1960 4618 γάρ
1981 4565 1995 4578 ·
2031 4527 2073 4593 .D

410 4658 429 4692 ι
453 4640 622 4694 ’Ὅταν
668 4643 782 4712 ἐγὼ
819 4643 1042 4712 ὑψωθῶ,
1093 4644 1215 4696 τότε
1241 4645 1289 4676 ⁸⁸
1338 4642 1550 4706 πάντας
1584 4642 1802 4696 ἑλκύσω
1855 4643 1996 4712 πρὸς

405 4734 665 4802 ἐμαυτόνέ
698 4755 719 4787 ι
765 4736 977 4790 Οὐκοῦν
1023 4738 1254 4791 όκνείτω
1289 4736 1498 4806 μηδεὶς,
1535 4735 1672 4807 μηδὲ
1720 4735 1998 4789 ἀναδυὲτω

407 4829 724 4883 συνοδεῦσαι
750 4829 995 4902 Χριστῷ,
1029 4831 1127 4903 τὴν
1161 4830 1602 4902 προφητοκτόνον
1640 4828 1997 4900 Ἰερουσαλὴμ

489 5006 515 5033 ιι
549 4993 720 5048 Zach.
748 5012 823 5061 tv,
857 4997 908 5050 9.
990 5006 1014 5034 ν
1046 4994 1183 5051 Luc.
1218 5013 1267 5055 v.
1311 4997 1402 5050 53.

409 5068 649 5128 xm,5l.

1483 5010 1508 5036 κ
1546 4993 1694 5048 Psal.
1728 5011 1850 5057 xiv,
1885 4992 1938 5048 6.
2016 5001 2044 5040 3‘
2076 4990 2325 5060 Nahum;
2349 5004 2385 5054 l,
2422 4989 2507 5043 15.
2588 4998 2611 5024 ²
2644 4988 2753 5043 lsa.
2785 5001 2840 5054 ιι,
2883 4987 2936 5042 1.

2165 3250 2618 3331 Quodnam_illud
2646 3251 2873 3306 lumen?
2899 3249 3127 3322 Nempe,
3170 3269 3191 3304 ι
3221 3251 3370 3323 quod
3400 3253 3690 3310 illuminat

2091 3358 2309 3399 omnem
2349 3344 2631 3400 hominem
2672 3344 2989 3400 venientem
3030 3344 3084 3399 in
3123 3345 3395 3400 mundum
3420 3356 3483 3401 ι.
3522 3364 3540 3398 ι
3582 3344 3693 3401 Lu-

2093 3453 2244 3502 men,
2267 3436 2516 3515 inquam,
2544 3437 2968 3508 sempiternum,
2988 3438 3174 3493 lumen
3204 3439 3327 3494 sine
3354 3446 3607 3510 tempore
3632 3448 3689 3494 et

2094 3530 2149 3584 in
2175 3540 2422 3599 tempore
2448 3529 2787 3595 cxhibitum,
2824 3531 3013 3586 lumen
3055 3546 3224 3586 carne
3260 3532 3685 3588 manifestatum

2094 3631 2150 3678 et
2185 3631 2383 3678 natura
2416 3622 2720 3688 occultum,
2751 3624 2939 3679 lumen
2969 3623 3117 3695 quod
3176 3620 3552 3679 circumiulsit
3586 3639 3689 3694 pa-

2027 3773 2031 3777 ,
2097 3724 2301 3777 stores,
2340 3723 2397 3768 et
2424 3714 2597 3783 Magis
2637 3714 2749 3775 dux
2773 3715 2874 3769 viae
2902 3715 3030 3771 fuit.
3062 3715 3275 3771 Lumen
3308 3717 3458 3787 quod
3487 3728 3607 3773 erat
3634 3718 3689 3772 in

2097 3806 2305 3863 mundo
2345 3821 2376 3859 a
2409 3806 2707 3876 principio,
2744 3822 2843 3878 per
2873 3809 3022 3878 quod
3075 3808 3275 3865 factus
3295 3820 3382 3865 est
3425 3811 3689 3873 mundus,

2098 3915 2201 3955 nec
2242 3900 2487 3954 mundus
2526 3899 2708 3970 ipsum
2737 3901 3042 3970 cognovit.
3082 3900 3293 3958 Lumen
3334 3903 3484 3973 quod
3538 3904 3692 3957 venit

2098 3993 2153 4048 in
2197 3994 2440 4064 propria,
2504 4001 2560 4047 et
2594 3993 2693 4047 'sui
2738 3993 2872 4046 illud
2930 4009 3040 4048 non
3082 4002 3457 4065 receperunt.
3502 3993 3694 4048 Gloria

2102 4086 2340 4150 Domini,
2372 4098 2627 4153 quaenam
2662 4084 2805 4138 illa?
2838 4084 3052 4156 Utique
3106 4100 3272 4149 crux,
3300 4085 3357 4139 in
3390 4099 3502 4155 qua
3530 4083 3697 4138 Chri-

2100 4188 2222 4235 stus
2256 4177 2605 4249 gloriﬁcatus
2643 4186 2726 4231 est
2754 4194 2768 4230 :
2810 4176 2927 4241 ille,
2954 4177 3211 4247 inquam,
3240 4185 3483 4247 paternae
3505 4176 3696 4245 gloriae

2099 4271 2381 4342 splendor,
2414 4266 2885 4339 quemadmodum
2937 4268 3079 4338 ipse,
3111 4283 3235 4322 cum
3265 4267 3452 4333 passio
3507 4266 3694 4320 immi-

2099 4371 2279 4429 neret,
2307 4362 2449 4417 dixit
2472 4381 2517 4417 ε(
2542 4359 2699 4414 Nunc
2730 4358 3077 4430 glorificatus
3098 4368 3183 4416 est
3210 4357 3381 4413 Filius
3414 4357 3694 4412 hominis:

2102 4466 2156 4513 et
2188 4457 2332 4513 Deus
2363 4455 2707 4525 gloriﬁcatus
2749 4462 2835 4508 est
2864 4453 2919 4507 in
2951 4468 3018 4508 eo
3047 4472 3060 4507 :
3096 4461 3152 4507 et
3188 4452 3453 4509 continuo
3478 4450 3697 4522 gloriﬁ-
3744 4478 3757 4487 ι

2106 4550 2398 4605 cabiteum
2435 4549 2464 4588 ι»
2493 4587 2507 4602 .
2551 4568 2565 4599 ο
2597 4546 2967 4602 Gloriamhoc
2984 4544 3110 4601 loco
3126 4546 3410 4616 appellans
3429 4559 3587 4599 suam
3615 4545 3700 4615 ip-

2108 4643 2225 4695 sius
2252 4641 2307 4695 in
2354 4654 2525 4694 cruce
2580 4637 3015 4693 exultationem.
3075 4635 3222 4691 Crux
3270 4636 3417 4693 enim
3486 4634 3699 4692 Clu-isti

2108 4734 2283 4804 gloria
2305 4740 2412 4797 est,
2474 4729 2711 4800 ejusque
2759 4732 2956 4800 utique
2990 4729 3253 4785 exaltatio
3279 4768 3294 4782 .
3331 4728 3546 4798 Quippe
3579 4730 3696 4780 ait:

2113 4844 2132 4876 ‹
2166 4824 2278 4896 Ego
2312 4823 2440 4878 cum
2479 4824 2759 4878 esaltatus
2785 4822 2965 4889 fuero,
2998 4838 3195 4880 omnes
3226 4822 3441 4878 traham
3487 4822 3601 4892 (50)
3631 4819 3701 4875 ad

3020 4983 3221 5040 'Joan.
3274 4998 3314 5047 ι,
3346 4982 3400 5038 9.
3481 4981 3510 5023 ιι
3539 4980 3701 5038 Juan.

1723 5142 1964 5201 γΑιιιᾸε
2000 5144 2414 5205 LECTIONES.
3161 5225 3170 5231 .

521 5243 2074 5336 "‘Ei'.-..r';‘etrog1610i.Sttidu'_suqtlevtrentaverhq‘ad
2116 5247 2524 5325 expeditionem
2553 5246 2635 5301 vel
2663 5257 2896 5302 mortem
2963 5243 3310 5303 abeuntium.
3389 5243 3511 5297 Vid.
3573 5240 3703 5297 84i-

410 5337 595 5379 ccrum
626 5337 678 5392 p.
726 5321 881 5375 H40.

992 5312 1039 5352 ’λθ
1059 5317 1147 5373 Sic
1168 5330 1215 5371 et
1242 5318 1337 5373 alii
1370 5318 1523 5370 codd.
1555 5316 1754 5385 legunt.
1800 5313 1928 5367 Vide
1954 5312 2337 5370 Welstcuiutn.

1747 5429 2137 5488 COMBEFISII
2168 5426 2400 5490 ΝΟΤίΕ.

484 5557 599 5626 (50)
635 5558 823 5610 Omnes
846 5554 1079 5607 traham.
1106 5551 1163 5626 lu
1198 5559 1351 5606 textu
1380 5550 1569 5626 Grzeco
1622 5547 1860 5626 Joannis
1907 5557 1994 5626 est

413 5620 611 5688 πάντα.
639 5628 840 5681 onmiu.
892 5626 1089 5679 \‘crum
1134 5625 1226 5678 illa
1257 5623 1463 5680 omnia.
1502 5622 1636 5676 nihil
1675 5620 1824 5673 aliud
1865 5624 1997 5673 sunt.

402 5700 577 5771 "quam
616 5697 762 5771 istud
790 5712 1005 5759 aumes;
1067 5710 1262 5763 nempe
1313 5694 1587 5771 homines.
1654 5706 1795 5760 quos
1844 5692 1997 5744 nulla

412 5766 720 5825 diﬂ'erentiu
756 5783 1010 5824 sexuum.
1049 5774 1294 5826 aetatum,
1328 5766 1643 5824 nationum,
1672 5772 1806 5822 etc.,
1834 5772 2002 5816 cruce

413 5841 828 5898 suatrahendus
880 5838 1209 5909 signiﬁcavit
1251 5837 1535 5890 Dominus.
1585 5833 1694 5891 Nec
1737 5833 1886 5888 aliud
1914 5833 2003 5887 in-

664 5939 942 6000 PATRDL.
991 5938 1109 5997 Gtt.
1156 5935 1434 5996 XCYll.‘

2101 5551 2224 5604 nuit
2256 5551 2497 5606 Mattluei
2536 5552 2633 5606 ult.
2670 5549 2820 5614 cum,
2848 5551 3001 5606 velut
3051 5551 3103 5604 iu
3132 5550 3548 5605 exsecutionem
3577 5565 3706 5620 pro-

2106 5622 2305 5691 phetiae
2335 5624 2504 5685 ill‘us,
2530 5623 2699 5677 mittit
2747 5622 3053 5692 discipulos
3088 5622 3512 5692 pnedicaturos
3562 5629 3707 5692 omni

2106 5690 2387 5748 creatum.
2408 5694 2612 5749 Plenus
2638 5696 2785 5749 enim
2816 5690 3017 5749 sensus
3039 5690 3142 5757 est,
3167 5708 3277 5746 non
3294 5708 3457 5763 quem
3482 5690 3547 5763 D.
3571 5690 3708 5747 Gre-

2088 5766 2300 5831 xgorius
2332 5768 2427 5826 ait,
2462 5775 2519 5818 ut
2550 5767 2881 5835 praedicetur
2920 5766 3063 5821 omni
3088 5760 3369 5825 creaturic,
3403 5760 3531 5833 quia
3565 5778 3706 5835 ιπτιι-

2110 5835 2332 5891 dicatur
2363 5836 2467 5893 soli
2504 5833 2741 5906 hemini,
2781 5838 2878 5909 qui
2908 5847 2992 5895 est
3025 5838 3208 5907 aliqua
3267 5836 3481 5891 ratione
3521 5833 3704 5890 omnis

3380 5926 3461 5991 ἐζὲ
