4012 6436
500 364 637 428 1007

1653 361 1714 422 s.
1755 334 2085 420 manus
2123 357 2559 417 cusrexsrs

3602 361 3734 430 ’1θῖὶὲ

498 486 665 540 Forte
691 484 838 540 enim
867 479 1089 536 licuerit
1120 480 1366 549 aliquam
1397 492 1425 531 a
1449 478 1609 532 bonis
1626 480 1922 541 utilitatem
1946 494 2078 534 cou-

2195 494 2293 530 ται.
2324 478 2493 529 Οὐδὲν
2540 475 2596 529 at
2627 468 2737 529 οἷον
2773 475 2868 529 καὶ
2905 476 3052 546 ἡμᾶς
3100 475 3320 547 ἥδυσμά
3353 490 3402 530 τι
3452 481 3736 552 προσθεῖναι

498 577 679 649 sequi,
731 576 1029 643 animoque
1078 570 1278 625 acriori
1336 569 1628 625 elzaritatis
1688 571 1745 625 in
1800 572 2085 626 Christum

500 668 776 725 desiderio
814 664 1045 721 subvehi
1071 701 1087 718 .
1956 659 1968 667 '

498 767 605 821 τῶν
676 761 898 828 καλῶν,
947 761 1043 814 καὶ
1111 758 1251 829 πρὸς
1331 757 1495 813 πόθον
1547 757 1882 831 δριμύτερον
1960 759 2179 828 ἐνάγειν
2230 759 2414 814 αὐτῶν
2484 760 2583 832 τὴν
2634 760 2875 815 διάνοιαν
2919 760 3020 831 τῆς
3101 761 3180 824 εἰς

496 877 657 921 σεως.

563 953 710 1009 Ades
761 950 927 1021 igitur
978 948 1136 1013 mihi,
1185 945 1407 1009 dilecte,
1474 948 1685 1000 intenta
1728 943 2077 999 commodata

495 1065 648 1112 aure,
707 1046 929 1114 vimque
960 1042 1225 1097 moralem
1256 1040 1531 1096 sermonis
1575 1040 1826 1094 edocere.
1865 1036 2081 1107 Οιιτριιιι

496 1122 621 1199 licet
653 1140 842 1197 Studia
882 1136 1148 1207 cupienti,
1174 1145 1235 1188 ut
1264 1133 1471 1188 Christi
1514 1132 1806 1205 passiones
1833 1131 2080 1184 imitatus

494 1233 797 1304 suscipias,
856 1243 1164 1298 omnesque
1222 1226 1429 1283 Christi
1480 1240 1669 1281 sacras
1704 1225 2082 1280 institutiones

493 1338 549 1386 et
584 1328 852 1391 actiones,
893 1322 1098 1393 quibus
1139 1320 1402 1374 nimirum
1454 1318 2084 1374 nostrasvleformitates

491 1417 804 1483 inundavit,
848 1423 1017 1486 atque
1051 1428 1079 1467 a
1118 1414 1347 1484 peccato
1384 1411 1542 1467 nobis
1576 1411 1809 1467 adnatas
1839 1411 2084 1464 maculas

494 1513 612 1570 suis
660 1513 780 1583 ipse
813 1525 913 1581 pro
965 1508 1125 1563 nobis
1160 1506 1517 1577 passiouihus
1578 1504 1913 1574 absumpsit,
1959 1518 2086 1574 per-

493 1620 711 1659 curras.
747 1601 841 1658 Vis
901 1601 1110 1670 itaque;
1171 1598 1410 1661 dilecte,o
1462 1597 1608 1651 diem
1642 1596 1845 1651 festum
1921 1596 2080 1651 lactus

494 1697 804 1759 celebrare,
853 1693 1254 1765 splendideque
1285 1690 1593 1762 splendidis
1634 1688 1887 1745 moribus
1919 1690 2084 1744 Chri-

493 1801 581 1843 sto
616 1788 682 1843 ad
730 1789 1045 1857 passionem
1083 1783 1444 1840 contendenti
1476 1770 1702 1837 bobviam
1758 1780 2084 1852 procedere,

2192 573 2308 633 τοῖς
2355 568 2689 641 εἰρημένοις.
2740 568 2877 639 πρὸς
2914 568 3013 639 τὴν
3040 569 3149 622 τῶν
3183 569 3553 644 ἁπλουστέρων
3586 578 3741 648 (loud-

2195 662 2374 730 λειαν;
2434 661 2744 735 Προσέσται
2794 663 2903 731 γὰρ
2951 662 3083 723 ἴσως
3132 664 3319 727 αὐτοῖς
3362 664 3659 723 ἁπὼνασθαί
3696 691 3742 727 τι

3254 761 3297 813 Χ
3309 762 3481 830 ριστὸν
3550 767 3741 838 ἀγαπὴ-

2258 941 2428 1013 Δεῦρο
2471 938 2564 994 οὖν
2604 959 2693 1013 μοι
2722 941 2819 1010 τὴν
2851 939 3019 1011 ἀκοὴν
3061 940 3354 1004 ἐπιτείνας,
3380 944 3634 1017 ἀγαπητὲ,
3661 951 3749 1022 τὴν

2189 1036 2385 1107 ἠθικὴν
2410 1035 2508 1089 τοῦ
2534 1036 2696 1105 λόγου
2719 1036 2996 1106 διδάχθητι
3030 1034 3280 1106 δύναμιν.
3325 1037 3535 1103 Ἔξεστι
3561 1043 3660 1115 γάρ
3678 1063 3750 1101 σοι

2190 1130 2495 1199 φιλοπόνως
2528 1129 2904 1200 ἐπιθυμοῦντι,
2944 1129 3013 1181 τὰ
3034 1130 3269 1199 Χριστοῦ
3308 1135 3608 1202 μιμητικῶς
3636 1139 3752 1192 ἀνα-

2188 1223 2450 1291 δέξασθαι
2479 1223 2650 1293 πάθη,
2670 1223 2779 1275 ’καὶ
2809 1223 2895 1277 διὰ
2940 1222 3131 1275 πασῶν
3166 1221 3249 1275 ὁδε
3263 1223 3384 1278 ὗσαι
3409 1224 3513 1276 τῶν
3541 1228 3753 1297 Χριστοῦ

2196 1316 2453 1389 μυήσεὼν
2482 1334 2544 1369 τε
2569 1316 2663 1370 καὶ
2707 1310 3089 1387 πράξεων,ταῖς
3116 1314 3320 1387 δηλαδὴ
3353 1314 3419 1370 τά
3451 1319 3506 1371 ἐν
3532 1320 3655 1390 ἡμῖν
3680 1322 3755 1375 ἐνο

2191 1412 2363 1483 εκάθη
2374 1427 2464 1482 ρεν
2480 1410 2769 1483 αῐσχη,καὶ
2786 1409 2912 1472 τοὺς
2930 1409 3395 1480 προσγινομένους
3410 1410 3755 1485 σπίλουςήμῖν

2191 1506 2258 1558 ἐκ
2282 1505 2379 1575 τῆς
2402 1504 2700 1575 ἁμαρτίας,
2728 1505 2840 1565 τοῖς
2879 1501 3021 1573 ὑπὲρ
3045 1501 3205 1572 ἡμῶν
3240 1502 3405 1555 αὑτοῦ
3434 1507 3754 1577 κατηνάλωσε

2194 1603 2415 1657 πάθεσι.
2445 1600 2634 1654 Βούλει
2658 1599 2855 1663 τοίνυν,
2885 1597 3165 1666 ἀγαπητὲ.
3218 1598 3466 1669 φαιδρῶς
3507 1601 3754 1671 ἑορτάσαι.

2192 1700 2289 1751 καὶ
2317 1696 2593 1767 λαμπροῖς
2625 1695 2737 1758 τοῖς
2764 1693 2921 1764 ἦθεσι
2957 1692 3289 1763 συναντῆσαι
3320 1693 3417 1745 καὶ
3448 1694 3757 1766 συνοφθῆναι

2193 1789 2439 1861 Χριστῷ,
2500 1788 2636 1859 πρὸς
2681 1787 2741 1840 τὸ
2764 1784 3349 1856 πάθο;“ἐπειγομένῳ;
3388 1785 3532 1840 Λαὸἐ
3573 1788 3759 1858 σεαυτῷ

494 1884 654 1952 eique
683 1878 1007 1935 adhaerere?
1043 1876 1166 1933 Tibi
1201 1879 1256 1931 in
1288 1880 1467 1947 teipso
1493 1876 1898 1947 intelligihilcm
1941 1875 2082 1928 ima-

2195 1882 2385 1955 νοητὴν
2435 1881 2643 1942 εἰκόνα,
2674 1878 2773 1948 τὴν
2800 1879 2858 1931 ἐν
2897 1877 3097 1949 καρδίᾳ
3118 1878 3481 1950 ’τυπουμένην
3509 1880 3761 1950 μυστικῶς

493 1976 675 2045 ginem
694 1987 958 2035 -assume,
992 1986 1189 2041 nempe
1218 1970 1581 2026 deformatam
1608 1968 1841 2041 mystica
1871 1968 2087 2023 ratione

496 2064 553 2116 in
608 2062 777 2116 corde
832 2060 1382 2130 contemplationem,
1433 2056 1681 2126 miltique
1731 2072 1918 2112 rerum
1954 2063 2089 2110 tunc

495 2163 777 2226 gestarum
815 2146 1057 2224 speciem
1112 2153 1366 2223 depingc.
1418 2150 1718 2222 Tibi'linge
1762 2151 1948 2203 animo
1979 2165 2087 2203 una

495 2249 691 2304 adesse
722 2248 1003 2303 Christum
1044 2247 1140 2316 qui
1185 2245 1505 2299 Bethaniam
1557 2259 1759 2299 versus
1803 2243 1909 2297 iter
1941 2250 2086 2311 agat.

495 2342 815 2412 Adjnngere
857 2337 1268 2408 discipulorum
1320 2337 1557 2408 p0pulo.'
1581 2335 1774 2404 Cogita
1808 2343 1867 2388 ut
1902 2334 1966 2388 ad
1997 2334 2092 2388 de-

497 2433 672 2488 functi
732 2441 1153 2488 monumentum
1203 2429 1535 2484 advenerit.
1574 2425 1864 2482 ‘Existima
1912 2427 2092 2482 oculis

502 2526 639 2596 ipsis
670 2524 857 2578 videre
889 2522 1182 2585 Lazarum,
1238 2520 1545 2591 ﬂentesque
1586 2531 1809 2574 sorores
1871 2516 2089 2583 Lazari,

500 2630 571 2670 ac
598 2617 818 2679 demum
851 2625 1002 2685 gesta
1030 2616 1140 2669 illic
1170 2615 1356 2669 omnia
1404 2628 1590 2667 coram
1626 2612 1897 2681 aspicere.
1949 2608 2089 2666 Tum

505 2706 960 2763 itide'Cht'iSltttn
1027 2721 1278 2775 sequere,
1343 2713 1574 2774 estoque
1630 2703 1825 2757 victori
1881 2718 2091 2766 eomes,

469 2818 613 2857 'una
677 2816 801 2856 cum
857 2801 1020 2854 turba
1113 2798 1462 2870 praetendens
1524 2797 1771 2853 victoria:
1818 2797 2091 2869 symbola.

503 2896 636 2952 Esto
663 2911 805 2951 unus
828 2911 1019 2950 eorum
1044 2895 1136 2965 qui
1169 2895 1377 2949 honore
1405 2893 1639 2956 ducunt,
1664 2892 1892 2963 parique
1923 2907 2091 2947 cursu

498 3004 627 3043 cum
682 2988 751 3042 iis
780 2987 1053 3041 contende
1108 2987 1202 3056 qui
1238 2986 1468 3040 comites
1497 2993 1833 3054 sequuntur.
1870 2982 2092 3037 Palma-

500 3098 623 3135 rum
652 3081 924 3151 spatulas,
960 3081 1127 3133 vitam
1173 3095 1203 3135 e
1257 3080 1476 3133 ratione
1514 3079 1741 3133 virtutis
1774 3078 2089 3132 institutam

498 3177 780 3229 ostendas.
838 3173 1040 3227 flauius
1091 3171 1190 3227 tibi
1234 3172 1531 3249 olivarum.
1583 3180 1841 3225 extentas
1895 3182 2095 3223 manus

499 3268 569 3322 ad
604 3266 979 3321 utiserendum
1014 3264 1242 3320 ellicias.
1273 3262 1352 3320 Ne
1377 3265 1424 3319 ei
1459 3262 1706 3318 carnalia
1740 3262 2093 3328 vestimenta,

408 3397 415 3403 -
500 3376 602 3416 cett
631 3363 973 3431 operimenta
1011 3358 1412 3421 substraveris,
1450 3376 1473 3411 ‹
1503 3358 1594 3428 qui
1619 3356 1822 3414 caelum
1852 3356 2095 3412 nubibus

501 3458 684 3529 operit
717 3472 732 3509 :
772 3473 794 3507 ι
830 3453 925 3509 sed
957 3461 1135 3507 totum
1162 3453 1401 3522 teipsuut
1429 3451 1527 3505 toti
1566 3459 1793 3520 propter
1822 3458 1872 3503 te
1908 3449 2095 3503 incar-

499 3560 632 3604 nato
656 3545 762 3601 fide
789 3533 1011 3614 apiaus,
1048 3548 1225 3595 totum
1260 3541 1441 3611 ipsum
1483 3539 1654 3592 vestis
1684 3538 1861 3591 instar
1900 3534 2091 3600 indue,

503 3652 794 3712 totumque
830 3637 896 3694 ad
933 3647 987 3694 te
1053 3644 1281 3708 propter
1332 3643 1387 3689 te
1444 3632 1782 3693 venientem,
1830 3641 1992 3698 atque
2026 3628 2094 3682 ad

481 3723 823 3806 passionem
883 3729 1243 3785 festinantem
1290 3725 1533 3795 suscipe.
1595 3722 1653 3777 Si
1715 3722 1820 3788 vis,
1880 3721 2095 3775 edicere

485 3826 709 3896 ,pullus,
742 3822 1047 3892 iuvenilem
1078 3819 1213 3889 pulli
1257 3818 1602 3873 alacritatem
1641 3815 1691 3869 in
1721 3813 1879 3868 senili
1924 3827 2093 3867 sensu

502 3920 795 3977 exhibens.
850 3915 1018 3971 Porta
1051 3914 1334 3969 Christum
1388 3921 1610 3966 euntem
1653 3911 1707 3963 in
1758 3907 2091 3963 Jerusalem.

577 4010 839 4066 Fortasse
864 4024 992 4063 vero
1025 4007 1313 4077 quresicris
1351 4023 1363 4058 :
1399 4004 1537 4070 Quei
1575 4003 1698 4057 fiam
1730 4003 1938 4073 pullus,
1998 4000 2091 4071 qui

506 4107 609 4159 sim
673 4100 1006 4158 rationalis?
1067 4098 1236 4154 Plane
1272 4098 1548 4160 cilicieris,
1608 4096 1772 4151 modo
1825 4094 2091 4150 volneris.

503 4198 625 4254 Non
662 4196 867 4252 audisti
901 4202 1194 4253 canentem
1255 4192 1515 4246 Davidem
1563 4207 1576 4243 :
1622 4207 1640 4241 ι
1682 4187 2084 4260 Utjumeutum

505 4292 683 4346 factus
750 4305 871 4345 Sum
909 4287 1051 4359 apud
1112 4296 1163 4342 te
1192 4282 1255 4340 τῖ’
1294 4303 1313 4337 ι
1370 4276 1594 4338 imitare
1664 4283 1871 4353 pullum
1908 4298 1922 4334 :
1956 4282 2091 4351 quin

505 4387 721 4441 edicere
752 4384 935 4455 pullus
972 4380 1173 4435 mentis
1208 4379 1583 4449 simplicitate.
1613 4376 1693 4431 Ac
1735 4375 2089 4445 quemadmo-

474 4470 477 4473 ’
504 4482 637 4534 dum
683 4479 773 4533 ille
805 4477 1008 4530 missos
1057 4473 1112 4527 in
1144 4472 1463 4546 Betltpltqge
1510 4469 1604 4539 qui
1636 4484 1697 4522 sc
1728 4468 2007 4521 solverent
2040 4471 2093 4519 et

504 4574 863 4638 adducerent,
904 4577 1129 4623 secutus
1186 4575 1291 4630 est,
1331 4578 1431 4619 nec
1474 4558 1809 4616 contradixit
1842 4558 2088 4618 omnino.

504 4665 602 4721 sed
645 4673 860 4718 tantum
896 4658 1222 4715 ductoribus
1257 4657 1550 4711 inclinavit
1586 4669 1600 4705 :
1657 4654 1731 4706 ita
1759 4660 1814 4707 et
1860 4658 1917 4704 tu
1963 4666 2093 4704 eru-

506 4757 678 4811 dienli
712 4765 770 4810 ut
796 4754 1005 4810 Christi
1040 4750 1407 4806 humilitatem
1445 4744 1826 4815 amplectaris,
1852 4743 2093 4812 teipsnm

476 4849 746 4918 ,subjice,
782 4848 838 4903 in
896 4846 1046 4901 nullo
1098 4845 1391 4904 resistens,
1425 4839 1650 4908 erisque
1693 4851 1883 4891 revera
1911 4834 2097 4905 pullus

482 4942 734 5009 ,Christi,
771 4941 839 4996 ab
868 4938 1041 5003 omni
1080 4937 1241 4991 bruta
1282 4930 1527 5003 jumenti
1587 4926 1874 4981 affectione
1936 4926 2095 4980 liber.

503 5034 624 5088 Non
680 5044 850 5101 super
900 5037 1102 5084 terram
1146 5039 1342 5081 sensus
1378 5018 1609 5074 -terreni
1648 5015 1906 5088 gradiens
1940 5029 1955 5068 :
1989 5029 2098 5070 non

507 5136 771 5177 incurvus
837 5132 1026 5182 onere,
1094 5115 1244 5169 velut
1280 5108 1685 5166 irrationalium
1736 5107 2089 5161 all'ectionum

480 5202 772 5280 'gravante
812 5222 1020 5275 onere;
1055 5205 1151 5262 sed
1213 5204 1306 5275 qui
1350 5192 1525 5272 super
1566 5209 1749 5256 vestes
1798 5201 2091 5255 moralium

503 5318 736 5374 operum
801 5300 1131 5363 inambulcs,
1188 5312 1253 5352 ac
1301 5310 1469 5366 supra
1536 5296 1721 5350 carnis
1783 5295 2097 5365 voluptates

506 5395 728 5460 feraris,
764 5393 830 5448 ad
872 5393 1119 5463 lucoque,
1181 5389 1363 5446 inanis
1388 5388 1576 5460 glorize
1633 5390 1851 5443 inanem
1893 5388 2095 5443 fastum

506 5486 827 5541 conculccs.
870 5482 962 5539 Sic
993 5483 1117 5554 quis
1153 5480 1360 5537 Christi
1387 5480 1571 5551 pullus
1615 5479 1819 5534 evadit.
1848 5477 1938 5533 Sic
1969 5478 2097 5549 quis

508 5579 657 5632 illius
714 5576 1027 5632 vehiculum
1087 5571 1685 5637 esteﬂicienduspcui
1742 5572 1904 5626 sedes
1960 5579 2092 5626 sunt

506 5667 826 5723 Cherubim.
876 5664 1086 5724 Similis
1126 5674 1248 5723 esto
1311 5666 1503 5737 pueris
1544 5665 1916 5724 llebrtcorum.
1962 5667 2095 5723 Par-

568 5840 605 5913 i
631 5841 776 5899 Psal.
819 5845 1094 5913 ιικιι,23·
1742 5832 1768 5890 7'
1836 5865 1847 5874 -

2150 1992 2161 2001 '
2191 1976 2449 2045 θεωρίαν,
2480 1976 2577 2028 καὶ
2598 1973 2991 2044 ἀναζωγράφει
3022 1989 3112 2042 μοι
3142 1971 3253 2025 τῶν
3286 1972 3414 2025 τότε
3447 1974 3761 2044 πραγμάτων

2191 2067 2566 2123 ἀνατύπωσιν.
2627 2066 2796 2134 Ἦγοῦ
2855 2065 3216 2134 συμπαρῆναι
3256 2064 3506 2135 Χριστῷ,
3551 2065 3645 2136 τὴν
3682 2065 3764 2119 ἐπὶ

2191 2160 2469 2233 Βηθανίαν
2506 2157 2692 2229 τρίϐον
2720 2156 2984 2211 ὁδεύοντι.
3032 2152 3359 2228 Συνάιρθητι
3386 2156 3464 2228 τῷ
3493 2156 3644 2228 δήμῳ
3664 2156 3766 2210 ’τῶν

2196 2253 2476 2324 μαθητῶν.
2522 2252 2808 2323 Ἐννόησον
2841 2251 2989 2314 ὅπως
3008 2249 3214 2320 ἐπέστη
3248 2249 3346 2303 τοῦ
3376 2249 3680 2321 οξχουμένου
3699 2247 3766 2319 τῷ

2196 2350 2465 2420 μνήματι.
2500 2345 2663 2411 Δόξον
2698 2345 2793 2399 καὶ
2819 2345 2914 2397 τὸν
2942 2344 3204 2416 ’Λάζαρον
3236 2345 3397 2416 ὁρᾷν,
3433 2346 3523 2399 καὶ
3555 2345 3649 2410 τὰς
3671 2344 3769 2399 Δα-

2194 2442 2365 2511 ζάρου
2402 2438 2784 2510 ποτνιωμένας
2807 2437 3070 2506 ἀδελφάςσ
3106 2438 3343 2490 κάκεῖνα
3388 2436 3562 2492 πάντα
3591 2437 3768 2509 συλλή-

2195 2533 2325 2603 ϐδην
2356 2533 2510 2603 όρᾷν,
2541 2529 2578 2585 ἃ
2598 2530 2689 2584 καὶ
2720 2530 3059 2601 πέπρακται.
3078 2524 3233 2585 Ἐἶτα
3275 2524 3621 2595 τούντεῦθεν,
3650 2530 3769 2583 ἕπου

2194 2625 2439 2697 Χριστῷ,
2472 2624 2564 2677 καὶ
2603 2622 2955 2695 παρομάρτει
3007 2621 3088 2693 τῷ
3116 2625 3347 2694 νικητῇ,
3384 2622 3455 2677 τά
3505 2614 3602 2694 τῆς
3632 2622 3771 2690 νίκης

2194 2718 2456 2771 ἐπισείων
2485 2715 2635 2787 αὐτῷ
2684 2714 2825 2787 μετά
2862 2714 2956 2767 τοῦ
3016 2713 3258 2786 πλήθους
3304 2713 3579 2785 σύμϐολα.
3625 2713 3773 2766 Γενοῦ

2193 2811 2304 2864 τῶν
2328 2809 2571 2879 ἀγόντων
2596 2806 2704 2876 εἷς,
2732 2809 2827 2862 καὶ
2854 2809 2965 2861 τῶν
2996 2808 3452 2862 ἀκολουθούντων
3477 2806 3771 2879 σύνδρομος.

2208 2902 2355 2955 Ἆντὶ
2391 2902 2559 2973 βαῖων
2586 2901 2675 2955 τὸν
2705 2900 2826 2955 κατ’
2858 2901 3066 2972 ἀρετὴν
3091 2900 3453 2955 ἐπιδείκνυσο
3477 2884 3623 2972 βίον..
3644 2899 3776 2954 Κλά-

2194 2995 2318 3058 δους
2348 2993 2542 3048 ἐλαιῶν
2572 2992 2670 3058 τὰς
2696 2996 2795 3058 σάς
2826 2995 3141 3065 ἀπέργασάι
3176 2996 3377 3066 χεῖρας
3413 2993 3775 3063 ἐκτεινομένας

2196 3086 2336 3159 πρὸς
2359 3086 2525 3141 ἔλεον.
2569 3087 2808 3159 Ἱμάτια,
2844 3087 2919 3159 μὴ
2943 3087 3011 3141 τὰ
3035 3083 3136 3159 τῆς
3172 3089 3382 3158 σαρκὸς
3407 3087 3773 3159 ύποστρὼσῃς,

2197 3178 2398 3233 ὡσανεὶ
2437 3180 2792 3251 περιϐόλαια,
2844 3199 2863 3231 ι
2900 3179 2978 3250 τῷ
3008 3178 3099 3233 τὸν
3149 3175 3385 3253 οὐρανὸν
3440 3177 3553 3244 τοῖς
3606 3179 3775 3248 νέφεσι

2122 3249 2166 3306 C
2202 3249 2638 3341 συγκαλύπτοντι
2663 3290 2712 3343 ἰ
2747 3272 2866 3326 ἀλλ’
2909 3249 3029 3327 ὅλον
3063 3249 3291 3326 σεαυτὸν
3328 3272 3438 3343 ὅλῳ
3466 3269 3556 3325 διὰ
3586 3270 3643 3325 σὲ
3664 3287 3779 3340 σαρ-

2198 3359 2427 3413 κωθέντι
2466 3361 2611 3414 κατά
2642 3350 2827 3413 πίστιν
2882 3360 3120 3431 ἐνείρας,
3160 3361 3282 3416 ὅλον
3335 3361 3537 3415 σαυτδν
3575 3363 3779 3431 χιτῶνος

2197 3449 2415 3505 ἔνδυσαι
2473 3450 2695 3523 τρόπον,
2730 3451 2826 3505 καὶ
2880 3450 3003 3504 ὅλον
3034 3450 3304 3523 ὑποδέχου
3348 3452 3489 3523 πρὸς
3529 3452 3588 3505 σὲ
3618 3450 3700 3504 διὰ
3728 3449 3778 3503 σὲ

2195 3546 2423 3617 ἥκοντα,
2470 3545 2564 3598 καὶ
2591 3544 2784 3599 παθεῖν
2840 3543 3217 3617 ἐπειγόμενον.
3276 3545 3448 3599 Γενοῦ
3491 3546 3691 3610 πῶλος,
3736 3543 3779 3594 ει

2190 3638 2403 3708 βούλει,
2434 3637 2494 3692 τὸ
2530 3638 2769 3691 πωλικὸν
2803 3639 2860 3691 ἐν
2897 3637 3115 3710 γηραιῷ
3162 3636 3239 3709 τῷ
3277 3640 3594 3711 φρονήματι
3631 3635 3781 3690 ἐνδει-

2198 3729 2465 3801 κνύμενος
2485 3730 2793 3802 πρόθυμον.
2832 3729 3112 3784 Βάστασον
3148 3729 3389 3802 Χριστὸν
3431 3730 3527 3783 ἐπὶ
3557 3728 3652 3800 τὴν
3692 3725 3781 3779 Ἱε-

2202 3820 2437 3891 ρουσαλὴ
2446 3838 2484 3889 μ
2521 3820 2876 3891 ἀφικόμενον.

2281 4002 2420 4057 Ἀλλ’
2447 4004 2591 4074 ἐρεῖς
2638 4004 2814 4075 τάχα·
2871 4001 2993 4065 Πῶς
3027 4003 3276 4073 γένωμαι
3338 4001 3545 4068 πῶλος,
3584 3995 3785 4069 λογικὸς

2197 4092 2473 4163 γεγονώς;
2500 4094 2605 4147 Ναί
2626 4110 2639 4123 ·
2675 4097 2877 4165 γενήσῃ
2913 4091 3259 4164 βουλόμενος.
3294 4093 3415 4146 Οὐκ
3444 4093 3682 4163 ἤκουσας
3702 4084 3785 4141 τοῦ
3814 4088 3819 4095 ’

2199 4186 2364 4240 Δαὸὶδ
2386 4185 2683 4255 ψάλλοντος
2706 4201 2720 4217 ⁸
2760 4204 2779 4237 ι
2809 4183 3106 4255 Κτηνὼδης
3138 4185 3414 4255 ἐγενήθην
3444 4184 3597 4255 παρὰ
3627 4181 3737 4248 col;
3765 4199 3782 4230 ι

2192 4278 2455 4350 Μίμησαι
2482 4278 2574 4332 τὸν
2600 4277 2781 4331 πῶλον
2800 4294 2813 4310 ·
2838 4277 3040 4348 μᾶλλον
3066 4277 3147 4341 δέ,
3176 4276 3361 4340 πῶλος
3386 4278 3550 4346 γενοῦ
3571 4279 3638 4347 τῇ
3662 4272 3788 4327 κατά

2197 4371 2425 4442 γνώμην
2444 4370 2740 4441 ἁπλότητι.
2777 4370 2891 4422 Καὶ
2920 4362 3044 4421 καθ’
3073 4366 3131 4422 ὃν
3169 4368 3379 4438 τρόπον
3431 4369 3643 4429 ἐκεῖνος
3687 4364 3787 4424 τοῖς

2198 4462 2635 4532 ἀπεσταλμένοις
2692 4462 2771 4525 εἰς
2805 4458 3067 4529 Βεθφαγῆ
3124 4459 3291 4514 λῦσαί
3321 4478 3384 4513 τε
3436 4461 3533 4513 καὶ
3573 4457 3789 4532 ἀγαγεῖν

2198 4556 2362 4610 αὐτὸν
2395 4556 2602 4618 εἵπετο,
2644 4553 2810 4625 μηδὲν
2850 4554 3117 4624 μηδαμῶς
3153 4552 3471 4619 ἀντειπὼν,
3514 4551 3655 4622 πλὴν
3702 4544 3787 4601 τοῦ

2200 4649 2455 4718 κλιθῆναι
2508 4651 2619 4711 τοῖς
2649 4647 2898 4716 ἄγουσιν,
2937 4645 3082 4699 οὕτω
3121 4646 3217 4698 καὶ
3274 4643 3450 4709 αὐτὸς
3502 4644 3583 4716 τῷ
3615 4641 3791 4697 παιδο-

2196 4742 2474 4813 τριϐοῦντί
2507 4758 2565 4795 σε
2595 4741 2695 4812 τὴν
2734 4742 2875 4794 κατά
2916 4739 3157 4810 Χριστὸν
3202 4738 3430 4792 ἑλέσθαι
3472 4737 3790 4792 ταπείνωσιν

2199 4833 2527 4905 ὑποτάγηθι,
2582 4833 2720 4903 πρὸς
2788 4833 2954 4903 μηδὲν
3012 4830 3440 4901 ἀνθιστάμενος,
3481 4830 3578 4883 καὶ
3622 4826 3791 4885 πῶλος

2199 4928 2369 4988 ὅντως
2404 4927 2502 4999 έσῃ
2534 4925 2798 4996 Χριστοῦ,
2830 4926 3012 4995 πάσης
3032 4922 3345 4996 κτηνώδους
3376 4921 3610 4989 ἀλογίας
3633 4915 3789 4983 ἀπηλ-

2178 5020 2493 5089 λαγμένος.
2536 5019 2650 5071 Οὐκ
2679 5020 2771 5071 ἐπὶ
2822 5019 2926 5089 γῆς
2971 5017 3205 5086 βαδίζων
3239 5015 3336 5069 τοῦ
3371 5016 3569 5087 γηῖνου
3604 5011 3791 5083 φρονή-

2205 5130 2373 5183 ματος
2393 5130 2405 5142 ·
2439 5113 2498 5165 οὐ
2525 5112 2710 5183 φόρτῳ
2741 5110 3152 5181 καμπτόμενος,
3192 5107 3270 5178 τῷ
3305 5107 3470 5178 ἀχθει
3497 5108 3609 5160 τῶν
3634 5119 3793 5175 παρα·

2202 5204 2379 5272 λόγων
2412 5202 2602 5257 παθῶν
2627 5203 2828 5255 ὡσανεὶ
2849 5202 3216 5272 βαρυνόμενος
3242 5218 3254 5230 ·
3286 5200 3411 5253 ἀλλ’
3436 5201 3535 5254 ἐπὶ
3564 5197 3793 5269 χιτώνων

2204 5299 2313 5351 τῶν
2356 5297 2673 5370 πρακτικῶν
2702 5296 2882 5365 ἔργων
2913 5294 3405 5366 ἐπιπορευόμενος,
3440 5295 3537 5347 καὶ
3566 5293 3673 5345 τῶν
3703 5286 3794 5356 τῆς

2210 5390 2413 5462 σαρκὸς
2441 5387 2647 5458 ἡδονῶν
2670 5389 2854 5441 ἐπάνω
2884 5389 3186 5458 φερόμενος
3208 5403 3221 5417 ⁵
3278 5386 3425 5456 πρὸς
3466 5387 3544 5451 δὲ,
3580 5384 3674 5437 καὶ
3705 5381 3794 5450 τῆς

2207 5483 2371 5550 κενῆς
2401 5481 2617 5551 ἁπάσης
2648 5479 2809 5549 δόξης
2837 5478 3135 5549 συμπατῶν
3169 5478 3229 5531 τὸ
3259 5476 3521 5530 διάκενον
3551 5474 3790 5543 φύσημα.

2207 5574 2366 5628 υῧτω
2398 5591 2479 5637 τις
2506 5573 2683 5637 πῶλος
2714 5573 2926 5639 γίνεται
2964 5570 3228 5642 Χριστοῦ.
3259 5568 3456 5633 Οὕτως
3486 5568 3671 5639 ὄχημα
3706 5560 3793 5615 τοῦ

2208 5668 2400 5740 θρόνον
2431 5666 2645 5737 ἔχοντος
2691 5667 2759 5718 τά
2791 5664 3071 5735 Χεῷυϐὶμ
3104 5660 3527 5733 τελεσθήσεται.
3576 5653 3794 5727 Ὅμοιῶ·
