4012 6458
354 426 509 495 1013

1525 423 1603 482 IN
1637 420 1891 481 RAMOS
1920 419 2371 480 PALMARUM.
2430 408 2433 412 ’

3517 423 3654 491 10M

355 543 567 597 παθεῖν
598 538 668 594 δι’
717 537 882 592 αὖτδν
927 536 1167 602 ἑλέσθαι,
1199 512 1301 590 ὅσα
1328 533 1490 599 αὐτὸς
1523 535 1590 589 δι’
1638 536 1786 604 ἡμᾶς
1826 549 1962 603 προ-

2077 531 2237 600 gratia
2277 531 2387 601 pati
2410 531 2651 604 eligens,
2674 534 2860 607 siqua
2911 535 3001 592 ille
3033 534 3319 597 hominum
3354 553 3522 594 causa
3550 555 3656 594 cu-

353 634 748 707 θυμούμενοςς
782 632 866 686 ὅτι
921 631 994 702 μὴ
1055 630 1123 685 δι’
1174 629 1369 684 ἑαυτὸν
1419 628 1646 689 ἔπαθεν.
1678 627 1793 682 ἀλλ’
1825 629 1960 681 61:0-

355 725 636 800 τραμμδν
660 715 756 781 παὶ
780 726 942 797 ὄρους
964 722 1137 787 τιθεὶς
1160 721 1413 791 ἀνδρείας
1435 721 1530 775 καὶ
1553 718 1958 786 ταπεινώσεως,

355 822 435 876 ἶν’
469 824 527 875 ὲν
561 818 753 892 μηδενὶ
777 818 889 871 τῶν
924 815 1165 887 ἀνιαρῶν
1199 814 1666 885 καταπίπτωμεν,

442 977 580 1033 Τίνα
599 977 803 1048 τρόπον
827 993 842 1042 ;
878 976 1008 1047 Δότε
1043 993 1133 1046 μοι
1156 976 1256 1047 τὴν
1286 974 1476 1044 ἀκοὴν,
1504 975 1593 1027 ἵνα
1621 974 1819 1043 συνῆτε
1857 974 1967 1028 τῶν

361 1071 686 1142 λεγομένων
723 1070 822 1140 τὴν
869 1068 1121 1139 δύναμιν.
1179 1067 1562 1138 Ἐλοιδορήθης
1609 1066 1751 1137 πρός
1786 1083 1964 1134 τινος;

367 1161 453 1233 μὴ
482 1161 809 1230 ἀγανάκτει.
844 1159 953 1219 Καὶ
982 1159 1091 1231 γὰρ
1122 1160 1217 1212 καὶ
1239 1160 1267 1212 ὁ
1287 1157 1523 1230 Χριστὸς
1565 1157 1845 1227 Δεσπότης
1892 1156 1967 1210 ὣν

366 1260 473 1312 καὶ
523 1256 677 1322 Θεὸς,
712 1254 934 1310 καὶτοῦ
964 1253 1162 1307 παθεῖν
1212 1251 1564 1323 ὑψηλότερος,
1619 1251 1720 1304 οὐκ
1770 1249 1970 1303 ἐλοιδο-

370 1349 522 1422 ρήθη
556 1348 738 1420 μόνον,
765 1346 902 1401 ἁλλὰ
923 1345 1020 1400 καὶ
1042 1343 1374 1417 ὲμαστίχθη.
1418 1334 1714 1414 Ὗϐρξσθης
1735 1342 1840 1394 ὑπὸ
1873 1341 1968 1399 τοῦ

369 1442 581 1509 πέλας;
610 1439 750 1495 ἁλλὰ
788 1440 886 1493 καὶ
910 1440 939 1491 ὁ
959 1437 1197 1507 Χριστὸς
1222 1435 1556 1509 ἐρῤαπίσθη.
1603 1434 1967 1504 Ὧνειδίσθηςς

368 1536 501 1591 ἀλλ’
528 1534 692 1598 αὐτὸς
723 1535 815 1588 καὶ
848 1531 1186 1602 ἁνεπτύσθη,
1217 1531 1315 1584 καὶ
1362 1529 1529 1604 χλεὺῃ
1578 1528 1806 1596 χλαῖναν
1840 1528 1970 1597 s96-

376 1645 530 1701 ρεσε.
567 1628 689 1681 Τῶν
710 1623 918 1696 τριχῶν
945 1623 1326 1692 κατεσχέθηςς
1360 1621 1499 1677 ἀλλὰ
1531 1622 1777 1693 Χριστὸς
1800 1621 1972 1674 ἀκάν-

372 1722 502 1785 θαις
545 1718 928 1788 ἐστεφανώθη.
996 1715 1379 1786 Ἠτιμὰσθηςς
1428 1714 1563 1768 ἀλλὰ
1599 1715 1695 1768 καὶ
1736 1713 1972 1785 Χριστὸς

373 1809 710 1879 ἐνεπαίχθη·
741 1808 1080 1877 καὶὸφησιν
1123 1806 1351 1868 Ἡσαΐας
1380 1822 1392 1837 ο
1455 1825 1474 1858 ι
1529 1804 1835 1876 ’ῌτιμάσθη
1875 1805 1973 1858 καὶ

2064 620 2236 690 pienti
2258 621 2444 677 animo
2464 638 2661 692 passus
2679 626 2793 682 est?
2805 625 2922 681 Non
2942 628 3085 683 enim
3110 634 3195 684 est
3215 643 3414 699 passus
3434 636 3656 700 propter

2067 714 2338 786 seipsum,
2368 716 2462 771 sed
2487 718 2800 787 exemplum
2825 720 2989 776 nobis
3013 720 3360 793 formamque
3383 723 3653 778 adhibens

2070 807 2412 864 fortitudinis
2445 824 2509 864 ac
2560 809 2914 877 humilitatis,
2953 823 3012 868 ut
3045 813 3311 885 quidquid
3355 803 3653 871 inolestuzu
3753 816 3778 898 ,ς

2068 901 2360 964 acciderit,
2391 916 2500 955 non
2527 903 2727 957 animis
2757 904 3141 961 concidamus.

2138 993 2257 1060 Qua
2314 992 2377 1048 id.
2433 983 2688 1049 ratione?
2739 995 2869 1051 Mihi
2920 1012 3111 1053 aurem
3158 1003 3655 1063 acconunmlatémt

2069 1105 2260 1146 eorum
2294 1104 2417 1159 quae
2447 1090 2710 1146 dicuntur
2755 1092 2863 1147 vim
2918 1095 3334 1167 perspexeritis.
3385 1093 3511 1150 Tibi
3553 1096 3657 1149 ali-

2069 1181 2198 1251 quis
2248 1192 2334 1237 cst
2380 1183 2760 1240 convitiatus?
2801 1201 2869 1239 ne
2902 1187 3385 1258 indigne-ris.Nam
3414 1196 3468 1243 et
3504 1187 3656 1244 Chri-

2073 1284 2214 1342 stus,
2267 1275 2359 1345 qui
2425 1273 2696 1331 Dominus
2747 1286 2802 1333 et
2850 1277 2996 1334 Dens
3049 1290 3229 1343 esset,
3280 1296 3346 1336 ac
3399 1281 3660 1351 passione

2073 1356 2350 1435 superior,
2409 1381 2520 1421 non
2587 1376 2798 1423 tantum
2857 1369 3108 1424 convicia
3167 1370 3426 1443 pertulit,
3474 1371 3571 1426 sed
3607 1379 3662 1426 ct

2073 1456 2246 1527 virgis
2279 1470 2457 1513 caesus
2487 1467 2593 1512 est.
2630 1456 2868 1514 Gravem
2926 1458 3197 1529 injuriam
3225 1473 3259 1533 a_
3293 1460 3478 1515 vicino
3507 1474 3664 1515 arce-

2072 1548 2244 1619 pisli?
2277 1549 2373 1619 sed
2398 1557 2452 1604 et
2486 1549 2743 1606 Christus
2767 1551 2962 1622 alapas
2996 1551 3143 1606 tulit.
3173 1549 3391 1625 Probro
3431 1550 3664 1613 atl‘ectus

2074 1643 2175 1698 es?
2223 1643 2315 1699 ille
2370 1658 2501 1698 vero
2565 1643 2733 1700 etiam
2766 1652 3075 1715 consputus
3121 1651 3227 1712 est,
3288 1643 3666 1718 chlamydem-

2075 1751 2184 1806 que
2242 1736 2494 1791 illusorio
2528 1735 2722 1791 habitu
2771 1720 3029 1806 gestavit.
3074 1735 3287 1792 Tentus
3321 1752 3383 1792 es
3408 1733 3669 1809 capillis!

2078 1827 2174 1882 sed
2208 1835 2263 1882 et
2299 1827 2557 1883 Christus
2606 1827 2782 1900 spinis
2811 1836 2896 1884 est
2925 1835 3245 1884 coronatus.
3266 1890 3274 1897 .
3297 1827 3669 1913 lgnominiose

374 1905 477 1958 οὐκ
508 1900 789 1972 ἐλογίσθη.
832 1919 850 1952 ι
892 1898 1239 1970 Ἐτυπτήθης
1293 1898 1401 1951 ὑπὸ
1439 1897 1656 1969 χειρός;
1697 1896 1837 1950 ἀλλὰ
1877 1896 1972 1951 καὶ

2077 1919 2297 1975 habitus
2347 1920 2454 1975 es?
2509 1920 2605 1976 sed
2632 1896 2688 1976 et
2713 1920 2971 1976 Christus
3018 1921 3216 1978 illusus
3247 1896 3375 1976 est:
3406 1906 3667 1993 quodque

378 1996 614 2067 Χριστὸς
643 1992 974 2066 ἐρραπίσθη.
1027 1992 1122 2045 καὶ
1158 1990 1395 2061 καλάμῳ
1443 1990 1540 2061 τὴν
1575 1989 1818 2061 κεφαλὴν
1849 1990 1971 2043 ἐτυ-

314 2066 343 2093 .
377 2066 582 2161 πτὴθη.
616 2084 1080 2158 Ἐμαστιγώθης;
1115 2084 1252 2139 ἀλλὰ
1307 2084 1404 2138 καὶ
1436 2084 1670 2154 Χριστὸς
1700 2083 1973 2155 ὲφραγελ-

378 2180 549 2249 λώθη.
591 2175 1027 2246 Ἐκολαςρίσθηςς
1069 2173 1211 2229 oss
1237 2175 1474 2244 Χριστὸς
1497 2176 1591 2227 καὶ
1625 2172 1968 2244 ἐσταυρώθη,

382 2273 742 2342 διορυγέντων
777 2267 944 2322 αὐτοῦ
975 2268 1083 2322 τῶν
1122 2268 1324 2339 χειρῶν
1372 2267 1467 2320 καὶ
1495 2267 1606 2327 τῶν
1657 2266 1834 2320 ποδῶν
1861 2268 1972 2330 τοῖς

386 2368 558 2438 ἥλοις.
584 2365 690 2419 Καὶ
732 2364 793 2416 οὐ
842 2361 1002 2415 τοῦτο
1057 2361 1254 2432 μόνον·
1284 2360 1423 2414 ἀλλὰ
1476 2360 1570 2414 καὶ
1611 2358 1968 2430 σταυρωθεὶςε,

390 2459 526 2529 ὑπὲρ
548 2457 650 2511 τῶν
683 2454 1064 2526 σταυρούντων
1091 2452 1315 2526 ηὔχετο.
1345 2452 1518 2505 Πόσον
1549 2451 1776 2512 ἐκείνων
1798 2450 1973 2506 ταῦτα

385 2548 696 2619 βαρύτεραι
737 2549 909 2604 Πόσον
969 2547 1039 2600 τὰ
1073 2545 1165 2601 τοῦ
1225 2544 1461 2616 Χριστοῦ
1519 2544 1629 2598 τῶν
1684 2545 1973 2615 ἡμετέρων

381 2643 763 2714 ἀφορητότερα
813 2642 907 2696 καὶ
938 2639 1273 2712 δριμύτεραὲ
1300 2641 1413 2693 Οὐκ
1450 2638 1566 2692 ἔστι
1613 2639 1723 2691 τῶν
1752 2639 1976 2708 γεγονό-

381 2754 489 2789 των
516 2736 687 2797 οὐδὲν,
716 2735 819 2789 οὐκ
857 2734 1027 2798 ἐστιν,
1066 2733 1094 2786 ὃ
1142 2735 1257 2797 τοῖς
1312 2731 1557 2803 Χριστοῦ
1610 2732 1974 2804 συγκρὶνηται

383 2829 604 2883 πάθεσι.
631 2827 714 2881 Τὰ
759 2827 859 2898 μὲν
893 2827 1002 2897 γὰρ
1033 2827 1296 2897 ἡμέτερα,
1328 2826 1404 2889 ὡς
1449 2825 1574 2879 λίαν
1634 2825 1849 2896 εὐτελῆ,
1882 2825 1977 2879 καὶ

380 2925 556 2983 οὐδὲν.
577 2924 658 2977 ὅτι
696 2923 769 2994 μὴ
800 2921 942 2992 πλὴν
967 2919 1274 2992 ἀνθρώπων
1318 2918 1663 2988 ἁμαρτωλῶν
1715 2920 1812 2973 καὶ
1846 2920 1979 2992 θνηξ

382 3017 513 3080 τῶν,
545 3014 642 3068 καὶ
674 3015 779 3067 ὑπὸ
799 3011 1009 3085 τροπὴν
1039 3011 1230 3071 ὄντων.
1264 3013 1359 3065 καὶ
1381 3010 1619 3080 γένεσιν,
1655 3011 1752 3064 καὶ
1784 3010 1978 3082 προαί-

2073 2012 2151 2066 ait
2180 2012 2399 2067 Isaias:
2444 2030 2470 2063 ο
2498 2010 2871 2083 lgnominiose
2922 2012 3143 2068 habitus
3192 2021 3299 2080 cst,
3343 2022 3400 2069 et
3449 2030 3560 2069 non
3590 2030 3670 2070 re-

2073 2115 2299 2177 putatus
2333 2118 2394 2161 πη.
2447 2125 2464 2157 ι
2499 2106 2661 2160 Manu
2719 2092 3035 2177 vapulasti?
3089 2107 3185 2162 sed
3233 2114 3288 2162 et
3321 2106 3578 2163 Christus
3608 2108 3664 2162 in

2076 2199 2271 2253 faciem
2306 2215 2483 2255 caesus
2536 2205 2643 2265 est,
2674 2199 2919 2271 ejusque
2948 2211 3115 2271 caput
3146 2201 3365 2256 calamo
3408 2201 3515 2255 fuit
3544 2219 3668 2271 pcr-

2074 2306 2322 2346 cussnm.
2375 2291 2636 2363 Flagellis
2699 2308 2879 2349 caesus
2910 2293 3017 2348 es?
3050 2293 3146 2350 sed
3194 2304 3247 2349 et
3277 2293 3536 2350 Christus
3565 2294 3670 2348 fuit

2075 2384 2405 2457 ﬂagellatus.
2463 2386 2727 2458 Colaphis
2798 2397 3066 2459 exceptus
3113 2389 3216 2444 es?
3255 2389 3511 2455 Christus
3537 2405 3668 2446 vero

2074 2480 2242 2533 etiam
2303 2478 2628 2545 cruciﬁxus,
2687 2479 2862 2536 clavis
2908 2480 3027 2552 ejus
3057 2482 3316 2547 manibus
3353 2492 3408 2539 et
3437 2484 3671 2555 pedibus

2077 2569 2243 2645 fossis
2267 2587 2280 2623 :
2307 2586 2408 2626 nec
2438 2571 2492 2626 id
2530 2580 2767 2641 tantum;
2802 2573 2898 2629 sed
2925 2584 2981 2630 et
3013 2576 3208 2631 allixus
3226 2576 3405 2645 cruci,
3432 2591 3532 2646 pro
3554 2576 3672 2632 atii.-

2075 2661 2330 2732 gentibus
2346 2661 2723 2731 oravit.Quam
2749 2665 2867 2721 haec
2896 2665 3004 2722 illis
3027 2668 3281 2740 graviora
3299 2669 3315 2723 ι
3334 2668 3505 2734 Quam
3522 2669 3677 2725 Chri-

2077 2753 2148 2808 sti
2168 2755 2469 2819 cruciatus,
2490 2756 2697 2812 nostris
2714 2756 3182 2828 importabiliores
3215 2758 3640 2831 acerbioresque
3658 2762 3673 2815 ι

2076 2845 2234 2902 Nihil.
2253 2848 2413 2918 plane
2441 2864 2632 2904 eorum
2664 2866 2789 2922 quae
2814 2850 3005 2922 gravia
3036 2867 3283 2923 unquam
3321 2852 3671 2929 acciderunt,

2079 2939 2283 2995 Christi
2318 2942 2678 3011 passionibus
2708 2944 3023 3015 comparari
3057 2952 3261 3015 potest.
3292 2942 3515 3001 Nostra:
3545 2962 3675 3017 pas-

2081 3030 2265 3085 siones
2291 3039 2351 3084 ut
2382 3032 2514 3102 quid
2544 3032 2701 3089 valde
2723 3033 2915 3105 exigui
2951 3034 3241 3099 momenti,
3276 3025 3477 3106 resque
3509 3036 3677 3091 nihili

387 3126 538 3180 ρεσιν
571 3108 652 3141 ³⁸⁸
676 3106 745 3160 τὰ
766 3107 823 3161 δὲ
843 3105 1085 3178 Χριστοῦ
1111 3104 1300 3176 ἡλίκον
1324 3104 1678 3175 ἀσυγκρίτως
1716 3103 1972 3176 ὑπερέχει

2080 3120 2347 3176 habendae
2369 3129 2523 3188 sunt,
2557 3121 2782 3194 quando
2806 3103 3196 3181 tantummodo
3231 3125 3348 3183 sint
3384 3103 3674 3185 hominum

342 3202 349 3207 ’
378 3202 493 3257 τῶν
528 3200 816 3273 ἡμετέρων
846 3199 1023 3263 οὐδεὶς
1049 3198 1116 3253 ἄν
1155 3215 1241 3261 τις
1274 3196 1529 3268 ἀφίκοιτο
1561 3197 1738 3266 λόγος.
1773 3198 1972 3252 Δεσπό-

2085 3221 2440 3284 peccatorum
2536 3223 2701 3286 atque
2779 3216 3119 3284 mortalium,
3219 3233 3523 3291 eorumque
3582 3221 3676 3290 qui

383 3313 480 3350 του
500 3297 610 3366 γὰρ
638 3294 1018 3359 ἁδασιλεύτου,
1048 3291 1187 3345 Θεοῦ
1220 3291 1637 3362 ὰναμαρτήτου,
1659 3292 1796 3345 Θεοῦ
1826 3292 1983 3361 ἀτρὲ-
2011 3291 2053 3313 “

386 3407 543 3453 πτου,
576 3389 867 3453 ἀθανάτου,
911 3407 929 3439 ι
968 3386 1100 3458 παρ’
1202 3386 1303 3438 οὒκ
1340 3384 1456 3438 ἐστι
1494 3385 1828 3458 παραλλαγὴ
1857 3387 1984 3440 οὐδὲ

383 3483 597 3554 τροπῆς
627 3482 1010 3551 ἀποσκίασμα.
1055 3498 1071 3530 ν
1112 3479 1223 3532 Καὶ
1252 3478 1379 3548 μὴν,
1414 3480 1462 3532 εἰ
1491 3480 1589 3531 καὶ
1623 3498 1641 3531 ι
1672 3478 1773 3543 τὰς
1806 3481 1987 3552 ἁμαρ-

385 3577 508 3639 τίας
534 3575 693 3645 ἡμῶν
725 3573 894 3644 αἴρει,
943 3571 1038 3625 καὶ
1082 3571 1215 3641 περὶ
1269 3570 1427 3639 ἡμῶν
1477 3570 1774 3625 ὀδυνᾶται·
1816 3591 1834 3624 ι
1869 3571 1986 3625 ἀλλ’

2090 3305 2384 3361 mutationi
2474 3307 2828 3379 suhjaceant,
2877 3319 3328 3382 generenturque
3393 3319 3450 3367 et
3508 3311 3676 3379 inter:

2086 3407 2213 3452 eaut
2245 3396 2395 3469 (B7);
2429 3414 2597 3470 quam
2653 3415 2785 3456 vero
2811 3401 3018 3456 Christi
3044 3402 3337 3472 passiones
3368 3403 3505 3467 citra
3534 3417 3680 3458 com-

2084 3490 2424 3560 parationem
2482 3501 2701 3549 nostras
2756 3502 3034 3564 superent,
3101 3494 3249 3549 nulla
3280 3494 3456 3566 possit
3501 3496 3679 3550 oratio

2085 3580 2329 3651 assequi.
2385 3582 2602 3655 Quippe
2668 3583 2890 3649 Domini
2946 3593 3077 3639 sunt
3135 3584 3430 3650 liberrimi,
3491 3585 3585 3641 Dei
3620 3585 3679 3641 iu

393 3691 412 3723 ς
445 3668 726 3742 ἁμαρτίαν
763 3666 861 3738 μὲν
889 3664 1055 3728 αὐτὸς
1081 3664 1183 3717 οὐκ
1210 3663 1490 3734 ἐποίησεν,
1534 3664 1657 3718 οὐδὲ
1694 3664 1847 3729 δόλος
1891 3667 1972 3720 εὑ-

2090 3687 2254 3742 qnem
2290 3682 2576 3741 peccatum
2634 3688 2746 3728 non
2772 3674 2940 3739 cadit,
2993 3673 3084 3729 Dci
3137 3674 3520 3742 immutabilis,
3572 3676 3679 3730 im-

391 3763 526 3836 ρέθη
566 3763 623 3814 ὲν
650 3758 727 3830 τῷ
764 3757 995 3827 στόματι
1020 3754 1208 3810 αὑτοῦ.
1247 3774 1265 3806 ι
1304 3783 1372 3795 —-—
1410 3774 1429 3806 ‹
1461 3756 1786 3829 Δικαιοσύνη
1826 3776 1843 3809 ι
1874 3758 1972 3828 γὰρ

2092 3762 2366 3829 mortalis,
2433 3781 2453 3815 ι
2518 3763 2664 3835 apud
2728 3780 2893 3835 quem
2955 3780 3063 3820 non
3116 3772 3217 3820 est'
3254 3767 3675 3833 transmutatio,

386 3854 507 3918 ὅλος
540 3852 677 3919 ἐστὶ,
723 3870 742 3903 ι
781 3853 877 3904 καὶ
908 3847 1204 3919 ἁγιασμὸς,
1246 3847 1342 3902 καὶ
1374 3844 1780 3918 ἀπολύτρωσις,
1822 3868 1839 3899 ι
1885 3851 1972 3902 καὶ

2090 3867 2190 3908 nec
2212 3853 2618 3912 vicissitudinis
2643 3855 2997 3912 obumbratio
3024 3864 3071 3911 ιι.
3111 3874 3130 3909 ι
3164 3854 3311 3913 Sane
3334 3873 3464 3913 vero
3492 3874 3678 3929 quam-

374 3939 572 4018 ’πάσης
601 3945 802 4015 ἐλατὴρ
839 3942 1137 4014 ἁμαρτίας.

2088 3960 2256 4017 quam
2291 3965 2311 3999 ι
2343 3948 2488 4005 tollit
2529 3956 2757 4019 peccata
2804 3957 3022 4017 nostra,
3057 3960 3114 4006 et
3146 3961 3245 4017 pro
3265 3949 3425 4007 nobis
3449 3946 3625 4012 dolet;
3658 3969 3695 4003 ν

391 4046 511 4116 ipse
568 4042 937 4098 nihilominus
968 4058 987 4091 ι
1021 4046 1312 4108 peccatum
1355 4052 1465 4092 non
1500 4036 1652 4106 fecit,
1690 4054 1872 4110 neque
1911 4040 2077 4098 dolus
2134 4043 2398 4100 inventus
2447 4052 2530 4101 est
2567 4045 2623 4100 in
2674 4060 2773 4101 ore
2838 4044 2961 4117 ejus
2983 4054 3025 4104 °.
3063 4064 3082 4099 ι
3157 4044 3334 4101 Totus
3399 4044 3675 4117 siquidem

394 4158 414 4193 ι
435 4139 676 4212 iustitia,
709 4134 1094 4198 sanctiﬁcatio,
1114 4144 1168 4189 et
1188 4133 1497 4204 redemptio
1529 4145 1572 4198 ρ,
1616 4153 1634 4186 ι
1670 4136 1966 4208 omnisque
2005 4140 2214 4208 peccati
2238 4141 2504 4211 depulsor
2520 4148 2626 4200 est.

462 4238 609 4305 Ὅρα
638 4232 817 4288 τοίνυν
844 4232 917 4286 τὰ
944 4230 1038 4285 τοῦ
1073 4228 1336 4302 Χριστοῦ,
1369 4228 1481 4283 τῶν
1528 4230 1817 4303 ἡμετέρων
1852 4234 1972 4288 ὅσον

2148 4233 2285 4291 Vide
2304 4237 2488 4308 itaque
2506 4254 2669 4309 quam
2691 4239 2832 4294 mala
2855 4237 3065 4296 Christi
3084 4250 3272 4311 nostra
3297 4246 3678 4309 exsuperent:

391 4329 506 4401 ἔχει
534 4326 658 4383 καθ’
686 4325 965 4397 ὑπεροχὴν
996 4324 1060 4377 τὸ
1096 4324 1384 4394 διάφορον·
1419 4324 1512 4376 καὶ
1538 4322 1612 4394 μὴ
1650 4323 1844 4379 σκόπει
1884 4326 1972 4380 τοῦ

2081 4342 2147 4407 ac
2174 4343 2243 4383 ne
2274 4329 2550 4400 passionis
2575 4329 3010 4402 magnitudinem
3037 4341 3252 4402 specta,
3287 4329 3384 4386 sed
3415 4331 3677 4401 patientis

388 4423 600 4484 πάθους
633 4420 694 4474 τὺ
739 4419 995 4491 μέγεθος,
1053 4416 1189 4471 ἁ).λὰ
1251 4415 1417 4485 φοϐοῦ
1472 4416 1534 4470 τὸ
1571 4417 1666 4471 τοῦ
1719 4419 1972 4483 παθόντος

2085 4420 2223 4477 time
2291 4421 2637 4493 dignitatem.
2692 4422 2962 4480 Transfer
3006 4424 3103 4479 illo
3158 4424 3428 4493 animum.
3486 4421 3679 4494 Cogita

389 4511 633 4581 ἀξίωμα.
664 4510 815 4563 Ἐκεῖ
830 4527 925 4562 σου
955 4508 1329 4580 παράπεμψον
1357 4507 1455 4579 τὴν
1482 4509 1741 4574 διάνοιαν.
1766 4510 1972 4584 Ἐννόη‹

2089 4523 2361 4586 quantum
2419 4518 2628 4573 referat
2653 4518 2843 4574 videre
2877 4518 3164 4590 hominem
3198 4532 3399 4590 purum
3434 4516 3680 4589 penden-

393 4622 485 4659 σον
521 4605 646 4657 ὅσον
681 4601 801 4656 ἐστὶ
839 4600 995 4672 ψιλὸν
1025 4601 1314 4672 ἄνθρωπον
1348 4601 1478 4672 ὀρᾷν
1516 4601 1678 4674 ῐκρξῳ
1703 4604 1972 4675 κρεμάμε-

2096 4616 2260 4664 teme
2293 4610 2567 4680 patibulo,
2633 4622 2689 4667 et
2740 4610 2914 4668 Deum
2945 4610 3192 4681 aspicere
3221 4611 3375 4669 cruci
3437 4610 3681 4675 aﬂixum,

394 4712 505 4763 νον,
531 4695 626 4750 καὶ
664 4694 798 4748 Θεὸν
840 4692 1076 4764 σταυροῦ
1085 4711 1246 4765 μενον
1274 4692 1515 4765 βλέπειν,
1549 4694 1826 4749 καὶτοῦτο
1850 4696 1972 4768 μετᾶ

2093 4698 2262 4769 idque
2318 4700 2557 4756 medium
2619 4701 2924 4756 latronum.
2994 4699 3185 4772 Cogita
3242 4701 3372 4775 quis
3433 4715 3679 4772 unquam

395 4785 632 4860 λῃστῶν.
680 4785 964 4857 Ἐννόησον
991 4785 1079 4849 τις
1099 4784 1406 4859 ἀνθρώπων
1432 4785 1607 4840 εἵλετό
1625 4788 1744 4840 ποτ’
1764 4787 1830 4841 ἂν
1859 4788 1972 4842 ὑπο·

2093 4791 2225 4844 talia
2293 4791 2577 4847 sustinere
2632 4792 2897 4858 voluerit,
2961 4794 3147 4862 qualia
3177 4791 3433 4863 Christus
3477 4799 3679 4864 sponte

397 4881 612 4951 στῆναι,
649 4874 740 4933 οἷα
773 4879 893 4932 τότε
926 4878 1164 4951 Χριστὸς
1190 4877 1432 4932 ἐθελοντὶ
1450 4874 1555 4950 ἦκε
1578 4878 1741 4950 δεῦρο
1773 4880 1968 4936 παθεῖν

2094 4896 2361 4953 passurus
2395 4882 2449 4937 in
2478 4884 2749 4939 mundum
2781 4882 2958 4939 venit.
2989 4882 3227 4951 Quando
3256 4892 3439 4939 autem
3474 4898 3680 4953 passu-

396 4973 508 5026 Καὶ⁸
528 4971 705 5027 ταῦτα
729 5012 745 5038 ,
778 4970 942 5036 πότε;
979 4971 1137 5024 Μετὰ
1174 4970 1274 5033 τὰς
1322 4970 1674 5042 θεοσημείας,
1717 4972 1857 5043 μετὰ
1893 4973 1972 5036 τὰς

2090 4974 2227 5030 rus?
2277 4974 2410 5031 Post
2455 4977 2642 5032 divina
2673 4977 2855 5050 signa,
2911 4985 3040 5051 post
3092 4976 3384 5043 sanitates,
3433 4983 3560 5048 post
3596 4976 3678 5030 in.

400 5065 597 5132 ἰάσεις,
641 5068 781 5137 μετὰ
811 5064 913 5129 τὰς
942 5065 1218 5137 ἁῤῥήτους
1249 5064 1464 5129 ὲκείνας
1500 5066 1610 5120 τῶν
1649 5066 1821 5121 νόσων
1854 5070 1972 5123 ἀπο

2092 5065 2313 5123 auditas
2357 5067 2482 5123 illas
2535 5068 2861 5124 morborum
2915 5067 3290 5138 depulsiones,
3331 5074 3457 5140 post
3492 5080 3680 5121 sacra-

397 5156 648 5229 πομπὰς,
675 5157 813 5228 μετὰ
847 5156 946 5229 τὴν
982 5155 1092 5210 τῶν
1128 5154 1444 5227 μυστηρίων
1474 5157 1797 5227 παράδοσιν,
1845 5160 1972 5231 μετὰ

2093 5172 2277 5223 menta
2321 5164 2526 5220 tradita
2554 5206 2570 5232 ,
2638 5173 2766 5236 post
2811 5164 3078 5220 beneficia
3130 5163 3336 5235 quibus
3392 5176 3676 5233 numquam

470 5343 514 5373 ω
541 5327 659 5390 Jac.
682 5349 723 5399 ι,
769 5333 859 5387 17.
936 5339 965 5369 ιι
990 5329 1096 5388 lsa.
1134 5347 1254 5396 Lm,
1279 5331 1397 5386 4-9.
1476 5339 1502 5368 ο
1544 5332 1719 5389 lCor.
1766 5331 1805 5395 i.
1835 5336 1928 5391 50.

869 5517 875 5523 ,
1680 5452 1918 5510 vanus
1962 5452 2371 5541 LECTlONES.

505 5552 551 5585 δα
582 5552 724 5589 [βαρ
754 5552 938 5589 ιηῆἷκιυ
1940 5565 1948 5572 '

579 5552 724 5624 Lege
754 5551 955 5621 φθίσιν.
1940 5565 1948 5572 ·

1676 5641 2070 5699 COliBEFlSll
2135 5644 2369 5700 NOT/E.

474 5735 588 5804 ('57)
626 5733 699 5812 ‘Et
749 5736 1031 5812 intereant.
1093 5735 1538 5812 Legimnsvulut
1590 5746 1737 5812 esset
1776 5736 1980 5812 (pg-Inv.
2095 5739 2360 5812 ltilitzitem
2386 5739 2717 5812 exprimere.
2753 5745 3043 5812 etnaturae
3068 5747 3122 5812 et
3155 5738 3446 5811 propositi,
3477 5740 3531 5797 in
3568 5756 3675 5812 qua

404 5805 520 5860 Non
550 5808 696 5860 enim
738 5808 1029 5861 antithesis
1074 5815 1281 5875 patitur
1330 5808 1407 5865 τὸ,
1442 5807 1784 5877 προαίρεσιν.
1819 5805 1982 5859 Fmtc
2093 5809 2367 5865 inﬁnitum
2399 5805 2670 5866 distamus
2712 5825 2739 5862 ει
2775 5809 2996 5865 Christo
3019 5820 3071 5866 et
3097 5805 3228 5867 Deo.

402 5877 601 5933 desunt
632 5878 837 5947 aliqua,
864 5888 920 5930 ut
975 5878 1205 5931 volucrit
1255 5887 1445 5931 auctor
1473 5886 1649 5930 utram
1672 5893 1760 5947 {ne
1797 5886 1979 5932 muta-
