4012 6446
373 419 511 487 1013

370 626 749 699 θυμούμενος;
783 627 867 681 ὅτι
922 628 995 698 μὴ
1056 628 1124 682 δι’
1175 627 1370 681 ἑαυτὸν
1420 627 1647 691 ἔπαθεν,
1678 629 1794 683 ἀλλ’
1826 631 1961 683 ὑπο-

369 718 636 792 γραμμὸν
661 720 756 774 παὶ
780 721 943 790 ὅρους
964 719 1138 783 τιθεὶς
1160 719 1413 789 ἀνδρείας
1436 720 1530 774 καὶ
1554 720 1958 789 ταπεινώσεως,

368 814 439 868 ἶν’
469 815 527 867 ὲν
560 812 752 885 μηδενὶ
776 812 888 865 τῶν
923 811 1165 882 ἀνιαρῶν
1199 812 1666 884 καταπίπτωμεν.

443 970 579 1026 Τίνα
598 970 840 1041 τρόπονς
876 971 1006 1026 Δότε
1041 990 1131 1042 μοι
1154 972 1254 1043 τὴν
1283 972 1474 1043 ἀκοὴν,
1503 974 1591 1027 ἵνα
1618 974 1816 1044 συνῆτε
1855 976 1965 1030 τῶν

370 1063 683 1135 λεγομένων
721 1064 819 1134 τὴν
867 1063 1119 1134 δύναμιν.
1176 1065 1560 1136 Ἐλοιδορήθης
1607 1066 1748 1138 πρός
1783 1085 1961 1136 τινος;

374 1153 452 1225 μὴ
479 1155 805 1222 ἀγανάκτει.
841 1154 951 1213 Καὶ
978 1154 1088 1227 γὰρ
1119 1157 1214 1208 καὶ
1235 1157 1264 1209 ὁ
1284 1157 1520 1228 Χριστὸς
1562 1158 1842 1228 Δεσπότης
1888 1158 1964 1213 ῶν

371 1251 471 1303 καὶ
520 1232 673 1315 Θεὸς,
708 1248 930 1304 καὶτοῦ
960 1249 1158 1302 παθεῖν
1208 1248 1560 1321 ὑψηλότερος,
1615 1250 1716 1305 οὐκ
1767 1251 1966 1306 ἐλοιδοο

373 1341 518 1413 ρήθη
551 1341 733 1413 μόνον,
760 1340 898 1396 ἀλλὰ
919 1340 1015 1395 καὶ
1037 1341 1369 1414 ὲμαστίχθη.
1413 1341 1710 1415 Ὑϐρίσθης
1731 1344 1835 1396 ὑπὸ
1868 1343 1963 1399 τοῧ

370 1434 577 1500 πέλαςς
605 1433 745 1487 ἀλλά
783 1434 880 1487 και
904 1433 1192 1503 ὁΧριστδς
1217 1434 1551 1506 ὲρῤαπίσθη·
1598 1436 1962 1507 meme“;

368 1527 495 1582 ἀλλ’
523 1528 686 1591 αὐτὸς
717 1529 809 1581 καὶ
843 1527 1181 1598 ἀνεπτύσθη,
1211 1529 1309 1581 καὶ
1355 1528 1523 1603 χλεὺῃ
1571 1529 1799 1596 χλαῖναν
1834 1530 1964 1599 ἐφό-

373 1637 525 1692 ρεσε.
561 1620 683 1673 Τῶν
703 1618 912 1690 τριχῶν
938 1619 1319 1689 κατεσχέθηςς
1353 1620 1491 1675 ἀλλὰ
1523 1622 1769 1693 Χριστὸς.
1793 1623 1964 1677 ἀκάν-

369 1712 496 1779 θαις
538 1711 922 1783 ἐστεφανώθη.
989 1713 1372 1783 Ἠτιμάσθηςς
1421 1713 1556 1767 ἀλλὰ
1592 1715 1688 1768 καὶ
1728 1715 1964 1787 Χριστὸς

367 1801 702 1872 ἐνεπαίχθη·
734 1794 1072 1872 καὶὸφησιν
1115 1803 1343 1867 Ἡσαΐας
1371 1821 1385 1835 ο
1447 1824 1466 1857 ι
1521 1805 1826 1877 ’ῌτιμάσθη
1866 1807 1965 1860 καὶ

366 1896 469 1948 οὐκ
500 1893 779 1966 ἐλογίσθη.
823 1913 842 1946 ι
884 1893 1230 1966 Ἐτυπτήθης
1285 1896 1393 1949 ὖπδ
1431 1897 1648 1967 χειρόςς
1688 1897 1827 1951 ἀλλά
1868 1899 1964 1952 καὶ
1995 1901 2036 1956 Β
2068 1923 2288 1980 habitus
2339 1926 2445 1981 es?

367 1988 605 2058 Χριστὸς
634 1986 965 2059 ὲρραπίσθη.
1018 1988 1113 2041 καὶ
1149 1987 1385 2060 καλάμῳ
1434 1989 1531 2060 τὴν
1566 1990 1809 2062 κεφαλὴν
1840 1991 1962 2045 ἐτυ-

367 2081 573 2152 πτήθη.
607 2080 1070 2152 Ἐμαστιγώθηςς
1105 2080 1243 2135 ἀλλὰ
1298 2083 1395 2135 καὶ
1425 2084 1661 2153 Χριστὸς
1689 2084 1963 2156 separe).-

366 2170 537 2240 λὼθη.
581 2169 1017 2241 Ἐκολαφίσθηςς
1059 2169 1200 2225 Ὀιδὲ
1227 2173 1463 2242 Χριστὸς
1487 2175 1580 2226 καὶ
1614 2173 1958 2247 ἐσταυρώθη,

367 2263 731 2334 διορυγέντων
766 2262 933 2316 αὐτοῦ
963 2264 1071 2317 τῶν
1111 2265 1314 2335 χειρῶν
1361 2265 1595 2325 καὶτῶν
1646 2267 1823 2320 ποδῶν
1850 2270 1961 2332 τοῖς

368 2359 540 2430 ἥλοις.
567 2358 678 2413 Καὶ
721 2357 782 2410 οὐ
829 2356 990 2410 τοῦτο
1044 2357 1243 2428 μόνον’
1272 2357 1411 2411 ἀλλὰ
1464 2360 1559 2412 καὶ
1599 2360 1956 2430 σταυρωθεὶς,

373 2450 510 2521 ὑπὲρ
531 2450 636 2504 τῶν
670 2449 1051 2520 σταυροῦντων
1078 2448 1302 2522 ηὔχετο.
1332 2450 1505 2504 Πόσον
1535 2451 1762 2511 ἐκείνων
1785 2452 1960 2507 ταῦτα

371 2540 682 2611 βαρύτεραι
723 2542 896 2597 Πόσον
956 2542 1025 2595 τὰ
1059 2542 1152 2596 τοῦ
1210 2543 1447 2613 Χριστοῦ
1504 2544 1615 2597 τῶν
1671 2546 1959 2616 ἡμετέρων

367 2634 749 2707 ἀφορητότερα
799 2636 893 2690 καὶ
924 2634 1226 2706 δριμύτερα
1248 2636 1259 2689 !
1285 2639 1398 2690 Οὖκ
1435 2636 1552 2691 ἔστι
1598 2639 1708 2691 τῶν
1737 2641 1961 2708 γεγονός-

367 2745 475 2781 των
502 2728 672 2789 οὐδὲν,
701 2729 804 2782 οὐκ
841 2728 1012 2793 ἔστιν,
1051 2728 1079 2782 ὃ
1127 2731 1242 2793 τοῖς
1297 2730 1541 2801 Χριστοῦ
1594 2732 1959 2805 συγκρίνηται

369 2820 590 2875 πάθεσι.
617 2819 699 2874 Τὰ
744 2821 844 2892 μὲν
877 2821 986 2892 γὰρ
1017 2822 1280 2893 ἡμέτερα,
1312 2823 1389 2887 ὡς
1434 2823 1557 2879 λίαν
1618 2826 1833 2897 εὐτελῆ,
1866 2827 1961 2881 καὶ

366 2915 541 2976 οὐδὲν,
564 2915 644 2968 ὅτι
681 2916 754 2986 μὴ
784 2915 925 2986 πλὴν
950 2915 1257 2988 ἀνθρώπων
1301 2918 1647 2987 ἁμαρτωλῶν
1699 2922 1795 2974 καὶ
1829 2920 1960 2995 θνηγ

366 3007 498 3070 τῶν,
530 3006 627 3060 καὶ
658 3007 763 3060 ὑπὸ
783 3007 991 3078 τροπὴν
1022 3006 1212 3067 ὄντων.
1246 3010 1342 3061 καὶ
1364 3008 1601 3077 γένεσιν,
1638 3012 1735 3064 καὶ
1767 3011 1961 3083 προαί-

369 3116 522 3170 ρεσιν
554 3099 635 3133 ’⁸ο
659 3100 728 3153 τὰ
748 3101 805 3154 δὲ
826 3101 1065 3172 Χριστοῦ
1093 3101 1282 3172 ἡλίκον
1307 3103 1660 3174 ἀσυγκρίτως
1698 3104 1960 3177 ὑπερέχει

323 3190 476 3247 ’.τῶν
510 3193 797 3264 ἡμετέρων
827 3194 1005 3258 οὐδεὶς
1030 3193 1097 3248 ἄν
1137 3211 1223 3257 τις
1255 3194 1510 3265 ἀφίκοιτο
1543 3196 1719 3267 λόγος.
1753 3200 1961 3254 Δεσπό-

361 3304 460 3341 του
482 3288 590 3358 γὰρ
618 3288 999 3354 ἁόασιλεύτου,
1026 3287 1169 3340 Θεοῦ
1200 3284 1617 3360 ἀναμαρτήτου,
1641 3291 1777 3346 Θεοῦ
1806 3294 1964 3363 άτρὲ·

361 3397 524 3443 πτου,
557 3381 847 3446 ἀθανάτου,
891 3401 910 3433 ι
949 3382 1080 3453 παρ’
1182 3383 1283 3434 οὒκ
1321 3381 1437 3436 ἔστι
1474 3384 1807 3458 παραλλαγὴ
1837 3388 1964 3442 οὐδὲ

358 3474 577 3545 τροπῆς
607 3475 990 3545 ἀποσκίασμα.
1035 3493 1050 3525 ι
1092 3475 1203 3527 Καὶ
1232 3474 1359 3545 μὴν,
1394 3478 1441 3530 ει
1471 3478 1567 3529 καὶ
1602 3497 1619 3529 ι
1650 3478 1752 3543 τὰς
1784 3482 1967 3554 ἁμαρ-

359 3567 488 3629 τίας
514 3566 672 3636 ἡμῶν
705 3566 873 3637 αἴρει,
923 3565 1017 3619 καὶ
1061 3567 1194 3638 περὶ
1248 3567 1406 3636 ἡμῶν
1456 3567 1751 3625 ὀδυνᾶται·
1794 3592 1812 3624 ι
1848 3572 1965 3627 ἀλλ’

366 3681 386 3714 ι
421 3660 704 3732 ἁμαρτίαν
741 3659 840 3730 μὲν
868 3659 1033 3723 αὐτὸς
1059 3660 1161 3713 οὐκ
1188 3660 1468 3731 ἐποίησεν,
1513 3663 1634 3716 οὐδὲ
1671 3663 1824 3729 δόλος
1868 3668 1962 3721 εὑ-

361 3752 504 3825 ρέθη
543 3753 601 3805 ὲν
628 3750 705 3822 τῷ
743 3751 973 3821 στόματι
998 3750 1187 3806 αὑτοῦ.
1224 3771 1242 3802 ι
1282 3780 1350 3792 -—
1389 3772 1411 3803 ι
1439 3755 1763 3829 Δικαιοσύνη
1802 3776 1820 3810 ι
1851 3759 1963 3830 γὰρ

355 3844 485 3908 ὅλος
517 3844 654 3910 ἐστὶ,
701 3861 720 3896 ι
759 3846 854 3897 καὶ
885 3843 1181 3914 ἁγιασμὸς,
1223 3845 1319 3899 καὶ
1351 3841 1755 3917 ἀπολύτρωσις,
1798 3868 1816 3899 ›
1861 3853 1958 3905 καὶ

341 3929 548 4009 ’πάσης
577 3936 780 4007 ἐλατὴρ
816 3937 1113 4007 ἁμαρτίας.

1528 423 1607 482 IN
1638 423 1894 482 BADIUS
1922 422 2372 485 ΡΑΙᾹΙΑΒΗΜ.
2434 414 2435 421 “

3519 437 3655 506 10H

371 535 569 590 παθεῖν
600 532 670 587 δι’
720 533 884 586 αὐτὸν
928 532 1168 600 ἑλέσθαι,
1200 512 1302 588 ὅσα
1330 532 1493 598 αὐτὸς
1525 535 1592 588 δι’
1640 537 1788 604 ἡμᾶς
1828 552 1961 605 προ-

2068 536 2239 603 gratia
2278 537 2388 606 pati
2411 537 2642 610 eligens,
2675 543 2861 615 si‘qna
2912 545 3001 603 ille
3033 547 3320 611 hominum
3354 565 3523 608 causa
3550 569 3657 608 cu-

2065 624 2237 694 pienti
2259 627 2444 683 animo
2464 645 2662 699 passus
2679 634 2792 690 est?
2805 634 2922 690 Non
2942 638 3086 693 enim
3110 645 3195 695 est
3214 656 3414 711 passus
3433 651 3656 715 propter

2067 718 2337 790 seipsum,
2368 723 2462 777 sed
2486 726 2799 795 exemplum
2826 730 2989 785 nobis
3013 730 3359 806 formamque
3383 737 3652 793 adhibens

2070 811 2411 869 fortitudinis
2443 830 2509 870 ac
2559 816 2912 889 humilitatis,
2953 833 3011 877 ut
3044 825 3310 898 quidquid
3354 816 3651 885 inolestuzn

2067 905 2358 970 acciderit,
2390 922 2498 961 non
2525 910 2725 965 animis
2755 913 3139 972 concidamus.

2137 997 2255 1064 Qua
2312 997 2376 1053 id:
2430 990 2686 1057 ratione?
2737 1004 2867 1060 Mihi
2917 994 3109 1063 aurem
3155 1016 3652 1078 accnnnnmlate,ttt

2066 1108 2257 1149 eorum
2291 1109 2415 1164 quae
2443 1095 2707 1154 dicuntur
2753 1100 2869 1167 vim
2915 1107 3331 1178 perspexerilis.
3382 1106 3508 1163 Tibi
3550 1110 3654 1163 ali-

2066 1185 2194 1255 quis
2245 1197 2330 1241 est
2376 1190 2757 1248 eonvitiatns?
2797 1210 2865 1249 ne
2898 1196 3223 1269 indigneris.
3246 1199 3381 1255 Nam
3410 1209 3464 1256 et
3501 1201 3652 1259 Chri-

2069 1287 2210 1346 stus,
2263 1280 2355 1350 qui
2421 1279 2691 1339 Dominus
2742 1293 2797 1341 et
2846 1286 2991 1343 Dens
3043 1301 3224 1355 esset,
3275 1308 3341 1348 ac
3394 1295 3655 1365 passione

2068 1361 2345 1439 superior,
2404 1387 2515 1427 non
2582 1383 2792 1431 tantum
2851 1379 3103 1434 convicia
3162 1361 3421 1453 pertulit,
3468 1384 3565 1440 sed
3602 1394 3656 1441 et

2067 1460 2240 1530 virgis
2274 1475 2452 1519 caesus
2481 1474 2587 1518 est.
2625 1463 2861 1522 Gravem
2919 1467 3190 1539 injuriam
3219 1484 3251 1545 a_
3286 1473 3471 1528 vicino
3501 1488 3657 1530 arce-

2066 1553 2237 1623 pisti?
2270 1555 2367 1623 sed
2391 1563 2445 1610 et
2479 1556 2736 1614 Christus
2761 1560 2954 1630 alapas
2988 1562 3136 1617 tulit.
3166 1560 3383 1637 Probro
3423 1564 3657 1622 atl‘eetus
3744 1598 3749 1603 ~

2067 1646 2168 1702 es?
2216 1647 2308 1704 ille
2363 1663 2494 1704 vero
2558 1650 2726 1707 etiam
2758 1661 3068 1725 consputus
3113 1662 3219 1723 est,
3280 1656 3659 1731 chlamydem-

2067 1754 2175 1810 que
2234 1741 2487 1797 illusorio
2521 1742 2715 1798 habitu
2763 1730 3020 1815 gestavit.
3066 1746 3279 1804 Tentus
3312 1764 3374 1804 es
3399 1730 3660 1822 capillis?

2069 1831 2165 1886 sed
2200 1840 2255 1886 et
2290 1832 2548 1890 Christus
2597 1835 2774 1907 spinis
2803 1846 2887 1893 est
2916 1839 3660 1914 coronatusalgnominiose

2501 1926 2595 1983 sed
2623 1937 2678 1983 et
2703 1928 2962 1986 Christus
3008 1931 3206 1988 illusus
3237 1942 3324 1988 est
3352 1952 3366 1988 :
3397 1935 3659 2009 quodque

2064 2015 2142 2069 ait
2170 2016 2390 2072 Isaias:
2434 2037 2460 2069 τ
2489 2017 2861 2095 Ignominiose
2912 2022 3134 2078 habitus
3183 2033 3289 2092 cst,
3333 2035 3390 2081 et
3440 2043 3551 2083 non
3580 2044 3661 2084 re-

2063 2119 2289 2180 patatus
2323 2122 2385 2166 ιη.
2437 2131 2455 2162 ι
2489 2113 2650 2173 Manu
2709 2102 3025 2186 vapulasti?
3079 2117 3175 2173 sed
3223 2126 3277 2174 et
3310 2118 3568 2178 Christus
3597 2122 3654 2176 in

2065 2201 2261 2257 faciem
2296 2220 2473 2261 c:esus
2526 2213 2631 2273 est,
2662 2207 2907 2280 ejusque,
2937 2221 3104 2281 caput
3135 2212 3354 2268 calamo
3396 2213 3503 2268 fuit
3532 2232 3657 2285 per-

2063 2310 2312 2350 cussum.
2365 2296 2624 2369 Flagellis
2687 2316 2868 2357 caesus
2899 2303 3006 2358 es?
3038 2304 3134 2360 sed
3183 2316 3235 2360 et
3264 2304 3524 2363 Christus
3552 2308 3657 2362 fuit

2064 2387 2393 2461 flagellatns.
2451 2392 2714 2466 Colaphis
2786 2409 3054 2468 exceptus
3100 2400 3204 2455 es?
3241 2401 3497 2460 Christus
3524 2419 3655 2461 vero

2061 2483 2229 2537 etiam
2289 2484 2615 2551 cruciﬁxus,
2673 2486 2849 2545 clavis
2895 2490 3015 2562 ejus
3044 2493 3307 2559 manibus.
3340 2505 3394 2551 et
3423 2498 3657 2568 pedibus

2063 2573 2229 2649 fossis
2253 2592 2266 2627 :
2292 2591 2394 2631 nec
2424 2577 2477 2632 id
2516 2586 2753 2648 tantum;
2788 2581 2883 2637 sed
2911 2593 2966 2639 et
2999 2587 3194 2642 aflixus
3212 2588 3390 2656 cruci,
3417 2605 3517 2659 pro
3539 2590 3657 2646 alii.-

2061 2665 2316 2735 gentibus
2331 2668 2708 2737 oravit.Quam
2734 2673 2855 2729 hac
2880 2674 2989 2732 illis
3011 2678 3266 2749 graviora
3285 2681 3299 2734 l
3319 2681 3489 2746 Quam
3506 2682 3662 2739 Chri-

2061 2756 2133 2811 sti
2152 2759 2454 2824 cruciatus,
2475 2763 2682 2819 nostris
2699 2764 3165 2836 importabiliores
3199 2771 3624 2845 acerbioresque
3642 2776 3657 2830 l

2059 2848 2218 2905 Nihil.
2237 2852 2398 2922 plane
2424 2870 2616 2911 eorum
2649 2873 2773 2928 qua:
2797 2860 2989 2930 gravia
3019 2877 3267 2934 unquam
3305 2865 3653 2941 acciderunt,

2062 2942 2266 2999 Christi
2301 2947 2662 3016 passionibus
2691 2953 3006 3023 comparari
3040 2963 3243 3025 potest.
3276 2955 3497 3013 Nostra:
3527 2976 3658 3030 pas-

2063 3033 2247 3089 siones
2273 3044 2333 3089 ut
2364 3038 2497 3108 quid
2527 3039 2684 3097 valde
2706 3042 2897 3113 exigui
2934 3044 3223 3111 momenti,
3259 3037 3460 3119 resque
3490 3050 3658 3105 nihili

2062 3123 2329 3181 habenda:
2350 3136 2505 3194 sunt,
2540 3130 2764 3201 quando
2788 3135 3178 3192 tantummodo
3213 3138 3330 3196 sint
3366 3139 3656 3201 hominum

2066 3226 2421 3288 peccatorum
2517 3229 2682 3293 atque
2761 3227 3101 3295 mortalium,
3200 3244 3504 3303 eorumque
3564 3235 3657 3305 qui

2070 3310 2365 3366 mutationi
2455 3314 2809 3386 subjaceant,
2858 3330 3309 3394 generenturque
3374 3333 3429 3379 et
3488 3324 3656 3395 inter:

2065 3411 2193 3455 eant
2225 3402 2374 3473 ('57);
2409 3420 2576 3476 quam
2632 3422 2765 3464 vero
2791 3409 2997 3466 Christi
3024 3414 3317 3482 passiones
3348 3416 3483 3479 citra
3514 3431 3661 3471 cont-

2063 3494 2403 3563 parationcm
2461 3507 2680 3557 nostras
2734 3512 3014 3573 superent,
3081 3505 3228 3560 nulla
3259 3507 3435 3578 possit
3480 3511 3657 3564 oratio

2064 3584 2308 3655 assequi.
2364 3587 2580 3661 Quippe
2647 3590 2869 3648 Domini
2924 3603 3056 3649 sunt
3114 3596 3408 3663 liberrimi,
3467 3598 3563 3655 Dei
3598 3600 3659 3657 in

2068 3690 2232 3745 quem
2268 3687 2553 3745 peccatum
2611 3696 2724 3736 non
2749 3683 2917 3749 cadit,
2970 3683 3062 3740 Dei
3115 3686 3497 3757 immutabilis,
3550 3690 3656 3744 im-

2070 3767 2343 3834 mortalis,
2410 3786 2430 3820 ι
2495 3770 2641 3841 apud
2705 3787 2869 3843 quem
2932 3790 3040 3830 non
3093 3784 3193 3832 est~
3231 3781 3651 3849 transmutatio,

2066 3870 2167 3911 nec
2189 3858 2594 3919 vicissitudinis
2620 3863 2973 3921 obumbratio
3001 3875 3047 3922 ιι.
3087 3884 3106 3920 ι
3140 3866 3287 3925 Sane
3310 3885 3439 3926 vero
3467 3888 3653 3943 quatu-

2063 3963 2231 4020 quam
2267 3969 2287 4003 ε
2319 3954 2465 4010 tollit
2506 3963 2733 4026 peccata
2779 3966 2997 4027 nostra,
3031 3970 3088 4017 et
3120 3972 3219 4028 pro
3239 3961 3400 4019 nobis
3423 3959 3599 4026 dolet;
3633 3984 3669 4019 ν

268 4082 271 4087 ,
357 4036 487 4106 ipse
544 4034 912 4090 nihilominus
945 4052 964 4085 ι
998 4041 1288 4103 peccatum
1332 4050 1442 4090 non
1477 4035 1628 4105 fecit,
1666 4054 1847 4110 neque
1886 4041 2051 4100 dolus
2109 4045 2373 4105 inventus
2421 4059 2505 4107 est
2542 4052 2598 4107 in
2650 4068 2748 4109 ore
2813 4053 2936 4125 ejus
2957 4064 2999 4113 °.
3037 4075 3056 4108 ι
3130 4055 3306 4112 Totus
3373 4057 3649 4131 siquidem

360 4149 382 4183 ι
405 4129 651 4202 justitia,
685 4129 1069 4193 sanctiﬁcatio,
1089 4139 1144 4184 et
1164 4130 1472 4202 redemptio
1503 4144 1548 4197 P,
1591 4153 1610 4185 ι
1646 4137 1941 4209 omnisque
1979 4144 2189 4210 peccati
2212 4144 2478 4216 depulsor
2494 4155 2600 4207 est.

433 4227 584 4295 Ὅρα
613 4224 792 4279 τοίνυν
820 4225 892 4279 τὰ
920 4224 1013 4279 τοῦ
1048 4225 1311 4298 Χριστοῦ,
1345 4227 1455 4282 τῶν
1503 4230 1791 4303 ἡμετέρων
1827 4235 1949 4290 ὅσον

2122 4237 2259 4296 Vide
2277 4242 2461 4313 itaque
2480 4261 2642 4315 quam
2664 4247 2806 4303 mala
2828 4246 3037 4306 Christi
3057 4261 3244 4307 nostra
3269 4262 3613 4323 exsuperent
3633 4271 3657 4307 :<

354 4319 479 4390 ἔχει
509 4317 632 4373 καθ’
659 4318 940 4389 ὑπεροχὴν
970 4318 1034 4371 τὸ
1071 4318 1359 4390 διάφορον·
1393 4323 1487 4375 καὶ
1511 4322 1586 4394 μὴ
1624 4324 1817 4380 σκόπει
1857 4328 1953 4412 τοῦ

2068 4345 2119 4386 ιο
2146 4347 2216 4388 ne
2247 4335 2523 4404 passionis
2548 4337 2984 4410 magnitudinem
3010 4352 3224 4413 specta,
3260 4343 3357 4399 sed
3387 4317 3649 4417 patientis

351 4413 574 4474 πάθους
606 4411 667 4465 τδ
712 4411 968 4482 μέγεθος,
1026 4411 1162 4467 ἀλλὰ
1224 4413 1391 4482 φοϐοῦ
1446 4415 1507 4469 τὸ
1545 4416 1639 4470 τοῦ
1692 4411 1956 4486 παθόντος

349 4501 605 4571 ἀξίωμα.
636 4502 787 4555 Ἐκεῖ
802 4520 898 4556 σου
927 4503 1301 4575 παράπεμψον
1329 4505 1428 4577 τὴν
1455 4507 1712 4572 διάνοιαν.
1738 4511 1960 4585 Ἐννόη-

2058 4422 2194 4487 time
2263 4425 2609 4497 dignitatem.
2664 4429 2936 4489 Transfer
2980 4436 3076 4491 illo
3131 4436 3400 4507 animum.
3457 4436 3649 4510 Cogita

2061 4527 2331 4588 quantum
2390 4524 2600 4579 referat
2624 4525 2814 4583 videre
2848 4529 3136 4605 hominem
3169 4546 3370 4602 purum
3406 4531 3651 4603 penden-

353 4611 456 4649 σον
493 4594 618 4647 ὅσον
652 4593 772 4649 ἐστὶ
811 4594 967 4665 ψιλὸν
996 4596 1285 4667 ἄνθρωπον
1319 4598 1450 4669 ὁρᾷν
1488 4601 1649 4673 ίκρίῳ
1675 4605 1961 4676 κρεμάμε-

2068 4619 2230 4668 teme
2263 4614 2537 4684 patibulo,
2603 4628 2659 4674 et
2710 4598 2885 4676 Deum
2916 4622 3163 4692 aspicere
3191 4625 3346 4681 cruci
3407 4614 3650 4690 aﬂixnm.

352 4702 475 4753 νον,
502 4686 597 4739 καὶ
634 4685 769 4739 Θεὸν
810 4687 1217 4760 σταυρούμενον
1245 4689 1485 4761 βλέπειν,
1520 4693 1796 4750 καὶτοῦτο
1820 4698 1960 4768 μετὰ

2068 4700 2233 4773 idque
2287 4705 2526 4761 medium
2588 4706 2894 4765 latronum.
2964 4685 3154 4784 Cogita
3212 4714 3342 4789 quis
3402 4685 3648 4786 unquam

352 4775 602 4850 λῃστῶν.
651 4777 933 4850 Ἐννόησον
960 4779 1048 4844 τίς
1069 4780 1376 4854 ἀνθρώπων
1402 4783 1576 4839 εἵλετό
1595 4788 1714 4841 ποτ’
1732 4787 1799 4842 ἂν
1829 4789 1960 4844 ὑπο·

2068 4794 2195 4847 talia
2262 4795 2545 4852 sustinere
2600 4799 2865 4866 voluerit,
2929 4775 3115 4872 qualia
3145 4775 3402 4862 Christus
3445 4775 3647 4879 sponte

354 4871 581 4941 στῆναι,
618 4865 708 4924 οἷα
742 4870 862 4924 τότε
895 4872 1133 4944 Χριστὸς
1160 4873 1401 4930 ἐθελοντὶ
1419 4872 1524 4947 ἧκε
1546 4877 1709 4949 δεῦρο
1742 4880 1956 4938 παθεῖν.

2068 4899 2330 4954 passurus
2363 4886 2417 4941 in
2447 4889 2716 4945 mundum
2749 4891 2926 4947 venit.
2956 4893 3194 4961 Quando
3224 4906 3406 4952 autem
3441 4913 3649 4967 passu-

351 4963 475 5016 Καὶ
496 4961 674 5017 ταῦτα
697 5003 713 5028 ,
746 4963 910 5028 πότε;
946 4965 1104 5019 Μετὰ
1143 4966 1242 5029 τὰς
1291 4967 1643 5040 θεοσημείας,
1685 4973 1825 5042 μετὰ
1861 4974 1961 5041 τὰς

2068 4978 2199 5037 rus?
2245 4978 2377 5036 Post
2423 4981 2610 5038 divina
2639 4984 2822 5058 signa,
2877 4995 3006 5061 post
3059 4988 3351 5057 sanitates,
3400 4961 3527 5062 post
3563 4991 3645 5046 in-

353 5055 565 5121 ίάσεις,
608 5059 748 5128 μετὰ
778 5057 879 5122 τὰς
908 5058 1185 5130 ἀρρήτους
1216 5060 1432 5126 ὲκείνας
1467 5063 1578 5118 τῶν
1616 5066 1789 5121 νόσων
1821 5071 1959 5124 ἀπο-

2068 5069 2281 5126 auditas
2325 5071 2449 5127 illas
2503 5055 2827 5131 morborum
2880 5055 3257 5148 depulsiones,
3298 5055 3423 5153 post
3458 5095 3646 5135 sacra-

350 5146 613 5219 πομπὰς,
642 5148 779 5220 μετὰ
813 5148 912 5221 τὴν
948 5149 1058 5203 τῶν
1094 5151 1410 5223 μυστηρίων
1441 5156 1764 5225 παράδοσιν,
1810 5161 1950 5232 μετὰ

2068 5176 2244 5225 menta
2287 5169 2493 5225 tradita
2520 5211 2536 5238 ,
2606 5181 2733 5243 post
2777 5146 3044 5230 beneficia
3095 5146 3315 5247 quibus
3358 5191 3641 5249 nunquan

429 5334 478 5363 ω
506 5318 687 5390 Jae.t,
734 5325 823 5379 17.
900 5332 930 5362 η
956 5322 1062 5383 lsa.
1101 5327 1362 5393 ιιιι,4-9.
1441 5337 1467 5366 ο
1510 5331 1684 5387 lCor.
1731 5331 1770 5394 i.
1800 5337 1893 5391 50.

800 5478 801 5481 γ
832 5509 838 5515 _
1644 5451 1882 5510 VARl/E
1927 5453 2336 5545 LECTlONES.

466 5541 513 5574 ιο
545 5541 565 5574 Ι
590 5556 686 5574 ann
718 5542 900 5574 ..ρει-ι...
1905 5566 1911 5572 .

543 5541 687 5614 Lege
717 5542 918 5611 φθίσιν.
1905 5566 1911 5572 ·
2112 5541 2117 5545 ⁷

1639 5640 2033 5701 (ΣΟΜΒΕΡΊΞΠ
2098 5646 2332 5704 ΝΟΤᾸΕ.

428 5723 548 5793 (57)
587 5723 660 5808 .Et
710 5726 993 5826 intereant.
1056 5729 1500 5826 Legimns‘rnlnt
1553 5745 1699 5822 esset
1739 5736 1943 5826 φθίσιν.
2056 5741 2323 5826 ltilitatem
2348 5744 2680 5826 exprimere.
2716 5755 3006 5826 et_nalttraa
3031 5758 3091 5826 e_t_
3116 5752 3407 5822 propositi,
3439 5754 3492 5811 in
3530 5770 3639 5826 qua

348 5796 480 5891 lfnn
511 5797 657 5891 enim
698 5800 1242 5891 antithesis!patitur
1292 5804 1368 5862 τὸ,
1405 5796 1759 5876 προαίρεσιν.’
1781 5805 1872 5891 Ροι
1891 5818 1943 5860 te
2056 5796 2328 5867 inlinitutn
2358 5796 3189 5891 ili'stattnvts‘a'Cltt'istoet‘Deo.

344 5868 561 5921 desunt
592 5867 796 5937 aliqua,
825 5882 880 5924 ut
935 5867 1165 5926 voluerit
1217 5884 1405 5928 artetur
1434 5867 1610 5929 utram
1633 5892 1721 5945 {sic
1759 5886 1940 5932 muta-
