4012 6456
302 459 456 538 ’1015

1449 471 1511 531 S.
1552 470 1882 533 ΛΝΒΒΕᾸΞ
1922 475 2349 539 (ΙΗΕΤΕΝδΙς

3469 477 3608 546 1016

224 620 225 623 η
316 603 414 652 eos
450 584 542 656 qui
595 570 809 640 adirent
842 580 1101 639 meliores
1150 581 1335 640 facere
1368 584 1670 650 desineret,
1702 586 1897 643 dimisv

2014 588 2102 652 rit;
2136 590 2479 659 εὐεργεσίας,
2508 586 2596 654 αἷς
2626 590 2751 654 τοὺς
2779 589 3102 662 προσιόντας
3138 592 3400 663 ἀμείνους
3432 597 3608 651 ποιῶν

321 678 506 742 serias
566 682 923 746 peccatorum
985 674 1200 730 litteras
1253 676 1598 733 debitoribus
1656 687 1902 731 actutum

318 769 591 832 scribens,
648 768 779 822 aliis
858 770 1228 838 prascribens
1280 769 1705 836 remissionem,
1765 770 1907 825 alios

317 859 672 915 damnatione
732 859 1004 916 eximens.
1053 860 1263 927 Quidni
1316 877 1447 917 vero
1507 863 1670 917 etiam
1736 865 1904 930 mala,

315 967 554 1021 quorum
581 952 843 1023 deinceps
873 954 1184 1024 perieulum
1222 956 1377 1021 fecit,
1402 955 1708 1010 adducam?
1736 956 1906 1018 Nem-

317 1060 383 1112 pe
406 1058 545 1114 quas
579 1052 705 1099 ante
725 1058 944 1099 crucem
995 1047 1262 1101 sustinuit
1313 1047 1673 1112 tentationes,
1706 1048 1903 1103 vendi-

317 1138 547 1200 tionem,
582 1136 974 1208 proditionem,
1017 1126 1277 1194 dolosum
1333 1140 1608 1207 osculum,
1638 1140 1903 1212 discipuli

314 1230 672 1300 quidem,sed
706 1233 1104 1301 contemptoris
1127 1276 1143 1299 ,
1177 1233 1297 1288 ovis
1327 1234 1573 1303 quidem,
1603 1236 1697 1290 sed
1734 1236 1848 1307 lupi
1886 1252 1899 1289 :

317 1320 657 1376 iuvasionem
714 1336 839 1375 cum
892 1321 1091 1392 gladiis
1117 1332 1171 1376 et
1242 1321 1443 1390 armis,
1493 1323 1789 1379 adventrum
1836 1325 1903 1380 ad

313 1411 608 1482 Caipham,
657 1410 795 1467 falsa
823 1412 1164 1479 testimonia,
1198 1428 1427 1468 examen
1482 1429 1582 1484 pro
1613 1415 1901 1481 tribunali,

220 1492 235 1499 ’
313 1486 612 1559 clamorem
671 1519 841 1574 quem
888 1501 1060 1560 Judmi
1125 1506 1319 1561 turbas
1374 1507 1690 1563 excitantes
1719 1507 1898 1562 altum

314 1592 678 1650 emittebant:
714 1596 1039 1667 «Crueilige,
1065 1596 1329 1666 crttcitige
1356 1612 1480 1652 eum
1505 1607 1565 1665 P;
1599 1617 1618 1650 ι
1658 1596 1896 1668 ﬂagella,

317 1689 628 1755 illusiones,
664 1698 847 1766 sputa,
882 1689 1092 1760 alapas,
1116 1705 1383 1744 coronam
1417 1690 1698 1760 spineam,
1742 1691 1904 1746 chla-

314 1783 531 1852 mydem
564 1781 909 1845 coccineam,
952 1782 1345 1856 abductionem
1393 1782 1459 1837 ad
1496 1782 1760 1838 Calvarite
1820 1784 1903 1841 lo-

313 1886 461 1925 cum.
499 1870 558 1925 ln
583 1886 748 1926 cruce
772 1879 955 1925 autem
1005 1871 1190 1942 qualia
1235 1870 1384 1926 facta
1433 1870 1656 1927 dicam?
1689 1872 1902 1938 clavos,

2010 682 2113 734 ούκ
2139 683 2385 736 ἐνέλειπε
2410 700 2424 714 ο
2455 681 2555 746 τὰς
2584 682 2884 759 ἄφεσίμους
2913 685 3020 738 τῶν
3043 686 3328 758 ἁμαρτιῶν
3361 704 3609 759 συγγραο

2010 773 2118 843 φὰς
2178 774 2478 845 σχεδιάζων
2516 777 2630 838 τοῖς
2687 774 2974 854 χρῄζουσι,
3010 780 3122 841 τοῖς
3165 778 3265 847 μὲν
3295 780 3612 849 νομοθετῶν

2007 868 2108 940 τὴν
2144 869 2361 935 ἄφεσιν,
2415 868 2523 923 τῶν
2555 869 2612 921 δὲ
2649 868 2962 941 ὑπεξαίρων
3001 870 3098 938 τὴν
3151 872 3501 943 κατάκρισιν.
3541 875 3611 930 Τί

2006 961 2074 1014 ἂν
2110 960 2184 1032 μὴ
2212 961 2405 1030 ἄγοιμι
2439 960 2508 1015 τὰ
2541 960 2668 1031 ἑξῆς
2700 956 2774 1014 ὦν
2808 963 3076 1034 ἐπειράθη
3130 964 3351 1030 κακῶν;
3379 965 3461 1018 Τὰ
3500 968 3610 1038 πρὸ

2006 1052 2099 1105 τοῦ
2130 1052 2368 1124 σταυροῦ
2395 1070 2539 1125 φημι
2575 1056 2929 1126 πειρατήρια,
2965 1055 3063 1127 τὴν
3095 1056 3322 1128 πρᾶσιν,
3352 1057 3450 1127 τὴν
3472 1075 3611 1128 προ-

2007 1142 2216 1208 δοσίαν,
2274 1141 2338 1196 τὸ
2394 1141 2532 1213 μετὰ
2589 1142 2741 1195 δόλου
2779 1141 2993 1213 φίλημα
3033 1143 3286 1213 μαθητοῦ
3325 1144 3446 1213 μὲν,
3489 1143 3610 1198 ἀλλ’

2006 1235 2299 1305 ἀθετητοῦ,
2333 1234 2610 1306 προϐάτου
2649 1234 2771 1304 μὲν,
2807 1235 2946 1289 ἀλλὰ
2983 1235 3149 1288 λύκου
3172 1252 3186 1265 ο
3216 1235 3317 1305 τὴν
3343 1235 3481 1305 μετᾶ
3511 1252 3613 1305 μα·

2005 1328 2217 1400 χαιρῶν
2238 1328 2335 1382 καὶ
2363 1328 2537 1393 ξύλων
2564 1328 2842 1392 ἐπίϐασιν,
2870 1328 2969 1399 τὴν
2998 1329 3093 1381 ἐπὶ
3110 1328 3372 1398 Καϊάφαν
3396 1328 3611 1397 ἄφιξιν,

2004 1422 2105 1485 τὰς
2137 1420 2645 1493 ψευδομαρτυρίας,
2683 1420 2774 1474 τὸν
2811 1420 2908 1474 ἐπὶ
2941 1420 3188 1492 βήματος
3217 1404 3480 1491 ὲτασμὸν,
3511 1421 3614 1492 τὴν

2006 1515 2257 1586 κραυγὴν
2284 1515 2352 1587 ἢν
2378 1513 2722 1576 ἀνασείοντες
2750 1513 2987 1585 ἔκραζον
3018 1516 3066 1568 οἱ
3095 1514 3405 1568 Ἰουδαῖον(
3433 1514 3615 1567 Σταύ-

2008 1625 2205 1679 ρωσον,
2230 1609 2548 1679 σταύρωσον
2578 1608 2740 1662 αὐτόν
2766 1624 2781 1637 ·
2821 1626 2840 1660 ι
2877 1607 2977 1671 τὰς
3006 1607 3442 1678 φραγελλώσεις,
3481 1608 3616 1671 τοὺς

2006 1701 2381 1771 ὲμπαιγμοὺς,
2406 1699 2477 1753 τὰ
2514 1698 2903 1770 ἐκπτύσματα,
2937 1702 3006 1753 τὰ
3036 1700 3384 1769 ῥαπίσματα,
3423 1698 3518 1751 τὸν
3553 1699 3615 1764 ἐξ

2005 1789 2265 1843 ἀκανθῶν
2299 1789 2589 1858 στέφανον,
2623 1788 2722 1860 τὴν
2773 1791 2839 1843 ὲκ
2892 1790 3152 1843 κοκκίνου
3208 1789 3482 1859 χλαμύδα,
3512 1790 3614 1858 τὴν

2007 1880 2102 1933 ἐπὶ
2132 1878 2225 1933 τὸν
2261 1879 2504 1950 Κρανίου
2555 1880 2722 1933 τόπον
2772 1880 3104 1950 ἀπαγωγήν.
3156 1879 3238 1932 Τὰ
3280 1879 3339 1932 δὲ
3388 1879 3483 1931 ἐπὶ
3512 1878 3613 1931 τοῦ

313 1963 554 2027 vincula,
611 1963 764 2017 cruci
801 1962 1152 2029 aﬂixionem,
1197 1972 1451 2029 acetum,
1480 1962 1578 2029 fel,
1632 1965 1904 2031 lanceam,

2014 1971 2251 2044 σταυροῦ
2282 1966 2407 2039 οἵας
2450 1974 2577 2037 τοὺς
2625 1971 2812 2043 ἥλους,
2862 1971 2933 2027 τὰ
2961 1970 3158 2042 δεσμὰ,
3187 1972 3289 2043 τὴν
3318 1972 3412 2024 ἐπὶ
3452 1970 3612 2037 ξύλου

289 2056 539 2127 missam
592 2065 799 2112 sortem
867 2072 1035 2127 super
1066 2065 1269 2122 vestes,
1328 2073 1518 2118 earum
1548 2057 1900 2123 divisionem,

311 2147 769 2216 exprobrationes
795 2147 849 2202 in
891 2163 1082 2211 cruce,
1119 2149 1243 2205 aliis
1281 2148 1395 2204 illic
1441 2149 1809 2205 irridentibus
1840 2164 1905 2204 ac

316 2240 665 2299 moventibus
714 2240 922 2310 capita,
993 2241 1273 2309 verbaque
1327 2241 1604 2310 ejusmodi
1669 2241 1904 2297 dicenti-

315 2329 419 2391 bus
449 2346 463 2389 ;
510 2349 528 2382 ι
562 2331 717 2386 Alios
749 2333 935 2386 salvos
966 2331 1113 2395 fecit,
1165 2332 1408 2404 seipsum
1443 2349 1550 2388 non
1584 2345 1760 2401 potest
1794 2334 1907 2390 sal-

314 2439 441 2475 vum
473 2423 656 2479 lacere
679 2424 753 2478 q?
789 2443 808 2475 ι
844 2424 970 2478 aliis
1020 2432 1203 2478 autem
1244 2442 1256 2476 :
1293 2443 1312 2475 ‹
1354 2423 1410 2479 Si
1441 2423 1555 2479 Rex
1593 2425 1761 2480 Israel
1796 2433 1903 2491 est,

315 2515 527 2569 salvum
562 2514 730 2570 faciat
781 2516 1026 2584 seipsum
1077 2524 1136 2583 ῖς
1168 2535 1188 2567 ›
1217 2515 1364 2581 aliis,
1412 2535 1429 2567 ι
1476 2515 1613 2584 Vah,
1651 2516 1744 2586 qui
1810 2517 1936 2598 de-_

220 2624 223 2631 ‘
316 2610 486 2675 struit
545 2610 808 2677 templum
840 2608 1017 2687 {Dei}
1066 2618 1121 2665 et
1162 2611 1216 2663 in
1253 2609 1438 2665 triduo
1481 2609 1715 2665 aediﬁcat
1743 2609 1905 2674 illud,

317 2702 561 2771 seipsum
604 2717 715 2757 non
754 2710 937 2772 potest
995 2702 1208 2757 salvum
1266 2702 1511 2769 faceres?
1546 2692 1567 2756 φ
1604 2701 1904 2758 αιίἱειιὸί-

314 2796 452 2861 nite,
514 2796 804 2851 videamus
837 2811 903 2850 an
964 2796 1148 2852 veniat
1181 2796 1327 2853 Elias
1378 2797 1597 2863 salvare
1621 2812 1747 2852 eum
1785 2802 1842 2862 ι;
1881 2814 1900 2847 ι

314 2889 485 2944 aliis:
524 2907 544 2941 ι
580 2889 637 2945 Si
673 2888 845 2945 Filius
879 2887 973 2946 Dei
1021 2899 1127 2956 est,
1179 2890 1482 2946 descendat
1537 2889 1605 2946 de
1635 2905 1821 2958 cruce,
1854 2900 1910 2945 et

313 2981 624 3050 credemus.
641 2981 691 3037 ei
707 2989 756 3037 ιι.
789 3001 809 3034 ι

385 3076 585 3131 Tibine
613 3075 729 3135 hac
749 3069 1006 3140 videntur
1037 3091 1201 3149 parva
1236 3077 1299 3132 ad
1327 3076 1600 3147 specimen
1631 3077 1910 3133 humilita-
1992 3090 1999 3095 '

314 3167 429 3224 tis?
459 3167 600 3222 Num
627 3169 712 3224 vel
746 3168 913 3225 unius
942 3169 1172 3233 omnino
1205 3177 1422 3236 tantum
1444 3170 1656 3226 Christi
1689 3173 1906 3243 passio—

314 3276 446 3314 num
500 3259 727 3317 modum
796 3270 1088 3318 assecutus
1139 3263 1388 3319 siluisti?
1444 3262 1904 3336 Haudquaquam,

2009 2065 2340 2136 σταύρωσιν,
2367 2066 2429 2119 τὸ
2457 2064 2600 2130 ὅξος,
2640 2065 2740 2136 τὴν
2772 2064 2959 2138 χολὴν,
2993 2064 3095 2135 τὴν
3128 2063 3356 2136 λόγχην,
3391 2065 3485 2117 τὸν
3517 2052 3645 2116 ἐπιδ

2006 2157 2116 2211 τῶν
2163 2156 2411 2229 χιτώνων
2462 2157 2687 2228 κλῆρον,
2720 2156 2813 2210 τὸν
2854 2156 3245 2228 διαμερισμὸν,
3286 2156 3360 2209 τὰ
3391 2157 3485 2208 ἐπὶ
3514 2155 3612 2209 τοῦ

2010 2248 2248 2321 σταυροῦ
2286 2247 2488 2318 ὀνείδη,
2547 2249 2659 2304 τῶν
2721 2249 2820 2319 μὲν
2859 2248 3091 2302 αὐτόθεν
3121 2247 3614 2319 ἐμπαροινούντων

2008 2340 2105 2399 καὶ
2149 2339 2250 2402 τὰς
2306 2338 2554 2406 κεφαλὰς
2613 2324 2932 2402 κινούντων,
2984 2337 3082 2391 καὶ
3114 2336 3275 2391 τάδε“
3302 2336 3609 2406 λεγόντων·

2015 2451 2033 2485 ι
2067 2430 2297 2494 Ἄλλους
2345 2430 2572 2495 ἔσωσεν,
2615 2430 2812 2485 ἑαυτὸν
2841 2430 2901 2484 ού
2932 2429 3156 2484 δύναται
3198 2428 3407 2495 σῶσαι;
3448 2449 3467 2481 ι
3502 2429 3617 2484 τῶν

2008 2522 2065 2575 δέ
2088 2539 2101 2552 ·
2134 2540 2152 2573 ι
2186 2522 2249 2574 Et
2286 2519 2544 2590 βασιλεὺς
2599 2519 2824 2595 Ἰσραήλ
2855 2522 2994 2585 ἐστι,
3038 2520 3269 2573 σωσάτω
3302 2519 3496 2573 ἑαυτὸν
3519 2533 3538 2547 ‘
3586 2538 3606 2566 ι

2008 2614 2187 2670 ἄλλων
2207 2631 2221 2646 ·
2260 2631 2279 2665 t
2314 2613 2431 2667 Οὐᾶ
2464 2615 2478 2668 ι
2510 2615 2538 2666 ὁ
2567 2612 2857 2670 καταλύων
2890 2613 2983 2666 τὸν
3018 2612 3166 2678 ναὸν,
3212 2613 3307 2666 καὶ
3341 2613 3401 2666 ὲν
3431 2613 3613 2683 τριτῖν

2011 2708 2251 2779 ἡμέραις
2299 2705 2643 2777 οἰκοδομῶν,
2692 2706 2887 2761 ἑαυτὸν
2937 2705 2999 2759 οὐ
3045 2706 3271 2760 δύναται
3338 2705 3546 2763 urbem;
3586 2727 3601 2743 ιλ

2010 2798 2244 2869 ἑτέρωνο
2281 2816 2301 2849 ‹
2347 2797 2574 2865 Ἅφετε,
2632 2797 2835 2866 ἴδωμεν
2862 2795 2911 2848 εί
2954 2793 3179 2866 ἔρχεται
3217 2794 3401 2858 Ἠλίας
3433 2793 3613 2846 σῶσαι

2011 2891 2175 2945 αὐτόν
2198 2906 2212 2920 ⁸
2242 2908 2269 2963 ⁴ι
2300 2889 2477 2944 ἄλλων
2496 2907 2511 2922 ο
2546 2908 2564 2941 ι
2595 2889 2658 2943 El
2690 2888 2817 2953 Υἱός
2844 2889 2962 2941 ἐστι
2994 2887 3090 2941 τοῦ
3118 2886 3281 2953 Θεοῦ,
3314 2885 3617 2941 καταόάτω

2011 2986 2075 3055 δὴ
2110 2984 2222 3038 ἀπὸ
2258 2984 2350 3037 τοῦ
2383 2981 2648 3054 σταυροῦ,
2685 2983 2783 3037 καὶ
2813 2981 3183 3053 πιστεύσομεν
3211 2978 3382 3052 αὐτῷ.
3420 3001 3440 3033 ι

2088 3072 2238 3148 *Δρά
2263 3093 2346 3129 σοι
2401 3075 2579 3148 μικρὰ
2611 3075 2789 3130 ταῦτα
2844 3074 2983 3145 πρὸς
3019 3073 3375 3127 ὑποτύπωσιν
3412 3088 3613 3128 ταπει-

2013 3167 2268 3234 νώσεως;
2325 3168 2553 3238 Ἀφίκου
2601 3167 2661 3221 δὲ
2709 3166 2848 3239 πρὸς
2900 3166 3107 3238 μέτρον.
3129 3166 3268 3228 ὅλως
3298 3165 3420 3228 ὲνὸς
3446 3166 3612 3236 μόνον

2014 3261 2124 3316 τῶν
2144 3263 2235 3315 ἐπὶ
2258 3259 2482 3330 Χριστῷ
2508 3258 2903 3329 γεγενημένων
2918 3258 3131 3325 παθῶν,
3153 3257 3249 3312 καὶ
3271 3255 3607 3328 σεσίγηκαςς

313 3354 560 3424 inquam.
581 3341 921 3411 At'Christus
939 3363 1018 3411 tot
1037 3365 1300 3426 tantaque
1324 3372 1542 3426 passus,
1558 3356 1906 3424 siluit.Qnam

2016 3353 2318 3426 Οὺμενοῢν,
2348 3353 2561 3424 εἴποιμι
2593 3352 2755 3409 ἄν.⁹0
2782 3352 2840 3406 δὲ
2874 3351 3112 3423 Χριστὸς
3137 3349 3363 3409 τοιαῦτα
3388 3352 3486 3404 καὶ
3510 3368 3610 3422 τη-

315 3462 482 3523 porro
537 3447 803 3504 terribilia
849 3463 915 3503 ac
958 3448 1253 3515 mirabilia,
1298 3465 1421 3520 quia:
1451 3464 1673 3506 erucem
1723 3461 1906 3507 secuta

2014 3443 2248 3499 λικαῦτα
2280 3442 2591 3507 πεπονθὼς,
2614 3442 2850 3498 ὲσιὼπα.
2873 3443 2954 3496 Τὰ
2980 3443 3037 3496 δὲ
3067 3443 3208 3513 μετὰ
3234 3442 3326 3495 τὸν
3348 3442 3607 3512 σταυρὸν,

314 3538 484 3605 sunt?
520 3538 659 3594 Puta
708 3541 909 3595 etelum
975 3544 1231 3612 superius
1291 3543 1679 3610 obscuratum,
1733 3544 1906 3600 tristis

2014 3538 2090 3602 ὡς
2122 3536 2332 3607 φοϐερὰ
2374 3537 2472 3590 καὶ
2517 3535 2800 3605 παράδοξα
2821 3553 2845 3603 ;,
2889 3530 3014 3589 οἷον
3038 3575 3055 3601 ,
3109 3534 3340 3606 οὐρανὸς
3400 3534 3609 3588 ἄνωθεν

316 3630 485 3695 facies
511 3632 675 3698 aeris,
707 3632 789 3687 sol
823 3633 1241 3697 obtenehratus,
1275 3634 1404 3689 luna
1437 3634 1490 3689 in
1516 3635 1723 3706 pullum
1755 3636 1906 3691 colo-

2015 3632 2462 3704 ἀμαυρούμενος,
2492 3630 2600 3702 ἀὴρ
2618 3628 3062 3697 ὲπιστυγνάζων,
3092 3628 3247 3702 ἥλιος
3283 3629 3608 3699 σκοτιζόμεο

316 3738 430 3790 rem
456 3738 635 3787 versa,
657 3732 803 3778 terra
836 3740 1132 3790 concussa,
1153 3725 1298 3781 imus
1320 3742 1520 3798 gurges
1546 3725 1906 3795 infernnsque

2014 3742 2123 3788 νος,
2169 3722 2364 3795 σελήνη
2401 3722 2755 3793 μελαίνουσα,
2780 3721 2852 3792 γῆ
2882 3721 3160 3793 σειομένη,
3190 3720 3349 3791 βυθὸς
3381 3718 3610 3774 συστελ-

316 3830 692 3884 ιευιιιρτοεειιε,
716 3816 877 3873 scissi
910 3827 1148 3880 montes,
1181 3827 1541 3875 monumenta
1568 3819 1906 3875 submitten-

2014 3816 2261 3886 λόμενος,
2293 3813 2395 3885 ὄρη
2426 3812 2748 3884 σχιζόμενα,
2775 3814 2940 3881 τάφοι
2992 3814 3222 3883 νεκροὺς
3250 3811 3610 3882 ἀναπέμπον-

317 3908 414 3979 tia
453 3919 724 3975 mortuos,
758 3926 823 3965 ac
881 3920 1157 3981 quotquot
1207 3914 1309 3968 sub
1346 3913 1399 3969 id
1432 3923 1650 3984 tempus
1678 3915 1906 3985 grandia

2014 3931 2125 3977 τες,
2180 3911 2276 3965 καὶ
2331 3911 2432 3963 ὃσα
2468 3908 2565 3962 τοῦ
2613 3909 2735 3963 τότε
2764 3906 2962 3979 καιροῦ
3003 3909 3071 3964 τὰ
3097 3908 3333 3976 ἐξαίσια.
3376 3907 3501 3976 Ὑφ’
3535 3898 3609 3959 ὧν

319 3998 666 4067 acciderunt.
722 3998 936 4066 Quibus
966 3988 1231 4067 convicti,
1266 4001 1530 4072 doctique
1578 4017 1699 4060 esse
1736 4001 1906 4057 Deum

2014 4004 2388 4076 ἐλεγχόμενοι,
2420 4004 2518 4057 καὶ
2559 4001 2693 4056 Θεὸν
2725 3997 2867 4057 εἶναι
2914 4002 3007 4055 τὸν
3036 4001 3321 4072 πάσχοντα
3363 3998 3609 4053 διδασκό-

314 4089 407 4158 qui
451 4098 754 4163 pateretur,
794 4108 919 4146 cum
956 4100 1165 4148 mutata
1223 4094 1496 4149 sententia
1525 4109 1588 4148 ex
1622 4094 1792 4153 rebus
1831 4094 1907 4147 ita

315 4182 580 4248 insolitis,
649 4185 798 4254 quod
828 4202 859 4242 e
884 4201 946 4242 re
992 4170 1151 4242 esset
1187 4187 1516 4243 debuissent
1554 4202 1905 4258 agnoscere;

316 4276 453 4342 nihil
529 4276 728 4333 melius
760 4294 790 4333 a
844 4278 1055 4333 malitia
1122 4274 1412 4345 habentes,
1467 4280 1904 4351 haudquaquam

316 4368 664 4438 miserabiles
696 4382 1032 4439 cesserunt;
1072 4372 1183 4436 imo
1208 4372 1263 4427 in
1297 4371 1457 4442 pejus
1482 4381 1905 4444 promoverunt.

316 4459 473 4519 Mitto
486 4464 670 4522 dicere
695 4466 871 4523 malos
892 4482 1085 4523 eorum
1110 4475 1342 4525 conatus
1365 4480 1393 4518 a
1414 4466 1632 4536 sepulto
1655 4464 1900 4528 Christo,

313 4554 625 4625 custodiam
670 4555 728 4609 in
760 4563 1143 4618 monumento,
1182 4553 1386 4625 lapidis
1434 4555 1905 4625 obsignationem,

2018 4114 2192 4170 μενοι,
2219 4096 2337 4150 δέον
2365 4093 2826 4164 μεταπεισθῆναι,
2862 4093 3094 4156 καὶτοῖς
3122 4091 3470 4162 τελουμένοις
3502 4107 3608 4143 πα-

2016 4190 2259 4262 ραδόξοις
2294 4187 2597 4256 ἐπιγνῶναι
2638 4187 2698 4241 τὸ
2728 4185 2883 4251 δέον,
2926 4186 2988 4238 οὐ
3045 4187 3178 4257 ῥᾷον
3231 4184 3475 4252 ἐγίνοντο
3511 4185 3609 4252 τῆς

2015 4283 2169 4352 σφῶν
2198 4280 2424 4345 κακίας,
2462 4278 2539 4351 μὴ
2574 4277 2951 4342 ὑπενδιδόντες
2985 4278 3034 4331 οἱ
3064 4276 3327 4340 τάλανες,
3362 4275 3481 4330 ἀλλ’
3517 4275 3610 4326 ἐπὶ

2011 4375 2073 4428 τὸ
2107 4375 2287 4444 χεῖρον
2345 4370 2711 4442 προέκοπτον.
2784 4369 2892 4421 Ἐῶ
2957 4367 3142 4437 λέγειν
3174 4367 3273 4428 τὰς
3329 4365 3472 4436 μετὰ
3508 4364 3609 4436 τὴν

2012 4465 2191 4538 ταφὴν
2220 4462 2597 4536 κακουργίας,
2647 4456 2736 4525 αἷς
2765 4460 3200 4532 κατεχρῄζοντο,
3242 4460 3341 4530 τὴν
3377 4459 3470 4514 ἐπὶ
3514 4456 3609 4512 τοῦ

2017 4560 2301 4631 μνήματος
2331 4548 2692 4619 κουστωδίαν,
2722 4554 2823 4625 τὴν
2854 4553 2952 4607 τοῦ
2991 4552 3140 4607 λίθου
3179 4551 3480 4623 σφραγξδα,
3513 4548 3609 4619 τὴν

314 4648 727 4715 fraudulentam
771 4650 1238 4705 machinationem
1271 4664 1301 4724 a
1342 4648 1784 4711 resurrectione,
1815 4645 1903 4701 di-

2016 4651 2158 4723 μετὰ
2181 4652 2278 4724 τὴν
2309 4650 2611 4706 ἀνάστασιν
2640 4647 2968 4718 σκευωρίαν,
3001 4637 3103 4716 τὴν
3144 4645 3609 4714 διαφημισθεῖσαν

218 4790 227 4797 .
314 4740 588 4814 vulgatam
652 4741 1085 4797 seductionem:
1133 4720 1474 4794 «Recordati
1525 4753 1738 4801 sumus,
1777 4737 1905 4806 quia

313 4834 575 4891 seductor
628 4834 722 4890 ille
769 4833 908 4899 dixit
964 4832 1145 4889 adhuc
1186 4834 1379 4888 vivens
1413 4850 1425 4885 :
1455 4828 1588 4886 Post
1643 4841 1758 4887 tres
1785 4830 1906 4886 dies

311 4940 627 4996 resurgam.
682 4922 820 4979 .Iube
852 4939 983 4995 ergo
1030 4923 1312 4995 obsignari
1355 4922 1672 4993 sepulcrum
1731 4913 1907 4991 usque

314 5019 374 5082 in
434 5017 581 5072 diem
647 5015 944 5075 tertium".
987 5034 1006 5065 ›
1074 5014 1140 5068 Ει
1176 5010 1377 5070 iterum
1436 5032 1449 5067 :
1494 5033 1513 5065 ι
1556 5014 1728 5069 Dicite
1776 5014 1903 5083 quia

313 5108 575 5179 discipuli
636 5108 761 5178 ejus
831 5108 991 5172 nobis
1055 5092 1461 5170 dormientibus
1514 5111 1677 5171 nocte
1734 5106 1903 5172 furati

313 5209 445 5257 sunt
468 5218 594 5257 eum
620 5214 669 5254 κ.
708 5219 728 5253 ι

383 5293 604 5365 Cogita,
639 5294 826 5357 homo,
860 5306 1029 5362 quam
1073 5292 1258 5346 multa:
1296 5291 1408 5345 sint
1450 5291 1661 5348 Christi
1703 5292 1809 5347 mei
1847 5300 1904 5346 et

313 5386 411 5442 Dei
468 5387 776 5458 passiones,
815 5385 1020 5456 quibus
1059 5399 1210 5438 meas
1238 5384 1526 5453 passiones
1561 5393 1616 5439 et
1646 5385 1778 5440 vitia
1805 5386 1903 5441 ab.

313 5482 573 5553 sumpsit.
597 5480 741 5548 Quot
762 5479 893 5535 mihi
917 5479 1322 5550 inde'stagnent
1353 5480 1749 5536 beneﬁciorum
1778 5481 1901 5535 fon-

314 5581 417 5635 tes,
449 5554 584 5642 quot
609 5571 870 5628 salutaria
901 5570 1164 5627 remedia.
1197 5570 1413 5639 Quanta
1444 5573 1612 5629 biduo
1639 5588 1668 5627 a
1698 5571 1904 5628 Judaeis

311 5665 577 5719 sustinuit
615 5684 635 5716 ι
668 5673 860 5734 pastor
902 5664 993 5718 ille
1045 5663 1225 5721 bonus
1263 5666 1355 5732 qui
1413 5667 1655 5721 animam
1740 5680 1898 5734 suam

314 5771 412 5823 pro
443 5756 601 5811 nobis
656 5756 852 5812 ovibus
906 5756 1087 5826 posuit
1119 5764 1169 5822 y,
1204 5776 1222 5809 ›
1264 5765 1390 5813 ante
1421 5758 1753 5830 passionem,
1787 5766 1911 5829 post

386 5868 623 5923 Mlattlu
689 5887 857 5937 xxv",
914 5870 1009 5925 23.
1089 5882 1113 5921 τι
1153 5876 1284 5932 ibid.
1322 5876 1410 5932 42.
1494 5885 1512 5913 τ
1559 5873 1692 5931 ibid.

317 5951 505 6005 prin,
701 5951 727 5990 γ
758 5940 909 5999 luan.
947 5958 1000 6009 ι,
1035 5942 1115 5996 l5.

1775 5877 1794 5905 ³
1827 5872 1958 5929 ibid.
1993 5871 2097 5928 60..

2011 4747 2222 4815 πλάνην
2246 4761 2259 4781 η
2299 4764 2317 4796 ι
2360 4742 2748 4815 Ἐμνήσθημεν
2773 4741 2858 4794 ὅτι
2887 4741 2916 4793 ὁ
2940 4738 3142 4801 πλάνος
3195 4740 3405 4825 ἐκεῖνος
3453 4731 3609 4789 εἶπεν

2009 4838 2089 4891 ἔτι
2123 4837 2256 4904 ζῶν,
2287 4837 2370 4890 ὃτι
2391 4835 2551 4890 Μετὰ
2579 4836 2730 4903 τρεῖς
2756 4832 2973 4903 ἡμέρας
3004 4822 3313 4901 ἐγείρομαι.
3335 4822 3613 4883 Κέλευσον

2007 4914 2102 4985 οὖν
2156 4927 2561 4998 σφραγισθῆναι
2588 4925 2679 4978 τὸν
2696 4924 2845 4977 λίθον
2866 4924 2972 4986 ἕως
2993 4923 3095 4992 τῆς
3116 4921 3309 4993 τρίτης
3337 4921 3569 4991 ἡμέρας.
3588 4938 3605 4970 ν

2008 5021 2120 5075 Καὶ
2152 5018 2311 5084 αὖθις
2337 5036 2349 5049 ·
2406 5037 2424 5069 t
2462 5018 2669 5075 Εἴπατε
2691 5016 2775 5069 ὅτι
2809 5013 2968 5086 ἡμῶν
3003 5013 3386 5083 κοιμωμένων,
3421 5014 3469 5071 ol
3506 5028 3609 5082 μα-

2015 5113 2179 5185 θηταὶ
2219 5110 2385 5166 αὐτοῦ
2410 5109 2601 5173 νυκτὸς
2628 5107 2863 5179 ἔκλεψαν
2898 5106 3077 5161 αὐτόν.
3122 5125 3142 5157 ι

2099 5290 2408 5358 Ἐννόησον,
2461 5286 2742 5359 ἄνθρωπε,
2781 5284 2882 5338 ὅσα
2911 5283 3006 5337 τοῦ
3058 5281 3197 5352 ἐμοῦ
3236 5280 3477 5353 Χριστοῦ
3518 5281 3609 5335 καὶ

2012 5382 2155 5436 Θεοῦ
2182 5383 2250 5436 τὰ
2277 5380 2448 5450 πάθη,
2482 5373 2563 5442 οἷς
2595 5379 2666 5433 τὰ
2696 5377 2805 5448 ἐμὰ
2837 5377 3194 5447 κατηνάλωσε
3224 5376 3394 5444 παθη.
3447 5375 3609 5427 Ὅσαι

2019 5493 2110 5546 μοι
2134 5476 2240 5528 τῶν
2269 5473 2521 5526 ἐντεῦθεν
2570 5470 2905 5543 εὐεργεσιῶν
2936 5470 3292 5539 λιμνάζουσιν
3319 5472 3376 5522 αἱ
3413 5469 3607 5540 πηγαί.

2016 5570 2159 5621 Ὅσα
2185 5567 2252 5622 τὰ
2285 5567 2530 5639 σωτήρια
2565 5565 2852 5635 φάρμακα.
2886 5564 3032 5617 Ὅσα
3060 5562 3166 5615 ὑπὸ
3190 5562 3344 5615 δυσὶν
3375 5562 3610 5632 ἡμέραις

2017 5660 2168 5736 παρᾶ
2198 5660 2472 5714 Ἰουδαίων
2504 5661 2717 5728 ὑπέστη
2757 5678 2777 5711 ‹
2813 5658 2850 5710 ὁν
2871 5656 3084 5727 Ποιμήν
3113 5656 3301 5720 καλὸς,
3331 5657 3358 5709 ὁ
3384 5656 3482 5724 τὴν
3507 5654 3610 5723 ψυ-

2016 5755 2117 5827 χὴν
2153 5751 2318 5809 αὑτοῦ
2346 5753 2458 5818 θεὶς
2485 5753 2626 5824 ὑπὲρ
2647 5751 2803 5824 ἡμῶν
2829 5749 2938 5804 τῶν
2964 5750 3254 5821 προϐάτων
3278 5766 3287 5779 ε
3337 5767 3349 5801 ι
3388 5749 3489 5819 προ
3519 5747 3609 5801 τοῦ

2170 5873 2181 5907 ¹
2220 5871 2351 5925 ibid.
2380 5870 2466 5927 49.
2546 5881 2572 5909 ιι
2601 5864 2734 5922 ibid.
2776 5863 2857 5917 ιο.
2938 5872 2962 5898 ν
3000 5861 3134 5917 ibid.
3177 5862 3263 5918 63.
3350 5874 3374 5903 ι
3409 5858 3591 5914 Matth.
