4012 6430
439 370 575 436 1919

1592 378 1649 437 S.
1692 375 2020 437 ΑΝῡΡιΕίΕ
2058 374 2476 436 CRE'IENSIS

3553 384 3684 452 1020

432 504 558 542 cum
609 486 967 542 Crucitixoin
1017 488 1249 544 sublime
1284 489 1554 553 tollimur,
1593 498 1651 544 ut
1705 501 1851 545 terra
1896 504 2021 544 cum

2136 488 2289 560 ἤχθη.
2328 490 2574 562 Σταυροῦ
2610 494 2913 564 πανήγυριν
2950 493 3175 564 ἄγομεν,
3207 494 3300 549 καὶ
3340 497 3413 568 τῷ
3446 500 3683 574 Σταυρω-

436 591 660 650 peccato
709 579 853 635 infra
892 580 1101 645 relicta,
1151 597 1389 652 superna
1434 598 1837 653 comparemus.
1868 583 2017 639 Crux

432 672 683 742 erigitur,
716 680 767 725 et
800 686 989 726 secum
1021 671 1182 742 erigit
1226 673 1378 730 humi
1413 674 1684 744 abjectam
1733 675 2015 730 hominum

433 772 712 818 naturam.
765 765 913 819 Crux
967 767 1219 835 erigitur,
1276 778 1330 822 ct
1384 768 1691 821 daemonum
1756 768 2017 823 ferociam

431 863 627 910 terret.
655 853 802 909 Crux
835 858 1125 925 exaltatur,
1152 870 1203 914 et
1231 859 1419 915 fracta
1443 861 1771 916 adversariae
1802 861 2020 917 Satanae

432 948 585 1002 vires
629 948 895 1004 decidunt
943 962 997 1005 ct
1050 954 1596 1015 enervantur..Crux
1646 955 1935 1021 exaltatur,
1968 964 2021 1010 et
2064 990 2067 993 -

434 1039 681 1094 Ecclesia
738 1050 1048 1105 conventus
1098 1042 1360 1097 celebrat.
1415 1043 1563 1097 Crux
1615 1044 1915 1106 exaltatur,
1967 1054 2020 1099 et

432 1131 683 1187 civitates
721 1132 917 1187 festum
964 1133 1107 1188 diem
1156 1144 1451 1204 peragunt,
1489 1135 1786 1204 populique
1833 1136 2019 1192 laetitia

435 1224 697 1292 gestiunt.
732 1224 924 1280 Crucis
955 1225 1228 1294 siquidem
1267 1227 1602 1288 meminisse,
1633 1227 1866 1298 insignis
1886 1244 2020 1300 gau-

436 1313 511 1366 dii
545 1314 798 1379 materia,
832 1318 1198 1385 rnmrorisque
1228 1316 1540 1372 imminutio
1574 1326 1678 1372 est.

510 1589 613 1643 Sel
645 1595 914 1658 quantum
956 1597 1041 1644 est
1067 1589 1253 1644 crucis
1296 1589 1521 1662 figuram
1556 1593 1843 1663 aspicere?
1880 1594 2018 1650 Nam

308 1670 339 1723 ’-
436 1697 555 1735 eam
588 1682 913 1742 intuentem,
935 1679 1126 1735 fortem
1146 1681 1310 1735 etlicit
1352 1691 1516 1752 atque
1537 1686 1782 1738 atimore
1803 1685 2017 1741 liberat.

438 1769 588 1825 Talis
636 1777 721 1825 est
778 1778 1039 1840 tantaque
1061 1772 1244 1826 crucis
1294 1772 1620 1841 possessio:
1665 1781 1719 1827 et
1754 1774 1845 1843 qui
1878 1774 2019 1828 hanc

2130 579 2274 633 θέντι
2338 584 2798 661 συνεπαιρόμεθα.
2835 586 2935 653 τὴν
2955 587 3060 655 γῆν
3118 588 3349 656 ἀφέντες
3380 591 3525 645 κάτω
3557 597 3688 662 μετὰ

2126 671 2229 737 τῆς
2285 673 2597 744 ἁμαρτίας,
2666 676 2753 728 ἵνα
2794 676 2861 729 τὰ
2894 679 3006 731 ἄνω
3063 678 3410 749 κτησώμεθα.
3463 682 3691 757 Σταυρδς

2130 762 2380 833 ὑψοῦται,
2415 767 2509 818 καὶ
2534 767 2758 836 συνυψοῖ
2809 771 2982 838 χαμαὶ
3022 772 3287 841 κειμένην
3343 772 3439 843 τὴν
3495 776 3693 848 ἀνθρω-

2130 855 2361 925 πότητα,
2416 859 2512 911 καὶ
2556 860 2623 913 τὰ
2676 860 2946 931 δαιμόνων
3011 863 3387 932 καταπλήσσει
3434 852 3500 919 τά
3530 871 3696 938 φρυά-

2129 948 2596 1020 γματα.Σταυρὸς
2628 951 2879 1018 ὑψοῦται,
2911 954 3004 1007 καὶ
3033 940 3128 1006 τοῦ
3148 953 3322 1008 Σατᾶν
3355 957 3388 1026 ἡ
3418 958 3696 1026 ἀντίπαλος

2129 1040 2552 1095 καταπίπτουσα
2586 1043 2816 1113 δύναμις
2867 1045 3158 1117 ὑποχωρεῖ
3209 1049 3303 1101 καὶ
3336 1051 3694 1107 συστέλλεται.

2128 1128 2369 1200 Σταυρδς
2398 1131 2655 1201 ὑψοῦται,
2678 1133 2773 1186 καὶ
2818 1135 3102 1205 συντρέχει
3152 1137 3251 1206 τῆς
3290 1134 3613 1209 Ἐκκλησίας
3644 1145 3699 1196 τὸ

2128 1215 2425 1290 πλήρωμα.
2469 1220 2713 1291 Σταυρὸς
2767 1221 3021 1290 ὑψοῦται,
3051 1224 3146 1275 καὶ
3179 1223 3364 1286 πόλεις
3405 1210 3701 1297 πανηγυρί-

2129 1307 2303 1373 ζουσι,
2341 1310 2438 1362 καὶ
2491 1308 2609 1362 λαοὶ
2640 1311 2977 1381 χαρμόσυνα,
2997 1311 3311 1367 σπένδουσι.
3341 1314 3453 1367 Καὶ
3481 1313 3541 1367 τὸ
3573 1318 3701 1386 μνη-

2130 1400 2325 1471 σθῆναι
2360 1401 2469 1473 γὰρ
2494 1402 2751 1474 σταυροῦ,
2786 1404 2965 1473 χαρᾶς
2994 1403 3258 1468 ὑπόθεσις
3290 1403 3582 1476 πρόδηλος,
3612 1406 3703 1461 καὶ⁸

2132 1492 2363 1561 συστολὴ
2389 1494 2871 1565 σκυθρωπότητος.

2201 1583 2275 1635 Τὸ
2294 1583 2347 1636 δὲ
2363 1584 2459 1637 καὶ
2478 1583 2648 1637 τύπον
2668 1583 2902 1655 ὁρᾶσθαι
2926 1583 3169 1655 σταυροῦ
3199 1585 3387 1656 ἡλίκον
3408 1602 3422 1650 ;
3439 1585 3705 1657 Ἀνδρείας

2128 1673 2239 1743 γὰρ
2286 1675 2550 1744 πρόξενον
2606 1675 2701 1728 καὶ
2770 1676 2975 1739 δειλίας
3025 1674 3316 1747 ἀπαλλαγὴ
3339 1675 3421 1746 τῷ
3456 1676 3707 1747 προσϐλέ-

2130 1781 2288 1819 ποντι
2342 1766 2575 1833 γίνεται.
2635 1766 2891 1821 Τοιοῦτόν
2935 1784 2990 1821 τι
3028 1768 3175 1837 μέγα
3223 1767 3319 1820 ⁴τοῦ
3390 1766 3622 1838 σταυροῦ
3650 1769 3706 1823 τὸ

439 1859 724 1929 possidet,
756 1859 1005 1928 possidet
1038 1861 1380 1915 thesaurum.
1415 1859 1489 1916 De
1517 1862 1636 1916 auri
1671 1877 1756 1918 me
1791 1862 2021 1919 forsitan

2136 1853 2315 1925 κτῆμα
2334 1855 2664 1926 καθέστηκεο
2688 1857 2782 1911 καὶ
2798 1855 3032 1911 ὁτοῦτον
3047 1858 3422 1929 κτησάμενος,
3450 1859 3707 1927 ἐκτήσατο

435 1952 642 2019 putatis
661 1949 809 2018 loqui
833 1950 1112 2014 thesauro,
1130 1958 1223 2004 aut
1243 1948 1686 2021 margaritarum,
1702 1968 1765 2007 ac
1783 1953 2024 2024 lapidum

440 2042 820 2113 pretiosorum
856 2041 1193 2107 Indicorum,
1238 2043 1437 2114 quibus
1475 2046 1722 2115 corp0ris
1773 2048 1859 2101 sui
1904 2056 2022 2103 stu-

432 2133 671 2200 diosi,et
701 2134 837 2213 nihil
877 2135 1078 2190 excelsi
1105 2137 1426 2205 cogitantes.
1446 2152 1567 2192 sese
1593 2137 1888 2193 oblectant.
1915 2141 2025 2213 Ego

444 2240 578 2280 vero
598 2225 650 2296 id
670 2209 814 2296 quod
847 2227 1093 2281 omnium
1120 2227 1387 2282 bonorum
1411 2229 1840 2298 pulcherrimum
1866 2242 1948 2287 est
1967 2248 2026 2288 re

437 2331 505 2372 ac
537 2317 780 2383 nomine,
806 2318 1123 2371 thesaurum
1143 2318 1270 2387 jure
1288 2310 1673 2386 appellaverint
1695 2339 1709 2384 ;
1728 2321 1780 2374 in
1814 2337 1944 2391 quo,
1972 2331 2026 2379 et

439 2418 537 2473 per
563 2420 806 2473 quem,et
834 2407 888 2460 in
911 2421 1070 2474 quem
1090 2407 1283 2462 salutis
1307 2419 1505 2462 nostra:
1528 2425 1740 2465 summa
1764 2414 2023 2483 reposita,

441 2506 494 2549 et
522 2497 761 2564 pristino
822 2498 988 2551 statui
1026 2499 1277 2552 restituta
1309 2509 1417 2555 est.
1456 2499 1513 2554 Si
1538 2501 1685 2555 enim
1746 2519 1879 2558 crux
1915 2521 2024 2559 non

440 2586 605 2653 foret,
653 2586 909 2644 Christus
949 2592 1247 2646 cruciﬁxus
1282 2607 1390 2646 non
1433 2601 1602 2650 esset.
1650 2592 1707 2650 Si
1738 2611 1872 2651 crux
1917 2613 2023 2652 non

440 2685 607 2741 esset,
649 2678 759 2730 vita
797 2678 947 2748 ligno
1006 2680 1177 2734 clavis
1232 2681 1423 2734 sullixa
1477 2697 1587 2737 non
1636 2690 1803 2740 esset.
1848 2686 1906 2740 Si
1960 2701 2023 2741 ea

441 2766 617 2820 clavis
648 2764 836 2821 sumta
868 2784 975 2823 non
1005 2779 1172 2834 esset,
1228 2788 1292 2825 ex
1329 2772 1499 2827 latere
1531 2772 1709 2829 fontes
1741 2777 2025 2831 immorta-

442 2857 636 2920 litatis,
663 2861 987 2931 sanguinem
1014 2874 1068 2917 et
1098 2878 1317 2933 aquam,
1343 2881 1466 2934 qua:
1487 2867 1749 2921 mundum
1775 2871 2021 2940 expiant,

441 2965 553 3005 non
605 2949 880 3007 fudissent
924 2972 938 3008 :
991 2957 1199 3024 peccati
1245 2957 1675 3028 chirographum
1712 2961 2022 3032 disruptum

440 3061 549 3102 non
584 3046 748 3112 foret,
786 3049 839 3101 in
879 3049 1187 3105 libertatem
1229 3054 1429 3107 asserti
1482 3069 1589 3109 non
1642 3070 1907 3124 essemus,
1956 3060 2025 3114 li-

443 3154 551 3210 gno
608 3139 732 3195 vita:
773 3156 881 3195 non
923 3141 1253 3208 frueremur,
1285 3146 1575 3215 paradisus
1625 3164 1735 3204 non
1787 3160 2021 3222 pateret,

444 3232 720 3288 versatilis
746 3235 1019 3304 romphaea
1044 3250 1075 3289 e
1103 3235 1189 3289 via
1227 3235 1394 3293 Edem
1423 3254 1533 3295 non
1561 3243 1907 3313 recessisset,
1940 3245 2023 3300 la-

446 3333 534 3378 tro
561 3326 878 3396 paradisum
918 3343 1031 3383 non
1060 3329 1344 3385 incoleret.

516 3595 579 3650 Et
613 3571 744 3665 quid
778 3595 864 3651 his
900 3596 1202 3653 immorer?
1242 3597 1297 3652 Si
1340 3613 1478 3653 crux
1517 3615 1625 3654 non
1664 3610 1831 3667 esset,
1866 3600 2029 3658 Chri-

447 3696 567 3743 stus
590 3689 644 3742 in
688 3698 831 3744 terra
873 3705 980 3744 non
1041 3690 1265 3755 fuisset;
1311 3701 1362 3745 et
1394 3692 1438 3746 si
1474 3691 1729 3747 Christus
1769 3693 1823 3746 in
1864 3694 2026 3748 terris

446 3793 557 3832 non
594 3779 811 3843 fuisset,
840 3795 947 3833 non
976 3778 1164 3850 Virgo,
1205 3796 1315 3835 non
1348 3780 1589 3836 secunda
1618 3781 1826 3836 Christi
1863 3798 2031 3853 gene-

444 3868 589 3921 ratio
620 3868 848 3933 fuisset;
876 3883 983 3921 uon
1003 3869 1399 3925 humanitatem
1428 3869 1693 3926 induisset
1715 3870 1861 3927 Deus
1881 3890 1897 3939 ;
1916 3888 2028 3927 non

436 3957 646 4014 fuisset
684 3971 894 4030 partus,
931 3977 1039 4015 non
1078 3978 1340 4033 praesepe,
1388 3979 1499 4018 non
1541 3962 1746 4029 fasciaa,
1792 3981 1903 4021 non
1939 3982 2031 4022 oc-

434 4059 574 4106 ~atavo
606 4053 693 4107 die
719 4055 1089 4119 circumcisio,
1136 4072 1244 4111 non
1279 4057 1516 4111 exhibita
1555 4058 1877 4127 parentibus
1902 4060 2032 4115 obe-

443 4144 676 4211 dientia,
723 4161 835 4200 non
888 4148 1064 4201 aetatis
1111 4162 1460 4217 progressus,
1502 4163 1610 4203 non
1658 4150 1909 4219 corporis
1945 4150 2030 4204 in-

430 4245 835 4304 crementum,
886 4253 996 4292 non
1051 4240 1345 4308 apparitio,
1394 4254 1505 4294 non
1562 4241 1821 4311 baptismi
1873 4259 2028 4310 usus,

436 4346 557 4387 aton
592 4339 805 4401 patrata
833 4331 1119 4397 miracula,
1153 4347 1261 4386 non
1290 4330 1462 4388 Judas
1511 4334 1782 4403 proditor,
1814 4350 1919 4390 non
1952 4333 2034 4389 Pi-

440 4418 593 4474 latus
623 4420 906 4487 judicans,
955 4435 1066 4474 non
1097 4418 1412 4476 Iudaeorum
1450 4423 1679 4478 audacia
1719 4425 1775 4479 in
1811 4440 2031 4481 crucem

2129 1947 2426 2018 θησαυρόν.
2486 1947 2704 2019 Χρυσοῦ
2741 1966 2809 2018 με
2851 1949 2998 2019 τάχα
3057 1948 3240 2003 οἴεσθε
3297 1948 3498 2004 τοῦτον
3538 1951 3709 2018 λέγειν

2126 2035 2220 2090 τὸν
2282 2036 2646 2108 θησαυρὸν,ἢ
2686 2019 3031 2108 μαργαρίτου
3094 2038 3191 2092 καὶ
3249 2037 3425 2092 λίθων
3476 2038 3708 2131 λινδικῶν

2130 2128 2468 2200 βαρυτίμων,
2508 2123 2591 2194 οἷς
2616 2130 2666 2183 οί
2692 2129 3067 2201 φιλοσώματοι
3117 2131 3401 2202 χαίρουσι,
3460 2123 3587 2203 περὶ
3644 2132 3709 2186 τὰ

2132 2221 2359 2293 μηδενὸς
2402 2221 2530 2286 ἄξια
2562 2221 3114 2294 σμικρολογούμενοι.
3182 2222 3328 2292 Ἐγὼ
3376 2224 3434 2278 δὲ
3499 2225 3708 2279 πάντων

2128 2311 2312 2365 καλῶν
2341 2311 2636 2366 κάλλιστόν
2653 2329 2711 2366 τε
2744 2314 2840 2367 καὶ
2870 2313 3334 2369 πολυτελέστατον
3365 2316 3462 2370 καὶ
3485 2319 3708 2387 πρᾶγμα

2129 2403 2224 2457 καὶ
2248 2404 2438 2474 ὄνομα,
2473 2405 2751 2476 θησαυρὸν
2785 2404 2853 2459 ἂν
2874 2405 3103 2470 εἰκότως
3157 2408 3370 2461 ἐκεῖνον
3427 2396 3710 2462 ἀποκαλοὶ-

2133 2513 2274 2567 μην,
2320 2498 2378 2551 ἐν
2409 2491 2487 2565 ᾧ,
2520 2498 2615 2550 καὶ
2652 2497 2720 2550 δι’
2757 2489 2856 2564 οῦ,
2899 2499 2993 2552 καὶ
3038 2499 3121 2558 είς
3152 2499 3245 2565 δν,
3293 2497 3451 2554 ἅπαν
3499 2501 3625 2569 ἡμῖν
3652 2500 3711 2553 τὸ

2126 2588 2225 2658 τῆς
2258 2590 2538 2660 σωτηρίας
2568 2588 2837 2642 ἀποτεθὲν
2876 2588 3256 2661 ἑπανωρθώθη
3294 2589 3618 2659 κεφάλαιον.
3652 2589 3711 2643 Εἰ

2131 2679 2209 2751 μὴ
2260 2681 2369 2751 γὰρ
2432 2680 2704 2751 σταυρὸς,
2755 2680 2858 2735 οὑκ
2898 2679 2968 2733 ἂν
3013 2681 3043 2732 ὀ
3084 2681 3339 2751 Χριστὸς
3381 2681 3707 2752 ὲσταὺρωτο.

2128 2768 2193 2823 Εί
2222 2771 2297 2839 μὴ
2320 2770 2572 2840 σταυρὸς,
2591 2772 2691 2823 οὑκ
2719 2768 2786 2823 ἂν
2814 2771 2848 2840 ἡ
2870 2770 2984 2839 ζωὴ
3011 2768 3089 2840 τῷ
3118 2769 3263 2841 ξύλῳ
3286 2773 3634 2843 προσήλωτο.
3653 2773 3711 2825 Εί

2132 2862 2207 2933 μὴ
2249 2862 2606 2935 προσήλωτο,
2655 2863 2755 2916 οὑκ
2792 2862 2859 2915 ἂν
2903 2864 2969 2914 ὲκ
3002 2861 3245 2933 πλευρᾶς
3278 2864 3329 2916 οι
3366 2864 3587 2934 κρουνοὶ
3618 2864 3713 2933 τῆς

2126 2953 2434 3025 ἀφθαρσίας
2460 2954 2763 3025 ὲπήγαζον,
2793 2950 2934 3024 αἷμα
2961 2956 3057 3007 καὶ
3081 2953 3252 3026 ὕδωρ,
3276 2952 3350 3009 τὰ
3385 2955 3481 3010 τοῦ
3511 2957 3710 3025 κόσμου

2128 3046 2424 3119 καθάρσια,
2459 3050 2560 3101 οὑκ
2591 3047 2657 3102 ἂν
2695 3048 2797 3117 τῆς
2829 3048 3111 3119 ἁμαρτίας
3143 3048 3522 3121 χειρόγραφον
3551 3049 3705 3121 ἔρῤη-

2129 3154 2246 3205 κτο,
2307 3141 2409 3193 οὑκ
2438 3139 2505 3194 ἂν
2535 3140 2632 3211 τῆς
2680 3139 2996 3210 ἐλευθερίας
3053 3139 3343 3211 ἐτύχομεν,
3385 3141 3487 3194 οὑκ
3524 3139 3593 3195 ἂν
3621 3139 3710 3193 τοῦ

2133 3232 2293 3301 ξύλου
2323 3234 2422 3303 τῆς
2474 3231 2620 3302 ζωῆς
2686 3228 3111 3304 ἁπηλαύσαμεν,
3158 3231 3260 3286 οὑκ
3285 3232 3356 3286 ἂν
3386 3234 3714 3306 παράδεισος

2132 3328 2352 3383 ἅνοικτο
2372 3369 2386 3394 ,
2418 3327 2519 3380 οὑκ
2551 3327 2618 3379 ἂν
2653 3327 2686 3397 ἡ
2716 3325 3061 3397 στρεφομένη
3128 3324 3387 3397 ῥομφαία
3433 3326 3535 3398 τῆς
3560 3327 3713 3397 Ἐδὲμ

2131 3421 2232 3491 τὴν
2258 3420 2375 3474 ὀδδν
2403 3417 2742 3491 παρεχώρει,
2771 3419 2874 3472 οὑκ
2898 3418 2965 3472 ἂν
2985 3419 3010 3471 ὁ
3036 3417 3244 3489 λῃστὴς
3266 3419 3364 3472 τδν
3392 3418 3713 3491 παράδεισον

2132 3511 2288 3583 ᾤκει.
3057 3554 3061 3558 ,

2207 3605 2273 3658 Τί
2293 3602 2468 3658 ταῦτα
2494 3603 2640 3671 λέγω
2664 3622 2679 3671 ;
2704 3604 2764 3658 El
2795 3603 2871 3674 μὴ
2908 3601 3164 3673 σταυρὸς,
3198 3602 3298 3661 οὑκ
3330 3603 3404 3657 ἂν
3426 3605 3455 3658 ὁ
3488 3601 3713 3673 Χριστὸς

2136 3698 2231 3752 ἐπὶ
2262 3698 2400 3768 γῆς’
2421 3698 2514 3751 καὶ
2545 3698 2595 3750 εί
2634 3698 2708 3767 μὴ
2742 3696 2981 3766 Χριστὸς
3036 3698 3131 3750 ἐπὶ
3191 3697 3316 3764 γῆς.
3356 3697 3461 3750 οὐκ
3494 3696 3561 3749 ἂν
3583 3697 3715 3763 [Iap-

2137 3790 2311 3857 θένος,
2366 3791 2465 3843 οὑκ
2496 3790 2564 3843 ἂν
2597 3791 2855 3860 γέννησις
2915 3789 3156 3862 Χριστοῦ
3208 3788 3474 3861 δευτέρω
3520 3788 3626 3842 οὐδ’
3653 3785 3715 3840 ἂν

2136 3885 2194 3936 ὲν
2226 3880 2499 3953 ἀνθρώπῳ
2555 3880 2720 3944 Θεόςο
2781 3880 2891 3933 οὐδ’
2945 3880 3011 3935 ἂν
3042 3882 3221 3943 τόκος,
3267 3880 3330 3933 οὑ
3394 3880 3595 3950 φάτνη,
3651 3877 3710 3931 ού

2139 3975 2455 4047 σπάργανα,
2488 3975 2548 4028 οὑ
2581 3974 2855 4046 περιτομὴ
2899 3975 3267 4045 ὀκταήμερος,
3315 3975 3423 4046 οὑχ
3472 3972 3714 4041 ὑποταγὴ

2138 4068 2363 4139 γονέων,
2392 4069 2453 4121 οὑ
2482 4066 2875 4138 μεθηλικίωσις
2909 4083 2924 4099 ·
2957 4068 3058 4120 οὑκ
3107 4066 3344 4137 αὑξησις
3414 4067 3665 4139 σώματος
3699 4104 3714 4130 ,

2139 4162 2241 4213 οὑκ
2267 4159 2560 4223 ἀνάδειξις,
2581 4160 2643 4212 οὑ
2671 4157 3051 4231 βαπτίσματος
3077 4159 3398 4230 μέθεξις,οὑ
3427 4159 3712 4229 θαυμάτων

2141 4252 2422 4319 ἐπίδειξις,
2451 4252 2550 4305 οὑκ
2579 4251 2776 4315 Ἰούδας
2797 4252 3086 4323 προδότης,
3116 4253 3178 4304 οὑ
3205 4238 3443 4317 Πιλᾶτος
3467 4252 3716 4315 δικάζων,

2141 4348 2243 4402 οὑκ
2294 4343 2568 4399 Ἰουδαίων
2627 4343 2803 4413 τόλμα
2856 4342 3225 4413 σταυροῦσθαι
3286 4343 3384 4398 τὸν
3429 4342 3718 4398 ἀνεύθυνον

2142 4438 2452 4512 κράζουσα.
2507 4438 2614 4490 Καὶ
2640 4437 2690 4488 εί
2734 4437 2807 4506 μὴ
2862 4435 3119 4506 σταυρὸς,
3156 4436 3260 4489 οὑκ
3293 4435 3363 4490 ἂν
3411 4436 3719 4503 ὲπεπάτητο

438 4513 534 4584 agi
568 4513 944 4567 indemnatum
990 4514 1230 4569 clamore
1282 4516 1587 4585 postulans.
1639 4515 1699 4571 Si
1743 4532 1877 4571 crux
1922 4535 2026 4572 non

2142 4533 2395 4593 θάνατος,
2451 4530 2550 4582 οὑκ
2607 4527 2902 4581 ἐσκύλευτο
2948 4527 3105 4600 ᾅδης,
3167 4527 3546 4599 οὑχόπικρὸς
3603 4526 3719 4594 δφις

432 4613 620 4670 νθδεει,
651 4620 799 4659 mors
831 4612 1105 4674 prostrata
1136 4620 1245 4660 non
1276 4614 1447 4673 esset,
1481 4606 1732 4662 infernus
1767 4624 1876 4663 non
1905 4625 2033 4679 spo-

437 4697 637 4757 liatus,
681 4711 790 4750 non
826 4686 1051 4751 enectus
1094 4699 1290 4752 noxius
1327 4713 1579 4768 serpens.
1624 4698 1820 4770 Magna
1867 4701 2031 4770 igitur

432 4800 503 4845 et
532 4791 772 4861 pretiosa
797 4807 884 4845 res
909 4806 1047 4844 crux
1071 4800 1175 4845 est.
1206 4791 1400 4861 Magna
1425 4791 1670 4861 quidem,
1705 4794 1834 4862 quia
1861 4794 2031 4847 multa

441 4898 548 4952 per
578 4879 753 4951 ip'sam
781 4883 923 4937 bona
953 4881 1143 4937 effecta
1172 4891 1340 4948 sunt;
1372 4889 1426 4937 et
1449 4891 1602 4936 tanto
1624 4885 1801 4954 plura,
1827 4896 2035 4954 quanto

446 4977 628 5046 magis
680 4974 889 5030 Christi
940 4975 1225 5030 miraculis
1268 4982 1323 5029 ct
1370 4975 1711 5030 cruciatibus
1785 4978 2029 5045 potiores

440 5076 635 5137 partes
681 5066 988 5121 tribuenda:
1041 5076 1193 5121 sunt.
1243 5064 1490 5120 Pretiosa
1534 5080 1698 5132 vero,
1758 5067 1886 5136 quia
1935 5067 2028 5122 Dei

446 5161 635 5232 passio
675 5171 729 5216 et
777 5169 1067 5229 tropaeum,
1119 5174 1253 5213 crux
1293 5167 1420 5212 est:
1456 5158 1640 5228 passio
1672 5160 1916 5229 quidem,
1959 5160 2029 5216 ob

436 5260 807 5323 spontaueam
851 5252 906 5304 in
946 5251 1064 5318 ipsa
1113 5249 1390 5319 passionis
1430 5256 1706 5318 mortem;
1767 5259 2028 5320 tropanun

437 5352 657 5411 autem,
686 5346 813 5414 quia
839 5344 893 5397 in
924 5343 1043 5411 ipsa
1068 5341 1320 5397 diabolus
1347 5341 1651 5405 sauciatus,
1695 5350 1750 5396 et
1796 5357 1922 5397 cum
1963 5359 2030 5398 eo

449 5451 600 5491 mors
651 5436 865 5491 devicta
919 5446 1039 5501 est;
1084 5442 1249 5503 atque
1304 5430 1604 5487 inferorum
1633 5433 1873 5489 claustra
1901 5449 2032 5489 con-

438 5530 606 5593 trita,
638 5535 694 5583 et
715 5526 1027 5581 communis
1066 5525 1312 5581 universi
1341 5524 1493 5580 orbis
1534 5525 1686 5581 salus
1712 5543 1847 5581 crux
1886 5525 2029 5581 facta

446 5629 558 5677 est.
1834 5674 1851 5683 -

520 5709 671 5766 Crux
702 5710 1150 5766 Christianorum
1192 5726 1338 5780 spes,
1376 5711 1801 5781 desperatorum
1844 5726 2027 5766 serva-

452 5805 585 5871 trix,
616 5813 941 5875 teutpestatc
968 5805 1192 5877 jactatis
1220 5813 1414 5877 portus
1435 5845 1449 5873 ,
1480 5807 1827 5862 infirmorum
1867 5804 2033 5860 rnedi-

2130 4622 2486 4690 ἐνενέκρωτο.
2520 4618 2619 4672 Διὰ
2662 4617 2825 4672 τοῦτο
2884 4618 3030 4688 μέγα
3059 4635 3112 4671 τι
3148 4620 3339 4691 χρῆμα
3392 4621 3489 4673 και⁵
3546 4617 3719 4687 τίμιον

2129 4715 2158 4766 ὸ
2190 4711 2444 4777 σταυρός.
2481 4708 2642 4776 Μέγα
2678 4708 2801 4778 μὲν,
2832 4708 2917 4761 ὃτι
2948 4708 3122 4761 πολλὰ⁵
3141 4709 3208 4762 δι’
3236 4708 3406 4763 αὑτὸν
3444 4708 3555 4761 τῶν
3592 4709 3721 4775 ἀγα-

2130 4803 2242 4856 θῶν
2272 4799 2635 4871 κατωρθώθη,
2669 4801 2765 4852 καὶ
2793 4800 3040 4870 τοσούτῳ
3094 4800 3288 4863 πολλὰ,
3363 4801 3479 4868 ὅσῳ
3536 4801 3631 4853 καὶ
3655 4796 3718 4850 τὰ

2131 4891 2372 4963 Χριστοῦ
2399 4890 2659 4959 θαύματα
2693 4890 2789 4943 καὶ
2821 4890 3126 4960 παθήματα
3186 4890 3330 4943 κατὰ
3361 4890 3566 4954 παντὸς
3612 4887 3718 4957 ἔχει

2132 4985 2295 5051 λόγου
2325 4982 2395 5036 τὰ
2418 4983 2735 5053 νικητήρια.
2769 4981 2961 5052 Τίμιον
2987 4982 3067 5046 δὲ,
3091 4983 3175 5034 ὅτι
3202 4981 3339 5034 Θεοῦ
3367 4981 3600 5051 πάθημα
3631 4978 3719 5035 καὶ

2136 5077 2398 5147 τρόπαιον
2419 5076 2447 5128 ὀ
2471 5073 2723 5144 σταυρός·
2751 5071 2981 5143 πάθημα
3007 5072 3127 5141 μὲν,
3151 5074 3233 5126 ὅτι
3251 5073 3341 5125 διὰ
3359 5073 3453 5127 τὸν
3481 5072 3719 5124 ἑκούσιον

2137 5171 2196 5223 ὲν
2233 5168 2383 5238 αὑτῷ
2412 5167 2505 5221 τοῦ
2555 5166 2764 5231 πάθους
2825 5167 3086 5221 θάνατον’
3121 5168 3385 5238 τρόπαιον
3418 5167 3496 5235 δὲ,
3526 5166 3613 5220 διὰ
3665 5165 3721 5218 τὸ

2137 5257 2603 5330 τετραυματίσθαι
2650 5258 2710 5309 ὲν
2744 5256 2895 5328 αὑτῷ
2944 5258 3036 5310 τὸν
3085 5257 3363 5323 διάϐολον,
3415 5255 3721 5324 νενικῆσθαι

2128 5353 2188 5406 δὲ
2217 5353 2316 5405 σὺν
2354 5350 2506 5419 αὑτῷ
2538 5350 2630 5402 τὸν
2692 5350 2920 5404 θάνατον
2940 5373 2953 5382 ·
2997 5351 3391 5423 συντετρίφθαι
3422 5350 3479 5404 δὲ
3514 5350 3605 5402 καὶ
3634 5345 3720 5398 τοῦ

2132 5443 2262 5515 ᾅδου
2294 5442 2361 5496 τὰ
2395 5442 2645 5512 κλεῖθρα,
2683 5443 2778 5495 καὶ
2808 5443 2991 5497 κοινὸν
3021 5443 3225 5507 παντὸς
3275 5442 3607 5513 γεγενῆσθαι
3634 5439 3720 5491 τοῦ

2100 5530 2103 5533 ’
2139 5537 2351 5607 κόσμου
2379 5528 2653 5608 σωτήριον
2678 5536 2770 5590 τὸν
2800 5537 3053 5608 σταυρόν.

2213 5712 2453 5784 Σταυρδς
2472 5713 2817 5783 Χριστιανῶν
2841 5714 3021 5778 ἐλτεις,
3053 5710 3499 5786 ἐπεγνωσμένων
3531 5707 3721 5775 σωτὴρ,

2139 5804 2556 5877 χειμαζοςδένιυν
2613 5806 2775 5877 λιμὴν
2816 5847 2830 5869 ,
2868 5806 3240 5861 ἀσθενούντων
3275 5802 3488 5873 Ξατρδς,
3548 5799 3721 5853 ’παθῶν
