4012 6468
457 403 597 471 1037

1451 405 1534 468 ΙΝ
1565 402 2163 466 EXALTATIONEM
2196 403 2257 464 S.
2297 402 2591 465 CRUCIS.
2635 405 2717 465 II.

3581 409 3717 475 1033

448 520 592 576 ποιεί
622 519 650 572 ὀ
675 517 832 584 Θεὸς,
871 519 899 572 6
929 517 987 572 ὲν
1024 515 1174 586 αὐτῷ
1204 514 1298 569 κού⁸
1347 515 1413 570 δι’
1455 514 1619 569 αὐτοῦ
1670 516 1769 588 τὴν
1820 517 2029 584 παγκά-

2161 513 2449 580 :lauditur,
2496 516 2625 584 quid
2674 514 2804 569 facit
2863 515 3026 575 Deus.
3070 520 3159 588 qui
3214 520 3268 574 in
3311 536 3499 591 cruce,
3535 534 3589 579 et
3621 542 3717 595 per

449 629 610 684 σμιον
659 630 677 663 ι
703 610 980 681 σωτηρίαν
1010 609 1110 679 τῆς
1161 607 1265 678 γῆς
1316 608 1374 660 ὲν
1408 606 1561 677 μέσῳ
1605 607 2031 677 κατεργασάμε-

367 708 377 717 “
446 722 577 773 νος;
611 723 630 757 ι
670 704 750 775 Τῇ
794 703 893 774 μὲν
926 701 1177 773 βασιλίδι,
1207 700 1282 763 ὡς
1310 699 1493 771 μικρῷ
1515 699 1755 770 πρόσθεν
1790 697 2028 769 ἔφαμεν,

449 796 617 850 πόθον
648 796 827 865 ἐνίησι
857 791 1079 859 ζέοντα·
1120 794 1233 856 τοῖς
1269 791 1350 858 δὲ,
1380 790 1547 860 φόϐον
1590 790 1874 861 ἐμϐάλλει,
1906 790 2035 862 ὅλην

448 886 627 941 αὐτῶν
664 885 1077 956 ἐκταράσσοντα
1113 882 1214 954 τὴν
1255 882 1426 953 ζωήν.
1462 883 1523 936 Οἱ
1576 882 1621 935 δ’
1666 883 1891 938 ἐπειδὰν
1936 883 2037 954 τῆς

451 979 682 1051 ἐρεύνης
734 978 796 1031 τὸ
844 976 1220 1050 ἀπαραίτητον
1257 971 1417 1039 εἶδον,
1479 975 1732 1028 ἑκούσιον
1760 975 1824 1028 τὸ
1872 975 2036 1029 ἀϐού-

451 1071 613 1144 λητον
645 1070 944 1137 δείξαντες,
973 1065 1401 1138 πεφανερώκασι
1438 1069 1501 1121 τὸ
1536 1068 1909 1139 πολυτίμητον
1940 1067 2037 1121 τοῦ

452 1166 726 1221 Δεσπότου
760 1164 1010 1234 σημεῖον.
1055 1161 1114 1216 Ὀ
1140 1162 1197 1215 δὲ
1224 1161 1521 1233 προῆλθεν,
1564 1160 1754 1233 ὥσπερ
1782 1159 1842 1227 ἐξ
1875 1160 2038 1216 ἄλλου

452 1256 600 1319 τινὸς
638 1253 1024 1325 στερεώματος
1073 1252 1183 1307 τῶν
1221 1253 1320 1321 τῆς
1350 1253 1453 1322 γῆς
1497 1251 1839 1323 ὑποχθονίων
1885 1250 2039 1322 ἡλίου

453 1349 634 1420 δίκην,
667 1347 768 1411 τὰς
806 1345 1150 1408 Δεσποτικὰς
1184 1344 1580 1414 ἐξαστράπτων
1614 1346 1864 1408 ἀκτῖνας.
1896 1347 2042 1417 Προ-

455 1439 589 1511 ἦλθε
629 1438 815 1491 τοίνυν
866 1437 931 1490 ἐκ
959 1437 1060 1507 τῆς
1106 1436 1210 1506 γῆς
1253 1435 1487 1503 ἀδύτων,
1520 1438 1587 1489 τὸ
1623 1435 1719 1490 τοῦ
1766 1437 2039 1491 Δεσπὸτου

461 1532 711 1601 σημεῖον,
760 1528 829 1582 δι’
889 1518 952 1581 οῦ
1007 1527 1328 1598 κευθμῶνες
1379 1526 1507 1599 ᾅδου
1559 1529 2041 1596 κατασεισθέντες,

456 1622 637 1693 ψυχὰς
668 1621 769 1683 τὰς
814 1619 1014 1674 αὐτόσε
1057 1619 1435 1690 κατεχομένας
1478 1619 1871 1673 ἀπολελύκασι.
1901 1620 2045 1690 Προ-

458 1712 622 1784 ἧλθεν
648 1712 724 1777 ὡς
761 1713 825 1765 ὲκ
860 1711 1134 1775 παστάδος
1180 1711 1438 1782 νυμφίος,
1480 1711 1591 1765 τῶν
1630 1710 1831 1783 χοῖκῶν
1876 1711 2046 1767 θαλά-

464 1823 602 1878 μων,
636 1807 664 1858 6
694 1802 788 1857 τοῦ
813 1804 1023 1875 Κυρίου
1053 1805 1311 1875 σταυρὸς,
1342 1804 1410 1857 δι’
1441 1796 1505 1859 οὗ
1539 1803 1618 1875 τῷ
1652 1804 1876 1876 Χριστῷ
1905 1822 2045 1875 νυμ-

2135 618 2355 659 crucem
2390 604 2636 658 universi
2686 604 2879 659 mundi
2910 623 2928 657 ι
2967 607 3199 661 salutem
3245 610 3299 662 in
3352 612 3533 667 media
3560 622 3718 669 terrae

2135 707 2399 764 operatus
2441 696 2613 750 est'?
2673 714 2692 748 ι
2746 695 3088 768 lmperatriei
3145 700 3390 771 quidem,
3444 712 3501 759 ut
3552 710 3718 776 paulo

2136 794 2266 841 ante
2317 787 2585 851 diximus,
2639 787 2841 843 ardens
2890 790 3138 845 immittit
3192 794 3572 850 desiderium:
3609 800 3721 856 illis

2137 886 2318 930 autem
2367 878 2619 933 timorem
2675 879 2894 946 incutit,
2931 882 3022 950 qui
3075 890 3248 937 totam
3297 884 3519 940 illorum
3553 889 3720 943 vitam

2137 971 2516 1024 conturbaret.
2552 971 2634 1025 llli
2670 987 2821 1038 vero,
2850 990 2974 1028 cum
3006 976 3252 1030 viderent
3284 979 3397 1033 ﬁeri
3426 996 3532 1034 non
3560 997 3724 1051 posse

2140 1069 2201 1118 ut
2237 1063 2308 1118 ab
2354 1064 2712 1133 inquisitione
2743 1064 2968 1138 [crucis
3015 1067 3274 1141 latentis]
3335 1070 3721 1139 desistcrctur,

2140 1153 2499 1211 ostendentes
2553 1171 2613 1211 se
2645 1171 2745 1212 sua
2774 1169 2972 1227 sponte
3022 1157 3226 1223 facere,
3251 1163 3394 1230 quod
3446 1162 3724 1219 faciebant

2142 1245 2323 1314 inviti,
2352 1247 2627 1317 imprimis
2668 1248 3046 1303 venerandum
3092 1249 3305 1305 Domini
3345 1255 3562 1321 signum
3605 1271 3724 1306 tnu-

2143 1338 2497 1394 nifestaruut.
2532 1339 2628 1394 llla
2673 1349 2882 1408 autem,
2938 1349 3198 1409 tanquam
3234 1357 3300 1395 ex
3337 1344 3446 1395 alio
3486 1343 3723 1412 quodam

2142 1431 2419 1500 processit
2476 1430 2863 1486 ﬁrmamento:
2928 1447 3121 1501 nempe
3162 1448 3230 1487 ex
3280 1440 3436 1488 terrm
3469 1444 3727 1504 penetra-

2145 1524 2315 1587 libus,
2379 1523 2555 1580 instar
2610 1524 2745 1580 solis
2801 1525 3123 1581 Dominicos
3199 1527 3388 1583 radios
3441 1529 3723 1586 emittens.

2144 1612 2426 1670 Processit
2479 1616 2663 1686 itaque
2707 1624 2931 1672 eterra:
2966 1618 3149 1689 adytis
3197 1619 3415 1673 Domini
3471 1620 3719 1690 signum,

2147 1723 2246 1779 per
2275 1707 2422 1778 quod
2477 1708 2783 1764 inferorum
2829 1726 3120 1766 concussa}
3170 1726 3441 1777 cavernm,
3478 1712 3732 1767 absolve-

2148 1807 2279 1855 runt
2332 1801 2571 1866 animas,
2632 1819 2754 1871 qua:
2809 1802 2924 1857 illic
2977 1804 3391 1859 detinebantur.
3450 1803 3732 1860 Processit

460 1897 724 1968 φευθεῖσα
774 1898 808 1966 ή
861 1896 921 1964 ἐξ
983 1896 1155 1950 ὲθνῶν
1217 1896 1550 1967 Ἐκκλησία,
1594 1897 1693 1969 τὴν
1748 1896 2045 1968 πολύγονον

2161 1901 2415 1963 tanquam
2460 1909 2527 1948 ex
2584 1895 2757 1949 cubili
2810 1910 3071 1964 sponsus,
3108 1912 3138 1950 e
3185 1899 3423 1954 terrenis
3471 1900 3733 1954 thalamis

472 1990 746 2060 Ἐλλήνων
778 1990 966 2043 ἁθεΐαν
1006 1989 1263 2045 ἀπέθετο.
1309 1990 1589 2061 Προῆλθεν
1624 1991 1890 2061 ὁινοητδς
1938 1990 2047 2045 τῶν

462 2081 671 2135 πιστῶν
704 2078 1078 2157 μαργαρίτης,
1110 2080 1189 2151 τῷ
1233 2083 1488 2153 στεφάνῳ
1527 2081 1621 2135 τοῦ
1654 2082 1919 2153 Χριστοῦ,
1953 2083 2047 2136 λυ-

464 2175 650 2247 χνίτου
679 2174 839 2246 δίκην
870 2175 1399 2245 ἐμπεπορπημένος,
1432 2176 1521 2228 ἵνα
1550 2174 1917 2248 καταστράψῃ
1947 2176 2048 2247 τὴν

469 2268 768 2339 σύμπασαν
808 2266 1161 2337 οἰκουμένην.
1194 2268 1474 2338 Προῆλθεν
1500 2268 1528 2321 6
1558 2268 1766 2338 κόσμος
1792 2267 1893 2337 τῆς
1928 2267 2052 2321 Ἐκ-

469 2360 724 2433 κλησίας,
754 2361 782 2413 6
815 2358 910 2412 τοῦ
945 2359 1153 2430 Κυρίου
1185 2360 1436 2431 σταυρὸς,
1469 2360 1599 2430 ὅλην
1631 2359 1804 2439 αὐτὴν
1839 2359 2053 2431 κοσμή-

471 2470 579 2508 σων
605 2454 704 2524 τὴν
733 2452 1018 2525 περίγειον
1049 2452 1247 2506 κτίσιν.
1276 2451 1558 2522 Προῆλθεν
1593 2450 1670 2515 ὡς
1704 2451 1770 2505 ὲκ
1804 2453 2052 2523 φρουρᾶς

466 2547 495 2601 6
522 2544 836 2611 ἀνεύθυνος,
866 2545 956 2599 ἵνα
986 2545 1114 2609 τοὺς
1145 2543 1485 2607 ὑπευθύνους
1516 2543 1959 2615 ἀνακαλέσηται·
1989 2546 2055 2597 ὲκ

463 2636 575 2691 τῶν
609 2634 850 2708 δεσμῶν,
873 2638 901 2689 6
926 2636 1262 2707 ἀκράτητος,
1299 2635 1388 2688 ἵνα
1407 2636 1537 2699 τοὺς
1565 2634 1825 2706 δεσμίους
1856 2634 2055 2699 λυτοὺς

466 2729 858 2806 ἀπεργάσηται
876 2746 892 2761 ο
925 2730 992 2783 ὲκ
1029 2728 1140 2783 τῶν
1167 2728 1463 2783 σκοτεινῶν
1490 2727 1730 2800 χωρίων,
1755 2719 1847 2781 τοῦ
1879 2727 2056 2798 φωτὸς

469 2823 503 2892 ἠ
532 2818 748 2893 λυχνία,
779 2820 869 2876 ἵνα
898 2821 998 2893 τὴν
1052 2820 1226 2876 νύκτα
1265 2820 1479 2874 λύσασα
1530 2821 1630 2892 τῆς
1660 2820 1963 2891 ἀγνωσίας,
1995 2818 2057 2872 τὸ

471 2913 588 2984 φῶς
616 2913 875 2986 ἐκλάμψῃ
907 2914 1009 2984 τῆς
1040 2909 1416 2983 ἐπιγνώσεως.

543 3174 786 3239 Εἰκότως
816 3175 912 3231 οὖν
954 3177 988 3245 ή
1023 3176 1323 3246 Ἐκκλησία
1351 3175 1430 3247 τῷ
1463 3175 1682 3248 σταυρῷ
1710 3174 1806 3230 τοῦ
1847 3176 2055 3250 Κυρίου

476 3268 871 3339 συγχαίρουσα,
901 3268 994 3321 τὸν
1025 3270 1227 3338 ἑαυτῆς
1256 3267 1460 3338 χιτῶνα
1496 3268 1825 3334 στολίζεται,
1858 3272 1954 3323 καὶ
1996 3270 2059 3323 τὸ

476 3358 757 3430 νυμφικὺν
806 3357 1232 3412 ὲκκαλύπτουσα
1268 3355 1492 3424 κάλλος,
1543 3357 1914 3428 ἀποσεμνύνει
1960 3359 2059 3428 τῆς

473 3449 695 3520 ἡμέρας
723 3448 787 3502 τὸ
832 3447 1150 3520 πρόσωπον.
1193 3448 1437 3510 Εἰκότως
1483 3449 1579 3502 καὶ
1623 3452 1651 3501 6
1682 3450 1852 3513 πολὺς
1902 3441 2060 3513 οὗτος

473 3540 605 3604 λαὸς
653 3540 1067 3612 συναγήγερται
1103 3542 1380 3612 σήμερον,
1423 3541 1513 3595 ἵνα
1560 3542 1655 3595 καὶ
1686 3541 1778 3594 τὸν
1824 3541 2060 3611 σταυρὸν

477 3632 871 3704 φανερωθέντα
912 3632 1181 3702 θεάσηται
1219 3622 1485 3704 σήμερόν,
1540 3634 1635 3686 καὶ
1677 3632 1771 3685 τὸν
1821 3631 2061 3701 Χριστὸν

478 3727 537 3779 ὲν
565 3723 714 3796 αὐτῷ
737 3725 1142 3795 συνυψούμενον
1170 3727 1531 3799 προσκυνήσῃ
1559 3725 1855 3797 θεώμενος.
1895 3726 2063 3795 Ἐφα-

478 3818 690 3891 νερώθη
724 3818 872 3890 γὰρ,
925 3818 1015 3871 ἴνα
1076 3818 1304 3890 ὑψωθῇο
1356 3817 1590 3888 ὑψοῦται
1643 3818 1722 3883 δὲ,
1774 3816 1863 3873 ἵνα
1896 3835 2063 3887 φανε-

483 3912 654 3985 ρωθῇ.
686 3912 818 3977 Τίς;
870 3911 929 3965 Ὁ
979 3913 1086 3983 πρὸ
1143 3911 1344 3984 μικροῦ
1383 3911 1482 3983 μὲν
1532 3914 1590 3966 ἐν
1632 3913 1789 3982 τόπῳ
1832 3912 2061 3984 κρανίου

480 4003 900 4074 κρυπτόμενος,
949 4003 1230 4075 πανταχοῦ
1290 4005 1350 4058 δὲ
1411 4004 1508 4060 νῦν
1558 4004 2061 4075 προσκυνούμενος.

482 4095 687 4149 Τοῦτον
734 4084 1069 4167 ἑορτάζομεν
1116 4097 1395 4167 σήμερον·
1446 4095 1639 4149 τοῦτον
1685 4095 2064 4166 πανηγυρίζο-

487 4202 622 4259 μενο
674 4186 836 4241 τοῦτο
887 4189 988 4259 τῆς
1047 4188 1335 4258 παρούσης
1384 4188 1579 4258 ἑορτῆς
1624 4188 1685 4240 τὸ
1742 4189 2062 4256 κεφάλαιον.

482 4279 656 4334 Τοῦτο
677 4282 710 4351 ἡ
730 4278 822 4334 τοῦ
850 4281 1151 4351 μυστηρίου
1180 4282 1508 4351 φανέρωσις.
1540 4280 1682 4335 Ἀλλ’
1708 4278 1824 4351 ῶρα
1858 4280 2063 4344 λοιπὸν,

482 4371 579 4426 καὶ
605 4371 704 4443 τὴν
734 4371 944 4442 ὕψωσιν
977 4373 1147 4426 αὐτοῦ
1174 4372 1271 4427 τοῦ
1320 4373 1557 4446 σταυροῦ
1582 4374 1890 4445 Γραφικαῖς
1920 4392 2065 4446 μαρ-

479 4465 701 4536 τυρίαις
741 4463 1139 4520 πιστώσασθαι.
1183 4467 1358 4519 Τοῦτο
1401 4466 1513 4537 γὰρ
1565 4466 1750 4539 μικρῴ
1794 4467 2065 4539 πρότερον

484 4556 866 4630 ὑπεσχόμεθα,
928 4557 1035 4612 κᾶν
1076 4559 1160 4612 ὅτι
1218 4559 1554 4631 προδραμὼν
1602 4561 1631 4614 6
1668 4558 1848 4629 λόγος,
1893 4558 1961 4614 τὰ
2009 4559 2068 4612 ἐν

486 4649 639 4724 μέσῳ
661 4649 936 4722 παρῆκεν.
965 4650 1115 4706 Ἔδει
1141 4649 1273 4721 γὰρ,
1313 4649 1423 4705 ἔδει
1448 4653 1685 4727 φανερὸν
1722 4650 1977 4721 γενέσθαι
2006 4649 2069 4704 τὸ
2103 4632 2145 4687 θ

556 4838 586 4871 ⁸
621 4826 769 4888 Psal.
786 4829 1074 4894 usuum.

2151 1999 2286 2040 crux
2315 1984 2557 2052 Domini,
2613 2003 2708 2056 per
2736 2004 2900 2058 quam
2942 1987 3167 2044 Christo
3222 1989 3577 2060 desponsata,
3610 2008 3734 2063 qua:

2150 2089 2216 2129 ex
2274 2076 2536 2145 gentibus
2597 2075 2841 2132 Ecclesia
2886 2087 2991 2144 est,
3051 2078 3314 2148 deposuit
3368 2082 3735 2152 multiplicem

2151 2166 2439 2236 gentilium
2500 2169 2862 2239 impietatem.
2914 2170 3195 2227 Processit
3231 2171 3603 2243 intelligibilis
3639 2175 3734 2229 illa

2156 2254 2393 2310 lidelium
2433 2260 2754 2327 margarita.
2808 2270 3031 2315 coronae“
3069 2260 3275 2315 Christi
3313 2262 3491 2318 instar
3521 2264 3706 2335 lychni

2154 2344 2226 2402 tis
2257 2362 2485 2417 gemmae
2536 2361 2600 2402 ac
2630 2350 2955 2404 carbunculi
2992 2349 3115 2421 (60)
3166 2350 3355 2419 inﬁxa,
3411 2360 3470 2407 ut
3512 2355 3736 2410 univer-

2157 2451 2278 2493 sum
2343 2448 2617 2493 terrarum
2670 2439 2869 2494 orbem
2926 2440 3179 2495 irradiet.
3242 2441 3522 2498 Processit
3570 2461 3740 2500 orna-

2156 2539 2404 2586 mentum
2463 2530 2748 2596 Ecciesire,
2809 2547 2944 2586 crux
3000 2532 3240 2598 Domini,
3309 2545 3366 2590 ut
3422 2537 3738 2591 universam

2158 2630 2476 2678 terrestrem
2543 2634 2801 2679 naturam
2856 2624 3211 2682 condecoret.
3279 2626 3560 2684 Processit
3613 2641 3740 2684 tan-

2157 2729 2321 2784 quam
2365 2730 2433 2769 ex
2485 2714 2742 2771 custodia
2775 2717 2987 2781 insons,
3024 2725 3081 2771 ut
3134 2727 3322 2776 sontes
3357 2732 3641 2777 revocaret
3673 2737 3739 2777 ex

2163 2806 2419 2873 vinculis,
2449 2823 2573 2878 quae
2617 2810 2792 2864 teneri
2848 2809 3041 2880 nequit
3081 2819 3134 2864 et
3173 2811 3397 2881 vinciri,
3433 2821 3494 2868 ut
3524 2814 3742 2869 vinctos

2156 2886 2401 2953 ’vinculis
2433 2901 2788 2966 exsolveret;
2822 2917 2886 2955 ex
2927 2902 3293 2959 tenebricosis
3337 2903 3475 2958 locis
3518 2904 3743 2959 lucerna

2162 2989 2324 3056 lucis,
2358 2998 2419 3045 ut
2450 2990 2688 3062 disiecta
2725 2991 3051 3064 ignorantiae
3092 3002 3278 3059 nocte,
3318 2995 3413 3050 lux
3471 2997 3745 3069 Cognitio-

2161 3081 2249 3139 nis
2280 3082 2584 3154 aﬂulgeret.

2231 3174 2367 3233 Jure
2412 3176 2583 3249 igitur
2635 3175 2909 3243 Ecclesia,
2956 3181 3113 3235 cruci
3156 3176 3374 3232 Domini
3430 3178 3742 3249 gratulans,

2165 3278 2315 3327 veste
2345 3286 2445 3326 sua
2494 3271 2782 3337 amicitur,
2824 3280 2878 3327 et
2920 3286 3139 3342 sponsa:
3171 3280 3459 3328 ostentans
3490 3272 3743 3343 pulchri-

2161 3363 2427 3429 tudinem,
2459 3360 2567 3416 diei
2592 3361 2759 3432 hujus
2784 3364 3112 3418 cohonestat
3143 3365 3515 3434 praesentiam.
3551 3363 3748 3420 Merito

2159 3456 2322 3510 etiam
2354 3456 2550 3525 ingens
2587 3455 2704 3510 haec
2738 3455 3033 3511 multitudo
3060 3456 3227 3511 hodie
3259 3467 3592 3528 congregata
3629 3466 3738 3521 est,

2161 3554 2294 3602 utet
2321 3563 2540 3603 crucem
2563 3546 2899 3618 patefactam
2949 3549 3111 3604 hodie
3138 3551 3558 3620 contempletur,
3592 3550 3748 3604 Chri-

2162 3648 2418 3710 stumque
2454 3640 2693 3695 simulin
2715 3640 2804 3694 illa
2825 3641 3128 3695 exaltatum
3162 3640 3354 3696 videns
3385 3642 3575 3698 adoret
3609 3642 3743 3715 (6|).

2161 3732 2437 3790 Patefacta
2476 3735 2620 3789 enim
2663 3744 2765 3798 est,
2814 3744 2875 3790 ut
2905 3735 3183 3791 exaltetur
3242 3754 3254 3791 :
3299 3738 3572 3792 exaltatur
3616 3753 3750 3793 vero

2163 3830 2224 3877 ιιι
2276 3823 2677 3879 manifestetur.
2743 3823 3052 3891 Quaenam?
3105 3823 3203 3880 Illa
3278 3826 3561 3896 videlicet,
3629 3846 3753 3900 qua:

2167 3917 2329 3987 paulo
2365 3925 2497 3972 ante
2528 3917 2582 3970 in
2624 3917 2747 3971 loco
2796 3916 3064 3972 Calvariae
3106 3917 3572 3985 abscondebatur,
3604 3934 3753 3973 nunc

2167 4015 2352 4061 autem
2394 4007 2603 4079 ubique
2649 4008 2938 4062 adorator.
2979 4006 3117 4063 Huic
3153 4007 3317 4063 hodie
3369 4008 3751 4077 feStumdiem

2169 4099 2527 4165 dedicamus;
2583 4100 2751 4170 hujus
2782 4102 2958 4171 gratia
3024 4101 3077 4155 in
3131 4088 3304 4156 unum
3363 4105 3750 4157 convenimus.

2171 4189 2289 4246 Hoc
2324 4194 2617 4262 praesentis
2668 4192 2793 4247 festi
2838 4202 3005 4264 caput
3035 4201 3155 4260 est;
3202 4193 3319 4248 haec
3382 4190 3631 4265 mysterii
3658 4193 3758 4248 de-

2170 4284 2425 4340 elaratio.
2470 4283 2576 4339 Sed
2615 4284 2729 4355 jam
2783 4292 3001 4356 tempus
3050 4294 3237 4340 monet
3269 4293 3327 4339 ut
3363 4287 3752 4342 cxaltationem

2175 4378 2353 4448 ipsius
2406 4379 2591 4434 crucis
2641 4377 2944 4448 Scripturae
2971 4377 3303 4433 testimoniis
3334 4380 3752 4432 conlirmemus.

2179 4468 2294 4524 Hoc
2333 4470 2480 4524 enim
2511 4470 2674 4539 paulo
2706 4470 2964 4541 superius
3010 4470 3243 4540 polliciti
3293 4484 3507 4535 sumus,
3539 4470 3756 4524 etiamsi

2179 4577 2526 4631 pra'currens
2549 4564 2749 4629 oratio,
2769 4579 2831 4617 ea
2868 4578 2990 4634 qua!
3021 4564 3076 4617 in
3117 4561 3301 4618 medio
3328 4571 3511 4629 erant,
3531 4571 3761 4633 praeter—
3812 4600 3824 4610 .

2176 4654 2617 4726 iit.‘0portehat
2667 4658 2855 4724 enim,
2918 4656 3212 4727 oportebat
3268 4655 3656 4730 absconditum
3706 4665 3760 4709 ct

1819 4958 2214 5017 COMBEFISII
2244 4964 2478 5019 NOTAE.

559 5086 673 5158 (60)
699 5084 885 5158 Iusta:
916 5084 1167 5155 lychnitis
1196 5098 1415 5158 genuum
1446 5093 1495 5137 et
1540 5083 1870 5158 carbunculi.
1904 5082 2073 5158 Δίκην

480 5152 760 5228 auium».
847 5152 1137 5228 Sic'_apte
1199 5152 1452 5228 cohaeret
1505 5153 1696 5228 _priori
1743 5152 1868 5228 _illi
1927 5153 2075 5220 quod

478 5222 742 5298 explicat!
782 5222 1059 5298 προῆλθεν
1102 5224 1130 5276 6
1194 5224 1311 5298 tritu
1335 5222 1570 5298 eum?!)
1611 5222 1801 5291 νοητὸς
1858 5240 2078 5298 μαργαι-

417 5294 420 5297 ’
486 5291 665 5371 ρίτης.
696 5291 878 5371 Minus
906 5291 1040 5371 itero
1078 5300 1137 5349 ut
1162 5291 1480 5349 reddiderat
1515 5291 1814 5371 Qretzerus
1845 5291 2080 5371 {imm

486 5363 1084 5438 lampadisainaudita
1144 5373 1293 5419 certe
1346 5363 1703 5438 metaphora,
1746 5376 1828 5438 ut_
1862 5363 2079 5438 dicatur

484 5436 700 5506 lampas
729 5437 877 5505 inﬁgi
912 5438 1074 5502 regiae
1117 5449 1358 5496 coronze.
1412 5449 1508 5489 seu
1546 5436 1713 5506 etiam
1761 5436 1971 5504 aliquid
2021 5436 2076 5490 in

485 5505 715 5567 modum
748 5507 1049 5576 lampadis;
1093 5519 1160 5557 ac
1214 5520 1322 5560 non
1376 5507 1550 5576 magis
1584 5505 1742 5576 lapis
1774 5506 2070 5576 pretiosus,

486 5579 733 5636 maxime
804 5574 1182 5646 carbunculus
1209 5616 1223 5637 ,
1284 5582 1436 5629 totus
1476 5574 1733 5630 emicans
1778 5574 2071 5646 fulgorem

488 5651 767 5721 igneumL
766 5647 985 5721 qualem
1018 5645 1205 5721 Crates
1227 5661 1335 5721 [οι
1375 5646 1653 5714 exprimit.

562 5718 675 5790 (ﬁt)
724 5716 918 5772 Viden;
954 5716 1194 5790 ραιιοιέι.Δ
1226 5716 1620 5790 Προσκυνησῃ-
1646 5715 1942 5790 θεώμενος.
1990 5717 2071 5790 Ita

489 5786 757 5858 C(Marg.
787 5802 910 5858 quae
953 5788 1117 5842 lectio
1145 5786 1375 5842 visa’est
1405 5787 1712 5856 probatior.
1750 5786 1959 5844 Videas
1987 5787 2073 5842 ni-

496 5862 696 5930 milem
751 5873 978 5915 crucem
1040 5859 1363 5923 exaltatam,
1419 5865 1473 5914 et
1526 5858 1705 5929 palam
1758 5858 2072 5929 expositam

2171 5083 2517 5139 adorationis
2548 5100 2740 5148 causa,
2777 5086 2830 5140 in
2872 5100 2935 5140 ea
2970 5085 3096 5141 ﬁdei
3150 5087 3334 5142 oculis
3363 5086 3652 5141 Christum
3682 5087 3764 5141 ri-
3822 5106 3827 5113 ·

2173 5153 2323 5225 deat,
2348 5162 2404 5211 et
2430 5170 2538 5209 una
2569 5156 2797 5223 adoret;
2838 5172 2959 5225 qua:
2991 5164 3079 5211 est
3106 5158 3249 5212 ratio
3299 5157 3423 5211 festi
3452 5156 3764 5212 Exaltatio-

2175 5224 2264 5280 nis
2295 5226 2501 5289 crucis,
2530 5236 2660 5281 ante
2686 5226 2812 5295 ejus
2852 5224 3016 5282 etiam
3039 5227 3423 5284 reductionem
3452 5242 3481 5281 a
3510 5226 3764 5293 Perside,

2176 5310 2243 5351 eo
2276 5297 2497 5368 nomine
2526 5297 2793 5368 celebris:
2828 5305 2885 5350 ιιι
2916 5299 3067 5368 velut
3094 5297 3456 5368 ἐγκαινισμδς
3486 5308 3539 5353 et
3565 5299 3766 5351 trium-

2177 5365 2362 5439 phalis
2416 5365 2557 5434 dies,
2624 5367 2694 5422 ab
2739 5368 2856 5436 ipsa
2913 5365 3154 5439 inventa,
3216 5365 3434 5439 semper
3501 5368 3766 5424 Eeclesiis

2180 5437 2383 5511 fuerit;
2419 5448 2584 5492 aucta
2614 5445 2798 5493 tamen
2826 5437 3121 5511 plurimum
3151 5437 3440 5511 religione,
3463 5455 3494 5491 a
3518 5440 3768 5496 secunda

2175 5507 2287 5581 i_l|a_
2325 5509 2450 5581 ejus
2482 5510 2760 5581 positione
2810 5525 2906 5578 per
2965 5507 3280 5581 Heracliam
3342 5509 3767 5581 Hierosolymis.

2178 5575 2370 5651 Refert
2396 5575 2647 5634 Andreas
2687 5580 2754 5633 ad
2801 5575 2917 5650 ipsa
2959 5580 3307 5636 Constantini
3341 5575 3772 5651 tempora'lmne

2177 5650 2344 5721 ritum
2396 5651 2676 5705 elevandae
2725 5649 2929 5714 crucis,
2975 5661 3030 5705 et
3084 5649 3662 5721 exhibentltepopulo
3699 5649 3772 5706 ad

2178 5720 2603 5787 adorationem;
2661 5737 2774 5791 quo
2824 5722 2989 5776 modo
3036 5722 3339 5777 etiamnmn
3385 5720 3615 5777 Taurini
3680 5735 3775 5777 sa-

2178 5805 2347 5865 crum‘
2381 5791 2690 5865 sudarium,
2725 5793 2965 5863 aliisque
3004 5793 3145 5865 locis
3182 5794 3485 5849 sacraralia
3516 5794 3773 5865 pignora,

2180 5860 2439 5920 manibus
2476 5864 2803 5931 pontiﬁcum
2834 5860 3169 5936 quandoque
3195 5860 3603 5924 monstrantur:
