4012 6440
348 0 2775 30 M

384 363 522 433 1047

370 508 374 513 ο
455 482 730 542 Salutaris
767 495 897 555 ergo
957 478 1152 536 Sermo
1183 475 1275 532 ille
1306 489 1370 530 ac
1430 474 1697 546 Optimus,
1744 473 1959 539 Sermo,
1992 484 2039 538 Α

338 618 352 629 .
379 578 631 648 inquam,
669 573 1004 636 subsistens,
1036 584 1099 623 ac
1132 567 1310 637 major
1343 565 1677 633 substantia,
1728 564 1847 620 ubi.
1875 570 1964 617 to-

383 679 495 723 tam
531 684 631 739 pro
666 665 824 721 nobis
859 664 913 718 in
947 671 1096 717 terra
1126 660 1315 715 carnis
1345 658 1814 729 dispensationem
1841 670 1966 725 ges.

381 760 570 823 sisset,
614 771 677 811 ac
710 755 841 812 olim
876 753 943 809 de
974 752 1093 824 ipso
1122 750 1387 822 praedicta
1423 749 1726 820 implesset,
1754 760 1967 816 nosque

386 851 443 906 in
497 850 687 921 seipso
722 864 788 904 ac
818 862 880 903 se
915 846 969 900 in
1007 844 1172 900 nobis
1198 850 1375 897 totum
1404 842 1523 914 ipse
1571 841 1960 904 exhibuisset,

378 940 583 997 cmlum
618 940 884 1009 deinceps
910 952 975 991 ac
1006 945 1209 991 terram
1236 934 1408 1005 gloria
1439 935 1707 1005 implevit,
1754 945 1966 1002 suaque
2014 932 2017 935 ’

380 1032 749 1107 sanctimonia
786 1042 974 1087 creata
1026 1029 1283 1084 universa
1336 1027 1551 1083 ditavit.
1590 1027 1661 1081 At
1694 1040 1826 1081 vero
1867 1040 1967 1097 per

378 1139 600 1183 crucem
627 1139 981 1195 congressus,
1016 1122 1143 1177 mali
1175 1121 1457 1192 superavit
1499 1128 1824 1187 auctorem;
1876 1119 1965 1173 lu-

379 1228 673 1289 elatusque
705 1232 830 1272 eum
867 1224 1066 1283 morte,
1095 1206 1263 1286 quam
1292 1228 1356 1270 ea
1395 1214 1450 1268 in
1489 1229 1589 1268 nos
1612 1211 1962 1283 tyrannidem

376 1312 675 1369 exercebat
710 1309 1086 1376 labefactavit,
1118 1317 1283 1379 atque
1309 1305 1513 1361 inferni
1544 1306 1837 1361 obscuram
1878 1319 1965 1360 re-

378 1406 596 1477 gionem
630 1403 1068 1473 iufernalemque
1094 1402 1324 1472 regiam,
1358 1400 1603 1455 omnium
1634 1398 1816 1454 voraci
1840 1396 1964 1468 ejus

382 1508 580 1551 ventre
609 1496 856 1559 occluso,
887 1501 948 1548 ut
973 1509 1045 1548 ne
1091 1492 1354 1562 deinceps
1383 1490 1681 1546 deiformes
1738 1496 1963 1544 sant-to-

378 1603 506 1642 rum
544 1588 761 1642 animas
795 1602 893 1642 ceu
943 1585 1188 1656 potentia
1218 1584 1571 1652 mancipante
1631 1581 1963 1651 susciperet,

1583 373 1624 426 3
1677 362 2011 426 ANDREIE
2038 358 2465 424 CRETENSIS

3514 360 3640 426 1038

2151 475 2210 529 ⁸0
2241 474 2426 528 τοίνυν
2464 473 2732 546 σωτήριος
2755 469 2852 527 καὶ
2875 468 3231 543 ὗπεράγαθος
3259 467 3428 540 Λόγος
3453 513 3467 541 ,
3498 474 3526 530 ὁ
3555 478 3639 531 ιν.

2076 567 2383 632 υπόστατός
2407 583 2469 620 τε
2500 567 2595 621 καὶ
2629 566 2981 638 ὑπερούσιος,
3002 565 3184 618 πᾶσαν
3210 562 3310 635 τὴν
3333 564 3468 638 ὑπὲρ
3493 569 3639 639 ἡμῶν

2073 662 2389 733 οἰκονομίαν
2444 659 2538 714 ἐπὶ
2588 661 2695 729 γῆς
2748 656 2887 727 μετά
2927 655 3639 729 σαρκὸςὲμπολιτευαάμε-

2057 746 2186 816 ’νος,
2239 750 2338 805 καὶ
2376 752 2443 804 τά
2512 749 2683 804 πάλαι
2734 747 2869 818 περὶ⁴
2915 745 3086 800 αὑτοῦ
3139 750 3644 821 κεχρησμῳδημένα

2074 844 2396 916 πληρώσας,
2419 841 2601 909 δείξας
2633 859 2691 895 τε
2739 843 2890 913 ἡμᾶς
2915 844 2972 894 ὲν
3015 840 3187 910 αὐτῷ,
3224 840 3319 893 καὶ
3344 840 3464 895 ὅλον
3493 843 3645 900 αὑτὸν

2073 939 2134 991 ὲν
2160 940 2315 1008 ἡμῖν,
2340 936 2674 1007 πεπλήρωκε
2711 935 2804 986 τὸν
2834 932 3063 1006 οὐρανὸν
3102 933 3198 987 καὶ
3223 932 3323 1004 τὴν
3349 934 3451 1006 γῆν
3472 935 3646 1008 δόξης,

2075 1030 2289 1101 καὶτῆς
2316 1029 2599 1095 ἁγιστείας
2623 1027 2790 1081 αὑτοῦ
2826 1026 2925 1099 τὴν
2953 1026 3249 1097 σύμπασαν
3269 1027 3649 1086 κατεπλούτισε

2074 1124 2274 1178 κτίσιν.
2327 1123 2603 1192 Νενίκηκε
2632 1121 2709 1183 δὲ,
2747 1119 2837 1173 διὰ
2885 1119 3129 1191 σταυροῦ
3177 1119 3519 1190 συμπλακεὶς
3560 1122 3648 1178 τὸν
3745 1131 3751 1136 ’

2072 1216 2410 1288 ἀρχέκακον,
2446 1217 2542 1269 καὶ
2581 1213 2659 1284 τῷ
2686 1214 2903 1284 θανάτῳ
2935 1212 3377 1284 προσπαλαίσας,
3405 1213 3504 1285 τὴν
3531 1215 3651 1269 καθ’

2072 1310 2231 1381 ἡμῶν
2261 1309 2421 1362 ἔλυσε
2450 1306 2777 1379 τυραννίδα·
2817 1305 2945 1377 ᾅδου
2973 1323 3032 1360 τε
3064 1306 3159 1360 τὸν
3206 1306 3429 1377 ἀφεγγῆ
3457 1307 3650 1379 χῶρον,

2074 1405 2170 1456 καὶ
2203 1401 2272 1455 τὰ
2318 1402 2437 1454 ἐκεῖ
2465 1400 2684 1454 καθεῖλε
2728 1398 2998 1470 βασίλεια,
3026 1400 3126 1470 τὴν
3167 1400 3465 1470 παμφάγον
3491 1401 3653 1456 αὐτοῦ

2078 1493 2411 1562 συγκλείσας
2450 1490 2716 1561 γαστέρα,
2748 1491 2885 1561 πρὸς
2924 1489 2985 1543 τὸ
3019 1488 3095 1561 μὴ
3123 1487 3223 1553 τάς
3257 1488 3511 1554 θεοειδεῖς
3549 1493 3657 1547 τῶν

2074 1588 2249 1657 ἀγίων
2278 1584 2459 1656 ψυχὰς
2481 1585 2562 1638 ἔτι
2593 1584 2716 1637 κατ’
2760 1583 3119 1653 ἐπικράτειαν
3153 1583 3428 1654 δέχεσθαι.
3456 1564 3659 1658 ’Ἐχρῆν

376 1672 596 1738 evertit.
633 1680 741 1735 Par
767 1695 930 1750 porro
955 1677 1101 1750 quod
1140 1678 1401 1733 existimo
1431 1683 1571 1739 erat,
1602 1687 1662 1731 ut
1691 1691 1761 1730 ne
1804 1689 1964 1744 pror-

2081 1679 2152 1744 δὲ,
2184 1675 2363 1749 οἶμαι,
2413 1678 2487 1749 μὴ
2530 1679 2705 1748 πάντη
2746 1679 2847 1748 τῆς
2877 1677 3115 1749 ἀρχαίας
3148 1678 3290 1748 ἀρᾶς
3335 1678 3661 1750 ἀποπαυθῆ-

370 1790 480 1829 ‘sus
509 1775 749 1843 antiquae
790 1772 1197 1827 maledictionis
1222 1772 1348 1840 jura
1378 1768 1758 1824 aholcrentur.
1791 1766 1963 1835 Quip-

2070 1790 2162 1827 ναι
2185 1772 2256 1826 τὰ
2291 1770 2566 1843 ὁροθέσια.
2602 1770 2740 1823 Θεοῦ
2771 1771 2883 1841 γὰρ
2911 1766 2980 1842 ἦν
3013 1770 3187 1844 φωνὴ,
3221 1770 3349 1835 τοὺς
3382 1770 3529 1838 suae
3557 1772 3662 1826 ἀπὸ

379 1883 450 1937 pe
476 1865 661 1921 divina
693 1880 827 1919 voce
874 1866 1157 1919 decretum
1227 1871 1497 1925 mauarat,
1537 1868 1598 1913 ut
1655 1857 1749 1929 qui
1798 1857 1965 1911 semel

2081 1864 2180 1934 γῆς
2205 1862 2617 1935 παραχθέντας.
2659 1863 2739 1926 είς
2772 1861 2877 1930 γῆν
2914 1862 3293 1932 ὲπανάγεσθαι
3316 1878 3330 1892 ·
3356 1863 3441 1916 ὅτι
3465 1862 3540 1933 μὴ
3564 1861 3662 1932 τῆς

388 1982 417 2014 ιτ
446 1969 592 2015 terra
617 1958 801 2014 educti
827 1968 1029 2022 essent,
1061 1958 1112 2011 in
1146 1964 1346 2011 terram
1373 1961 1801 2016 reverterentur,
1826 1966 1966 2005 non-

381 2051 517 2106 dum
552 2058 747 2105 natura
794 2064 918 2120 qua:
950 2049 1143 2104 fuisset
1176 2056 1349 2101 tracta
1379 2062 1408 2101 e
1437 2055 1606 2109 terra,
1656 2045 1965 2100 libertatem

374 2160 412 2198 ea
451 2144 717 2200 servitute
748 2143 801 2196 in
830 2148 953 2196 ortu
1001 2140 1340 2210 interituque
1376 2139 1579 2208 posita,
1639 2147 1963 2192 consecuta.

368 2237 549 2291 Plane
577 2244 761 2290 autem
804 2250 902 2305 par
964 2242 1103 2307 erat,
1137 2241 1197 2287 ut
1227 2249 1245 2284 ι
1273 2231 1373 2309 qui
1417 2246 1513 2301 per
1557 2230 1741 2286 omnia
1786 2228 1967 2285 factus

379 2336 526 2384 esset
555 2326 819 2382 fratribus
856 2325 1054 2381 similis
1086 2326 1125 2383 i,
1153 2334 1172 2368 ³
1220 2325 1430 2393 absque
1473 2330 1721 2393 peccato,
1779 2321 1966 2378 omnia

381 2429 593 2475 natura!
620 2420 766 2476 velut
818 2418 1077 2486 insignia,
1127 2416 1181 2471 in
1216 2431 1275 2472 se
1311 2418 1428 2486 ipse
1478 2414 1793 2470 ostenderet
1826 2432 1841 2468 :
1872 2414 1964 2480 qui

380 2528 444 2567 ea
480 2513 548 2567 de
578 2527 657 2578 re,
694 2510 837 2567 Deus
870 2511 1166 2573 exsistens,
1219 2509 1541 2579 impensiori
1580 2507 1633 2561 in
1658 2506 1964 2561 humanum

381 2620 555 2675 genus
617 2604 803 2659 studio
864 2603 1041 2658 factus
1114 2613 1261 2658 esset
1325 2602 1513 2666 homo,
1577 2607 1968 2672 gustassetque

380 2696 701 2751 affectiones
736 2696 1027 2761 humanas,
1061 2706 1122 2749 ut
1161 2710 1317 2750 suam
1347 2694 1401 2748 in
1428 2708 1531 2749 nos
1582 2692 1836 2747 homines
1871 2708 1968 2746 ne-

380 2783 773 2838 cessitudinem
807 2784 1082 2854 proderet.
1116 2785 1160 2837 si
1209 2783 1433 2854 quando
1484 2783 1606 2854 ejus
1660 2783 1968 2837 aflectioni-

379 2875 507 2938 bis,
540 2875 633 2946 qui
662 2877 731 2931 ab
755 2875 1139 2934 affectionibus
1168 2885 1315 2933 esset
1349 2877 1635 2943 immunis,
1690 2877 1969 2935 immunes

380 2967 488 3039 ipsi
524 2978 578 3023 et
621 2969 778 3023 liberi
815 2969 884 3023 ab
940 2968 1329 3025 aﬂ'eclionibus
1384 2970 1767 3026 redderemur.
1832 2970 1968 3025 Pro-

381 3070 566 3130 pterea
588 3062 750 3117 etiam
779 3061 1112 3118 interitionis
1139 3062 1444 3131 periculum
1476 3064 1742 3120 sustinuit
1767 3064 1966 3131 facere,

382 3170 449 3209 ac
483 3156 670 3212 subire
704 3167 960 3218 mortem,
996 3165 1163 3226 atque
1194 3156 1260 3210 ad
1295 3157 1513 3211 tristem
1556 3157 1757 3212 inferni
1786 3158 1970 3228 regio-

2076 1958 2135 2011 ὲν
2167 1957 2376 2027 γενέσει
2399 1957 2504 2012 ’καὶ
2542 1958 2720 2028 φθορᾷ
2747 1956 2995 2021 δουλείας
3022 1957 3057 2027 ἡ
3086 1957 3219 2027 πρὶν
3252 1956 3663 2025 ἀπογαιωθεῖσα

2075 2049 2239 2119 φύσις
2286 2048 2426 2113 τέως
2478 2047 2927 2120 ἀπηλευθέρωτο.
2996 2049 3145 2102 ’Ἔδει
3206 2048 3264 2102 δὲ
3315 2067 3335 2101 ι
3375 2049 3474 2103 τὸν
3523 2050 3664 2104 κατά

2076 2143 2257 2197 πάντα
2281 2143 2396 2206 τοῖς
2423 2141 2677 2211 ἀδελφοῖς
2709 2143 3051 2215 ὁμοιωθέντα
3074 2145 3244 2214 χωρὶς
3291 2142 3569 2214 ἁμαρτίας
3594 2182 3607 2207 ,
3638 2160 3657 2195 ι

2076 2236 2258 2290 πάντα
2288 2237 2348 2290 ὲν
2387 2235 2538 2308 αὐτῷ
2571 2235 2640 2290 τὰ
2675 2236 2778 2308 τῆς
2816 2236 3036 2305 φύσεως
3083 2235 3415 2307 παραδεῖξαι
3463 2233 3664 2307 γνωρί-

2079 2344 2262 2400 σματα
2282 2345 2297 2359 ο
2329 2327 2389 2392 ὃς
2418 2328 2510 2382 διὰ
2550 2328 2731 2394 τοῦτο,
2757 2328 2893 2393 Θεδς
2931 2327 3031 2394 ὢν,
3079 2328 3221 2400 ὑπὲρ
3251 2326 3664 2398 φιλανθρωπίας

2077 2420 2297 2491 ἐγένετο
2330 2420 2639 2493 ἄνθρωπος·
2669 2421 2763 2474 καὶ
2799 2419 2988 2475 παθῶν
3021 2419 3369 2490 ἀπεγεύσατο
3413 2420 3549 2491 πρὸς
3585 2417 3667 2471 ἐν·

2056 2511 2244 2577 »δειξιν
2283 2513 2385 2584 τῆς
2436 2513 2574 2584 πρὸς
2611 2515 2760 2585 ἡμᾶς
2797 2512 3150 2577 οἱκειώσεως,
3192 2513 3248 2567 εί
3273 2529 3393 2576 πως
3438 2514 3551 2575 τοῖς
3571 2511 3665 2565 τοῦ

2077 2604 2328 2669 ἀπαθοῦς
2355 2605 2588 2660 πάθεσιν
2615 2604 2720 2670 ἔξω
2752 2605 2941 2659 παθῶν
2973 2605 3415 2676 κατασταίημεν.
3448 2603 3667 2675 Ταύτη-

2076 2717 2162 2755 τοι
2186 2701 2281 2755 καὶ
2315 2700 2525 2772 φθορᾶς
2566 2705 2764 2773 πεῖραν
2804 2700 2994 2755 λαϐεῖν
3041 2699 3393 2765 κατεδέξατο,
3431 2698 3529 2752 καὶ
3572 2696 3670 2750 θα-

2080 2793 2228 2864 νάτῳ
2261 2793 2689 2866 προσομιλῆσαι,
2715 2794 2808 2848 καὶ
2839 2795 2937 2865 τὴν
2976 2792 3179 2864 ἀμειδῆ
3200 2791 3295 2845 τοῦ
3324 2791 3457 2862 ᾅδου
3486 2787 3669 2859 χώραν

2080 2885 2434 2951 καταλαϐεῖν,
2482 2885 2547 2939 ἵν’
2583 2888 2747 2957 ἡμεῖς
2794 2886 2903 2940 τῶν
2949 2885 3201 2939 ἐντεῦθεν
3254 2881 3669 2955 ἀποδραμόντες

2078 2978 2328 3048 δεσμῶν,
2361 2980 2441 3043 είς
2488 2978 2803 3049 ἀφθαρσίαν
2856 2978 3374 3048 μεταχωρήσαιμεν.
3426 2970 3570 3028 Ἀλλ’
3610 2971 3669 3024 οὺ
3706 3040 3712 3048 .

2080 3069 2234 3141 παρά
2296 3069 2457 3124 τοῦτο
2512 3070 2606 3124 τὸν
2667 3069 2898 3138 φυσικὸν
2965 3066 3351 3139 ἐκφευξόμεθα
3394 3052 3722 3141 θάνατον-ξς

2081 3132 2198 3230 είγέ
2227 3162 2370 3231 κατά
2405 3162 2576 3235 μόνην
2725 3163 2907 3235 χάριν,
2942 3132 3059 3216 an"
3092 3132 3165 3214 ob
3185 3132 3325 3213 κατά
3353 3157 3458 3231 τὴν
3487 3132 3705 3247 (,Otistv,‘ﬁ

382 3263 509 3303 nem
547 3248 758 3327 venire,
792 3255 853 3301 ut
886 3247 987 3315 ipsi
1040 3246 1406 3302 infernalibus
1437 3247 1679 3318 exempti
1710 3247 1969 3315 vinculis,

2081 3228 2303 3305 τὸεῖναι
2330 3228 2609 3318 λαθόντες,
2643 3228 2902 3307 ἀθάνατοι
2928 3249 3356 3319 διεπλάσθημεν.

388 3322 939 3411 iniucorruptionem
989 3338 1439 3394 transferremur.
1484 3337 1686 3394 Verum
1717 3340 2004 3397 enimvero
2069 3343 2493 3417 haudquaquam
2561 3346 2682 3402 ideo
2725 3359 2918 3402 sumus
2980 3340 3206 3397 vitaturi
3264 3318 3506 3394 mortem
3577 3350 3675 3390 na-

392 3434 648 3500 turalem,
702 3431 973 3501 siquidem
1008 3432 1183 3502 gratia
1214 3441 1449 3499 tantum,
1483 3449 1589 3488 non
1618 3443 1803 3489 autem
1866 3450 1966 3505 per
2005 3442 2263 3494 naturam
2307 3447 2566 3510 suscepto
2590 3453 2735 3503 esse,
2790 3434 3133 3491 immortales
3206 3446 3404 3488 sumus
3474 3443 3676 3485 recon-

385 3530 594 3585 cinnati
628 3528 724 3600 (7t
753 3525 815 3598 ).

460 3620 739 3689 Quorsum
796 3635 927 3676 vero
956 3619 1093 3676 haec.
1128 3621 1346 3692 loquor,
1392 3621 1613 3687 fratres,
1648 3638 1711 3677 ac
1766 3637 1874 3693 qua
1904 3608 2003 3678 de-

386 3725 557 3768 causa
586 3711 693 3766 huc
723 3711 998 3766 sermonis
1029 3720 1325 3781 provectus
1348 3712 1511 3767 sum?
1544 3710 1701 3778 Quod
1727 3712 1773 3766 si
1805 3712 1975 3766 nimi-

385 3819 533 3869 rum,
594 3803 868 3874 siquidem
895 3803 1194 3859 debeamus
1227 3803 1477 3875 praeclari
1503 3803 1654 3857 illitts
1704 3803 1975 3860 transitus

390 3906 740 3953 sacramenta
784 3896 1056 3968 attingere
1088 3938 1104 3963 ,
1159 3911 1387 3953 necesse
1418 3904 1511 3963 stt,
1548 3905 1611 3953 ut
1662 3898 1978 3969 aliquantu-

386 3980 504 4046 lum
560 4005 872 4046 sermonem
929 3990 1262 4046 reducamus
1303 3990 1369 4045 ad
1410 3991 1657 4046 omnium
1720 4000 1973 4047 nostrum

391 4084 687 4139 Dominum
731 4083 1040 4154 hermnque
1084 4098 1148 4138 ac
1200 4083 1370 4138 Deum
1427 4081 1614 4140 Jesum
1669 4085 1974 4153 Christum,

390 4187 619 4247 tumque
650 4175 843 4232 ordine
898 4175 1148 4245 subjecto
1179 4184 1511 4245 argumento
1544 4177 1850 4233 orationem
1876 4192 1976 4248 ap-

392 4280 572 4325 temus
606 4284 669 4325 ac
693 4284 1077 4325 conseramus.
1117 4268 1391 4336 Quoniam
1428 4287 1558 4342 ergo
1597 4272 1975 4328 necessarium

389 4363 707 4420 hominibus
749 4365 1102 4419 incumbebat
1139 4373 1198 4420 ut
1227 4367 1395 4421 semel
1445 4377 1816 4434 morerentur,
1860 4381 1978 4422 res-

2143 3619 2287 3692 Πρὺς
2316 3618 2411 3674 οὖν
2439 3618 2493 3671 τί
2516 3616 2690 3671 ταῦτά
2727 3632 2893 3687 φημι,
2923 3611 3175 3693 ἀδελφοὶ,
3209 3610 3303 3663 καὶ
3338 3609 3467 3662 ὅτου
3512 3605 3678 3677 χάριν

2074 3717 2154 3778 είς
2177 3713 2401 3773 τούτους
2430 3711 2525 3764 νῦν
2555 3708 2844 3782 προήχθην
2879 3707 3008 3771 τοὺς
3044 3705 3273 3772 λόγουςς
3306 3701 3437 3755 Ὀτι
3459 3701 3509 3753 εί
3545 3696 3678 3770 μέλ-

2075 3807 2266 3877 λοιμεν
2293 3804 2405 3858 τῶν
2453 3800 2598 3857 κατά
2632 3800 2733 3873 τὴν
2781 3799 3042 3869 ὑπερφυᾶ
3079 3796 3421 3868 μετάστασιν
3469 3806 3679 3863 μυστηο

2079 3898 2213 3971 ρίων
2239 3895 2606 3967 ἐφάπτεσθαι,
2648 3894 2863 3963 ἀνάγκη
2907 3890 3104 3962 μικρὸν
3134 3886 3299 3941 αὐτοῦ
3332 3902 3443 3940 που
3462 3885 3561 3938 τὸν
3594 3881 3682 3935 λό-

2088 4009 2186 4063 γον
2220 3993 2516 4060 ἀναγαγεῖν
2535 4029 2550 4053 ,
2586 3989 2680 4041 ἐπὶ
2712 3987 2804 4040 τὸν
2841 3987 3060 4040 πάντων
3083 3985 3117 4055 ἡ
3127 3981 3243 4052 μῶν
3267 3980 3559 4048 Δεσπότην
3588 3974 3685 4030 καὶ

2086 4086 2297 4158 Κύριον
2324 4084 2418 4139 καὶ
2439 4082 2575 4136 Θεὸν
2606 4079 2813 4150 Ἰησοῦν
2838 4077 3097 4150 Χριστὸν,
3125 4071 3224 4129 εἷθ’
3254 4072 3428 4136 οὕτως
3457 4072 3527 4125 δι’
3558 4071 3688 4124 ἀκο-

2086 4176 2283 4230 λούθου
2321 4173 2528 4239 τάξεως
2588 4169 2984 4236 συναναζεῢξαι
3021 4166 3156 4239 πρὸς
3192 4164 3253 4219 τὸ
3293 4161 3681 4235 προκείμενον.

2091 4269 2317 4340 Ἐπειδὴ
2362 4267 2471 4338 γὰρ
2509 4265 2570 4332 ἐξ
2605 4265 2854 4334 ἀνάγκης
2901 4263 3165 4316 ἀπέκειτο
3211 4258 3323 4320 τοῖς
3365 4252 3687 4328 ἀνθρώποις

2089 4361 2241 4427 ἅπαξ
2269 4361 2585 4423 ἀποθανεῖν,
2613 4359 2707 4413 καὶ
2753 4348 2822 4428 ἦν
2855 4355 3017 4409 τοῦτο
3062 4350 3240 4420 πάντη
3278 4352 3347 4420 τῇ
3383 4347 3511 4403 καθ’
3535 4346 3686 4417 ἡμᾶς

392 4472 499 4527 quo
530 4458 758 4512 omnino
809 4459 1049 4513 humano
1084 4458 1271 4529 generi
1320 4459 1746 4529 indeprecabilis
1804 4466 1973 4526 erat,

2084 4455 2463 4529 ἀπαραίτητον
2500 4452 2701 4523 φύσει,
2734 4451 2814 4522 τῷ
2868 4448 3104 4521 μάλιστα
3133 4444 3220 4499 διά
3248 4444 3350 4515 τῆς
3391 4439 3690 4512 παρακοῆς

390 4549 540 4619 quod
578 4551 815 4605 maxime
841 4550 895 4605 id
925 4566 956 4606 a
986 4552 1279 4622 principio,
1334 4551 1544 4607 ferente
1601 4549 1842 4615 Fictore,
1890 4551 1977 4605 in-

391 4641 720 4697 obedientiae
749 4642 960 4697 crimen
999 4650 1055 4697 et
1075 4645 1444 4714 transgressio
1478 4645 1768 4699 sententi-.e
1795 4661 1960 4702 acce-

391 4733 563 4804 pissct
591 4773 606 4797 ,
640 4733 848 4789 idcirco
878 4735 1044 4791 etiam
1083 4735 1351 4790 Dominus
1392 4737 1564 4789 semel
1598 4743 1851 4793 mortuus
1872 4746 1978 4804 est,

396 4825 566 4882 unius
597 4826 749 4885 illius
791 4827 1105 4882 communis
1130 4826 1326 4881 mortis
1387 4828 1620 4894 pretium
1684 4826 1886 4896 factus,
1919 4840 1980 4888 ut

393 4934 587 4976 omnes
615 4920 777 4990 plane
801 4921 871 4977 ab
902 4933 1097 4977 amara
1146 4919 1340 4972 mortis
1379 4919 1648 4976 servitute
1690 4923 1980 4990 eximeret,

472 5096 489 5136 ί
540 5093 708 5150 llebr.
741 5110 802 5160 tt,
837 5094 924 5151 17.

2082 4549 2292 4604 ἀνωθεν
2318 4547 2508 4602 τοῦτον
2541 4544 2799 4613 δέξασθαι
2828 4542 2980 4614 παρὰ
3000 4540 3094 4595 τοῦ
3136 4538 3377 4592 πλάστου
3404 4536 3502 4589 τὸν
3535 4535 3685 4605 ὅρον·

2083 4649 2175 4704 διὰ
2214 4648 2373 4704 τοῦτο
2416 4649 2505 4719 δὴ,
2556 4647 2653 4701 καὶ
2696 4648 2724 4699 ὁ
2766 4644 2972 4714 Κύριος
3025 4639 3172 4707 ἅπαξ
3224 4637 3527 4702 ἀπέθανεν,
3567 4632 3688 4694 ἐνὸς

2085 4743 2381 4811 γενόμενος
2423 4740 2659 4794 θανάτου
2699 4737 3048 4807 ἀντίλυτρον,
3102 4734 3191 4787 ἵνα
3234 4732 3446 4793 πάντας
3494 4725 3689 4811 ἀπλῶς

2088 4807 2379 4906 ἀπαλλάξῃ
2407 4832 2506 4901 τῆς
2539 4830 2742 4902 πικρᾶς
2773 4827 2866 4882 τοῦ
2913 4826 3148 4880 θανάτου
3184 4820 3457 4885 δουλείας,
3488 4818 3607 4882 καὶ,

2092 4941 2258 4994 φησιν
2287 4927 2315 4979 ὁ
2354 4923 2727 4997 Ἱεροφάντης,
2758 4940 2775 4973 ι
2815 4920 2954 4983 Τοὺς
2977 4919 3091 4971 ὅσοι
3112 4915 3263 4987 φόϐῳ
3292 4913 3532 4969 θανάτου
3563 4909 3689 4965 δια-

1707 5205 2096 5263 COMBEFISII
2134 5206 2367 5263 NOTAE.

395 5303 681 5374 κύψωμεν.
710 5301 824 5374 Vos
846 5298 1283 5374 signantissnna,
1318 5298 1384 5352 ad
1415 5299 1639 5374 modum
1667 5299 1984 5374 cupi-inre“-

394 5370 698 5451 dum,_'quo
728 5373 878 5426 velut
905 5371 1082 5451 levius
1114 5370 1609 5451 oculorumjactu,
1657 5385 1720 5423 ac
1746 5370 1985 5451 quadam

394 5463 458 5500 ex
494 5445 728 5499 adverso
771 5442 1151 5511 protensione,
1202 5442 1383 5496 dixina
1419 5444 1471 5495 in
1506 5456 1737 5511 corpore
1800 5441 1988 5511 positi,
2030 5462 2035 5465 ·

394 5519 486 5569 vix
537 5513 813 5584 "indicunt
877 5512 1271 5584 irspt‘ctamts.
1319 5512 1413 5575 Τό,
1463 5513 1625 5580 φύσις
1668 5514 1799 5584 πρὶν
1848 5513 1989 5566 ἀποο

394 5584 714 5655 γαιωθείσα.
757 5582 819 5637 D.
853 5584 908 5645 7,
942 5585 1082 5637 tnale
1116 5582 1387 5637 redditum
1417 5593 1502 5655 est
1542 5600 1555 5637 :
1599 5582 1727 5638 naui
1756 5593 1863 5655 est,
1896 5596 1989 5635 ve-

397 5653 477 5711 lut
503 5657 636 5711 olim
680 5655 734 5707 in
780 5668 982 5708 tetram
1020 5668 1201 5716 versa,
1235 5671 1330 5709 seu
1363 5654 1588 5709 addicta
1636 5670 1757 5725 qua:
1785 5653 1837 5707 in
1874 5660 1987 5707 ter-

397 5743 513 5783 ram
539 5734 865 5780 verteretur.
1918 5760 1921 5761 ν

471 5796 583 5857 (71)
605 5794 627 5850 1
635 5795 938 5850 mmortales
956 5811 1138 5851 sumus
1157 5795 1517 5851 t'econcimmti
1524 5793 1854 5862 .Διεπλάσθη
1865 5808 1985 5862 μεν.

403 5865 657 5923 Secunda
691 5881 785 5936 per
813 5866 1096 5926 Christum
1131 5864 1484 5930 formatione,
1510 5876 1564 5925 et
1599 5866 1990 5925 reformatione

2094 5303 2161 5358 ad
2193 5317 2316 5358 esse
2340 5301 2672 5368 immortale,
2711 5301 2858 5369 quod
2888 5299 3140 5358 absolute
3162 5313 3259 5369 per
3287 5297 3521 5370 gratiam
3563 5305 3685 5364 est,

2095 5388 2272 5441 eoque
2300 5389 2400 5443 par
2434 5383 2521 5428 est
2549 5368 2755 5429 diﬂ‘err’i
2799 5374 2949 5428 velut
2983 5368 3307 5426 indebitum.
3334 5368 3520 5443 Potest
3564 5383 3691 5423 esse

2098 5441 2423 5519 metaphora
2464 5458 2502 5519 a_
2547 5444 2811 5499 membris
2874 5444 3075 5519 luxatis
3113 5451 3169 5494 et
3208 5441 3507 5510 quassatis.
3563 5454 3689 5519 quae

2097 5515 2330 5571 subinde
2362 5514 2573 5589 medica
2604 5523 2723 5589 a_rte
2742 5516 3234 5589 reconcinnantur,
3261 5526 3372 5589 quo
3403 5524 3571 5589 sensu
3594 5514 3686 5589 reti-

2098 5594 2248 5639 tatur
2268 5601 2331 5640 ex
2363 5584 2591 5640 Caleno.
2621 5583 2794 5639 Paulo
2827 5595 2950 5654 post,
2977 5586 3011 5639 Ι.
3038 5584 3099 5638 (3.
3130 5579 3517 5654 corrigendum
3545 5588 3607 5654 ut
3631 5579 3685 5633 in

2096 5667 2262 5710 errat.
2285 5664 2431 5710 mota
2458 5648 2909 5725 interrogatione.
2938 5653 3001 5707 Ι).
3028 5655 3083 5725 4,
3190 5648 3646 5725 τὸξιᾳηιροναίεηι
3667 5662 3687 5698 .-

2097 5736 2157 5782 ut
2184 5726 2330 5797 quod
2353 5727 2601 5797 auctoris
2629 5722 2960 5797 sententiam
2992 5724 3159 5797 nimis
3190 5722 3507 5795 restringat,
3533 5727 3590 5776 et
3615 5733 3666 5774 at

2099 5794 2356 5866 mortem,
2398 5796 2463 5853 dc
2487 5812 2591 5870 qua
2624 5798 2763 5855 forte
2786 5811 2895 5854 non
2923 5794 3185 5866 loquitur.
