4012 6452
499 362 634 430 1049

1504 378 1589 441 IN
1620 379 2177 464 DORMITIONEM
2230 386 2294 448 s.
2333 384 2621 453 manus.
2679 391 2732 454 Ι.

3621 402 3767 471 1050

495 478 700 545 παντὸς
720 480 816 537 τοῦ
832 481 932 555 ζῇν
954 481 1129 556 ἔνοχοι
1144 480 1287 558 ἦσαν
1299 487 1567 555 δουλείας.
1581 494 1678 547 »Τί
1699 495 1794 549 νῦν
1816 498 1877 550 οὐ
1894 499 2065 570 ceam.

2178 507 2279 566 et,
2342 512 2396 555 ut
2457 503 2679 561 divinus
2754 505 2834 561 ait
2903 507 3231 578 interpres,
3302 529 3322 563 ι
3374 509 3585 571 Omnes
3660 518 3759 586 qui

486 571 701 640 ξόμεθα
721 572 819 627 τὸν
862 574 1095 631 θάνατον
1135 578 1378 646 ἐκεῖνον;
1411 582 1771 654 ἀντιφήσαιεν
1811 590 1880 644 ἄν
1923 607 2073 655 τινες

491 665 643 727 ῖσως.
675 665 1166 740 Ναὶτεθνηξόμεθα
1185 671 1254 726 ⁵⁸.
1274 672 1418 744 Πλὴν
1449 676 1510 728 ού
1536 677 1806 748 μενοῦμεν
1839 681 1897 733 ἐν
1923 682 2074 754 αὐτῷ

488 754 853 826 δεδηλωμένοι
873 760 1016 814 καθά
1034 762 1430 836 καὶπρότερον,
1446 767 1536 820 ὅτε
1554 769 1630 840 τῷ
1646 770 1865 846 θανάτῳ
1883 792 2072 831 κατει-

488 846 699 917 χόμεθα
726 848 938 920 δέσμιοι
983 853 1061 923 τῷ
1085 854 1182 925 τῆς
1210 857 1488 928 ἁμαρτίας
1523 867 1913 937 γραμματείῳ.
1961 869 2073 923 Καὶ

488 940 538 990 εἰ
570 938 763 1005 οὕτως,
796 941 908 994 οὐδ’
945 944 1241 1002 ἀποθανεῖν
1280 950 1507 1015 εἰκότως
1544 954 1706 1010 τοῦτο
1746 956 1945 1022 λέγοιτ’
1976 959 2065 1015 ἄν.

488 1031 613 1086 Εἰσὶ
641 1032 771 1106 γὰρ,
792 1034 899 1088 είσί
928 1054 1095 1104 τινες,
1114 1040 1165 1095 οἳ
1199 1042 1296 1096 καὶ
1321 1044 1512 1099 τοῦτον
1532 1047 1916 1119 διαφεύξονται
1946 1054 2065 1125 μὲν,

428 1132 433 1138 “
486 1122 886 1196 ἀλλαγήσονται
920 1128 1009 1191 δὲ,
1046 1132 1188 1185 κατὰ
1213 1133 1314 1203 τήν
1357 1135 1511 1207 ἱερὰν
1543 1122 2070 1213 ὲκφαντορίανξΘα-

487 1214 648 1268 νάτοὺ
669 1215 727 1268 δὲ
755 1219 1012 1289 τυραννὶς
1039 1219 1135 1273 καὶ
1178 1221 1409 1288 θάνατος
1438 1228 1650 1293 ἐκεῖνος
1682 1230 1854 1296 ὄντως
1892 1234 2063 1301 ἐστὶν,

484 1305 575 1359 ὅτε
604 1308 809 1382 μηκέτι
842 1312 1290 1385 ωγχωρηθῶμεν
1331 1318 1701 1387 ἀποθανόντες
1744 1325 2068 1383 ἐπανελθεῖν

484 1399 564 1461 εἰς
593 1398 762 1471 ζωήν.
821 1400 1054 1457 Ὀπόταν
1086 1405 1143 1460 δὲ
1183 1409 1279 1460 καὶ
1315 1410 1680 1483 τεθναίημεν,
1710 1416 1807 1469 καὶ
1838 1417 1978 1487 μετά
2004 1420 2068 1473 τὸ

482 1487 667 1545 θανεῖν
700 1491 945 1558 εἰσαῦθις
983 1495 1264 1567 ζήσωμεν,
1298 1501 1393 1553 καὶ
1429 1502 1576 1572 ζωὴν
1602 1505 1701 1576 τὴν
1726 1508 1971 1577 ἀμείνω·
2003 1512 2064 1564 οὐ

481 1580 712 1647 θάνατος
750 1586 1039 1658 προδήλως
1077 1590 1236 1644 τοῦτό
1261 1593 1434 1660 ἐστιν,
1467 1595 1607 1650 ἀλλά
1643 1598 1935 1670 κοίμησις,
1972 1604 2066 1658 καὶ

480 1677 620 1744 πρὸς
656 1676 755 1749 τὴν
775 1678 1035 1752 δευτέραν
1062 1681 1209 1754 ζωὴν
1236 1686 1495 1753 ἐπάνοδος
1513 1729 1528 1753 ,
1567 1689 1655 1744 διὰ
1686 1692 1785 1762 τῆς
1804 1694 1914 1749 τῶν
1940 1696 2065 1768 γηΐ-

480 1784 588 1822 νων
613 1771 913 1836 παντελοῦς
931 1773 1320 1843 ἀποπαύσεως,
1347 1781 1474 1842 τοὺς
1500 1782 1786 1850 μετιόντας
1808 1784 2060 1840 ἐντεῦθεν

2178 592 2376 645 timore
2408 595 2605 649 mortis
2631 612 2730 666 per
2760 606 2936 653 totam
2979 602 3150 654 vitam
3192 601 3417 657 obnoxii
3449 612 3610 659 erant
3635 620 3761 661 ser-

2175 682 2339 738 vituti
2381 683 2431 738 ἱ.
2462 704 2480 737 ι
2519 685 2659 748 Num
2689 689 2859 755 enim,
2890 691 3199 761 objecerint
3248 696 3388 749 forte
3423 695 3618 766 aliqui,
3645 712 3774 754 non:

2175 789 2366 833 sumus
2401 787 2631 834 mortem
2675 780 2826 837 illam
2884 785 3182 841 morituri?
3223 787 3316 843 Sic
3349 790 3509 859 plane
3562 805 3776 847 smnus-

2174 866 2452 921 morituri.
2494 867 2933 942 Haudquaquam
2996 883 3178 930 tamen
3220 877 3372 932 velut
3417 879 3573 943 olim,
3604 881 3659 934 in
3694 896 3774 935 ea!

2175 957 2433 1012 servituti
2467 959 2697 1027 addicti,
2757 979 2885 1018 cum
2934 970 3147 1032 peccati
3201 968 3388 1024 libello
3439 978 3767 1027 teneremur

2172 1051 2341 1105 vincti
2377 1067 2391 1104 :
2432 1060 2599 1122 atque
2629 1053 2766 1111 adeo
2798 1056 2870 1112 sit
2894 1060 2990 1127 qui
3030 1074 3134 1115 nec
3191 1063 3493 1118 morituros
3547 1065 3756 1120 merito

2172 1142 2394 1199 dixerit.
2425 1141 2592 1200 Plane
2619 1148 2765 1202 enim
2798 1157 2948 1215 sunt,
2984 1153 3080 1221 qui
3111 1159 3167 1206 et
3191 1152 3334 1209 hanc
3366 1156 3585 1225 quidem
3617 1164 3759 1212 tem-

2173 1235 2422 1304 poralem
2480 1244 2713 1293 mortem
2783 1240 2896 1294 sint
2944 1244 3188 1310 evasuri,
3247 1260 3564 1316 quanquam
3605 1257 3660 1301 et
3692 1248 3773 1314 ii,.

2168 1324 2324 1395 juxta
2351 1341 2568 1381 sacram
2624 1326 2781 1384 Pauli
2821 1330 3161 1397 doctrinam,
3210 1343 3342 1392 sunt
3400 1338 3772 1393 immutandik-

2172 1414 2246 1470 Ea
2285 1432 2450 1487 porro
2472 1420 2667 1476 mortis
2701 1423 2954 1500 tyrannis
2986 1438 3051 1478 ac
3084 1439 3211 1480 vera
3240 1443 3392 1482 mors
3419 1439 3525 1494 est,
3572 1446 3761 1500 quan:-

2169 1509 2243 1564 do
2274 1510 2445 1565 semel
2479 1513 2715 1567 mortuis
2749 1528 2859 1567 non
2890 1496 2969 1569 sit
3018 1516 3283 1573 concessa
3321 1519 3388 1572 ad
3440 1519 3611 1584 vitam
3664 1536 3765 1576 re-

2169 1602 2408 1672 gressio.
2442 1602 2677 1670 Quando
2729 1616 2913 1660 autem
2947 1615 3003 1662 et
3061 1610 3391 1677 moriamur,
3447 1612 3757 1683 iterumque

2171 1708 2200 1746 a
2236 1703 2416 1749 morte
2446 1696 2722 1761 vivamus,
2754 1713 2817 1751 ac
2859 1699 3030 1752 vitam
3085 1701 3394 1770 meliorem,
3454 1704 3635 1773 palam
3668 1711 3755 1759 est

2173 1798 2285 1838 non
2316 1785 2370 1839 id
2400 1795 2631 1842 mortem
2665 1801 2814 1855 esse,
2848 1789 2947 1844 sed
2996 1791 3413 1859 dormitionem,
3476 1795 3754 1864 atquead

477 1860 599 1914 ἐκεῖ
619 1861 934 1932 προάγουσα
965 1866 1059 1919 καὶ
1094 1843 1521 1939 προπέμπουσαξ
1549 1875 1654 1927 Ἢν
1692 1843 2061 1948 δὴνσαφέστε-

2798 1843 2812 1855 .
2890 1843 2900 1844 κ
3046 1843 3086 1844 η
3126 1843 3130 1844 ν
3165 1843 3413 1859 ίαν-νη
3477 1843 3644 1864 ww.“
3682 1843 3752 1850 ——

2176 1876 2341 1931 vitam
2396 1879 2626 1933 alteram
2688 1881 3086 1946 reversionem,
3137 1900 3264 1953 qum
3316 1886 3471 1940 omni
3520 1885 3685 1942 modo
3719 1900 3773 1940 a“

478 1966 573 2020 ρω
591 1953 621 2005 ὸ
642 1951 1059 2026 Παροιμιαστὴς
1075 1958 1484 2029 ἐνδεικνύμενος
1498 2003 1514 2028 ,
1544 1982 1562 2015 ι
1593 1965 1855 2034 Θάνατος,
1875 1969 2062 2039 φησιν,

476 2040 634 2112 ἀνδρὶ
668 2043 1000 2110 ἀνάπαυσις.
1042 2065 1061 2097 ι
1103 2048 1427 2105 Συνέκλεισε
1457 2056 1566 2126 γάρ
1594 2058 1622 2109 ὁ
1643 2056 1777 2121 Θεὸς
1816 2061 1936 2113 κατ’
1965 2060 2067 2115 αύ-

475 2131 591 2201 τοῦ,
614 2132 707 2188 τοῦ
738 2137 940 2207 μηκέτι
966 2139 1397 2213 τυχὸν⁶ένεργεῖν
1420 2144 1449 2198 ὃ
1475 2163 1529 2199 τι
1560 2146 1658 2200 καὶ
1693 2149 1927 2218 πέφυκε.
1951 2150 2065 2206 Θά-

476 2243 637 2290 νατος
658 2226 715 2281 δὲ
750 2229 803 2281 τί
834 2229 954 2283 ποτ’
982 2230 1048 2285 ἂν
1086 2231 1216 2286 ἄλλο
1261 2239 1456 2299 νοοῖτο,
1491 2237 1525 2308 ἢ
1569 2238 1750 2311 ψυχῆς
1780 2243 2064 2313 χωρισμὸς

478 2317 588 2371 ἀπὸ
620 2319 893 2389 σώματος,
933 2320 1033 2393 τὴν
1074 2324 1174 2393 μὲν
1210 2325 1402 2381 ἐλπίδα
1447 2330 1548 2400 τῆς
1585 2332 1941 2398 ἀναστάσεως
1975 2335 2065 2390 διά

480 2409 580 2480 τῆς
605 2412 820 2466 τοιᾶσδε
849 2413 959 2467 τῶν
983 2417 1167 2488 μερῶν
1191 2417 1541 2488 διαξεύξεως,
1573 2421 1694 2478 εἶτα
1727 2443 1792 2478 συ
1803 2428 2067 2498 μπήξεως

478 2503 990 2578 προσκαλούμενος·
1018 2510 1119 2580 τὴν
1149 2510 1205 2564 δὲ
1235 2513 1318 2577 είς
1342 2514 1652 2588 ἀφθαρσίαν
1677 2521 1774 2573 καὶ
1803 2523 1883 2586 εἰς
1910 2523 2066 2592 λῆξιν

474 2597 575 2667 τὴν
591 2598 805 2668 ἀμείνω
828 2600 1154 2670 μετάϐασιν,
1182 2604 1270 2659 διὰ
1298 2606 1401 2676 τῆς
1422 2606 1641 2673 ἐλπίδος
1673 2613 2062 2685 πιστούμενος,

471 2691 571 2747 τοῦ
597 2692 802 2764 μηκέτι
825 2693 1101 2749 δουλεύειν
1131 2698 1279 2767 ἡμᾶς
1307 2701 1374 2769 τῇ
1407 2700 1677 2775 ἁμαρτίᾳ,
1707 2705 1852 2759 κατὰ
1880 2707 1979 2779 τὴν
2006 2712 2064 2764 ὲν

476 2787 643 2871 σαρκὶ
692 2786 827 2859 πρὸς
856 2846 859 2851 ,
890 2787 961 2843 τὰ
1023 2788 1265 2863 αῖσθητά
1332 2792 1578 2862 δηλονότι
1634 2797 2064 2872 ὲμπαθεστάτην

474 2875 622 2950 ζωήν
648 2893 668 2945 ς
1210 2930 1223 2957 ι

2166 1970 2407 2026 terrenis
2441 1972 2650 2041 quiete,
2682 1971 2817 2026 hinc
2851 1972 3153 2041 migrantes
3205 1976 3303 2031 illo
3359 1976 3629 2045 provehat
3667 1986 3753 2034 at-

2166 2078 2275 2132 que
2315 2066 2633 2134 praemittat.
2656 2064 2835 2131 Quam
2884 2082 3021 2121 sane
3052 2071 3299 2137 requiem
3333 2069 3544 2123 clarius
3571 2067 3748 2139 signi-

2166 2154 2341 2210 ﬁcans
2385 2154 2812 2212 Proverbiorum
2867 2157 3248 2230 scriptor(72
3275 2156 3293 2227 )
3323 2198 3339 2225 ,
3390 2179 3409 2211 ι
3458 2159 3629 2224 Mors,
3664 2159 3752 2213 in-

2164 2248 2306 2317 quit,
2345 2249 2464 2304 viro
2497 2249 2722 2319 requies
2750 2257 2835 2305 est
2872 2249 2928 2297 ιι.
2984 2269 3007 2303 ι
3045 2250 3126 2305 Eo
3154 2252 3301 2306 enim
3365 2251 3547 2322 adegit
3604 2251 3755 2307 Deus

2168 2336 2279 2408 ('75
2302 2336 2343 2407 ),
2380 2345 2440 2390 ut
2468 2352 2540 2391 ne
2570 2338 2704 2407 quid
2738 2337 2878 2394 forte
2906 2347 3171 2409 operetur
3206 2354 3425 2403 eorum,
3454 2355 3578 2410 quae
3618 2349 3752 2396 nata

2165 2428 2239 2483 sit
2278 2429 2521 2499 operari.
2561 2428 2704 2495 Quid
2763 2436 2947 2485 autem
2982 2445 3135 2486 mors
3165 2431 3315 2486 aliud
3353 2431 3554 2487 habeat
3583 2431 3750 2487 intel-

2167 2520 2283 2591 ligi,
2326 2535 2494 2590 quam
2554 2522 2833 2591 separatio
2893 2523 3092 2586 animae
3131 2537 3197 2577 ac
3241 2523 3527 2592 corporis;
3588 2531 3649 2577 ut
3682 2537 3750 2577 ea

2167 2612 2407 2682 partium
2432 2610 2832 2681 disiunctione,
2864 2627 2930 2666 ac
2957 2612 3311 2680 postmodum
3337 2612 3751 2677 commissione,

2167 2720 2320 2776 spem
2346 2705 2566 2775 quidem
2591 2706 3023 2759 resurrectionis
3054 2712 3339 2773 provocet,
3363 2720 3571 2774 speque
3594 2713 3755 2758 tran-

2165 2797 2333 2852 situm
2373 2797 2426 2850 in
2479 2796 2955 2867 incorruptionem
2996 2810 3061 2849 ac
3088 2795 3373 2850 meliorem
3427 2801 3655 2858 sortem,
3693 2802 3756 2846 ιιι

2165 2903 2234 2943 ne
2265 2888 2504 2957 amplius
2535 2888 2845 2942 serviamus
2895 2895 3143 2955 peccato,
3177 2902 3276 2954 pro
3309 2886 3431 2939 vitae
3486 2885 3750 2938 nimirum

2164 2977 2408 3032 carnalis
2441 2977 2607 3031 rebus
2639 2976 2830 3031 sensui
2860 2974 3127 3043 subjeetis
3156 2973 3553 3028 addictissinuc
3580 2971 3775 3026 ratio-v'

2164 3086 2254 3134 ne,
2290 3069 2538 3123 astruat?
3342 3080 3347 3081 ⁷

547 3141 610 3194 Ei
643 3135 737 3196 οὖν
774 3142 936 3209 αὐτὸς
973 3145 1001 3197 ὀ
1035 3144 1180 3217 ζωῆς
1218 3150 1313 3202 καὶ
1347 3149 1582 3206 θανάτου
1618 3153 1847 3223 Κύριος,
1879 3157 1912 3227 ή
1948 3154 2060 3226 ζωὴ

2234 3162 2370 3217 Cum
2406 3162 2577 3231 igitur
2620 3160 2740 3229 ipse
2770 3159 2898 3213 vita!
2950 3164 3262 3227 mortisque
3315 3154 3604 3220 Dominus,
3638 3154 3751 3208 vita

472 3233 581 3287 τῶν
616 3233 897 3302 ἁπάντων,
926 3240 959 3308 ή
991 3239 1290 3304 ἀνάστασις
1323 3242 1432 3296 τῶν
1466 3247 1914 3318 νενεκρωμένων,
1952 3267 1971 3300 ι
2000 3249 2063 3302 τὸ

473 3325 592 3395 φῶς
623 3325 719 3379 τοῦ
749 3327 978 3399 κόσμου,
1026 3333 1055 3385 δ
1098 3332 1175 3402 τῷ
1218 3334 1407 3406 οἰκείῳ
1451 3335 1668 3408 θανάτῳ
1705 3341 2063 3412 καταργήσας

467 3418 563 3472 τὸν
590 3419 651 3473 τὸ
685 3421 889 3491 κράτος
910 3421 1118 3494 ἔχοντα
1147 3426 1243 3479 τοῦ
1277 3426 1509 3482 θανάτου
1530 3471 1545 3495 ,
1574 3449 1593 3482 ι
1623 3432 1724 3485 οὐκ
1756 3431 1893 3503 ᾤετο
1923 3434 2057 3502 δεῖν,

467 3510 575 3564 ὑπὸ
629 3512 1043 3584 φιλανθρωπίας
1092 3520 1482 3589 καμπτόμενος
1500 3542 1529 3588 ,ε
1584 3524 1706 3577 οὐδὲ
1767 3526 1923 3580 τόνδε
1969 3528 2063 3581 τὸν

466 3603 636 3673 νόμον
670 3606 1052 3678 παραδραμεῖν
1083 3609 1506 3685 ἁλειτούργητον
1526 3633 1540 3647 ·
1575 3615 1692 3670 ἀλλ’
1718 3618 1793 3682 ὡς
1824 3619 1891 3672 ἂν
1918 3619 2063 3674 κατά

469 3695 651 3749 πάντα
672 3698 804 3775 ἡμῖν
832 3701 1096 3772 ὁμοιωθῇ,
1123 3702 1271 3775 δείξῃ
1298 3723 1359 3758 τε
1392 3707 1600 3778 ταύτην
1630 3710 1951 3777 ἀναγκαίως
1979 3715 2060 3776 εἰς

465 3786 574 3856 γῆν
600 3789 931 3857 πεποιῆσθαι
961 3791 1059 3863 τὴν
1084 3794 1336 3861 κάθοδον,
1359 3800 1455 3852 καὶ
1477 3800 1640 3863 αὐτὸς
1662 3802 1796 3870 ἡμῖν
1826 3803 1916 3856 τὸν
1947 3804 2060 3857 ἴσον

2162 3251 2574 3315 universorum,
2617 3252 3012 3307 dormientium
3076 3249 3436 3311 resurrectio,
3478 3264 3498 3297 ι
3539 3245 3773 3300 Ι..ιιιι·ιειι-Δ

2158 3348 2296 3406 illud
2326 3345 2516 3400 mundi
2561 3343 2601 3408 1,
2631 3364 2649 3397 ι
2674 3346 2721 3401 is
2757 3363 2775 3394 ι
2815 3343 2921 3410 Qui
2954 3351 3134 3397 morte
3172 3357 3295 3404 sua,
3343 3353 3472 3394 eum
3523 3338 3753 3393 destru-

2159 3442 2353 3504 xisset,
2408 3442 2503 3510 qui
2560 3439 2756 3494 mortis
2786 3438 3080 3505 imperium
3147 3434 3384 3487 habebat
3424 3438 3520 3489 ³,»
3592 3428 3755 3484 inﬂe-

2161 3540 2347 3586 ctente
2374 3546 2473 3585 sua
2503 3531 2592 3583 illa
2621 3527 2912 3584 clementia
2930 3541 2995 3581 ac
3023 3526 3080 3579 in
3106 3523 3395 3577 hominum
3421 3535 3596 3590 genus
3614 3531 3747 3589 pro-

2160 3624 2405 3693 pensiori
2431 3622 2638 3682 studio.
2673 3637 2775 3676 nec
2809 3619 2916 3673 sibi
2944 3613 3546 3699 ipsecouuuittendum
3575 3620 3736 3680 puta-

2162 3719 2307 3773 verit
2333 3727 2391 3772 nt
2424 3732 2492 3771 ne
2520 3733 2580 3773 ea
2617 3731 2726 3770 non
2759 3713 3151 3781 defungeretur
3180 3709 3323 3778 lege,
3350 3706 3447 3762 sed
3485 3712 3544 3758 nt
3582 3703 3753 3758 nobis

2160 3826 2258 3881 per
2287 3809 2471 3864 omnia
2528 3798 2872 3862 assimilatus
2904 3805 3119 3858 huncce
3151 3801 3259 3856 sibi
3287 3803 3340 3854 in
3387 3807 3592 3853 terram
3651 3796 3753 3852 de-

466 3877 645 3934 εἴλετο
672 3882 893 3952 δεσμὸν,
928 3903 947 3936 ι
973 3887 1263 3957 πορευθεὶς
1295 3891 1354 3943 ἐν
1391 3891 1542 3961 μέσῳ
1574 3896 1732 3958 σκιᾶς
1757 3895 2015 3964 θανάτου,
2035 3917 2055 3951 ι

2167 3877 2447 3967 scensum,
2479 3897 2854 3956 necessarium
2908 3894 3248 3958 ostenderet,
3285 3899 3341 3948 et
3370 3892 3616 3947 eamdem
3644 3889 3767 3945 sibi.

466 3972 612 4026 κατά
640 3973 703 4027 τὸ
725 3978 1137 4048 γεγραμμένον,
1175 3981 1270 4033 ἐπὶ
1302 3983 1452 4055 τρισί
1493 4000 1553 4037 τε
1598 3986 1835 4059 ἡμέραις
1879 3989 2061 4043 ἐνδια-

2167 3994 2453 4051 nobiscum
2541 3993 2749 4047 salvam
2819 3988 3059 4044 voluerit
3104 3986 3244 4057 legis
3315 3983 3751 4044 districtionem,

464 4066 668 4136 τρίψας
717 4070 799 4132 είς
841 4070 909 4123 τά
947 4071 1240 4127 κατώτατα
1276 4073 1417 4147 μέρη
1457 4076 1561 4147 τῆς
1605 4078 1732 4148 γῆς,
1780 4078 1911 4133 ἔνθα
1948 4080 2059 4136 τῶν

2167 4105 2185 4139 ι
2220 4086 2512 4141 ambulans
2555 4084 2609 4138 in
2669 4080 2850 4137 medio
2908 4080 3121 4135 umbrae
3185 4077 3381 4133 mortis
3420 4084 3472 4141 π,
3537 4093 3556 4127 ι
3604 4075 3759 4129 sicut

466 4157 571 4230 ήδη
594 4157 867 4214 θανόντων
908 4162 966 4215 αί
994 4163 1166 4234 ψυχαὶ
1197 4167 1627 4238 προκατείχοντο
1669 4174 1883 4242 σειραῖς
1912 4172 2055 4240 ἀφύ-

2167 4177 2432 4247 scriptum
2463 4185 2571 4236 est,
2631 4173 2757 4229 dies
2791 4178 2905 4244 tres
2946 4176 3197 4224 moratus
3227 4168 3283 4221 in
3331 4165 3538 4220 inlimis
3588 4172 3766 4219 terra

468 4267 621 4315 κτοις
664 4254 1053 4325 σφιγγόμεναι,
1097 4253 1188 4320 αἷς
1228 4259 1324 4311 καὶ
1358 4259 1728 4333 εὐηγγελίσθη
1776 4266 1919 4320 κατά
1964 4265 2058 4320 τὸν

2167 4269 2432 4342 partibus,
2467 4283 2578 4339 quo
2606 4267 2728 4321 loco
2760 4262 3267 4335 praedefunctorum
3320 4259 3517 4313 animae
3552 4258 3751 4312 ineno-

466 4343 741 4416 μακάριον
766 4346 976 4417 Πέτρον
996 4365 1011 4379 ·
1060 4366 1080 4401 ί
1125 4349 1239 4404 Καὶ
1271 4353 1385 4415 τοῖς
1417 4353 1476 4404 έν
1505 4352 1720 4427 φυλακῇ
1753 4357 1861 4427 γὰρ
1889 4357 2055 4410 πνεύ-

2167 4359 2440 4414 dabilibus
2482 4358 2815 4412 tenebantur
2869 4351 3187 4407 constricta;
3247 4348 3482 4411 catenis,
3545 4346 3757 4416 quibus

465 4452 608 4506 μασι
648 4437 937 4507 πορευθεὶς
974 4439 1248 4512 ὲκήρυξευ
1278 4462 1297 4495 ι
1344 4444 1460 4507 πῶς
1505 4446 1607 4499 οὐκ
1650 4446 1718 4500 ἀν
1762 4448 1846 4520 εἴη
1894 4449 2054 4504 τοῦτο

2167 4453 2327 4510 etiam
2357 4449 2776 4522 evangelizavit,
2807 4448 2964 4518 juxta
2993 4444 3138 4516 quod
3173 4442 3370 4497 scribit
3420 4441 3617 4495 beatus
3645 4438 3750 4492 Pe-

466 4529 641 4599 σαφὲς
663 4532 759 4585 καὶ
775 4531 1056 4597 παντελῶς
1085 4534 1501 4606 ἀναντίρρητον,
1532 4538 1607 4602 ὡς
1631 4541 1724 4595 καὶ
1754 4541 1849 4595 νῦν
1878 4543 2056 4596 ἀπάν-

2167 4550 2324 4599 llus:
2365 4563 2384 4595 ‹
2422 4543 2486 4597 Et
2515 4543 2601 4598 his
2630 4542 2727 4612 qui
2753 4541 2805 4595 in
2847 4554 3070 4596 carcere
3092 4544 3272 4596 erant,
3333 4532 3626 4602 spiritibus
3657 4545 3752 4584 ve-

462 4636 577 4672 των
621 4620 733 4673 τῶν
778 4621 1104 4693 ἀνθρώπων,
1140 4628 1236 4678 καὶ
1279 4628 1462 4696 μέντοι
1510 4630 1607 4683 καὶ
1652 4631 1763 4683 τῶν
1790 4633 1964 4701 ἁγίων
1998 4635 2055 4688 αἱ

2167 4638 2324 4691 niens
2353 4635 2670 4706 pradicavit
2699 4650 2744 4689 °.
2791 4654 2809 4688 ι
2846 4634 3008 4694 Cum,
3042 4636 3286 4699 inquam,
3311 4629 3389 4680 ita
3434 4626 3492 4679 in
3519 4623 3763 4678 Christi»

459 4712 637 4783 ψυχαὶ
676 4713 769 4769 τὸν
822 4715 977 4787 ἀειδῆ
1023 4717 1189 4771 τόπον
1232 4719 1440 4774 ἐκεῖνον
1485 4721 1793 4794 διέρχονται
1832 4726 1953 4796 μὲν,
1993 4728 2056 4781 οὐ

2167 4729 2382 4792 habeat,
2420 4730 2513 4797 qui
2553 4743 2660 4781 non
2706 4726 3063 4797 perspicuum
3098 4725 3268 4777 sitae
3329 4728 3488 4773 extra
3530 4731 3761 4775 omnem

540 4898 555 4937 ι
612 4887 781 4945 Hebr.
843 4904 907 4956 ιι,
953 4893 1042 4948 15.

1151 4894 1175 4933 ll
1207 4892 1381 4951 Eecli.
1441 4913 1672 4967 xxxvm,
1702 4899 1791 4955 24.

464 4967 496 4996 ο
536 4959 725 5015 IPetr.
772 4969 959 5026 111,19,

2537 4915 2573 4936 η·
2637 4903 2803 4960 Hebr.
2863 4922 2924 4969 ιι,
2996 4905 3083 4959 14.
3195 4904 3404 4959 lll‘sal.
3474 4902 3759 4971 μωσιν

1909 4898 1926 4940 ι
1975 4901 2137 4957 Joan.
2171 4919 2293 4971 vm,
2333 4905 2421 4961 12.

1024 5114 1029 5119 ἢ
1186 5072 1191 5077 -
1750 5060 1987 5121 vanus
2019 5067 2434 5126 LECTIONES.

525 5146 571 5181 ⁸⁸
602 5145 765 5202 Deest
788 5146 1047 5205 θάνατον.

1804 5257 2193 5317 COMBEFISII
2220 5262 2454 5321 NOTAE.

464 5378 508 5426 ζ,
541 5343 652 5426 (ᾙ)
702 5345 1113 5426 ξωυειιίιίονιιηι
1179 5353 1556 5426 εοεὶριονηξου
1610 5352 2059 5426 Παροιμιαστήςέ

459 5413 642 5470 Forte
686 5419 853 5472 alium
907 5421 1083 5475 lucum
1115 5436 1181 5475 ex
1233 5413 1547 5477 Proverbiis
1574 5432 1670 5479 aut
1701 5413 2057 5482 'Ec'clesias'te

462 5488 720 5554 respicit,
745 5498 806 5562 ut
838 5491 1052 5544 variant
1075 5492 1129 5545 in
1152 5492 1261 5547 illis
1278 5494 1528 5562 plurima:
1554 5494 1838 5551 lectiones.
1874 5494 2055 5553 Locus

458 5573 626 5633 quem
653 5560 1012 5633 ascripsimus
1045 5560 1291 5633 n‘iargini‘
1314 5580 1381 5618 ex
1416 5562 1547 5619 Jesu
1580 5564 1799 5627 Siraeh,
1824 5566 1914 5631 58,
1938 5584 2056 5621 om~

459 5626 601 5705 nino
639 5626 840 5705 similis
865 5639 950 5685 est
978 5650 990 5685 :
1032 5633 1121 5705 Ἐν
1143 5626 1454 5705 ἀνα-παύσει
1481 5636 1677 5705 νεκροῦ
1698 5626 2062 5691 κατάπαυσον

457 5696 528 5750 τὸ
595 5701 936 5777 μνημόσυνον
999 5702 1202 5777 αύτοῦ·
1235 5703 1303 5758 lu
1355 5707 1531 5776 requie
1579 5696 1797 5777 inermi,
1857 5723 2053 5777 nempe

460 5778 689 5845 morte,
719 5772 999 5845 quieswre
1041 5775 1131 5843 [ac
1174 5772 1498 5845 memoriam
1549 5776 1665 5845 ejus
1699 5793 1718 5830 :
1756 5793 1855 5834 nec
1911 5772 2051 5833 forte

457 5839 575 5893 alio
606 5839 856 5902 Andreas
882 5839 1146 5916 respexit.
1172 5842 1315 5900 Nihil
1348 5847 1493 5903 enim
1523 5839 1660 5903 novi
1680 5857 1739 5902 ut
1768 5850 1916 5907 velut
1950 5850 2054 5904 5.1-

2155 5359 2394 5414 lomonis
2424 5360 2663 5415 citentur
2690 5358 2816 5412 libri
2839 5372 3035 5413 omnes
3061 5356 3443 5426 sapientiales,
3466 5357 3618 5411 velut
3639 5370 3753 5411 ma—

2154 5444 2327 5501 gnam
2346 5440 2554 5493 partem
2585 5445 2649 5482 ex
2678 5430 2745 5501 iis
2771 5445 2893 5497 qua:
2922 5429 3041 5498 ipse
3067 5428 3411 5498 scripsisset,
3432 5442 3760 5497 quanquam

2154 5500 2584 5580 aliqdiggrente
2610 5500 2875 5580 confecti.
3031 5570 3068 5580 __
3152 5568 3224 5580 Η
3500 5568 3514 5580 .
3602 5567 3615 5580 ο
3695 5565 3722 5577 _

2228 5572 2338 5641 (73)
2381 5570 2458 5625 Eo
2488 5570 2858 5647 enimadegit,
2887 5580 2996 5624 etc.
3031 5568 3359 5622 Συνέκλεισε
3391 5568 3756 5647 κατ’-αὐτοῦ,

2154 5632 2269 5696 τού.
2313 5632 2462 5696 Velut
2491 5632 3056 5719 conclusit'adoersum
3085 5656 3228 5719 eam,
3253 5648 3333 5704 ut,
3359 5644 3498 5719 etc._,
3528 5637 3585 5719 in
3609 5652 3748 5691 cow-

2155 5712 2386 5767 trarium
2424 5715 2600 5766 versis
2637 5713 2760 5780 ejus
2802 5713 3289 5777 machinamentis,
3341 5708 3493 5779 quod
3542 5708 3608 5763 iit
3655 5722 3757 5762 sc-

2160 5783 2459 5854 qucntibus
2493 5784 2738 5838 deducit.
