4012 6446
223 402 235 411 ι
337 368 487 439 1051

1548 374 1612 437 s.
1650 340 1982 437 meum
2006 372 2432 437 CRETENSIS
2854 342 2941 377 Μ
3118 379 3126 387 ’
3497 373 3635 440 loss

347 483 514 556 plant?
542 482 1002 547 controversiam,
1025 495 1127 538 nec
1156 478 1320 537 modo
1341 481 1484 538 ullas
1504 496 1630 539 esse
1653 482 1939 538 hominum

2048 480 2372 551 κατέχονται
2414 480 2507 546 δὶ,
2551 479 2694 553 πλὴν
2743 480 2855 536 τῶν
2895 483 3021 539 ὅσαι
3065 486 3133 557 τῇ
3183 484 3325 539 κατὰ
3373 485 3467 541 τὸν
3516 486 3635 559 βίον

305 633 309 637 ,
337 573 595 641 animas,
623 575 1157 645 tametsijustorum,
1180 590 1305 645 qua:
1336 573 1550 631 tristem
1579 574 1732 630 illum
1760 575 1943 630 locum

2049 568 2304 640 ῥαστώνῃ
2336 569 2429 623 τὸν
2462 569 2530 623 δι’
2559 571 2844 643 ἁμαρτίας
2873 571 3108 628 θάνατον
3132 575 3361 641 ἑαυταῖς
3387 578 3637 634 tueami-

340 674 806 740 'non'permeent
832 668 971 736 (74),
1031 681 1349 739 quanquam
1392 681 1508 723 non
1538 667 1942 740 .detineantur,

255 801 267 819 .
357 771 593 832 excepto
623 761 672 817 si
722 776 845 830 qua:
871 760 983 816 vita
1018 760 1280 826 molliori,
1314 769 1547 815 mortem
1583 761 1687 817 sibi
1709 776 1832 833 quae
1858 766 1944 818 est

354 870 422 911 ex
450 861 677 922 peccato
697 852 1095 911 consciverint?
1109 851 1240 919 Quae
1255 853 1404 908 enim
1425 853 1629 910 divinis
1650 869 1711 911 se
1734 854 1945 925 legibus

357 946 760 1017 maneipantes,
815 946 1102 1001 catlestem
1151 961 1320 1002 carne
1348 947 1405 1002 in
1445 947 1649 1019 spiritu
1680 947 1945 1003 exhibue-

357 1042 484 1089 runt
539 1035 663 1089 vita:
690 1035 986 1096 rationem,
1018 1034 1087 1088 ad
1129 1034 1310 1089 lucida
1344 1036 1504 1105 plane
1525 1035 1641 1091 loca
1674 1050 1836 1092 sacro
1864 1036 1943 1089 illi

356 1136 676 1182 sanctorum
703 1127 870 1181 statui
899 1142 1168 1197 congrua,
1188 1130 1681 1196 transmittuntur;
1708 1128 1775 1184 ad
1797 1129 1939 1193 loca,

357 1218 768 1290 inquam,.quaa
798 1219 1068 1274 Dominus
1111 1221 1405 1289 inspectet,
1429 1221 1661 1290 ejusque
1698 1222 1845 1276 oculi
1880 1237 1944 1277 ac

355 1310 645 1365 oraculum
678 1325 897 1380 semper
960 1310 1261 1379 aspiciunt.
1297 1309 1544 1376 Quorum
1572 1310 1944 1380 pulchritudi-

354 1417 505 1467 nem,
568 1402 802 1473 fusaque
866 1404 1043 1472 spatia
1112 1411 1278 1473 atque
1339 1403 1668 1458 immensum
1728 1405 1942 1459 beatam

355 1494 714 1565 positionem,
766 1495 1070 1551 addiderim
1104 1508 1233 1550 vero
1261 1500 1315 1550 et
1360 1495 1602 1564 speciem
1629 1511 1795 1563 quam
1838 1511 1945 1551 nec

356 1585 670 1642 intellectus
698 1588 836 1642 satis
862 1595 1197 1657 assequatur
1219 1628 1234 1652 ,
1265 1588 1477 1643 clarius
1521 1588 1718 1642 merito
1747 1602 1812 1643 ac
1845 1604 1944 1643 su-

354 1678 583 1734 blimius
625 1680 884 1744 viderint,
939 1682 1035 1750 qui
1100 1679 1261 1734 nobis
1322 1680 1749 1750 propinquiores
1805 1678 1943 1744 Deo,

356 1774 649 1846 prresentis
687 1776 813 1829 vitre
837 1783 1033 1829 exacto
1063 1787 1254 1839 cursu,
1290 1772 1531 1843 quietem
1578 1783 1938 1844 acceperunt,

2048 675 2243 725 σαντο;
2292 659 2458 715 Ὅσαι
2493 660 2605 734 γὰρ
2637 661 2814 734 δήπου
2862 663 3027 735 τυχὸν
3079 665 3196 730 τοῖς
3238 664 3409 732 θείοις
3448 668 3637 742 νόμοις

2047 751 2251 816 ἑαυτὰς
2297 751 2690 821 ὕποζεύξασαι,
2721 754 2822 827 τὴν
2869 758 2930 810 ἐν
2975 757 3230 830 οὐρανοῖς
3267 761 3547 818 πολιτείαν
3575 766 3637 819 ἑν

2047 847 2321 916 πνεύματι
2342 846 2433 901 διὰ
2454 846 2658 918 σαρκὸς
2691 846 3063 917 ιπεδείξαντο,
3096 852 3235 922 πρὸς
3253 851 3458 918 τόπους
3477 854 3637 927 δῆλον

2046 938 2360 1004 φωτωιδείς
2414 938 2730 1008 πρέποντας
2784 942 2854 1013 τῇ
2902 942 3083 1014 τοιᾷδε
3126 942 3238 997 τῶν
3286 944 3462 1013 ἁγίων
3512 947 3638 1019 ἰερᾷ

2046 1028 2382 1083 καταστάσει
2454 1027 2920 1103 μετατιθέμεναι,
2986 1036 3501 1106 παραπέμποντας
3538 1038 3638 1103 οὒς

2046 1122 2337 1176 ἐπισκοπεῖ
2366 1123 2592 1194 Κύριος,
2627 1124 2726 1179 καὶ
2753 1126 2805 1179 οἰ
2833 1127 3104 1198 ὀφθαλμοὶ
3126 1127 3295 1182 αὐτοῦ
3326 1130 3422 1183 καλ¹
3457 1130 3521 1185 τὸ
3544 1130 3636 1185 λό-
3684 1122 3699 1134 ’

2046 1230 2167 1284 γιον
2192 1214 2491 1279 διαπαντὸς
2526 1215 2943 1272 ἐπιϐλέπουσιν.
2979 1214 3083 1273 ’Ὧν
3114 1217 3177 1273 τὸ
3209 1219 3410 1286 κάλλος
3452 1222 3549 1275 καὶ
3574 1222 3640 1276 τδ

2049 1305 2304 1377 μέγεθος,
2341 1307 2438 1360 καὶ
2470 1307 2569 1377 τὴν
2607 1308 2690 1371 εἰς
2731 1308 2961 1380 ἄπειρον
3013 1310 3438 1381 μακαριότητος,
3461 1313 3636 1382 θέσιν,

2046 1399 2344 1469 προσθήσω
2376 1399 2422 1453 δ’
2460 1401 2542 1453 ὅτι
2582 1400 2675 1454 καὶ
2722 1402 2824 1472 τῆς
2872 1402 3018 1474 ὑπὲρ
3079 1404 3207 1457 νοῦν
3265 1403 3640 1476 ὡραιότητος,

2047 1490 2208 1547 ἴδοιεν
2236 1491 2304 1545 ἂν
2328 1491 2555 1555 εἰκότως
2583 1492 2738 1547 αὐτοὶ
2771 1493 3118 1566 τρανώτερόν
3152 1512 3214 1549 τε
3247 1495 3347 1549 καὶ
3376 1496 3647 1567 ὑψηλότεςο
3723 1551 3727 1555 ,

2048 1600 2162 1655 ρον,
2194 1582 2245 1636 οἳ
2289 1583 2493 1654 μᾶλλον
2524 1583 2682 1655 ἡμῶν
2718 1584 2840 1656 Θεῷ
2892 1585 3316 1656 πλησιάζοντες.
3353 1589 3641 1646 κάνταῦθα

2045 1674 2141 1728 τοῦ
2168 1673 2376 1747 δρόμου
2414 1675 2698 1746 λήξαντες,
2731 1676 2833 1746 τὴν
2872 1678 3187 1750 ἐκεχειρίαν
3235 1678 3515 1746 ἐδέξαντο,
3556 1677 3641 1749 οἷς

2048 1768 2142 1820 καὶ
2178 1766 2380 1837 μᾶλλον
2407 1768 2739 1838 ἡτοίμασται
2766 1769 2923 1840 παρὰ
2951 1770 3052 1839 τῆς
3080 1772 3262 1827 πάντα
3288 1773 3473 1843 σοφῶς
3492 1772 3640 1841 διεξ-

295 1931 299 1934 ν
357 1875 524 1937 atque
573 1866 735 1932 adeo,
800 1867 1004 1936 quibus
1070 1865 1413 1937 gubernante
1445 1865 1728 1936 sapienter
1758 1866 1942 1921 omnia

2048 1854 2293 1925 αγούσης
2339 1856 2630 1926 Προνοίας.
2673 1858 2837 1912 Ὥστε
2893 1858 3267 1915 διελεύσονται
3300 1862 3402 1933 μὲν
3436 1864 3495 1917 αἰ
3529 1864 3642 1920 τῶν

354 1950 724 2029 providentia,
755 1956 856 2012 fuit
889 1966 1167 2028 paratum.
1211 1956 1605 2023 Quamobrem,
1640 1965 1771 2012 sunt
1817 1958 1939 2027 qui-

354 2051 479 2106 dem
535 2050 734 2105 animae
784 2057 1107 2111 sanctorum
1141 2050 1460 2106 transitura:
1505 2050 1702 2105 inferni
1728 2060 1940 2122 portas,

355 2142 504 2199 sicut
561 2143 849 2212 probatum
900 2148 987 2197 est
1028 2159 1041 2195 :
1079 2159 1098 2193 ι
1134 2140 1258 2196 Non
1308 2142 1457 2197 enim
1490 2150 1577 2198 est
1625 2143 1944 2214 discipulus

355 2248 522 2304 supra
548 2234 872 2305 magistrum
893 2244 942 2287 ι).
978 2252 996 2285 ι
1032 2232 1190 2288 liaud
1218 2242 1404 2290 tamen
1436 2247 1592 2305 puto,
1636 2237 1785 2291 velut
1807 2237 1942 2293 olim

353 2327 680 2383 detinendas
743 2326 880 2387 fore,
943 2343 1112 2396 quum
1143 2327 1303 2395 juxta
1352 2330 1499 2398 quod
1535 2329 1804 2396 scriptum
1835 2342 1942 2397 est,

361 2437 380 2470 ι
438 2428 725 2488 peccatum
786 2419 1057 2489 regnabat
1092 2432 1220 2471 cum
1277 2427 1457 2473 morte
1475 2430 1525 2473 ει.
1559 2438 1578 2470 ι
1610 2419 1781 2475 Porro
1812 2430 1948 2477 sunt

353 2511 777 2582 pertransiturae
803 2509 823 2574 (
853 2510 981 2564 audi
1014 2511 1246 2571 cordate
1286 2518 1341 2565 et
1371 2512 1792 2583 intelligenter)
1834 2529 1943 2569 non

356 2602 435 2658 ita
468 2613 527 2657 ut
560 2602 865 2657 interitioni
912 2602 1223 2669 tradantur,
1282 2602 1380 2658 sed
1419 2612 1479 2659 ut
1510 2613 1565 2657 et
1599 2604 1712 2660 illic
1740 2620 1942 2660 novum

356 2702 679 2751 scrutentur
765 2693 1181 2763 doceanturque
1271 2702 1682 2749 sacramentum
1742 2695 1945 2753 divina

360 2781 829 2853 dispensationis;
879 2783 1116 2847 Christi,
1170 2783 1420 2854 inquam,
1453 2784 1509 2839 in
1538 2784 1818 2841 infernum
1847 2788 1945 2843 de-

357 2889 638 2936 scensum,
665 2889 827 2944 quem
856 2871 1019 2931 Iesus
1047 2875 1174 2929 vitae
1199 2883 1417 2941 auctor,
1451 2891 1551 2931 sua
1574 2876 1694 2947 ipse
1726 2889 1943 2949 sponte,

358 2966 450 3020 ubi
483 2980 512 3019 a
555 2966 815 3036 passione
872 2974 927 3021 et
960 2965 1188 3020 interitu
1250 2966 1515 3022 immunis
1554 2968 1741 3024 erucis
1775 2969 1948 3025 suSti-

358 3059 572 3114 nuisset
609 3071 865 3124 mortem,
900 3060 1079 3114 nostri
1119 3073 1287 3113 causa
1315 3060 1543 3114 molitus
1574 3069 1681 3117 est.
1711 3061 1792 3117 Ad
1827 3062 1945 3118 haec

355 3164 486 3204 vero
516 3156 575 3204 ut
629 3164 821 3204 eorum
851 3164 974 3219 quae
1016 3148 1128 3203 illic
1161 3146 1316 3203 fuere
1350 3159 1737 3205 consummata
1777 3153 1945 3208 mira-

2049 1952 2220 2019 ἁγίων
2237 1951 2431 2022 ψυχαὶ,
2467 1952 2615 2008 καθὰ
2651 1953 2952 2019 δέδεικται,
2984 1955 3076 2010 διὰ
3109 1956 3221 2011 τῶν
3252 1957 3348 2011 τοῦ
3381 1957 3508 2030 ᾅδου
3537 1974 3643 2014 πυο

2045 2040 2174 2095 λῶν.
2212 2058 2231 2092 ι
2284 2043 2360 2096 Οὐ
2384 2042 2494 2114 γάρ
2520 2045 2639 2097 ἐστι
2676 2044 2927 2117 μαθητὴς
2956 2046 3099 2119 ὑπὲρ
3130 2048 3224 2102 τὸν
3245 2048 3591 2107 διδάσκαλον.
3618 2070 3636 2104 ι

2045 2134 2119 2186 Οὐ
2143 2133 2268 2205 μὴν,
2286 2129 2465 2206 οἶμαι,
2484 2136 2993 2209 κατασχεθήσονται
3012 2138 3157 2194 καθὰ
3182 2140 3281 2195 καὶ
3296 2140 3511 2214 πρώην,
3527 2145 3641 2212 ἅτε,

2046 2227 2190 2281 κατὰ
2221 2229 2283 2282 τὸ
2311 2230 2701 2301 γεγραμμένον
2720 2270 2737 2295 ,
2768 2248 2791 2284 ι
2823 2231 3147 2286 ἐϐασίλευσε
3185 2234 3283 2288 σὺν
3316 2234 3395 2305 τῷ
3423 2234 3642 2307 θανάτῳ

2046 2321 2081 2390 ἡ
2111 2320 2374 2390 ἁμαρτία,
2415 2342 2436 2375 ι
2481 2321 2861 2378 Διελεύσονται
2900 2324 2959 2378 δὲ
3003 2323 3195 2395 (ἄκουε
3234 2328 3500 2401 συνετῶς)
3539 2332 3641 2403 οὐχ

2046 2412 2187 2466 ὥστε
2221 2414 2586 2486 διολεσθῆναι,
2626 2416 2744 2470 ἀλλ’
2773 2416 2918 2470 ὥστε
2964 2416 3318 2489 διερευνῆσαι
3356 2420 3452 2474 καὶ
3506 2438 3647 2493 μυη-

2047 2505 2211 2573 θῆναι
2237 2508 2400 2561 κάκεῖ
2424 2507 2486 2562 τὺ
2501 2508 2654 2574 ξένον
2668 2507 2771 2578 τῆς
2799 2507 2951 2573 θείας
2983 2511 3299 2582 οἰκονομίας
3340 2514 3648 2583 μυστήριον

2049 2598 2216 2669 (λέγω
2266 2598 2323 2652 δὲ
2371 2599 2470 2669 τὴν
2510 2599 2593 2662 εἰς
2641 2598 2770 2670 ᾅδου
2798 2598 3132 2664 κατάϐασιν,
3183 2602 3250 2672 ἢν
3294 2602 3644 2675 ὑπὲρήμῶν

2047 2688 2190 2746 ἑκὼν
2218 2692 2247 2744 ὁ
2274 2691 2579 2762 ζωαρχικὺς
2613 2690 2823 2763 Ἰησοῦς
2861 2693 3185 2763 ἐποιήσατο,
3220 2693 3315 2748 τὸν
3352 2694 3447 2749 διὰ
3476 2711 3643 2750 σταυ-

2049 2781 2144 2855 ροῦ
2176 2782 2406 2839 θάνατον
2451 2784 2775 2853 ὑπομείνας,
2810 2786 2840 2838 ὁ
2875 2785 3096 2856 ἀπαθής
3145 2786 3243 2841 καὶ
3280 2785 3639 2859 ἀνώλεθρος).

2046 2873 2280 2944 προσέτι
2314 2875 2410 2928 καὶ
2445 2874 2555 2929 τῶν
2605 2877 2788 2930 ἐκεῖσε
2832 2875 3205 2932 τελεσθέντων
3253 2879 3345 2931 τὸν
3385 2876 3645 2949 ὑπερφυᾶ

2045 2964 2204 3034 λόγον
2220 2965 2629 3037 ἐκδιδαχθῆναι,
2657 2966 2757 3038 ὅση
2789 2983 2853 3021 τε
2882 2966 2976 3020 καὶ
2998 2966 3086 3020 οἵα
3119 2967 3210 3022 διὰ
3242 2969 3343 3039 τῆς
3366 2968 3643 3040 συμϐολῆς

2044 3058 2081 3128 ἡ
2111 3058 2238 3128 νίκη
2271 3057 2464 3127 γέγονε
2487 3056 2567 3128 τῷ
2590 3056 2828 3129 Σωτῆρι,
2847 3058 2976 3122 τοὺς
3000 3059 3255 3124 αἰωνίους
3285 3059 3645 3130 καθαιροῦντι

2052 3149 2308 3222 μοχλούς.
2359 3149 2549 3204 Ταῦτα
2605 3150 2789 3205 τοίνυν
2864 3151 3002 3222 πρὸς
3051 3150 3161 3206 τῶν
3226 3153 3393 3224 ἰερῶν
3448 3153 3646 3223 λογίων

354 3239 521 3296 bilem
584 3240 854 3294 rationem
907 3239 1224 3295 accuratius
1257 3238 1578 3302 didicerint,
1619 3251 1822 3312 quanta
1856 3244 1943 3297 ni-

2051 3242 2405 3314 μεμνήμεθα,
2444 3243 2540 3296 καὶ
2577 3242 2678 3296 οὐκ
2720 3242 2832 3297 ἀπὸ
2870 3242 3077 3298 σκοποῦ
3111 3241 3224 3298 τῶν
3252 3244 3644 3319 ῥηθησομένων

355 3331 559 3385 mirum
589 3337 642 3385 et
672 3331 854 3401 qualis
877 3338 1033 3400 parta
1054 3331 1126 3385 sit
1164 3330 1421 3395 Christo,
1449 3331 1756 3389 eoul'ractis
1777 3342 1939 3389 aster-

2050 3337 2184 3405 ήμῖν
2202 3338 2645 3410 προεξήτασται-

355 3425 574 3481 nalihus
607 3425 880 3490 vectibus,
910 3426 1330 3497 congressione,
1365 3425 1620 3480 victoria.
1654 3427 1784 3483 Haec
1813 3428 1982 3500 igitur
2014 3444 2081 3486 ex
2121 3436 2301 3489 sacris
2338 3434 2490 3491 docti
2527 3450 2728 3492 sumus
2773 3436 3046 3504 oraculis,
3088 3451 3200 3494 nec
3247 3437 3427 3494 aliena
3463 3453 3497 3515 ε
3558 3438 3645 3494 di-

353 3520 650 3577 cendorum
686 3522 899 3576 ratione
925 3524 1236 3575 examinata
1270 3521 1667 3590 praemisimus.

426 3613 563 3668 Puto
617 3623 798 3669 autem
847 3614 1011 3668 valde
1051 3629 1405 3685 consequens
1454 3628 1520 3669 ac
1546 3613 1941 3682 commodum,

227 3695 239 3705 ’
354 3719 417 3764 ιιι
448 3717 502 3764 et
534 3707 884 3778 vestigaudo,
916 3723 1040 3778 quae
1070 3708 1139 3763 ad
1173 3723 1354 3764 sacrae
1381 3708 1552 3777 hujus
1568 3722 1790 3778 semper
1816 3707 1945 3763 Vir-

352 3803 500 3872 ginis
543 3803 821 3857 occultam
874 3801 1296 3873 gloriosamque
1348 3800 1747 3856 dormitionem
1814 3817 1941 3871 spe.

352 3900 531 3959 etant,
587 3893 859 3947 bonorum
923 3908 988 3948 ac
1045 3893 1541 3963 contemplationis
1619 3892 1943 3951 divinorum

354 3985 670 4041 amantibus
728 4001 1030 4055 apponam.
1083 3987 1301 4057 Quippe
1368 3994 1429 4039 ut
1486 3985 1636 4056 quod
1683 3994 1771 4042 est
1813 4001 1944 4043 vere

354 4078 522 4132 fateri
566 4087 859 4149 eporteat,
911 4085 969 4134 et
1011 4078 1080 4134 ad
1127 4079 1272 4132 hanc
1318 4093 1497 4148 usque
1530 4093 1829 4149 progressa
1858 4088 1945 4134 est

352 4187 506 4228 mors
538 4172 837 4237 naturalis,
876 4188 987 4227 non
1032 4182 1298 4244 tanquam
1337 4173 1491 4228 velut
1520 4187 1750 4229 carcere
1781 4172 1941 4228 cohio

351 4264 563 4329 buerit,
592 4266 1061 4336 quemadmodum
1095 4267 1304 4323 accidit
1343 4266 1399 4321 in
1434 4267 1622 4331 nobis,
1648 4257 1811 4323 autve
1837 4258 1965 4322 sibi”

350 4358 695 4439 subiecerit,
755 4375 970 4431 apage.
1028 4356 1140 4416 nisi
1209 4369 1479 4431 quantum
1544 4360 1820 4430 Oportuit,
1884 4365 1947 4414 ιιι

345 4464 611 4508 somnum
646 4453 800 4507 illum
856 4467 960 4508 ceu
1014 4454 1356 4509 exstaticum
1411 4452 1733 4523 quemdam,
1781 4461 1842 4506 ut
1871 4452 1945 4505 ita

2133 3616 2221 3680 Ὠς
2249 3611 2427 3686 οἶμαι,
2458 3614 2584 3669 λίαν
2634 3614 2931 3670 ἀκόλουθόν
2958 3631 3020 3669 τε
3054 3614 3150 3669 καὶ
3177 3615 3515 3688 πρόσφορον.
3547 3604 3667 3672 καί

2048 3708 2119 3762 τὰ
2146 3708 2240 3761 ἐπὶ
2267 3709 2335 3779 τῇ
2370 3707 2581 3778 κρυφία
2616 3707 2708 3762 καὶ
2737 3707 3003 3778 περιδόξῳ
3041 3708 3144 3779 τῆς
3176 3711 3489 3781 ἰερογενοῦς
3516 3712 3648 3766 ταύ-

2045 3817 2149 3871 της
2179 3799 2570 3873 Ἀειπαρθένου
2611 3802 2873 3873 κοιμήσει
2914 3800 3441 3874 διαψηλαφήσαντα,
3474 3822 3645 3876 προσο

2048 3892 2220 3947 θεῖναι
2280 3895 2399 3958 τοῖς
2454 3896 2718 3965 ἐρασταῖς
2749 3893 2860 3948 τῶν
2903 3893 3089 3963 καλῶν
3118 3896 3213 3948 καὶ
3262 3895 3641 3965 φιλοθεάμοσι.

2044 3987 2158 4041 Καὶ⁸
2195 3985 2306 4055 γὰρ
2344 3988 2396 4041 εἰ
2431 3986 2539 4057 χρὴ
2578 3987 2764 4056 λέγειν
2816 3987 3053 4060 τάληθῆ,
3087 3988 3182 4041 καί
3244 3988 3445 4060 μέχρις
3471 3989 3646 4062 αὐτῆς

2042 4080 2072 4131 ὁ
2109 4079 2341 4145 φυσικδς
2380 4079 2491 4133 τῶν
2521 4077 2833 4152 ἀνθρώπων
2865 4079 3118 4152 ἐχώρησε
3141 4079 3375 4144 θάνατος
3397 4097 3413 4113 θ
3440 4084 3501 4136 οὐ
3537 4082 3645 4155 μὴν

2043 4170 2365 4244 καθείρξας,
2398 4175 2477 4239 ὡς
2504 4175 2580 4228 ὲν·
2603 4177 2762 4247 ἡμῖν,
2792 4174 2826 4245 ῆ
2878 4175 3323 4248 χειρωσάμενος·
3357 4176 3574 4244 ἄπαγε⁸
3608 4177 3640 4248 ἢ

2041 4265 2167 4319 ὅσον
2196 4267 2363 4320 αὑτοῦ
2393 4266 2566 4321 ὕπνου
2587 4269 2787 4339 πεῖραν
2808 4266 3018 4334 λαϐεῖν,
3051 4267 3265 4321 ἐκείνου
3288 4267 3383 4321 τοῦ
3412 4268 3551 4340 πρὸς
3576 4270 3645 4325 τὰ

2042 4357 2384 4429 ἐλπιζόμενα
2407 4358 2516 4414 τῶν
2540 4360 2670 4431 τῇδε
2691 4360 2866 4431 ἡμᾶς,
2902 4359 3093 4432 ὥσπερ
3113 4360 3261 4425 τινὸς
3284 4362 3637 4433 ὲκστατικῆς,

2045 4452 2310 4518 ίνόὔτως
2341 4453 2507 4517 εἴπω,
2565 4456 2759 4526 φορᾶς.
2795 4457 2935 4527 πρὸς
2982 4455 3196 4526 θεοειδῆ
3236 4457 3645 4527 μεταποιουμέ-

347 4542 557 4607 dicam,
617 4545 885 4614 impetum
942 4545 1311 4615 experiretur,
1370 4558 1480 4611 quo
1533 4559 1561 4596 ιι
1594 4543 1835 4596 terrenis
1874 4541 1943 4594 ad

2048 4562 2174 4610 νους
2231 4547 2568 4600 κατάστασιν
2617 4548 3113 4618 παραπέμποντος·
3141 4547 3241 4613 ὡς,
3281 4547 3416 4618 φέρε
3446 4547 3642 4611 εἰπεῖν,

355 4637 504 4692 bona
538 4637 630 4691 illa
690 4639 746 4692 in
793 4652 893 4709 spe
947 4639 1153 4709 posita,
1196 4638 1254 4690 i‘n
1286 4635 1612 4690 deil'ormem
1646 4635 1941 4704 quemdam

2048 4636 2115 4688 τὰ
2146 4638 2286 4691 κατὰ
2335 4636 2428 4691 τὸν
2465 4637 2684 4708 πρῶτον
2734 4636 2904 4692 ὕπνον
2962 4638 3195 4704 ἐκεῖνον,
3256 4638 3318 4692 ὃν
3365 4638 3394 4690 ὁ
3427 4637 3647 4709 πρῶτος

350 4737 567 4785 statum
604 4730 885 4786 immutati
912 4731 1352 4786 transmittimur
1387 4748 1402 4784 :
1438 4743 1506 4784 ac
1531 4726 1721 4798 qualis
1750 4740 1942 4780 exelu-

2049 4726 2298 4782 ὕπνωσεν
2324 4728 2636 4797 ἄνθρωπος,
2672 4731 2765 4783 καὶ
2798 4729 2898 4802 τὴν
2926 4729 3169 4801 πλευρὰν
3202 4729 3455 4802 ἀφῃρέθη
3506 4729 3647 4801 πρὸς

350 4823 432 4894 pii
467 4838 640 4879 causa
698 4824 802 4878 fuit
845 4824 1062 4895 primus
1104 4822 1197 4877 ille
1228 4836 1487 4883 somnus,
1513 4833 1679 4890 quem
1721 4817 1940 4888 primus

2048 4819 2149 4889 τὴν
2185 4820 2280 4874 τοῦ
2313 4821 2437 4875 καθ’
2473 4824 2625 4893 ἡμᾶς
2679 4822 2853 4886 είδους
2910 4822 3349 4896 συμπλήρωσιν.
3405 4822 3502 4876 καὶ
3549 4821 3645 4876 τοῦ

343 4914 619 4970 dormivit
663 4915 851 4978 homo,
906 4929 1035 4969 cum
1086 4921 1240 4967 costa
1295 4912 1366 4969 ad
1419 4911 1675 4965 humana:
1725 4911 1935 4978 speciei

2048 4911 2436 4983 ἀφαιρεθέντος
2461 4912 2663 4985 μέρους
2692 4916 2752 4968 τὸ
2774 4914 2963 4968 λεῖπον
2993 4913 3293 4986 ἀπείληφε.
3327 4913 3536 4984 Τούτῳ,
3564 4908 3646 4965 οῖ-

347 5009 784 5079 completionem
822 5009 1150 5071 «subtracta,
1191 5006 1338 5075 quod
1387 5005 1609 5060 deesset
1640 5003 1936 5060 abstracta:

2048 5022 2169 5076 μαι,
2194 5004 2273 5075 τῷ
2301 5006 2494 5080 τρόπῳ
2523 5007 2620 5061 καὶ
2648 5006 2790 5079 αὕτη
2823 5008 3073 5078 φυσικῶς
3121 5007 3526 5079 ἀφυπνώσασα,
3550 5006 3644 5062 θα-

428 5154 455 5196 r
476 5142 670 5200 Matth.
696 5161 749 5211 κ,
781 5143 873 5199 ει.
949 5152 978 5194 q
1018 5141 1183 5196 Rom.
1210 5156 1266 5205 ν,
1293 5138 1387 5193 21.

1679 5249 1820 5309 COM
1830 5251 2077 5311 BEFISII
2101 5251 2340 5310 NOTAE.

426 5352 540 5423 (74)
581 5351 715 5419 Quae
740 5351 942 5423 tristem
972 5348 1128 5423 illum
1155 5346 1329 5401 locum
1355 5362 1458 5423 non
1480 5359 1773 5423 permeent.
1821 5346 1941 5423 Est,
2046 5359 2276 5415 totum;
2310 5347 2459 5423 quod
2492 5347 2921 5423 non_prohibe_t,
2953 5363 3034 5423 ne
3075 5347 3161 5402 vel
3180 5353 3355 5423 _tunc,
3387 5364 3433 5404 ει
3464 5349 3644 5423 dignae

353 5417 543 5496 ἀειδῆὀ
589 5417 980 5496 ίΤεηεὺτοειιηι,
1031 5419 1337 5496 obscurum.
1393 5417 1622 5473 Videtur
1681 5422 1946 5496 nonnihil
2045 5431 2198 5496 sunt,
2234 5429 2289 5476 et
2320 5417 2462 5475 nihil
2505 5417 2840 5489 expiandum
2877 5419 3141 5496 habeant,
3175 5418 3433 5496 fruantur
3458 5417 3642 5496 divina

358 5489 586 5551 nnva'et
618 5493 916 5563 singularis
940 5489 1215 5563 doctrina,
1251 5502 1593 5563 quanquam,
1618 5497 1677 5543 ut
1704 5491 1944 5557 ipsemet
2041 5492 2261 5547 visione
2294 5509 2309 5546 :
2364 5501 2738 5560 praeterquam
2798 5489 2948 5563 quod
3002 5490 3306 5563 descensus
3345 5490 3449 5563 iste
3494 5492 3642 5547 velut

282 5560 290 5631 ξ
356 5576 553 5622 auctor
582 5558 831 5630 exponit,
861 5561 999 5617 nihil
1057 5559 1329 5614 absonum
1383 5559 1628 5631 Ιιιιικιίιις⁸
1647 5570 1703 5612 ιιι
1731 5563 1946 5616 scilicet
2044 5569 2327 5617 momento
2350 5558 2475 5617 esse
2493 5558 2706 5631 potest;
2731 5558 2951 5615 tametsi
2993 5558 3265 5631 Andreas,
3286 5562 3487 5631 minus
3510 5578 3643 5617 con-

282 5626 289 5707 ξ
358 5638 535 5707 magis
563 5626 751 5707 specie
783 5626 1050 5702 triumphi
1071 5645 1246 5707 quam
1279 5646 1474 5707 poenae,
1509 5646 1576 5685 eo
1598 5629 1948 5707 deducantur
2045 5634 2252 5707 sentire
2276 5626 2513 5695 videtur,
2537 5634 2629 5686 cui
2659 5640 2831 5707 totum
2859 5641 3095 5707 tempus2
3119 5646 3229 5707 quo
3252 5629 3437 5707 Mariae
3461 5633 3643 5707 anima

356 5700 638 5779 iustorum
665 5705 885 5779 animm,
917 5700 1025 5779 non
1047 5702 1185 5779 illic
1216 5702 1546 5779 distinendae.
1586 5700 1683 5755 sed
1729 5702 1940 5779 Christi
2052 5700 2155 5779 fuit
2187 5710 2345 5779 extra
2372 5718 2605 5779 corpus
2636 5741 2651 5764 ,
2680 5703 2755 5779 ad
2785 5702 3011 5758 tertium
3044 5700 3268 5779 circiter
3295 5701 3475 5779 diem...
3496 5701 3643 5779 ejus-

357 5771 574 5832 iantum
606 5776 875 5845 magnalia
931 5774 985 5827 iu
1047 5771 1647 5845 infernoinspecturus,
1699 5786 1763 5826 ac
1796 5775 1943 5827 velut
2050 5774 2347 5842 dont'apltd
2372 5771 2578 5829 inferos
2611 5774 2759 5829 velut
2794 5772 3109 5827 necessaria
3141 5771 3537 5842 peregrinatio
3572 5774 3638 5827 iis

360 5862 488 5905 eum
515 5841 799 5902 secuturae.
831 5845 1064 5913 eiusque
1111 5844 1177 5900 ad
1212 5841 1420 5900 inferos
1450 5845 1778 5900 descensum
1817 5846 1943 5899 imi-

312 5265 326 5357 ὲ

2048 5845 2377 5911 lustrandis,
2404 5855 2505 5901 est.
2828 5898 2853 5933 Χ
