4012 6440
397 388 538 463 1053

1448 390 1530 454 IN
1565 390 2119 457 DORMITIONEM
2149 396 2209 456 S.
2244 396 2535 458 ΜΑΒΙιΕ.
2578 395 2605 457 Ι

3544 393 3684 466 1056

390 505 555 558 νάτου
581 500 683 573 μὲν
713 499 1084 570 ἀπεγεύσατο,
1104 502 1167 556 ού
1199 502 1310 574 μὴν
1330 501 1390 558 δὲ
1419 503 1636 575 ἔμεινεν
1670 508 1920 576 κάτοχος,
1946 508 1980 579 ἢ

2102 508 2261 578 partis
2296 511 2529 579 recepit.
2566 508 2626 564 In
2676 509 2827 564 hunc
2867 507 3117 565 arbitror
3145 507 3375 563 modum
3405 521 3666 581 separata

392 596 516 650 ὅσον
544 596 657 658 τοῖς
686 597 936 662 φυσικοῖς
965 591 1106 659 εῐξαι
1137 593 1361 664 θεσμοῖς
1379 635 1394 658 ,
1426 596 1523 650 καὶ
1549 598 1650 668 τὴν
1673 598 1988 668 οἰκονομίαν

394 683 704 756 πληρῶσαι,
761 684 829 755 ἣν
876 685 933 751 ἐξ
978 685 1220 756 ἀρχῆςή
1268 685 1490 742 πάντων
1542 687 1809 761 διήκουσα
1857 689 1989 761 περὶ

393 768 543 849 ἡμᾶς
570 776 814 848 ἐπήξατο
843 777 1078 849 Πρόνοια
1096 793 1112 809 ο
1146 780 1242 832 καὶ
1268 778 1331 850 δὴ
1362 781 1456 834 καὶ
1481 781 1572 834 τὸν
1594 782 1795 853 τρόπον
1817 782 1988 849 δεῖξαι

395 864 607 937 σαφῶς,
638 867 789 930 ὅπως
822 867 924 939 τὴν
962 869 1028 921 ἐκ
1056 867 1166 921 τῶν
1197 867 1456 940 φθαρτῶν
1502 869 1642 941 πρὸς
1674 870 1745 925 τὰ
1775 855 1989 943 ἄφθαρ-

393 976 464 1014 τα
488 958 862 1029 μεταϐατικὴν
914 959 1265 1031 ύπηλλάξατο
1292 962 1509 1032 κίνησιν
1530 978 1544 992 ·
1579 962 1704 1014 ἐπεὶ
1739 962 1874 1033 μηδὲ
1896 962 1990 1017 ἀλ-

398 1050 505 1114 λως
532 1046 600 1120 ἦν
632 1049 874 1120 θεμιτὸν,
909 1051 942 1123 ἦ
984 1051 1083 1123 τῆς
1120 1051 1337 1106 τοιᾶσδε
1390 1051 1502 1105 τῶν
1545 1052 1734 1124 μερῶν
1777 1054 1991 1118 διαζεύ-

400 1140 536 1208 εεως
565 1142 862 1214 προσφυῶς
889 1142 1208 1212 γενομένης,
1229 1138 1338 1215 ’τὴν
1373 1143 1603 1214 ῥέουσαν
1633 1143 1781 1213 ζωὴν
1822 1162 1980 1213 μετα·

401 1233 761 1305 κρούσασθαι.
825 1234 888 1286 El
948 1233 1058 1305 γὰρ
1117 1234 1218 1287 οὐκ
1281 1233 1419 1297 ἐστι,
1494 1235 1640 1289 κατὰ
1682 1238 1745 1288 τὸ
1783 1235 1989 1304 λόγιον,

400 1325 688 1394 ἄνθρωπος
729 1324 787 1387 ὃς
822 1323 1046 1395 ζήσεται
1076 1324 1172 1378 καὶ
1200 1324 1300 1379 οὐκ
1334 1325 1528 1395 ὄψεται
1568 1326 1837 1380 θάνατον’
1897 1326 1993 1381 ἄν·

401 1412 620 1484 θρωπος
653 1413 709 1466 δὲ
730 1414 826 1467 καὶ
862 1414 1171 1484 ἀνθρώπων
1197 1417 1456 1471 ἐπέκεινα
1487 1419 1583 1472 καὶ
1612 1420 1645 1490 ή
1680 1418 1775 1472 νῦν
1798 1420 1995 1490 ὑμνου-

404 1504 582 1574 μὲν-η,
638 1505 907 1561 δέδεικται
961 1507 1136 1577 δήπου
1167 1509 1401 1578 τρανῶς,
1437 1507 1512 1572 ὡς
1562 1510 1661 1563 καὶ
1708 1510 1848 1579 αὕτη
1902 1513 1993 1566 τὸν

405 1596 517 1650 ῑσον
544 1597 675 1666 ἡμῖν
700 1597 1098 1668 ἐκπεπλήρωκε
1123 1600 1287 1667 νόμον
1327 1600 1426 1669 τῆς
1449 1600 1685 1668 φύσεως,
1716 1603 1764 1654 εἰ
1791 1603 1886 1656 καὶ
1916 1602 1994 1674 μὴ

402 1685 525 1739 καθ’
548 1687 693 1757 ἡμᾶς
722 1688 871 1752 ἴσως,
893 1688 1007 1742 ἀλλ’
1039 1689 1180 1759 ὑπὲρ
1206 1692 1376 1761 ἡμᾶς,
1406 1691 1497 1744 καὶ
1522 1691 1621 1763 τὴν
1650 1694 1831 1746 αἰτίαν
1852 1694 1993 1766 ὑπὲρ

349 1841 374 1854 ο
400 1774 467 1852 ἦς
488 1778 645 1832 τοῦτο
668 1780 885 1843 πάντως
902 1781 1096 1834 παθεῖν
1124 1783 1454 1853 ὲναγὸμεθα.
1479 1782 1635 1837 Οὕτω
1658 1802 1748 1854 μοι
1779 1788 1993 1856 νοήσεις

399 1870 571 1942 αὐτῆς
598 1871 678 1934 εἰς
711 1870 840 1942 ᾅδου
879 1871 1184 1925 κατάϐασιν
1212 1890 1223 1903 ·
1256 1870 1323 1945 ἧς
1358 1874 1596 1946 τοσαύτη
1634 1876 1858 1943 γέγονεν
1906 1879 1995 1930 ἐπ’
2028 1868 2070 1923 Β

396 1962 592 2033 αὐτῆς,
627 1963 768 2017 κατά
800 1979 864 2032 γε
891 1963 985 2017 τὸν
1021 1964 1154 2034 ἐμὸν
1181 1966 1307 2034 ὅρον
1342 1967 1436 2020 καὶ
1464 1966 1646 2035 λόγον,
1680 1970 1747 2038 τῇ
1768 1968 1991 2023 διαστά-

400 2070 481 2106 σει
505 2053 614 2107 τῶν
647 2053 830 2124 μερῶν
857 2057 893 2141 ή
922 2054 1017 2108 τοῦ
1052 2056 1245 2124 καιροῦ
1274 2057 1624 2127 ἐπικράτεια,
1656 2058 1789 2128 ὅσης
1814 2059 1993 2115 ἐδεῖτο

397 2145 497 2214 τῆς
530 2147 766 2217 φυσικῆς
802 2149 1072 2218 κινήσεως
1102 2149 1136 2219 ή
1170 2149 1441 2219 περίοδος,
1467 2152 1526 2202 ὲν
1546 2153 1661 2215 τοῖς
1690 2150 1992 2218 ἀγνώστοις

399 2237 621 2308 χωρίοις
654 2239 823 2312 πείρα
852 2238 952 2312 τὴν
991 2240 1194 2310 γνῶσιν
1244 2240 1431 2295 λαϐεῖν
1452 2280 1468 2305 ,
1516 2242 1750 2312 πρώτως
1780 2243 1994 2309 τούτοις

401 2328 855 2397 ὲπιϐατεύουσαν,
888 2332 987 2386 καὶ
1028 2325 1118 2388 οἷα
1144 2333 1213 2386 δι’
1242 2334 1559 2404 ἀλλοδαπῆς
1590 2337 1688 2390 καὶ
1734 2336 1993 2408 ἀτριϐοῦς

404 2423 629 2495 πορείας
656 2420 1173 2494 διήκουσαν.’¹Ιλεως
1200 2426 1258 2479 δὲ
1289 2424 1410 2496 εἴης
1433 2428 1569 2498 ἡμῖν
1605 2426 1769 2497 αὑτὴ,
1804 2426 1994 2497 θεηδό-

401 2530 463 2585 χε
510 2515 605 2569 καὶ
637 2515 877 2581 ζωοτόκε
916 2517 1167 2589 Παρθένε
1192 2557 1208 2583 ,
1247 2518 1357 2572 τῶν
1388 2517 1702 2588 ἀνεφίκτων
1726 2520 1995 2574 κατατολ-

403 2606 570 2679 μῶσι,
610 2610 706 2664 καὶ
731 2609 840 2663 τῶν
868 2612 1000 2683 περὶ
1029 2611 1090 2664 σὲ
1118 2610 1368 2683 κρυφίων
1398 2610 1856 2683 διερευνωμένοις
1890 2630 1994 2684 μυ-

401 2701 644 2771 στηρίων
675 2702 736 2755 τὸ
762 2702 947 2773 βάθος,
973 2704 1069 2757 καὶ
1092 2703 1192 2767 τὰς
1224 2702 1303 2773 τῷ
1345 2703 1741 2775 ἀκαταλήπτῳ
1768 2704 1879 2757 τῶν
1900 2704 1994 2757 τοῦ

399 2790 537 2845 Θεοῦ
572 2794 861 2862 κριμάτων
887 2795 1034 2866 βυθῷ
1067 2796 1198 2867 περὶ
1252 2795 1312 2848 σὲ
1339 2796 1659 2867 πεπηγυίας
1684 2796 1996 2866 ἐγχειροῦσι

401 2885 688 2939 κατανοεῖν
722 2883 1014 2956 θεουργίας
1033 2902 1045 2915 ·
1076 2883 1163 2950 αἷς
1189 2887 1285 2940 καὶ
1301 2886 1364 2940 τὸ
1401 2887 1563 2963 μονον
1607 2887 1996 2957 προσατενίσαι

399 2977 466 3046 τῇ
500 2974 641 3030 κατὰ
677 2977 802 3032 νοῦν
830 2979 1055 3051 θεωρίᾳ,
1081 2979 1200 3042 δέος
1223 2981 1444 3050 ἐμποιεῖ
1464 2980 1557 3033 καὶ
1586 2979 1772 3043 αὐτοῖς
1795 2996 1859 3048 γε
1885 2982 1998 3044 τοῖς

403 3054 630 3134 ύψῆλοῖς
660 3067 759 3140 τὴν
788 3068 1050 3135 διάνοιαν,
1095 3071 1169 3141 μή
1204 3070 1255 3123 τί
1281 3088 1346 3139 γε
1374 3073 1491 3134 τοῖς
1529 3071 1998 3142 σαρκωδεστέροις

404 3156 559 3227 ήμίν,
584 3160 682 3214 καὶ
710 3161 787 3231 τῷ
810 3161 995 3232 κωδίῳ
1024 3166 1114 3216 τὸν
1150 3160 1295 3232 θῆρα
1322 3160 1852 3232 περικαλύπτουσι.ι

405 3265 624 3308 mantus
677 3252 863 3311 divina
925 3270 1133 3326 opera:
1201 3254 1407 3326 quibus
1456 3255 1543 3312 vel
1612 3256 1732 3312 sola
1799 3258 2007 3313 mentis
2041 3264 2518 3333 contemplatione
2564 3263 2802 3319 intentio
2854 3264 3025 3317 etiam

2092 615 2147 660 et
2193 604 2314 674 ipsa
2366 604 2627 674 equidem
2683 604 3245 673 gustavitmortem,
3294 600 3444 677 haud
3492 612 3681 663 tamen

2092 697 2311 755 detenta
2377 697 2602 763 mansit,
2662 696 2772 752 nisi
2810 704 3024 750 tantum
3072 704 3135 750 ut
3186 702 3402 750 natura:
3454 695 3684 753 cederet

2092 785 2328 858 legibus,
2398 801 2464 841 ac
2533 786 3021 857 dispensationem
3088 786 3365 856 impleret,
3423 800 3591 855 quam
3650 802 3684 841 a

2094 880 2372 950 principio
2423 880 2479 934 in
2538 880 2824 935 hominum
2877 895 3081 950 genus,
3140 879 3331 934 omnia
3373 878 3683 948 pervadens

2092 972 2447 1030 Providentia
2477 972 2713 1037 lixisset,
2740 987 2805 1026 ac
2848 972 3116 1027 voluisset
3151 973 3439 1026 immotam
3468 992 3480 1027 :
3515 980 3683 1041 atque

2093 1066 2256 1129 adeo,
2291 1076 2351 1119 ut
2382 1074 2436 1117 et
2472 1063 2655 1133 palam
2707 1063 2933 1117 modum
2974 1062 3258 1131 proderet,
3297 1061 3682 1131 quo-tenden-

2097 1165 2204 1212 tem
2262 1172 2292 1211 a
2342 1157 2512 1212 rebus
2569 1157 2921 1226 corruptioni
2963 1156 3228 1211 obnoxiis
3261 1155 3328 1209 ad
3363 1169 3454 1209 res
3485 1153 3682 1208 incor-

2097 1257 2289 1320 ruptas
2318 1258 2531 1305 motum
2567 1250 2873 1305 identidem
2918 1257 3191 1303 mutasset
3225 1265 3240 1301 :
3275 1247 3496 1315 quando
3528 1245 3683 1303 nefas

2097 1343 2298 1412 alioqui
2330 1351 2472 1406 erat,
2531 1351 2589 1396 ut
2640 1343 2750 1397 nisi
2809 1342 2903 1394 ilia
2937 1342 3181 1410 partium
3226 1340 3377 1395 velut
3408 1353 3438 1393 a
3482 1347 3683 1393 natura

2097 1433 2499 1503 disjunctione,
2556 1434 2763 1486 ﬂuxam
2813 1432 2984 1486 vitam
3034 1431 3301 1486 mutando
3358 1431 3681 1498 depelleret.

2097 1527 2236 1582 Cum
2292 1527 2465 1590 enim,
2513 1526 2671 1596 juxta
2731 1526 2981 1579 divinum
3045 1525 3336 1579 oraculum
3362 1535 3542 1592 r,non
3606 1526 3685 1579 sit

2098 1617 2266 1672 homo
2315 1619 2411 1688 qui
2467 1619 2635 1683 vivat,
2709 1625 2768 1672 et
2840 1617 2952 1671 non
3000 1616 3076 1671 sit
3127 1617 3356 1670 visurus
3404 1622 3682 1670 mortem:

2097 1710 2267 1766 fuerit
2319 1720 2501 1765 autem
2554 1711 2718 1767 etiam
2757 1711 2923 1764 homo
2973 1724 3140 1779 quam
3192 1707 3560 1770 celebramus,
3621 1720 3686 1762 ac

2099 1804 2277 1873 major
2330 1803 2591 1869 homine;
2646 1802 2943 1869 probatum
2994 1801 3189 1868 utique
3239 1799 3533 1870 perspicue
3563 1814 3686 1852 ma-

2099 1904 2214 1959 net,
2269 1892 2522 1969 eamdem
2582 1899 2640 1947 et
2678 1892 2856 1962 ipsam
2907 1890 3196 1946 nobiscum
3250 1898 3463 1944 naturas
3508 1888 3683 1957 legem

2099 1985 2393 2054 implesse;
2445 1999 2768 2055 quanquam
2823 1982 2970 2038 forte
3023 1996 3137 2037 non
3191 1995 3254 2035 ea
3286 1994 3393 2049 qua
3425 1978 3553 2049 ipsi,
3585 1975 3682 2031 sed

2100 2076 2285 2131 altiori
2316 2085 2371 2130 et
2408 2091 2575 2146 supra
2616 2075 2895 2130 hominem
2953 2075 3194 2136 ratione,
3225 2087 3290 2125 ac
3331 2080 3530 2141 praeter
3560 2084 3683 2123 eam

2098 2182 2207 2238 qua
2260 2167 2313 2221 id
2371 2167 2477 2236 ipsi
2526 2166 2753 2221 omnino
2812 2165 3068 2235 cogimur
3122 2163 3429 2219 sustinere.
3484 2159 3579 2215 Sic
3625 2167 3685 2212 tu

2101 2258 2257 2323 mihi,
2289 2257 2416 2327 ejus
2450 2257 2515 2311 ad
2559 2256 2770 2312 inferos
2813 2256 3147 2311 descensum
3183 2253 3390 2324 cogita,
3432 2250 3595 2320 cujus
3627 2250 3686 2304 in

2100 2362 2163 2402 ea
2198 2356 2376 2413 tanta,
2407 2348 2556 2417 quod
2594 2347 2774 2404 sentio
2816 2356 2873 2401 et
2919 2345 3143 2415 loquor,
3194 2344 3434 2414 partium
3467 2340 3688 2411 disiun-

2100 2438 2288 2492 ctione
2344 2438 2613 2508 temporis
2665 2453 2822 2491 mora
2869 2437 3134 2502 obtinuit,
3182 2443 3444 2506 quantam
3498 2443 3688 2489 motus

2102 2527 2372 2584 naturalis
2395 2528 2641 2583 ambitus
2673 2528 2957 2597 exigebat,
2994 2535 3057 2581 ut
3083 2542 3206 2597 qua:
3237 2527 3474 2593 primum
3503 2524 3689 2594 ignota

2102 2621 2199 2675 illa
2230 2621 2375 2676 loca.
2406 2621 2711 2687 incederet,
2747 2635 2811 2675 ac
2844 2621 2998 2675 velut
3032 2619 3383 2690 peregrinum
3438 2617 3688 2671 invium-

2101 2727 2210 2780 que
2263 2713 2370 2767 iter
2425 2712 2747 2776 conﬁceret,
2803 2713 3188 2781 experimento
3215 2712 3271 2765 in
3321 2709 3403 2765 eis
3443 2706 3575 2776 quid
3623 2719 3690 2760 ea

2102 2804 2377 2859 haberent
2402 2812 2788 2874 cognosceret.
2827 2803 3093 2873 Ignoscas
3124 2816 3275 2864 vero,
3300 2816 3335 2856 o
3366 2799 3462 2856 Dei
3496 2812 3691 2853 susce-

2103 2894 2255 2964 ptrix
2285 2893 2457 2966 Virgo
2495 2903 2550 2947 et
2583 2904 2762 2950 mater
2788 2893 2941 2956 vitae,
2984 2894 3081 2963 qui
3138 2894 3430 2946 inaccessa
3477 2902 3693 2960 praesu-

2104 3001 2341 3049 mamus,
2368 2993 2706 3056 tuorumque
2727 2992 3210 3042 sacramentorum
3235 2995 3498 3035 arcanam
3533 2993 3694 3034 εϐῐυο

2103 3084 2286 3131 temur
2335 3079 2805 3149 profunditatem,
2851 3093 2919 3132 ac
2948 3076 3046 3132 Dei
3079 3074 3422 3145 iudiciorum
3473 3072 3686 3126 incom-

2108 3169 2389 3239 prehensa
2419 3171 2650 3242 abysso,
2684 3171 2741 3225 in
2802 3178 2857 3225 te
2886 3169 3109 3224 ﬁrmata
3144 3164 3498 3236 dispicienda
3528 3176 3692 3218 assu-

3107 3256 3418 3316 suhlimiori
3490 3252 3690 3310 intelli-

407 3349 593 3417 gentia
630 3348 903 3418 praaditis,
946 3356 1153 3405 metum
1193 3348 1396 3419 injicit,
1437 3350 1638 3405 nedum
1672 3348 1839 3405 nobis
1871 3353 2045 3423 ntagis
2100 3357 2444 3427 carnalibus,
2508 3359 2717 3429 quique
2779 3356 2943 3413 ovina
3014 3353 3159 3424 pelle
3226 3350 3470 3407 belluam
3545 3361 3687 3403 con-

408 3452 678 3512 tegamus.
721 3508 726 3511 _

479 3534 628 3603 Πλὴν
651 3535 775 3589 ὅσον
796 3534 968 3602 δεῖξαι
991 3535 1410 3606 κοινωνήσασαν
1439 3535 1573 3607 ἡμῖν
1594 3532 1705 3590 τῶν
1732 3534 1874 3589 κατά
1904 3534 1998 3606 φύ-

2178 3536 2481 3599 (Ζωιει-ιιιη,
2515 3548 2579 3590 ea
2614 3534 2905 3600 hactenus,
2938 3546 3052 3601 quo
3082 3536 3298 3610 tantum
3336 3524 3558 3582 easdem
3594 3537 3695 3577 nuo

407 3641 496 3679 σιν
526 3625 768 3695 θεσμῶν,
802 3625 981 3680 ταῦτα
1003 3626 1138 3699 πρὸς
1158 3625 1320 3697 ήμῶν
1349 3625 1459 3681 δέει
1486 3624 1666 3697 πολλῷ
1701 3626 2011 3698 προδιείλη-

408 3733 563 3771 πται.
613 3719 656 3770 Τ
661 3717 696 3772 ἀ
750 3718 808 3772 δὲ
863 3718 1179 3789 ὑψηλότερα
1236 3717 1346 3771 τῶν
1376 3718 1471 3771 ἐπὶ
1510 3717 1594 3771 σοὶ
1649 3717 2010 3774 τελεσθέντων

413 3808 990 3882 μεγαλουργημάτων,
1044 3810 1141 3863 ἆτε
1195 3810 1264 3880 τῇ
1324 3808 1493 3879 πείρα
1537 3808 1640 3879 τὴν
1701 3809 1838 3881 πρὸς
1868 3809 2012 3863 αὐτὰ

409 3902 696 3956 κοινωνίαν
731 3902 1005 3966 παθοῦσα,
1038 3903 1178 3973 αύτὴ
1198 3902 1264 3956 ἂν
1296 3901 1496 3971 εἰδείης
1533 3900 1764 3972 μᾶλλον,
1796 3895 1841 3955 ὧ
1871 3918 2012 3955 παν-

408 3994 587 4061 ολϐία,
646 3994 919 4067 θειότερόν
948 4012 1008 4048 τε
1054 3996 1152 4050 καὶ
1184 3994 1593 4066 καθαρώτερον,
1641 3994 1674 4064 ἢ
1700 3993 1776 4057 ώς
1809 3996 1837 4048 ὁ
1868 3994 2009 4065 ήμέ-

409 4105 570 4159 τερος
623 4088 970 4162 διεξέρχεται,
992 4088 1172 4157 λόγος.
1192 4087 1304 4142 Καὶ
1334 4087 1441 4157 πρό
1485 4103 1548 4156 γε
1579 4086 1822 4151 πάντων,
1847 4085 2013 4150 αὐτὸς

411 4183 441 4235 ὁ
469 4182 768 4253 μονογενής
798 4198 891 4236 σου
915 4181 1068 4244 Υἱὸς,
1101 4183 1128 4233 ὁ
1161 4180 1287 4243 τοὺς
1319 4172 1527 4245 αἰῶνας
1576 4177 2010 4249 συστησάμενος,

414 4275 510 4328 καὶ
549 4275 632 4329 σοί
661 4292 725 4344 γε
747 4274 906 4340 δόξαν
932 4272 1187 4343 εὐπρεπῆ
1222 4271 1469 4342 περιθεὶς
1501 4271 1596 4325 καὶ
1618 4269 2008 4340 λαμπρότητα,

414 4365 503 4419 διὰ
520 4366 619 4437 τὴν
650 4364 1095 4420 ὲκδανεισθεῖσαν
1122 4361 1275 4432 αὐτῷ
1304 4362 1403 4433 τῆς
1442 4361 1644 4430 σαρκὸς
1699 4360 2013 4432 πρόσληψιν

418 4460 510 4513 καὶ
552 4457 843 4512 ούσίωσινο
894 4456 991 4511 καὶ
1028 4455 1333 4526 τοσαύτην,
1383 4455 1515 4524 ὅσην
1542 4455 1644 4507 οὐκ
1685 4451 1751 4508 ἄν
1782 4469 1868 4517 τις
1901 4450 2013 4506 τῶν

417 4551 540 4606 καθ’
562 4553 729 4623 ἡμᾶς,
767 4550 876 4604 οὐδ’
907 4547 1087 4602 αὐτῶν
1127 4548 1273 4618 τάχα
1319 4545 1429 4600 τῶν
1492 4542 1874 4615 ὑπερεχόντων
1909 4544 2013 4612 ἀγ.-

417 4645 616 4715 γέλων,
663 4644 742 4715 νῷ
779 4642 1057 4698 διαλαϐεῖν
1090 4639 1451 4711 ὲξισχύσειεν.
1491 4638 1632 4692 Ἀλλ’
1662 4637 1804 4691 ἔστω
1839 4636 2015 4690 ταῦτα

2112 3629 2328 3685 hiscum
2380 3627 2625 3689 subiisse
2673 3633 2887 3678 naturae
2938 3622 3086 3692 leges
3133 3618 3562 3675 conﬁceremus,
3592 3626 3717 3668 nec-

2110 3722 2222 3776 nisi
2257 3720 2432 3775 multo
2484 3719 2684 3772 timore
2717 3722 3004 3787 praeeunte
3035 3711 3465 3781 disputavimus.
3503 3704 3694 3760 Subli-
3772 3700 3783 3707 ’

2112 3812 2291 3868 miora
2337 3820 2521 3866 autem
2567 3809 2623 3863 in
2661 3817 2713 3863 te
2764 3806 2962 3863 ell'ecta
3008 3804 3306 3875 magnalia,
3357 3807 3417 3853 ut
3452 3810 3695 3869 quorum

2114 3906 2235 3975 ipsa
2287 3902 2740 3958 communionem
2785 3897 3172 3968 experimento
3224 3892 3491 3956 senseris,
3524 3895 3707 3942 tumet

2113 3997 2316 4052 melius
2340 3996 2592 4058 noveris,
2639 4006 2672 4046 ο
2719 3989 3070 4052 beatissima,
3104 3984 3462 4050 diviniusque
3500 3994 3564 4034 ac
3595 3994 3698 4049 pu-

2112 4089 2235 4142 rius
2270 4100 2438 4157 quem
2470 4093 2662 4138 nostra
2696 4080 2881 4135 oratio
2910 4091 3178 4134 enarrare
3208 4073 3427 4144 possit,
3473 4083 3700 4141 praeque

2114 4177 2416 4240 universis,
2469 4175 2589 4245 ipse
2639 4173 2966 4244 unigenitus
3005 4167 3182 4222 Filius
3234 4173 3387 4220 tuus.
3428 4161 3575 4233 Ipse,
3608 4159 3700 4213 in-

2114 4286 2304 4344 quam,
2359 4269 2455 4341 qui
2503 4266 2801 4323 constituit
2839 4262 3077 4324 saecula,
3118 4267 3541 4326 congruamque
3593 4249 3703 4344 tibi

2116 4341 2348 4437 gloriam
2393 4369 2449 4417 et
2504 4359 2880 4430 splendorem,
2934 4367 3037 4424 pro
3097 4348 3450 4404 commodata
3506 4341 3713 4398 caruis-

2116 4455 2503 4526 assmnptione
2548 4449 2891 4513 substantia,
2954 4442 3208 4499 adhibuit
3243 4458 3260 4508 ;
3293 4440 3462 4509 idque
3509 4451 3574 4490 ea
3604 4451 3704 4526 exe

2116 4525 2398 4613 cellentia,
2428 4561 2540 4618 qua
2574 4559 2687 4599 non
2735 4548 2953 4596 tantum
3006 4538 3290 4592 humanus
3329 4531 3573 4593 animus,
3602 4525 3725 4582 sed

2118 4658 2222 4699 nec
2252 4641 2395 4697 forte
2422 4638 2798 4696 eminentium
2840 4632 3165 4704 angelorum
3198 4624 3521 4683 intellectus
3555 4620 3706 4675 ullus

415 4712 723 4799 διαπαντὸς⁷
750 4737 816 4807 τῇ
873 4733 998 4806 θείᾳ
1026 4731 1307 4803 μυστικῶς
1353 4729 1688 4802 κρυφιότητι
1724 4725 1998 4798 τιμώμενέ

2119 4733 2415 4804 complecti
2464 4730 2660 4802 possit.
2724 4724 3021 4781 Enimvero
3066 4726 3330 4776 maneant
3356 4715 3475 4771 haec
3511 4712 3723 4768 divina:

414 4847 475 4884 τε
505 4829 602 4884 καὶ
637 4826 1072 4899 συντηρούμενα,
1119 4825 1216 4880 καὶ
1245 4824 1336 4877 τὸν
1370 4823 1573 4876 οἰκεῖον
1619 4820 1720 4891 τῆς
1752 4818 1998 4890 ἀληθείας

2120 4841 2335 4895 semper
2361 4823 2704 4880 obscuritate
2734 4819 2971 4892 mystice
3011 4813 3402 4882 occultiusque
3432 4808 3721 4862 honorata.

415 4923 576 4993 λόγον
598 4886 938 4994 ἁκράδαντον
975 4886 1191 4990 ἔχοντα,
1227 4917 1391 4988 μέχρι
1428 4916 1532 4985 τῆς
1554 4886 1876 4976 τελευταίας
1905 4912 1998 4966 τῶι

2121 4886 2330 4989 pariter
2383 4926 2438 4977 et
2470 4886 2823 4981 conservata,
2853 4923 3155 4978 veramque
3194 4904 3476 4977 propriam
3533 4901 3738 4954 ratios—

420 4992 593 5066 ὄντων
610 4992 1131 5073 ἀποκαταστάσεως.
1182 5008 1270 5072 Ὠς
1297 5002 1363 5063 ἂν
1387 5008 1444 5061 δὲ
1478 5009 1630 5078 ἡμᾶς
1654 5005 1764 5060 τῶν
1796 5005 1905 5059 σῶν
1933 5007 1998 5059 ἐν

2117 5028 2241 5067 nem
2277 5012 2694 5070 inconcussam,
2749 5005 2817 5060 ad
2856 5020 3033 5071 usque
3078 5011 3399 5070 supremam
3428 5009 3621 5050 rerum
3651 4992 3737 5047 iu-

426 5103 567 5160 θέων
597 5102 863 5175 ἀμοίρους
894 5101 1252 5173 διηγημάτων
1298 5099 1374 5172 μὴ
1418 5097 1836 5170 ἀποπέμψειας,
1871 5097 1998 5151 δίδοι

2119 5108 2395 5178 integrum
2447 5100 2882 5165 restitutionem,
2938 5098 3238 5152 retineant.
3281 5090 3351 5147 Ut
3378 5105 3447 5178 ne
3486 5101 3588 5178 nos
3620 5094 3715 5178 ta»

380 5260 406 5276 χ
425 5194 585 5264 λόγον
618 5172 772 5267 ήμῖν,
805 5195 881 5259 ὡς
907 5172 1083 5264 Λόγου
1114 5193 1339 5264 Μήτηρ,
1375 5192 1471 5246 καὶ
1495 5192 1597 5262 τῆς
1629 5192 1726 5243 ἐπὶ
1750 5191 1834 5244 σοὶ
1863 5188 1988 5243 τελε

2126 5172 2600 5254 men'divinarum
2634 5202 2859 5245 tuarum
2888 5203 3073 5242 rerum
3118 5189 3370 5252 expertes
3401 5172 3724 5238 dimiseris,

428 5266 650 5359 σθείσης
680 5287 941 5350 ἀποικίας
966 5288 1058 5341 τὸν
1091 5286 1294 5356 τρόπον
1326 5283 1598 5354 γνώρισον
1625 5284 1781 5353 ἡμῖν.
1813 5282 1998 5352 Ἐστη·

2119 5291 2349 5346 verbum
2388 5287 2723 5357 largircccu
2755 5281 2923 5337 Verbi
2970 5278 3167 5341 Mater,
3209 5272 3548 5338 modumque
3575 5266 3711 5320 ede-

426 5400 491 5437 κε
522 5385 634 5452 γὰρ
673 5383 843 5436 εἰσέτι
889 5383 997 5445 πᾶς
1028 5383 1057 5435 ὁ
1101 5379 1213 5434 τῶν
1246 5379 1408 5434 θείων
1455 5376 1758 5449 ἀκροατὴς,
1810 5375 1880 5430 τὰ
1907 5369 1998 5429 ῶτι

2126 5396 2276 5445 ceas,
2304 5395 2415 5450 quo
2446 5389 2537 5434 tua
2572 5378 2665 5432 illa
2701 5374 2964 5443 migratio
2992 5370 3211 5425 habuit.
3244 5365 3532 5420 Hactenus
3560 5362 3709 5413 enim

427 5449 847 5547 προσκεκλικώς
871 5474 1175 5544 σοι,φωνῆς
1185 5489 1245 5526 τε
1260 5473 1359 5543 τῆς
1375 5472 1475 5542 σῆς
1503 5470 1742 5535 ἐπαΐειν,
1760 5467 1908 5522 καθά
1929 5485 1998 5520 κα

2126 5482 2243 5531 stat
2271 5449 2454 5528 omnis
2484 5471 2801 5525 divinorum
2836 5466 3078 5527 auditor,
3114 5461 3349 5541 auribus
3374 5457 3430 5509 in
3466 5462 3518 5507 te
3544 5449 3713 5505 accli-

340 5616 355 5625 .
427 5540 696 5641 πρότερον
720 5569 823 5640 τῆς
852 5540 1057 5633 θείαςνὸ
1086 5540 1305 5639 Ἰσραὴλ
1317 5540 1635 5636 Ἵὲφιέμενος.
1659 5564 1763 5617 Ἢν
1785 5564 1866 5626 είς
1893 5561 1998 5631 ύψο

2136 5567 2224 5621 nis
2259 5579 2560 5633 vocemque
2590 5570 2768 5623 tuam,
2795 5573 2905 5622 qua
2934 5555 3069 5609 olim
3116 5540 3284 5608 Israel
3315 5545 3532 5602 ratione
3560 5540 3713 5596 divi-

433 5637 689 5744 διάρασιι,
709 5637 805 5725 καλ
835 5670 1058 5742 πλέονῆ
1094 5637 1395 5739 σάλπιγγος
1414 5666 1787 5739 γεγωνότερον
1805 5707 1821 5736 ,
1854 5662 1996 5734 Ἐγὼ

2137 5674 2289 5724 nam,
2318 5656 2510 5713 audire
2560 5653 2735 5723 cupit.
2777 5650 2894 5717 Qua
2948 5648 3000 5702 in
3049 5646 3243 5709 altum,
3293 5637 3519 5695 actuha
3540 5646 3715 5703 pene-

432 5858 463 5881 -'
503 5856 531 5891 I'
560 5834 709 5906 Psal.
744 5863 1013 5914 Lxsxvnt,
1047 5847 1135 5902 49.
