4012 6448
367 420 507 489 10ῧὸ

1561 421 1623 482 S.
1654 420 1989 482 ANDBEIE
2028 412 2448 482 CRETENSIS

3503 376 3643 464 loss

367 531 628 588 trabillus
662 528 806 585 elata
838 544 854 583 :
889 524 1005 599 Ego
1025 526 1236 599 inquit,
1269 526 1404 583 nihil
1438 527 1721 584 immutari
1759 544 1951 584 eorum

2058 529 2245 600 φησὶν,
2281 526 2434 582 οὐδὲν
2465 522 2577 577 τῶν
2623 515 2984 591 ἀνθρωπίνων
3041 511 3442 586 παραμείψασα
3498 511 3645 567 κατὰ

363 637 491 694 quae
523 627 714 678 essent
768 620 913 691 juris
960 629 1210 687 naturae;
1247 620 1508 676 oinuibhs
1567 636 1698 676 vero
1745 620 1949 676 decore

366 729 431 769 ac
466 720 705 785 cognata
757 712 973 767 ratione
1004 712 1263 783 patratis,
1295 731 1314 764 ι
1346 713 1528 766 anima
1571 713 1796 783 quidem
1829 728 1950 767 ma-

364 804 572 876 gnilico
621 803 938 868 Dominum,
971 811 1026 859 et
1058 804 1259 874 spiritu
1314 805 1534 859 exsulto
1569 811 1619 869 ³,
1657 825 1676 857 ι
1714 818 1952 874 corpore

366 904 553 950 autem
613 901 986 959 transmutor,
1019 893 1353 963 principium
1396 907 1461 947 ac
1511 893 1671 947 linem
1705 907 1826 946 eam
1860 891 1949 944 fa-

366 987 528 1042 ciens
557 985 785 1040 deitatis
822 985 1081 1054 gratiam,
1128 1000 1294 1052 quam
1345 984 1735 1040 divinissimus
1767 985 1860 1039 ille
1890 985 1947 1039 in

364 1093 493 1132 meo
522 1090 729 1133 arcane
767 1083 930 1130 utero
985 1075 1316 1130 incarnatus
1360 1074 1625 1138 ostendit,
1681 1089 1808 1128 cum
1841 1074 1953 1128 sci-

364 1170 496 1225 licet
547 1170 603 1224 in
667 1184 727 1224 se
789 1169 909 1239 ipse
960 1167 1310 1223 divinitatem
1357 1165 1613 1221 indutum
1670 1164 1949 1220 hominem

363 1260 712 1319 reformavit.
774 1260 1047 1328 nobisque
1133 1259 1560 1330 participatione
1629 1256 1864 1328 spiritus
1919 1271 1950 1309 a

364 1361 513 1408 terra
576 1354 629 1406 in
678 1354 852 1408 caelos
909 1367 1149 1421 corpore
1188 1352 1429 1417 rediens,
1482 1367 1622 1422 quos
1667 1365 1950 1420 nunquam

363 1446 705 1515 reliquisset,
746 1447 1046 1501 concessit.
1082 1444 1189 1511 Qui
1231 1452 1462 1515 paterna
1505 1460 1617 1515 qua
1658 1442 1951 1515 prosequi-

363 1547 456 1593 tur
495 1539 797 1606 hominem,
858 1554 994 1594 cura
1043 1547 1314 1604 movente,
1364 1557 1384 1591 ι
1424 1538 1666 1609 respexit
1724 1536 1947 1607 quidem

365 1631 733 1686 humilitatem
780 1631 1000 1685 ancillae
1035 1645 1149 1686 suae
1187 1632 1238 1697 ι,
1271 1650 1289 1683 ι
1330 1633 1514 1686 statim
1550 1631 1858 1685 decernens
1890 1634 1950 1682 ut

366 1723 602 1793 primam
668 1721 1271 1777 Evazmaledictionem
1342 1721 1638 1776 auferret:
1696 1719 1949 1775 visitavit

365 1825 551 1870 autem
598 1831 698 1870 sua
752 1816 805 1868 in
838 1830 1008 1869 carne
1061 1815 1411 1884 apparitione
1449 1829 1547 1868 eos
1577 1816 1670 1883 qui
1704 1813 1759 1867 in
1795 1820 1949 1867 tene-

366 1907 483 1961 bris
523 1912 579 1959 et
615 1904 809 1958 umbra
869 1903 1064 1959 mortis
1118 1903 1418 1969 sederent,
1472 1902 1674 1958 Oriens
1728 1904 1847 1973 ipse
1880 1918 1948 1957 ex

364 1998 477 2051 alto
534 1997 769 2052 orientis
797 2035 811 2061 ,
877 1995 1161 2066 pedesque
1196 2003 1419 2050 nostros
1453 1994 1658 2049 direxit
1713 1995 1768 2048 in
1800 1996 1946 2049 viam

364 2089 518 2156 pacis
540 2092 594 2139 τι.
627 2084 762 2139 Nam
793 2102 917 2140 cum
946 2087 1090 2139 Deus
1122 2086 1355 2140 veritate
1378 2094 1546 2148 esset,
1573 2099 1709 2140 nova
1739 2093 1948 2139 natura:

361 2179 730 2247 conceptione
780 2186 835 2232 et
898 2179 1188 2233 nativitate
1222 2177 1476 2244 inducta,
1535 2177 1773 2231 mirabili
1809 2191 1950 2247 qua-

364 2270 490 2322 dam
544 2270 766 2323 ratione
816 2285 880 2324 ex
945 2269 1313 2339 virginalibus
1380 2269 1518 2324 meis
1581 2269 1951 2339 sanguinibus

366 2362 532 2417 homo
566 2361 751 2418 factus
786 2370 892 2429 est,
928 2371 989 2416 ut
1040 2362 1325 2416 innovatis
1358 2360 1575 2417 naturis
1605 2373 1793 2416 vetera
1829 2360 1954 2430 qui-

365 2455 487 2509 dem
514 2456 864 2517 tollerentur,
895 2471 1202 2525 eorumque
1236 2453 1358 2508 loco
1378 2455 1791 2508 inducerentur
1809 2467 1952 2507 nova

363 2551 423 2599 et
484 2560 607 2610 quae
666 2560 777 2598 non
843 2552 1217 2607 veterascunt,
1259 2543 1718 2614 eﬂlcerenturque
1765 2543 1952 2597 omnia

368 2650 534 2697 nova,
568 2650 822 2704 novaque
854 2651 1043 2690 revera
1073 2647 1325 2689 creatura
1364 2650 1506 2690 nova
1549 2635 1652 2689 hac
1685 2634 1958 2690 laudatis-

367 2727 620 2797 simaque
652 2724 818 2782 Verbi
858 2726 1267 2783 incarnatione.

441 2904 672 2971 Quando
702 2906 848 2959 enim
883 2905 1165 2974 prioribus
1208 2906 1432 2961 saeculis
1461 2906 1715 2961 auditum
1746 2914 1853 2971 est,
1896 2915 1958 2961 ut

368 2995 576 3051 fcinina
632 2995 724 3050 Dei
781 2996 954 3050 Mater
1005 2997 1201 3053 eﬂ'ecta
1255 2998 1369 3052 sit?
1424 2996 1519 3054 Vel
1558 2999 1783 3069 quando
1812 2999 1956 3054 Deus

369 3091 588 3146 femime
652 3091 800 3146 [ilius
854 3092 1040 3146 dictus
1098 3093 1218 3147 est?
1276 3101 1384 3146 Aut
1436 3094 1658 3163 quando
1717 3095 1957 3148 humana

371 3184 549 3238 forma
579 3186 835 3254 superior
860 3187 1003 3239 facta
1023 3185 1382 3252 Cherubinis,
1410 3187 1601 3241 divina
1632 3203 1691 3242 se
1713 3189 1958 3243 editione

371 3290 439 3329 ac
471 3285 633 3344 partu
683 3275 1083 3339 manifestavit,
1113 3293 1315 3349 resque
1345 3283 1644 3335 universas
1678 3282 1956 3349 guberna-

2056 622 2217 691 φύσιν
2254 618 2495 690 θεσμῶν,
2526 614 2703 670 πάντα
2730 613 2786 666 δέ
2819 606 3211 681 καινοπρεπῶς
3239 623 3299 659 τε
3344 605 3441 660 καὶ
3468 621 3646 675 προσ-

2055 708 2208 778 φυῶς
2236 705 2558 771 διανύσασα,
2598 722 2619 756 ι
2647 706 2717 773 τῇ
2749 701 2848 774 μὲν
2902 700 3054 770 ψυχῇ
3091 695 3381 769 μεγαλύνω
3405 694 3500 748 τὸν
3527 695 3643 748 Κύ-

2057 818 2193 874 ριον,
2222 819 2240 853 ι
2277 800 2372 854 καὶ
2400 795 2747 867 ἀγαλλιῶμαι
2780 792 2859 865 τῷ
2890 793 3185 863 πνεύματι,
3217 790 3293 861 τῷ
3324 787 3543 859 σώματι
3588 788 3644 840 δὲ

2057 894 2499 965 μεταλλάττομαι
2531 892 2626 943 καὶ
2654 887 2974 960 μορφοῦμαι
3000 886 3099 955 τὴν
3126 886 3183 938 ἐν
3215 884 3398 955 χάριτι
3424 881 3642 944 θέωσιν,

2053 988 2228 1058 ἀρχὴν
2261 984 2477 1052 ἐκείνην
2516 983 2614 1036 καὶ
2648 981 2823 1051 πέρας
2858 976 3162 1048 ποιουμένη
3190 976 3287 1046 τὴν
3304 974 3524 1035 θέωσιν,
3578 972 3646 1044 ἢν

2052 1081 2384 1152 ἀπορῤήτως
2410 1079 2476 1147 τῇ
2498 1076 2681 1147 μήτρᾳ
2712 1076 2778 1145 τῇ
2811 1073 2936 1142 ἐμοὶ
2962 1069 3272 1142 σαρκωοε“ις
3296 1069 3324 1121 ό
3351 1065 3643 1137 ὑπέρθεος,

2054 1170 2388 1238 ἐπεδείξατο,
2444 1168 2609 1240 ήνίκα
2659 1165 2862 1237 δηλαδὴ
2921 1164 2983 1218 τὸ
3011 1162 3356 1233 ἀνθρώπινον
3386 1162 3444 1214 ἐν
3468 1156 3646 1227 ἐαυτῷ

2053 1261 2349 1331 θεούμενον
2409 1258 2737 1323 ἀνέπλαττε,
2779 1255 2870 1311 καὶ
2922 1255 2990 1326 ἣν
3041 1255 3174 1326 ἡμῖν
3229 1251 3375 1306 κατά
3427 1246 3647 1321 μέθεξιν

2053 1353 2375 1423 Πνεύματος
2402 1350 2719 1423 ἐχαρίσατο,
2772 1349 2881 1402 τῶν
2905 1347 3014 1404 ἀπὸ
3057 1346 3161 1417 γῆς
3190 1345 3411 1415 χωρίων
3441 1346 3524 1407 είς
3556 1343 3649 1395 οὐ-

2057 1447 2253 1517 ρανοὺς
2277 1444 2447 1499 ἀνιὼν
2480 1442 2622 1514 μετά
2651 1442 2923 1512 σώματος,
2981 1437 3077 1500 οὓς
3104 1436 3301 1490 οΰποτε
3327 1435 3648 1490 καταλέλοι-

2052 1554 2174 1591 πεν.
2218 1538 2315 1599 Ὃς
2346 1536 2411 1606 τῇ
2439 1534 2572 1606 περὶ
2613 1535 2706 1586 τὸν
2738 1532 3028 1603 ἄνθρωπον
3067 1529 3373 1601 κηδεμονίᾳ
3398 1527 3648 1600 καμπτόο

2055 1643 2236 1695 μενος,
2273 1645 2291 1679 ι
2312 1625 2579 1696 ἐπέϐλεψε
2618 1625 2719 1697 μὲν
2741 1626 2834 1677 ἐπὶ
2860 1624 2956 1695 τὴν
2978 1622 3309 1678 ταπείνωσιν
3332 1622 3437 1692 τῆς
3455 1621 3648 1689 δούλης

2051 1718 2241 1781 αὑτοῦ,
2282 1737 2299 1770 ι
2338 1717 2436 1790 τὴν
2471 1717 2699 1788 πρώτην
2727 1716 2891 1780 εὐθὺς
2924 1713 3068 1779 Εὔας
3114 1714 3254 1785 ἀρὰν
3284 1713 3482 1783 ἐξᾶραι
3514 1729 3647 1783 προ·

2053 1809 2301 1879 θέμενος,
2365 1806 2714 1877 ἐπεσκέψατο
2744 1806 2801 1859 δὲ
2848 1809 2914 1878 τῇ
2953 1806 3043 1859 διὰ
3095 1803 3301 1877 σαρκὸς
3349 1803 3648 1874 ἐπιφανείᾳ

1983 1889 2023 1944 Β
2053 1902 2262 1983 τοὺςηέν
2294 1900 2480 1953 σκότει
2525 1900 2619 1952 καὶ
2651 1900 2781 1966 σκιᾷ
2813 1898 3046 1952 θανάτου
3073 1894 3451 1968 καθημένους,
3496 1893 3651 1947 Ἀνα-

2055 1992 2185 2063 τολὴ
2212 1992 2303 2061 ἀφ’
2343 1990 2512 2060 ὕψους
2545 1986 2851 2056 ἀνατολῶν,
2877 1990 2972 2045 καὶ
3001 1989 3303 2043 κατεύθυνε
3326 1987 3458 2050 τοὺς
3487 1985 3649 2049 πόδας

2053 2082 2212 2155 ἡμῶν
2234 2085 2315 2145 εἰς
2339 2082 2456 2136 ὁδὸν
2484 2083 2731 2154 εἰρήνης.
2755 2082 2889 2147 Θεὸς
2920 2080 2996 2135 ὢν
3018 2081 3128 2152 γὰρ
3160 2079 3405 2150 ἀληθῶς,
3437 2077 3650 2148 ἀνθρω-

2054 2192 2156 2238 πος
2190 2178 2254 2229 ἐκ
2281 2174 2627 2248 παρθενπκῶν
2671 2174 2927 2247 αἱμάτων
2955 2173 3255 2246 ὑπερφυῶς
3286 2172 3348 2237 ἐξ
3387 2170 3526 2242 ἐμοῦ
3558 2186 3650 2224 κε-

2054 2267 2392 2339 χρημάτικε,
2433 2267 2596 2334 ξένην
2624 2270 2691 2338 τῇ
2730 2266 2889 2337 φύσει
2937 2266 3203 2336 σύλληψιν
3249 2265 3347 2318 καὶ
3394 2264 3650 2334 γέννησιν

2054 2359 2364 2428 εἰσαγαγών
2384 2373 2397 2389 ·
2431 2359 2519 2413 ίνα
2545 2362 2611 2430 τῇ
2640 2358 2965 2429 καινοτομίᾳ
2980 2356 3089 2411 τῶν
3118 2357 3358 2426 φύσεων,
3379 2354 3523 2427 ἀρθῇ
3553 2353 3651 2425 μὲν

2053 2451 2123 2505 τὰ
2152 2451 2380 2516 παλαιὰ,
2407 2450 2737 2521 ἀντεισαχθῇ
2772 2450 2829 2504 δέ
2858 2450 2928 2502 τὰ
2952 2450 3071 2512 νέα,
3090 2450 3186 2503 καὶ
3209 2448 3284 2519 μὴ
3305 2444 3651 2516 παλαιούμε-

2054 2561 2143 2609 να,
2178 2545 2271 2597 καὶ
2300 2541 2529 2613 γένηται
2557 2542 2735 2595 πάντα
2787 2541 2973 2603 καινὰ,
3016 2540 3110 2592 καὶ
3145 2538 3314 2609 καινὴ
3346 2538 3489 2605 πρὸς
3522 2534 3652 2608 ἀλή-

2057 2638 2207 2691 θειαν
2241 2636 2439 2701 κτίσις,
2477 2635 2566 2688 διὰ
2622 2635 2721 2704 τῆς
2757 2634 2951 2703 καινῆς
2976 2633 3181 2704 ταύτης
3214 2632 3312 2686 καὶ
3337 2629 3654 2696 ἀξιεπαινε-

2056 2734 2305 2801 τωτάτης
2324 2726 2418 2781 τοῦ
2441 2727 2617 2795 Λόγου
2650 2724 3004 2797 σαρκώσεως.

2129 2909 2239 2963 Ποῦ
2270 2908 2381 2980 γὰρ
2414 2909 2471 2961 ἐν
2524 2908 2636 2970 τοῖς
2686 2906 2792 2977 πρὸ
2836 2905 2997 2978 ἡμῶν
3029 2906 3296 2977 ἥκουσται
3324 2904 3480 2978 γυνὴ
3526 2900 3660 2959 Θεοῦ

2057 3004 2260 3075 Μήτηρ
2292 3000 2560 3073 γενομένη
2586 2999 2745 3069 ποτέ;
2788 3001 2821 3072 ἢ
2849 2999 2980 3064 Θεὸς
3006 2998 3266 3069 γυναικὸς
3290 2999 3420 3064 υίὸς
3448 3014 3664 3071 χρημα-

2056 3097 2249 3161 τίσας;
2305 3093 2693 3166 ἦάνθρωπεία
2737 3091 2925 3163 μορφὴ
2998 3092 3109 3145 τῶν
3165 3093 3466 3165 Χερουϐὶμ
3501 3091 3663 3160 ὑπερ-
3750 3108 3753 3109 ν

2060 3190 2193 3252 ἀνω,
2223 3188 2431 3251 θεῖκοῖς
2474 3187 2853 3259 ἐμφανίζουσα
2900 3186 3105 3250 τόκοις,
3138 3185 3235 3238 καὶ
3279 3187 3341 3238 τὸ
3388 3185 3493 3238 πᾶν
3524 3180 3660 3248 διεξ-

2060 3282 2267 3349 άγουσα
2291 3299 2306 3349 ;
2337 3280 2435 3344 Τίς
2464 3279 2555 3333 τὸν
2592 3279 2763 3349 πηλὸν
2788 3276 3195 3342 θεωθέντα,καὶ
3230 3277 3321 3330 τδν
3348 3277 3493 3348 χοῦν
3517 3274 3660 3344 ὑψω-

373 3368 449 3420 vit
470 3366 654 3433 ?‘Quis
682 3369 941 3423 cmlestes
970 3384 1034 3422 ac
1060 3377 1356 3425 terrestres
1383 3370 1719 3426 adoratores
1744 3371 1951 3437 doruit,

2060 3374 2244 3437 θέντα,
2307 3373 2436 3435 τοὺς
2472 3372 2585 3425 ἄνω
2637 3373 2733 3450 καὶ
2766 3371 2909 3434 ’τοὺς
2963 3371 3117 3424 κάτω
3153 3368 3574 3441 προσκυνητάς,
3606 3367 3661 3420 ἒν

375 3468 434 3512 ut
478 3459 651 3513 lutum
688 3458 945 3513 deitatem
980 3459 1255 3525 indutum,
1294 3477 1357 3516 ac
1397 3464 1683 3532 pulverem
1716 3463 1955 3518 sublime

370 3552 606 3616 elatum,
661 3567 829 3604 unum
880 3553 1054 3613 ,ambo
1113 3553 1400 3624 proprium
1457 3552 1674 3609 Numen
1710 3555 1955 3610 indivise

365 3641 706 3695 adorarent?
759 3641 895 3706 Quis
933 3642 1193 3697 humilem
1225 3644 1488 3713 humique
1522 3644 1842 3713 depressam
1873 3645 1957 3697 in-

366 3735 549 3788 timam
577 3733 858 3787 hominum
894 3733 1179 3798 vilitatem,
1218 3744 1429 3789 natura:
1484 3735 1749 3790 terminos
1809 3735 1958 3790 deiti-

365 3826 600 3881 cationis
638 3825 815 3897 gratia
850 3832 1288 3897 supergressam,
1356 3828 1422 3881 ad
1460 3829 1634 3883 etelos
1679 3829 1953 3895 subvexit,

362 3927 676 3986 novataque
705 3918 791 3971 via
822 3920 1057 3973 terrenis
1094 3919 1300 3988 ignota,
1331 3920 1501 3974 ccelos
1578 3923 1815 3989 pervios,
1846 3934 1956 3990 quo

366 4019 422 4066 et
449 4011 705 4064 homines
731 4009 944 4079 angelis
978 4010 1239 4064 concives
1272 4010 1492 4074 ﬁerent,
1517 4011 1800 4065 ostendit?
1829 4012 1956 4066 Haec

362 4104 552 4172 itaque
594 4102 649 4156 in
687 4114 773 4156 me
808 4103 989 4170 palam
1026 4116 1364 4172 prmcessere
1411 4103 1715 4174 magnalia,
1758 4104 1957 4175 hisque

364 4210 467 4263 ego
500 4203 708 4247 tantam
741 4178 974 4263 gloriam
1011 4203 1066 4249 et
1099 4195 1452 4264 splendorem
1481 4211 1605 4250 sum
1627 4205 1951 4252 consecuta.

362 4284 632 4350 Quocirca
665 4285 858 4339 merito
887 4303 906 4336 ι
942 4288 1158 4341 beatam
1187 4303 1254 4341 ex
1283 4289 1385 4341 hoc
1418 4302 1507 4342 me
1538 4287 1728 4342 dicent
1759 4304 1954 4344 omnes

362 4379 781 4447 generationes:
818 4377 951 4432 fecit
974 4379 1169 4448 (enim)
1206 4380 1339 4434 mihi
1390 4394 1589 4451 magna
1628 4382 1721 4451 qui
1756 4391 1954 4452 potens

361 4477 468 4533 est,
495 4476 549 4522 et
579 4477 830 4523 sanctum
857 4486 1056 4525 nomen
1074 4471 1194 4541 ejus
1213 4480 1299 4528 ’.ι
1344 4471 1487 4538 Quid
1521 4477 1667 4528 enim
1687 4474 1751 4530 ad
1782 4475 1956 4542 maje-

368 4571 567 4618 statem
602 4563 805 4635 majus,
845 4578 1008 4632 quam
1062 4575 1122 4617 ut
1156 4578 1320 4619 vocer
1348 4565 1567 4630 simque
1601 4566 1693 4619 Dei
1727 4564 1953 4618 mater?

362 4655 494 4710 Meae
532 4664 710 4710 autem
754 4658 820 4710 ab
851 4658 1104 4713 humanis
1137 4660 1190 4711 in
1220 4658 1357 4713 alias
1390 4667 1444 4713 et
1475 4659 1735 4714 caelestes
1783 4658 1944 4714 sedes

362 4746 744 4816 migrationis,
781 4748 1073 4802 clariorem
1113 4758 1267 4801 certa
1299 4750 1624 4819 conjectura
1685 4751 1940 4804 notitiam

357 4840 671 4895 habueritis
710 4856 739 4893 a
776 4841 900 4893 loco
936 4840 1083 4894 unde
1127 4842 1401 4896 translata
1439 4842 1646 4897 terreni
1677 4842 1842 4909 hujus
1868 4850 1950 4895 ta—

360 4931 670 4994 bernaculi,
720 4928 1035 5000 virginalis,
1065 4933 1317 5002 inquam,
1364 4943 1419 4987 et
1450 4936 1721 5004 assuinpli
1773 4950 1802 4988 a
1840 4936 1951 4991 Deo

360 5022 706 5092 Corpusculi,
758 5023 1083 5092 conspersio
1135 5023 1419 5092 migravit.
1453 5040 1520 5079 ex
1554 5041 1660 5094 qua
1717 5027 1948 5096 simplex

362 5116 522 5172 Iesus
574 5118 1039 5187 compositionem
1093 5120 1314 5173 ascivit.
1364 5104 1501 5174 Nam
1533 5120 1788 5190 quisquis
1821 5124 1949 5177 velit

363 5212 510 5269 dicta
563 5212 749 5265 omnia
791 5221 947 5266 certo
996 5213 1302 5280 conjccerit
1349 5230 1416 5267 cx
1468 5214 1624 5269 visis.
1686 5214 1950 5271 Prostant

359 5320 492 5374 ergo
522 5303 594 5357 ob
624 5318 814 5357 eorum
846 5305 1039 5360 oculos
1077 5305 1171 5372 qui
1204 5304 1349 5358 iidcli
1384 5306 1572 5359 animo
1603 5306 1789 5361 divina
1820 5324 1951 5362 con-

361 5396 717 5464 templanltlr,
750 5403 957 5466 aperta:
1000 5395 1254 5467 quaedam
1288 5396 1583 5467 imagines,
1622 5399 1843 5469 vivique
1884 5414 1949 5453 ac

362 5490 652 5557 loquentes
692 5491 1046 5546 characteres
1104 5492 1492 5549 translationis
1535 5509 1667 5549 mea;
1702 5514 1712 5547 :
1747 5510 1949 5564 nempe

362 5580 469 5647 huc
518 5583 698 5651 ipsum
757 5584 1097 5652 sepulcrum,
1162 5583 1216 5636 in
1254 5593 1410 5652 petra
1462 5585 1738 5654 excisum,
1797 5588 1943 5658 quod

443 5867 630 5924 ‘Luc.
683 5884 720 5936 ι,
760 5869 848 5929 46.
932 5869 951 5909 ί
990 5870 1126 5928 ibid.
1179 5871 1270 5927 48.
1345 5884 1372 5911 α
1402 5870 1721 5940 ibid.78,79.
1765 5880 1791 5911 ν
1833 5870 1948 5927 ibid

2059 3466 2227 3534 ἄμφω
2253 3464 2461 3534 Κύριον
2498 3464 2666 3528 σέϐας
2696 3464 3023 3535 ἀδιαιρέτως
3076 3465 3424 3535 προσκυνεῖν
3451 3460 3664 3527 ἐξεπαί-

2057 3556 2245 3617 δευσε;
2288 3557 2382 3619 Τίς
2415 3553 2515 3626 τὴν
2550 3553 2817 3624 ταπεινὴν
2849 3555 2945 3607 καὶ
2976 3552 3317 3624 χαμαίζηλον
3347 3550 3662 3625 ἀνθρώπων

2059 3650 2347 3719 ἐσχατιὰν,
2385 3652 2452 3721 τῇ
2483 3647 2674 3702 θεώδει
2706 3651 2832 3709 τοὺς
2858 3649 3022 3716 ὅρους
3065 3646 3539 3719 ῦπερνηξαμένην
3568 3644 3660 3715 τῆς

2059 3742 2296 3810 φύσεως,
2341 3745 2419 3805 είς
2460 3744 2725 3812 οὐρανοὺς
2778 3741 3097 3808 ἀνεϐίϐασε,
3150 3742 3246 3794 καὶ
3279 3741 3490 3811 βαποῦς
3540 3740 3661 3801 τοὺς

2058 3840 2292 3903 ἀϐάτους
2320 3838 2628 3909 παρέδειξε,
2661 3838 2848 3911 τρίϐον
2900 3838 3154 3900 καινίσας
3208 3839 3321 3901 τοῖς
3350 3836 3659 3908 ἐγχθονίοις

2058 3929 2417 3998 ἁγνώριστον,
2452 3928 2539 3981 ἵνα
2570 3930 2664 3981 καὶ
2703 3927 2958 3996 ἀγγέλοις
2992 3927 3323 3998 συμπολῖται
3376 3928 3654 4000 ἅνθρωποι

2058 4020 2449 4091 ἀναδειχθῶσι;
2509 4021 2697 4074 Ταῦτα
2727 4022 2908 4074 τοίνυν
2959 4021 3048 4073 ἐπ’
3082 4020 3209 4090 ἐμοὶ
3268 4019 3338 4073 τὰ
3397 4018 3653 4089 μεγαλεῖα

2058 4108 2389 4175 καταφανῶς
2419 4109 2775 4179 προελήλυθε,
2808 4111 2903 4163 καὶ
2931 4109 3147 4171 τούτοις
3176 4107 3288 4178 ἐγὼ
3309 4107 3650 4179 τηλικαύτην

2058 4199 2547 4271 ἀπεκληρωσάμην
2594 4199 2751 4265 δόξαν
2791 4218 2851 4254 τε
2907 4202 3003 4254 καὶ
3049 4201 3442 4271 λαμπρότητα.
3491 4199 3651 4252 Ὅθεν

2057 4290 2286 4354 εἰκότως
2322 4311 2340 4344 ι
2376 4291 2483 4345 ἀπὸ
2510 4291 2604 4345 τοῦ
2635 4292 2732 4345 νῦν
2764 4292 3099 4364 μακιριοῦσί
3147 4310 3213 4364 με
3241 4294 3420 4349 πᾶσαι
3461 4294 3515 4347 αἱ
3560 4307 3650 4360 γε·

2056 4381 2211 4435 νεαί⁹
2248 4384 2517 4454 πεποίηκε
2564 4383 2716 4456 [γάρ]
2768 4403 2857 4454 μοι
2914 4385 3182 4454 μεγαλεῖα
3221 4386 3251 4440 ό
3282 4385 3533 4465 δυματὸς,
3561 4384 3649 4436 καὶ

2058 4474 2213 4544 ἆγιον
2242 4476 2301 4529 τὸ
2346 4477 2520 4547 ὄνομα
2555 4476 2742 4531 αὑτοῦ.
2779 4498 2796 4529 ι
2841 4480 2952 4531 Καὶ
2984 4480 3036 4532 τί
3065 4480 3176 4551 γὰρ
3237 4481 3649 4550 μεγαλειότερον

2055 4567 2151 4620 τοῦ
2190 4569 2400 4639 μητέρα
2424 4569 2727 4638 κεκλῆσθαι
2763 4572 2858 4624 καὶ
2905 4567 3045 4624 εἶναι
3085 4571 3256 4639 Θεοῦ;
3292 4572 3405 4641 Τῆς
3428 4587 3491 4639 γε
3546 4569 3649 4640 μὴν

2058 4662 2317 4725 ἀποικίας
2365 4663 2431 4733 ἢν
2485 4662 2544 4728 ἐξ
2578 4661 2883 4734 ἀνθρώπιον
2939 4663 3272 4735 πεποίημαι,
3315 4664 3648 4732 σαφέστερον

2047 4752 2148 4823 τὴν
2181 4752 2382 4823 γνῶσιν
2417 4755 2646 4808 αὐτόθεν
2676 4755 3094 4827 τεκμαίροισθε,
3150 4757 3276 4809 ὅθεν
3320 4755 3416 4810 τοῦ
3449 4753 3646 4826 γεηροῦ

2057 4845 2429 4914 μου’σκήνους
2462 4844 2759 4914 μετατεθὲν
2788 4844 3083 4917 ἀπῳκίσθη
3142 4845 3205 4898 τὸ
3256 4845 3489 4917 φύραμα
3554 4841 3646 4896 τοῦ

2054 4935 2389 5007 παρθενικοῦ
2442 4936 2588 5005 λέγω
2638 4940 2732 4990 καὶ
2767 4938 3068 5011 θεολήπτου
3098 4940 3354 5010 σώματος
3388 4940 3446 5005 ἐξ
3480 4931 3645 5006 οὗπερ
3699 4972 3714 5000 κ

2050 5028 2079 5079 ό
2118 5027 2323 5091 ἁπλοῦς
2376 5029 2588 5100 Ἰησοῦς
2640 5018 2927 5102 συνετέθη.
2962 5030 3187 5098 Ἔξεστι
3222 5031 3334 5103 γὰρ
3361 5033 3437 5098 τῷ
3468 5029 3649 5100 βουλο-

2061 5120 2208 5188 μένῳ
2241 5118 2426 5181 παντὶ,
2447 5119 2516 5172 τὰ
2539 5120 2807 5191 εἰρημένα
2830 5120 2917 5173 διὰ
2938 5120 3045 5173 τῶν
3068 5122 3368 5191 ὁρωμένων
3388 5133 3643 5172 καταστοα

2058 5211 2347 5281 χάσασθαι.
2408 5212 2737 5285 Πρόκεινται
2794 5214 2926 5282 γοῦν
2986 5215 3108 5267 κατ’
3172 5212 3487 5283 ὀφθαλμοὺς
3538 5209 3644 5264 τῶν

2060 5303 2351 5373 θεωμένων
2380 5307 2450 5357 τὰ
2503 5304 2622 5359 θεῖα
2654 5307 2887 5372 πιστῶς,
2928 5306 3137 5370 εἰκόνες
3196 5306 3341 5369 τινες
3372 5303 3637 5371 ἐναργεῖς.

2060 5400 2153 5451 καὶ
2210 5401 2563 5470 χαρακτῆρες
2603 5399 2755 5454 λάλοι
2794 5402 2893 5471 τῆς
2949 5400 3089 5471 ἐμῆς
3154 5399 3537 5470 μεταστάσεως
3563 5412 3575 5425 ·
3613 5393 3640 5443 ὁ

2055 5493 2230 5561 τάφος
2259 5488 2414 5556 οὗτος
2441 5495 2668 5556 ἐκεῖνος,
2690 5495 2719 5546 ό
2745 5495 2804 5546 ἐν
2833 5495 2899 5563 τῇ
2927 5492 3105 5563 πέτρᾳ
3126 5492 3374 5561 γλυφεὶς,
3395 5488 3452 5551 ὃς
3483 5487 3639 5557 μέχρι

2054 5584 2152 5639 νῦν
2203 5586 2434 5655 ἐστηκεν
2492 5586 2723 5657 ἀσινὴς,
2776 5589 2876 5657 τῆς
2949 5584 3240 5655 ἐντυμϐίου
3304 5577 3638 5654 περιγραφῆς

1959 5908 1973 5927 .
2018 5871 2111 5939 ιδ,
2172 5869 2265 5926 ιθ.
