4012 6440
373 431 380 436 -
417 394 553 458 1057

1438 397 1521 456 IN
1557 396 2105 459 DORMITIONEM
2148 401 2209 460 S.
2243 401 2530 462 MARL‘E.
2573 404 2627 465 Ι.

3542 414 3684 484 1058

401 508 705 581 ἀκηρύκτῳ
761 505 831 539 ³’⁶⁴
872 509 1025 578 φωνῇ
1104 504 1480 577 διασημαίνων
1571 509 1642 562 τά
1721 510 1982 581 σύμὸολα.

2098 513 2406 567 etiamnum
2435 515 3381 592 consistensincolume,irrequieta
3396 542 3535 585 voce
3564 532 3680 608 (τε)

471 689 582 760 Τῆς
613 687 747 758 γοῦν
776 687 1096 758 σωματικῆς
1128 691 1185 741 έν
1207 687 1356 758 αὐτῷ
1404 688 1779 751 κατακλίσεως
1814 689 1987 760 ἀψευ-

397 783 646 836 δέπατοι
683 782 979 855 μάρτυρες,
1009 782 1076 836 τά
1115 783 1173 835 ὲν
1200 783 1269 853 τῇ
1296 784 1474 853 πέτρᾳ
1513 780 1853 853 κοιλώματα,
1887 781 1987 845 τὰς

398 877 506 930 τῶν
561 873 738 946 μελῶν
788 874 1248 945 ἱερογραφοίωτες
1285 875 1588 945 εὐπρεπεῖς
1620 872 1982 937 ἐκτυπώσεις.

397 969 511 1023 Καὶ
544 966 758 1037 πρῶτος
785 968 813 1019 6
848 966 1181 1036 χειμάρρους
1235 966 1461 1029 ἐκεῖνος·
1501 966 1610 1019 τῶν
1640 965 1887 1037 Κεδρῶν,
1942 958 1987 1033 ᾧ

395 1061 569 1114 ταῦτα
591 1058 842 1128 διαμπάξ
873 1058 1354 1128 ὲμττεριείληπται,
1382 1057 1987 1127 σαλπίζειδιαπρυσίως

394 1153 464 1205 τά
490 1151 770 1221 θαύματα.
810 1149 877 1201 Ἢ
930 1146 1138 1215 κοιλὰς,
1198 1150 1364 1219 φημὶ,
1395 1147 1489 1201 τοῦ
1521 1147 1893 1215 Κλαυθμῶνος
1917 1148 1984 1212 ⁵⁸,

396 1243 517 1296 καθ’
571 1243 636 1312 ἣν
678 1242 707 1294 6
746 1239 918 1308 τάφος
952 1238 1163 1309 ἵδρυται
1215 1237 1310 1291 τοῦ
1383 1239 1651 1306 Ἰωσαφάτ
1716 1237 1987 1309 βασιλέως

408 1335 600 1396 Ἰούδα,
629 1335 687 1387 ὲν
735 1326 780 1400 ᾧ
804 1332 866 1385 τὸ
901 1331 1174 1402 μακάριον
1208 1333 1384 1385 ἐκεῖνο
1407 1332 1469 1384 τὸ
1496 1330 1669 1394 πάθος
1712 1331 1809 1383 τοῦ
1842 1332 1986 1384 άπα-

396 1425 521 1488 θοῦς
550 1423 823 1494 ἐλάμϐανε
856 1422 925 1475 τὰ
960 1422 1249 1492 προοίμια.
1294 1423 1446 1475 Ἐκεῖ
1485 1423 1596 1493 γὰρ
1629 1420 1837 1491 θαμινὰ
1871 1424 1986 1484 τοῖς

399 1517 671 1589 μαθηταῖς
717 1518 746 1569 6
780 1514 969 1586 Σωτὴρ
1015 1514 1390 1585 συνηυλίζετο.
1437 1514 1584 1567 Ἐκεῖ
1638 1513 1987 1584 προσηύξατο
2036 1514 2046 1526 ⁸

396 1611 509 1673 θεὶς
539 1610 606 1663 τά
642 1608 849 1676 γόνατα
881 1608 1020 1678 πρδς
1064 1606 1157 1661 τὸν
1208 1609 1267 1660 ὲν
1312 1608 1566 1676 οὐρανοῖς
1611 1607 1858 1676 Πατέρα,
1889 1606 1984 1659 τοῦ

394 1698 736 1773 ὲπιθυμητοῦ
770 1698 1033 1768 ποτηρίου
1065 1701 1185 1752 κατ’
1209 1699 1526 1767 οἰκονομίαν
1544 1698 1784 1769 ἄρρητον
1806 1696 1989 1750 ποιού-

396 1809 556 1862 μενος
588 1791 689 1861 τὴν
741 1792 1096 1860 παραίτησιν.
1141 1788 1290 1844 Ἐκεῖ
1316 1790 1395 1861 τῷ
1428 1790 1665 1860 προδότῃ
1706 1789 1983 1858 φιλωθεὶς.

392 1884 610 1946 ἔκδοτος
636 1884 749 1945 τοῖς
807 1881 1114 1946 θεοκτόνοις
1147 1881 1465 1953 γεγένηται.
1517 1883 1629 1935 Καὶ
1671 1881 1848 1935 ταῦτα
1893 1880 1984 1934 διὰ

393 1974 592 2045 πείρας
617 1971 846 2043 μάθοιεν
872 1972 1239 2042 ἀληθέστερον
1266 1974 1313 2026 οῑ
1348 1975 1440 2026 ἐπὶ
1467 1972 1651 2044 χώρας
1677 1973 1978 2043 γινόμενοι.

404 2066 463 2120 '0
491 2065 585 2120 οὖν
615 2067 846 2133 ἄπιστος
886 2064 1088 2132 ἀπίτω,
1134 2065 1231 2118 καὶ
1265 2064 1588 2135 μανθανέτω
1622 2064 1692 2118 δι’
1715 2063 1983 2135 αὐτοψίας

389 2161 498 2214 τῶν
527 2159 840 2230 λεγομένων
865 2157 964 2229 τὴν
992 2157 1221 2226 δύναμιν
1241 2173 1254 2186 ·
1286 2159 1315 2211 6
1344 2158 1536 2222 πιστὸς
1562 2156 1838 2227 ἀρκείσθω
1868 2159 1982 2219 τοῖς

392 2252 728 2323 λεγομένοις,
766 2248 861 2303 καὶ
884 2253 1225 2304 κατανοείτω
1253 2250 1341 2304 διὰ
1377 2250 1484 2303 τῶν
1517 2237 1864 2320 φαινομένων
1910 2249 1982 2302 τὰ

398 2346 475 2417 μὴ
500 2343 775 2415 ὁρώμενα,
808 2342 902 2395 καί
925 2342 1255 2413 θαυμαζέτω
1283 2342 1352 2396 τά
1371 2340 1653 2413 θαύματος
1673 2341 1817 2406 ἄξια.
1838 2340 1979 2393 Ἀλλ’

396 2435 558 2506 ἠμὲν
590 2433 736 2506 ταφὴ
788 2432 1013 2503 τοιαύτη
1045 2434 1141 2486 καὶ
1198 2431 1369 2495 οὕτως
1418 2432 1639 2502 ἔχουσα.
1693 2433 1750 2485 '0
1792 2432 1849 2485 δὲ
1880 2434 1980 2502 τῆς

394 2527 783 2598 μεταστάσεως
834 2526 1057 2594 τρόπος,
1108 2526 1157 2577 εἰ
1194 2525 1289 2578 καὶ
1330 2525 1507 2587 κοινὸς
1547 2525 1683 2595 πρὸς
1711 2524 1979 2591 ἅπαντας,

389 2620 505 2674 ἀλλ’
532 2618 678 2671 ἐστιν
724 2618 877 2687 αὐτῷ
901 2618 998 2671 καὶ
1024 2617 1227 2681 ἰδιάζον
1253 2616 1494 2687 ἀξίωμα,
1540 2616 1601 2669 τὸ
1634 2616 1825 2686 περιὸν
1858 2615 1982 2686 ἕχον

392 2714 529 2781 πρὸς
560 2711 650 2763 τὸν
678 2708 801 2763 καθ’
834 2711 1084 2762 ἕκαστον.
1122 2710 1186 2762 Ἠ
1204 2708 1260 2761 δέ
1288 2726 1370 2760 τοι
1407 2707 1695 2778 μετάθεσις
1717 2708 1981 2779 κρείττων

392 2804 493 2871 μὲν
515 2803 676 2872 λόγου
710 2804 805 2856 καὶ
832 2801 1172 2871 ἁκοῆς,πλὴν
1207 2802 1272 2854 ἐκ
1302 2801 1548 2855 παλαιῶν
1573 2799 1771 2869 ἔχουσα
1801 2817 1983 2870 παρα-

388 2896 700 2964 δειγμάτων
758 2895 858 2962 τὴν
887 2893 1143 2963 μίμησιν.
1193 2892 1289 2955 Τίς
1319 2892 1375 2944 δὲ
1403 2893 1430 2944 ὀ
1455 2894 1554 2961 τῆς
1582 2891 1980 2954 καταπαύσεως

391 2993 592 3057 ethoc;
626 2987 756 3061 Ἆρ’
787 2989 1041 3060 αἰσθήσει
1098 2988 1323 3059 ληπτδς,
1370 2987 1402 3058 ἢ
1434 2987 1644 3058 διανοίᾳ
1687 2987 1935 3059 χωρητὸς
1963 3006 1978 3053 ;

392 3082 691 3154 υὺμενοῦν.
728 3082 851 3145 Πῶς
879 3082 989 3153 γάρ
1031 3082 1096 3136 ἂν
1127 3080 1322 3151 ὁρῷτο,
1350 3081 1443 3133 καὶ
1477 3080 1629 3149 παρὰ
1654 3080 1763 3130 τίσι
1785 3081 1975 3141 νοοῖτο,

2094 608 2483 665 tuniulationis
2515 627 2652 666 meae
2682 614 2935 684 symbola
2963 629 3393 687 commonstrat,

2163 697 2327 765 Quod
2366 716 2502 757 sane
2532 702 2587 755 in
2616 719 2684 759 eo
2710 720 2942 773 corpore
2972 700 3364 778 decubuerim,
3397 717 3680 774 verissimi

2092 797 2266 845 testes
2295 800 2427 845 sunt
2464 795 2734 850 cavitates
2771 797 2900 863 illae,
2935 816 3060 868 qua:
3099 801 3335 860 decoras
3388 822 3678 866 sacrorum

2092 883 2469 939 membrorum
2505 886 2941 946 deformationes
2973 892 3028 946 in
3064 906 3216 962 petra
3250 911 3677 967 reprwsentant.

2093 972 2432 1046 Primusque
2475 985 2696 1034 torrens
2728 982 2822 1037 ille
2861 983 3104 1049 Cedron,
3137 1003 3247 1057 quo
3280 990 3397 1045 hare
3430 995 3679 1062 undique

2092 1080 2227 1137 gyro
2276 1067 2637 1134 clauduntur,
2688 1071 2839 1125 clara
2890 1089 2990 1128 ceu
3030 1076 3176 1131 tubae
3221 1094 3357 1133 voce
3406 1082 3676 1136 miracula

2091 1159 2373 1235 praedicat.
2411 1159 2553 1226 Quo,
2594 1161 2842 1230 inquam,
2879 1166 3044 1220 vallis
3092 1168 3478 1227 Clauthmonis
3534 1174 3672 1243 (76),

2089 1248 2145 1303 in
2171 1266 2281 1320 qua
2328 1252 2498 1307 situm
2533 1263 2621 1309 est
2655 1258 2974 1324 sepulcrum
3022 1257 3292 1328 Josaphat
3323 1265 3474 1333 regis
3503 1265 3671 1330 Juda,

2090 1339 2183 1393 ubi
2233 1339 2394 1394 beata
2444 1341 2596 1396 illius
2625 1345 2838 1411 passio,
2879 1345 2971 1413 qui
3018 1361 3047 1399 a
3102 1350 3361 1417 passione
3412 1353 3675 1409 immunis

2089 1440 2195 1495 est,
2225 1430 2466 1500 sumpsit
2494 1433 2753 1487 exordia.
2786 1434 2905 1488 Illic
2937 1436 3086 1489 enim
3126 1438 3381 1494 Salvator
3412 1443 3673 1513 frequens

2088 1524 2422 1577 versabatur
2454 1538 2578 1578 cum
2625 1525 2920 1595 discipulis
2960 1529 3081 1584 suis
3109 1543 3156 1583 ι.
3198 1532 3313 1587 Illic
3345 1536 3540 1601 positis
3574 1554 3674 1606 ge-

2089 1615 2258 1671 nibus
2292 1614 2511 1670 Patrem
2545 1626 2813 1686 precatus
2845 1620 2938 1687 qui
2975 1629 3062 1676 est
3092 1622 3145 1676 in
3182 1626 3365 1690 caelis,
3410 1627 3674 1684 ineffabili

2089 1706 2506 1776 dispensatione
2529 1708 2934 1778 deprecabatur
2953 1711 3333 1769 desideratum
3359 1719 3592 1773 calicem
3616 1728 3670 1774 1.

2090 1798 2207 1853 Illic
2250 1800 2538 1868 proditore
2582 1802 2769 1871 specie
2804 1804 3066 1860 amicitia:
3103 1808 3359 1861 Osculum
3412 1809 3675 1880 infigeute

2086 1891 2319 1947 deicidis
2355 1893 2590 1948 traditus
2620 1904 2704 1949 est
2738 1904 2784 1950 τ.
2812 1895 2895 1950 Ac
2916 1911 3031 1950 rem
3057 1900 3267 1953 certius
3292 1901 3675 1969 experimento

2086 1984 2367 2045 noverint,
2398 1984 2491 2053 qui
2530 1984 2739 2039 fuerint
2770 1985 2824 2039 in
2850 2001 2915 2040 ea
2947 1987 3192 2057 regione.
3230 1987 3334 2054 Qui
3370 1990 3555 2058 itaque
3588 1992 3674 2045 in-

2086 2072 2349 2128 credulus
2388 2083 2492 2138 est,
2540 2074 2721 2139 abeat,
2772 2075 3007 2145 ipsoque
3056 2091 3245 2130 coram
3301 2080 3420 2132 visu
3477 2094 3671 2133 eorum

2085 2178 2210 2232 quae
2256 2163 2499 2219 dicimus
2552 2165 2662 2217 vim
2696 2174 3008 2233 agnoscat:
3068 2167 3244 2221 fidelis
3289 2176 3472 2222 autem
3506 2169 3675 2223 (lictis

2086 2260 2406 2315 contentus,
2465 2253 2633 2308 exiis
2674 2269 2797 2322 quae
2845 2256 3147 2324 conspicua
3185 2267 3339 2318 sunt,
3392 2275 3515 2325 quae
3563 2275 3674 2313 non

2086 2343 2344 2398 videntur
2374 2344 2698 2413 perspiciat,
2743 2360 2941 2412 resque
2969 2348 3162 2415 plenas
3190 2349 3462 2403 miraculo
3490 2351 3673 2404 admi-

2088 2434 2299 2489 rationi
2340 2435 2569 2490 habeat.
2634 2435 2931 2490 Enimvero
2969 2439 3093 2492 talis
3129 2439 3352 2507 quidem
3384 2444 3675 2509 sepultura

2085 2535 2194 2590 est,
2230 2543 2471 2598 eumque
2521 2528 2745 2581 modum
2792 2529 3027 2585 habens.
3062 2530 3131 2582 At
3174 2533 3318 2583 ratio
3375 2535 3673 2596 transitus,

2087 2634 2405 2689 quanquam
2444 2620 2509 2672 ad
2562 2634 2757 2673 omnes
2804 2622 3141 2685 communis,
3180 2621 3347 2675 habet
3386 2623 3671 2677 nihilomi-

2085 2730 2192 2768 nus
2221 2712 2591 2782 praecellentia
2628 2712 2978 2781 singulorum
3007 2715 3290 2782 propriam
3320 2715 3669 2783 dignitatem.

2086 2804 2261 2859 Porro
2295 2812 2523 2874 superat
2558 2803 2782 2873 quidem
2815 2804 3089 2859 transitus
3119 2804 3223 2859 iste
3255 2806 3367 2858 vim
3398 2805 3675 2860 sermonis

2085 2900 2445 2968 auditusque,
2478 2900 2558 2954 sic
2593 2908 2776 2952 tamen
2824 2906 2882 2951 ut
2912 2899 3163 2968 exempla
3204 2909 3387 2953 vetera
3424 2900 3676 2953 imitetur

2085 3004 2151 3043 ac
2199 2990 2426 3044 referat.
2486 2988 2684 3043 Verum
2718 2989 2845 3057 quis
2897 2991 3055 3045 locus
3098 2990 3677 3057 requietioniSYSen-

2086 3096 2224 3134 sune
2265 3081 2441 3150 possit
2472 3081 2890 3149 comprehendi,
2929 3096 2997 3135 an
3050 3093 3231 3136 mente
3260 3084 3421 3159 capi?
3453 3083 3675 3139 Minime

396 3178 471 3247 μὴ
499 3173 782 3246 πεφυκὼς,
817 3174 957 3245 πλὴν
979 3176 1026 3227 εἰ
1062 3175 1137 3244 μὴ
1174 3174 1241 3226 δι’
1282 3172 1555 3233 ἀπαθείας
1601 3171 1722 3225 κατ’
1755 3171 1980 3240 ἀπειρόέ

2088 3185 2242 3226 Sane.
2274 3169 2377 3235 Qui
2412 3170 2557 3224 enim
2588 3169 2869 3236 videatur,
2901 3178 2998 3224 aut
3032 3187 3059 3223 a
3090 3172 3294 3241 quibus
3327 3174 3516 3235 animo
3544 3189 3675 3229 con-

391 3268 563 3340 δωρον
593 3269 755 3339 χάριν
807 3267 898 3321 τὸν
939 3266 1066 3338 τῇδε
1121 3265 1363 3334 φθάσασι
1390 3265 1591 3335 χῶρον,
1641 3265 1734 3317 καὶ
1763 3264 1865 3332 τῆς
1897 3266 1983 3317 ἐν·

390 3360 581 3415 ταυθοί
611 3357 878 3423 θεοειδοῦς
913 3358 1297 3420 καταστάσεως
1342 3358 1556 3432 τρυφῆς
1609 3355 1977 3425 ἠξιωμένοις;

390 3451 426 3531 ᾖ
482 3472 648 3526 φησιν
685 3456 713 3508 6
739 3453 871 3523 ἐμὸς
919 3452 1224 3521 προπάτωρ
1254 3451 1449 3504 Δαϐίδ·
1491 3469 1509 3501 ι
1562 3450 1648 3503 Ἐν
1674 3449 1824 3520 τόπῳ
1850 3465 1983 3519 σκη-

390 3550 491 3620 νῆς
518 3549 863 3619 θαυμαστῆς,
913 3546 1029 3612 ἓως
1043 3544 1139 3598 τοῦ
1173 3546 1325 3598 οἴκου
1367 3543 1460 3598 τοῦ
1495 3542 1655 3597 Θεοῦ.
1707 3543 1796 3595 Ἐν
1825 3544 1979 3613 φωνῇ

390 3639 771 3708 ἀγαλλιάσεως
832 3638 927 3691 καὶ
989 3636 1436 3708 ὲξομολογήσεως
1490 3635 1626 3706 ἤχου
1690 3633 1981 3705 ἑορταζόν-

389 3750 523 3787 των.
562 3759 582 3785 ο

462 3908 703 3963 Τοιαῦτα
751 3908 851 3978 μὲν
883 3907 915 3977 ἡ
947 3905 1231 3968 Θεοτόκος,
1260 3899 1329 3978 ἧς
1365 3903 1475 3957 ἀπὸ
1500 3901 1756 3973 γλώσσης
1789 3903 1817 3954 6
1843 3899 1979 3970 γλυ-

390 4001 602 4070 κασμδς
631 3999 932 4064 ἀποστάζει
957 3997 1050 4051 τοῦ
1094 3995 1428 4066 πνεύματος,
1466 4014 1484 4047 ι
1523 3993 1618 4047 καὶ
1648 3995 1682 4064 ή
1709 3992 1868 4064 χάρις
1922 3992 1980 4044 ὲν

389 4094 597 4164 χείλεσι
620 4094 868 4162 κέχυται.
886 4111 904 4142 ι
939 4092 1118 4161 Ἡμᾶς
1144 4090 1201 4143 δὲ
1227 4089 1280 4142 τί
1310 4089 1390 4141 δεῖ
1417 4092 1553 4157 πρὸς
1577 4087 1753 4139 ταῦτα
1779 4086 1976 4148 εἰπεῖν,

390 4186 632 4252 ἀδελφοὶ,
664 4185 696 4255 ἢ
748 4183 1031 4254 θαυμάσαι
1075 4183 1176 4252 τὴν
1206 4179 1619 4253 άπειρομεγέθη
1665 4179 1759 4232 καὶ
1789 4176 1858 4231 τὰ
1883 4177 1982 4230 ὅλα

392 4275 684 4344 πανσόφως
713 4274 1009 4328 διέπουσαν
1042 4274 1345 4345 Πρόνοιαν,
1382 4290 1401 4323 ι
1434 4268 1505 4324 Ὦ
1532 4271 1695 4342 βάθος
1724 4269 1979 4331 πλούτου,

388 4369 669 4439 λέγοντας,
706 4368 804 4422 καὶ
834 4368 1052 4436 σοφίας,
1082 4367 1180 4427 καὶ
1205 4364 1462 4435 γνώσεως
1492 4362 1628 4416 Θεοῦ
1652 4364 1665 4417 ι
1702 4362 1789 4424 Ὠς
1817 4359 1979 4425 ἀνεξο

387 4460 659 4532 ερεύνητα
704 4460 774 4514 τά
831 4460 1078 4531 κρίματα
1110 4457 1300 4523 αὑτοῦ,
1332 4458 1428 4511 καὶ
1476 4454 1876 4525 ἀνεξιχνίαστοι
1924 4455 1978 4506 αἱ

2084 3259 2354 3330 cipiatur?
2390 3259 2492 3326 Qui
2526 3261 2630 3316 nisi
2674 3261 2764 3324 iis,
2800 3261 2892 3330 qui
2921 3261 3198 3316 immensa
3227 3263 3462 3328 quadam
3495 3265 3674 3334 gratia

2083 3351 2476 3406 affectionibus
2532 3352 2714 3415 vacui,
2768 3354 2833 3405 ad
2871 3368 2998 3406 eum
3049 3337 3233 3407 locum
3272 3365 3671 3423 pervenerunt,

2082 3445 2290 3516 quique
2318 3444 2610 3499 deiformis
2641 3445 2795 3500 illius
2831 3453 3017 3501 status
3049 3446 3267 3502 deliciis
3300 3446 3411 3502 frui
3446 3465 3674 3503 merue-

2083 3545 2233 3604 runt,
2262 3539 2446 3592 animo
2478 3536 2731 3607 conspici
2770 3524 3209 3607 haudquaquam
3233 3541 3433 3608 possit.
3465 3539 3674 3607 Quem-

2082 3631 2381 3687 admodum
2423 3631 2501 3684 ait
2530 3645 2671 3684 avus
2716 3645 2875 3685 meus
2908 3628 3124 3684 David:
3163 3648 3182 3682 ι
3225 3630 3284 3684 ln
3330 3630 3452 3684 loco
3483 3632 3673 3686 taber-

2073 3722 2256 3777 naculi
2279 3720 2611 3776 admirabilis
2645 3737 2824 3790 usque
2877 3721 2945 3775 ad
2983 3719 3207 3775 domum
3259 3720 3374 3776 Dei.
3426 3720 3486 3775 }n
3536 3738 3673 3778 voce

2081 3814 2471 3871 exsultationis
2499 3823 2555 3868 et
2594 3811 2968 3868 confessionis
2999 3826 3172 3867 sonus
3199 3802 3549 3882 epulantium
3582 3825 3665 3866 α.»

2157 3905 2249 3961 Sic
2278 3904 2501 3975 quidem
2531 3903 2622 3958 Dei
2668 3902 2949 3966 (lenitrix,
2982 3911 3038 3959 et
3073 3904 3237 3973 cujus
3271 3904 3459 3974 lingua
3482 3905 3672 3958 distil-

2082 4000 2159 4054 lat
2209 3997 2449 4055 dulcedo
2500 3997 2781 4067 spiritus:
2828 4004 2884 4052 et
2913 4015 2932 4046 ι
2978 3997 3033 4051 in
3087 3995 3250 4063 cujus
3293 3996 3461 4052 labiis
3492 3998 3671 4068 gratia

2082 4092 2284 4147 diffusa
2317 4100 2405 4146 cst
2438 4091 2485 4143 δ.
2522 4109 2541 4142 ι
2572 4089 2684 4144 Nos
2716 4096 2925 4154 autem,
2964 4088 3186 4147 fratres.
3224 4090 3353 4159 quid
3387 4090 3572 4145 dicere
3604 4090 3673 4144 ad

2085 4184 2200 4238 hate
2241 4190 2487 4252 oportet,
2524 4181 2631 4235 nisi
2678 4188 2738 4233 ιιι
2777 4180 3152 4235 admiratione
3182 4195 3516 4235 veneremur
3563 4178 3675 4233 im-

2083 4286 2336 4324 mensum
2358 4284 2609 4336 magnam
2639 4267 3010 4338 universaque
3043 4269 3459 4337 sapientissime
3477 4269 3670 4337 dispo-

2092 4371 2314 4415 nentem
2337 4358 2994 4429 providentiamdicentes
3022 4377 3076 4412 ει
3100 4357 3145 4413 Ο
3173 4359 3407 4413 altitudo
3435 4358 3658 4414 divitia-

2084 4467 2205 4505 rum
2250 4449 2544 4520 sapientia:
2567 4455 2624 4503 et
2646 4451 2895 4504 scientiae
2934 4449 3030 4504 Dei
3053 4451 3067 4504 l
3089 4466 3254 4520 quam
3276 4448 3670 4505 inscrutabilia

387 4554 500 4611 ὁδοὶ
531 4552 739 4608 αὐτοῦί
779 4572 797 4605 ι
863 4553 960 4606 καὶ
990 4553 1090 4607 ὅσα
1113 4551 1241 4622 ἑξῆς
1289 4549 1385 4604 τοῦ
1434 4549 1619 4620 λόγου.
1676 4547 1838 4611 Θείας
1868 4546 1978 4617 γάρ

2088 4548 2214 4598 sunt
2233 4541 2445 4609 judicia
2467 4539 2612 4609 ejus,
2633 4550 2683 4597 et
2719 4542 3260 4613 impervestigabilcs
3288 4542 3390 4598 viae
3412 4543 3534 4614 ejus
3561 4551 3586 4583 ο
3613 4545 3667 4597 ι»

465 4744 491 4773 κ
516 4728 678 4785 Joan.
719 4745 878 4796 xviii,
934 4730 990 4784 2.
1066 4739 1095 4778 γ
1131 4728 1328 4783 Matth.
1388 4744 1540 4794 xxvr,
1579 4724 1668 4781 39.

426 4817 508 4867 xi,
551 4801 647 4866 53,
711 4800 805 4855 54.

1776 4733 1799 4761 ³
1832 4721 1968 4778 ibid.
2004 4721 2098 4779 49.

2199 4730 2218 4752 ·
2250 4720 2393 4777 Psal.
2454 4733 2566 4785 xu,
2597 4716 2651 4782 5,
2709 4717 2763 4772 6.
2840 4720 2871 4761 δ
2904 4719 3055 4778 Psal.
3096 4735 3242 4785 xuv,
3290 4720 3346 4775 3.
3422 4720 3445 4750 ⁸
3496 4716 3667 4778 Rom.

1688 4858 1924 4915 VARUE
1957 4857 2255 4915 LECTION
2262 4858 2364 4913 ES.

492 4981 928 5055 ’δ”Ακηρύκτῳ,
961 4979 1150 5046 tacita,
1185 4985 1418 5035 secreta.

1529 4979 1574 5011 ⁸³
1597 4976 1930 5047 Κλαυθμὼν,
1963 4977 2144 5033 ﬂetus.

1694 5129 2086 5187 COMBEFISII
2123 5130 2385 5197 NOTJE.’

463 5235 575 5305 ('75)
616 5233 1087 5305 lrrequietaeoce.
1134 5228 1457 5305 ’Aquzix1tp
1488 5226 1663 5297 φωνῇ.
1691 5227 1847 5305 Velut
1877 5226 1979 5305 du-

390 5295 479 5363 cta
515 5295 831 5374 metaphora
857 5321 885 5355 a
917 5303 1082 5361 bello,
1130 5295 1662 5374 qiiod'_6txijpu>f.tov,
1691 5313 1798 5350 non
1833 5295 1977 5374 indi-

389 5389 566 5438 ctum,
599 5368 961 5442 ac'prmconis
988 5387 1120 5426 voce
1149 5368 1204 5426 et
1233 5368 1464 5426 solemni
1500 5369 1607 5439 ritu
1633 5384 1697 5421 ex
1733 5368 1975 5442 gentium

386 5452 513 5518 jure
547 5438 929 5518 danuntialuin
961 5484 975 5511 ,
1039 5442 1578 5518 truculentissimum
1633 5453 1775 5518 esse
1815 5438 1975 5517 solet.

389 5508 454 5573 ac
489 5516 861 5585 implacabile,
916 5508 1061 5567 velut
1091 5515 1155 5585 ad
1188 5512 1643 5585 internecionem.
1684 5508 1778 5563 Vel
1811 5508 1976 5561 etiam

388 5582 730 5644 fuerit-idem
759 5593 924 5653 atque
972 5585 1051 5642 τὸ.
1087 5582 1394 5653 ἁλαλῄτως.

461 5658 575 5729 (76)
598 5646 997 5729 ριιοηὶιιᾴιιαηι.
1031 5656 1184 5708 callis
1205 5646 1974 5729 Cleonymum.“Retinuimus

389 5718 589 5781 nomen
618 5718 758 5778 illud
797 5718 921 5778 eum
963 5727 1258 5793 interprete
1297 5720 1460 5784 ωιΧ,
1498 5723 1551 5775 in
1601 5718 1782 5793 Jndic.
1826 5734 1882 5774 ιι.
1917 5726 1972 5771 et

389 5797 432 5851 ll
474 5798 601 5866 lleg.
656 5811 709 5848 ν.
764 5794 960 5850 Posset
1000 5792 1122 5866 cum
1174 5792 1504 5863 Hieronymo
1557 5792 1695 5866 psal.
1738 5804 1968 5847 LXXMH,

390 5862 753 5925 reddi'rl’allis
796 5866 972 5936 ﬂetus.
1021 5862 1137 5919 Non
1196 5879 1388 5919 omnes
1416 5863 1791 5927 consentiunt,
1847 5865 1985 5915 csse‘

2085 5225 2228 5278 hanc
2266 5223 2509 5289 vallem,~
2542 5223 2740 5277 vallem
2785 5219 3082 5291 Josaphat,
3143 5233 3250 5291 qua
3286 5218 3355 5274 de
3409 5232 3471 5291 re
3509 5217 3670 5289 plura

2082 5295 2331 5363 disputat
2387 5286 2611 5347 Bonfret
2635 5292 2820 5347 Judic.
2863 5286 2936 5348 ιι.’
2971 5292 3043 5346 lle
3072 5286 3365 5363 valleitem
3401 5286 3671 5363 Josapliat

2083 5360 2239 5434 plura
2261 5363 2481 5434 Adrich.
2509 5364 2750 5417 'l‘heatro
2772 5371 2931 5417 teri-te
2946 5371 3170 5434 sanetae.
3193 5360 3483 5434 Quarcsm.
3505 5362 3670 5434 etiam

2085 5429 2216 5488 iom.
2249 5436 2289 5487 ll
2317 5433 2589 5487 Elucidat.
2620 5444 2776 5488 terrm
2801 5441 3020 5486 sancire.
3057 5429 3156 5485 Ubi
3186 5431 3351 5482 etiam
3387 5430 3455 5482 de
3488 5432 3674 5497 sepul-

2082 5520 2178 5559 cro
2211 5504 2473 5574 Josaphat
2502 5505 2554 5557 in
2588 5519 2650 5556 ea
2691 5504 2831 5574 valle
2856 5544 2869 5563 ,
2908 5500 3054 5574 quod
3098 5508 3294 5554 auctor
3332 5499 3420 5552 hic
3458 5514 3673 5574 memo-

2087 5584 2168 5628 rat
2207 5594 2219 5629 :
2254 5591 2318 5628 ac
2346 5569 2489 5629 bene
2526 5573 2770 5627 ostendit
2805 5569 3124 5626 non’fuisse
3156 5573 3209 5623 in
3247 5584 3312 5624 eo
3337 5569 3672 5623 tumulatuin

2085 5661 2264 5714 regem
2288 5643 2575 5714 .losaphat,
2612 5646 2941 5697 reclamante
2988 5641 3273 5714 Scriptura
3300 5656 3316 5705 ;
3344 5648 3508 5714 atque
3536 5642 3675 5714 adeo

2082 5709 2306 5770 aliunde
2339 5709 2535 5768 nomen
2563 5717 2814 5769 sortitam
2843 5728 2961 5765 eam
2996 5712 3216 5777 vallem,
3249 5725 3414 5780 quam
3449 5709 3517 5780 ab
3540 5709 3674 5780 pejus

2081 5788 2384 5855 St'ptlltttra;
2427 5787 2586 5845 forte,
2629 5786 2698 5839 ab
2743 5784 2975 5837 aedificio
3010 5782 3222 5855 aliquo,
3267 5778 3362 5837 Vel
3396 5793 3428 5833 a
3454 5778 3673 5851 judicio

2079 5854 2225 5927 quod
2269 5857 2381 5911 illic
2412 5857 2462 5909 in
2495 5856 2816 5916 idololatras
2848 5854 3117 5920 exercuit,
3152 5862 3262 5909 etc.
