4012 6444
383 401 522 466 1059

1582 407 1643 470 5.
1685 402 2016 470 ANDREE
2046 404 2472 474 CRETENSIS

3530 419 3673 486 1060

379 533 435 580 et
470 532 592 594 q‘uze
626 519 920 589 Scriptura
951 515 1218 585 deinceps
1265 518 1453 572 habet.
1489 518 1664 575 Plane
1695 522 1843 576 enim
1882 519 1957 575 di-

2072 521 2243 587 δντως
2278 522 2418 594 ἔργα
2447 523 2620 579 ταῦτα
2646 526 2851 597 χειρὸς,
2881 522 2975 580 καὶ
3003 524 3353 604 ἀνθρωπίνης
3378 535 3670 605 κρείττονα

381 619 526 672 vince
570 621 698 668 sunt
745 625 944 665 manus
983 622 1149 679 opera
1200 604 1339 676 hac,
1370 618 1426 665 et
1458 622 1583 681 quae
1616 613 1845 667 humani
1883 615 1968 668 itt-

382 711 639 764 tellectus
698 712 917 774 captum
976 701 1307 773 superentd.
1338 698 1407 759 Ut
1462 704 1554 760 vel
1631 712 1847 760 tantum
1901 707 1970 763 iis

381 811 620 857 mentem
665 798 927 866 deﬁgere,
977 798 1138 852 valde
1168 799 1337 851 etiam
1382 797 1611 853 sublimi
1650 812 1715 854 ac
1767 799 1971 869 depur-

380 900 507 961 gata
539 889 674 943 viris
717 889 905 941 animo
964 888 1181 957 injiciat
1231 895 1435 942 metum
1455 903 1504 962 0;
1540 900 1752 959 quanto
1780 890 1969 961 potius

379 990 603 1037 terreno
636 982 769 1035 mihi
803 996 867 1035 ac
901 980 1054 1035 humi
1080 981 1327 1051 repenti,
1358 982 1566 1052 quique
1600 982 1741 1037 nihil
1771 993 1970 1053 praeter

379 1072 557 1128 lutum
618 1074 1042 1144 materiamque,
1110 1088 1173 1127 ac
1229 1089 1319 1128 res
1377 1074 1559 1129 ﬂltxas
1599 1084 1653 1129 et
1704 1077 1965 1145 caducas,

380 1167 625 1236 cogitare
653 1164 945 1232 sulliciam,
970 1177 1150 1234 eaque
1173 1154 1364 1219 autem
1394 1179 1458 1219 ac
1486 1165 1689 1224 dubius
1712 1177 1966 1236 aestuent,
2018 1233 2023 1236 ,

380 1273 451 1311 ne
486 1258 619 1327 quid
658 1257 814 1312 festae
857 1258 967 1311 diei
1015 1257 1300 1327 maiestas,
1351 1258 1598 1313 sordenti
1637 1274 1771 1315 metr
1799 1272 1969 1317 teme-

379 1351 565 1405 ritatis
601 1348 1111 1418 imbecillitatisqne
1154 1348 1513 1402 imminutum
1581 1364 1840 1407 sermone
1870 1365 1969 1423 per

377 1441 643 1509 iniuriam
675 1440 947 1495 vilescat?

449 1531 721 1586 Caeterum
755 1549 865 1587 non
900 1535 1166 1600 defuerit,
1198 1536 1292 1606 qui
1336 1535 1554 1592 sciendi
1591 1539 1828 1608 cupidus
1851 1555 1968 1598 me-

376 1626 488 1679 rito
520 1625 734 1680 dubitet
774 1634 1094 1696 quaeratque
1128 1640 1359 1682 curnam
1414 1644 1600 1694 nemo,
1637 1632 1782 1701 quod
1820 1635 1968 1689 scia-

377 1732 524 1783 mus,
571 1717 954 1789 theologorum
1007 1719 1418 1792 doctorumque
1474 1738 1789 1791 sacrorum,
1844 1743 1967 1797 quae

370 1808 444 1862 ad
487 1806 582 1863 Dei
619 1808 919 1865 Genitricis
958 1810 1351 1867 intemeratum
1385 1816 1965 1873 venerabilissimum-

375 1911 481 1966 que
505 1901 797 1954 transitum
829 1909 1108 1971 spei-tant,
1139 1903 1559 1974 conscripserit,
1591 1918 1685 1961 aut
1714 1908 1959 1978 aliquam

374 1991 537 2046 nobis
575 1990 645 2046 de
675 2006 739 2047 ea
794 2007 854 2048 re
905 1993 1243 2062 scripturam
1300 1995 1638 2067 reliquerit:
1695 2012 1762 2053 eo
1797 1998 1962 2055 modo

373 2099 483 2154 quo
513 2085 549 2138 ii
590 2085 774 2140 divina
827 2085 1255 2157 Evangeliorum
1311 2099 1750 2158 composuerunt
1802 2093 1962 2145 volu-

372 2176 543 2240 mina,
586 2176 1041 2246 theologicasque
1082 2179 1462 2247 expositiones
1497 2180 1870 2236 tradiderunt.
1902 2182 1958 2237 Id

370 2283 499 2323 vero
535 2282 717 2324 causte
754 2269 1181 2339 respondemus.
1216 2268 1364 2338 quod
1394 2269 1564 2340 longo
1598 2280 1784 2340 postea
1821 2281 1961 2326 tem-

371 2375 502 2430 pore
532 2358 643 2414 Deo
682 2360 876 2415 alllata?
918 2359 1034 2430 (77)
1083 2360 1343 2414 dormitio
1391 2362 1485 2414 illa
1534 2361 1821 2419 acciderit.
1855 2360 1958 2419 Fe-

369 2460 500 2507 runt
550 2455 701 2509 enim
757 2454 848 2508 ubi
899 2454 966 2508 ad
1020 2464 1326 2507 extremam
1361 2453 1959 2511 devenissetscncctu-

368 2551 502 2610 tem,
545 2546 817 2615 migrasse
850 2544 919 2598 ab
973 2545 1250 2597 humanis.
1287 2543 1383 2599 Vel
1425 2547 1555 2615 quia
1606 2547 1843 2602 necdum
1894 2564 1957 2603 ea

369 2642 616 2704 tempora
652 2635 844 2689 harum
878 2650 1059 2689 rerum
1087 2634 1517 2703 explicationem
1550 2637 1953 2705 permitterent.

366 2724 504 2779 Nam
538 2741 719 2797 neque
754 2742 1064 2796 congruum
1104 2736 1246 2789 erat,
1286 2737 1346 2781 ut
1375 2743 1501 2781 cum
1539 2729 1775 2798 primum
1817 2746 1953 2785 euu-

366 2818 535 2874 scribi
564 2820 735 2889 ccepit
764 2816 1148 2887 Evangelium,
1206 2833 1332 2872 mox
1382 2819 1693 2876 semiuatus
1722 2834 1956 2877 meone-

365 2909 490 2964 mia!
528 2923 594 2965 ac
628 2910 1035 2965 incarnationis
1067 2923 1256 2965 sermo
1295 2909 1412 2964 haec
1445 2910 1549 2964 sibi
1583 2910 1953 2981 disquireuda

364 3012 430 3057 ac
483 3003 811 3073 exponenda
870 3008 1208 3067 assumeret,
1265 3016 1390 3072 quae
1438 3005 1633 3074 utique
1685 3005 1950 3074 peculiari

363 3097 475 3151 alio
501 3110 666 3167 quam
714 3111 816 3166 pro
861 3096 1128 3165 temporis
1158 3095 1399 3160 ratione,
1435 3103 1491 3149 et
1532 3097 1652 3152 otio
1691 3106 1747 3151 et
1783 3112 1952 3167 opera

2071 614 2451 684 καταλήψεως.
2484 610 2579 679 Οἷς
2606 617 2703 669 καὶ
2739 617 2802 670 ab
2838 619 3001 689 μόνον
3056 624 3342 693 ὲπερεῖσαι
3385 627 3480 680 τὸν
3513 630 3665 697 νοῦν,

2069 706 2188 769 δέος
2215 708 2439 778 ἐμποιεῖ
2463 707 2657 779 καὶτῷ
2704 708 2826 763 λίαν
2852 709 3059 781 ὑψηλὸν
3095 715 3189 767 καὶ
3245 710 3668 790 κεκαθαρμένον

2070 792 2252 865 ἔχοντι
2285 795 2377 851 τὸν
2399 795 2547 866 νοῦν,
2569 792 2607 868 ἦ
2652 798 2758 852 πού
2783 815 2848 868 γε
2876 800 3044 855 πλέον
3093 804 3219 874 ἐμοὶ
3243 805 3323 876 τῷ
3365 808 3538 880 γηΐνῳ
3568 815 3666 867 καὶ

2069 890 2371 959 χαμερπεῖ,
2423 890 2520 945 καὶ
2552 888 2720 961 μηδὲν
2774 893 2858 946 ὅτι
2905 893 3047 966 πλὴν
3096 895 3191 949 τοῦ
3222 897 3398 969 πηλοῦ
3438 901 3667 975 καὶτῆς

2071 978 2224 1050 ὕλης,
2242 979 2461 1034 καὶτῶν
2476 983 2575 1035 ὅσα
2598 982 2685 1050 ῥεῖ
2705 983 2800 1037 καὶ
2816 984 3157 1058 παρέρχεται
3171 990 3315 1042 νοεῖν
3336 989 3664 1062 ὲξισχύοντι,

2069 1073 2163 1124 καὶ
2190 1069 2280 1126 διὰ
2310 1073 2471 1128 τοῦτο
2508 1074 2924 1148 κραδαινομένῳ
2964 1080 3061 1132 καὶ
3116 1080 3445 1150 ἰλιγγιῶντι,
3502 1083 3576 1154 μή
3608 1098 3666 1137 τι

2069 1161 2465 1235 καθυϐρισθείη
2494 1163 2599 1234 τῆς
2633 1166 2848 1237 ἡμέρας
2887 1165 2949 1220 τὸ
3003 1168 3272 1238 μέγεθος,
3299 1171 3380 1240 τῷ
3417 1172 3665 1243 ῥυπῶντι

2068 1252 2168 1323 τῆς
2197 1254 2339 1326 ὲμῆς
2388 1254 2688 1320 αὐθαδείας
2739 1257 2834 1311 καὶ
2883 1258 3172 1325 ἀσθενείας
3222 1263 3665 1336 σμικρυνόμενον

2068 1346 2231 1420 λόγῳ.

2141 1532 2460 1605 Διαπορήσῃ
2482 1533 2525 1587 δ’
2549 1534 2614 1589 ἄν
2643 1551 2728 1598 τις
2760 1535 2988 1599 εἰκότως
3027 1536 3138 1591 τῶν
3170 1537 3293 1593 λίαν
3312 1537 3635 1610 φιλομαθῶν

2069 1622 2192 1677 ὅτου
2218 1623 2283 1694 δὴ
2305 1625 2470 1696 χάριν
2493 1625 2560 1678 τὰ
2578 1625 2719 1679 κατὰ
2745 1626 2844 1697 τὴν
2860 1627 3131 1699 ἄχραντον
3155 1629 3251 1683 καὶ
3278 1630 3661 1701 ὑπερκόσμιον

2067 1719 2169 1786 τῆς
2189 1717 2458 1771 Θεοτόκου
2504 1719 2844 1787 μετάστασιν
2886 1721 2989 1774 οὐκ
3044 1721 3207 1792 ίσμεν
3248 1721 3363 1775 τῶν
3391 1721 3662 1791 θεολόγων

2068 1810 2191 1864 τινὰ
2214 1812 2661 1880 συγγεγραφότα,
2721 1812 2753 1880 ἢ
2786 1813 3038 1867 ὁπωσοῦν
3072 1816 3209 1885 ἡμῖν
3250 1816 3662 1887 xeuntem:

1997 1880 2036 1934 Β
2067 1900 2377 1972 σύνταγμα,
2409 1901 2599 1973 ὥσπερ
2632 1899 2727 1958 οῦν
2773 1904 2928 1958 αὐτοὶ
2976 1905 3076 1976 τὴν
3095 1880 3256 1960 ⁷θείαν
3282 1908 3393 1961 τῶν
3416 1880 3662 1979 Εὐαγγέ-

2064 1991 2195 2046 λίων
2222 1994 2469 2066 πτυκτὴν
2503 1994 2822 2063 συνέταξαν,
2854 1998 2951 2052 καὶ
2985 1999 3085 2061 τὰς
3104 1998 3424 2069 θεολογικὰς
3460 2005 3663 2074 ἐκφαν-

2062 2084 2255 2154 τορίας
2293 2085 2622 2157 παρέδοσαν.
2656 2087 2768 2142 Καὶ
2812 2087 3082 2159 λέγομενο
3112 2090 3189 2153 ὡς
3209 2089 3297 2145 διὰ
3333 2092 3403 2145 τὸν
3427 2098 3662 2164 μακροῖς

2065 2175 2191 2231 ὕστε
2200 2193 2293 2248 ρον
2309 2178 2524 2249 χρόνοις
2541 2180 2644 2249 τῆς
2664 2179 2965 2253 θεολήπτου
2984 2182 3031 2215 ⁸⁸
3052 2198 3117 2236 συ
3126 2182 3327 2255 μϐἦναι
3346 2185 3446 2256 τὴν
3463 2187 3548 2239 κοί
3557 2202 3663 2256 μη-

2066 2280 2169 2325 σιν.
2207 2271 2379 2340 Λόγος
2412 2271 2522 2343 γὰρ
2566 2273 2739 2343 αὐτὴν
2776 2274 2912 2345 πρὸς
2946 2274 3176 2346 ἔσχατον
3236 2278 3662 2349 καταντήσασαν

2062 2363 2262 2435 γῆρας,
2283 2362 2619 2433 μεταστῆναι
2649 2364 2756 2418 τῶν
2789 2367 2938 2438 τῇδε.
2959 2368 3031 2420 ’Ἠ
3061 2368 3142 2430 τὸ,
3170 2368 3245 2438 μὴ
3274 2371 3403 2433 τοὺς
3431 2370 3661 2442 καιροὺς

2060 2455 2160 2527 τὴν
2188 2454 2394 2512 τούτων
2411 2458 2547 2521 τέως
2580 2460 2899 2528 ἐπιτρέπειν
2929 2459 3202 2531 διάληψιν·
3227 2462 3309 2516 ὅτι
3335 2463 3471 2532 μηδὲ
3497 2479 3662 2535 προσο

2060 2549 2197 2621 ἧκον
2256 2546 2347 2622 ἦν,
2416 2552 2543 2605 κατ’
2571 2552 2746 2624 αὐτήν
2776 2569 2841 2622 γε
2870 2552 2981 2607 ’τοῦ
3006 2553 3343 2624 Εὐαγγελίου
3394 2555 3494 2627 τὴν
3529 2572 3661 2625 συτο

2059 2643 2298 2716 γραφὴν,
2336 2644 2433 2697 τὸν
2458 2644 2561 2714 τῆς
2592 2646 2907 2716 οἰκονομίας
2943 2647 3224 2715 σπαρέντα
3265 2647 3425 2717 λόγον
3459 2649 3661 2704 αὐτίκα

2058 2737 2187 2807 περὶ
2235 2737 2441 2790 τούτων
2486 2735 2800 2791 διαλαϐεῖν·
2834 2737 3024 2808 ἄλλης,
3070 2739 3148 2803 ὡς
3186 2740 3356 2806 εἰκὸς,
3387 2739 3660 2812 δεομένων

2058 2829 2288 2901 είδικῆς,
2326 2830 2510 2899 ἢκατ⁹
2548 2831 2761 2884 ἐκεῖνον
2800 2832 2895 2884 τὸν
2935 2832 3150 2902 καιρὸν,
3200 2833 3403 2903 σχολῆς
3448 2851 3509 2888 τε
3560 2834 3655 2888 καὶ

2057 2919 2464 2991 πραγματείας.
2507 2919 2651 2973 Ἀλλ’
2684 2922 2734 2974 εί
2759 2920 2860 2992 μὲν
2885 2918 2975 2974 διὰ
3004 2922 3200 2987 ταῦτα,
3232 2922 3333 2975 οὐκ
3356 2922 3519 2992 ἴσμεν
3541 2922 3569 2976 δ
3600 2938 3656 2976 τι

2057 3010 2152 3063 καὶ
2185 3009 2397 3081 φῶμεν.
2448 3009 2510 3065 El
2543 3010 2599 3065 δὲ
2620 3011 2711 3064 διὰ
2735 3011 2795 3064 τὸ
2828 3012 2989 3084 μέχρι
3024 3013 3184 3083 μόνον
3220 3013 3323 3083 τῆς
3343 3011 3481 3085 πρὸς
3505 3012 3657 3084 ἡμᾶς

2055 3099 2115 3153 ὲν
2144 3101 2309 3171 σαρκὶ
2333 3100 2430 3154 τοῦ
2456 3099 2635 3170 Λόγου
2667 3101 2954 3173 διατριϐῆς
2983 3105 3315 3176 παρατεῖναι
3342 3105 3470 3169 τοὺς
3492 3121 3657 3159 πνευ-

362 3188 701 3260 iudigerent.
734 3186 941 3243 Verum
976 3188 1021 3243 si
1063 3187 1288 3257 quidem
1316 3188 1387 3243 ob
1416 3203 1514 3244 eas
1545 3188 1817 3254 rationes,
1848 3204 1950 3244 nec

2059 3191 2406 3262 ματοφόρους
2459 3190 2661 3263 ἄνδρας
2707 3192 2809 3262 τῆς
2858 3193 3177 3264 οἰκονομίας
3200 3194 3293 3247 τὸν
3335 3193 3517 3263 λόγον,
3560 3195 3656 3250 καὶ

360 3282 572 3338 Scimus
612 3280 745 3352 quid
806 3282 1121 3352 loquamur.
1174 3278 1269 3335 Sin
1327 3288 1509 3336 autem
1576 3282 1707 3352 quia
1755 3282 1948 3338 divino

2059 3281 2199 3353 πέρα
2226 3280 2392 3351 μηδὲν
2436 3279 2538 3351 τῆς
2572 3280 2682 3334 ἀπὸ
2711 3278 2814 3353 γῆς
2845 3282 3035 3336 ἀνόδου
3071 3282 3488 3354 καθυπφῆναι,
3523 3284 3651 3339 τού-

362 3371 576 3446 Spiritu
638 3372 804 3427 alllati
858 3374 987 3442 viri,
1038 3374 1107 3428 ad
1180 3388 1360 3444 usque
1411 3381 1625 3429 tantum
1680 3372 1840 3429 Verbi
1893 3375 1948 3428 in

360 3480 528 3521 carne
558 3467 848 3523 nobiscum
893 3469 1390 3523 commorationem
1441 3484 1759 3523 sermonem
1798 3466 1948 3525 (eco-

360 3558 564 3613 nnmize
620 3566 675 3613 et
732 3569 1078 3629 spectantem
1122 3559 1189 3615 ad
1218 3571 1633 3616 sacramentum
1676 3564 1948 3633 assumpti

359 3650 603 3706 hominis
658 3650 1066 3722 produxerunt.
1126 3668 1232 3708 nec
1291 3650 1442 3708 aliud
1490 3653 1724 3709 ulterius
1783 3668 1947 3724 quam

358 3740 746 3796 ascensionem
780 3756 810 3794 a
845 3750 989 3796 terra
1042 3742 1375 3804 docuerunt.
1416 3757 1481 3797 eo
1522 3743 1633 3798 illis
1665 3743 1948 3798 silentium

358 3832 629 3887 indictum
668 3835 776 3899 sit;
812 3833 977 3888 etiam
1024 3836 1141 3904 ipse
1194 3849 1401 3889 morem
1436 3849 1592 3905 gero.
1628 3833 1947 3901 Enimvero,

350 3933 418 3978 ait
452 3940 519 3979 ue
551 3926 669 3995 qui,
709 3926 837 3978 dum
900 3925 1127 3980 interim
1175 3927 1347 3980 multa
1384 3925 1692 3997 loquimur,
1753 3928 1948 3983 existi-

355 4014 630 4071 maverint
663 4018 890 4070 omnino
920 4019 1188 4072 traditum
1221 4017 1447 4073 silentio
1492 4018 1601 4073 diei
1632 4032 1949 4073 sacramen-

2048 3388 2161 3435 τοις
2188 3370 2287 3442 τὴν
2309 3371 2520 3439 σιωπὴν
2549 3371 2795 3441 ἐποίησε,
2837 3370 2994 3441 κάγὼ
3036 3372 3320 3443 πείθομαι.
3360 3375 3506 3447 Πλὴν
3533 3366 3654 3430 ἀλλ’

2051 3462 2138 3517 ῐνα
2166 3462 2240 3534 μὴ
2260 3463 2329 3518 τὰ
2360 3461 2537 3516 πολλὰ
2563 3462 2835 3530 λεγόντων
2860 3464 3039 3534 ἡμῶν,
3073 3463 3313 3535 οἰηθείέν
3341 3482 3490 3528 τινες
3516 3482 3650 3522 παν-

2048 3556 2196 3610 τελεῖ
2243 3555 2644 3629 παραδεδόσθαι
2670 3559 2796 3628 σιγῇ
2824 3555 3012 3626 τὸτῆς
3066 3557 3282 3628 ἡμέρας
3324 3558 3647 3628 μυστήριον,

2052 3649 2214 3704 καλὸν
2251 3647 2409 3720 οἶμαι
2443 3647 2766 3720 προσθεῖναι
2811 3647 2892 3719 τῷ
2940 3648 3089 3719 λόγῳ
3114 3648 3179 3701 τὸ
3235 3648 3379 3702 κατὰ
3417 3649 3647 3720 δύναμιν

2049 3742 2373 3813 εὑρημένον,
2406 3741 2545 3811 πρὸς
2573 3741 2675 3813 τὴν
2708 3740 2805 3794 τοῦ
2863 3740 3235 3811 προκειμένου
3265 3741 3472 3796 σκοποῦ
3515 3743 3642 3796 σύλο

2046 3832 2212 3903 ληψιν
2231 3832 2326 3887 καὶ
2353 3832 2670 3901 βεϐαίωσιν.
2692 3835 2768 3885 Οὐ
2787 3833 2896 3903 γὰρ
2923 3834 3003 3897 είς
3029 3833 3182 3896 τέλος
3216 3833 3493 3905 μεμένηκε
3513 3834 3647 3905 πρὸς

2045 3926 2157 3987 τοῖς
2194 3925 2363 3993 ίεροῖς
2411 3921 2618 3989 λογίοις
2668 3921 2981 3987 ἀνέκδοτον,
3028 3923 3076 3975 εί
3129 3922 3222 3976 καὶ
3272 3922 3647 3994 ἀμυδρότερόν

2047 4035 2164 4078 πως
2192 4014 2557 4088 τεθεώρηται.

354 4117 495 4174 tum,
531 4126 715 4179 operae
747 4112 979 4179 pretium
1007 4111 1277 4179 iudicavi,
1328 4118 1386 4164 ut
1428 4111 1495 4165 ad
1530 4114 1831 4181 propositae
1864 4113 1938 4166 rei
1980 4109 2401 4180 intelligentiam
2449 4116 2503 4162 et
2548 4106 3055 4171 conﬁrmationem,
3096 4106 3246 4177 quod
3319 4107 3482 4161 licuit
3557 4107 3643 4162 in-

351 4201 541 4255 venire
570 4201 833 4271 deinceps
890 4203 1097 4260 dicam.
1166 4204 1500 4274 Quanquam
1564 4205 1712 4260 enim
1773 4221 1858 4259 res
1915 4203 2211 4260 obscurius
2270 4202 2489 4271 cognita
2550 4201 2645 4266 sit,
2703 4199 3134 4272 haudquaquam
3198 4206 3385 4255 tamen
3444 4200 3647 4258 mansit

340 4294 486 4347 nihil
517 4294 747 4349 omnino
784 4296 987 4349 tradita
1018 4296 1199 4351 sacris
1231 4295 1498 4367 Eloquiis.

408 4383 637 4440 Dictum
687 4384 876 4456 itaque
926 4394 1013 4441 est
1043 4401 1072 4438 a
1114 4385 1357 4456 quodam
1415 4388 1673 4459 thenlogo
1732 4395 1788 4444 et
1837 4387 1939 4444 do-

336 4491 527 4539 more,
570 4494 753 4548 eoque
783 4478 1067 4549 sapienter
1103 4495 1167 4534 ac
1220 4480 1360 4536 scite
1408 4481 1463 4535 in
1496 4481 1815 4536 divinarum
1852 4496 1942 4536 re-

350 4587 473 4625 rum
512 4572 804 4627 scientiam
862 4574 1111 4639 exculto,
1145 4574 1235 4627 cui
1284 4575 1449 4629 etiam
1498 4573 1828 4629 nccultioris
1856 4587 1944 4627 sa-

338 4663 726 4732 »cratiorisque
758 4665 1242 4735 supercmlestium
1289 4665 1555 4720 mentium
1590 4664 1944 4721 l'ormationis

346 4755 638 4825 angelicas
689 4754 1118 4812 inl‘ormationes
1153 4759 1427 4811 revelatas
1481 4755 1675 4811 aiunt:
1713 4757 1944 4825 insuper

338 4845 516 4898 «etiam
548 4845 795 4901 ccelestis
829 4845 1121 4907 doctrinae,
1150 4860 1316 4914 quam
1355 4845 1709 4900 admirabilis
1739 4844 1944 4901 Paulus

338 4935 641 4991 excellenti
686 4936 927 5007 puritate
981 4936 1170 4991 doceri
1228 4938 1455 4991 crelitus
1509 4937 1735 5004 meruit,
1768 4950 1945 5009 expo-

407 5112 446 5155 ιι
476 5113 641 5169 Prov.
682 5129 803 5181 νιιι,
835 5112 889 5169 9.
917 5128 1034 5170 sec.
1058 5112 1217 5168 LXX.
1286 5125 1311 5155 ο
1336 5112 1405 5167 ιν
1440 5112 1576 5184 Reg.
1637 5120 1760 5182 vni,
1792 5116 1885 5170 Η.

2120 4385 2353 4458 Εἴρηται
2377 4383 2508 4454 γοῦν
2548 4384 2686 4456 πρός
2742 4401 2851 4437 τινι
2876 4382 2987 4436 τῶν
3024 4380 3301 4450 θεολόγων
3332 4380 3645 4452 ἱερολόγων,

2050 4481 2230 4550 σοφῶς
2270 4492 2331 4531 τε
2362 4479 2458 4532 καὶ
2509 4479 2960 4548 ἐπιστημονικῶς
2990 4474 3357 4547 ἐξησκημένοι
3389 4474 3458 4528 τὰ
3503 4474 3643 4538 θεῖα,

2048 4568 2126 4632 ὣς
2177 4583 2314 4639 φησι
2350 4569 2418 4633 ⁵⁷,
2472 4569 2565 4621 καὶ
2611 4567 3037 4639 τῆςσμυστικῆς
3090 4565 3483 4637 ίεροπλαστίας
3537 4562 3647 4621 τῶν

2053 4662 2258 4731 ὑπερου
2270 4659 2467 4730 ρανίων
2495 4656 2634 4713 νόων
2668 4660 2768 4722 τὰς
2794 4660 3232 4731 ὰγγελοπρεπεῖς
3262 4658 3645 4722 ὑποτυπώσεις

2000 4718 2021 4771 ,
2048 4718 2485 4822 ἐκκεκαλύφθαι.
2524 4748 2670 4822 Πρὸς
2698 4718 2777 4815 δὲ’,
2805 4718 2903 4805 καί⁵
2938 4718 3417 4823 τὰς-ἀπορρήτους
3444 4718 3647 4818 ὲκφάνξ

2048 4860 2183 4909 σεις,
2209 4844 2310 4909 τὰς
2341 4845 2541 4917 Παύλῳ
2567 4844 2646 4916 τῷ
2675 4846 2955 4916 θεσπεσίῳ
2977 4844 3045 4898 δι’
3064 4840 3375 4916 ὑπερϐολὴν
3408 4842 3647 4914 καθαρά⁴

2047 4955 2208 5011 τητος
2230 4938 2599 5009 ὲκφανθείσας
2631 4936 3064 5009 ὑπηγορεῦοθαι,
3089 4928 3167 4992 ὧν
3196 4936 3299 5009 τὴν
3321 4934 3646 5007 ὁπέρφωτον

1653 5288 1891 5346 V'Alile
1917 5288 2332 5347 LECTIONES.

410 5412 460 5444 "
488 5409 804 5483 Θεολήπτου
837 5408 1058 5478 proprie
1088 5416 1174 5464 est
1203 5421 1232 5461 a
1265 5405 1378 5464 Deo
1404 5413 1724 5480 assumpta}.
1790 5407 1836 5438 ⁸⁷
1859 5407 2021 5479 Φησί,
2050 5410 2146 5475 ait,
2192 5409 2297 5465 hoc
2315 5418 2421 5475 est,
2455 5411 2631 5475 aiunt,
2667 5409 2896 5478 dicitur,
2934 5411 3151 5481 vulgo;
3185 5411 3275 5468 vel
3315 5409 3514 5468 melius
3562 5409 3642 5466 le-

346 5496 415 5551 ge
447 5481 604 5552 φασί.

1681 5592 2071 5651 COMBEFISll
2112 5592 2346 5651 NOTAE.

419 5688 529 5760 (77)
569 5686 674 5760 Deo
701 5687 919 5760 (imane.
959 5683 1416 5760 Τῆς-θεολήπτου.
1443 5680 1561 5760 Ynx
1602 5683 1935 5760 Dionysiana

341 5760 404 5814 in
431 5755 1033 5837 apostolos'etprimps
1080 5756 1207 5837 illos
1240 5755 1555 5837 discipulos
1578 5763 1633 5837 et
1675 5755 1937 5837 ίειράρχας

336 5824 569 5885 austros
599 5846 638 5898 ιχ
658 5824 834 5898 quani
857 5824 1107 5882 Andreas
1136 5827 1245 5881 ~hic
1296 5824 1562 5898 transfert
1598 5826 1654 5880 in
1685 5824 1933 5898 uanam,

347 5911 401 5957 et
428 5906 572 5954 orat.
609 5896 644 5951 5
679 5895 743 5955 in
772 5900 986 5954 animas
1019 5906 1364 5965 sanctorum,
1394 5905 1449 5952 et
1468 5895 1783 5966 juvenculat
1815 5896 1939 5951 illas

2036 5683 2395 5741 Canticorum
2424 5694 2517 5741 tet
2542 5701 2617 5748 νι,
2663 5699 2791 5740 vere
2817 5684 3096 5749 θεοειδιις.
3158 5692 3218 5739 ιιι
3257 5682 3399 5739 idem
3438 5690 3636 5741 vocat;

2041 5754 2308 5826 Deojam,
2361 5772 2471 5824 quo
2524 5759 2695 5812 beatae
2753 5755 3035 5819 fruuntur,
3094 5768 3355 5826 perquam
3406 5755 3633 5826 similes.

2041 5825 2056 5877 I
2092 5824 2251 5880 Joau.
2281 5842 2364 5886 Ill,
2391 5826 2445 5879 2.
2498 5826 2668 5880 Paulo
2712 5838 2839 5879 ante
2865 5826 3005 5880 dixit
3044 5824 3109 5880 de
3152 5824 3270 5896 ipso
3304 5824 3487 5880 Mariae
3517 5838 3640 5882 cor-

2040 5912 2197 5969 pore,
2234 5912 2411 5966 eoiiue
2446 5897 2813 5963 reddidimus,
2849 5908 2879 5949 α
2919 5896 3425 5964 Deo’asmmpmm.
