4012 6480
378 424 513 493 1063

1560 430 1620 489 S.
1651 424 1980 488 ANDREIE
2012 423 2435 487 CRETENSIS

3530 407 3676 475 106-6

373 554 431 595 ιιι
457 537 526 591 ab
555 537 819 593 omnibus
844 538 937 608 qui
989 541 1170 608 ipsum
1222 535 1520 591 audiebant
1559 542 1613 590 et
1647 533 1980 591 cernebant,

2085 532 2169 603 οίη
2210 532 2349 600 πρὸς
2402 531 2472 585 τὰ
2544 525 2660 585 ὦτα
2714 529 2823 583 τῶν
2870 528 3118 592 θεοειδῶς
3164 525 3543 599 ὑμνηθέντων
3605 526 3679 581 τά

370 637 491 682 tum
538 631 633 700 qui
680 635 1068 699 agnoscerent,
1106 636 1221 682 tum
1278 626 1374 697 qui
1420 640 1531 680 non
1568 628 1956 694 agnoscerent,

366 723 563 778 divino
589 724 816 776 numine
859 728 1179 791 correptus,
1211 734 1276 774 ac
1315 718 1540 773 divinus
1582 718 1746 787 plane
1779 710 1959 767 lauda-

376 825 462 869 tor
495 829 621 869 esse
649 822 997 869 censeretur.
1037 831 1055 865 ι
1091 811 1136 868 O
1173 813 1393 867 beatum
1439 810 1600 879 plane
1625 816 1681 861 et
1712 806 1957 859 animum

370 913 429 959 et
465 905 744 975 linguam!
802 907 1049 959 animum
1091 905 1318 973 inquam
1364 902 1450 957 his
1501 898 1804 964 eruditum,
1851 897 1959 951 lin-

372 1011 654 1066 guamque
695 998 865 1052 verba
894 998 1167 1067 ejusmodi
1223 996 1591 1066 prolocutam.
1628 992 1672 1046 Ο
1704 993 1829 1062 quis
1863 990 1961 1046 de-

373 1085 541 1151 derit,
582 1093 641 1140 ut
668 1101 860 1140 eorum
898 1102 1020 1155 quae
1053 1087 1243 1140 divina
1274 1086 1509 1155 quadam
1553 1084 1771 1138 ratione
1821 1082 1964 1137 cele-

2055 622 2432 693 ἀπηχήματα;
2464 621 2525 674 Εἰ
2554 621 2663 691 γὰρ
2701 622 2900 674 ἐκεῖνοι
2933 620 3136 691 καίπερ
3167 619 3317 674 οὕτω
3357 618 3681 690 μετάρσιον

2058 712 2301 781 είληχόσι
2336 711 2429 764 τὸν
2464 710 2600 781 βίον,
2631 711 2727 764 καὶ
2779 711 2958 781 ἀμιγῆ
3001 709 3112 764 τῶν
3161 710 3316 764 κάτω
3372 709 3485 780 τὴν
3531 710 3682 763 κατά

2056 804 2182 859 νοῦν
2205 804 2462 876 θεωρίαν,
2493 803 2669 867 οὕτως
2714 806 2743 858 6
2793 804 2981 875 ὑμνῶν
3016 803 3401 872 ἐθαυμάζετο·
3459 800 3684 874 πηλίκα

2055 893 2123 968 ἧν
2148 897 2217 952 τὰ
2246 896 2581 967 ὑμνούμενα,
2609 897 2812 967 μᾶλλον
2843 897 2901 950 δὲ
2920 897 2982 949 τὸ
3016 894 3412 968 ὑμνούμενον;
3450 893 3608 966 Πρὸς
3624 893 3685 946 δὲ

2057 989 2128 1043 τὰ
2143 989 2270 1058 ἑξῆς
2298 991 2327 1043 ὁ
2352 988 2507 1058 λόγος
2536 988 2814 1059 χωρείτω’
2849 1008 2868 1039 ι
2901 989 3010 1042 Καὶ
3026 988 3079 1041 τί
3110 987 3176 1042 ἄν
3211 1004 3322 1053 σοι,
3355 987 3530 1059 φησι,
3550 986 3687 1056 περὶ

2059 1082 2167 1137 τῶν
2197 1084 2319 1136 ἐκεῖ
2354 1083 2789 1153 θεολογηθὲντων
2814 1083 3060 1152 λέγοιμι;
3100 1084 3209 1136 Καὶ
3238 1080 3359 1153 γὰρ
3395 1084 3449 1133 εί
3478 1079 3559 1151 μὴ
3590 1079 3688 1132 καὶ

376 1179 541 1233 brata
601 1188 757 1243 sunt,
827 1191 1114 1235 extremos
1161 1195 1328 1234 sonos
1375 1178 1607 1233 auribus
1666 1176 1959 1231 hauriam!

2085 1176 2308 1246 ιμαυτοῦ
2337 1176 2699 1246 ἐπιλέλησμαι
2723 1216 2738 1241 ,
2793 1177 3052 1240 πολλάκις
3110 1171 3227 1234 οῖδα
3255 1174 3423 1246 παρά
3454 1172 3556 1227 σοῦ
3590 1171 3689 1226 καὶ

375 1268 512 1324 Nam
538 1272 680 1327 viris
710 1273 825 1326 illis
854 1287 1174 1341 quanquam
1215 1274 1323 1323 vita
1362 1270 1501 1324 adeo
1535 1269 1780 1334 sublimi,
1812 1282 1967 1321 men-

2085 1267 2210 1338 ιέρη
2242 1265 2365 1321 τινὰ
2393 1267 2502 1320 τῶν
2547 1268 2916 1321 ὲνθεαστικῶν
2966 1267 3193 1320 ἐκείνων
3224 1264 3540 1335 ὑμνῳδιῶν
3585 1265 3691 1315 ὲπ-

376 1365 565 1435 tisqne
620 1367 1093 1435 contemplatione
1135 1366 1218 1417 sic
1260 1381 1287 1416 a
1326 1362 1563 1417 terrenis
1610 1364 1845 1423 elevata.
1884 1363 1961 1415 ita

2085 1360 2347 1423 ικούσαςο
2376 1358 2551 1422 οὕτως
2577 1376 2659 1413 σοι
2695 1359 2900 1430 σπουδὴ
2935 1359 3010 1428 μὴ
3034 1361 3098 1412 ὲκ
3124 1359 3421 1431 παρέργου
3460 1356 3535 1411 τά
3565 1354 3693 1409 θεῖα

377 1454 696 1508 laudantem
730 1457 1176 1513 demirautibus.
1207 1461 1411 1523 quanta
1444 1452 1752 1522 putandum
1789 1452 1964 1505 fuisse

2085 1452 2455 1522 μεταδιώκειν.
2486 1453 2632 1524 Πλὴν
2680 1452 2817 1508 ἀλλά
2850 1455 2917 1507 τὰ
2960 1455 3078 1506 ἐκεῖ
3104 1455 3392 1525 μυστήρια
3413 1493 3429 1518 ,
3486 1451 3589 1505 καὶ
3612 1450 3693 1513 ὡς

377 1546 450 1601 ab
488 1563 555 1601 eo
615 1547 875 1603 laudibus
924 1549 1225 1613 celebrata,
1279 1547 1574 1616 ipsumque
1625 1544 1766 1598 adeo
1817 1543 1961 1612 quod

2085 1545 2185 1606 τοῖς
2222 1543 2440 1608 πολλοῖς
2473 1543 2710 1616 ἄρρητα,
2743 1546 2839 1599 καὶ
2884 1546 2961 1610 ὡς
2989 1547 3313 1616 ἐγνωσμένα
3346 1561 3464 1608 σοι,
3500 1557 3692 1612 παρα-

381 1639 645 1693 laudibus
677 1640 1033 1701 celebrabat?
1062 1638 1335 1694 Caeterum
1363 1636 1629 1707 procedat
1661 1635 1842 1691 oratio
1894 1635 1963 1690 ad
2070 1634 2348 1706 λείψομεν.
2381 1655 2400 1689 ι

381 1746 445 1785 ea
483 1747 610 1802 qua:
652 1732 867 1802 reliqua
916 1740 1067 1786 sunt.
1127 1750 1146 1782 ι
1195 1728 1299 1785 Sed
1336 1728 1470 1798 quid
1510 1726 1632 1790 tibi,
1674 1725 1875 1796 inquit,
1918 1725 1986 1780 de
2059 1725 2129 1780 iis
2175 1727 2380 1792 dicam,
2430 1743 2554 1798 quae
2598 1728 2713 1783 illic
2755 1727 2940 1782 divina
3018 1736 3281 1783 enarrata
3339 1726 3517 1784 sunt?
3567 1723 3692 1780 Νῑεί

378 1825 528 1877 enim
565 1832 761 1878 memet
795 1823 971 1893 ipsius
1007 1822 1212 1877 oblivio
1246 1822 1416 1890 cepit,
1448 1818 1750 1872 nonnullas
1786 1817 1953 1870 etiam
1996 1829 2026 1869 a
2058 1816 2170 1871 Deo
2201 1816 2515 1873 amatorum
2545 1820 2765 1874 illorum
2808 1827 3074 1874 cantuum
3135 1830 3349 1890 partes,
3428 1832 3690 1889 persaepe

356 1916 484 1971 abs
533 1924 586 1972 te
637 1915 921 1970 audivisse
952 1931 1039 1968 me
1072 1916 1197 1968 novi
1237 1932 1251 1968 :
1299 1922 1455 1967 tanto
1485 1912 1585 1966 tibi
1635 1910 1826 1965 studio
1850 1917 1959 1973 est,
2003 1917 2064 1962 ut
2134 1926 2204 1966 ne
2272 1913 2462 1968 divina
2519 1913 2894 1984 negligentius
2947 1913 3332 1983 persequaris.
3379 1910 3693 1968 Verumta‘

382 2024 531 2075 men,
566 2023 690 2078 quat
728 2008 843 2062 illic
874 2017 1028 2080 gesta
1060 2015 1191 2063 sunt
1235 2004 1572 2062 sacramenti
1615 2003 1802 2074 plena,
1842 2010 1958 2056 tum
1997 2004 2149 2061 velut
2179 2006 2372 2062 multis
2398 2006 2665 2074 obscura,
2698 2017 2812 2062 tum
2838 2016 2898 2063 ut
2939 2009 3039 2063 tibi
3106 2016 3262 2074 nota,
3329 2006 3692 2077 praetermit-

385 2106 587 2156 temus.
631 2119 651 2153 ι

440 2192 514 2248 ·Ιιι
548 2196 694 2248 Ιιιιηο
734 2193 898 2247 nobis
926 2194 1148 2247 modum
1180 2190 1472 2263 Dionysius
1499 2190 1788 2260 loquitur;
1835 2189 1963 2244 Dio-

2142 2187 2330 2243 Ταῦτα
2375 2190 2508 2261 ἡμῖν
2552 2190 2867 2259 Διονύσιος,
2915 2194 2943 2246 6
2988 2191 3194 2263 ὑψηλὸς
3240 2190 3345 2261 τῆς
3392 2190 3695 2260 θεολογίας

385 2283 597 2354 nysius,
632 2284 878 2349 inquam,
909 2280 1168 2335 sublimis
1197 2279 1287 2333 ille
1303 2280 1617 2333 divinorum
1673 2279 1972 2347 interpres,

378 2375 627 2432 sublime
659 2374 853 2427 volans
890 2376 1164 2427 ccelorum
1197 2372 1382 2440 aquila
1418 2371 1567 2441 (80),
1608 2370 1784 2426 sacris
1829 2369 1975 2424 divi-

386 2482 586 2522 norum
647 2465 986 2535 imaginibus
1063 2464 1425 2533 plenissimus
1488 2462 1732 2517 animus.
1784 2460 1977 2532 Opem

387 2564 573 2612 autem
605 2558 843 2627 pretium
878 2555 1141 2619 arbitror,
1176 2564 1235 2608 ut
1264 2571 1331 2608 ne
1362 2556 1538 2609 levius
1568 2553 1720 2608 dicta
1752 2564 1978 2624 prmer-

381 2662 617 2712 camns,
670 2647 765 2703 sed
807 2657 1074 2716 quantum
1119 2647 1339 2701 licuerit
1378 2646 1619 2717 assequi,
1662 2646 1742 2702 eis
1780 2649 1982 2701 immo-

2084 2283 2406 2354 ὑφηγητής*
2445 2285 2473 2335 6
2506 2283 2616 2336 τῶν
2651 2285 2898 2352 οὐρανῶν
2933 2284 3204 2355 ὑψιπετὴς
3237 2284 3407 2347 ἀετὸς
3428 2324 3445 2350 ,
3483 2286 3515 2338 6
3551 2286 3695 2356 ίερο-

2084 2376 2506 2447 γραφικώτατος
2532 2376 2679 2440 νοῦς.
2702 2378 2887 2443 ’Ἄξιον
2909 2378 2965 2432 δὲ
2989 2373 3143 2448 οἴμαι
3174 2379 3249 2450 μὴ
3276 2378 3596 2449 παρέργως
3626 2379 3695 2432 τά

2084 2470 2353 2538 εἰρημένα
2401 2469 2811 2542 παραδραμεῖν,
2863 2470 2980 2525 ἀλλ’
3008 2472 3084 2536 ὡς
3136 2472 3364 2541 ἐφικτὸν
3420 2473 3694 2542 ἐμμεῖναι

2079 2563 2313 2630 τούτοις,
2346 2564 2437 2617 καὶ
2471 2564 2712 2619 εἰσδῦναι
2743 2565 2822 2635 τῷ
2856 2564 3009 2636 βάθει
3038 2567 3149 2620 τῶν
3173 2567 3502 2638 νοημάτων,
3536 2566 3598 2631 ἐξ
3631 2561 3693 2621 οῦ

2081 2654 2174 2706 καὶ
2199 2652 2261 2706 τὸ
2290 2654 2623 2726 ποθούμενον
2648 2657 3057 2729 ὲκτυπώτερον,
3085 2658 3183 2712 καὶ
3206 2659 3305 2713 νῦν
3331 2660 3694 2730 ἐμφανέστε-

389 2755 603 2804 remur,
637 2754 700 2793 ac
741 2754 1035 2793 sensorum
1087 2738 1360 2808 profunda
1410 2750 1785 2808 penetrentus,
1832 2736 1979 2794 unde

2085 2762 2179 2816 ρον
2218 2746 2671 2817 παραδείκνυται.
2714 2750 2785 2804 Σὺ
2826 2750 2883 2803 δέ
2933 2767 3025 2820 μοι
3073 2749 3274 2821 σεμνὸν
3309 2750 3695 2821 ἀκροατήριον

389 2840 448 2887 et
474 2830 636 2886 modo
659 2831 986 2901 expressius
1012 2830 1327 2884 declaretur
1365 2831 1682 2900 clariusque
1706 2829 1855 2900 quod
1886 2846 1980 2883 vo-

2086 2838 2281 2891 σκόπει
2306 2838 2416 2892 τῶν
2441 2840 2833 2911 ῥηθησομένων
2855 2842 2953 2913 τὴν
2974 2842 3227 2913 δύναμιν,
3252 2843 3352 2897 ἴνα
3384 2846 3558 2915 συνῇς
3586 2841 3698 2897 τῶν

388 2923 599 2980 iunius.
675 2923 755 2977 Tu
815 2936 982 2992 porro
1055 2922 1189 2976 mihi
1267 2923 1599 2987 venerabilis
1665 2922 1979 2976 auditorum

2087 2931 2408 3002 μυστηρίων
2441 2934 2541 3003 τὴν
2575 2932 2825 2997 ἔκϐασιν,
2872 2936 2968 2988 καὶ
3006 2936 3152 3006 γνῷς
3190 2935 3274 3000 τίς
3310 2936 3428 2991 οιαὶ
3469 2935 3696 3007 ποταπὴ

390 3030 592 3085 οωιιιε,
623 3034 812 3074 eorum
853 3034 975 3087 quae
1000 3017 1234 3072 dicenda
1272 3026 1403 3074 sunt
1435 3019 1542 3073 vim
1575 3018 1891 3084 considera,
1924 3027 1980 3073 ut

2085 3022 2190 3075 τῶν
2218 3023 2651 3093 συνειλεγμένων
2677 3028 2709 3099 ἠ
2744 3028 3248 3097 συνάθροισις,’καὶ
3277 3027 3698 3100 προχρηματί-

384 3123 866 3168 sacramentorum
898 3119 1159 3165 eventum
1196 3112 1579 3179 perspexeris,
1620 3112 1980 3182 noverisque,

2085 3130 2276 3177 σαντος
2306 3114 2398 3167 τοῦ
2431 3116 2752 3186 ἱεροφάντου
2782 3118 2844 3171 τὸ
2875 3117 3084 3186 θαῦμα.

384 3205 516 3274 quis
568 3212 622 3258 et
674 3214 914 3272 quantus
968 3217 1277 3259 conventus
1331 3214 1706 3275 congregatus
1759 3207 1865 3274 sit;
1917 3220 1982 3260 ac
2019 3222 2180 3262 sacro
2214 3209 2445 3265 doctore
2483 3225 2584 3265 ceu
2605 3226 2671 3266 ex
2702 3212 2930 3268 oraculo
2960 3212 3258 3281 referente,
3350 3222 3525 3288 atque
3592 3212 3701 3270 mi-

394 3302 583 3355 raculo
614 3308 915 3370 praeeunte.

463 3394 576 3464 Age
600 3393 787 3461 itaque
821 3393 970 3446 velut
1002 3406 1030 3444 a
1056 3391 1322 3461 gradibus
1345 3391 1683 3461 sempiterna
1715 3391 1982 3447 memoria

2159 3394 2296 3464 Φέρε
2312 3392 2491 3448 τοίνυν
2521 3394 2583 3446 ὲκ
2608 3393 2867 3465 σταθμῶν
2891 3393 3198 3457 ἀποϐάντες
3219 3394 3324 3466 τῆς
3350 3396 3691 3468 ἀειμνήστου

392 3483 660 3538 habendae
709 3479 846 3537 Sion
896 3481 1336 3549 descendentes;
1380 3482 1513 3536 illuc
1543 3484 1688 3537 enim
1718 3483 1865 3537 haud
1907 3485 1980 3539 ita

2090 3486 2231 3539 Σιὼν
2272 3485 2464 3557 (αὐτοῦ
2490 3485 2599 3556 γὰρ
2625 3487 2731 3541 ὑπὸ
2760 3485 2855 3540 τοῦ
2883 3487 3044 3556 λόγου
3081 3487 3267 3559 μικρῷ
3309 3490 3558 3561 πρόσθεν
3597 3491 3692 3544 ἀν-

346 3652 350 3655 ,
392 3575 610 3645 pridem
663 3589 849 3630 sermo
902 3573 1159 3628 subvexit
1212 3574 1437 3644 (quippe
1489 3575 1603 3629 illic
1655 3574 1747 3630 Dei
1809 3575 1980 3629 Μαιω-

2089 3554 2360 3649 ήχθημενο
2395 3554 2601 3647 ταύτην
2636 3580 2744 3650 γὰρ
2781 3574 2928 3650 εἶχεν
2959 3554 3320 3653 ηΘεομητωρ
3358 3554 3691 3653 summa».

383 3684 560 3740 agens
613 3668 669 3722 in
718 3668 913 3733 terris,
972 3668 1321 3723 domicilium
1385 3667 1598 3739 habuit)
1641 3669 1819 3724 :inde
1864 3671 1979 3740 jam

380 3769 703 3832 .opportnne
757 3760 1027 3830 virginale
1064 3776 1267 3831 corpus
1315 3761 1450 3815 illud
1501 3775 1714 3831 pompa:
1760 3760 1982 3817 funebri

393 3851 624 3911 comites
656 3851 1080 3918 praamittamus.
1113 3850 1208 3905 Dei
1236 3850 1508 3921 siquidem
1538 3851 1738 3916 Mater,
1767 3855 1820 3907 in
1861 3854 1984 3923 ejus

398 3955 592 3994 manus
635 3939 887 4009 deposita
935 3941 1142 4003 anima,
1200 3939 1256 3992 in
1311 3940 1475 4009 cujus
1525 3954 1690 3993 manu
1728 3948 1982 3996 nostrum

386 4032 643 4088 omnium
692 4033 889 4085 anima!
929 4033 1122 4100 posita:
1167 4039 1319 4096 sunt,
1362 4032 1530 4084 vitam
1568 4030 1621 4084 in
1662 4047 1831 4086 carne
1862 4031 1985 4086 lini-

396 4123 493 4178 vit.
532 4123 670 4176 'I‘um
705 4137 872 4187 vero,
916 4123 1008 4177 ubi
1051 4121 1251 4177 ordine
1293 4123 1501 4176 elatum
1560 4121 1726 4179 funus
1777 4124 1985 4180 erimus

396 4218 696 4282 prosecuti,
729 4224 923 4269 secuto
957 4228 985 4266 a
1024 4229 1221 4283 pompa
1252 4210 1473 4267 cantico
1501 4228 1724 4269 carmen
1758 4213 1988 4270 funebre

399 4305 785 4376 adiungamus.
817 4305 910 4359 Sic
936 4305 1085 4361 enim
1119 4306 1285 4361 nobis
1316 4306 1562 4361 secundo
1591 4322 1758 4361 cursu
1795 4307 1988 4362 decur-

396 4406 474 4451 ret
517 4398 717 4461 oratio,
755 4404 811 4451 et
849 4412 912 4451 ea
948 4412 1072 4466 qua:
1101 4396 1251 4452 dicta
1292 4405 1423 4452 sunt
1456 4397 1670 4467 liquido
1703 4414 1986 4470 exponen-

392 4501 508 4545 tur.
566 4489 639 4546 Ut
685 4505 820 4561 ergo
870 4491 988 4545 haec
1028 4490 1262 4554 fuerint,
1292 4492 1444 4557 veni,
1476 4492 1703 4553 dilecte,
1752 4492 1889 4547 vade
1931 4499 1988 4546 et

389 4585 654 4654 procede,
711 4571 996 4639 laetissima
1028 4599 1093 4638 ac
1130 4586 1371 4641 maxime
1401 4585 1574 4640 alacri
1626 4585 1798 4639 animi
1857 4599 1989 4656 per-

386 4676 746 4745 spicacitate,
802 4677 872 4731 ad
935 4677 1262 4732 honorabile
1319 4677 1712 4740 Gethsemani,
1775 4677 1990 4746 tibique

395 4771 533 4839 ipse,
560 4769 683 4823 viva
720 4785 1098 4841 expressaque
1118 4769 1427 4825 deformata
1473 4769 1735 4839 imagine,
1770 4769 1838 4826 iis
1866 4785 1989 4840 qua:

392 4868 706 4919 evenerunt
733 4861 881 4915 dicta
906 4876 1197 4931 compone.
1231 4860 1339 4916 Ubi
1364 4860 1508 4916 enim
1537 4862 1711 4931 gestis
1738 4861 1991 4917 intende-

2084 3673 2395 3742 διαίτημα),
2421 3673 2729 3744 ἐπικαίρως
2768 3674 3002 3727 αὐτόθεν
3035 3675 3179 3740 ἄρτιι
3200 3677 3297 3728 τοῦ
3342 3673 3686 3747 παρθενικοῦ

2086 3764 2605 3835 προπομπεύσωμεν
2648 3764 2920 3836 σώματος.
2959 3766 3134 3820 Αὑτοῦ
3179 3768 3291 3839 γὰρ
3337 3771 3423 3833 είς
3463 3771 3683 3839 χεῖρας,

2085 3850 2147 3910 οὗ
2174 3858 2231 3908 ὲν
2252 3857 2400 3927 χειρὶ
2424 3856 2643 3909 πάντων
2660 3858 2692 3924 ἡ
2702 3855 2820 3925 μῶν
2843 3858 2899 3911 αί
2923 3856 3119 3928 ψυχαὶ,
3147 3858 3247 3930 τὴν
3266 3860 3480 3930 ἑαυτῆς
3509 3876 3686 3921 παρα-

2072 3945 2433 4019 -καταθεμένη
2462 3946 2640 4018 ψυχὴν
2668 3948 2702 4018 ή
2732 3947 3079 4019 Μητρόθεος,
3113 3949 3213 4017 τὴν
3243 3951 3303 4001 ὲν
3332 3952 3504 4021 σαρκὶ
3538 3949 3685 4021 ζωὴν

2078 4041 2480 4111 .συνεπέρανεν.
2506 4036 2621 4094 Εἶθ’
2638 4040 2811 4103 οὕτως
2834 4041 2935 4110 τὴν
2957 4040 3160 4107 ἐξόδιον
3181 4041 3498 4108 ἀκολούθως
3528 4058 3684 4112 ποιη-

2076 4131 2317 4202 σάμενοι
2351 4133 2598 4205 πρόοδον,
2633 4135 2698 4205 τῇ
2735 4133 2985 4205 ὲφυμνίῳ
3020 4137 3328 4207 προπομπῇ
3365 4134 3459 4188 τὸν
3488 4134 3684 4204 ἐπική-

2087 4227 2227 4279 δειον
2253 4226 2679 4297 ὲπισυνάψωμεν
2702 4226 2946 4282 ἔπαινον.
2966 4225 3126 4288 Οὕτω
3145 4228 3255 4299 γὰρ
3273 4228 3371 4282 καὶ
3395 4227 3539 4281 κατά
3556 4226 3682 4299 ῥοῦν

2090 4320 2224 4388 ἡμῖν
2246 4319 2275 4371 ὁ
2299 4319 2457 4388 λόγος
2485 4319 2795 4390 δραμεῖται,
2822 4320 2920 4373 καὶ
2941 4320 3010 4373 τά
3040 4320 3335 4391 εἰρημένα,
3367 4317 3574 4390 τρανὴν
3599 4316 3685 4370 δέ·

2091 4410 2238 4476 ξεται
2272 4411 2374 4483 τὴν
2406 4411 2733 4478 ὲξάπλωσιν.
2765 4410 2859 4466 Ἵν’
2890 4408 2986 4466 οὖν
3019 4411 3178 4465 τοῦτο
3209 4412 3467 4482 γένηται,
3522 4409 3682 4479 δεῦρο

2090 4503 2247 4558 ἄπιθι
2295 4505 2390 4559 καὶ
2438 4505 2699 4576 πρόϐαινε
2750 4506 3084 4579 φαιδροτάτῃ
3140 4506 3233 4560 καὶ
3285 4504 3680 4577 θυμηρεστάτῃ

2089 4597 2335 4669 ὀξυωπίᾳ
2368 4598 2469 4670 τῆς
2500 4599 2760 4664 διανοίας,
2784 4599 3178 4669 ἀγαπητὲ,ὲπὶ
3208 4600 3311 4672 τὴν
3341 4595 3679 4653 εὐλαϐεστά-

2062 4709 2188 4761 -την
2215 4691 2567 4764 Γεθσημανὴ,
2600 4692 2694 4747 καὶ
2724 4693 3081 4748 ἀνατύπωσαι
3113 4691 3327 4763 σεαυτῷ
3360 4690 3548 4746 είκόνα
3579 4690 3678 4754 sps.-

2089 4786 2266 4855 φανῆ,
2295 4788 2362 4856 τῇ
2391 4786 2615 4840 ἐκϐάσει
2641 4786 2752 4840 τῶν
2778 4787 3122 4858 πραγμάτων
3146 4787 3216 4840 τὰ
3244 4787 3367 4857 είρη
3377 4784 3517 4856 μένα
3547 4794 3679 4848 συγ-

2090 4878 2312 4948 κρίνων.
2353 4880 2429 4932 Οὐ
2477 4882 2586 4951 γὰρ
2634 4880 2802 4952 δεήσῃ
2850 4880 3081 4951 μακρῶν
3125 4879 3303 4948 λόγων
3345 4880 3428 4943 είς
3471 4874 3680 4945 ἐφόδιον

398 4952 478 5008 ris
519 4952 788 5020 animum,
818 4954 1247 5025 haudquaquam
1278 4954 1528 5023 prolixos
1567 4967 1853 5008 sermones
1883 4969 1980 5009 ceu

2094 4945 2350 5040 γνώσεως
2370 5011 2386 5035 ,
2413 4945 2525 5035 τοῖς
2554 4945 2738 5044 ἔργοις
2776 4945 3102 5038 ἕνατενίζων
3134 4987 3150 5004 ⁸
3185 4945 3213 5025 ι’
3242 4971 3427 5028 Πάντα
3458 4969 3565 5040 γὰρ
3594 4968 3680 5020 ὲν-

394 5046 652 5101 ειώεῐιιὶο
683 5047 1035 5103 necessarios
1064 5048 1131 5102 ad
1156 5046 1272 5100 veri
1293 5045 1674 5115 cognitionem
1702 5044 1985 5102 habueris.

402 5158 422 5190 ι
464 5140 659 5193 Omnia
696 5143 844 5195 enim
880 5141 1175 5210 praesentia
1213 5137 1688 5209 intelligentibus,
1736 5145 1793 5193 et
1837 5150 1989 5195 recta

396 5231 809 5289 invenientibus
839 5234 1153 5288 scientiam.
1196 5252 1215 5285 ι

468 5323 585 5378 lllic
608 5324 781 5396 igitur
808 5327 1100 5395 pulchrum
1135 5324 1416 5395 quoddam
1454 5317 1826 5397 ornatumque
1851 5334 1990 5380 tem-

398 5414 572 5487 plum,
626 5418 921 5488 magniﬁco
969 5418 1375 5490 splendideque
1402 5416 1559 5472 cultu
1594 5416 1857 5472 decorum
1893 5434 1987 5473 oc-

2095 5061 2248 5117 ώπια
2263 5065 2379 5128 τοῖς
2397 5063 2662 5130 συνιοῦσι,
2681 5065 2777 5118 καὶ
2796 5063 2934 5135 ὀρθὰ
2947 5066 3060 5127 τοῖς
3078 5064 3396 5135 εὑρίσκουσι
3419 5059 3640 5132 γνῶσιν.
3653 5071 3674 5107 ο

2168 5327 2343 5381 Αὐτοῦ
2376 5328 2440 5399 δὴ
2478 5328 2658 5385 τοίνυν
2691 5329 2947 5404 εὑρήσεις
2986 5329 3319 5401 περικαλλές
3356 5347 3411 5385 τι
3452 5327 3546 5383 καὶ
3582 5339 3675 5378 κε-

2095 5418 2449 5490 κοσμημένον
2491 5418 2819 5493 ἀνάκτορον,
2866 5420 3136 5493 πολυτελῆ
3181 5439 3242 5477 τε
3288 5420 3384 5476 καὶ
3429 5411 3674 5488 λαμπρὸν

1666 5571 2100 5629 ‘COMBEFlSll
2130 5572 2364 5630 NOTAE.

471 5664 1057 5756 'Sqalime‘volqns
1083 5668 1573 5756 ςωιοιςιιηιμᾳιιίίιι..
1605 5667 1669 5756 'D
1697 5668 1991 5756 ttbvrol’tpa:

398 5737 506 5811 νῷν
562 5737 908 5811 ὑψηλοπετὴς
960 5738 1150 5811 ἀετός.
1202 5737 1688 5810 δίηιὶιίἰιι)ὶ,ιὶιθιο
1756 5737 1992 5811 egornat

401 5807 693 5881 (_ihr_ysOst.
749 5807 894 5881 Itoni.
936 5810 1003 5863 de
1047 5810 1202 5864 falsis
1230 5807 1517 5881 pmpbeti's
1557 5811 1755 5865 editaa
1786 5807 1989 5864 Vossio

408 5877 622 5944 latine,
672 5893 736 5934 ac
783 5879 974 5936 Grmeo
1031 5877 1248 5951 adjelo'
1301 5877 1619 5938 (Ducam:
1667 5895 1983 5951 quanquam

2100 5671 2289 5726 minus
2322 5669 2500 5743 sapiat
2523 5668 3002 5743 Chrysostomum,
3058 5686 3159 5727 nec
3179 5669 3369 5743 Graeca
3392 5666 3539 5743 edita
3577 5674 3670 5743 no:

2100 5743 2314 5868 ηιίἆιοιιι
2367 5728 2796 5813 Ᾱιιιοριιεὶἱιιωι
2847 5728 3001 5798 ΐυτιο
3048 5750 3234 5798 tamen
3274 5742 3463 5798 habuit
3502 5728 3667 5790 Vossil

2099 5826 2160 5867 co
2204 5828 2289 5869 ex.
