  <div class='ocr_page' id='page_1' title='image "/cluster/home/n/w/nwhite01/storage/ocr_20150623/97/coo.31924054870013/564.png"; bbox 0 0 4012 6452; ppageno 0'>
   <div class='ocr_carea' id='block_1_1' title="bbox 373 4522 391 4537">
    <p class='ocr_par' dir='ltr' id='par_1_1' title="bbox 373 4522 391 4537">
     <span class='ocr_line' id='line_1_1' title="bbox 373 4522 391 4537; baseline 0 -2"><span class='ocrx_word' id='word_1_1' title='bbox 373 4522 391 4537; x_wconf 50' lang='grc' dir='ltr'><strong>κ</strong></span> 
     </span>
    </p>
   </div>
   <div class='ocr_carea' id='block_1_2' title="bbox 455 444 598 512">
    <p class='ocr_par' dir='ltr' id='par_1_2' title="bbox 455 444 598 512">
     <span class='ocr_line' id='line_1_2' title="bbox 455 444 598 512; baseline 0 0"><span class='ocrx_word' id='word_1_2' title='bbox 455 444 598 512; x_wconf 76' lang='lat'><strong>1065</strong></span> 
     </span>
    </p>
   </div>
   <div class='ocr_carea' id='block_1_3' title="bbox 1497 430 2703 505">
    <p class='ocr_par' dir='ltr' id='par_1_3' title="bbox 1497 430 2703 505">
     <span class='ocr_line' id='line_1_3' title="bbox 1497 430 2703 505; baseline -0.002 0"><span class='ocrx_word' id='word_1_3' title='bbox 1497 445 1581 505; x_wconf 88' lang='lat' dir='ltr'><strong>IN</strong></span> <span class='ocrx_word' id='word_1_4' title='bbox 1621 430 2176 505; x_wconf 59' lang='lat' dir='ltr'><strong>DORMITIONEXI</strong></span> <span class='ocrx_word' id='word_1_5' title='bbox 2218 444 2279 504; x_wconf 90' lang='lat' dir='ltr'><strong>S.</strong></span> <span class='ocrx_word' id='word_1_6' title='bbox 2322 434 2612 502; x_wconf 67' lang='lat' dir='ltr'><strong>MARIE.</strong></span> <span class='ocrx_word' id='word_1_7' title='bbox 2652 436 2703 502; x_wconf 84' lang='grc' dir='ltr'>Ῐ.</span> 
     </span>
    </p>
   </div>
   <div class='ocr_carea' id='block_1_4' title="bbox 3604 443 3739 503">
    <p class='ocr_par' dir='ltr' id='par_1_4' title="bbox 3604 443 3739 503">
     <span class='ocr_line' id='line_1_4' title="bbox 3604 443 3739 503; baseline 0 -2"><span class='ocrx_word' id='word_1_8' title='bbox 3604 443 3739 503; x_wconf 71' lang='grc'><strong>1086</strong></span> 
     </span>
    </p>
   </div>
   <div class='ocr_carea' id='block_1_5' title="bbox 456 545 2050 631">
    <p class='ocr_par' dir='ltr' id='par_1_5' title="bbox 456 554 2040 631">
     <span class='ocr_line' id='line_1_5' title="bbox 456 554 2040 631; baseline -0.005 -18"><span class='ocrx_word' id='word_1_9' title='bbox 456 556 843 631; x_wconf 71' lang='grc' dir='ltr'><strong>περικείμενον</strong></span> <span class='ocrx_word' id='word_1_10' title='bbox 874 556 1100 629; x_wconf 78' lang='grc' dir='ltr'><strong>κόσμον.</strong></span> <span class='ocrx_word' id='word_1_11' title='bbox 1127 555 1263 610; x_wconf 82' lang='grc' dir='ltr'>’Υπδ</span> <span class='ocrx_word' id='word_1_12' title='bbox 1297 554 1488 610; x_wconf 85' lang='grc' dir='ltr'>τοῦτον</span> <span class='ocrx_word' id='word_1_13' title='bbox 1526 556 1616 609; x_wconf 85' lang='grc' dir='ltr'>τὸν</span> <span class='ocrx_word' id='word_1_14' title='bbox 1655 554 1943 625; x_wconf 76' lang='grc' dir='ltr'>ὑπερφερῆ</span> <span class='ocrx_word' id='word_1_15' title='bbox 1980 571 2040 606; x_wconf 85' lang='grc' dir='ltr'><strong>τε</strong></span> 
     </span>
    </p>
   </div>
   <div class='ocr_carea' id='block_1_6' title="bbox 2157 545 3733 631">
    <p class='ocr_par' dir='ltr' id='par_1_6' title="bbox 2157 545 3733 620">
     <span class='ocr_line' id='line_1_6' title="bbox 2157 545 3733 620; baseline 0.003 -17"><span class='ocrx_word' id='word_1_16' title='bbox 2157 560 2354 607; x_wconf 79' lang='lat' dir='ltr'><strong>curret.</strong></span> <span class='ocrx_word' id='word_1_17' title='bbox 2393 550 2511 606; x_wconf 87' lang='lat' dir='ltr'><strong>Sub</strong></span> <span class='ocrx_word' id='word_1_18' title='bbox 2534 564 2599 605; x_wconf 88' lang='lat' dir='ltr'><strong>ea</strong></span> <span class='ocrx_word' id='word_1_19' title='bbox 2631 548 2968 620; x_wconf 75' lang='lat' dir='ltr'><strong>przccellenti</strong></span> <span class='ocrx_word' id='word_1_20' title='bbox 2998 561 3271 619; x_wconf 79' lang='lat' dir='ltr'><strong>sacraque</strong></span> <span class='ocrx_word' id='word_1_21' title='bbox 3296 545 3484 614; x_wconf 90' lang='lat' dir='ltr'><strong>domo,</strong></span> <span class='ocrx_word' id='word_1_22' title='bbox 3522 556 3577 604; x_wconf 81' lang='lat' dir='ltr'><strong>tu</strong></span> <span class='ocrx_word' id='word_1_23' title='bbox 3606 553 3733 607; x_wconf 83' lang='lat' dir='ltr'><strong>mihi</strong></span> 
     </span>
    </p>
   </div>
   <div class='ocr_carea' id='block_1_7' title="bbox 454 634 2043 719">
    <p class='ocr_par' dir='ltr' id='par_1_7' title="bbox 454 634 2043 719">
     <span class='ocr_line' id='line_1_7' title="bbox 454 634 2043 719; baseline -0.004 -17"><span class='ocrx_word' id='word_1_24' title='bbox 454 649 553 702; x_wconf 75' lang='grc' dir='ltr'><strong>καὶ</strong></span> <span class='ocrx_word' id='word_1_25' title='bbox 595 648 938 719; x_wconf 87' lang='grc' dir='ltr'>ίερότευκτον</span> <span class='ocrx_word' id='word_1_26' title='bbox 975 634 1155 712; x_wconf 65' lang='grc' dir='ltr'>οἷκον,</span> <span class='ocrx_word' id='word_1_27' title='bbox 1184 646 1524 715; x_wconf 78' lang='grc' dir='ltr'><strong>κατανόησον</strong></span> <span class='ocrx_word' id='word_1_28' title='bbox 1566 645 1659 698; x_wconf 77' lang='grc' dir='ltr'>τὸν</span> <span class='ocrx_word' id='word_1_29' title='bbox 1702 644 2043 716; x_wconf 82' lang='grc' dir='ltr'>νυμφοδόχον</span> 
     </span>
    </p>
   </div>
   <div class='ocr_carea' id='block_1_8' title="bbox 455 733 2044 811">
    <p class='ocr_par' dir='ltr' id='par_1_8' title="bbox 455 733 2044 811">
     <span class='ocr_line' id='line_1_8' title="bbox 455 733 2044 811; baseline -0.004 -19"><span class='ocrx_word' id='word_1_30' title='bbox 455 739 551 793; x_wconf 82' lang='grc' dir='ltr'><strong>καὶ</strong></span> <span class='ocrx_word' id='word_1_31' title='bbox 589 738 920 811; x_wconf 88' lang='grc' dir='ltr'>παρθενικδν</span> <span class='ocrx_word' id='word_1_32' title='bbox 952 738 1052 809; x_wconf 86' lang='grc' dir='ltr'>τῆς</span> <span class='ocrx_word' id='word_1_33' title='bbox 1085 737 1348 790; x_wconf 87' lang='grc' dir='ltr'>Θεοτόκου</span> <span class='ocrx_word' id='word_1_34' title='bbox 1390 736 1578 806; x_wconf 88' lang='grc' dir='ltr'>σηκόν.</span> <span class='ocrx_word' id='word_1_35' title='bbox 1615 734 1955 806; x_wconf 61' lang='grc' dir='ltr'>Περίϐλεψαι</span> <span class='ocrx_word' id='word_1_36' title='bbox 1988 733 2044 787; x_wconf 79' lang='grc' dir='ltr'>δὲ</span> 
     </span>
    </p>
   </div>
   <div class='ocr_carea' id='block_1_9' title="bbox 454 823 2045 902">
    <p class='ocr_par' dir='ltr' id='par_1_9' title="bbox 454 823 2045 902">
     <span class='ocr_line' id='line_1_9' title="bbox 454 823 2045 902; baseline -0.004 -18"><span class='ocrx_word' id='word_1_37' title='bbox 454 834 567 894; x_wconf 82' lang='grc' dir='ltr'>τοῖς</span> <span class='ocrx_word' id='word_1_38' title='bbox 596 831 696 902; x_wconf 79' lang='grc' dir='ltr'>τῆς</span> <span class='ocrx_word' id='word_1_39' title='bbox 731 830 966 893; x_wconf 87' lang='grc' dir='ltr'>πίστεως</span> <span class='ocrx_word' id='word_1_40' title='bbox 997 828 1212 899; x_wconf 76' lang='grc' dir='ltr'>ὄμμασι</span> <span class='ocrx_word' id='word_1_41' title='bbox 1260 827 1370 880; x_wconf 81' lang='grc' dir='ltr'><strong>τῶν</strong></span> <span class='ocrx_word' id='word_1_42' title='bbox 1404 826 1787 898; x_wconf 84' lang='grc' dir='ltr'>ἱερογράπτων</span> <span class='ocrx_word' id='word_1_43' title='bbox 1814 826 1915 895; x_wconf 78' lang='grc' dir='ltr'>τῆς</span> <span class='ocrx_word' id='word_1_44' title='bbox 1947 823 2045 894; x_wconf 82' lang='grc' dir='ltr'><strong>βα-</strong></span> 
     </span>
    </p>
   </div>
   <div class='ocr_carea' id='block_1_10' title="bbox 456 916 2045 993">
    <p class='ocr_par' dir='ltr' id='par_1_10' title="bbox 456 916 2045 993">
     <span class='ocr_line' id='line_1_10' title="bbox 456 916 2045 993; baseline -0.005 -16"><span class='ocrx_word' id='word_1_45' title='bbox 456 922 656 985; x_wconf 85' lang='grc' dir='ltr'>σιλίδος</span> <span class='ocrx_word' id='word_1_46' title='bbox 693 921 872 993; x_wconf 89' lang='grc' dir='ltr'>μελῶν</span> <span class='ocrx_word' id='word_1_47' title='bbox 907 921 1010 992; x_wconf 87' lang='grc' dir='ltr'>τὴν</span> <span class='ocrx_word' id='word_1_48' title='bbox 1044 919 1390 974; x_wconf 85' lang='grc' dir='ltr'>κατάκλισιν.</span> <span class='ocrx_word' id='word_1_49' title='bbox 1420 920 1525 974; x_wconf 87' lang='grc' dir='ltr'>Ἦν</span> <span class='ocrx_word' id='word_1_50' title='bbox 1564 918 1666 971; x_wconf 86' lang='grc' dir='ltr'>οὐκ</span> <span class='ocrx_word' id='word_1_51' title='bbox 1701 918 1783 982; x_wconf 77' lang='grc' dir='ltr'><strong>είς</strong></span> <span class='ocrx_word' id='word_1_52' title='bbox 1827 916 2045 988; x_wconf 78' lang='grc' dir='ltr'>μακρὰν</span> 
     </span>
    </p>
   </div>
   <div class='ocr_carea' id='block_1_11' title="bbox 455 1009 2042 1085">
    <p class='ocr_par' dir='ltr' id='par_1_11' title="bbox 455 1009 2042 1085">
     <span class='ocr_line' id='line_1_11' title="bbox 455 1009 2042 1085; baseline -0.003 -18"><span class='ocrx_word' id='word_1_53' title='bbox 455 1014 559 1085; x_wconf 84' lang='grc' dir='ltr'>τῆς</span> <span class='ocrx_word' id='word_1_54' title='bbox 594 1013 847 1084; x_wconf 76' lang='grc' dir='ltr'><strong>κηδείας,</strong></span> <span class='ocrx_word' id='word_1_55' title='bbox 887 1011 1213 1082; x_wconf 85' lang='grc' dir='ltr'>μεταθέντος</span> <span class='ocrx_word' id='word_1_56' title='bbox 1247 1012 1419 1081; x_wconf 85' lang='grc' dir='ltr'>αὐτῆς</span> <span class='ocrx_word' id='word_1_57' title='bbox 1454 1010 1549 1064; x_wconf 88' lang='grc' dir='ltr'><strong>τοῦ</strong></span> <span class='ocrx_word' id='word_1_58' title='bbox 1588 1009 1737 1081; x_wconf 81' lang='grc' dir='ltr'>ἱεροῦ</span> <span class='ocrx_word' id='word_1_59' title='bbox 1777 1010 2042 1081; x_wconf 76' lang='grc' dir='ltr'><strong>σκήνους,</strong></span> 
     </span>
    </p>
   </div>
   <div class='ocr_carea' id='block_1_12' title="bbox 457 1101 2044 1175">
    <p class='ocr_par' dir='ltr' id='par_1_12' title="bbox 457 1101 2044 1175">
     <span class='ocr_line' id='line_1_12' title="bbox 457 1101 2044 1175; baseline -0.003 -16"><span class='ocrx_word' id='word_1_60' title='bbox 457 1108 513 1160; x_wconf 78' lang='grc' dir='ltr'>αἱ</span> <span class='ocrx_word' id='word_1_61' title='bbox 542 1105 661 1160; x_wconf 87' lang='grc' dir='ltr'>κατ’</span> <span class='ocrx_word' id='word_1_62' title='bbox 676 1105 849 1175; x_wconf 80' lang='grc' dir='ltr'>αὐτῆς</span> <span class='ocrx_word' id='word_1_63' title='bbox 878 1102 1251 1159; x_wconf 83' lang='grc' dir='ltr'>κοιλανθεῖσαι</span> <span class='ocrx_word' id='word_1_64' title='bbox 1279 1104 1380 1173; x_wconf 83' lang='grc' dir='ltr'>τῆς</span> <span class='ocrx_word' id='word_1_65' title='bbox 1410 1101 1617 1173; x_wconf 82' lang='grc' dir='ltr'><strong>πέτρας</strong></span> <span class='ocrx_word' id='word_1_66' title='bbox 1644 1101 2044 1171; x_wconf 82' lang='grc' dir='ltr'>ὑπογλυφίδες,</span> 
     </span>
    </p>
   </div>
   <div class='ocr_carea' id='block_1_13' title="bbox 456 1178 2046 1267">
    <p class='ocr_par' dir='ltr' id='par_1_13' title="bbox 456 1178 2046 1267">
     <span class='ocr_line' id='line_1_13' title="bbox 456 1178 2046 1267; baseline -0.002 -17"><span class='ocrx_word' id='word_1_67' title='bbox 456 1178 894 1267; x_wconf 66' lang='grc' dir='ltr'>ἀχειροτεύκτως</span> <span class='ocrx_word' id='word_1_68' title='bbox 930 1192 1366 1249; x_wconf 82' lang='grc' dir='ltr'>ὲνετυπὼσαντο.</span> <span class='ocrx_word' id='word_1_69' title='bbox 1410 1194 1680 1265; x_wconf 84' lang='grc' dir='ltr'>Εὑρήσεις</span> <span class='ocrx_word' id='word_1_70' title='bbox 1718 1192 1909 1247; x_wconf 72' lang='grc' dir='ltr'>αὐτόθι</span> <span class='ocrx_word' id='word_1_71' title='bbox 1951 1195 2046 1248; x_wconf 75' lang='grc' dir='ltr'><strong>καὶ</strong></span> 
     </span>
    </p>
   </div>
   <div class='ocr_carea' id='block_1_14' title="bbox 454 1285 2045 1359">
    <p class='ocr_par' dir='ltr' id='par_1_14' title="bbox 454 1285 2045 1359">
     <span class='ocr_line' id='line_1_14' title="bbox 454 1285 2045 1359; baseline -0.003 -17"><span class='ocrx_word' id='word_1_72' title='bbox 454 1290 555 1359; x_wconf 78' lang='grc' dir='ltr'>τὴν</span> <span class='ocrx_word' id='word_1_73' title='bbox 585 1287 1007 1359; x_wconf 84' lang='grc' dir='ltr'>καταντήσασαν</span> <span class='ocrx_word' id='word_1_74' title='bbox 1032 1289 1321 1359; x_wconf 80' lang='grc' dir='ltr'><strong>χρησίμως</strong></span> <span class='ocrx_word' id='word_1_75' title='bbox 1348 1287 1456 1342; x_wconf 88' lang='grc' dir='ltr'><strong>τῶν</strong></span> <span class='ocrx_word' id='word_1_76' title='bbox 1484 1287 1830 1359; x_wconf 81' lang='grc' dir='ltr'>ίερομυστῶν</span> <span class='ocrx_word' id='word_1_77' title='bbox 1857 1285 2045 1356; x_wconf 77' lang='grc' dir='ltr'>ἄθροι-</span> 
     </span>
    </p>
   </div>
   <div class='ocr_carea' id='block_1_15' title="bbox 458 1380 2041 1454">
    <p class='ocr_par' dir='ltr' id='par_1_15' title="bbox 458 1380 2041 1454">
     <span class='ocr_line' id='line_1_15' title="bbox 458 1380 2041 1454; baseline -0.002 -19"><span class='ocrx_word' id='word_1_78' title='bbox 458 1400 572 1445; x_wconf 86' lang='grc' dir='ltr'>σιν,</span> <span class='ocrx_word' id='word_1_79' title='bbox 604 1384 672 1452; x_wconf 83' lang='grc' dir='ltr'><strong>τῇ</strong></span> <span class='ocrx_word' id='word_1_80' title='bbox 718 1380 862 1435; x_wconf 83' lang='grc' dir='ltr'>κατὰ</span> <span class='ocrx_word' id='word_1_81' title='bbox 901 1380 1026 1435; x_wconf 90' lang='grc' dir='ltr'>νοῦν</span> <span class='ocrx_word' id='word_1_82' title='bbox 1063 1380 1268 1454; x_wconf 67' lang='grc' dir='ltr'>θεωρίᾳ</span> <span class='ocrx_word' id='word_1_83' title='bbox 1312 1382 1593 1452; x_wconf 81' lang='grc' dir='ltr'><strong>μυστικῶς</strong></span> <span class='ocrx_word' id='word_1_84' title='bbox 1633 1380 2005 1452; x_wconf 70' lang='grc' dir='ltr'>ἐρευνώμενος</span> <span class='ocrx_word' id='word_1_85' title='bbox 2028 1395 2041 1409; x_wconf 93' lang='grc'><strong>·</strong></span> 
     </span>
    </p>
   </div>
   <div class='ocr_carea' id='block_1_16' title="bbox 457 1472 2045 1547">
    <p class='ocr_par' dir='ltr' id='par_1_16' title="bbox 457 1472 2045 1547">
     <span class='ocr_line' id='line_1_16' title="bbox 457 1472 2045 1547; baseline -0.001 -20"><span class='ocrx_word' id='word_1_86' title='bbox 457 1474 829 1545; x_wconf 80' lang='grc' dir='ltr'>συμπαρεῖναι</span> <span class='ocrx_word' id='word_1_87' title='bbox 860 1472 970 1543; x_wconf 77' lang='grc' dir='ltr'><strong>γὰρ</strong></span> <span class='ocrx_word' id='word_1_88' title='bbox 1002 1473 1126 1527; x_wconf 77' lang='grc' dir='ltr'>τότε</span> <span class='ocrx_word' id='word_1_89' title='bbox 1161 1476 1326 1544; x_wconf 71' lang='grc' dir='ltr'>φησὶν</span> <span class='ocrx_word' id='word_1_90' title='bbox 1358 1477 1385 1528; x_wconf 90' lang='grc' dir='ltr'><strong>ό</strong></span> <span class='ocrx_word' id='word_1_91' title='bbox 1421 1475 1771 1547; x_wconf 79' lang='grc' dir='ltr'>ἱεροφάντης,</span> <span class='ocrx_word' id='word_1_92' title='bbox 1805 1474 1928 1527; x_wconf 83' lang='grc' dir='ltr'>κατ’</span> <span class='ocrx_word' id='word_1_93' title='bbox 1953 1473 2045 1526; x_wconf 79' lang='grc' dir='ltr'><strong>εὐ-</strong></span> 
     </span>
    </p>
   </div>
   <div class='ocr_carea' id='block_1_17' title="bbox 454 1565 2045 1639">
    <p class='ocr_par' dir='ltr' id='par_1_17' title="bbox 454 1565 2045 1639">
     <span class='ocr_line' id='line_1_17' title="bbox 454 1565 2045 1639; baseline 0.001 -20"><span class='ocrx_word' id='word_1_94' title='bbox 454 1566 641 1619; x_wconf 82' lang='grc' dir='ltr'>δοκίαν</span> <span class='ocrx_word' id='word_1_95' title='bbox 681 1565 989 1635; x_wconf 78' lang='grc' dir='ltr'>ἄφραστον,</span> <span class='ocrx_word' id='word_1_96' title='bbox 1034 1567 1135 1619; x_wconf 77' lang='grc' dir='ltr'><strong>οὐκ</strong></span> <span class='ocrx_word' id='word_1_97' title='bbox 1180 1567 1568 1639; x_wconf 76' lang='grc' dir='ltr'>εὐαριθμήτων</span> <span class='ocrx_word' id='word_1_98' title='bbox 1608 1568 1910 1639; x_wconf 76' lang='grc' dir='ltr'>ἱεροφόρων</span> <span class='ocrx_word' id='word_1_99' title='bbox 1950 1569 2045 1622; x_wconf 82' lang='grc' dir='ltr'><strong>ἁν-</strong></span> 
     </span>
    </p>
   </div>
   <div class='ocr_carea' id='block_1_18' title="bbox 455 1652 2048 1727">
    <p class='ocr_par' dir='ltr' id='par_1_18' title="bbox 455 1652 2048 1727">
     <span class='ocr_line' id='line_1_18' title="bbox 455 1652 2048 1727; baseline -0.001 -17"><span class='ocrx_word' id='word_1_100' title='bbox 455 1656 600 1727; x_wconf 85' lang='grc' dir='ltr'>δρῶν</span> <span class='ocrx_word' id='word_1_101' title='bbox 622 1655 868 1727; x_wconf 80' lang='grc' dir='ltr'>ἄγυρμα.</span> <span class='ocrx_word' id='word_1_102' title='bbox 894 1656 982 1719; x_wconf 82' lang='grc' dir='ltr'>Ὦς</span> <span class='ocrx_word' id='word_1_103' title='bbox 1010 1654 1075 1709; x_wconf 79' lang='grc' dir='ltr'>ἂν</span> <span class='ocrx_word' id='word_1_104' title='bbox 1098 1652 1190 1710; x_wconf 85' lang='grc' dir='ltr'>οὖν</span> <span class='ocrx_word' id='word_1_105' title='bbox 1214 1657 1314 1727; x_wconf 74' lang='grc' dir='ltr'>τῆς</span> <span class='ocrx_word' id='word_1_106' title='bbox 1340 1656 1578 1719; x_wconf 80' lang='grc' dir='ltr'>διανοίας</span> <span class='ocrx_word' id='word_1_107' title='bbox 1604 1655 1714 1709; x_wconf 89' lang='grc' dir='ltr'><strong>τῶν</strong></span> <span class='ocrx_word' id='word_1_108' title='bbox 1739 1655 2048 1726; x_wconf 75' lang='grc' dir='ltr'><strong>εἰρημένων</strong></span> 
     </span>
    </p>
   </div>
   <div class='ocr_carea' id='block_1_19' title="bbox 457 1746 2047 1820">
    <p class='ocr_par' dir='ltr' id='par_1_19' title="bbox 457 1746 2047 1820">
     <span class='ocr_line' id='line_1_19' title="bbox 457 1746 2047 1820; baseline 0.001 -21"><span class='ocrx_word' id='word_1_109' title='bbox 457 1746 752 1817; x_wconf 61' lang='grc' dir='ltr'>ἁψώμεθα,</span> <span class='ocrx_word' id='word_1_110' title='bbox 788 1746 922 1817; x_wconf 85' lang='grc' dir='ltr'>φέρε</span> <span class='ocrx_word' id='word_1_111' title='bbox 957 1749 1024 1818; x_wconf 77' lang='grc' dir='ltr'>τῇ</span> <span class='ocrx_word' id='word_1_112' title='bbox 1066 1749 1427 1820; x_wconf 76' lang='grc' dir='ltr'>μυσταγωγίᾳ</span> <span class='ocrx_word' id='word_1_113' title='bbox 1460 1747 1555 1801; x_wconf 84' lang='grc' dir='ltr'><strong>τοῦ</strong></span> <span class='ocrx_word' id='word_1_114' title='bbox 1590 1748 1736 1801; x_wconf 85' lang='grc' dir='ltr'>θείου</span> <span class='ocrx_word' id='word_1_115' title='bbox 1770 1764 2047 1819; x_wconf 83' lang='grc' dir='ltr'>χειραγω-</span> 
     </span>
    </p>
   </div>
   <div class='ocr_carea' id='block_1_20' title="bbox 455 1836 2050 1910">
    <p class='ocr_par' dir='ltr' id='par_1_20' title="bbox 455 1836 2050 1910">
     <span class='ocr_line' id='line_1_20' title="bbox 455 1836 2050 1910; baseline 0.001 -19"><span class='ocrx_word' id='word_1_116' title='bbox 455 1837 553 1905; x_wconf 79' lang='grc' dir='ltr'>γού</span> <span class='ocrx_word' id='word_1_117' title='bbox 562 1854 712 1908; x_wconf 85' lang='grc' dir='ltr'>μενοι</span> <span class='ocrx_word' id='word_1_118' title='bbox 741 1836 878 1889; x_wconf 78' lang='grc' dir='ltr'>Πνεύ</span> <span class='ocrx_word' id='word_1_119' title='bbox 889 1853 1056 1907; x_wconf 88' lang='grc' dir='ltr'>ματος</span> <span class='ocrx_word' id='word_1_120' title='bbox 1076 1878 1090 1901; x_wconf 89' lang='grc'><strong>,</strong></span> <span class='ocrx_word' id='word_1_121' title='bbox 1117 1838 1464 1909; x_wconf 79' lang='grc' dir='ltr'>συλλήπτορα</span> <span class='ocrx_word' id='word_1_122' title='bbox 1486 1839 1581 1893; x_wconf 88' lang='grc' dir='ltr'><strong>τοῦ</strong></span> <span class='ocrx_word' id='word_1_123' title='bbox 1604 1838 1764 1908; x_wconf 88' lang='grc' dir='ltr'>λόγου</span> <span class='ocrx_word' id='word_1_124' title='bbox 1788 1838 1884 1909; x_wconf 78' lang='grc' dir='ltr'>τὴν</span> <span class='ocrx_word' id='word_1_125' title='bbox 1926 1841 2050 1910; x_wconf 87' lang='grc' dir='ltr'><strong>Μη-</strong></span> 
     </span>
    </p>
   </div>
   <div class='ocr_carea' id='block_1_21' title="bbox 2151 640 3741 714">
    <p class='ocr_par' dir='ltr' id='par_1_21' title="bbox 2151 640 3741 714">
     <span class='ocr_line' id='line_1_21' title="bbox 2151 640 3741 714; baseline 0.004 -19"><span class='ocrx_word' id='word_1_126' title='bbox 2151 643 2303 712; x_wconf 91' lang='lat' dir='ltr'><strong>quod</strong></span> <span class='ocrx_word' id='word_1_127' title='bbox 2337 658 2601 714; x_wconf 88' lang='lat' dir='ltr'><strong>sponsam</strong></span> <span class='ocrx_word' id='word_1_128' title='bbox 2631 643 2866 714; x_wconf 92' lang='lat' dir='ltr'><strong>recepit,</strong></span> <span class='ocrx_word' id='word_1_129' title='bbox 2902 656 2967 697; x_wconf 91' lang='lat' dir='ltr'><strong>ac</strong></span> <span class='ocrx_word' id='word_1_130' title='bbox 3003 642 3274 713; x_wconf 76' lang='lat' dir='ltr'><strong>virginale</strong></span> <span class='ocrx_word' id='word_1_131' title='bbox 3305 640 3399 697; x_wconf 87' lang='lat' dir='ltr'><strong>Dei</strong></span> <span class='ocrx_word' id='word_1_132' title='bbox 3433 640 3741 702; x_wconf 86' lang='lat' dir='ltr'><strong>chitricis</strong></span> 
     </span>
    </p>
   </div>
   <div class='ocr_carea' id='block_1_22' title="bbox 2152 726 3742 806">
    <p class='ocr_par' dir='ltr' id='par_1_22' title="bbox 2152 726 3742 806">
     <span class='ocr_line' id='line_1_22' title="bbox 2152 726 3742 806; baseline 0.002 -17"><span class='ocrx_word' id='word_1_133' title='bbox 2152 736 2445 791; x_wconf 90' lang='lat' dir='ltr'><strong>considera</strong></span> <span class='ocrx_word' id='word_1_134' title='bbox 2482 736 2727 806; x_wconf 84' lang='lat' dir='ltr'><strong>adytum.</strong></span> <span class='ocrx_word' id='word_1_135' title='bbox 2752 734 3132 806; x_wconf 82' lang='lat' dir='ltr'><strong>Circumspice</strong></span> <span class='ocrx_word' id='word_1_136' title='bbox 3170 750 3301 792; x_wconf 89' lang='lat' dir='ltr'><strong>vero</strong></span> <span class='ocrx_word' id='word_1_137' title='bbox 3341 726 3465 792; x_wconf 85' lang='lat' dir='ltr'><strong>lidei</strong></span> <span class='ocrx_word' id='word_1_138' title='bbox 3511 736 3742 793; x_wconf 87' lang='lat' dir='ltr'><strong>lumini-</strong></span> 
     </span>
    </p>
   </div>
   <div class='ocr_carea' id='block_1_23' title="bbox 2152 824 3743 902">
    <p class='ocr_par' dir='ltr' id='par_1_23' title="bbox 2152 824 3743 902">
     <span class='ocr_line' id='line_1_23' title="bbox 2152 824 3743 902; baseline 0.004 -22"><span class='ocrx_word' id='word_1_139' title='bbox 2152 824 2257 883; x_wconf 91' lang='lat' dir='ltr'><strong>bus</strong></span> <span class='ocrx_word' id='word_1_140' title='bbox 2315 826 2641 883; x_wconf 87' lang='lat' dir='ltr'><strong>decubantis</strong></span> <span class='ocrx_word' id='word_1_141' title='bbox 2686 828 2892 899; x_wconf 70' lang='lat' dir='ltr'><strong>regina:</strong></span> <span class='ocrx_word' id='word_1_142' title='bbox 2938 829 3158 899; x_wconf 83' lang='lat' dir='ltr'><strong>depicta</strong></span> <span class='ocrx_word' id='word_1_143' title='bbox 3210 830 3458 885; x_wconf 89' lang='lat' dir='ltr'><strong>membra</strong></span> <span class='ocrx_word' id='word_1_144' title='bbox 3491 830 3669 902; x_wconf 84' lang='lat' dir='ltr'><strong>(brevi</strong></span> <span class='ocrx_word' id='word_1_145' title='bbox 3710 847 3743 887; x_wconf 87' lang='lat' dir='ltr'><strong>a</strong></span> 
     </span>
    </p>
   </div>
   <div class='ocr_carea' id='block_1_24' title="bbox 2156 918 3744 996">
    <p class='ocr_par' dir='ltr' id='par_1_24' title="bbox 2156 918 3744 996">
     <span class='ocr_line' id='line_1_24' title="bbox 2156 918 3744 996; baseline 0.006 -25"><span class='ocrx_word' id='word_1_146' title='bbox 2156 918 2353 977; x_wconf 87' lang='lat' dir='ltr'><strong>funere</strong></span> <span class='ocrx_word' id='word_1_147' title='bbox 2379 936 2544 977; x_wconf 90' lang='lat' dir='ltr'><strong>sacro</strong></span> <span class='ocrx_word' id='word_1_148' title='bbox 2574 922 2698 992; x_wconf 89' lang='lat' dir='ltr'><strong>ejus</strong></span> <span class='ocrx_word' id='word_1_149' title='bbox 2726 924 3001 980; x_wconf 89' lang='lat' dir='ltr'><strong>translato</strong></span> <span class='ocrx_word' id='word_1_150' title='bbox 3023 924 3409 996; x_wconf 86' lang='lat' dir='ltr'><strong>tabernaculo)</strong></span> <span class='ocrx_word' id='word_1_151' title='bbox 3438 926 3589 982; x_wconf 88' lang='lat' dir='ltr'><strong>nulla</strong></span> <span class='ocrx_word' id='word_1_152' title='bbox 3622 943 3744 981; x_wconf 84' lang='lat' dir='ltr'><strong>ma-</strong></span> 
     </span>
    </p>
   </div>
   <div class='ocr_carea' id='block_1_25' title="bbox 2154 1016 3745 1087">
    <p class='ocr_par' dir='ltr' id='par_1_25' title="bbox 2154 1016 3745 1087">
     <span class='ocr_line' id='line_1_25' title="bbox 2154 1016 3745 1087; baseline 0.004 -22"><span class='ocrx_word' id='word_1_153' title='bbox 2154 1026 2327 1067; x_wconf 87' lang='lat' dir='ltr'><strong>nuum</strong></span> <span class='ocrx_word' id='word_1_154' title='bbox 2356 1026 2531 1081; x_wconf 82' lang='lat' dir='ltr'><strong>opera</strong></span> <span class='ocrx_word' id='word_1_155' title='bbox 2566 1024 2799 1070; x_wconf 85' lang='lat' dir='ltr'><strong>cavante</strong></span> <span class='ocrx_word' id='word_1_156' title='bbox 2833 1016 2977 1083; x_wconf 89' lang='lat' dir='ltr'><strong>ipsa,</strong></span> <span class='ocrx_word' id='word_1_157' title='bbox 3028 1016 3311 1071; x_wconf 59' lang='lat' dir='ltr'><strong>caelaturis</strong></span> <span class='ocrx_word' id='word_1_158' title='bbox 3347 1027 3521 1087; x_wconf 76' lang='lat' dir='ltr'><strong>petra:</strong></span> <span class='ocrx_word' id='word_1_159' title='bbox 3555 1017 3745 1073; x_wconf 85' lang='lat' dir='ltr'><strong>defor-</strong></span> 
     </span>
    </p>
   </div>
   <div class='ocr_carea' id='block_1_26' title="bbox 2153 1089 3746 1181">
    <p class='ocr_par' dir='ltr' id='par_1_26' title="bbox 2153 1089 3746 1181">
     <span class='ocr_line' id='line_1_26' title="bbox 2153 1089 3746 1181; baseline 0.007 -26"><span class='ocrx_word' id='word_1_160' title='bbox 2153 1111 2323 1157; x_wconf 87' lang='lat' dir='ltr'><strong>mata.</strong></span> <span class='ocrx_word' id='word_1_161' title='bbox 2359 1102 2663 1161; x_wconf 82' lang='lat' dir='ltr'><strong>Sacrorum</strong></span> <span class='ocrx_word' id='word_1_162' title='bbox 2692 1089 2831 1162; x_wconf 72' lang='lat' dir='ltr'><strong>item</strong></span> <span class='ocrx_word' id='word_1_163' title='bbox 2854 1107 3153 1164; x_wconf 89' lang='lat' dir='ltr'><strong>doctorum</strong></span> <span class='ocrx_word' id='word_1_164' title='bbox 3184 1117 3393 1165; x_wconf 69' lang='lat' dir='ltr'><strong>cretum</strong></span> <span class='ocrx_word' id='word_1_165' title='bbox 3430 1118 3746 1181; x_wconf 87' lang='lat' dir='ltr'><strong>opportune</strong></span> 
     </span>
    </p>
   </div>
   <div class='ocr_carea' id='block_1_27' title="bbox 2150 1197 3747 1273">
    <p class='ocr_par' dir='ltr' id='par_1_27' title="bbox 2150 1197 3747 1273">
     <span class='ocr_line' id='line_1_27' title="bbox 2150 1197 3747 1273; baseline 0.007 -25"><span class='ocrx_word' id='word_1_166' title='bbox 2150 1204 2542 1252; x_wconf 72' lang='lat' dir='ltr'><strong>Occurrentem</strong></span> <span class='ocrx_word' id='word_1_167' title='bbox 2612 1197 2817 1255; x_wconf 83' lang='lat' dir='ltr'><strong>mentis</strong></span> <span class='ocrx_word' id='word_1_168' title='bbox 2881 1201 3352 1271; x_wconf 80' lang='lat' dir='ltr'><strong>contemplatione</strong></span> <span class='ocrx_word' id='word_1_169' title='bbox 3417 1202 3747 1273; x_wconf 81' lang='lat' dir='ltr'><strong>spiritaliter</strong></span> 
     </span>
    </p>
   </div>
   <div class='ocr_carea' id='block_1_28' title="bbox 2155 1285 3746 1350">
    <p class='ocr_par' dir='ltr' id='par_1_28' title="bbox 2155 1285 3746 1350">
     <span class='ocr_line' id='line_1_28' title="bbox 2155 1285 3746 1350; baseline 0.006 -10"><span class='ocrx_word' id='word_1_170' title='bbox 2155 1291 2465 1350; x_wconf 77' lang='lat' dir='ltr'><strong>scrutatus,</strong></span> <span class='ocrx_word' id='word_1_171' title='bbox 2497 1285 2614 1341; x_wconf 86' lang='lat' dir='ltr'><strong>illic</strong></span> <span class='ocrx_word' id='word_1_172' title='bbox 2645 1287 2752 1343; x_wconf 92' lang='lat' dir='ltr'><strong>loci</strong></span> <span class='ocrx_word' id='word_1_173' title='bbox 2788 1288 3090 1346; x_wconf 74' lang='lat' dir='ltr'><strong>inveneris.</strong></span> <span class='ocrx_word' id='word_1_174' title='bbox 3148 1291 3243 1346; x_wconf 85' lang='lat' dir='ltr'><strong>Ait</strong></span> <span class='ocrx_word' id='word_1_175' title='bbox 3292 1292 3441 1348; x_wconf 89' lang='lat' dir='ltr'><strong>enim</strong></span> <span class='ocrx_word' id='word_1_176' title='bbox 3473 1308 3633 1350; x_wconf 83' lang='lat' dir='ltr'><strong>sacer</strong></span> <span class='ocrx_word' id='word_1_177' title='bbox 3661 1294 3746 1350; x_wconf 83' lang='lat' dir='ltr'><strong>in-</strong></span> 
     </span>
    </p>
   </div>
   <div class='ocr_carea' id='block_1_29' title="bbox 2157 1375 3742 1450">
    <p class='ocr_par' dir='ltr' id='par_1_29' title="bbox 2157 1375 3742 1450">
     <span class='ocr_line' id='line_1_29' title="bbox 2157 1375 3742 1450; baseline 0.007 -24"><span class='ocrx_word' id='word_1_178' title='bbox 2157 1382 2399 1445; x_wconf 76' lang='lat' dir='ltr'><strong>terpres,</strong></span> <span class='ocrx_word' id='word_1_179' title='bbox 2433 1375 2700 1432; x_wconf 78' lang='lat' dir='ltr'><strong>ineﬁ‘abili</strong></span> <span class='ocrx_word' id='word_1_180' title='bbox 2737 1376 2831 1433; x_wconf 90' lang='lat' dir='ltr'><strong>Dei</strong></span> <span class='ocrx_word' id='word_1_181' title='bbox 2879 1378 3231 1449; x_wconf 88' lang='lat' dir='ltr'><strong>bencplacito</strong></span> <span class='ocrx_word' id='word_1_182' title='bbox 3276 1396 3342 1438; x_wconf 90' lang='lat' dir='ltr'><strong>ac</strong></span> <span class='ocrx_word' id='word_1_183' title='bbox 3372 1381 3742 1450; x_wconf 81' lang='lat' dir='ltr'><strong>providentia,</strong></span> 
     </span>
    </p>
   </div>
   <div class='ocr_carea' id='block_1_30' title="bbox 2153 1467 3743 1539">
    <p class='ocr_par' dir='ltr' id='par_1_30' title="bbox 2153 1467 3743 1539">
     <span class='ocr_line' id='line_1_30' title="bbox 2153 1467 3743 1539; baseline 0.004 -19"><span class='ocrx_word' id='word_1_184' title='bbox 2153 1480 2509 1524; x_wconf 84' lang='lat' dir='ltr'><strong>numerosam</strong></span> <span class='ocrx_word' id='word_1_185' title='bbox 2536 1467 2649 1524; x_wconf 92' lang='lat' dir='ltr'><strong>Deo</strong></span> <span class='ocrx_word' id='word_1_186' title='bbox 2681 1469 2991 1526; x_wconf 83' lang='lat' dir='ltr'><strong>amatorum</strong></span> <span class='ocrx_word' id='word_1_187' title='bbox 3028 1470 3274 1525; x_wconf 82' lang='lat' dir='ltr'><strong>virorum</strong></span> <span class='ocrx_word' id='word_1_188' title='bbox 3308 1473 3743 1539; x_wconf 86' lang='lat' dir='ltr'><strong>multitudinem,</strong></span> 
     </span>
    </p>
   </div>
   <div class='ocr_carea' id='block_1_31' title="bbox 2158 1560 3745 1633">
    <p class='ocr_par' dir='ltr' id='par_1_31' title="bbox 2158 1560 3745 1633">
     <span class='ocr_line' id='line_1_31' title="bbox 2158 1560 3745 1633; baseline 0.004 -21"><span class='ocrx_word' id='word_1_189' title='bbox 2158 1572 2265 1612; x_wconf 69' lang='lat' dir='ltr'><strong>ulla</strong></span> <span class='ocrx_word' id='word_1_190' title='bbox 2325 1566 2461 1617; x_wconf 88' lang='lat' dir='ltr'><strong>tunc</strong></span> <span class='ocrx_word' id='word_1_191' title='bbox 2495 1560 2767 1618; x_wconf 85' lang='lat' dir='ltr'><strong>adfuisse.</strong></span> <span class='ocrx_word' id='word_1_192' title='bbox 2828 1562 2900 1619; x_wconf 91' lang='lat' dir='ltr'><strong>Ut</strong></span> <span class='ocrx_word' id='word_1_193' title='bbox 2952 1561 3123 1633; x_wconf 85' lang='lat' dir='ltr'><strong>igitur</strong></span> <span class='ocrx_word' id='word_1_194' title='bbox 3180 1578 3408 1620; x_wconf 83' lang='lat' dir='ltr'><strong>sensum</strong></span> <span class='ocrx_word' id='word_1_195' title='bbox 3463 1564 3745 1620; x_wconf 89' lang='lat' dir='ltr'><strong>dictorum</strong></span> 
     </span>
    </p>
   </div>
   <div class='ocr_carea' id='block_1_32' title="bbox 2157 1651 3747 1728">
    <p class='ocr_par' dir='ltr' id='par_1_32' title="bbox 2157 1651 3747 1728">
     <span class='ocr_line' id='line_1_32' title="bbox 2157 1651 3747 1728; baseline 0.004 -23"><span class='ocrx_word' id='word_1_196' title='bbox 2157 1651 2674 1722; x_wconf 87' lang='lat' dir='ltr'><strong>apprehendamus,</strong></span> <span class='ocrx_word' id='word_1_197' title='bbox 2753 1670 2893 1727; x_wconf 76' lang='lat' dir='ltr'><strong>age,</strong></span> <span class='ocrx_word' id='word_1_198' title='bbox 2964 1656 3213 1711; x_wconf 84' lang='lat' dir='ltr'><strong>ductrice</strong></span> <span class='ocrx_word' id='word_1_199' title='bbox 3267 1655 3441 1711; x_wconf 75' lang='lat' dir='ltr'><strong>divini</strong></span> <span class='ocrx_word' id='word_1_200' title='bbox 3503 1657 3747 1728; x_wconf 79' lang='lat' dir='ltr'><strong>Spiritus</strong></span> 
     </span>
    </p>
   </div>
   <div class='ocr_carea' id='block_1_33' title="bbox 2156 1742 3748 1819">
    <p class='ocr_par' dir='ltr' id='par_1_33' title="bbox 2156 1742 3748 1819">
     <span class='ocr_line' id='line_1_33' title="bbox 2156 1742 3748 1819; baseline 0.007 -25"><span class='ocrx_word' id='word_1_201' title='bbox 2156 1742 2414 1798; x_wconf 79' lang='lat' dir='ltr'><strong>doctrina</strong></span> <span class='ocrx_word' id='word_1_202' title='bbox 2467 1760 2666 1811; x_wconf 89' lang='lat' dir='ltr'><strong>sacra,</strong></span> <span class='ocrx_word' id='word_1_203' title='bbox 2719 1746 3010 1804; x_wconf 89' lang='lat' dir='ltr'><strong>Sermonis</strong></span> <span class='ocrx_word' id='word_1_204' title='bbox 3069 1746 3329 1817; x_wconf 82' lang='lat' dir='ltr'><strong>Matrem,</strong></span> <span class='ocrx_word' id='word_1_205' title='bbox 3367 1750 3616 1805; x_wconf 87' lang='lat' dir='ltr'><strong>sermoni</strong></span> <span class='ocrx_word' id='word_1_206' title='bbox 3649 1765 3748 1819; x_wconf 86' lang='lat' dir='ltr'><strong>pa-</strong></span> 
     </span>
    </p>
   </div>
   <div class='ocr_carea' id='block_1_34' title="bbox 2156 1837 3750 1908">
    <p class='ocr_par' dir='ltr' id='par_1_34' title="bbox 2156 1837 3750 1908">
     <span class='ocr_line' id='line_1_34' title="bbox 2156 1837 3750 1908; baseline 0.006 -20"><span class='ocrx_word' id='word_1_207' title='bbox 2156 1843 2375 1889; x_wconf 88' lang='lat' dir='ltr'><strong>tronam</strong></span> <span class='ocrx_word' id='word_1_208' title='bbox 2400 1845 2455 1891; x_wconf 91' lang='lat' dir='ltr'><strong>ct</strong></span> <span class='ocrx_word' id='word_1_209' title='bbox 2478 1837 2813 1908; x_wconf 84' lang='lat' dir='ltr'><strong>adjutricem</strong></span> <span class='ocrx_word' id='word_1_210' title='bbox 2846 1840 3211 1898; x_wconf 83' lang='lat' dir='ltr'><strong>asciscamus.</strong></span> <span class='ocrx_word' id='word_1_211' title='bbox 3240 1838 3410 1897; x_wconf 89' lang='lat' dir='ltr'><strong>Plane</strong></span> <span class='ocrx_word' id='word_1_212' title='bbox 3463 1843 3613 1898; x_wconf 87' lang='lat' dir='ltr'><strong>enim</strong></span> <span class='ocrx_word' id='word_1_213' title='bbox 3648 1844 3750 1898; x_wconf 87' lang='lat' dir='ltr'><strong>ad-</strong></span> 
     </span>
    </p>
   </div>
   <div class='ocr_carea' id='block_1_35' title="bbox 454 1923 2050 2004">
    <p class='ocr_par' dir='ltr' id='par_1_35' title="bbox 454 1931 2050 2004">
     <span class='ocr_line' id='line_1_35' title="bbox 454 1931 2050 2004; baseline -0.001 -19"><span class='ocrx_word' id='word_1_214' title='bbox 454 1935 592 2003; x_wconf 86' lang='grc' dir='ltr'>τέρα</span> <span class='ocrx_word' id='word_1_215' title='bbox 617 1931 711 1985; x_wconf 86' lang='grc' dir='ltr'><strong>τοῦ</strong></span> <span class='ocrx_word' id='word_1_216' title='bbox 737 1931 913 2000; x_wconf 83' lang='grc' dir='ltr'>Λόγου</span> <span class='ocrx_word' id='word_1_217' title='bbox 944 1931 1250 2002; x_wconf 87' lang='grc' dir='ltr'>ποιώμεθα,</span> <span class='ocrx_word' id='word_1_218' title='bbox 1284 1933 1560 2004; x_wconf 84' lang='grc' dir='ltr'>Παρέσται</span> <span class='ocrx_word' id='word_1_219' title='bbox 1588 1932 1700 2004; x_wconf 80' lang='grc' dir='ltr'><strong>γὰρ</strong></span> <span class='ocrx_word' id='word_1_220' title='bbox 1731 1932 2050 2002; x_wconf 82' lang='grc' dir='ltr'>ἀγαθοδότις</span> 
     </span>
    </p>
   </div>
   <div class='ocr_carea' id='block_1_36' title="bbox 2157 1923 3750 2004">
    <p class='ocr_par' dir='ltr' id='par_1_36' title="bbox 2157 1925 3750 2004">
     <span class='ocr_line' id='line_1_36' title="bbox 2157 1925 3750 2004; baseline 0.008 -25"><span class='ocrx_word' id='word_1_221' title='bbox 2157 1925 2267 1979; x_wconf 88' lang='lat' dir='ltr'><strong>erit</strong></span> <span class='ocrx_word' id='word_1_222' title='bbox 2305 1926 2463 1979; x_wconf 85' lang='lat' dir='ltr'><strong>velut</strong></span> <span class='ocrx_word' id='word_1_223' title='bbox 2508 1927 2638 1982; x_wconf 90' lang='lat' dir='ltr'><strong>boni</strong></span> <span class='ocrx_word' id='word_1_224' title='bbox 2670 1929 2952 2001; x_wconf 76' lang='lat' dir='ltr'><strong>iargitrix,</strong></span> <span class='ocrx_word' id='word_1_225' title='bbox 2986 1945 3052 1985; x_wconf 85' lang='lat' dir='ltr'><strong>ac</strong></span> <span class='ocrx_word' id='word_1_226' title='bbox 3076 1947 3242 2002; x_wconf 84' lang='lat' dir='ltr'><strong>supra</strong></span> <span class='ocrx_word' id='word_1_227' title='bbox 3287 1948 3454 2003; x_wconf 89' lang='lat' dir='ltr'><strong>quam</strong></span> <span class='ocrx_word' id='word_1_228' title='bbox 3507 1934 3750 2004; x_wconf 90' lang='lat' dir='ltr'><strong>petimus</strong></span> 
     </span>
    </p>
   </div>
   <div class='ocr_carea' id='block_1_37' title="bbox 455 2020 2050 2096">
    <p class='ocr_par' dir='ltr' id='par_1_37' title="bbox 455 2020 2050 2096">
     <span class='ocr_line' id='line_1_37' title="bbox 455 2020 2050 2096; baseline -0.001 -19"><span class='ocrx_word' id='word_1_229' title='bbox 455 2020 616 2088; x_wconf 80' lang='grc' dir='ltr'>οὖσα,</span> <span class='ocrx_word' id='word_1_230' title='bbox 660 2023 949 2088; x_wconf 76' lang='grc' dir='ltr'>διδάξουσά</span> <span class='ocrx_word' id='word_1_231' title='bbox 994 2040 1054 2076; x_wconf 89' lang='grc' dir='ltr'><strong>τε</strong></span> <span class='ocrx_word' id='word_1_232' title='bbox 1099 2025 1195 2077; x_wconf 77' lang='grc' dir='ltr'>καὶ</span> <span class='ocrx_word' id='word_1_233' title='bbox 1245 2025 1568 2077; x_wconf 83' lang='grc' dir='ltr'>συνετιοῦσα</span> <span class='ocrx_word' id='word_1_234' title='bbox 1612 2024 1797 2090; x_wconf 82' lang='grc' dir='ltr'>πλέον,</span> <span class='ocrx_word' id='word_1_235' title='bbox 1845 2024 1879 2096; x_wconf 88' lang='grc' dir='ltr'>ῆ</span> <span class='ocrx_word' id='word_1_236' title='bbox 1923 2026 2050 2078; x_wconf 75' lang='grc' dir='ltr'>ὅσον</span> 
     </span>
    </p>
   </div>
   <div class='ocr_carea' id='block_1_38' title="bbox 458 2114 2050 2188">
    <p class='ocr_par' dir='ltr' id='par_1_38' title="bbox 458 2114 2050 2188">
     <span class='ocr_line' id='line_1_38' title="bbox 458 2114 2050 2188; baseline -0.008 -16"><span class='ocrx_word' id='word_1_237' title='bbox 458 2119 617 2186; x_wconf 78' lang='grc' dir='ltr'>ἡμεῖς</span> <span class='ocrx_word' id='word_1_238' title='bbox 656 2114 1098 2187; x_wconf 76' lang='grc' dir='ltr'>παραιτούμεθα.</span> <span class='ocrx_word' id='word_1_239' title='bbox 1128 2116 1290 2171; x_wconf 83' lang='grc' dir='ltr'><strong>’Λλλά</strong></span> <span class='ocrx_word' id='word_1_240' title='bbox 1327 2134 1420 2187; x_wconf 88' lang='grc' dir='ltr'><strong>μοι</strong></span> <span class='ocrx_word' id='word_1_241' title='bbox 1458 2118 1555 2170; x_wconf 74' lang='grc' dir='ltr'>καὶ</span> <span class='ocrx_word' id='word_1_242' title='bbox 1592 2117 1753 2181; x_wconf 77' lang='grc' dir='ltr'>αὐτὸς</span> <span class='ocrx_word' id='word_1_243' title='bbox 1790 2118 2050 2188; x_wconf 69' lang='grc' dir='ltr'>παρείης,</span> 
     </span>
    </p>
   </div>
   <div class='ocr_carea' id='block_1_39' title="bbox 458 2205 2051 2279">
    <p class='ocr_par' dir='ltr' id='par_1_39' title="bbox 458 2205 2051 2279">
     <span class='ocr_line' id='line_1_39' title="bbox 458 2205 2051 2279; baseline -0.001 -18"><span class='ocrx_word' id='word_1_244' title='bbox 458 2207 748 2278; x_wconf 80' lang='grc' dir='ltr'>ὑφηγητὰ,</span> <span class='ocrx_word' id='word_1_245' title='bbox 790 2205 969 2276; x_wconf 81' lang='grc' dir='ltr'>μύστα</span> <span class='ocrx_word' id='word_1_246' title='bbox 1006 2209 1102 2260; x_wconf 74' lang='grc' dir='ltr'><strong>καὶ</strong></span> <span class='ocrx_word' id='word_1_247' title='bbox 1136 2207 1312 2278; x_wconf 78' lang='grc' dir='ltr'>θεωρὲ</span> <span class='ocrx_word' id='word_1_248' title='bbox 1347 2206 1459 2259; x_wconf 84' lang='grc' dir='ltr'><strong>τῶν</strong></span> <span class='ocrx_word' id='word_1_249' title='bbox 1493 2205 1778 2277; x_wconf 82' lang='grc' dir='ltr'><strong>ἀλήπτων,</strong></span> <span class='ocrx_word' id='word_1_250' title='bbox 1817 2210 1927 2271; x_wconf 47' lang='grc' dir='ltr'>καὶ,</span> <span class='ocrx_word' id='word_1_251' title='bbox 1951 2211 2051 2279; x_wconf 76' lang='grc' dir='ltr'>τῆς</span> 
     </span>
    </p>
   </div>
   <div class='ocr_carea' id='block_1_40' title="bbox 436 2299 2050 2371">
    <p class='ocr_par' dir='ltr' id='par_1_40' title="bbox 436 2299 2050 2371">
     <span class='ocr_line' id='line_1_40' title="bbox 436 2299 2050 2371; baseline -0.001 -17"><span class='ocrx_word' id='word_1_252' title='bbox 436 2300 669 2370; x_wconf 77' lang='grc' dir='ltr'><strong>’σκηνῆς</strong></span> <span class='ocrx_word' id='word_1_253' title='bbox 697 2300 795 2370; x_wconf 80' lang='grc' dir='ltr'>τῆς</span> <span class='ocrx_word' id='word_1_254' title='bbox 824 2299 1085 2370; x_wconf 77' lang='grc' dir='ltr'>ἀληθινῆς</span> <span class='ocrx_word' id='word_1_255' title='bbox 1116 2299 1388 2371; x_wconf 83' lang='grc' dir='ltr'>ίεροθύτα,</span> <span class='ocrx_word' id='word_1_256' title='bbox 1418 2302 1515 2356; x_wconf 76' lang='grc' dir='ltr'>καὶ</span> <span class='ocrx_word' id='word_1_257' title='bbox 1540 2304 1653 2365; x_wconf 82' lang='grc' dir='ltr'>τοῖς</span> <span class='ocrx_word' id='word_1_258' title='bbox 1680 2302 1791 2362; x_wconf 85' lang='grc' dir='ltr'>σοῖς</span> <span class='ocrx_word' id='word_1_259' title='bbox 1822 2300 2050 2371; x_wconf 71' lang='grc' dir='ltr'>ἐμφιλο-</span> 
     </span>
    </p>
   </div>
   <div class='ocr_carea' id='block_1_41' title="bbox 461 2391 2051 2465">
    <p class='ocr_par' dir='ltr' id='par_1_41' title="bbox 461 2391 2051 2465">
     <span class='ocr_line' id='line_1_41' title="bbox 461 2391 2051 2465; baseline -0.001 -20"><span class='ocrx_word' id='word_1_260' title='bbox 461 2395 658 2464; x_wconf 81' lang='grc' dir='ltr'>χωρεῖν</span> <span class='ocrx_word' id='word_1_261' title='bbox 690 2391 927 2446; x_wconf 80' lang='grc' dir='ltr'>ἐθέλοντι</span> <span class='ocrx_word' id='word_1_262' title='bbox 961 2392 1301 2463; x_wconf 78' lang='grc' dir='ltr'>χειραγωγδς</span> <span class='ocrx_word' id='word_1_263' title='bbox 1339 2393 1487 2464; x_wconf 85' lang='grc' dir='ltr'>εἴης,</span> <span class='ocrx_word' id='word_1_264' title='bbox 1524 2393 1620 2447; x_wconf 75' lang='grc' dir='ltr'><strong>καὶ</strong></span> <span class='ocrx_word' id='word_1_265' title='bbox 1656 2393 1793 2465; x_wconf 71' lang='grc' dir='ltr'>πρὸς</span> <span class='ocrx_word' id='word_1_266' title='bbox 1826 2393 1924 2463; x_wconf 84' lang='grc' dir='ltr'>τὴν</span> <span class='ocrx_word' id='word_1_267' title='bbox 1956 2391 2051 2445; x_wconf 84' lang='grc' dir='ltr'><strong>τοῦ</strong></span> 
     </span>
    </p>
   </div>
   <div class='ocr_carea' id='block_1_42' title="bbox 460 2484 2053 2558">
    <p class='ocr_par' dir='ltr' id='par_1_42' title="bbox 460 2484 2053 2558">
     <span class='ocr_line' id='line_1_42' title="bbox 460 2484 2053 2558; baseline -0.002 -19"><span class='ocrx_word' id='word_1_268' title='bbox 460 2486 794 2557; x_wconf 80' lang='grc' dir='ltr'>ζητουμένου</span> <span class='ocrx_word' id='word_1_269' title='bbox 837 2485 1072 2556; x_wconf 85' lang='grc' dir='ltr'>δύναμιν</span> <span class='ocrx_word' id='word_1_270' title='bbox 1105 2485 1363 2549; x_wconf 84' lang='grc' dir='ltr'>ἀπλανῶς</span> <span class='ocrx_word' id='word_1_271' title='bbox 1405 2485 1768 2558; x_wconf 85' lang='grc' dir='ltr'>καθοδηγοίης</span> <span class='ocrx_word' id='word_1_272' title='bbox 1811 2502 1912 2555; x_wconf 84' lang='grc' dir='ltr'><strong>μου</strong></span> <span class='ocrx_word' id='word_1_273' title='bbox 1952 2484 2053 2555; x_wconf 83' lang='grc' dir='ltr'>τὴν</span> 
     </span>
    </p>
   </div>
   <div class='ocr_carea' id='block_1_43' title="bbox 458 2568 2053 2653">
    <p class='ocr_par' dir='ltr' id='par_1_43' title="bbox 458 2568 2053 2653">
     <span class='ocr_line' id='line_1_43' title="bbox 458 2568 2053 2653; baseline -0.003 -22"><span class='ocrx_word' id='word_1_274' title='bbox 458 2576 700 2631; x_wconf 81' lang='grc' dir='ltr'>διάνοιαν</span> <span class='ocrx_word' id='word_1_275' title='bbox 725 2580 791 2648; x_wconf 80' lang='grc' dir='ltr'>τῇ</span> <span class='ocrx_word' id='word_1_276' title='bbox 821 2578 1059 2647; x_wconf 73' lang='grc' dir='ltr'>ὲποπτίᾳ</span> <span class='ocrx_word' id='word_1_277' title='bbox 1095 2568 1195 2648; x_wconf 68' lang='grc' dir='ltr'>τῆς</span> <span class='ocrx_word' id='word_1_278' title='bbox 1233 2576 1504 2653; x_wconf 80' lang='grc' dir='ltr'>μυστικῆς</span> <span class='ocrx_word' id='word_1_279' title='bbox 1542 2575 1906 2645; x_wconf 80' lang='grc' dir='ltr'>ἀντιλήψεως.</span> <span class='ocrx_word' id='word_1_280' title='bbox 1933 2574 2053 2626; x_wconf 78' lang='lat' dir='ltr'><strong>Asi-</strong></span> 
     </span>
    </p>
   </div>
   <div class='ocr_carea' id='block_1_44' title="bbox 459 2666 2049 2739">
    <p class='ocr_par' dir='ltr' id='par_1_44' title="bbox 459 2666 2049 2739">
     <span class='ocr_line' id='line_1_44' title="bbox 459 2666 2049 2739; baseline -0.001 -17"><span class='ocrx_word' id='word_1_281' title='bbox 459 2685 620 2722; x_wconf 87' lang='grc' dir='ltr'>κνυσι</span> <span class='ocrx_word' id='word_1_282' title='bbox 639 2670 824 2722; x_wconf 78' lang='grc' dir='ltr'>τοίνυν</span> <span class='ocrx_word' id='word_1_283' title='bbox 855 2670 944 2721; x_wconf 79' lang='grc' dir='ltr'>διὰ</span> <span class='ocrx_word' id='word_1_284' title='bbox 966 2669 1073 2722; x_wconf 83' lang='grc' dir='ltr'><strong>τῶν</strong></span> <span class='ocrx_word' id='word_1_285' title='bbox 1092 2668 1287 2722; x_wconf 80' lang='grc' dir='ltr'>ἑαυτοῦ</span> <span class='ocrx_word' id='word_1_286' title='bbox 1311 2669 1488 2737; x_wconf 87' lang='grc' dir='ltr'>λόγων</span> <span class='ocrx_word' id='word_1_287' title='bbox 1520 2670 1651 2739; x_wconf 76' lang='grc' dir='ltr'>ἡμῖν</span> <span class='ocrx_word' id='word_1_288' title='bbox 1680 2670 1707 2722; x_wconf 97' lang='lat'><strong>6</strong></span> <span class='ocrx_word' id='word_1_289' title='bbox 1741 2666 2049 2730; x_wconf 82' lang='grc' dir='ltr'>θεσπέσιος,</span> 
     </span>
    </p>
   </div>
   <div class='ocr_carea' id='block_1_45' title="bbox 456 2760 2054 2835">
    <p class='ocr_par' dir='ltr' id='par_1_45' title="bbox 456 2760 2054 2835">
     <span class='ocr_line' id='line_1_45' title="bbox 456 2760 2054 2835; baseline -0.003 -19"><span class='ocrx_word' id='word_1_290' title='bbox 456 2763 536 2826; x_wconf 82' lang='grc' dir='ltr'>ὡς</span> <span class='ocrx_word' id='word_1_291' title='bbox 568 2765 714 2826; x_wconf 71' lang='grc' dir='ltr'>ἅπας</span> <span class='ocrx_word' id='word_1_292' title='bbox 746 2763 930 2833; x_wconf 75' lang='grc' dir='ltr'>σχεδὸν</span> <span class='ocrx_word' id='word_1_293' title='bbox 957 2762 1064 2815; x_wconf 91' lang='grc' dir='ltr'><strong>τῶν</strong></span> <span class='ocrx_word' id='word_1_294' title='bbox 1096 2763 1257 2835; x_wconf 81' lang='grc' dir='ltr'>ἱερῶν</span> <span class='ocrx_word' id='word_1_295' title='bbox 1286 2762 1606 2817; x_wconf 82' lang='grc' dir='ltr'>ἀποστόλων</span> <span class='ocrx_word' id='word_1_296' title='bbox 1630 2764 1657 2816; x_wconf 89' lang='lat'><strong>6</strong></span> <span class='ocrx_word' id='word_1_297' title='bbox 1685 2760 1892 2826; x_wconf 79' lang='grc' dir='ltr'>θίασος,</span> <span class='ocrx_word' id='word_1_298' title='bbox 1920 2760 2054 2831; x_wconf 77' lang='grc' dir='ltr'>περὶ</span> 
     </span>
    </p>
   </div>
   <div class='ocr_carea' id='block_1_46' title="bbox 457 2851 2052 2924">
    <p class='ocr_par' dir='ltr' id='par_1_46' title="bbox 457 2851 2052 2924">
     <span class='ocr_line' id='line_1_46' title="bbox 457 2851 2052 2924; baseline -0.002 -17"><span class='ocrx_word' id='word_1_299' title='bbox 457 2855 520 2907; x_wconf 78' lang='grc' dir='ltr'>τὸ</span> <span class='ocrx_word' id='word_1_300' title='bbox 555 2856 753 2906; x_wconf 74' lang='grc' dir='ltr'>σεπτὸν</span> <span class='ocrx_word' id='word_1_301' title='bbox 788 2856 966 2907; x_wconf 72' lang='grc' dir='ltr'>ἐκεῖνο</span> <span class='ocrx_word' id='word_1_302' title='bbox 1001 2858 1095 2907; x_wconf 67' lang='grc' dir='ltr'><strong>καὶ</strong></span> <span class='ocrx_word' id='word_1_303' title='bbox 1133 2856 1276 2924; x_wconf 85' lang='grc' dir='ltr'>μέγα</span> <span class='ocrx_word' id='word_1_304' title='bbox 1307 2854 1406 2924; x_wconf 86' lang='grc' dir='ltr'>τῆς</span> <span class='ocrx_word' id='word_1_305' title='bbox 1439 2852 1785 2924; x_wconf 88' lang='grc' dir='ltr'>Θεομήτορος</span> <span class='ocrx_word' id='word_1_306' title='bbox 1820 2851 2052 2923; x_wconf 85' lang='grc' dir='ltr'>συνεγή-</span> 
     </span>
    </p>
   </div>
   <div class='ocr_carea' id='block_1_47' title="bbox 458 2944 2053 3019">
    <p class='ocr_par' dir='ltr' id='par_1_47' title="bbox 458 2944 2053 3019">
     <span class='ocr_line' id='line_1_47' title="bbox 458 2944 2053 3019; baseline 0 -21"><span class='ocrx_word' id='word_1_307' title='bbox 458 2962 627 3016; x_wconf 87' lang='grc' dir='ltr'>γερτο</span> <span class='ocrx_word' id='word_1_308' title='bbox 667 2945 917 3019; x_wconf 86' lang='grc' dir='ltr'>θέατρον,</span> <span class='ocrx_word' id='word_1_309' title='bbox 954 2948 1047 2999; x_wconf 67' lang='grc' dir='ltr'>καὶ</span> <span class='ocrx_word' id='word_1_310' title='bbox 1083 2948 1207 3009; x_wconf 79' lang='grc' dir='ltr'>τοὺς</span> <span class='ocrx_word' id='word_1_311' title='bbox 1249 2946 1354 2999; x_wconf 75' lang='grc' dir='ltr'>ἀνὰ</span> <span class='ocrx_word' id='word_1_312' title='bbox 1392 2947 1574 3000; x_wconf 83' lang='grc' dir='ltr'>πᾶσαν</span> <span class='ocrx_word' id='word_1_313' title='bbox 1612 2944 2053 3017; x_wconf 82' lang='grc' dir='ltr'>διεσπαρμένους</span> 
     </span>
    </p>
   </div>
   <div class='ocr_carea' id='block_1_48' title="bbox 456 3033 2052 3112">
    <p class='ocr_par' dir='ltr' id='par_1_48' title="bbox 456 3033 2052 3112">
     <span class='ocr_line' id='line_1_48' title="bbox 456 3033 2052 3112; baseline -0.002 -18"><span class='ocrx_word' id='word_1_314' title='bbox 456 3042 558 3111; x_wconf 80' lang='grc' dir='ltr'>τὴν</span> <span class='ocrx_word' id='word_1_315' title='bbox 587 3042 693 3111; x_wconf 79' lang='grc' dir='ltr'>γῆν</span> <span class='ocrx_word' id='word_1_316' title='bbox 725 3041 1003 3112; x_wconf 76' lang='grc' dir='ltr'>μαθητὰς,</span> <span class='ocrx_word' id='word_1_317' title='bbox 1040 3039 1155 3111; x_wconf 75' lang='grc' dir='ltr'><strong>ἃμα</strong></span> <span class='ocrx_word' id='word_1_318' title='bbox 1185 3039 1308 3092; x_wconf 86' lang='grc' dir='ltr'>τότε</span> <span class='ocrx_word' id='word_1_319' title='bbox 1346 3038 1824 3110; x_wconf 83' lang='grc' dir='ltr'>συνειλεγμένους,</span> <span class='ocrx_word' id='word_1_320' title='bbox 1861 3033 1938 3093; x_wconf 86' lang='grc' dir='ltr'>ὧν</span> <span class='ocrx_word' id='word_1_321' title='bbox 1972 3034 2052 3101; x_wconf 72' lang='grc' dir='ltr'><strong>εἷς</strong></span> 
     </span>
    </p>
   </div>
   <div class='ocr_carea' id='block_1_49' title="bbox 456 3130 2051 3206">
    <p class='ocr_par' dir='ltr' id='par_1_49' title="bbox 456 3130 2051 3206">
     <span class='ocr_line' id='line_1_49' title="bbox 456 3130 2051 3206; baseline -0.002 -18"><span class='ocrx_word' id='word_1_322' title='bbox 456 3130 531 3204; x_wconf 80' lang='grc' dir='ltr'>ἦν</span> <span class='ocrx_word' id='word_1_323' title='bbox 568 3137 663 3189; x_wconf 81' lang='grc' dir='ltr'><strong>καὶ</strong></span> <span class='ocrx_word' id='word_1_324' title='bbox 686 3135 859 3197; x_wconf 73' lang='grc' dir='ltr'>αὐτὸς</span> <span class='ocrx_word' id='word_1_325' title='bbox 896 3137 992 3189; x_wconf 85' lang='grc' dir='ltr'><strong>σὺν</strong></span> <span class='ocrx_word' id='word_1_326' title='bbox 1027 3133 1279 3206; x_wconf 82' lang='grc' dir='ltr'>Τιμοθέῳ</span> <span class='ocrx_word' id='word_1_327' title='bbox 1314 3135 1407 3187; x_wconf 71' lang='grc' dir='ltr'><strong>καὶ</strong></span> <span class='ocrx_word' id='word_1_328' title='bbox 1438 3133 1684 3204; x_wconf 82' lang='grc' dir='ltr'>Ἱεροθέῳ</span> <span class='ocrx_word' id='word_1_329' title='bbox 1715 3136 1828 3196; x_wconf 87' lang='grc' dir='ltr'>τοῖς</span> <span class='ocrx_word' id='word_1_330' title='bbox 1864 3132 2051 3187; x_wconf 78' lang='grc' dir='ltr'>θεοσό-</span> 
     </span>
    </p>
   </div>
   <div class='ocr_carea' id='block_1_50' title="bbox 2153 2018 3751 2098">
    <p class='ocr_par' dir='ltr' id='par_1_50' title="bbox 2153 2018 3751 2098">
     <span class='ocr_line' id='line_1_50' title="bbox 2153 2018 3751 2098; baseline 0.007 -25"><span class='ocrx_word' id='word_1_331' title='bbox 2153 2018 2397 2075; x_wconf 87' lang='lat' dir='ltr'><strong>docebit.</strong></span> <span class='ocrx_word' id='word_1_332' title='bbox 2437 2020 2542 2076; x_wconf 88' lang='lat' dir='ltr'><strong>Sed</strong></span> <span class='ocrx_word' id='word_1_333' title='bbox 2574 2030 2630 2076; x_wconf 91' lang='lat' dir='ltr'><strong>et</strong></span> <span class='ocrx_word' id='word_1_334' title='bbox 2671 2023 2787 2091; x_wconf 87' lang='lat' dir='ltr'><strong>ipse</strong></span> <span class='ocrx_word' id='word_1_335' title='bbox 2827 2024 3104 2094; x_wconf 88' lang='lat' dir='ltr'><strong>interpres</strong></span> <span class='ocrx_word' id='word_1_336' title='bbox 3136 2040 3316 2092; x_wconf 88' lang='lat' dir='ltr'><strong>sacer,</strong></span> <span class='ocrx_word' id='word_1_337' title='bbox 3355 2025 3662 2098; x_wconf 84' lang='lat' dir='ltr'><strong>doctorque</strong></span> <span class='ocrx_word' id='word_1_338' title='bbox 3694 2039 3751 2084; x_wconf 91' lang='lat' dir='ltr'><strong>et</strong></span> 
     </span>
    </p>
   </div>
   <div class='ocr_carea' id='block_1_51' title="bbox 2155 2114 3747 2187">
    <p class='ocr_par' dir='ltr' id='par_1_51' title="bbox 2155 2114 3747 2187">
     <span class='ocr_line' id='line_1_51' title="bbox 2155 2114 3747 2187; baseline 0.006 -23"><span class='ocrx_word' id='word_1_339' title='bbox 2155 2120 2440 2181; x_wconf 84' lang='lat' dir='ltr'><strong>spectator</strong></span> <span class='ocrx_word' id='word_1_340' title='bbox 2485 2127 2672 2167; x_wconf 91' lang='lat' dir='ltr'><strong>rerum</strong></span> <span class='ocrx_word' id='word_1_341' title='bbox 2708 2114 3212 2184; x_wconf 67' lang='lat' dir='ltr'><strong>comprehensione</strong></span> <span class='ocrx_word' id='word_1_342' title='bbox 3243 2117 3559 2187; x_wconf 86' lang='lat' dir='ltr'><strong>majorum,</strong></span> <span class='ocrx_word' id='word_1_343' title='bbox 3597 2120 3747 2175; x_wconf 91' lang='lat' dir='ltr'><strong>veri-</strong></span> 
     </span>
    </p>
   </div>
   <div class='ocr_carea' id='block_1_52' title="bbox 2155 2202 3749 2274">
    <p class='ocr_par' dir='ltr' id='par_1_52' title="bbox 2155 2202 3749 2274">
     <span class='ocr_line' id='line_1_52' title="bbox 2155 2202 3749 2274; baseline 0.007 -20"><span class='ocrx_word' id='word_1_344' title='bbox 2155 2217 2262 2271; x_wconf 89' lang='lat' dir='ltr'><strong>que</strong></span> <span class='ocrx_word' id='word_1_345' title='bbox 2311 2202 2663 2257; x_wconf 86' lang='lat' dir='ltr'><strong>tabernaculi</strong></span> <span class='ocrx_word' id='word_1_346' title='bbox 2722 2205 3009 2273; x_wconf 91' lang='lat' dir='ltr'><strong>sacerdos,</strong></span> <span class='ocrx_word' id='word_1_347' title='bbox 3060 2206 3197 2261; x_wconf 88' lang='lat' dir='ltr'><strong>mihi</strong></span> <span class='ocrx_word' id='word_1_348' title='bbox 3247 2208 3423 2274; x_wconf 87' lang='lat' dir='ltr'><strong>adsis,</strong></span> <span class='ocrx_word' id='word_1_349' title='bbox 3475 2224 3577 2266; x_wconf 90' lang='lat' dir='ltr'><strong>nec</strong></span> <span class='ocrx_word' id='word_1_350' title='bbox 3636 2210 3749 2265; x_wconf 87' lang='lat' dir='ltr'><strong>tuis</strong></span> 
     </span>
    </p>
   </div>
   <div class='ocr_carea' id='block_1_53' title="bbox 2154 2292 3747 2361">
    <p class='ocr_par' dir='ltr' id='par_1_53' title="bbox 2154 2292 3747 2361">
     <span class='ocr_line' id='line_1_53' title="bbox 2154 2292 3747 2361; baseline 0.006 -15"><span class='ocrx_word' id='word_1_351' title='bbox 2154 2292 2396 2349; x_wconf 86' lang='lat' dir='ltr'><strong>libenter</strong></span> <span class='ocrx_word' id='word_1_352' title='bbox 2424 2295 2770 2361; x_wconf 90' lang='lat' dir='ltr'><strong>immoranti,</strong></span> <span class='ocrx_word' id='word_1_353' title='bbox 2807 2311 2909 2351; x_wconf 90' lang='lat' dir='ltr'><strong>ceu</strong></span> <span class='ocrx_word' id='word_1_354' title='bbox 2956 2312 3124 2352; x_wconf 87' lang='lat' dir='ltr'><strong>manu</strong></span> <span class='ocrx_word' id='word_1_355' title='bbox 3158 2298 3450 2355; x_wconf 89' lang='lat' dir='ltr'><strong>ductorem</strong></span> <span class='ocrx_word' id='word_1_356' title='bbox 3486 2308 3598 2357; x_wconf 91' lang='lat' dir='ltr'><strong>tete</strong></span> <span class='ocrx_word' id='word_1_357' title='bbox 3644 2303 3747 2356; x_wconf 87' lang='lat' dir='ltr'><strong>ab-</strong></span> 
     </span>
    </p>
   </div>
   <div class='ocr_carea' id='block_1_54' title="bbox 2154 2386 3751 2461">
    <p class='ocr_par' dir='ltr' id='par_1_54' title="bbox 2154 2386 3751 2461">
     <span class='ocr_line' id='line_1_54' title="bbox 2154 2386 3751 2461; baseline 0.006 -23"><span class='ocrx_word' id='word_1_358' title='bbox 2154 2386 2367 2451; x_wconf 85' lang='lat' dir='ltr'><strong>nueris,</strong></span> <span class='ocrx_word' id='word_1_359' title='bbox 2426 2396 2784 2458; x_wconf 91' lang='lat' dir='ltr'><strong>mentemque</strong></span> <span class='ocrx_word' id='word_1_360' title='bbox 2835 2403 3012 2444; x_wconf 88' lang='lat' dir='ltr'><strong>meam</strong></span> <span class='ocrx_word' id='word_1_361' title='bbox 3068 2397 3131 2444; x_wconf 90' lang='lat' dir='ltr'><strong>ut</strong></span> <span class='ocrx_word' id='word_1_362' title='bbox 3184 2390 3294 2445; x_wconf 88' lang='lat' dir='ltr'><strong>vim</strong></span> <span class='ocrx_word' id='word_1_363' title='bbox 3357 2393 3574 2461; x_wconf 59' lang='lat' dir='ltr'><strong>quaesiti</strong></span> <span class='ocrx_word' id='word_1_364' title='bbox 3627 2392 3751 2448; x_wconf 90' lang='lat' dir='ltr'><strong>sine</strong></span> 
     </span>
    </p>
   </div>
   <div class='ocr_carea' id='block_1_55' title="bbox 2157 2478 3750 2554">
    <p class='ocr_par' dir='ltr' id='par_1_55' title="bbox 2157 2478 3750 2554">
     <span class='ocr_line' id='line_1_55' title="bbox 2157 2478 3750 2554; baseline 0.005 -24"><span class='ocrx_word' id='word_1_365' title='bbox 2157 2491 2358 2533; x_wconf 89' lang='lat' dir='ltr'><strong>errore</strong></span> <span class='ocrx_word' id='word_1_366' title='bbox 2392 2478 2762 2548; x_wconf 84' lang='lat' dir='ltr'><strong>perspexerit,</strong></span> <span class='ocrx_word' id='word_1_367' title='bbox 2803 2478 3153 2549; x_wconf 90' lang='lat' dir='ltr'><strong>inspectione</strong></span> <span class='ocrx_word' id='word_1_368' title='bbox 3176 2496 3242 2537; x_wconf 87' lang='lat' dir='ltr'><strong>ac</strong></span> <span class='ocrx_word' id='word_1_369' title='bbox 3280 2484 3449 2540; x_wconf 83' lang='lat' dir='ltr'><strong>tutela</strong></span> <span class='ocrx_word' id='word_1_370' title='bbox 3479 2483 3750 2554; x_wconf 87' lang='lat' dir='ltr'><strong>spiritalis</strong></span> 
     </span>
    </p>
   </div>
   <div class='ocr_carea' id='block_1_56' title="bbox 2155 2568 3752 2645">
    <p class='ocr_par' dir='ltr' id='par_1_56' title="bbox 2155 2568 3752 2645">
     <span class='ocr_line' id='line_1_56' title="bbox 2155 2568 3752 2645; baseline 0.005 -23"><span class='ocrx_word' id='word_1_371' title='bbox 2155 2568 2347 2624; x_wconf 74' lang='lat' dir='ltr'><strong>auxilii</strong></span> <span class='ocrx_word' id='word_1_372' title='bbox 2382 2570 2678 2626; x_wconf 80' lang='lat' dir='ltr'><strong>direxeris.</strong></span> <span class='ocrx_word' id='word_1_373' title='bbox 2724 2570 3016 2643; x_wconf 80' lang='lat' dir='ltr'><strong>Significat</strong></span> <span class='ocrx_word' id='word_1_374' title='bbox 3060 2573 3254 2645; x_wconf 85' lang='lat' dir='ltr'><strong>itaque</strong></span> <span class='ocrx_word' id='word_1_375' title='bbox 3293 2576 3476 2632; x_wconf 82' lang='lat' dir='ltr'><strong>verbis</strong></span> <span class='ocrx_word' id='word_1_376' title='bbox 3514 2578 3633 2633; x_wconf 86' lang='lat' dir='ltr'><strong>suis</strong></span> <span class='ocrx_word' id='word_1_377' title='bbox 3660 2578 3752 2631; x_wconf 88' lang='lat' dir='ltr'><strong>vir</strong></span> 
     </span>
    </p>
   </div>
   <div class='ocr_carea' id='block_1_57' title="bbox 2157 2661 3747 2738">
    <p class='ocr_par' dir='ltr' id='par_1_57' title="bbox 2157 2661 3747 2738">
     <span class='ocr_line' id='line_1_57' title="bbox 2157 2661 3747 2738; baseline 0.008 -23"><span class='ocrx_word' id='word_1_378' title='bbox 2157 2661 2534 2731; x_wconf 85' lang='lat' dir='ltr'><strong>admirabilis,</strong></span> <span class='ocrx_word' id='word_1_379' title='bbox 2603 2672 2784 2720; x_wconf 89' lang='lat' dir='ltr'><strong>totum</strong></span> <span class='ocrx_word' id='word_1_380' title='bbox 2843 2666 2962 2723; x_wconf 82' lang='lat' dir='ltr'><strong>fere</strong></span> <span class='ocrx_word' id='word_1_381' title='bbox 3025 2669 3407 2738; x_wconf 87' lang='lat' dir='ltr'><strong>apostolorum</strong></span> <span class='ocrx_word' id='word_1_382' title='bbox 3464 2680 3747 2727; x_wconf 87' lang='lat' dir='ltr'><strong>sacratum</strong></span> 
     </span>
    </p>
   </div>
   <div class='ocr_carea' id='block_1_58' title="bbox 2157 2757 3749 2837">
    <p class='ocr_par' dir='ltr' id='par_1_58' title="bbox 2157 2757 3749 2837">
     <span class='ocr_line' id='line_1_58' title="bbox 2157 2757 3749 2837; baseline 0.007 -26"><span class='ocrx_word' id='word_1_383' title='bbox 2157 2757 2415 2825; x_wconf 86' lang='lat' dir='ltr'><strong>chorum,</strong></span> <span class='ocrx_word' id='word_1_384' title='bbox 2441 2759 2511 2813; x_wconf 89' lang='lat' dir='ltr'><strong>ad</strong></span> <span class='ocrx_word' id='word_1_385' title='bbox 2541 2762 2859 2818; x_wconf 83' lang='lat' dir='ltr'><strong>venerabile</strong></span> <span class='ocrx_word' id='word_1_386' title='bbox 2888 2763 3031 2818; x_wconf 89' lang='lat' dir='ltr'><strong>illud</strong></span> <span class='ocrx_word' id='word_1_387' title='bbox 3066 2779 3441 2837; x_wconf 83' lang='lat' dir='ltr'><strong>magnumque</strong></span> <span class='ocrx_word' id='word_1_388' title='bbox 3485 2767 3581 2823; x_wconf 89' lang='lat' dir='ltr'><strong>Dei</strong></span> <span class='ocrx_word' id='word_1_389' title='bbox 3631 2766 3749 2822; x_wconf 85' lang='lat' dir='ltr'><strong>Ma-</strong></span> 
     </span>
    </p>
   </div>
   <div class='ocr_carea' id='block_1_59' title="bbox 2156 2847 3753 2928">
    <p class='ocr_par' dir='ltr' id='par_1_59' title="bbox 2156 2847 3753 2928">
     <span class='ocr_line' id='line_1_59' title="bbox 2156 2847 3753 2928; baseline 0.008 -28"><span class='ocrx_word' id='word_1_390' title='bbox 2156 2847 2260 2903; x_wconf 91' lang='lat' dir='ltr'><strong>tris</strong></span> <span class='ocrx_word' id='word_1_391' title='bbox 2286 2856 2563 2903; x_wconf 81' lang='lat' dir='ltr'><strong>coactunr</strong></span> <span class='ocrx_word' id='word_1_392' title='bbox 2589 2853 2997 2921; x_wconf 84' lang='lat' dir='ltr'><strong>spectaculum,</strong></span> <span class='ocrx_word' id='word_1_393' title='bbox 3041 2854 3465 2927; x_wconf 87' lang='lat' dir='ltr'><strong>discipulosque</strong></span> <span class='ocrx_word' id='word_1_394' title='bbox 3501 2875 3599 2928; x_wconf 87' lang='lat' dir='ltr'><strong>per</strong></span> <span class='ocrx_word' id='word_1_395' title='bbox 3624 2861 3753 2914; x_wconf 87' lang='lat' dir='ltr'><strong>uni-</strong></span> 
     </span>
    </p>
   </div>
   <div class='ocr_carea' id='block_1_60' title="bbox 2158 2943 3752 3023">
    <p class='ocr_par' dir='ltr' id='par_1_60' title="bbox 2158 2943 3752 3023">
     <span class='ocr_line' id='line_1_60' title="bbox 2158 2943 3752 3023; baseline 0.009 -30"><span class='ocrx_word' id='word_1_396' title='bbox 2158 2955 2374 2996; x_wconf 78' lang='lat' dir='ltr'><strong>versam</strong></span> <span class='ocrx_word' id='word_1_397' title='bbox 2408 2944 2621 2996; x_wconf 79' lang='lat' dir='ltr'><strong>terram’</strong></span> <span class='ocrx_word' id='word_1_398' title='bbox 2648 2943 2959 3012; x_wconf 86' lang='lat' dir='ltr'><strong>dispersos,</strong></span> <span class='ocrx_word' id='word_1_399' title='bbox 2992 2961 3101 3000; x_wconf 90' lang='lat' dir='ltr'><strong>una</strong></span> <span class='ocrx_word' id='word_1_400' title='bbox 3134 2958 3265 3001; x_wconf 90' lang='lat' dir='ltr'><strong>tunc</strong></span> <span class='ocrx_word' id='word_1_401' title='bbox 3290 2948 3470 3006; x_wconf 85' lang='lat' dir='ltr'><strong>fuisse</strong></span> <span class='ocrx_word' id='word_1_402' title='bbox 3510 2966 3752 3023; x_wconf 83' lang='lat' dir='ltr'><strong>congre-</strong></span> 
     </span>
    </p>
   </div>
   <div class='ocr_carea' id='block_1_61' title="bbox 2154 3039 3751 3110">
    <p class='ocr_par' dir='ltr' id='par_1_61' title="bbox 2154 3039 3751 3110">
     <span class='ocr_line' id='line_1_61' title="bbox 2154 3039 3751 3110; baseline 0.005 -17"><span class='ocrx_word' id='word_1_403' title='bbox 2154 3049 2333 3110; x_wconf 81' lang='lat' dir='ltr'><strong>gatos.</strong></span> <span class='ocrx_word' id='word_1_404' title='bbox 2387 3039 2460 3095; x_wconf 86' lang='lat' dir='ltr'><strong>De</strong></span> <span class='ocrx_word' id='word_1_405' title='bbox 2515 3054 2754 3110; x_wconf 89' lang='lat' dir='ltr'><strong>quorum</strong></span> <span class='ocrx_word' id='word_1_406' title='bbox 2812 3040 2930 3110; x_wconf 72' lang='lat' dir='ltr'><strong>ipse</strong></span> <span class='ocrx_word' id='word_1_407' title='bbox 2975 3056 3210 3096; x_wconf 89' lang='lat' dir='ltr'><strong>numero</strong></span> <span class='ocrx_word' id='word_1_408' title='bbox 3243 3041 3366 3107; x_wconf 89' lang='lat' dir='ltr'><strong>fuit,</strong></span> <span class='ocrx_word' id='word_1_409' title='bbox 3402 3058 3527 3099; x_wconf 88' lang='lat' dir='ltr'><strong>cum</strong></span> <span class='ocrx_word' id='word_1_410' title='bbox 3560 3044 3751 3101; x_wconf 88' lang='lat' dir='ltr'><strong>divine</strong></span> 
     </span>
    </p>
   </div>
   <div class='ocr_carea' id='block_1_62' title="bbox 2154 3124 3750 3202">
    <p class='ocr_par' dir='ltr' id='par_1_62' title="bbox 2154 3124 3750 3202">
     <span class='ocr_line' id='line_1_62' title="bbox 2154 3124 3750 3202; baseline 0.004 -16"><span class='ocrx_word' id='word_1_411' title='bbox 2154 3131 2499 3201; x_wconf 86' lang='lat' dir='ltr'><strong>sapientibus</strong></span> <span class='ocrx_word' id='word_1_412' title='bbox 2531 3129 2827 3186; x_wconf 85' lang='lat' dir='ltr'><strong>Timotheo</strong></span> <span class='ocrx_word' id='word_1_413' title='bbox 2862 3138 3030 3202; x_wconf 87' lang='lat' dir='ltr'><strong>atque</strong></span> <span class='ocrx_word' id='word_1_414' title='bbox 3079 3130 3424 3189; x_wconf 88' lang='lat' dir='ltr'><strong>Hierotheo:</strong></span> <span class='ocrx_word' id='word_1_415' title='bbox 3461 3152 3481 3186; x_wconf 79' lang='grc' dir='ltr'><strong>ι</strong></span> <span class='ocrx_word' id='word_1_416' title='bbox 3508 3124 3657 3190; x_wconf 72' lang='lat' dir='ltr'><strong>Cum</strong></span> <span class='ocrx_word' id='word_1_417' title='bbox 3693 3146 3750 3192; x_wconf 82' lang='lat' dir='ltr'><strong>et</strong></span> 
     </span>
    </p>
   </div>
   <div class='ocr_carea' id='block_1_63' title="bbox 461 3220 2050 3297">
    <p class='ocr_par' dir='ltr' id='par_1_63' title="bbox 461 3220 2050 3297">
     <span class='ocr_line' id='line_1_63' title="bbox 461 3220 2050 3297; baseline -0.003 -16"><span class='ocrx_word' id='word_1_418' title='bbox 461 3244 606 3296; x_wconf 88' lang='grc' dir='ltr'>φοις.</span> <span class='ocrx_word' id='word_1_419' title='bbox 640 3246 658 3278; x_wconf 88' lang='grc' dir='ltr'><strong>ι</strong></span> <span class='ocrx_word' id='word_1_420' title='bbox 698 3226 889 3279; x_wconf 80' lang='grc' dir='ltr'>Ἦνίκα</span> <span class='ocrx_word' id='word_1_421' title='bbox 919 3226 1058 3297; x_wconf 83' lang='grc' dir='ltr'>γὰρ,</span> <span class='ocrx_word' id='word_1_422' title='bbox 1091 3226 1253 3297; x_wconf 77' lang='grc' dir='ltr'>φησὶ,</span> <span class='ocrx_word' id='word_1_423' title='bbox 1285 3225 1379 3278; x_wconf 77' lang='grc' dir='ltr'><strong>καὶ</strong></span> <span class='ocrx_word' id='word_1_424' title='bbox 1408 3227 1599 3297; x_wconf 79' lang='grc' dir='ltr'>ἡμεῖς,</span> <span class='ocrx_word' id='word_1_425' title='bbox 1630 3224 1706 3289; x_wconf 83' lang='grc' dir='ltr'>ὡς</span> <span class='ocrx_word' id='word_1_426' title='bbox 1736 3220 1926 3289; x_wconf 81' lang='grc' dir='ltr'>οἶσθα,</span> <span class='ocrx_word' id='word_1_427' title='bbox 1958 3225 2050 3279; x_wconf 68' lang='grc' dir='ltr'><strong>καὶ</strong></span> 
     </span>
    </p>
   </div>
   <div class='ocr_carea' id='block_1_64' title="bbox 2157 3220 3749 3297">
    <p class='ocr_par' dir='ltr' id='par_1_64' title="bbox 2158 3225 3749 3296">
     <span class='ocr_line' id='line_1_64' title="bbox 2158 3225 3749 3296; baseline 0.003 -14"><span class='ocrx_word' id='word_1_428' title='bbox 2158 3242 2279 3291; x_wconf 86' lang='lat' dir='ltr'><strong>nos,</strong></span> <span class='ocrx_word' id='word_1_429' title='bbox 2312 3225 2513 3296; x_wconf 88' lang='lat' dir='ltr'><strong>inquit,</strong></span> <span class='ocrx_word' id='word_1_430' title='bbox 2552 3235 2610 3279; x_wconf 91' lang='lat' dir='ltr'><strong>nt</strong></span> <span class='ocrx_word' id='word_1_431' title='bbox 2641 3225 2789 3279; x_wconf 88' lang='lat' dir='ltr'><strong>nosti</strong></span> <span class='ocrx_word' id='word_1_432' title='bbox 2815 3262 2830 3288; x_wconf 86' lang='lat'>.</span> <span class='ocrx_word' id='word_1_433' title='bbox 2863 3235 2919 3281; x_wconf 91' lang='lat' dir='ltr'><strong>et</strong></span> <span class='ocrx_word' id='word_1_434' title='bbox 2962 3233 3018 3280; x_wconf 88' lang='lat' dir='ltr'><strong>tu</strong></span> <span class='ocrx_word' id='word_1_435' title='bbox 3043 3266 3057 3289; x_wconf 89' lang='lat'><strong><em>.</em></strong></span> <span class='ocrx_word' id='word_1_436' title='bbox 3107 3235 3162 3281; x_wconf 88' lang='lat' dir='ltr'><strong>et</strong></span> <span class='ocrx_word' id='word_1_437' title='bbox 3205 3227 3366 3282; x_wconf 89' lang='lat' dir='ltr'><strong>multi</strong></span> <span class='ocrx_word' id='word_1_438' title='bbox 3416 3244 3482 3285; x_wconf 86' lang='lat' dir='ltr'><strong>ex</strong></span> <span class='ocrx_word' id='word_1_439' title='bbox 3534 3233 3749 3288; x_wconf 89' lang='lat' dir='ltr'><strong>sanctis</strong></span> 
     </span>
    </p>
   </div>
   <div class='ocr_carea' id='block_1_65' title="bbox 459 3317 2050 3395">
    <p class='ocr_par' dir='ltr' id='par_1_65' title="bbox 459 3317 2050 3390">
     <span class='ocr_line' id='line_1_65' title="bbox 459 3317 2050 3390; baseline -0.015 -15"><span class='ocrx_word' id='word_1_440' title='bbox 459 3321 647 3387; x_wconf 78' lang='grc' dir='ltr'>αὐτὸς,</span> <span class='ocrx_word' id='word_1_441' title='bbox 677 3322 772 3373; x_wconf 76' lang='grc' dir='ltr'><strong>καὶ</strong></span> <span class='ocrx_word' id='word_1_442' title='bbox 804 3320 987 3373; x_wconf 74' lang='grc' dir='ltr'>πολλοὶ</span> <span class='ocrx_word' id='word_1_443' title='bbox 1017 3317 1126 3372; x_wconf 87' lang='grc' dir='ltr'><strong>τῶν</strong></span> <span class='ocrx_word' id='word_1_444' title='bbox 1158 3318 1321 3390; x_wconf 89' lang='grc' dir='ltr'>ἱερῶν</span> <span class='ocrx_word' id='word_1_445' title='bbox 1348 3318 1510 3389; x_wconf 81' lang='grc' dir='ltr'>ήμῶν</span> <span class='ocrx_word' id='word_1_446' title='bbox 1536 3317 1804 3388; x_wconf 59' lang='grc' dir='ltr'>ἀδελφῶν,</span> <span class='ocrx_word' id='word_1_447' title='bbox 1836 3319 1929 3371; x_wconf 61' lang='grc' dir='ltr'>ἐπὶ</span> <span class='ocrx_word' id='word_1_448' title='bbox 1954 3318 2050 3387; x_wconf 62' lang='grc' dir='ltr'><strong>τὴν</strong></span> 
     </span>
    </p>
   </div>
   <div class='ocr_carea' id='block_1_66' title="bbox 2157 3317 3748 3395">
    <p class='ocr_par' dir='ltr' id='par_1_66' title="bbox 2162 3317 3748 3395">
     <span class='ocr_line' id='line_1_66' title="bbox 2162 3317 3748 3395; baseline 0.005 -23"><span class='ocrx_word' id='word_1_449' title='bbox 2162 3318 2428 3373; x_wconf 86' lang='lat' dir='ltr'><strong>fratribus</strong></span> <span class='ocrx_word' id='word_1_450' title='bbox 2461 3318 2698 3381; x_wconf 88' lang='lat' dir='ltr'><strong>nostris,</strong></span> <span class='ocrx_word' id='word_1_451' title='bbox 2729 3317 2795 3371; x_wconf 89' lang='lat' dir='ltr'><strong>ad</strong></span> <span class='ocrx_word' id='word_1_452' title='bbox 2823 3333 3030 3387; x_wconf 89' lang='lat' dir='ltr'><strong>corpus</strong></span> <span class='ocrx_word' id='word_1_453' title='bbox 3081 3319 3227 3389; x_wconf 89' lang='lat' dir='ltr'><strong>quod</strong></span> <span class='ocrx_word' id='word_1_454' title='bbox 3253 3321 3381 3376; x_wconf 70' lang='lat' dir='ltr'><strong>vita:</strong></span> <span class='ocrx_word' id='word_1_455' title='bbox 3411 3324 3748 3395; x_wconf 91' lang='lat' dir='ltr'><strong>principium</strong></span> 
     </span>
    </p>
   </div>
   <div class='ocr_carea' id='block_1_67' title="bbox 360 3410 2054 3485">
    <p class='ocr_par' dir='ltr' id='par_1_67' title="bbox 360 3410 2054 3485">
     <span class='ocr_line' id='line_1_67' title="bbox 360 3410 2054 3485; baseline -0.002 -20"><span class='ocrx_word' id='word_1_456' title='bbox 360 3464 363 3465; x_wconf 65' lang='lat'>,</span> <span class='ocrx_word' id='word_1_457' title='bbox 459 3414 596 3469; x_wconf 81' lang='grc' dir='ltr'>θέαν</span> <span class='ocrx_word' id='word_1_458' title='bbox 616 3414 711 3467; x_wconf 88' lang='grc' dir='ltr'><strong>τοῦ</strong></span> <span class='ocrx_word' id='word_1_459' title='bbox 737 3412 1046 3485; x_wconf 80' lang='grc' dir='ltr'>ζωαρχικοῦ</span> <span class='ocrx_word' id='word_1_460' title='bbox 1075 3413 1168 3466; x_wconf 74' lang='grc' dir='ltr'>καὶ</span> <span class='ocrx_word' id='word_1_461' title='bbox 1197 3411 1452 3481; x_wconf 83' lang='grc' dir='ltr'>θεοδόχου</span> <span class='ocrx_word' id='word_1_462' title='bbox 1478 3410 1733 3482; x_wconf 86' lang='grc' dir='ltr'>σώματος</span> <span class='ocrx_word' id='word_1_463' title='bbox 1761 3410 2054 3481; x_wconf 76' lang='grc' dir='ltr'>συνεληλύ-</span> 
     </span>
    </p>
   </div>
   <div class='ocr_carea' id='block_1_68' title="bbox 460 3502 2052 3579">
    <p class='ocr_par' dir='ltr' id='par_1_68' title="bbox 460 3502 2052 3579">
     <span class='ocr_line' id='line_1_68' title="bbox 460 3502 2052 3579; baseline -0.003 -18"><span class='ocrx_word' id='word_1_464' title='bbox 460 3507 659 3579; x_wconf 87' lang='grc' dir='ltr'>θαμεν.</span> <span class='ocrx_word' id='word_1_465' title='bbox 695 3525 714 3558; x_wconf 87' lang='grc'>›</span> <span class='ocrx_word' id='word_1_466' title='bbox 746 3504 1063 3578; x_wconf 81' lang='grc' dir='ltr'>Ζωαρχικὸν</span> <span class='ocrx_word' id='word_1_467' title='bbox 1088 3504 1145 3558; x_wconf 79' lang='grc' dir='ltr'>δὲ</span> <span class='ocrx_word' id='word_1_468' title='bbox 1177 3502 1339 3575; x_wconf 88' lang='grc' dir='ltr'>σῶμα</span> <span class='ocrx_word' id='word_1_469' title='bbox 1362 3503 1473 3557; x_wconf 78' lang='grc' dir='ltr'>οὐδ’</span> <span class='ocrx_word' id='word_1_470' title='bbox 1490 3503 1557 3557; x_wconf 84' lang='grc' dir='ltr'>ἂν</span> <span class='ocrx_word' id='word_1_471' title='bbox 1583 3504 1713 3557; x_wconf 82' lang='grc' dir='ltr'>ἄλλο</span> <span class='ocrx_word' id='word_1_472' title='bbox 1738 3506 2052 3574; x_wconf 89' lang='grc' dir='ltr'>νοήσοιμεν,</span> 
     </span>
    </p>
   </div>
   <div class='ocr_carea' id='block_1_69' title="bbox 460 3591 2055 3672">
    <p class='ocr_par' dir='ltr' id='par_1_69' title="bbox 460 3591 2055 3672">
     <span class='ocr_line' id='line_1_69' title="bbox 460 3591 2055 3672; baseline -0.003 -17"><span class='ocrx_word' id='word_1_473' title='bbox 460 3601 604 3672; x_wconf 77' lang='grc' dir='ltr'>πλὴν</span> <span class='ocrx_word' id='word_1_474' title='bbox 634 3599 731 3653; x_wconf 86' lang='grc' dir='ltr'><strong>τοῦ</strong></span> <span class='ocrx_word' id='word_1_475' title='bbox 771 3598 1020 3669; x_wconf 87' lang='grc' dir='ltr'>θεοδόχου</span> <span class='ocrx_word' id='word_1_476' title='bbox 1063 3599 1159 3651; x_wconf 74' lang='grc' dir='ltr'>καὶ</span> <span class='ocrx_word' id='word_1_477' title='bbox 1203 3596 1537 3667; x_wconf 80' lang='grc' dir='ltr'>παρθενικοῦ</span> <span class='ocrx_word' id='word_1_478' title='bbox 1584 3598 1846 3667; x_wconf 81' lang='grc' dir='ltr'>σκήνους,</span> <span class='ocrx_word' id='word_1_479' title='bbox 1890 3596 1949 3663; x_wconf 82' lang='grc' dir='ltr'>ἐξ</span> <span class='ocrx_word' id='word_1_480' title='bbox 1991 3591 2055 3650; x_wconf 81' lang='grc' dir='ltr'><strong>οὗ</strong></span> 
     </span>
    </p>
   </div>
   <div class='ocr_carea' id='block_1_70' title="bbox 458 3687 2054 3763">
    <p class='ocr_par' dir='ltr' id='par_1_70' title="bbox 458 3687 2054 3763">
     <span class='ocr_line' id='line_1_70' title="bbox 458 3687 2054 3763; baseline -0.004 -16"><span class='ocrx_word' id='word_1_481' title='bbox 458 3694 557 3748; x_wconf 81' lang='grc' dir='ltr'><strong>καὶ</strong></span> <span class='ocrx_word' id='word_1_482' title='bbox 585 3692 646 3746; x_wconf 86' lang='grc' dir='ltr'>τὸ</span> <span class='ocrx_word' id='word_1_483' title='bbox 675 3690 1013 3763; x_wconf 87' lang='grc' dir='ltr'>πρόσλημμα</span> <span class='ocrx_word' id='word_1_484' title='bbox 1038 3689 1249 3754; x_wconf 87' lang='grc' dir='ltr'>θεώσας</span> <span class='ocrx_word' id='word_1_485' title='bbox 1278 3690 1307 3743; x_wconf 94' lang='lat'><strong>6</strong></span> <span class='ocrx_word' id='word_1_486' title='bbox 1334 3687 1659 3760; x_wconf 78' lang='grc' dir='ltr'>ὑπερούσιος</span> <span class='ocrx_word' id='word_1_487' title='bbox 1677 3729 1691 3754; x_wconf 94' lang='grc'><strong>,</strong></span> <span class='ocrx_word' id='word_1_488' title='bbox 1727 3691 1819 3742; x_wconf 77' lang='grc' dir='ltr'><strong>καὶ</strong></span> <span class='ocrx_word' id='word_1_489' title='bbox 1848 3689 1930 3753; x_wconf 86' lang='grc' dir='ltr'><strong>εἰς</strong></span> <span class='ocrx_word' id='word_1_490' title='bbox 1957 3690 2054 3742; x_wconf 82' lang='grc' dir='ltr'><strong>οὐ·</strong></span> 
     </span>
    </p>
   </div>
   <div class='ocr_carea' id='block_1_71' title="bbox 461 3780 2054 3856">
    <p class='ocr_par' dir='ltr' id='par_1_71' title="bbox 461 3780 2054 3856">
     <span class='ocr_line' id='line_1_71' title="bbox 461 3780 2054 3856; baseline -0.004 -16"><span class='ocrx_word' id='word_1_491' title='bbox 461 3788 587 3841; x_wconf 78' lang='grc' dir='ltr'>σίαν</span> <span class='ocrx_word' id='word_1_492' title='bbox 609 3784 828 3856; x_wconf 86' lang='grc' dir='ltr'>ἀληθῶς</span> <span class='ocrx_word' id='word_1_493' title='bbox 854 3782 1026 3838; x_wconf 78' lang='grc' dir='ltr'>ἐλθὼν</span> <span class='ocrx_word' id='word_1_494' title='bbox 1043 3822 1057 3848; x_wconf 93' lang='grc'><strong>,</strong></span> <span class='ocrx_word' id='word_1_495' title='bbox 1085 3783 1225 3853; x_wconf 83' lang='grc' dir='ltr'>ὑπὲρ</span> <span class='ocrx_word' id='word_1_496' title='bbox 1250 3782 1441 3837; x_wconf 80' lang='grc' dir='ltr'>οὐσίαν</span> <span class='ocrx_word' id='word_1_497' title='bbox 1465 3780 1727 3853; x_wconf 77' lang='grc' dir='ltr'>οὐσιώθη.</span> <span class='ocrx_word' id='word_1_498' title='bbox 1753 3781 1828 3835; x_wconf 83' lang='grc' dir='ltr'><strong>Οὐ</strong></span> <span class='ocrx_word' id='word_1_499' title='bbox 1858 3781 1969 3852; x_wconf 81' lang='grc' dir='ltr'><strong>γὰρ</strong></span> <span class='ocrx_word' id='word_1_500' title='bbox 1991 3780 2054 3834; x_wconf 85' lang='grc' dir='ltr'>τὸ</span> 
     </span>
    </p>
   </div>
   <div class='ocr_carea' id='block_1_72' title="bbox 458 3874 2057 3949">
    <p class='ocr_par' dir='ltr' id='par_1_72' title="bbox 458 3874 2057 3949">
     <span class='ocr_line' id='line_1_72' title="bbox 458 3874 2057 3949; baseline -0.004 -14"><span class='ocrx_word' id='word_1_501' title='bbox 458 3879 793 3935; x_wconf 85' lang='grc' dir='ltr'>Δεσποτικόν</span> <span class='ocrx_word' id='word_1_502' title='bbox 811 3894 826 3908; x_wconf 70' lang='grc' dir='ltr'><strong>θ</strong></span> <span class='ocrx_word' id='word_1_503' title='bbox 852 3878 934 3931; x_wconf 83' lang='grc' dir='ltr'>ὅτι</span> <span class='ocrx_word' id='word_1_504' title='bbox 965 3876 1040 3949; x_wconf 84' lang='grc' dir='ltr'>μὴ</span> <span class='ocrx_word' id='word_1_505' title='bbox 1069 3876 1175 3948; x_wconf 76' lang='grc' dir='ltr'><strong>πρὸ</strong></span> <span class='ocrx_word' id='word_1_506' title='bbox 1197 3875 1292 3930; x_wconf 88' lang='grc' dir='ltr'><strong>τοῦ</strong></span> <span class='ocrx_word' id='word_1_507' title='bbox 1324 3875 1529 3940; x_wconf 81' lang='grc' dir='ltr'>πάθους</span> <span class='ocrx_word' id='word_1_508' title='bbox 1558 3875 1811 3947; x_wconf 85' lang='grc' dir='ltr'>παρῆσαν</span> <span class='ocrx_word' id='word_1_509' title='bbox 1834 3876 1883 3929; x_wconf 82' lang='grc' dir='ltr'>οἱ</span> <span class='ocrx_word' id='word_1_510' title='bbox 1917 3874 2057 3946; x_wconf 73' lang='grc' dir='ltr'>μετὰ</span> 
     </span>
    </p>
   </div>
   <div class='ocr_carea' id='block_1_73' title="bbox 458 3969 2050 4042">
    <p class='ocr_par' dir='ltr' id='par_1_73' title="bbox 458 3969 2050 4042">
     <span class='ocr_line' id='line_1_73' title="bbox 458 3969 2050 4042; baseline -0.003 -15"><span class='ocrx_word' id='word_1_511' title='bbox 458 3974 523 4027; x_wconf 82' lang='grc' dir='ltr'>τὸ</span> <span class='ocrx_word' id='word_1_512' title='bbox 551 3972 724 4036; x_wconf 75' lang='grc' dir='ltr'>πάθος</span> <span class='ocrx_word' id='word_1_513' title='bbox 749 3969 1164 4034; x_wconf 83' lang='grc' dir='ltr'>πιστεύσαντες.</span> <span class='ocrx_word' id='word_1_514' title='bbox 1196 3987 1214 4021; x_wconf 85' lang='grc' dir='ltr'><strong>ι</strong></span> <span class='ocrx_word' id='word_1_515' title='bbox 1244 3969 1593 4041; x_wconf 86' lang='grc' dir='ltr'>Θεολήπτους</span> <span class='ocrx_word' id='word_1_516' title='bbox 1621 3969 1680 4023; x_wconf 78' lang='grc' dir='ltr'>δὲ</span> <span class='ocrx_word' id='word_1_517' title='bbox 1709 3969 1993 4042; x_wconf 85' lang='grc' dir='ltr'>ίεράρχας,</span> <span class='ocrx_word' id='word_1_518' title='bbox 2030 3989 2050 4023; x_wconf 71' lang='grc' dir='ltr'><strong>ι</strong></span> 
     </span>
    </p>
   </div>
   <div class='ocr_carea' id='block_1_74' title="bbox 458 4060 2054 4138">
    <p class='ocr_par' dir='ltr' id='par_1_74' title="bbox 458 4060 2054 4138">
     <span class='ocr_line' id='line_1_74' title="bbox 458 4060 2054 4138; baseline -0.004 -18"><span class='ocrx_word' id='word_1_519' title='bbox 458 4067 586 4127; x_wconf 79' lang='grc' dir='ltr'>τοὺς</span> <span class='ocrx_word' id='word_1_520' title='bbox 611 4063 887 4129; x_wconf 88' lang='grc' dir='ltr'>θιασώτας</span> <span class='ocrx_word' id='word_1_521' title='bbox 913 4061 1068 4134; x_wconf 80' lang='grc' dir='ltr'>οἶμαι</span> <span class='ocrx_word' id='word_1_522' title='bbox 1089 4062 1201 4117; x_wconf 86' lang='grc' dir='ltr'><strong>τῶν</strong></span> <span class='ocrx_word' id='word_1_523' title='bbox 1223 4061 1505 4133; x_wconf 84' lang='grc' dir='ltr'>μαθητῶν,</span> <span class='ocrx_word' id='word_1_524' title='bbox 1529 4063 1606 4127; x_wconf 85' lang='grc' dir='ltr'>ὡς</span> <span class='ocrx_word' id='word_1_525' title='bbox 1630 4061 1932 4138; x_wconf 79' lang='grc' dir='ltr'>προέδρους</span> <span class='ocrx_word' id='word_1_526' title='bbox 1957 4060 2054 4114; x_wconf 87' lang='grc' dir='ltr'><strong>τοῦ</strong></span> 
     </span>
    </p>
   </div>
   <div class='ocr_carea' id='block_1_75' title="bbox 459 4154 2056 4229">
    <p class='ocr_par' dir='ltr' id='par_1_75' title="bbox 459 4154 2056 4229">
     <span class='ocr_line' id='line_1_75' title="bbox 459 4154 2056 4229; baseline -0.002 -17"><span class='ocrx_word' id='word_1_527' title='bbox 459 4159 645 4229; x_wconf 84' lang='grc' dir='ltr'>λόγου,</span> <span class='ocrx_word' id='word_1_528' title='bbox 697 4158 886 4228; x_wconf 84' lang='grc' dir='ltr'>σαφῶς</span> <span class='ocrx_word' id='word_1_529' title='bbox 913 4155 1149 4211; x_wconf 75' lang='grc' dir='ltr'>ἐνταῦθα</span> <span class='ocrx_word' id='word_1_530' title='bbox 1197 4156 1522 4227; x_wconf 84' lang='grc' dir='ltr'>παραδηλοῖ.</span> <span class='ocrx_word' id='word_1_531' title='bbox 1575 4157 1687 4210; x_wconf 77' lang='grc' dir='ltr'><strong>Καὶ</strong></span> <span class='ocrx_word' id='word_1_532' title='bbox 1736 4154 2056 4226; x_wconf 83' lang='grc' dir='ltr'>θαυμαστὸν</span> 
     </span>
    </p>
   </div>
   <div class='ocr_carea' id='block_1_76' title="bbox 461 4245 2053 4326">
    <p class='ocr_par' dir='ltr' id='par_1_76' title="bbox 461 4245 2053 4326">
     <span class='ocr_line' id='line_1_76' title="bbox 461 4245 2053 4326; baseline -0.004 -22"><span class='ocrx_word' id='word_1_533' title='bbox 461 4250 645 4318; x_wconf 72' lang='grc' dir='ltr'>οὐδὲν,</span> <span class='ocrx_word' id='word_1_534' title='bbox 676 4252 725 4303; x_wconf 88' lang='grc' dir='ltr'><strong>εί</strong></span> <span class='ocrx_word' id='word_1_535' title='bbox 758 4249 821 4303; x_wconf 82' lang='grc' dir='ltr'>τὸ</span> <span class='ocrx_word' id='word_1_536' title='bbox 854 4248 1059 4319; x_wconf 79' lang='grc' dir='ltr'>ὲξᾶραν</span> <span class='ocrx_word' id='word_1_537' title='bbox 1093 4245 1283 4300; x_wconf 77' lang='grc' dir='ltr'>Ἠλίαν</span> <span class='ocrx_word' id='word_1_538' title='bbox 1314 4246 1535 4326; x_wconf 80' lang='grc' dir='ltr'>πνεῦμά</span> <span class='ocrx_word' id='word_1_539' title='bbox 1568 4263 1700 4301; x_wconf 86' lang='grc' dir='ltr'>ποτε</span> <span class='ocrx_word' id='word_1_540' title='bbox 1722 4286 1736 4311; x_wconf 93' lang='grc'><strong>,</strong></span> <span class='ocrx_word' id='word_1_541' title='bbox 1768 4246 1862 4300; x_wconf 76' lang='grc' dir='ltr'><strong>καὶ</strong></span> <span class='ocrx_word' id='word_1_542' title='bbox 1892 4246 2053 4317; x_wconf 66' lang='grc' dir='ltr'>διφρη-</span> 
     </span>
    </p>
   </div>
   <div class='ocr_carea' id='block_1_77' title="bbox 464 4339 2056 4415">
    <p class='ocr_par' dir='ltr' id='par_1_77' title="bbox 464 4339 2056 4415">
     <span class='ocr_line' id='line_1_77' title="bbox 464 4339 2056 4415; baseline -0.003 -17"><span class='ocrx_word' id='word_1_543' title='bbox 464 4342 661 4415; x_wconf 76' lang='grc' dir='ltr'>ιλάτην</span> <span class='ocrx_word' id='word_1_544' title='bbox 682 4340 915 4413; x_wconf 83' lang='grc' dir='ltr'>οὐρανοῦ</span> <span class='ocrx_word' id='word_1_545' title='bbox 942 4339 1227 4411; x_wconf 81' lang='grc' dir='ltr'>πυρφόρον</span> <span class='ocrx_word' id='word_1_546' title='bbox 1255 4339 1525 4393; x_wconf 78' lang='grc' dir='ltr'>ἀναλαϐὸν</span> <span class='ocrx_word' id='word_1_547' title='bbox 1548 4341 1696 4410; x_wconf 80' lang='grc' dir='ltr'>ἄρτι,</span> <span class='ocrx_word' id='word_1_548' title='bbox 1721 4341 1841 4393; x_wconf 88' lang='grc' dir='ltr'>τότε</span> <span class='ocrx_word' id='word_1_549' title='bbox 1869 4339 2056 4394; x_wconf 84' lang='grc' dir='ltr'>κάκεί-</span> 
     </span>
    </p>
   </div>
   <div class='ocr_carea' id='block_1_78' title="bbox 408 4429 2054 4503">
    <p class='ocr_par' dir='ltr' id='par_1_78' title="bbox 408 4429 2054 4503">
     <span class='ocr_line' id='line_1_78' title="bbox 408 4429 2054 4503; baseline -0.001 -16"><span class='ocrx_word' id='word_1_550' title='bbox 408 4473 419 4503; x_wconf 73' lang='lat'><strong>,</strong></span> <span class='ocrx_word' id='word_1_551' title='bbox 464 4450 588 4497; x_wconf 90' lang='grc' dir='ltr'>νους</span> <span class='ocrx_word' id='word_1_552' title='bbox 624 4431 889 4503; x_wconf 77' lang='grc' dir='ltr'>ἐξαπίνης</span> <span class='ocrx_word' id='word_1_553' title='bbox 931 4431 1211 4501; x_wconf 88' lang='grc' dir='ltr'>συνήγαγε</span> <span class='ocrx_word' id='word_1_554' title='bbox 1253 4429 1342 4485; x_wconf 77' lang='grc' dir='ltr'><strong>διὰ</strong></span> <span class='ocrx_word' id='word_1_555' title='bbox 1384 4431 1617 4503; x_wconf 82' lang='grc' dir='ltr'>νεφέλης</span> <span class='ocrx_word' id='word_1_556' title='bbox 1656 4433 1715 4484; x_wconf 81' lang='grc' dir='ltr'>ὲν</span> <span class='ocrx_word' id='word_1_557' title='bbox 1754 4430 2054 4503; x_wconf 83' lang='grc' dir='ltr'>πνεύματι.</span> 
     </span>
    </p>
   </div>
   <div class='ocr_carea' id='block_1_79' title="bbox 390 4494 2056 4607">
    <p class='ocr_par' dir='ltr' id='par_1_79' title="bbox 390 4494 2056 4607">
     <span class='ocr_line' id='line_1_79' title="bbox 390 4494 2056 4607; baseline -0.001 -28"><span class='ocrx_word' id='word_1_558' title='bbox 390 4494 448 4607; x_wconf 47' lang='grc' dir='ltr'><strong>ἐξ</strong></span> <span class='ocrx_word' id='word_1_559' title='bbox 475 4494 683 4599; x_wconf 28' lang='grc' dir='ltr'>Ῥᾷσταν</span> <span class='ocrx_word' id='word_1_560' title='bbox 700 4525 810 4597; x_wconf 86' lang='grc' dir='ltr'>γὰρ</span> <span class='ocrx_word' id='word_1_561' title='bbox 840 4494 1020 4579; x_wconf 76' lang='grc' dir='ltr'>πάντα</span> <span class='ocrx_word' id='word_1_562' title='bbox 1046 4494 1185 4595; x_wconf 51' lang='lat' dir='ltr'><strong>Catii,</strong></span> <span class='ocrx_word' id='word_1_563' title='bbox 1210 4522 1393 4587; x_wconf 84' lang='grc' dir='ltr'>καθὼς</span> <span class='ocrx_word' id='word_1_564' title='bbox 1421 4494 1478 4578; x_wconf 72' lang='grc' dir='ltr'>ἐν</span> <span class='ocrx_word' id='word_1_565' title='bbox 1499 4494 1582 4596; x_wconf 64' lang='grc' dir='ltr'><strong>τῶ</strong></span> <span class='ocrx_word' id='word_1_566' title='bbox 1603 4494 1931 4595; x_wconf 79' lang='grc' dir='ltr'>Ἀμδακοὺμ</span> <span class='ocrx_word' id='word_1_567' title='bbox 1958 4525 2056 4580; x_wconf 76' lang='grc' dir='ltr'><strong>καὶ</strong></span> 
     </span>
    </p>
   </div>
   <div class='ocr_carea' id='block_1_80' title="bbox 404 4558 451 4647">
    <p class='ocr_par' dir='ltr' id='par_1_80' title="bbox 404 4558 451 4647">
     <span class='ocr_line' id='line_1_80' title="bbox 404 4558 451 4647; baseline 0 -42"><span class='ocrx_word' id='word_1_568' title='bbox 404 4558 451 4647; x_wconf 52' lang='grc' dir='ltr'>ς,</span> 
     </span>
    </p>
   </div>
   <div class='ocr_carea' id='block_1_81' title="bbox 390 4612 1074 4707">
    <p class='ocr_par' dir='ltr' id='par_1_81' title="bbox 390 4612 1074 4707">
     <span class='ocr_line' id='line_1_81' title="bbox 390 4612 1074 4707; baseline -0.001 -32"><span class='ocrx_word' id='word_1_569' title='bbox 390 4612 537 4707; x_wconf 79' lang='grc' dir='ltr'>τῷ</span> <span class='ocrx_word' id='word_1_570' title='bbox 570 4621 773 4691; x_wconf 81' lang='grc' dir='ltr'>Δανιὴλ</span> <span class='ocrx_word' id='word_1_571' title='bbox 807 4619 1074 4689; x_wconf 73' lang='grc' dir='ltr'>ἔγνωμεν.</span> 
     </span>
    </p>
   </div>
   <div class='ocr_carea' id='block_1_82' title="bbox 2159 3410 3751 3482">
    <p class='ocr_par' dir='ltr' id='par_1_82' title="bbox 2159 3410 3751 3482">
     <span class='ocr_line' id='line_1_82' title="bbox 2159 3410 3751 3482; baseline 0.006 -16"><span class='ocrx_word' id='word_1_572' title='bbox 2159 3412 2430 3476; x_wconf 84' lang='lat' dir='ltr'><strong>dedisset,</strong></span> <span class='ocrx_word' id='word_1_573' title='bbox 2476 3410 2760 3481; x_wconf 91' lang='lat' dir='ltr'><strong>Deumque</strong></span> <span class='ocrx_word' id='word_1_574' title='bbox 2785 3413 3152 3482; x_wconf 84' lang='lat' dir='ltr'><strong>suscepisset,</strong></span> <span class='ocrx_word' id='word_1_575' title='bbox 3194 3416 3577 3471; x_wconf 87' lang='lat' dir='ltr'><strong>contuendum</strong></span> <span class='ocrx_word' id='word_1_576' title='bbox 3612 3433 3751 3474; x_wconf 80' lang='lat' dir='ltr'><strong>con-</strong></span> 
     </span>
    </p>
   </div>
   <div class='ocr_carea' id='block_1_83' title="bbox 2159 3499 3756 3575">
    <p class='ocr_par' dir='ltr' id='par_1_83' title="bbox 2159 3499 3756 3575">
     <span class='ocr_line' id='line_1_83' title="bbox 2159 3499 3756 3575; baseline 0.005 -20"><span class='ocrx_word' id='word_1_577' title='bbox 2159 3502 2525 3559; x_wconf 85' lang='lat' dir='ltr'><strong>venissemus.</strong></span> <span class='ocrx_word' id='word_1_578' title='bbox 2561 3519 2581 3552; x_wconf 74' lang='grc' dir='ltr'><strong>ι</strong></span> <span class='ocrx_word' id='word_1_579' title='bbox 2613 3499 2888 3557; x_wconf 66' lang='lat' dir='ltr'><strong>Caeterum</strong></span> <span class='ocrx_word' id='word_1_580' title='bbox 2938 3502 3155 3558; x_wconf 91' lang='lat' dir='ltr'><strong>nullum</strong></span> <span class='ocrx_word' id='word_1_581' title='bbox 3216 3503 3368 3559; x_wconf 84' lang='lat' dir='ltr'><strong>aliud</strong></span> <span class='ocrx_word' id='word_1_582' title='bbox 3419 3507 3756 3575; x_wconf 83' lang='lat' dir='ltr'><strong>cogitaveri-</strong></span> 
     </span>
    </p>
   </div>
   <div class='ocr_carea' id='block_1_84' title="bbox 2160 3594 3751 3673">
    <p class='ocr_par' dir='ltr' id='par_1_84' title="bbox 2160 3594 3751 3673">
     <span class='ocr_line' id='line_1_84' title="bbox 2160 3594 3751 3673; baseline 0.006 -24"><span class='ocrx_word' id='word_1_583' title='bbox 2160 3611 2282 3651; x_wconf 88' lang='lat' dir='ltr'><strong>mus</strong></span> <span class='ocrx_word' id='word_1_584' title='bbox 2313 3594 2525 3651; x_wconf 88' lang='lat' dir='ltr'><strong>dictnm</strong></span> <span class='ocrx_word' id='word_1_585' title='bbox 2568 3594 2927 3651; x_wconf 77' lang='lat' dir='ltr'><strong>zoarchicum</strong></span> <span class='ocrx_word' id='word_1_586' title='bbox 2952 3610 3179 3667; x_wconf 88' lang='lat' dir='ltr'><strong>corpus,</strong></span> <span class='ocrx_word' id='word_1_587' title='bbox 3214 3606 3416 3667; x_wconf 67' lang='lat' dir='ltr'><strong>praeter</strong></span> <span class='ocrx_word' id='word_1_588' title='bbox 3444 3600 3578 3655; x_wconf 89' lang='lat' dir='ltr'><strong>illud</strong></span> <span class='ocrx_word' id='word_1_589' title='bbox 3600 3603 3751 3673; x_wconf 88' lang='lat' dir='ltr'><strong>quod</strong></span> 
     </span>
    </p>
   </div>
   <div class='ocr_carea' id='block_1_85' title="bbox 2157 3688 3753 3766">
    <p class='ocr_par' dir='ltr' id='par_1_85' title="bbox 2157 3688 3753 3766">
     <span class='ocr_line' id='line_1_85' title="bbox 2157 3688 3753 3766; baseline 0.007 -25"><span class='ocrx_word' id='word_1_590' title='bbox 2157 3693 2327 3745; x_wconf 90' lang='lat' dir='ltr'><strong>vitam</strong></span> <span class='ocrx_word' id='word_1_591' title='bbox 2352 3689 2643 3756; x_wconf 85' lang='lat' dir='ltr'><strong>edidisset,</strong></span> <span class='ocrx_word' id='word_1_592' title='bbox 2664 3703 2731 3744; x_wconf 90' lang='lat' dir='ltr'><strong>ac</strong></span> <span class='ocrx_word' id='word_1_593' title='bbox 2753 3688 3027 3760; x_wconf 76' lang='lat' dir='ltr'><strong>virginale</strong></span> <span class='ocrx_word' id='word_1_594' title='bbox 3056 3691 3480 3748; x_wconf 86' lang='lat' dir='ltr'><strong>tabernaculum</strong></span> <span class='ocrx_word' id='word_1_595' title='bbox 3503 3711 3518 3761; x_wconf 89' lang='lat'><strong>;</strong></span> <span class='ocrx_word' id='word_1_596' title='bbox 3547 3710 3613 3750; x_wconf 79' lang='lat' dir='ltr'><strong>ex</strong></span> <span class='ocrx_word' id='word_1_597' title='bbox 3639 3710 3753 3766; x_wconf 89' lang='lat' dir='ltr'><strong>quo</strong></span> 
     </span>
    </p>
   </div>
   <div class='ocr_carea' id='block_1_86' title="bbox 2156 3781 3752 3854">
    <p class='ocr_par' dir='ltr' id='par_1_86' title="bbox 2156 3781 3752 3854">
     <span class='ocr_line' id='line_1_86' title="bbox 2156 3781 3752 3854; baseline 0.006 -19"><span class='ocrx_word' id='word_1_598' title='bbox 2156 3781 2324 3836; x_wconf 87' lang='lat' dir='ltr'><strong>etiam</strong></span> <span class='ocrx_word' id='word_1_599' title='bbox 2360 3788 2704 3852; x_wconf 86' lang='lat' dir='ltr'><strong>assumptam</strong></span> <span class='ocrx_word' id='word_1_600' title='bbox 2736 3795 2986 3848; x_wconf 90' lang='lat' dir='ltr'><strong>carnem,</strong></span> <span class='ocrx_word' id='word_1_601' title='bbox 3012 3781 3060 3839; x_wconf 96' lang='lat' dir='ltr'><strong>is</strong></span> <span class='ocrx_word' id='word_1_602' title='bbox 3091 3783 3189 3854; x_wconf 91' lang='lat' dir='ltr'><strong>qui</strong></span> <span class='ocrx_word' id='word_1_603' title='bbox 3220 3784 3403 3854; x_wconf 84' lang='lat' dir='ltr'><strong>major</strong></span> <span class='ocrx_word' id='word_1_604' title='bbox 3433 3786 3752 3844; x_wconf 88' lang='lat' dir='ltr'><strong>substantia</strong></span> 
     </span>
    </p>
   </div>
   <div class='ocr_carea' id='block_1_87' title="bbox 2156 3874 3754 3948">
    <p class='ocr_par' dir='ltr' id='par_1_87' title="bbox 2156 3874 3754 3948">
     <span class='ocr_line' id='line_1_87' title="bbox 2156 3874 3754 3948; baseline 0.004 -17"><span class='ocrx_word' id='word_1_605' title='bbox 2156 3881 2263 3941; x_wconf 84' lang='lat' dir='ltr'><strong>est,</strong></span> <span class='ocrx_word' id='word_1_606' title='bbox 2298 3874 2593 3930; x_wconf 86' lang='lat' dir='ltr'><strong>divinitate</strong></span> <span class='ocrx_word' id='word_1_607' title='bbox 2645 3874 2917 3940; x_wconf 87' lang='lat' dir='ltr'><strong>donavit,</strong></span> <span class='ocrx_word' id='word_1_608' title='bbox 2957 3882 3189 3948; x_wconf 90' lang='lat' dir='ltr'><strong>totaque</strong></span> <span class='ocrx_word' id='word_1_609' title='bbox 3232 3879 3473 3936; x_wconf 86' lang='lat' dir='ltr'><strong>veritate</strong></span> <span class='ocrx_word' id='word_1_610' title='bbox 3515 3882 3584 3937; x_wconf 91' lang='lat' dir='ltr'><strong>ad</strong></span> <span class='ocrx_word' id='word_1_611' title='bbox 3620 3883 3754 3938; x_wconf 86' lang='lat' dir='ltr'><strong>sub-</strong></span> 
     </span>
    </p>
   </div>
   <div class='ocr_carea' id='block_1_88' title="bbox 2157 3967 3752 4041">
    <p class='ocr_par' dir='ltr' id='par_1_88' title="bbox 2157 3967 3752 4041">
     <span class='ocr_line' id='line_1_88' title="bbox 2157 3967 3752 4041; baseline 0.003 -15"><span class='ocrx_word' id='word_1_612' title='bbox 2157 3971 2419 4026; x_wconf 88' lang='lat' dir='ltr'><strong>stantiam</strong></span> <span class='ocrx_word' id='word_1_613' title='bbox 2446 3967 2679 4024; x_wconf 86' lang='lat' dir='ltr'><strong>veniens</strong></span> <span class='ocrx_word' id='word_1_614' title='bbox 2699 3999 2715 4032; x_wconf 82' lang='lat'><strong>,</strong></span> <span class='ocrx_word' id='word_1_615' title='bbox 2743 3967 2931 4023; x_wconf 89' lang='lat' dir='ltr'><strong>altiori</strong></span> <span class='ocrx_word' id='word_1_616' title='bbox 2966 3984 3139 4041; x_wconf 87' lang='lat' dir='ltr'><strong>supra</strong></span> <span class='ocrx_word' id='word_1_617' title='bbox 3169 3972 3547 4029; x_wconf 84' lang='lat' dir='ltr'><strong>substantiam</strong></span> <span class='ocrx_word' id='word_1_618' title='bbox 3584 3975 3752 4031; x_wconf 92' lang='lat' dir='ltr'><strong>modo</strong></span> 
     </span>
    </p>
   </div>
   <div class='ocr_carea' id='block_1_89' title="bbox 2155 4059 3753 4140">
    <p class='ocr_par' dir='ltr' id='par_1_89' title="bbox 2155 4059 3753 4140">
     <span class='ocr_line' id='line_1_89' title="bbox 2155 4059 3753 4140; baseline 0.006 -24"><span class='ocrx_word' id='word_1_619' title='bbox 2155 4060 2526 4116; x_wconf 80' lang='lat' dir='ltr'><strong>substantiam</strong></span> <span class='ocrx_word' id='word_1_620' title='bbox 2570 4060 2774 4115; x_wconf 90' lang='lat' dir='ltr'><strong>induit.</strong></span> <span class='ocrx_word' id='word_1_621' title='bbox 2833 4059 2955 4115; x_wconf 83' lang='lat' dir='ltr'><strong>Non</strong></span> <span class='ocrx_word' id='word_1_622' title='bbox 3014 4062 3163 4117; x_wconf 91' lang='lat' dir='ltr'><strong>enim</strong></span> <span class='ocrx_word' id='word_1_623' title='bbox 3214 4063 3494 4134; x_wconf 88' lang='lat' dir='ltr'><strong>ejusmodi</strong></span> <span class='ocrx_word' id='word_1_624' title='bbox 3548 4082 3753 4140; x_wconf 84' lang='lat' dir='ltr'><strong>corpus</strong></span> 
     </span>
    </p>
   </div>
   <div class='ocr_carea' id='block_1_90' title="bbox 2157 4150 3753 4215">
    <p class='ocr_par' dir='ltr' id='par_1_90' title="bbox 2157 4150 3753 4215">
     <span class='ocr_line' id='line_1_90' title="bbox 2157 4150 3753 4215; baseline 0.005 -8"><span class='ocrx_word' id='word_1_625' title='bbox 2157 4151 2295 4207; x_wconf 88' lang='lat' dir='ltr'><strong>illud</strong></span> <span class='ocrx_word' id='word_1_626' title='bbox 2335 4150 2690 4207; x_wconf 90' lang='lat' dir='ltr'><strong>Dominicum</strong></span> <span class='ocrx_word' id='word_1_627' title='bbox 2727 4150 2919 4207; x_wconf 83' lang='lat' dir='ltr'><strong>fuerit.</strong></span> <span class='ocrx_word' id='word_1_628' title='bbox 2943 4153 3084 4208; x_wconf 82' lang='lat' dir='ltr'><strong>Nam</strong></span> <span class='ocrx_word' id='word_1_629' title='bbox 3118 4168 3228 4210; x_wconf 92' lang='lat' dir='ltr'><strong>non</strong></span> <span class='ocrx_word' id='word_1_630' title='bbox 3260 4155 3576 4215; x_wconf 78' lang='lat' dir='ltr'><strong>adfuissent</strong></span> <span class='ocrx_word' id='word_1_631' title='bbox 3621 4168 3753 4215; x_wconf 87' lang='lat' dir='ltr'><strong>ante</strong></span> 
     </span>
    </p>
   </div>
   <div class='ocr_carea' id='block_1_91' title="bbox 2157 4243 3747 4315">
    <p class='ocr_par' dir='ltr' id='par_1_91' title="bbox 2157 4243 3747 4315">
     <span class='ocr_line' id='line_1_91' title="bbox 2157 4243 3747 4315; baseline 0.006 -18"><span class='ocrx_word' id='word_1_632' title='bbox 2157 4243 2514 4315; x_wconf 85' lang='lat' dir='ltr'><strong>passionem,</strong></span> <span class='ocrx_word' id='word_1_633' title='bbox 2583 4243 2679 4314; x_wconf 92' lang='lat' dir='ltr'><strong>qui</strong></span> <span class='ocrx_word' id='word_1_634' title='bbox 2746 4251 2874 4313; x_wconf 88' lang='lat' dir='ltr'><strong>post</strong></span> <span class='ocrx_word' id='word_1_635' title='bbox 2959 4244 3277 4314; x_wconf 87' lang='lat' dir='ltr'><strong>passionem</strong></span> <span class='ocrx_word' id='word_1_636' title='bbox 3350 4249 3747 4306; x_wconf 86' lang='lat' dir='ltr'><strong>credidissent.</strong></span> 
     </span>
    </p>
   </div>
   <div class='ocr_carea' id='block_1_92' title="bbox 2162 4334 3750 4405">
    <p class='ocr_par' dir='ltr' id='par_1_92' title="bbox 2162 4334 3750 4405">
     <span class='ocr_line' id='line_1_92' title="bbox 2162 4334 3750 4405; baseline 0.006 -15"><span class='ocrx_word' id='word_1_637' title='bbox 2162 4358 2182 4390; x_wconf 77' lang='grc' dir='ltr'><strong>ι</strong></span> <span class='ocrx_word' id='word_1_638' title='bbox 2236 4337 2349 4393; x_wconf 90' lang='lat' dir='ltr'><strong>Deo</strong></span> <span class='ocrx_word' id='word_1_639' title='bbox 2379 4334 2823 4396; x_wconf 70' lang='lat' dir='ltr'><strong>autenralﬂatos</strong></span> <span class='ocrx_word' id='word_1_640' title='bbox 2864 4350 3158 4392; x_wconf 89' lang='lat' dir='ltr'><strong>sacrorum</strong></span> <span class='ocrx_word' id='word_1_641' title='bbox 3217 4338 3542 4405; x_wconf 85' lang='lat' dir='ltr'><strong>antistites,</strong></span> <span class='ocrx_word' id='word_1_642' title='bbox 3593 4360 3612 4394; x_wconf 74' lang='grc' dir='ltr'><strong>ι</strong></span> <span class='ocrx_word' id='word_1_643' title='bbox 3653 4356 3750 4399; x_wconf 89' lang='lat' dir='ltr'><strong>eos</strong></span> 
     </span>
    </p>
   </div>
   <div class='ocr_carea' id='block_1_93' title="bbox 2156 4429 3752 4503">
    <p class='ocr_par' dir='ltr' id='par_1_93' title="bbox 2156 4429 3752 4503">
     <span class='ocr_line' id='line_1_93' title="bbox 2156 4429 3752 4503; baseline 0.004 -17"><span class='ocrx_word' id='word_1_644' title='bbox 2156 4440 2295 4503; x_wconf 91' lang='lat' dir='ltr'><strong>puto</strong></span> <span class='ocrx_word' id='word_1_645' title='bbox 2352 4429 2504 4486; x_wconf 89' lang='lat' dir='ltr'><strong>clare</strong></span> <span class='ocrx_word' id='word_1_646' title='bbox 2552 4429 2662 4485; x_wconf 93' lang='lat' dir='ltr'><strong>hoc</strong></span> <span class='ocrx_word' id='word_1_647' title='bbox 2717 4431 2842 4484; x_wconf 83' lang='lat' dir='ltr'><strong>loco</strong></span> <span class='ocrx_word' id='word_1_648' title='bbox 2909 4429 3283 4501; x_wconf 85' lang='lat' dir='ltr'><strong>significatos,</strong></span> <span class='ocrx_word' id='word_1_649' title='bbox 3333 4433 3431 4503; x_wconf 89' lang='lat' dir='ltr'><strong>qui</strong></span> <span class='ocrx_word' id='word_1_650' title='bbox 3480 4444 3672 4492; x_wconf 86' lang='lat' dir='ltr'><strong>essent</strong></span> <span class='ocrx_word' id='word_1_651' title='bbox 3718 4453 3752 4493; x_wconf 79' lang='grc' dir='ltr'><strong>ο</strong></span> 
     </span>
    </p>
   </div>
   <div class='ocr_carea' id='block_1_94' title="bbox 2156 4521 3751 4596">
    <p class='ocr_par' dir='ltr' id='par_1_94' title="bbox 2156 4521 3751 4596">
     <span class='ocr_line' id='line_1_94' title="bbox 2156 4521 3751 4596; baseline 0.005 -17"><span class='ocrx_word' id='word_1_652' title='bbox 2156 4522 2559 4594; x_wconf 89' lang='lat' dir='ltr'><strong>discipulorum</strong></span> <span class='ocrx_word' id='word_1_653' title='bbox 2593 4521 2789 4589; x_wconf 88' lang='lat' dir='ltr'><strong>choro,</strong></span> <span class='ocrx_word' id='word_1_654' title='bbox 2822 4530 3086 4592; x_wconf 87' lang='lat' dir='ltr'><strong>tanquam</strong></span> <span class='ocrx_word' id='word_1_655' title='bbox 3117 4524 3269 4579; x_wconf 88' lang='lat' dir='ltr'><strong>verbi</strong></span> <span class='ocrx_word' id='word_1_656' title='bbox 3305 4523 3617 4596; x_wconf 75' lang='lat' dir='ltr'><strong>praefectos.</strong></span> <span class='ocrx_word' id='word_1_657' title='bbox 3636 4527 3751 4586; x_wconf 88' lang='lat' dir='ltr'><strong>Nec</strong></span> 
     </span>
    </p>
   </div>
   <div class='ocr_carea' id='block_1_95' title="bbox 2088 4613 3756 4689">
    <p class='ocr_par' dir='ltr' id='par_1_95' title="bbox 2088 4613 3756 4689">
     <span class='ocr_line' id='line_1_95' title="bbox 2088 4613 3756 4689; baseline 0.002 -15"><span class='ocrx_word' id='word_1_658' title='bbox 2088 4619 2133 4673; x_wconf 92' lang='lat' dir='ltr'><strong>D</strong></span> <span class='ocrx_word' id='word_1_659' title='bbox 2156 4618 2464 4689; x_wconf 88' lang='lat' dir='ltr'><strong>quidquam</strong></span> <span class='ocrx_word' id='word_1_660' title='bbox 2504 4614 2736 4681; x_wconf 89' lang='lat' dir='ltr'><strong>mirum,</strong></span> <span class='ocrx_word' id='word_1_661' title='bbox 2772 4622 2834 4670; x_wconf 88' lang='lat' dir='ltr'><strong>ut</strong></span> <span class='ocrx_word' id='word_1_662' title='bbox 2864 4613 3111 4686; x_wconf 85' lang='lat' dir='ltr'><strong>Spiritus</strong></span> <span class='ocrx_word' id='word_1_663' title='bbox 3133 4616 3229 4687; x_wconf 89' lang='lat' dir='ltr'><strong>qui</strong></span> <span class='ocrx_word' id='word_1_664' title='bbox 3261 4618 3545 4689; x_wconf 88' lang='lat' dir='ltr'><strong>quondam</strong></span> <span class='ocrx_word' id='word_1_665' title='bbox 3591 4629 3756 4677; x_wconf 65' lang='lat' dir='ltr'><strong>extuo</strong></span> 
     </span>
    </p>
   </div>
   <div class='ocr_carea' id='block_1_96' title="bbox 382 4699 3752 4786">
    <p class='ocr_par' dir='ltr' id='par_1_96' title="bbox 382 4699 3752 4786">
     <span class='ocr_line' id='line_1_96' title="bbox 382 4699 3752 4786; baseline 0.001 -20"><span class='ocrx_word' id='word_1_666' title='bbox 382 4699 620 4786; x_wconf 29' lang='lat' dir='ltr'><strong>:fflisset</strong></span> <span class='ocrx_word' id='word_1_667' title='bbox 650 4712 847 4778; x_wconf 82' lang='lat' dir='ltr'><strong>Etiam,</strong></span> <span class='ocrx_word' id='word_1_668' title='bbox 875 4714 1239 4783; x_wconf 77' lang='lat' dir='ltr'><strong>aurigamque</strong></span> <span class='ocrx_word' id='word_1_669' title='bbox 1282 4711 1408 4768; x_wconf 62' lang='lat' dir='ltr'><strong>creti</strong></span> <span class='ocrx_word' id='word_1_670' title='bbox 1461 4708 1763 4782; x_wconf 79' lang='lat' dir='ltr'><strong>igniferum</strong></span> <span class='ocrx_word' id='word_1_671' title='bbox 1825 4714 2251 4785; x_wconf 88' lang='lat' dir='ltr'><strong>assumpsisset,</strong></span> <span class='ocrx_word' id='word_1_672' title='bbox 2286 4724 2384 4766; x_wconf 89' lang='lat' dir='ltr'><strong>eos</strong></span> <span class='ocrx_word' id='word_1_673' title='bbox 2415 4708 2583 4764; x_wconf 91' lang='lat' dir='ltr'><strong>etiam</strong></span> <span class='ocrx_word' id='word_1_674' title='bbox 2611 4722 2709 4777; x_wconf 89' lang='lat' dir='ltr'><strong>per</strong></span> <span class='ocrx_word' id='word_1_675' title='bbox 2740 4708 2942 4762; x_wconf 91' lang='lat' dir='ltr'><strong>nubem</strong></span> <span class='ocrx_word' id='word_1_676' title='bbox 2971 4707 3028 4764; x_wconf 93' lang='lat' dir='ltr'><strong>in</strong></span> <span class='ocrx_word' id='word_1_677' title='bbox 3094 4711 3293 4783; x_wconf 90' lang='lat' dir='ltr'><strong>spiritu</strong></span> <span class='ocrx_word' id='word_1_678' title='bbox 3360 4712 3415 4767; x_wconf 91' lang='lat' dir='ltr'><strong>id</strong></span> <span class='ocrx_word' id='word_1_679' title='bbox 3485 4716 3752 4786; x_wconf 86' lang='lat' dir='ltr'><strong>temporis</strong></span> 
     </span>
    </p>
   </div>
   <div class='ocr_carea' id='block_1_97' title="bbox 442 4897 812 4960">
    <p class='ocr_par' dir='ltr' id='par_1_97' title="bbox 442 4897 812 4960">
     <span class='ocr_line' id='line_1_97' title="bbox 442 4897 812 4960; baseline -0.003 0"><span class='ocrx_word' id='word_1_680' title='bbox 442 4904 721 4960; x_wconf 88' lang='lat' dir='ltr'><strong>‘novimus</strong></span> <span class='ocrx_word' id='word_1_681' title='bbox 766 4897 812 4959; x_wconf 69' lang='grc' dir='ltr'><strong>ί.</strong></span> 
     </span>
    </p>
   </div>
   <div class='ocr_carea' id='block_1_98' title="bbox 533 4993 2058 5064">
    <p class='ocr_par' dir='ltr' id='par_1_98' title="bbox 533 4993 2058 5064">
     <span class='ocr_line' id='line_1_98' title="bbox 533 4993 2058 5064; baseline -0.001 -15"><span class='ocrx_word' id='word_1_682' title='bbox 533 4995 772 5057; x_wconf 82' lang='grc' dir='ltr'>Τούτους</span> <span class='ocrx_word' id='word_1_683' title='bbox 810 4994 867 5048; x_wconf 81' lang='grc' dir='ltr'>δὲ</span> <span class='ocrx_word' id='word_1_684' title='bbox 906 4993 1067 5058; x_wconf 79' lang='grc' dir='ltr'>ὅσους</span> <span class='ocrx_word' id='word_1_685' title='bbox 1108 4993 1175 5048; x_wconf 85' lang='grc' dir='ltr'>ἂν</span> <span class='ocrx_word' id='word_1_686' title='bbox 1216 4995 1317 5048; x_wconf 77' lang='grc' dir='ltr'>οἴει</span> <span class='ocrx_word' id='word_1_687' title='bbox 1353 4993 1498 5061; x_wconf 85' lang='grc' dir='ltr'>τότε,</span> <span class='ocrx_word' id='word_1_688' title='bbox 1541 4994 1819 5064; x_wconf 83' lang='grc' dir='ltr'>ἁγαπητὲ,</span> <span class='ocrx_word' id='word_1_689' title='bbox 1863 4993 2058 5058; x_wconf 75' lang='grc' dir='ltr'>ἄλλους</span> 
     </span>
    </p>
   </div>
   <div class='ocr_carea' id='block_1_99' title="bbox 463 5087 2057 5161">
    <p class='ocr_par' dir='ltr' id='par_1_99' title="bbox 463 5087 2057 5161">
     <span class='ocr_line' id='line_1_99' title="bbox 463 5087 2057 5161; baseline -0.003 -14"><span class='ocrx_word' id='word_1_690' title='bbox 463 5092 687 5148; x_wconf 76' lang='grc' dir='ltr'>ἂλλοθεν</span> <span class='ocrx_word' id='word_1_691' title='bbox 727 5090 963 5153; x_wconf 83' lang='grc' dir='ltr'>ὀπαδοὺς</span> <span class='ocrx_word' id='word_1_692' title='bbox 1010 5088 1200 5143; x_wconf 77' lang='grc' dir='ltr'>αὐτόθι</span> <span class='ocrx_word' id='word_1_693' title='bbox 1245 5088 1701 5158; x_wconf 88' lang='grc' dir='ltr'>συνενεχθέντας;</span> <span class='ocrx_word' id='word_1_694' title='bbox 1747 5087 1909 5142; x_wconf 87' lang='grc' dir='ltr'>τοῦτο</span> <span class='ocrx_word' id='word_1_695' title='bbox 1948 5087 2057 5161; x_wconf 84' lang='grc' dir='ltr'><strong>γὰρ</strong></span> 
     </span>
    </p>
   </div>
   <div class='ocr_carea' id='block_1_100' title="bbox 462 5179 2052 5256">
    <p class='ocr_par' dir='ltr' id='par_1_100' title="bbox 462 5179 2052 5256">
     <span class='ocr_line' id='line_1_100' title="bbox 462 5179 2052 5256; baseline -0.003 -17"><span class='ocrx_word' id='word_1_696' title='bbox 462 5186 617 5256; x_wconf 85' lang='grc' dir='ltr'>δηλοῖ</span> <span class='ocrx_word' id='word_1_697' title='bbox 648 5182 738 5237; x_wconf 68' lang='lat'><strong>1:6-</strong></span> <span class='ocrx_word' id='word_1_698' title='bbox 784 5202 801 5235; x_wconf 87' lang='grc' dir='ltr'><strong>ι</strong></span> <span class='ocrx_word' id='word_1_699' title='bbox 845 5180 956 5235; x_wconf 74' lang='grc' dir='ltr'><strong>Καὶ</strong></span> <span class='ocrx_word' id='word_1_700' title='bbox 993 5180 1178 5235; x_wconf 77' lang='grc' dir='ltr'>πολλοὶ</span> <span class='ocrx_word' id='word_1_701' title='bbox 1210 5179 1320 5234; x_wconf 89' lang='grc' dir='ltr'><strong>τῶν</strong></span> <span class='ocrx_word' id='word_1_702' title='bbox 1351 5179 1514 5250; x_wconf 91' lang='grc' dir='ltr'>ίερῶν</span> <span class='ocrx_word' id='word_1_703' title='bbox 1544 5180 1701 5252; x_wconf 80' lang='grc' dir='ltr'>ἡμῶν</span> <span class='ocrx_word' id='word_1_704' title='bbox 1732 5180 1997 5249; x_wconf 84' lang='grc' dir='ltr'>ἀδελφῶν.</span> <span class='ocrx_word' id='word_1_705' title='bbox 2033 5201 2052 5234; x_wconf 71' lang='grc' dir='ltr'><strong>ι</strong></span> 
     </span>
    </p>
   </div>
   <div class='ocr_carea' id='block_1_101' title="bbox 478 5267 2055 5343">
    <p class='ocr_par' dir='ltr' id='par_1_101' title="bbox 478 5267 2055 5343">
     <span class='ocr_line' id='line_1_101' title="bbox 478 5267 2055 5343; baseline -0.003 -15"><span class='ocrx_word' id='word_1_706' title='bbox 478 5275 567 5337; x_wconf 79' lang='grc' dir='ltr'>Ὠς</span> <span class='ocrx_word' id='word_1_707' title='bbox 594 5273 756 5343; x_wconf 84' lang='grc' dir='ltr'>δῆλον</span> <span class='ocrx_word' id='word_1_708' title='bbox 784 5267 923 5326; x_wconf 77' lang='grc' dir='ltr'>εἶναι</span> <span class='ocrx_word' id='word_1_709' title='bbox 953 5271 1087 5341; x_wconf 80' lang='grc' dir='ltr'>μηδὲ</span> <span class='ocrx_word' id='word_1_710' title='bbox 1116 5268 1224 5323; x_wconf 88' lang='grc' dir='ltr'><strong>τῶν</strong></span> <span class='ocrx_word' id='word_1_711' title='bbox 1250 5268 1482 5332; x_wconf 79' lang='grc' dir='ltr'>ἑπτάκις</span> <span class='ocrx_word' id='word_1_712' title='bbox 1497 5270 1630 5323; x_wconf 84' lang='grc' dir='ltr'>δέκα</span> <span class='ocrx_word' id='word_1_713' title='bbox 1648 5310 1662 5334; x_wconf 89' lang='grc'><strong>,</strong></span> <span class='ocrx_word' id='word_1_714' title='bbox 1689 5269 1799 5323; x_wconf 86' lang='grc' dir='ltr'><strong>τῶν</strong></span> <span class='ocrx_word' id='word_1_715' title='bbox 1826 5269 2055 5340; x_wconf 80' lang='grc' dir='ltr'>ὕστερον</span> 
     </span>
    </p>
   </div>
   <div class='ocr_carea' id='block_1_102' title="bbox 461 5360 2055 5433">
    <p class='ocr_par' dir='ltr' id='par_1_102' title="bbox 461 5360 2055 5433">
     <span class='ocr_line' id='line_1_102' title="bbox 461 5360 2055 5433; baseline -0.003 -13"><span class='ocrx_word' id='word_1_716' title='bbox 461 5362 930 5433; x_wconf 78' lang='grc' dir='ltr'>ἀναδεδειγμένων</span> <span class='ocrx_word' id='word_1_717' title='bbox 968 5360 1209 5433; x_wconf 82' lang='grc' dir='ltr'>Χριστοῦ</span> <span class='ocrx_word' id='word_1_718' title='bbox 1255 5360 1540 5433; x_wconf 86' lang='grc' dir='ltr'>μαθητῶν,</span> <span class='ocrx_word' id='word_1_719' title='bbox 1582 5361 1952 5433; x_wconf 81' lang='grc' dir='ltr'>ὴμοιρηκέναι</span> <span class='ocrx_word' id='word_1_720' title='bbox 1992 5361 2055 5415; x_wconf 86' lang='grc' dir='ltr'>τὸ</span> 
     </span>
    </p>
   </div>
   <div class='ocr_carea' id='block_1_103' title="bbox 464 5450 2052 5524">
    <p class='ocr_par' dir='ltr' id='par_1_103' title="bbox 464 5450 2052 5524">
     <span class='ocr_line' id='line_1_103' title="bbox 464 5450 2052 5524; baseline -0.004 -14"><span class='ocrx_word' id='word_1_721' title='bbox 464 5453 751 5510; x_wconf 86' lang='grc' dir='ltr'>θεόλεκτον</span> <span class='ocrx_word' id='word_1_722' title='bbox 786 5456 961 5508; x_wconf 78' lang='grc' dir='ltr'>ἐκεῖνο</span> <span class='ocrx_word' id='word_1_723' title='bbox 1005 5451 1300 5524; x_wconf 84' lang='grc' dir='ltr'>συνέδριον.</span> <span class='ocrx_word' id='word_1_724' title='bbox 1342 5452 1584 5515; x_wconf 75' lang='grc' dir='ltr'>Εἰκότως</span> <span class='ocrx_word' id='word_1_725' title='bbox 1626 5450 1735 5523; x_wconf 73' lang='grc' dir='ltr'><strong>γὰρ</strong></span> <span class='ocrx_word' id='word_1_726' title='bbox 1776 5452 1902 5516; x_wconf 82' lang='grc' dir='ltr'>τοὺς</span> <span class='ocrx_word' id='word_1_727' title='bbox 1951 5451 2052 5523; x_wconf 81' lang='grc' dir='ltr'>μὲν</span> 
     </span>
    </p>
   </div>
   <div class='ocr_carea' id='block_1_104' title="bbox 462 5542 2049 5618">
    <p class='ocr_par' dir='ltr' id='par_1_104' title="bbox 462 5542 2049 5618">
     <span class='ocr_line' id='line_1_104' title="bbox 462 5542 2049 5618; baseline -0.002 -18"><span class='ocrx_word' id='word_1_728' title='bbox 462 5546 540 5610; x_wconf 81' lang='grc' dir='ltr'>ὡς</span> <span class='ocrx_word' id='word_1_729' title='bbox 578 5546 973 5618; x_wconf 76' lang='grc' dir='ltr'>πρωτουργοὺς</span> <span class='ocrx_word' id='word_1_730' title='bbox 1013 5542 1109 5597; x_wconf 89' lang='grc' dir='ltr'><strong>τοῦ</strong></span> <span class='ocrx_word' id='word_1_731' title='bbox 1152 5544 1457 5616; x_wconf 85' lang='grc' dir='ltr'>μυστηρίου</span> <span class='ocrx_word' id='word_1_732' title='bbox 1495 5544 1592 5598; x_wconf 66' lang='grc' dir='ltr'><strong>καλ⁸</strong></span> <span class='ocrx_word' id='word_1_733' title='bbox 1630 5542 2049 5615; x_wconf 85' lang='grc' dir='ltr'>φιλοθεάμονας,</span> 
     </span>
    </p>
   </div>
   <div class='ocr_carea' id='block_1_105' title="bbox 464 5633 2053 5706">
    <p class='ocr_par' dir='ltr' id='par_1_105' title="bbox 464 5633 2053 5706">
     <span class='ocr_line' id='line_1_105' title="bbox 464 5633 2053 5706; baseline 0.001 -19"><span class='ocrx_word' id='word_1_734' title='bbox 464 5634 642 5699; x_wconf 74' lang='grc' dir='ltr'>ἐνίους</span> <span class='ocrx_word' id='word_1_735' title='bbox 676 5633 733 5689; x_wconf 77' lang='grc' dir='ltr'>δὲ</span> <span class='ocrx_word' id='word_1_736' title='bbox 768 5636 860 5688; x_wconf 61' lang='grc' dir='ltr'><strong>καὶ⁵</strong></span> <span class='ocrx_word' id='word_1_737' title='bbox 894 5636 1014 5705; x_wconf 83' lang='grc' dir='ltr'>μετ’</span> <span class='ocrx_word' id='word_1_738' title='bbox 1029 5635 1226 5698; x_wconf 81' lang='grc' dir='ltr'>αὐτοὺς</span> <span class='ocrx_word' id='word_1_739' title='bbox 1262 5634 1447 5698; x_wconf 74' lang='grc' dir='ltr'>εὐθὺς,</span> <span class='ocrx_word' id='word_1_740' title='bbox 1474 5633 1551 5698; x_wconf 85' lang='grc' dir='ltr'>ὡς</span> <span class='ocrx_word' id='word_1_741' title='bbox 1584 5634 1653 5690; x_wconf 72' lang='grc' dir='ltr'>τὰ</span> <span class='ocrx_word' id='word_1_742' title='bbox 1686 5633 1918 5706; x_wconf 83' lang='grc' dir='ltr'>δεύτερα</span> <span class='ocrx_word' id='word_1_743' title='bbox 1952 5635 2053 5706; x_wconf 83' lang='grc' dir='ltr'><strong>τῆς</strong></span> 
     </span>
    </p>
   </div>
   <div class='ocr_carea' id='block_1_106' title="bbox 472 5722 2056 5797">
    <p class='ocr_par' dir='ltr' id='par_1_106' title="bbox 472 5722 2056 5797">
     <span class='ocr_line' id='line_1_106' title="bbox 472 5722 2056 5797; baseline -0.003 -15"><span class='ocrx_word' id='word_1_744' title='bbox 472 5724 749 5795; x_wconf 71' lang='grc' dir='ltr'>θεολογίας</span> <span class='ocrx_word' id='word_1_745' title='bbox 787 5726 1083 5797; x_wconf 85' lang='grc' dir='ltr'>φέροντας,</span> <span class='ocrx_word' id='word_1_746' title='bbox 1129 5722 1407 5795; x_wconf 81' lang='grc' dir='ltr'>Πνεύματι</span> <span class='ocrx_word' id='word_1_747' title='bbox 1451 5723 1582 5797; x_wconf 85' lang='grc' dir='ltr'>θείῳ</span> <span class='ocrx_word' id='word_1_748' title='bbox 1625 5722 2056 5787; x_wconf 75' lang='grc' dir='ltr'>συνιλασθέντας</span> 
     </span>
    </p>
   </div>
   <div class='ocr_carea' id='block_1_107' title="bbox 542 5900 1237 5972">
    <p class='ocr_par' dir='ltr' id='par_1_107' title="bbox 542 5900 1237 5972">
     <span class='ocr_line' id='line_1_107' title="bbox 542 5900 1237 5972; baseline -0.006 -13"><span class='ocrx_word' id='word_1_749' title='bbox 542 5904 559 5946; x_wconf 82' lang='grc'>¹</span> <span class='ocrx_word' id='word_1_750' title='bbox 602 5902 747 5959; x_wconf 85' lang='lat' dir='ltr'><strong>Dan.</strong></span> <span class='ocrx_word' id='word_1_751' title='bbox 778 5918 892 5965; x_wconf 75' lang='lat' dir='ltr'><strong>xw,</strong></span> <span class='ocrx_word' id='word_1_752' title='bbox 922 5900 993 5959; x_wconf 76' lang='grc'><strong>23</strong></span> <span class='ocrx_word' id='word_1_753' title='bbox 1051 5911 1237 5972; x_wconf 75' lang='lat' dir='ltr'><strong>Seqq.&#39;</strong></span> 
     </span>
    </p>
   </div>
   <div class='ocr_carea' id='block_1_108' title="bbox 792 5996 1502 6062">
    <p class='ocr_par' dir='ltr' id='par_1_108' title="bbox 792 5996 1502 6062">
     <span class='ocr_line' id='line_1_108' title="bbox 792 5996 1502 6062; baseline -0.001 0"><span class='ocrx_word' id='word_1_754' title='bbox 792 6001 1058 6062; x_wconf 67' lang='lat' dir='ltr'><strong>i‘nnos.</strong></span> <span class='ocrx_word' id='word_1_755' title='bbox 1089 5999 1206 6060; x_wconf 81' lang='lat' dir='ltr'><strong>GR.</strong></span> <span class='ocrx_word' id='word_1_756' title='bbox 1248 5996 1502 6061; x_wconf 75' lang='lat' dir='ltr'><strong>XCVII.</strong></span> 
     </span>
    </p>
   </div>
   <div class='ocr_carea' id='block_1_109' title="bbox 370 4784 3753 4876">
    <p class='ocr_par' dir='ltr' id='par_1_109' title="bbox 370 4784 3753 4876">
     <span class='ocr_line' id='line_1_109' title="bbox 370 4784 3753 4876; baseline 0 -15"><span class='ocrx_word' id='word_1_757' title='bbox 370 4784 429 4868; x_wconf 52' lang='grc' dir='ltr'><strong><em>ἶ</em></strong></span> <span class='ocrx_word' id='word_1_758' title='bbox 463 4812 747 4861; x_wconf 87' lang='lat' dir='ltr'><strong>momento</strong></span> <span class='ocrx_word' id='word_1_759' title='bbox 810 4805 1259 4876; x_wconf 87' lang='lat' dir='ltr'><strong>congregaverit.</strong></span> <span class='ocrx_word' id='word_1_760' title='bbox 1310 4801 1448 4859; x_wconf 87' lang='lat' dir='ltr'><strong>Nam</strong></span> <span class='ocrx_word' id='word_1_761' title='bbox 1516 4813 1649 4861; x_wconf 91' lang='lat' dir='ltr'><strong>sunt</strong></span> <span class='ocrx_word' id='word_1_762' title='bbox 1696 4804 1883 4859; x_wconf 85' lang='lat' dir='ltr'><strong>omnia</strong></span> <span class='ocrx_word' id='word_1_763' title='bbox 1938 4784 2049 4860; x_wconf 88' lang='lat' dir='ltr'><strong>Deo</strong></span> <span class='ocrx_word' id='word_1_764' title='bbox 2123 4804 2329 4868; x_wconf 85' lang='lat' dir='ltr'><strong>facilia,</strong></span> <span class='ocrx_word' id='word_1_765' title='bbox 2392 4798 2864 4871; x_wconf 84' lang='lat' dir='ltr'><strong>quemadmodum</strong></span> <span class='ocrx_word' id='word_1_766' title='bbox 2940 4798 2998 4852; x_wconf 90' lang='lat' dir='ltr'><strong>in</strong></span> <span class='ocrx_word' id='word_1_767' title='bbox 3060 4798 3322 4857; x_wconf 82' lang='lat' dir='ltr'><strong>Ilabacuc</strong></span> <span class='ocrx_word' id='word_1_768' title='bbox 3381 4810 3437 4858; x_wconf 90' lang='lat' dir='ltr'><strong>et</strong></span> <span class='ocrx_word' id='word_1_769' title='bbox 3525 4784 3753 4863; x_wconf 82' lang='lat' dir='ltr'><strong>Daniele</strong></span> 
     </span>
    </p>
   </div>
   <div class='ocr_carea' id='block_1_110' title="bbox 2231 4981 3750 5053">
    <p class='ocr_par' dir='ltr' id='par_1_110' title="bbox 2231 4981 3750 5053">
     <span class='ocr_line' id='line_1_110' title="bbox 2231 4981 3750 5053; baseline 0.003 -13"><span class='ocrx_word' id='word_1_770' title='bbox 2231 4985 2311 5040; x_wconf 89' lang='lat' dir='ltr'><strong>Tu</strong></span> <span class='ocrx_word' id='word_1_771' title='bbox 2342 4999 2497 5047; x_wconf 82' lang='lat' dir='ltr'><strong>vero.</strong></span> <span class='ocrx_word' id='word_1_772' title='bbox 2548 4983 2778 5048; x_wconf 79' lang='lat' dir='ltr'><strong>dilecte,</strong></span> <span class='ocrx_word' id='word_1_773' title='bbox 2825 4995 2995 5052; x_wconf 92' lang='lat' dir='ltr'><strong>quam</strong></span> <span class='ocrx_word' id='word_1_774' title='bbox 3046 4981 3252 5038; x_wconf 89' lang='lat' dir='ltr'><strong>multos</strong></span> <span class='ocrx_word' id='word_1_775' title='bbox 3293 4990 3461 5053; x_wconf 87' lang='lat' dir='ltr'><strong>putas</strong></span> <span class='ocrx_word' id='word_1_776' title='bbox 3510 5001 3576 5041; x_wconf 75' lang='lat' dir='ltr'><strong>ex</strong></span> <span class='ocrx_word' id='word_1_777' title='bbox 3625 4989 3750 5045; x_wconf 89' lang='lat' dir='ltr'><strong>aliis</strong></span> 
     </span>
    </p>
   </div>
   <div class='ocr_carea' id='block_1_111' title="bbox 2158 5074 3752 5151">
    <p class='ocr_par' dir='ltr' id='par_1_111' title="bbox 2158 5074 3752 5151">
     <span class='ocr_line' id='line_1_111' title="bbox 2158 5074 3752 5151; baseline -0.001 -16"><span class='ocrx_word' id='word_1_778' title='bbox 2158 5078 2412 5151; x_wconf 87' lang='lat' dir='ltr'><strong>partibus</strong></span> <span class='ocrx_word' id='word_1_779' title='bbox 2447 5076 2564 5130; x_wconf 91' lang='lat' dir='ltr'><strong>illic</strong></span> <span class='ocrx_word' id='word_1_780' title='bbox 2590 5074 2860 5131; x_wconf 87' lang='lat' dir='ltr'><strong>societate</strong></span> <span class='ocrx_word' id='word_1_781' title='bbox 2903 5074 3275 5144; x_wconf 84' lang='lat' dir='ltr'><strong>congressos?</strong></span> <span class='ocrx_word' id='word_1_782' title='bbox 3303 5074 3357 5130; x_wconf 93' lang='lat' dir='ltr'><strong>Id</strong></span> <span class='ocrx_word' id='word_1_783' title='bbox 3392 5077 3539 5132; x_wconf 90' lang='lat' dir='ltr'><strong>enim</strong></span> <span class='ocrx_word' id='word_1_784' title='bbox 3573 5078 3752 5150; x_wconf 78' lang='lat' dir='ltr'><strong>signi-</strong></span> 
     </span>
    </p>
   </div>
   <div class='ocr_carea' id='block_1_112' title="bbox 2156 5163 3751 5239">
    <p class='ocr_par' dir='ltr' id='par_1_112' title="bbox 2156 5163 3751 5239">
     <span class='ocr_line' id='line_1_112' title="bbox 2156 5163 3751 5239; baseline 0.002 -13"><span class='ocrx_word' id='word_1_785' title='bbox 2156 5172 2283 5226; x_wconf 81' lang='lat' dir='ltr'><strong>ﬂeat</strong></span> <span class='ocrx_word' id='word_1_786' title='bbox 2309 5169 2455 5239; x_wconf 91' lang='lat' dir='ltr'><strong>quod</strong></span> <span class='ocrx_word' id='word_1_787' title='bbox 2511 5166 2629 5221; x_wconf 90' lang='lat' dir='ltr'><strong>ait:</strong></span> <span class='ocrx_word' id='word_1_788' title='bbox 2685 5183 2706 5217; x_wconf 83' lang='grc' dir='ltr'><strong>ι</strong></span> <span class='ocrx_word' id='word_1_789' title='bbox 2748 5163 2816 5219; x_wconf 83' lang='lat' dir='ltr'><strong>Et</strong></span> <span class='ocrx_word' id='word_1_790' title='bbox 2873 5165 3034 5219; x_wconf 88' lang='lat' dir='ltr'><strong>multi</strong></span> <span class='ocrx_word' id='word_1_791' title='bbox 3081 5180 3152 5221; x_wconf 80' lang='lat' dir='ltr'><strong>ex</strong></span> <span class='ocrx_word' id='word_1_792' title='bbox 3210 5168 3422 5225; x_wconf 77' lang='lat' dir='ltr'><strong>sanctis</strong></span> <span class='ocrx_word' id='word_1_793' title='bbox 3481 5168 3751 5230; x_wconf 84' lang='lat' dir='ltr'><strong>fratribus</strong></span> 
     </span>
    </p>
   </div>
   <div class='ocr_carea' id='block_1_113' title="bbox 2156 5257 3749 5334">
    <p class='ocr_par' dir='ltr' id='par_1_113' title="bbox 2156 5257 3749 5334">
     <span class='ocr_line' id='line_1_113' title="bbox 2156 5257 3749 5334; baseline -0.008 -14"><span class='ocrx_word' id='word_1_794' title='bbox 2156 5262 2384 5320; x_wconf 88' lang='lat' dir='ltr'><strong>nostris.</strong></span> <span class='ocrx_word' id='word_1_795' title='bbox 2418 5280 2436 5314; x_wconf 73' lang='grc' dir='ltr'><strong>ι</strong></span> <span class='ocrx_word' id='word_1_796' title='bbox 2474 5257 2545 5316; x_wconf 87' lang='lat' dir='ltr'><strong>Ut</strong></span> <span class='ocrx_word' id='word_1_797' title='bbox 2575 5259 2757 5329; x_wconf 88' lang='lat' dir='ltr'><strong>palam</strong></span> <span class='ocrx_word' id='word_1_798' title='bbox 2801 5258 2876 5315; x_wconf 90' lang='lat' dir='ltr'><strong>sit</strong></span> <span class='ocrx_word' id='word_1_799' title='bbox 2919 5273 3100 5328; x_wconf 87' lang='lat' dir='ltr'><strong>neque</strong></span> <span class='ocrx_word' id='word_1_800' title='bbox 3135 5261 3491 5333; x_wconf 73' lang='lat' dir='ltr'><strong>septuaginta</strong></span> <span class='ocrx_word' id='word_1_801' title='bbox 3525 5273 3749 5334; x_wconf 85' lang='lat' dir='ltr'><strong>postre-</strong></span> 
     </span>
    </p>
   </div>
   <div class='ocr_carea' id='block_1_114' title="bbox 2156 5344 3750 5425">
    <p class='ocr_par' dir='ltr' id='par_1_114' title="bbox 2156 5344 3750 5425">
     <span class='ocr_line' id='line_1_114' title="bbox 2156 5344 3750 5425; baseline -0.001 -8"><span class='ocrx_word' id='word_1_802' title='bbox 2156 5375 2305 5417; x_wconf 90' lang='lat' dir='ltr'><strong>mum</strong></span> <span class='ocrx_word' id='word_1_803' title='bbox 2373 5366 2593 5414; x_wconf 87' lang='lat' dir='ltr'><strong>creatos</strong></span> <span class='ocrx_word' id='word_1_804' title='bbox 2633 5353 2845 5412; x_wconf 89' lang='lat' dir='ltr'><strong>Christi</strong></span> <span class='ocrx_word' id='word_1_805' title='bbox 2900 5353 3207 5425; x_wconf 88' lang='lat' dir='ltr'><strong>discipulos</strong></span> <span class='ocrx_word' id='word_1_806' title='bbox 3274 5344 3750 5416; x_wconf 48' lang='lat' dir='ltr'><strong>defuisse&#39;eleeto</strong></span> 
     </span>
    </p>
   </div>
   <div class='ocr_carea' id='block_1_115' title="bbox 2160 5445 3753 5518">
    <p class='ocr_par' dir='ltr' id='par_1_115' title="bbox 2160 5445 3753 5518">
     <span class='ocr_line' id='line_1_115' title="bbox 2160 5445 3753 5518; baseline -0.001 -9"><span class='ocrx_word' id='word_1_807' title='bbox 2160 5455 2238 5509; x_wconf 91' lang='lat' dir='ltr'><strong>illi</strong></span> <span class='ocrx_word' id='word_1_808' title='bbox 2274 5471 2303 5508; x_wconf 90' lang='lat' dir='ltr'><strong>a</strong></span> <span class='ocrx_word' id='word_1_809' title='bbox 2334 5452 2448 5509; x_wconf 91' lang='lat' dir='ltr'><strong>Deo</strong></span> <span class='ocrx_word' id='word_1_810' title='bbox 2471 5448 2644 5507; x_wconf 65' lang='lat' dir='ltr'><strong>cctni</strong></span> <span class='ocrx_word' id='word_1_811' title='bbox 2680 5456 2847 5518; x_wconf 90' lang='lat' dir='ltr'><strong>atque</strong></span> <span class='ocrx_word' id='word_1_812' title='bbox 2877 5446 3141 5503; x_wconf 88' lang='lat' dir='ltr'><strong>concilio.</strong></span> <span class='ocrx_word' id='word_1_813' title='bbox 3172 5445 3281 5501; x_wconf 81' lang='lat' dir='ltr'><strong>Par</strong></span> <span class='ocrx_word' id='word_1_814' title='bbox 3324 5448 3470 5504; x_wconf 89' lang='lat' dir='ltr'><strong>enim</strong></span> <span class='ocrx_word' id='word_1_815' title='bbox 3510 5460 3631 5505; x_wconf 88' lang='lat' dir='ltr'><strong>erat</strong></span> <span class='ocrx_word' id='word_1_816' title='bbox 3690 5460 3753 5508; x_wconf 91' lang='lat' dir='ltr'><strong>ut</strong></span> 
     </span>
    </p>
   </div>
   <div class='ocr_carea' id='block_1_116' title="bbox 2158 5537 3750 5610">
    <p class='ocr_par' dir='ltr' id='par_1_116' title="bbox 2158 5537 3750 5610">
     <span class='ocr_line' id='line_1_116' title="bbox 2158 5537 3750 5610; baseline 0 -13"><span class='ocrx_word' id='word_1_817' title='bbox 2158 5550 2277 5598; x_wconf 89' lang='lat' dir='ltr'><strong>tum</strong></span> <span class='ocrx_word' id='word_1_818' title='bbox 2309 5542 2410 5607; x_wconf 83' lang='lat' dir='ltr'><strong>illi,</strong></span> <span class='ocrx_word' id='word_1_819' title='bbox 2442 5541 2594 5595; x_wconf 89' lang='lat' dir='ltr'><strong>velut</strong></span> <span class='ocrx_word' id='word_1_820' title='bbox 2634 5539 2731 5610; x_wconf 91' lang='lat' dir='ltr'><strong>qui</strong></span> <span class='ocrx_word' id='word_1_821' title='bbox 2779 5537 3036 5609; x_wconf 91' lang='lat' dir='ltr'><strong>primarii</strong></span> <span class='ocrx_word' id='word_1_822' title='bbox 3067 5538 3122 5592; x_wconf 91' lang='lat' dir='ltr'><strong>in</strong></span> <span class='ocrx_word' id='word_1_823' title='bbox 3168 5539 3431 5609; x_wconf 84' lang='lat' dir='ltr'><strong>mysterio</strong></span> <span class='ocrx_word' id='word_1_824' title='bbox 3461 5549 3653 5596; x_wconf 90' lang='lat' dir='ltr'><strong>essent</strong></span> <span class='ocrx_word' id='word_1_825' title='bbox 3685 5557 3750 5599; x_wconf 87' lang='lat' dir='ltr'><strong>ac</strong></span> 
     </span>
    </p>
   </div>
   <div class='ocr_carea' id='block_1_117' title="bbox 2163 5628 3747 5706">
    <p class='ocr_par' dir='ltr' id='par_1_117' title="bbox 2163 5628 3747 5706">
     <span class='ocr_line' id='line_1_117' title="bbox 2163 5628 3747 5706; baseline -0.004 -13"><span class='ocrx_word' id='word_1_826' title='bbox 2163 5634 2473 5706; x_wconf 87' lang='lat' dir='ltr'><strong>spectaculi</strong></span> <span class='ocrx_word' id='word_1_827' title='bbox 2527 5637 2971 5700; x_wconf 42' lang='lat' dir='ltr'><strong>amantes,,tum</strong></span> <span class='ocrx_word' id='word_1_828' title='bbox 3047 5628 3139 5684; x_wconf 84' lang='lat' dir='ltr'><strong>alii</strong></span> <span class='ocrx_word' id='word_1_829' title='bbox 3196 5638 3321 5699; x_wconf 86' lang='lat' dir='ltr'><strong>post</strong></span> <span class='ocrx_word' id='word_1_830' title='bbox 3363 5646 3459 5689; x_wconf 89' lang='lat' dir='ltr'><strong>eos</strong></span> <span class='ocrx_word' id='word_1_831' title='bbox 3521 5633 3747 5705; x_wconf 88' lang='lat' dir='ltr'><strong>quidam</strong></span> 
     </span>
    </p>
   </div>
   <div class='ocr_carea' id='block_1_118' title="bbox 2161 5721 3752 5797">
    <p class='ocr_par' dir='ltr' id='par_1_118' title="bbox 2161 5721 3752 5797">
     <span class='ocr_line' id='line_1_118' title="bbox 2161 5721 3752 5797; baseline -0.002 -15"><span class='ocrx_word' id='word_1_832' title='bbox 2161 5726 2356 5797; x_wconf 87' lang='lat' dir='ltr'><strong>eisque</strong></span> <span class='ocrx_word' id='word_1_833' title='bbox 2385 5723 2649 5797; x_wconf 79' lang='lat' dir='ltr'><strong>proximi,</strong></span> <span class='ocrx_word' id='word_1_834' title='bbox 2685 5729 2745 5777; x_wconf 89' lang='lat' dir='ltr'><strong>ut</strong></span> <span class='ocrx_word' id='word_1_835' title='bbox 2772 5721 2869 5793; x_wconf 92' lang='lat' dir='ltr'><strong>qui</strong></span> <span class='ocrx_word' id='word_1_836' title='bbox 2912 5722 3193 5779; x_wconf 83' lang='lat' dir='ltr'><strong>secundas</strong></span> <span class='ocrx_word' id='word_1_837' title='bbox 3233 5721 3288 5776; x_wconf 93' lang='lat' dir='ltr'><strong>in</strong></span> <span class='ocrx_word' id='word_1_838' title='bbox 3328 5723 3607 5794; x_wconf 87' lang='lat' dir='ltr'><strong>theologia</strong></span> <span class='ocrx_word' id='word_1_839' title='bbox 3638 5722 3752 5781; x_wconf 86' lang='lat' dir='ltr'><strong>fer-</strong></span> 
     </span>
    </p>
   </div>
   <div class='ocr_carea' id='block_1_119' title="bbox 3319 5982 3392 6043">
    <p class='ocr_par' dir='ltr' id='par_1_119' title="bbox 3319 5982 3392 6043">
     <span class='ocr_line' id='line_1_119' title="bbox 3319 5982 3392 6043; baseline 0 0"><span class='ocrx_word' id='word_1_840' title='bbox 3319 5982 3392 6043; x_wconf 74' lang='grc'><strong>34</strong></span> 
     </span>
    </p>
   </div>
  </div>
