4012 6428
460 402 603 468 .1067

1662 400 1726 462 S.
1767 394 2099 459 ANDREAE
2123 393 2545 491 CRETENSIS

3605 404 3734 479 1068

466 522 609 581 rent,
642 512 831 570 divino
861 511 1233 583 compellentc
1277 509 1513 581 Spiritu,
1559 518 1805 563 actutum
1840 507 2046 575 subque

2157 481 2419 571 ὑπόγυιον
2443 503 2696 574 ἀχθῆναι.
2745 504 2915 558 Τοῦτο
2954 486 3064 576 γὰρ
3115 500 3197 569 οἷς
3244 508 3503 581 ἐπιφέρει
3558 470 3735 586 sui“;

468 606 522 662 id
605 609 948 660 momentum
1025 600 1298 672 temporis
1375 598 1876 670 congregarentur.
1934 597 2051 651 lloc

464 695 610 750 enim
648 690 930 763 signiticat
952 707 1018 747 cx
1045 691 1114 748 iis
1142 707 1265 763 qua:
1292 691 1487 761 adjicit
1523 711 1538 747 :
1575 708 1593 742 ι
1631 692 1833 744 Aderat
1868 698 2069 743 autcm'

398 781 406 787 ’
465 787 631 841 etiam
667 784 763 843 Dei
802 784 974 841 frater
1015 784 1288 848 Jacobus,
1324 792 1381 841 et
1414 783 1616 840 Petrus
1643 823 1659 849 ,
1701 798 1954 838 summus
1987 794 2053 834 ac

466 879 966 951 praestantissimus
1004 879 1394 950 theologorum
1429 887 1636 935 vertex.
1668 897 1691 929 δ
1729 877 1898 931 Plane
1923 889 2053 929 vero

467 971 636 1027 fuerit
676 981 737 1026 ut
776 974 902 1042 quis
955 971 1266 1028 admiretur
1330 972 1587 1043 cogitans
1633 984 1693 1026 ut
1739 972 1815 1025 ita
1865 969 2052 1025 subito

461 1076 859 1122 convenerunt.

550 1157 654 1214 Ubi
698 1173 867 1228 porro
919 1172 1111 1213 omnes
1158 1156 1371 1227 pariter
1412 1156 1481 1212 ad
1518 1156 1707 1212 urbem
1737 1156 2055 1230 Hierosoly-

464 1264 608 1304 mam
628 1249 1033 1305 convenissent
1061 1249 1483 1320 (circumstabat
1540 1262 1674 1305 vero
1717 1248 2051 1307 immensum

463 1342 747 1413 quoddam
777 1326 1179 1414 agtncn),quid
1217 1342 1507 1409 acciderit,
1540 1358 1731 1412 qnawe
1762 1344 1872 1398 sint
1900 1352 2054 1414 gesta

467 1436 843 1505 sequentibus
875 1434 1282 1491 declarabitur.
1316 1451 1336 1485 ι
1376 1433 1622 1499 Actum,
1678 1435 1877 1504 inquit,
1933 1436 2052 1507 pla-

460 1530 614 1594 cuit,
654 1539 711 1583 ut
764 1535 890 1599 post
951 1526 1329 1597 spectaculum
1386 1528 1533 1581 sacri
1577 1541 1775 1584 ontnes
1834 1529 2053 1584 antisti-

463 1630 566 1682 tes,
592 1634 695 1690 pro
724 1620 842 1675 suis
871 1620 1110 1690 quisque
1141 1618 1377 1683 viribus,
1415 1617 1649 1673 infinita:
1679 1618 1902 1676 virtutis
1952 1622 2051 1677 bo-

463 1717 691 1771 nitatem
709 1714 1111 1768 imbecillitatis
1129 1712 1321 1767 Matris
1343 1712 1440 1767 Dei
1464 1712 2010 1770 laudibuselierrent.
2027 1737 2046 1769 ι
2084 1734 2090 1741 ·

466 1814 579 1876 Age
610 1809 918 1871 enimvero,
954 1806 1280 1872 videamus,
1324 1804 1602 1875 siquidem
1647 1807 1839 1863 videre
1887 1810 2052 1866 liceat

464 1899 945 1953 intellectuatibus
975 1898 1177 1964 oculis,
1214 1897 1498 1966 quodnam
1535 1897 1671 1954 illud
1723 1901 1799 1955 sit
1832 1915 2050 1973 Specta-

456 1987 672 2049 culum,
696 2000 760 2039 ac
788 1998 997 2055 quanta
1030 1987 1411 2061 pulchritudo,
1444 2003 1694 2059 quamam
1726 1990 1854 2047 item
1888 1996 2045 2050 theo-

459 2075 640 2145 logia,
688 2076 744 2130 in
784 2077 988 2147 speciei
1022 2076 1198 2143 Deum
1235 2078 1564 2136 delectantia
1597 2081 1793 2139 laudes
1852 2085 2048 2145 ell'usa.

459 2167 731 2223 Lucidum
779 2170 966 2238 itaque
1000 2183 1066 2224 ac
1119 2171 1286 2241 plane
1334 2171 1602 2227 decorum
1642 2177 2046 2244 spectaculum,

456 2258 607 2328 quod
639 2258 692 2313 id
722 2259 989 2329 temporis
1020 2258 1132 2315 Deo
1168 2260 1366 2318 adlatis
1396 2262 1534 2318 viris
1558 2265 1763 2333 illuxit,
1796 2277 1856 2320 ut
1894 2269 2047 2339 equi-

456 2353 583 2408 dem
616 2354 855 2424 explico,
893 2352 1281 2410 illustrissima
1328 2352 1436 2419 fuit
1471 2355 1761 2428 virginalis
1787 2361 2048 2417 taberna-

454 2445 569 2500 culi
594 2460 695 2501 ceu
731 2460 765 2500 a
796 2444 910 2502 Deo
939 2445 1286 2518 eﬁ‘olgentia,
1328 2462 1496 2518 quam
1539 2449 1789 2519 Deiparae
1841 2468 2047 2525 corpus

456 2535 619 2601 illud,
650 2553 751 2592 ceu
781 2538 908 2592 vita:
954 2538 1294 2609 principium
1355 2548 1648 2612 totumque
1703 2544 2044 2602 luminosum

456 2627 740 2683 viderunt.
769 2628 1013 2699 Corpus,
1039 2630 1478 2703 inquam,supra
1513 2650 1616 2691 nos
1649 2652 1715 2701 ac
1747 2637 2043 2696 humanam

455 2728 690 2783 sortem,
732 2727 788 2774 et
846 2728 1136 2789 nostram;
1188 2736 1304 2792 quo
1350 2725 1516 2781 nobis
1574 2727 1872 2786 divinioris
1920 2733 2047 2789 vitae

454 2811 815 2881 principium,
852 2812 1132 2882 primitias
1158 2823 1382 2872 nostras
1416 2833 1556 2888 quas
1589 2821 1695 2875 sibi
1725 2822 1845 2891 ipse
1873 2825 2046 2881 mira-

454 2904 646 2960 biliter
677 2920 744 2959 ex
776 2905 1033 2975 virginali
1060 2916 1214 2963 utero
1239 2908 1387 2964 velut
1423 2911 1696 2969 subitario
1719 2930 1885 2987 opere
1906 2933 2044 2973 con-

451 2998 623 3063 navit,
704 2999 829 3054 vita:
894 2998 1231 3069 principium
1292 3001 1540 3069 faciens,
1605 3007 1736 3063 vitae
1784 3009 2044 3083 princeps

454 3097 766 3160 auctorque
819 3086 1012 3155 Jesns,
1064 3094 1374 3148 concessit.
1413 3112 1432 3147 ι
1472 3095 1631 3162 Quod
1680 3100 1726 3155 si
1777 3099 2043 3159 delibatio

2177 612 2196 645 ι
2223 593 2411 664 Παρῆν
2436 594 2494 648 δὲ
2519 596 2613 647 καὶ
2645 598 2672 648 ὁ
2691 594 3016 667 ἀδελφόθεος
3047 595 3330 663 Ἰάκωϐος,
3348 602 3447 679 καὶ
3483 605 3735 682 Πέτροςὴ

2159 686 2438 757 κορυφαία
2465 687 2559 740 καὶ
2589 688 2943 760 πρεσϐυτάτη
2982 687 3094 743 τῶν
3122 689 3391 763 θεολόγων
3412 698 3694 770 ἀκρότης..
3714 722 3734 756 ι

2154 775 2469 849 Θαυμάσειε
2503 778 2631 833 δ’ἀν
2662 797 2772 846 τις,
2811 780 2993 836 αὐτῶν
3024 781 3087 839 τδ
3118 782 3318 857 ἀθρόον
3348 789 3449 859 τῆς
3482 794 3738 850 συνελεύ-

2158 887 2294 936 σεως
2323 870 2540 926 ἐννοῶν.

2229 1146 2292 1198 Οἳ
2339 1145 2563 1199 ἐπειδὰν
2604 1147 2743 1201 κατὰ
2802 1147 2902 1219 τὴν
2953 1148 3313 1224 Ἰερουσαλὴμ
3356 1154 3480 1226 ἅμα
3545 1157 3739 1228 πάντες

2159 1237 2586 1309 συνεληλύθασιν
2651 1240 2903 1323 (ἄπειρον
2933 1241 2991 1295 δέ
3020 1259 3074 1295 τι
3116 1243 3304 1313 στέφος
3350 1242 3423 1317 ἦν
3450 1249 3599 1319 ἀμφ’
3628 1253 3710 1305 ,αὐ

2155 1329 2290 1397 τοῖς)
2313 1370 2327 1394 ,
2350 1329 2402 1382 τί
2427 1330 2643 1399 γέγονε,
2673 1331 2768 1383 καὶ
2797 1332 2922 1384 τίνα
2971 1336 3497 1406 πεπραγμάτευται,
3524 1341 3593 1396 τά
3618 1343 3742 1415 ἑξῆς

2154 1418 2408 1488 δηλώσει.
2457 1418 2634 1476 (Εἶτα
2657 1422 2767 1494 γὰρ
2798 1422 2997 1490 ἐδόκει,
3055 1427 3210 1498 φησὶ,
3258 1428 3399 1497 μετά
3458 1429 3562 1505 τὴν
3617 1432 3742 1487 θέαν

2157 1510 2397 1582 ὑμνῆσαι
2449 1514 2575 1577 τοὺς
2628 1514 2891 1585 ίεράρχας
2954 1516 3323 1585 ἄπαντας,ὡς
3384 1520 3626 1587 ἕκαστος
3675 1520 3741 1598 ἦν

2159 1602 2366 1673 ἱκανὸς,
2392 1605 2494 1676 τὴν
2545 1606 2986 1677 ἀπειροδύναμον
3033 1610 3349 1683 ἀγαθὸτητα
3375 1614 3478 1684 τῆς
3523 1614 3740 1688 θεαρχι-

2154 1698 2260 1767 κῆς
2310 1699 2621 1766 ἀσθενείας.
2656 1721 2677 1754 ι
2729 1701 2892 1755 Ἀλλά
2920 1703 3005 1767 τίς
3035 1705 3068 1773 ἡ
3113 1706 3250 1771 θέα,
3286 1708 3385 1762 καὶ
3432 1710 3497 1763 τὸ
3551 1711 3741 1777 κάλλος

2153 1789 2375 1860 ἡλίκον,
2413 1792 2447 1864 ἢ
2482 1793 2564 1858 τίς
2590 1794 2912 1864 ήέφύμνιος
2959 1795 3211 1865 θεολογία
3255 1800 3357 1868 τῆς
3410 1799 3738 1874 θεοτερποῦς

2082 1866 2123 1920 Β
2154 1880 2523 1954 ὡραιότητος,
2574 1886 2710 1954 φέρε
2758 1884 2961 1955 ἴδωμεν
2990 1926 3004 1951 ,
3052 1888 3215 1959 εἴπερ
3263 1866 3377 1945 οἷόν
3426 1908 3488 1946 τε
3538 1866 3740 1969 ταύτην

2153 1976 2361 2046 νοεροίς
2395 1976 2525 2029 ίδείν
2569 1976 2892 2048 ὀφθαλμοῖς.
2940 1977 3052 2032 Θὲα
3106 1983 3416 2055 φωτοειδής
3446 2002 3508 2039 τε
3536 1987 3631 2042 καὶ
3658 1992 3742 2044 εὐ-

2153 2066 2372 2139 πρεπὴς
2403 2070 2435 2139 ἡ
2468 2069 2593 2122 τότε
2633 2072 2748 2133 τοῖς
2781 2070 3105 2141 θεολήπτοις
3154 2077 3390 2142 φανεῖσα
3435 2080 3523 2148 εἴη
3552 2080 3640 2144 ἂν,
3668 2082 3740 2148 ὡς

2151 2158 2179 2210 ὁ
2207 2156 2343 2228 ἐμὸς
2377 2157 2561 2239 λέγῃς,
2596 2161 2629 2228 ἠ
2666 2158 2937 2229 παμφαὴς
2977 2160 3072 2213 τοῦ
3123 2162 3461 2232 παρθενικοῦ
3510 2170 3740 2241 σκήνους

2153 2248 2501 2322 θεολαμπία,
2560 2252 2684 2307 καθ’
2729 2253 2795 2324 ῆν
2848 2252 2907 2306 τὸ
2941 2252 3250 2325 ζωαρχικὸν
3303 2258 3405 2312 καὶ
3471 2260 3737 2330 ὁλόφωτον

2150 2341 2333 2413 ὡρᾶτο
2400 2345 2500 2415 τῆς
2562 2346 2830 2398 Θεοτὸκου
2887 2345 3073 2416 σῶμα,
3107 2347 3167 2401 τὸ
3204 2348 3346 2423 ὑπὲρ
3403 2354 3592 2424 ἡμᾶς,
3648 2357 3738 2410 καὶ

2151 2435 2420 2507 ἡμέτερον
2441 2454 2454 2467 ·
2486 2432 2637 2492 διὀὗ
2669 2439 2816 2510 ζωῆς
2851 2440 2984 2509 ἡμῖν
3023 2440 3307 2512 θειοτέρας
3353 2445 3537 2517 ἀρχὴν
3568 2450 3599 2502 ὁ
3632 2449 3737 2514 ζω-
3830 2469 3841 2479 ν

2150 2525 2377 2595 αρχικδς
2408 2525 2621 2597 Ἰησοῦς
2657 2528 2995 2601 ἐχαρίσατο,“
3034 2531 3136 2600 τὴν
3170 2534 3453 2605 ἡμετέραν
3483 2538 3737 2610 ἀπαρχὴν

2149 2616 2299 2687 ζωῆς
2326 2619 2502 2691 ἀρχὴν
2569 2621 2958 2693 ποιησάμενος,
2987 2627 3054 2695 ἢν
3077 2626 3140 2679 ὲκ
3171 2627 3517 2702 παρθενικῆς
3564 2634 3737 2704 ἑαυτῷ

2149 2710 2344 2780 νηδύος
2391 2713 2690 2784 ὑπερφυῶς
2752 2714 3093 2785 ὲσχεδίασεν.
3157 2737 3175 2770 ι
3218 2719 3283 2772 El
3322 2721 3387 2776 δὲ
3429 2726 3462 2794 ἡ
3515 2725 3734 2797 ἀπαρχὴ

2145 2804 2301 2872 ἁγία,
2338 2805 2484 2859 κατά
2533 2807 2626 2861 τὸν
2664 2807 3016 2880 Ἀπόστολον,
3055 2810 3234 2866 καὶτὸ
3266 2813 3508 2887 φύραμα
3542 2817 3732 2895 δῆλον*

2148 2898 2243 2951 καί⁵
2265 2900 2314 2951 εί
2353 2901 2386 2970 ἡ
2424 2897 2549 2971 ῥίζα
2582 2899 2740 2970 ἁγία.
2773 2900 2868 2955 καὶ
2895 2902 2946 2956 οἱ
2968 2901 3156 2957 κλάδοι
3179 2904 3482 2976 δήπουθεν.
3505 2929 3524 2962 ›
3549 2914 3734 2985 Ζωαρ-

2146 2990 2303 3061 χικδν
2327 2990 2434 3062 ἀρα
2455 2991 2555 3060 τῆς
2581 2991 2850 3046 Θεοτόκου
2877 2992 2940 3047 τὸ
2963 2994 3145 3065 σῶμα,
3166 2998 3287 3053 ὅλον
3310 3001 3457 3055 αὐτὸ
3487 3005 3583 3075 τῆς
3619 3005 3735 3059 θεό-
3786 3028 3789 3037 ε

2144 3098 2309 3152 τητος
2358 3082 2419 3136 τὸ
2477 3082 2787 3156 ζωαρχιιιὺν
2850 3086 3237 3159 εἰσδεξάμενον
3305 3092 3625 3168 πλήρωμα,
3676 3098 3735 3151 τὸ

446 3188 673 3248 sancta,
721 3180 883 3251 juxta
920 3179 1272 3249 Apostolum,
1320 3184 1487 3254 plane
1526 3194 1582 3241 et
1627 3202 1850 3244 massa:
1889 3199 1944 3247 et
1994 3196 2041 3247 si

2150 3175 2523 3247 πολυτίμητον
2557 3177 2657 3248 τῆς
2687 3177 2989 3249 παρθενίας
3021 3183 3329 3254 κειμήλιον,
3374 3189 3403 3241 ὁ
3426 3189 3737 3262 ὑπερφερὴς

454 3270 615 3326 radix
646 3278 865 3335 sancta,
896 3271 1091 3341 utique
1115 3280 1170 3325 et
1199 3275 1340 3327 rami
1370 3275 1416 3327 ε.
1461 3293 1481 3326 ι
1516 3275 1617 3331 Est
1639 3293 1771 3348 ergo
1802 3279 2046 3350 Deiparte

2150 3268 2411 3338 οὐρανὸς,
2453 3270 2486 3338 ή
2524 3268 2939 3340 θεογεὼργητος
2996 3270 3107 3340 γῆ,
3155 3270 3187 3343 ἡ
3241 3276 3493 3351 ἀπαρχὴ
3538 3279 3630 3334 τοῦ
3679 3283 3735 3334 ὲν

453 3364 873 3434 corpus-vitale
902 3378 967 3417 ac
996 3378 1098 3419 ceu
1129 3364 1259 3420 vittc
1296 3366 1661 3437 initiativum,
1690 3373 1838 3441 quod
1867 3374 2043 3443 ipsam

448 3467 626 3515 totam
658 3458 889 3513 deitatis
916 3458 1140 3513 vitalem
1175 3458 1416 3529 vitaeque
1444 3462 1779 3519 initiativam
1806 3468 2047 3536 plcnitu~

450 3551 636 3608 dinem
670 3551 725 3605 in
774 3565 834 3607 se
861 3551 1132 3620 suscepit.
1169 3551 1409 3623 Corpus,
1442 3555 1692 3625 inquam,
1729 3559 2042 3628 pretiosum

448 3649 799 3719 virginitatis
833 3647 1062 3711 monile,
1098 3648 1422 3717 praecellens
1451 3650 1677 3716 crelum,
1731 3652 1840 3708 Deo
1892 3656 2044 3711 culta

448 3750 622 3807 terra,
656 3740 925 3796 delibatio
951 3754 1151 3796 massa:
1179 3742 1403 3796 humani
1436 3758 1503 3797 ex
1533 3743 1707 3798 Adam
1739 3748 1962 3817 generis
1987 3750 2042 3805 in

448 3833 676 3890 Christo
698 3832 912 3888 deitate
941 3833 1180 3899 donatae,
1210 3834 1494 3889 simillima
1532 3837 1805 3908 principis
1830 3842 2041 3912 Speciei

449 3935 621 3996 atque
652 3926 878 3981 decoris
903 3925 1369 3995 repraesentatio;
1407 3941 1740 3984 arcanorum
1767 3931 1862 3987 Dei
1891 3932 2043 4002 judi-

449 4020 664 4073 ciornm
720 4032 751 4071 a
797 4017 909 4073 Deo
956 4017 1293 4088 obsignatas
1327 4019 1660 4087 thesaurus;
1694 4021 2039 4083 domicilium

451 4113 763 4178 virtutum;
826 4112 1099 4182 spiritalis
1152 4113 1493 4168 mirabilium
1563 4114 1769 4172 divinm
1831 4120 1890 4174 in
1939 4137 2040 4178 nos

442 4205 887 4277 dispensationis
914 4182 1238 4261 seimonum
1274 4207 1448 4275 liber;
1480 4208 1896 4278 inexplicabilis
1921 4231 2044 4285 pro-

447 4302 694 4358 funditas
719 4301 1062 4357 inevacuatte
1100 4300 1467 4370 plenitudinis
1497 4301 1641 4371 ejus,
1674 4320 1694 4354 ι
1735 4305 1830 4374 qui
1853 4309 2040 4363 omnia

444 4395 637 4466 implet
667 4394 722 4448 in
771 4391 1122 4459 omnibush;
1162 4410 1181 4443 ι
1218 4391 1393 4447 turris
1440 4391 1759 4449 ﬁrmissima
1795 4397 2040 4455 abscon-

443 4486 575 4542 ditae
628 4485 783 4556 spei;
833 4484 1275 4552 incorruptionis
1324 4482 1670 4538 intellectum
1718 4491 2039 4555 superantis

2145 3361 2371 3432 Χριστῷ
2411 3360 2708 3425 θεωθέντος
2743 3360 3061 3432 Ἀδαμιαίου
3097 3366 3458 3437 φυράματος,
3496 3370 3556 3425 τὸ
3600 3389 3732 3425 παν-

2145 3455 2332 3525 όμοιον
2360 3454 2459 3525 τῆς
2487 3455 2721 3524 ἀρχικῆς
2745 3453 3088 3525 ὠραιότητος
3106 3455 3366 3530 ίνδαλμα,
3406 3463 3437 3514 ὁ
3466 3462 3730 3533 θεοσφρά-

2145 3564 2335 3615 γιστος
2355 3547 2467 3602 τῶν
2496 3548 2828 3618 ἀπορρήτων
2850 3547 2947 3601 τοῦ
2974 3548 3113 3602 Θεοῦ
3139 3553 3433 3622 κριμάτων
3463 3554 3730 3627 θησαυρο-

2145 3640 2341 3711 φιῖαξ,
2358 3641 2421 3694 τὸ
2437 3641 2543 3694 τῶν
2560 3641 2774 3710 ἀρετῶν
2799 3640 3149 3713 ἐνδιαίτημα,
3176 3645 3209 3713 ἡ
3240 3644 3412 3718 νοητὴ
3434 3647 3546 3701 τῶν
3577 3648 3728 3702 θείων

2142 3736 2243 3806 τῆς
2277 3735 2408 3805 περὶ
2447 3735 2597 3805 ἡμᾶς
2616 3735 2936 3805 οἰκονομίας
2980 3735 3158 3804 λόγων
3187 3740 3374 3810 πυκτή
3403 3742 3464 3794 ’ὀ
3489 3741 3728 3812 ἀνερμή-

2142 3842 2332 3889 νευτος
2389 3823 2490 3895 τῆς
2545 3824 2823 3878 ἀκενὼτου
2892 3824 3233 3896 πληρώσεως
3276 3828 3415 3882 «τοῦ
3452 3830 3629 3903 πάντα
3671 3830 3729 3882 ἐν

2144 3919 2278 3971 πᾶσι
2315 3916 2696 3988 πληρουμένου
2727 3935 2745 3968 ι
2786 3916 2969 3987 βυθὸς,
3012 3920 3041 3971 ὁ
3073 3919 3331 3992 ἀρραγὴς
3356 3920 3568 3992 πύργος
3622 3921 3726 3975 τῶν

2141 4007 2481 4080 ἀποκρύφων
2534 4007 2791 4071 ἐλπίδων,
2855 4008 2955 4078 τῆς
3013 4009 3156 4078 ὑπὲρ
3205 4010 3335 4064 νοῦν
3370 3996 3662 4081 *ἀφθορίας
3700 4014 3726 4065 ὁ

2143 4099 2437 4172 θησαυρὸς,
2456 4100 2488 4170 ὴ
2510 4097 2784 4168 βασίλειος
2809 4097 2905 4152 τοῦ
2944 4098 3314 4169 ἀνδρωθέντος
3350 4102 3725 4173 ὑπερανάρχου

2140 4193 2318 4261 Λόγου
2373 4191 2560 4263 στολὴ,
2593 4191 2653 4244 τὸ
2678 4192 2925 4259 ἐπίγειον
2982 4191 3078 4245 τοῦ
3139 4193 3402 4266 οὐρανίου
3458 4193 3727 4255 Βασιλέως

2142 4287 2440 4351 παλάτιον,
2486 4285 2547 4339 τὸ
2590 4282 2944 4356 περιώνυμον
2996 4284 3108 4338 τῶν
3162 4285 3328 4341 θείων
3386 4288 3526 4360 πρὸς
3579 4285 3720 4358 ἡμᾶς

2143 4376 2611 4447 συναλλαγμάτων
2677 4376 3076 4447 ἐργαστήριον,
3113 4376 3148 4448 ἡ
3186 4378 3567 4450 παναρμόνιος
3626 4374 3722 4444 τῆς

2143 4471 2332 4543 θεῖκῆς
2352 4468 2802 4540 ὲνσωματώσεως
2832 4468 2957 4539 ὕλη,
2994 4471 3022 4522 ὁ
3048 4467 3304 4540 θεοτελὴς
3326 4470 3423 4524 τοῦ
3458 4483 3724 4537 παντουρ-

447 4579 785 4643 thesatIrus;
818 4576 971 4647 regia
1000 4575 1169 4631 Verbi
1201 4575 1539 4646 principium
1570 4590 1735 4632 omne
1757 4592 2035 4649 superan-

2150 4571 2242 4643 γοῦ
2288 4570 2384 4625 καὶ
2409 4565 2796 4638 ἀριστοτέχνου
2832 4562 3005 4634 πηλὸς
3034 4600 3049 4624 ,
3090 4560 3149 4628 ἐξ
3198 4556 3261 4617 οὗ
3302 4563 3427 4618 καθ’
3471 4561 3617 4632 ἡμᾶς
3658 4556 3723 4612 δι’

412 4726 415 4733 ,
447 4669 521 4724 tis
546 4668 725 4734 stola;
762 4675 1047 4730 terrenum
1079 4666 1329 4749 caelestis
1355 4663 1522 4734 Regis
1557 4665 1854 4735 palatium;
1883 4671 2032 4727 cete-

448 4760 566 4814 bris
601 4758 921 4813 divinorum
965 4752 1093 4811 cum
1129 4755 1459 4811 horninibus
1492 4763 1882 4813 contractuum
1918 4754 2035 4818 δαί-

448 4852 574 4905 cina
614 4870 629 4920 ;

2141 4665 2292 4737 ἡμᾶς
2329 4658 2528 4722 ὑλικῶς
2560 4658 2657 4713 καὶ
2693 4655 2914 4726 ἀληθῶς
2947 4656 3031 4719 είς
3069 4654 3264 4708 οὐσίαν
3306 4651 3479 4708 ἐλθὼν
3507 4653 3535 4704 ὁ
3559 4652 3719 4721 ὑπερ-

2139 4760 2324 4821 ούσιος
2354 4752 2613 4823 οὓσιὼθη.

717 4847 1235 4921 congruentissima
1312 4846 1514 4903 divina:
1570 4848 1992 4911 humanationis
2031 4853 2300 4917 materia;
2349 4846 2536 4902 divine
2606 4840 2915 4913 Ροτῖθοιυῐη
2988 4839 3108 4910 ejus
3152 4840 3246 4909 (Ιυί
3297 4836 3485 4894 omnia
3553 4831 3718 4887 θσίίτίί

444 4944 751 5013 optimique
774 4941 1008 5000 artiﬁcis
1070 4940 1282 5004 lutum,
1335 4953 1406 4993 ex
1446 4953 1564 5008 quo
1609 4930 1766 4994 more
1822 4940 2064 5001 humano
2101 4949 2329 5016 propter
2403 4932 2682 4997 homines,
2716 4947 2781 4987 ex
2817 4939 2935 4987 toto
2961 4945 3203 5001 vereque
3228 4929 3296 4983 ad
3341 4922 3701 4984 substantiam

446 5035 719 5092 accedens
779 5034 876 5106 qui
935 5033 1308 5090 substantiam
1360 5036 1609 5102 superat,
1663 5030 2036 5093 substantiam
2076 5037 2307 5093 indutus
2328 5038 2438 5085 est.

514 5131 593 5185 Ac
633 5129 798 5199 plane
824 5126 1025 5182 beatos
1064 5138 1261 5180 revera
1289 5122 1487 5179 oculos
1517 5121 1782 5192 labiaque
1814 5139 2033 5191 eorum,

443 5222 539 5295 qui
570 5222 685 5276 haec
711 5218 1176 5275 celebraverunt!
1212 5216 1348 5283 Qua
1394 5230 1528 5271 vero
1568 5216 1759 5287 lingua
1802 5220 2037 5290 mystica

445 5316 541 5370 illa
589 5318 654 5370 ac
707 5312 1016 5368 sacratiora
1071 5309 1391 5380 spectacula
1443 5308 1799 5381 interpretari
1837 5313 2040 5382 queat?

443 5408 735 5476 Quodnam
767 5412 953 5461 autem
991 5403 1130 5458 illud
1161 5402 1437 5474 spiritalis
1468 5402 1611 5460 lucis
1643 5405 2040 5475 perspicuissi-

2210 5124 2324 5179 Καὶ
2343 5120 2389 5175 ὢ
2425 5114 2720 5191 μακαρίων
2746 5113 2917 5173 ὅντως
2942 5112 3233 5183 ὀμμάτων,
3252 5112 3347 5165 καὶ
3373 5106 3594 5180 χειλέων
3614 5102 3718 5155 τῶν

2140 5215 2464 5289 ὑμνηκότων
2484 5211 2658 5266 αὐτάι
2695 5207 2793 5271 Τίς
2818 5206 2864 5259 δ’
2888 5206 2966 5259 ἂν
2994 5206 3182 5258 ἐκεῖνα
3208 5203 3279 5258 τὰ
3307 5197 3544 5275 μυστικὰ
3599 5192 3717 5289 eaa-

2147 5283 2294 5383 ματα
2312 5306 2534 5377 γλώσσῃ
2557 5301 3007 5376 διερμηνεύσειες
3031 5298 3129 5363 Τίς
3153 5298 3181 5351 ὁ
3203 5295 3297 5352 τοῦ
3326 5291 3516 5383 νοητοῦ
3546 5283 3714 5383 forty;

3692 5383 3713 5397 Α

2234 5361 2534 5469 φανότατοῦ
2573 5361 2794 5464 exhibui;
2850 5361 3068 5457 Ἐκείνη
3164 5383 3388 5456 λαμπὰς
3408 5361 3709 5469 ’ἦνηδιῘ-ἦς

445 5460 1145 5554 mumivehiculum?Fuit
1180 5460 1299 5549 haec
1329 5493 1540 5564 lampas
1572 5460 1691 5562 illa,
1731 5460 1832 5566 per
1874 5511 2042 5567 quam

2150 5460 2740 5565 rﬁg'dtxatocdvrjecbv
2762 5482 2915 5555 ἥλιον
2950 5482 2986 5552 ἡ
3010 5479 3178 5549 φύσις
3201 5477 3343 5548 ὑπὲρ
3363 5474 3522 5575 φηύσιν
3534 5460 3714 5575 tege-:-

438 5591 679 5662 justitiae
709 5591 882 5648 solem
904 5588 1091 5645 altiori
1120 5602 1289 5659 supra
1315 5596 1577 5643 naturam
1599 5587 1817 5645 ratione
1845 5566 2043 5645 natura

2150 5603 2225 5639 το.
2270 5581 2487 5649 Ἐκείνη
2518 5580 2581 5633 τὸ
2609 5579 2796 5647 νοερόν
2835 5576 2955 5629 ἐστι
2988 5573 3299 5644 κάτοπτρον
3324 5566 3419 5621 τοῦ
3454 5566 3706 5626 πατρικυυ

2150 5679 2168 5692 .
2350 5675 2362 5692 ρ
2466 5689 2583 5692 με---
2674 5669 2927 5692 "sunt"..-
2973 5667 3035 5692 ,ει
3067 5663 3406 5692 κ-......λ-..φι
3462 5650 3551 5692 ehi)
3609 5640 3705 5692 πρὸ

440 5650 710 5760 suscepit.
740 5679 871 5739 llaec
923 5650 1304 5739 intellectuale
1351 5681 1639 5752 speculum
1687 5688 1771 5737 est
1822 5682 2042 5760 paterni

2150 5675 2605 5745 ἀπαυγάσμιτος.
2674 5669 2927 5739 Ἐκείνης
2972 5667 3037 5737 τῇ
3067 5663 3412 5736 λαμπρότητι
3462 5650 3551 5706 τὸν
3609 5652 3677 5707 πρ

516 5866 540 5904 ⁸
574 5864 737 5925 Rom.
794 5883 869 5937 ιι,
939 5864 1026 5922 16.
1102 5848 1363 5934 llEphori.
1417 5874 1495 5925 Iv,
1526 5859 1616 5914 10.
