4012 6430
443 447 579 519 10⁸11
1639 443 1701 504 S.
1745 440 2043 502 ANDREJ

2148 438 2533 507 IRETENSIS
3586 442 3715 510 1072

430 566 526 620 bis
562 563 780 620 modice
834 572 1099 616 enarrare
1153 554 1399 612 licuerit.
1451 554 1728 613 Caeterum
1780 556 1942 627 quale
1985 563 2039 611 et

2148 555 2366 609 νοῦσθαι
2431 556 2592 628 ἡμῶν
2640 557 2727 629 εἴη
2752 554 3051 620 διαπαντὸς
3098 556 3198 627 τὴν
3226 554 3489 622 διάνοιαν,
3525 560 3617 614 καὶ
3632 554 3714 630 ὑφ’

438 662 712 725 quantum
736 651 839 708 fuit
862 648 1183 706 canticum?
1200 648 1456 720 qualiave
1476 647 1701 703 cantico
1725 647 2038 704 celebrata?

2148 642 2213 704 ὧν
2238 649 2691 721 ἐλλαμιρθείημέν
2714 666 2776 704 τε
2806 650 2901 706 καὶ
2934 650 3454 721 συγκρατηθείημεν
3483 652 3543 705 ὲν
3577 653 3718 725 αὐτῷ

437 746 596 802 Adsit
628 744 907 809 Christus,
959 756 1024 797 ac
1065 741 1231 797 nobis
1258 754 1575 798 sermonem
1607 740 1873 813 praebeat,
1905 748 2035 795 tan-

2148 738 2359 811 Κριστῷ
2389 739 2467 815 τῷ
2498 740 2687 811 Κυρίῳ
2731 740 2921 812 ἡμῶν·
2959 736 3004 810 ᾧ
3038 743 3072 814 ἡ
3102 740 3233 806 δόξα
3280 741 3375 796 καλ
3431 741 3497 796 τὸ
3531 746 3721 815 κράτος

438 853 603 909 quam
662 839 780 909 ipse
825 835 1022 892 Sermo
1074 841 1132 892 et
1186 834 1463 906 sapientia
1521 840 1575 889 et
1621 834 1824 900 virtus,
1864 848 2033 904 seque

2148 833 2236 889 τὺν
2265 832 2345 905 τῷ
2382 818 2791 906 παντοκράτορι
2823 835 2999 906 Πατρὶ
3028 835 3126 890 καὶ
3155 836 3232 906 τῷ
3265 834 3518 908 ζωοποιῷ
3552 838 3719 892 Πνεῦ-

401 930 406 937 ”
437 931 653 987 nostris
686 929 974 986 mentibus
1024 927 1219 984 ducem
1273 926 1341 981 ad
1380 925 1682 998 praeclaros
1711 924 2031 980 divinorum

2148 943 2292 997 ματι,
2327 925 2545 981 νῦνθκα)⁹
2565 926 2675 993 ἀεὶ,
2711 926 2807 981 καὶ
2830 929 2909 992 είς
2940 928 3069 993 τοὺς
3109 929 3317 994 αἰῶνας
3348 929 3462 983 τῶν
3491 928 3717 988 αίώνων.

439 1023 783 1078 canticorum
834 1020 1162 1094 splendores
1211 1018 1518 1075 exhibeat:
1557 1017 1762 1088 quibus
1809 1033 1870 1073 se
1922 1020 2031 1072 uti-

2143 1019 2197 1072 ’A
2211 1020 2339 1090 μήν.

440 1130 569 1171 nam
619 1129 839 1183 semper
894 1112 1139 1183 explicet
1193 1120 1387 1166 noster
1448 1110 1671 1165 animus
1700 1118 1755 1164 et
1808 1107 2093 1179 cogitatio.
2134 1110 2341 1180 quibus
2399 1110 2569 1167 etiam
2627 1111 2978 1171 illustremur
3037 1114 3140 1184 ipsi
3195 1128 3262 1170 ac
3298 1129 3713 1184 consevvemur,
3776 1178 3782 1186 ,

442 1216 498 1268 in
527 1209 650 1279 ipso
698 1207 923 1263 Christo
964 1205 1198 1261 Domino
1229 1211 1443 1271 nostro,
1505 1202 1595 1257 cui
1650 1216 1777 1257 cum
1808 1200 1972 1255 Patre
1999 1202 2390 1272 omnipotenti,
2423 1219 2489 1260 ac
2518 1205 2738 1262 viviﬁco
2770 1206 2985 1279 Spiritu
3029 1208 3204 1279 gloria
3248 1207 3321 1262 sit
3348 1219 3404 1264 et
3463 1217 3722 1280 potestas,

442 1318 592 1358 nunc
617 1309 672 1361 et
708 1316 949 1374 semper,
993 1308 1048 1356 et
1089 1300 1146 1354 in
1183 1299 1386 1356 smcula
1426 1297 1784 1354 smculorum.
1827 1295 2023 1352 Amen.

1008 1436 1276 1526 οιιΑΤιο
1311 1434 1455 1517 xm.

510 1557 577 1612 In
613 1556 986 1613 dormitionem
1024 1552 1390 1611 sanctissimae
1421 1540 1669 1623 Deipara:
1718 1547 1964 1605 Domine:

1134 1635 1354 1680 ηοεινω.

2769 1439 2992 1493 ΛΟΓΟΣ
3020 1438 3120 1494 1Γ’.

2136 1551 2239 1619 Et;
2263 1552 2377 1621 τὴν
2407 1554 2696 1625 κοίμησιν
2722 1554 2833 1622 τῆς
2853 1556 3182 1626 ὑπεραγίας
3203 1557 3549 1626 Δεσποίνης
3568 1558 3729 1629 ἡμῶν

2785 1630 3102 1683 Θεοτόκου.

1848 1753 2082 1808 (Comiter.
2108 1769 2155 1820 p.
2195 1756 2278 1806 13l
2294 1755 2330 1818 .)

514 1871 939 1923 bacramentum
974 1867 1061 1918 est
1105 1847 1376 1917 hodierna
1405 1856 1725 1923 celebritas,
1753 1858 1847 1911 cui
1890 1855 2038 1911 ratio

2209 1858 2530 1930 Μυστήριον
2559 1860 2593 1931 ἡ
2618 1859 2869 1932 παροῦσα
2901 1863 3234 1935 πανήγυρις,
3266 1864 3529 1919 ὑπόθεσιν
3578 1866 3728 1938 ἐχου-

439 1965 496 2015 et
525 1962 916 2029 argumentum
954 1953 1049 2010 Dei
1099 1952 1402 2009 Genitricis
1453 1948 1761 2015 dormitio,
1809 1948 2038 2019 vimque

443 2056 617 2105 totam
667 2046 945 2104 sermonis
994 2050 1246 2116 superat.
1282 2041 1711 2098 Sacramentum
1760 2047 1869 2105 est,
1902 2039 2036 2097 hac-

441 2149 605 2198 tenus
633 2138 858 2212 quidem
892 2137 1086 2210 paucis
1125 2135 1466 2193 celebratum
1501 2133 1641 2205 (83),
1666 2134 1813 2204 quod
1850 2141 2034 2188 tamen

441 2248 640 2290 omnes
667 2231 871 2289 honori
898 2246 964 2285 ac
1010 2228 1292 2286 desiderio
1320 2228 1588 2283 habeant.
1623 2225 1826 2282 Nostra
1864 2240 2034 2298 porro

440 2323 769 2382 solemnitas
813 2331 869 2378 et
922 2320 1163 2377 celebris
1191 2328 1528 2395 conventus,
1562 2319 1904 2375 sacramenti
1937 2317 2035 2373 de-

440 2417 702 2479 claratio,
753 2415 871 2472 sive
925 2413 1225 2486 explicatio
1259 2419 1346 2470 est
1379 2430 1392 2467 :
1430 2427 1496 2468 ac
1536 2412 1796 2483 quamvis
1854 2410 2036 2467 libens

442 2509 732 2564 silentium
778 2506 965 2563 verbis
1003 2511 1326 2576 anteponat,
1385 2504 1498 2559 vim
1555 2512 1739 2559 tamen
1798 2501 2038 2559 faciente

442 2601 751 2667 desiderio,
797 2600 966 2656 etiam
1015 2597 1299 2654 modicum
1357 2596 1767 2667 aliquantulum
1807 2596 2035 2671 cedens,

443 2676 765 2769 quanquam
807 2708 920 2749 non
955 2691 1293 2748 habentibus
1325 2690 1609 2757 ﬁduciam,
1666 2705 1731 2744 ac
1774 2705 1876 2745 nec
1906 2704 2037 2761 pro—

442 2794 621 2866 priam
647 2789 1034 2864 ignorantibus
1067 2785 1468 2852 inﬁrmitatem,
1499 2792 1591 2840 aut
1621 2800 1786 2855 quam
1820 2784 2038 2840 modice

443 2888 626 2959 longae
694 2882 1099 2941 taciturnitatis
1158 2894 1365 2935 arcano
1421 2877 1739 2948 defuncturl
1811 2877 2037 2941 simus,

443 2980 596 3050 loqui
649 2977 942 3049 permittit.
982 2973 1151 3031 Festo
1204 2988 1337 3048 ergo
1391 2978 1672 3028 conventu
1733 2986 1797 3027 ac
1848 2969 2040 3025 laetitia

444 3072 667 3145 publica
697 3069 1091 3129 celebrandum
1124 3068 1357 3132 donum,
1382 3081 1495 3121 non
1522 3063 1770 3122 tenebris
1793 3064 2040 3120 obruen-

446 3166 581 3222 dum
628 3184 642 3220 :
681 3178 792 3219 non
825 3160 1201 3228 obruendum,
1233 3160 1487 3230 inquam,
1522 3159 1672 3215 velut
1704 3173 1903 3215 recens
1956 3160 2041 3212 in-

2143 1966 2213 2003 σα
2276 1950 2378 2022 τῆς
2429 1950 2697 2007 Θεοτόκου
2740 1954 2841 2023 τὴν
2884 1954 3165 2026 κοίμησιν,
3199 1955 3294 2009 καὶ
3323 1956 3502 2026 λόγων
3566 1960 3733 2037 ὑπερέ

2142 2041 2377 2114 αίρουσα
2432 2043 3054 2119 δύναμιν.,Μυστήριον,
3087 2050 3147 2101 οὐ
3182 2050 3335 2121 παρὰ
3369 2050 3591 2114 πολλοῖς
3640 2053 3733 2120 μὲν

2092 2177 2103 2187 .
2142 2133 2247 2205 ἤδη
2275 2134 2634 2207 τελούμενον,
2676 2137 2831 2210 παρὰ
2879 2139 3014 2193 πᾶσι
3045 2138 3103 2193 δὲ
3137 2139 3235 2194 νῦν
3285 2142 3382 2195 καὶ
3425 2141 3757 2213 τιμώμενονΔ

2144 2226 2241 2282 καὶ
2281 2228 2671 2301 στεργόμενον.
2731 2231 2843 2285 Καὶ
2869 2230 3028 2286 τοῦτο
3064 2234 3222 2305 ἡμῶν
3244 2236 3393 2288 ἐστιν
3428 2236 3461 2305 ἡ
3492 2237 3733 2306 πανήγυ-

2146 2337 2252 2393 ρις,
2275 2323 2309 2392 ἠ
2344 2322 2439 2375 τοῦ
2479 2324 2782 2395 μυστηρίου
2814 2325 3141 2397 φανέρωσις,
3176 2328 3260 2397 ἦτ’
3280 2327 3386 2381 ὀῦν
3406 2327 3730 2392 ἐξάπλωσις.

2143 2412 2206 2467 El
2232 2417 2325 2469 καὶ
2342 2418 2660 2488 προκρίνειν
2679 2417 2938 2471 ἐθέλουσα
2960 2417 3072 2471 τῶν
3090 2417 3266 2486 λόγων
3296 2418 3397 2488 τὴν
3431 2419 3645 2489 σιωπὴν
3667 2413 3743 2481 ω’,

2145 2505 2252 2559 ὑπὸ
2271 2507 2368 2560 τοῦ
2399 2508 2568 2563 πόθου
2620 2509 2892 2581 βιάζεται,
2941 2511 3039 2564 καὶ
3103 2509 3302 2581 μικρὸν
3360 2511 3489 2564 ὅσον
3556 2510 3732 2572 αὐτοῖς

2145 2596 2464 2654 ὑπενδίδωσι
2498 2600 2593 2654 τοῦ
2646 2599 2829 2672 λέγειν
2875 2601 3290 2674 παραχωροῦσα
3316 2620 3332 2636 ⁸
3376 2604 3587 2677 καίπερ
3639 2604 3731 2658 οὐκ

2147 2689 2332 2760 ἔχουσι
2358 2691 2420 2744 τὸ
2451 2691 2700 2764 θαρρεῖν,
2734 2694 2857 2747 οὐδὲ
2885 2694 2984 2767 τὴν
3008 2695 3226 2749 ἑαυτῶν
3254 2696 3548 2764 ἀγνοοῦσιν
3571 2694 3731 2750 ἀσθέ-

2147 2783 2369 2854 νειαν,ἢ
2393 2784 2543 2848 ὅπως
2570 2784 2637 2839 ἂν
2671 2786 2911 2856 μετρίως
2941 2787 3365 2857 ἀφοσιώσωνται
3386 2791 3488 2860 τῆς
3523 2791 3733 2859 μακρᾶς

2156 2874 2373 2944 σιωπῆς
2392 2876 2454 2929 τὺ
2476 2877 2812 2949 ἀπόρρητον.
2851 2880 3299 2952 Πανηγυριστέον
3333 2876 3428 2936 οὖν
3457 2887 3520 2935 τὸ
3544 2882 3730 2952 δῶρον,

2149 2968 2286 3023 ἀλλὰ
2318 2969 2394 3041 μὴ
2424 2973 2772 3043 συγχωστέον
2799 2987 2812 3001 ⁶
2842 2973 2917 3045 μὴ
2941 2974 3023 3026 ὅτι
3084 2973 3401 3045 πρόσφατον
3469 2974 3585 3045 ἔχει
3637 2974 3730 3041 τὴν

2149 3060 2388 3134 εὕρεσιν,
2418 3065 2533 3118 ἀλλ’
2559 3066 2641 3119 ὅτι
2673 3066 2812 3137 πρὸς
2839 3068 2940 3137 τὴν
2969 3068 3180 3121 οἰκείαν
3210 3069 3521 3138 ἐπανῆλθεν
3539 3068 3734 3138 εὐπρέα

2150 3173 2332 3210 πειαν.
2353 3157 2428 3211 Οὐ
2456 3157 2564 3230 γὰρ
2592 3157 2799 3212 ἐπείτοι
2828 3161 2940 3214 τισὶ
2966 3159 3075 3213 τῶν
3097 3161 3204 3232 πρὸ
3239 3160 3399 3232 ἡμῶν
3425 3163 3487 3215 οὐ
3512 3160 3730 3229 διέγνω-

446 3267 698 3321 ventum,
754 3253 853 3311 sed
891 3253 1035 3325 quod
1073 3251 1142 3307 ad
1171 3266 1334 3308 suum
1364 3251 1519 3305 illum
1547 3248 1807 3305 decorem
1858 3248 2039 3305 redie-

2148 3263 2260 3312 στο,
2287 3246 2390 3319 ἤδη
2432 3250 2529 3303 καὶ
2589 3249 2899 3304 σιωπᾶσθαι
2955 3230 3151 3316 ἄξιονο⁷
3177 3230 3294 3306 ἀλλ’
3341 3252 3425 3305 ὅτι
3465 3251 3541 3323 μὴ
3566 3251 3732 3319 πάντη

446 3350 547 3416 rit,
575 3346 985 3404 celebrandum.
1015 3343 1135 3399 Non
1161 3343 1309 3399 enim
1339 3357 1449 3414 quo
1479 3341 1735 3397 nonnulli
1762 3342 2040 3413 majorum

440 3447 804 3514 perspectum
855 3438 1042 3493 minus
1093 3434 1415 3502 habuerint,
1463 3434 1633 3491 etiam
1685 3433 1850 3489 modo
1890 3433 2043 3489 sileri

450 3532 724 3598 debuerit,
785 3531 897 3585 imo
930 3526 1079 3600 quod
1116 3542 1224 3584 non
1257 3542 1487 3598 prorsus
1527 3525 1804 3597 eliugerit,
1853 3534 2047 3583 sancte

450 3625 620 3683 fuerit
647 3621 1071 3680 celebrandum.
1099 3619 1332 3690 Sitergo
1357 3634 1504 3675 unus
1537 3618 1701 3675 hodie
1730 3618 2045 3673 caelestium

450 3715 923 3784 terrestriumque
951 3712 1266 3768 communis
1294 3708 1470 3767 festus
1524 3717 1858 3778 conventus,
1892 3710 2047 3781 pari-

2150 3339 2398 3409 διέφυγε,
2462 3341 2834 3412 κηρύττεσθαι
2880 3345 3049 3401 ὅσιον.
3091 3342 3304 3399 Οὐκοῦν
3356 3345 3606 3412 γενέσθω
3644 3343 3735 3414 μία

2153 3429 2308 3501 κοινὴ
2375 3430 2619 3501 σήμερον
2660 3434 2932 3504 οὐρανίων
2983 3435 3080 3488 καὶ
3105 3424 3371 3504 ἐπιγείων
3405 3437 3736 3506 πανήγυρις,

2153 3521 2247 3576 καὶ
2258 3522 2515 3592 ἀγγέλοις
2538 3526 3122 3595 συνευφραινέσθωσαν
3148 3527 3451 3599 ἄνθρωποι,
3474 3529 3569 3583 καὶ
3596 3529 3736 3581 πᾶσα

2153 3610 2381 3681 γλῶσσα
2439 3614 2714 3685 χορευέτω
2771 3617 2866 3669 καὶ
2913 3618 3238 3689 προσᾳδέτω
3265 3621 3332 3690 τῇ
3388 3618 3640 3689 Θεοτόκῳ
3680 3617 3736 3669 τὸ

2154 3705 2345 3776 χαῖρε.
2372 3706 2544 3761 Τοῦτο
2567 3707 2676 3781 γὰρ
2709 3711 2808 3764 καὶ
2837 3710 3082 3782 Γαϐριὴλ
3123 3710 3393 3784 πρότερον
3442 3715 3679 3766 ἐποιεῖτο
3693 3711 3734 3746 ⁸³

452 3821 561 3877 que
619 3804 810 3860 laetitia
864 3817 991 3857 cum
1047 3801 1260 3873 angelis
1315 3800 1572 3856 homines
1626 3800 1926 3871 gaudeant,
1983 3815 2049 3857 ac

452 3899 645 3970 lingua
671 3895 853 3952 omnis
893 3893 1076 3960 saliat,
1108 3895 1323 3964 Areque
1365 3892 1499 3949 illud
1523 3892 1768 3963 Deiparae
1802 3893 2045 3949 accinat.

457 3992 574 4048 lloc
635 3990 782 4048 enim
832 3989 1000 4045 etiam
1053 3987 1276 4044 Gabriel
1334 3986 1465 4042 olim
1529 3987 1867 4042 sacramenti
1922 3986 2043 4043 fecit

2149 3982 2466 4052 οἰκονομίαν
2496 3982 2758 4055 ἄρρητον,
2792 3987 2851 4038 ἐν
2888 3985 2967 4056 τῷ
3004 3986 3321 4060 παρθενικῷ
3379 3990 3480 4060 τῆς
3527 3988 3734 4058 φύσεως

456 4084 754 4143 exordium
790 4124 807 4150 ,
868 4069 994 4139 cum
1047 4080 1471 4150 dispensatione
1526 4079 1836 4147 inell‘abili,
1902 4081 2043 4153 quod

2151 4070 2503 4144 ἐργαστηρίῳ
2548 4075 2935 4145 καινοπρεπῶς
2973 4077 3347 4134 διεπλάττετο.
3385 4082 3501 4135 Καὶ
3546 4080 3649 4151 χρή
3678 4095 3739 4147 γε

456 4178 750 4250 theologia).
781 4177 957 4233 totius
1015 4184 1070 4232 et
1113 4174 1430 4230 divinorum
1478 4174 1854 4231 clarissimum
1886 4184 1970 4232 est
2005 4174 2043 4243 ι,

2152 4166 2320 4220 πάλιν
2344 4168 2492 4237 ἡμᾶς
2518 4167 2712 4241 ὥσπερ
2739 4188 2790 4223 τι
2824 4172 2997 4242 γέρας
3028 4171 3309 4243 ἐξαίρετον
3337 4173 3498 4229 τοῦτο
3528 4176 3595 4244 τῇ
3630 4173 3730 4225 Βα-

460 4272 650 4329 divina
672 4268 813 4326 .Jesu
843 4267 900 4323 in
932 4264 1212 4322 hominem
1257 4264 1413 4320 ﬁctio
1444 4264 1583 4335 (84),
1615 4280 1818 4321 novum
1851 4265 2043 4323 decora

2155 4258 2315 4314 σιλίδι
2344 4259 2441 4314 τοῦ
2469 4260 2663 4330 γένους
2710 4266 3090 4333 προσαγαγεῖν
3135 4267 3499 4338 χαριστήριον
3521 4283 3534 4298 ·
3563 4265 3643 4320 ὅτι
3673 4264 3731 4333 δὴ

459 4364 675 4420 ratione
707 4359 1069 4422 formaretu‘r,
1117 4358 1173 4413 in
1222 4357 1477 4429 virginali
1535 4365 1751 4413 natura:
1803 4358 2043 4414 oliicina.

2159 4346 2364 4424 πρέπει
2406 4354 2503 4408 καὶ
2531 4355 2848 4427 μεταστάσῃ
2887 4356 3068 4425 λέγειν
3115 4358 3254 4429 αὐτῇ
3277 4358 3340 4411 τὺ
3363 4359 3553 4429 χαῖρε.
3586 4356 3730 4423 Μόνη

384 4501 391 4511 .
459 4455 538 4510 Ac
568 4452 795 4509 omnino
828 4464 1011 4520 operae
1054 4448 1291 4519 pretium
1340 4455 1467 4512 est,
1511 4457 1573 4502 ut
1622 4464 1771 4503 nunc
1820 4448 2043 4517 iterum,

2159 4445 2270 4517 γὰρ
2302 4448 2439 4516 ἡμῖν
2455 4446 2555 4517 τὴν
2586 4448 2763 4519 χαρὰν
2791 4450 3156 4514 είσοικίσασα,
3188 4450 3286 4521 τὴν
3300 4450 3481 4523 λύπην
3512 4450 3733 4522 ἐξήλασε

388 4542 389 4547 “
462 4561 561 4601 ceu
594 4542 933 4615 pracipuum
958 4538 1338 4604 honorarium,
1370 4552 1573 4592 munus
1608 4538 1715 4592 hoc
1747 4536 2043 4595 offeramus

2153 4538 2255 4609 τῆς
2271 4540 2642 4612 προμήτορος.
2672 4559 2691 4593 ι
2704 4541 2856 4596 Σαλπ
2867 4543 3070 4613 ίσωμεν
3094 4538 3186 4598 οῦν
3200 4544 3495 4614 σάλπιγξιν
3514 4546 3572 4599 ἐν
3584 4541 3730 4598 Σιών·

465 4638 692 4709 Reginae
743 4633 1055 4690 hominum.
1099 4630 1268 4686 Plane
1320 4629 1469 4686 enim
1519 4632 1814 4700 congruit,
1859 4638 1921 4684 ut
1967 4632 2043 4686 vel

2157 4630 2522 4702 ἀναλάϐωμεν
2563 4632 2865 4706 ψαλτήριον
2908 4635 3002 4689 καὶ
3041 4634 3297 4707 κιθάραν.
3331 4654 3350 4688 ι
3391 4637 3647 4708 ’ᾼσωμεν
3670 4633 3732 4701 τῇ

467 4729 726 4801 migranti
787 4726 1039 4782 dicamus
1096 4721 1494 4794 Ave:quippe
1558 4721 1677 4776 sola
1745 4722 2043 4779 conciliato

2156 4723 2344 4796 Μητρὶ
2367 4724 2465 4778 τοῦ
2495 4725 2652 4793 Θεοῦ,
2679 4727 2902 4798 ᾄσωμεν
2936 4729 3036 4782 οὐκ
3065 4728 3455 4800 ἐπιθαλάμιον,
3484 4728 3598 4783 ἀλλ’
3623 4728 3735 4779 ἐπι-

469 4818 671 4892 gaudio
700 4816 949 4890 parentis
976 4814 1168 4885 primae
1192 4811 1406 4884 fugavit
1434 4811 1739 4869 tristitiam.
1830 4831 1849 4865 ι
1883 4811 2043 4869 Clan.

2159 4817 2357 4886 τάφιον
2393 4818 2828 4891 ἀνακρουόμενοι
2894 4821 3078 4892 μέλος.
3124 4822 3556 4895 Φιλοπευστήσει
3597 4819 3641 4873 δ’
3676 4815 3735 4870 ἄν

469 4929 667 4987 gamus
700 4905 906 4970 tubain
920 4905 1500 4977 Sionmassumamus
1532 4906 1858 4979 psalterium
1892 4916 1948 4964 et
1974 4909 2043 4964 ci-

2157 4925 2246 4976 τις
2276 4911 2503 4983 είκὸτῳς
2523 4912 2633 4967 τῶν
2662 4912 2785 4969 λίαν
2820 4915 3276 4987 ἐπεσκεμμένων·
3319 4917 3481 4971 Ὀτου
3503 4913 3567 4985 δὴ
3588 4909 3737 4983 χάριν

2154 3797 2249 3851 τοῦ
2302 3799 2603 3871 μυστηρίου
2643 3801 2954 3872 προοίμιον,
3011 3803 3103 3855 ὅτε
3138 3802 3199 3855 τὸ
3239 3802 3426 3873 πάσης
3462 3802 3735 3871 θεολογίας

2156 3890 2585 3960 ἐκφανέστατον,
2614 3894 2647 3963 ἡ
2675 3893 2794 3946 καθ’
2828 3896 2977 3965 ἡμᾶς
3016 3894 3193 3966 Ἰησοῦ
3227 3896 3565 3952 θεοπλαστία
3585 3940 3599 3964 ,
3621 3896 3734 3951 κατ’

568 5087 843 5162 1Dionys.
889 5087 1004 5145 div.
1077 5087 1156 5143 De
1190 5086 1296 5142 div.
1328 5100 1624 5157 nom.,cap.
1655 5087 1707 5141 l.
1788 5097 1825 5120 ι·
1851 5086 1990 5155 Joel,
2013 5104 2073 5159 ιι,
2100 5090 2160 5148 2.

1799 5244 2032 5303 VARIAE
2071 5245 2475 5305 LECTIONES.

540 5343 714 5399 ιηιάλ,
733 5340 958 5412 ἀρετήν.
1038 5337 1082 5370 ⁸⁵
1111 5338 1212 5391 ἀλ.
1245 5336 1560 5407 ἐποιήσατο.
2458 5348 2467 5357 “

1788 5435 2186 5495 COMBEFlSll
2219 5436 2457 5494 ΝΟΤΛΕ.

551 5522 2067 5614 (83).Maisdi'PPﬂ?!59353.3???.iesa'wtaﬂariw
2176 5602 2215 5614 ..
2237 5530 2353 5614 (84)
2384 5531 2586 5614 ρευσηρ
2608 5533 2745 5614 λεια
2775 5534 2831 5614 is
2855 5533 3119 5614 hominem
3154 5533 3321 5614 βςιίοο
3355 5533 3428 5587 Ἠ
3458 5531 3576 5614 κείν

476 5597 1448 5685 θοὶηῆίίρὴίξέὶῖᾉςὲςΞῘξῙΔῘΒ-Ἦνῃ
1469 5597 1941 5685 ειξξῇξὶξξθζξζίο,
1970 5617 2063 5685 εστ
2176 5597 2352 5685 ’ζητῇ
2404 5602 2757 5685 θεοπλαξτία.
2795 5603 2940 5685 S_unt
2997 5597 3356 5674 Dionjsiana,
3405 5618 3444 5660 ll
3480 5602 3555 5656 De
3567 5597 3727 5685 fittin-

479 5668 756 5751 eminenti
770 5665 1181 5751 pbsepritatem
1197 5665 1477 5751 queritur,
1492 5665 1636 5751 _dum
1662 5668 1769 5751 a‘it_:
1803 5670 1880 5751 Οὐ
1911 5665 2063 5744 παρά
2162 5665 2274 5751 ubi
2302 5671 2503 5728 Perion
2541 5692 2556 5728 :
2585 5673 2783 5751 Divina
2814 5674 2948 5751 {esu
2989 5690 3060 5751 ea:
3112 5665 3308 5751 n'gtnra
3343 5665 3728 5751 nostra‘ﬁctionf

481 5740 697 5801 πολλοῖς
729 5735 831 5818 ῆᾷη
851 5735 1196 5819 τελούμενρν,
1216 5732 1584 5819 'payoigollgn
1622 5732 2062 5809 celebratum,'et
2161 5743 2364 5819 quibus
2403 5747 2691 5819 materiam
2716 5745 2953 5819 erplicat
2989 5744 3284 5819 loco‘ﬁnis,
3308 5760 3478 5819 quem
3511 5732 3725 5819 r8,_xa9'

480 5804 1321 5896 quopaugir‘inajor‘um‘luerint
1355 5805 1575 5873 initiati,
1602 5823 1920 5883 quanquam
1956 5804 2062 5870 nec
2160 5804 2329 5896 ἡμᾶς,
2370 5830 2471 5896 ceu
2503 5804 2813 5896 terminum:
2830 5814 2897 5869 ad
2923 5831 3086 5884 quem
3113 5804 3353 5871 fictionié
3386 5815 3532 5871 illius
3569 5804 3724 5880 signi-

484 5877 519 5941 ii
558 5877 858 5945 defuerint,
892 5877 952 5933 ut
979 5877 1007 5934 1
1031 5883 1174 5932 orat.
1621 5877 1632 5878 “
1769 5877 1787 5883 ⁷
2175 5877 2324 5949 licat,
2354 5894 2408 5939 et
2444 5886 2544 5955 ipsi
2569 5877 2967 5957 expressimus".
