4012 6462
353 371 490 441 1073

1376 386 1459 448 ΙΝ
1494 381 2040 448 DOBMITIONEM
2082 386 2143 454 S.
2173 381 2465 456 MA'Rl/E.
2516 395 2595 458 II.

3489 395 3627 465 1075

345 490 447 558 τῆς
474 485 614 542 Σιὼν
641 489 1020 564 ἐπεμνήσθης,
1054 487 1099 549 ὣ
1119 494 1216 566 τῆς
1267 496 1552 570 παρούσης
1586 502 1739 572 ίερᾶς
1767 504 1935 573 ὕμνο-

2054 502 2258 558 haram
2282 513 2349 571 llI;
2386 524 2405 557 ι
2444 521 2715 561 canamus
2739 505 2832 562 Dei
2874 506 3164 573 Genitrici,
3203 524 3489 576 canamus,
3516 530 3624 569 non

348 581 472 650 λόγε
510 580 912 653 φαιδρότητος;
970 584 1113 638 Ἀλλ’
1128 586 1230 639 ούκ
1255 588 1512 653 ἀσκόπως
1534 590 1605 653 ⁸ο,
1660 593 1827 662 φαίην
1865 595 1932 648 ἂν

348 670 486 741 πρὸς
517 672 710 727 αὐτόν·
746 669 818 728 Ὦ
840 670 1019 740 οὗτος,
1048 676 1148 748 τῆς
1184 681 1605 752 παναγεστάτης
1654 684 1935 756 ἐμνήσθην

347 762 523 817 Σιώνο
560 764 618 818 ἐν
654 764 829 838 ταύτῃ
875 768 984 839 γάρ
1020 769 1088 823 τὸ
1120 770 1264 841 μέγα
1301 771 1463 827 τοῦτο
1505 776 1936 848 μυσταγώγηται

347 854 446 924 τῆς
477 854 746 910 Θεοτόκου
783 863 1106 932 μυστήριον.
1124 861 1215 915 Ἐν
1239 862 1413 936 ταύτῃ
1447 865 1545 931 τάς
1582 869 1935 934 κατακλίσεις

348 948 460 1002 τῶν
489 949 650 1020 ίερῶν
677 953 920 1021 γονάτων
954 954 1051 1009 τοῦ
1083 957 1360 1025 πανάγνου
1404 958 1680 1028 σώματος,
1710 964 1767 1015 αἱ
1799 963 1938 1034 πρὸς

351 1039 618 1112 τοῦδαφος
638 1048 1089 1117 κατεστρωμέναι
1124 1048 1333 1113 πλάκες
1364 1049 1650 1119 διωλύγιον
1690 1052 1939 1125 ἀνακρά-

353 1133 541 1198 ζουσι·
574 1135 699 1189 ἐπεὶ
726 1138 821 1191 καὶ
845 1138 1050 1210 ταύτην
1082 1135 1198 1211 εἶχε
1224 1143 1356 1213 παρ’
1378 1140 1499 1196 ὅλον
1525 1143 1697 1213 αὐτῆς
1726 1144 1819 1198 τὸν
1844 1145 1942 1216 τῆς

353 1225 653 1296 παροικίας
671 1229 862 1300 καιρὸν
895 1230 1219 1302 ἐνδιαίτημα
1249 1249 1261 1264 ·
1294 1235 1517 1288 κάκεῖσε
1547 1239 1661 1301 τοῖς
1690 1242 1943 1307 φυσικοῖς

352 1316 794 1392 λιιτουργήσασα
837 1323 1048 1394 νόμοις,
1085 1326 1180 1380 τοῦ
1215 1326 1334 1396 βίου
1365 1328 1428 1381 τὸ
1469 1329 1647 1402 πέρας
1696 1331 1940 1401 ἐδέξατο,

354 1409 593 1465 λαθοῦσα
646 1413 930 1469 κάνταῦθα
960 1417 1053 1472 τὸν
1084 1419 1327 1490 ἄρχοντα
1366 1420 1462 1475 τοῦ
1512 1424 1761 1489 σκότους,
1790 1427 1866 1492 ὡς
1887 1430 1944 1481 ὲν

353 1500 434 1571 τῷ
449 1502 658 1558 τίκτειν
683 1505 897 1579 ἀπέδρα
919 1508 987 1563 τὰ
1012 1511 1268 1583 μητέρων
1292 1529 1305 1542 ·
1330 1515 1363 1584 ἡ
1393 1513 1730 1587 ἀγιώνυμος,
1758 1519 1792 1589 ἡ
1823 1518 1945 1574 θεό-

356 1595 577 1665 κλητος,
608 1597 641 1667 ὴ
673 1596 1091 1672 ύπεράμωμος,
1135 1605 1168 1673 ή
1218 1601 1380 1675 δόξης
1427 1606 1524 1660 καὶ
1583 1608 1809 1681 χάριτος
1855 1613 1946 1666 τὸν

356 1683 589 1755 οὐρανὸν
616 1687 710 1741 καὶ
744 1688 845 1760 τὴν
869 1692 976 1763 γῆν
1002 1694 1395 1760 ἀναπιπλᾶσα,
1428 1696 1507 1767 τῷ
1546 1700 1826 1773 μεγαλείῳ
1848 1702 1946 1775 τῆς

357 1776 699 1848 θεοπρεποῦς
756 1783 928 1863 αὐτῆς
972 1787 1395 1855 μεταστάσεως⁸
1436 1785 1506 1863 ἦς
1542 1794 1591 1846 εί
1625 1793 1861 1865 καθεξῆς
1886 1796 1948 1851 ἆ-

359 1884 540 1959 ·παντα
552 1869 878 1945 βουληθείην
894 1877 1208 1942 ἐπεξελθεῖν
1228 1879 1306 1951 τῷ
1326 1881 1655 1956 διηγήματι,
1686 1885 1947 1959 ὓπαρξιν,

358 1958 394 2029 ἢ
421 1958 706 2030 σύλληψιν,
739 1962 1044 2035 ἢγέννησιν
1078 1968 1180 2022 ούκ
1202 1968 1269 2023 ἀν
1286 1970 1511 2044 εὕροιμι
1530 1974 1726 2046 καιρὸν
1745 1976 1824 2047 τῷ
1859 1976 1948 2031 λό-

348 2054 444 2121 ’γῳ
465 2053 509 2110 ⁵4
534 2052 926 2128 σύμμετρον,ἢ
959 2058 1121 2129 λόγου
1149 2061 1383 2135 δύναμιν
1404 2083 1639 2139 παρισου
1650 2068 1819 2139 μένην
1840 2072 1953 2136 τοῖς

317 2228 328 2238 1
362 2142 706 2238 πράγμασιν.
744 2148 869 2202 Ὅτι
905 2150 980 2221 μὴ
1011 2153 1191 2208 πάντα
1219 2160 1510 2227 συντεμεῖν
1559 2162 1640 2225 είς
1662 2160 1807 2229 ἅπαξ
1840 2162 1952 2218 οἷόν
1990 2187 1997 2191 ·

361 2234 510 2327 τε]τά
538 2237 754 2309 ἐκείνης
771 2241 1254 2316 σεμνολογήματα*
1281 2249 1427 2317 λέγω
1453 2250 1635 2321 ese-cm
1655 2254 1954 2327 εὐκληρίαν

365 2323 461 2377 τοῦ
526 2327 733 2395 γένους,
767 2330 828 2384 τὸ
851 2335 974 2386 κατ’
1008 2335 1301 2411 ἀμφότερα
1328 2340 1439 2393 τῶν
1470 2342 1739 2397 τεκόντων
1763 2323 1957 2419 ἐπίσης

373 2432 493 2484 μον,
555 2418 780 2473 αὐτόθεν
810 2423 869 2476 τὸ
898 2425 1196 2495 ἱερατικὸν,
1237 2429 1298 2482 τὸ
1356 2429 1646 2500 βασιλικὸν
1681 2418 1957 2492 ’ἐντεῦθεν

367 2510 803 2600 ἀντανισχόντων
816 2516 1058 2589 ἀξίωμα,
1083 2519 1183 2592 τὴν
1206 2522 1489 2590 ἀπαιδίαν,
1519 2525 1619 2596 τὴν
1644 2528 1956 2600 στείρωσιν,

266 2647 281 2655 -
364 2599 467 2688 τάς
503 2602 644 2673 ύπέρ
678 2607 849 2677 αὐτῆς
887 2609 1176 2680 ἐντεύξεις,
1207 2614 1307 2678 τὰς
1359 2615 1689 2688 ἐπισύχνους
1744 2599 1956 2687 θυσίας,

366 2683 461 2752 αἷς
491 2690 583 2743 τὸν
613 2692 744 2747 Θεὸν
805 2698 1104 2770 ἐλιπάρουν
1127 2742 1141 2767 ,
1217 2703 1482 2771 ἱκέτευον,
1519 2683 1861 2778 ηντιὸόλουν,

365 2781 471 2849 τῆς
490 2784 832 2854 στειρώσεως
854 2790 1161 2859 ὑπαλλάξαι
1177 2795 1374 2867 δεσμά·
1392 2798 1652 2870 γονίμους
1665 2802 1726 2865 ἐξ
1749 2803 1963 2873 ἀγόνων

364 2875 653 2949 δειχθῆναι
681 2882 809 2947 τοὺς
834 2884 1093 2951 ἄπαιδας*
1121 2889 1274 2943 δοτὸν
1312 2890 1371 2955 ἐξ
1402 2892 1686 2965 ἀκαρπίας
1722 2897 1964 2966 ὲκφύσαι

368 2970 611 3040 καρπόν.
676 2969 815 3028 Εἶτα
878 2979 1225 3051 στειρὼσεως
1275 2981 1554 3050 ἔκστασιν,
1628 2988 1965 3058 ἐπαγγελίας

369 3066 795 3138 συμπλήρωσιν,
825 3072 919 3124 καὶ
952 3073 1134 3144 μικρῷ
1152 3075 1258 3146 πρὸ
1279 3076 1507 3141 τούτων,
1538 3079 1610 3133 τά
1641 3082 1709 3135 δι’
1741 3083 1964 3154 ὀνείρων

2037 596 2287 666 nuptiale
2313 598 2407 653 sed
2437 598 2667 655 funebre
2692 600 2977 670 pulsantes
3001 602 3195 656 melos.
3254 600 3444 657 Fuerit
3473 619 3623 666 vero,

2037 686 2130 756 qui
2160 687 2458 743 admodum
2493 691 2784 761 perspicax
2811 700 2867 747 et
2902 701 3203 748 accuratus
3230 692 3419 749 dicere
3445 705 3626 758 aveat,

2037 784 2383 849 quaeratque,
2426 778 2734 849 Cujusnam
2796 796 2928 838 vero
2974 783 3174 853 gratia,
3237 800 3411 841 sacra:
3465 787 3630 855 hujus

2038 867 2243 923 laetitiae
2299 884 2459 925 sacer
2519 880 2746 936 orator,
2805 874 3109 929 meministi
3147 873 3326 931 Sion?
3372 875 3476 932 Cui
3524 891 3627 947 ego

2040 960 2109 1015 ad
2150 977 2266 1016 rem
2301 962 2561 1034 haudque
2610 966 2681 1022 ab
2710 981 2880 1036 scopo
2909 967 3294 1037 responderim
3324 983 3339 1023 :
3366 968 3513 1026 lleus
3550 979 3630 1032 tu.

2042 1055 2271 1108 memini
2305 1057 2677 1113 sanctissimae.
2717 1057 2871 1121 Sion,
2907 1058 3056 1128 quod
3094 1059 3148 1113 in
3177 1076 3241 1116 ea
3274 1062 3423 1116 docti
3459 1064 3633 1117 simus

2042 1160 2301 1216 magnum
2356 1148 2462 1204 hoc
2504 1150 2597 1204 Dei
2639 1150 2942 1208 Genitricis
2975 1160 3407 1207 sacramentum.
3466 1154 3523 1209 lu
3570 1169 3633 1209 ea

2044 1247 2232 1295 stratae
2263 1241 2330 1296 ad
2362 1243 2740 1312 pavimentum
2772 1245 2991 1307 tabulae,
3016 1260 3302 1302 sacrorum
3335 1246 3634 1303 castissimi

2046 1333 2302 1402 corporis
2360 1336 2984 1407 genuumrecubitus,
3042 1335 3195 1390 clara
3248 1322 3675 1407 constantique

2045 1436 2182 1479 voce
2198 1424 2463 1481 clamant.
2488 1405 2789 1482 Totu'enim
2821 1427 3097 1483 incolatus
3117 1428 3202 1483 sui
3227 1434 3473 1498 tempore
3524 1405 3636 1500 (85)

2047 1528 2168 1569 eam
2199 1516 2395 1570 habuit
2442 1517 2813 1586 domicilium,
2848 1519 3072 1590 illicque
3119 1526 3331 1573 natura:
3376 1520 3639 1575 obsecuta

2049 1607 2288 1677 legibus,
2343 1609 2506 1663 linem
2549 1610 2676 1664 vitae
2710 1611 2924 1681 accepit
2971 1628 2986 1664 :
3036 1610 3120 1665 vel
3155 1610 3248 1664 hic
3288 1610 3639 1665 tenebrarum

2050 1697 2229 1753 latens
2270 1697 2602 1769 principem,
2634 1698 3102 1769 quemadmodum
3129 1698 3184 1753 in
3219 1710 3377 1770 partu
3403 1698 3631 1755 evitarat

2050 1804 2172 1857 quze
2195 1798 2327 1845 sunt
2359 1798 2600 1845 matrum
2633 1793 2893 1862 propria:
2932 1792 3046 1856 illa,
3079 1792 3330 1862 inquam,
3363 1806 3520 1846 sacra
3548 1808 3643 1846 no-

2056 1882 2226 1947 mine,
2257 1881 2349 1937 illa
2384 1896 2414 1935 a
2445 1880 2559 1937 Deo
2592 1891 2807 1947 vocata,
2841 1883 3373 1939 immaculatissima
3411 1882 3644 1947 itla,illa

2056 1976 2315 2044 denique,
2343 1990 2467 2045 quae
2492 1976 2713 2045 augusti
2748 1976 2835 2029 sui
2886 1967 3157 2030 transitus
3210 1962 3643 2044 magniﬁcentia,

2056 2065 2257 2120 coelum
2284 2073 2601 2135 terramque
2638 2065 2813 2137 gloria
2861 2072 2914 2121 et
2970 2066 3145 2136 gratia
3186 2066 3448 2136 replevit;
3486 2066 3645 2137 cujus

2059 2174 2148 2215 res
2191 2173 2385 2213 omnes
2414 2158 2460 2212 si
2493 2157 2771 2212 narrando
2802 2157 2964 2213 velim
3006 2156 3197 2213 ordine
3228 2159 3522 2229 prosequi,
3564 2158 3647 2213 ni-

2062 2253 2262 2307 mirum
2288 2266 2435 2316 esse,
2472 2251 2917 2321 conceptionem,
2946 2251 3317 2317 nativitatem,
3352 2251 3647 2321 haudqua—

2060 2359 2230 2413 quam
2261 2350 2522 2397 occurrat
2554 2351 2771 2413 tempus
2797 2342 2942 2413 quod
2980 2343 3226 2399 sermoni
3260 2342 3527 2409 suﬂiciat,
3556 2353 3649 2398 aut

2062 2435 2337 2490 sermonis
2373 2435 2478 2501 vis,
2510 2450 2635 2505 quae
2659 2450 2750 2489 res
2776 2448 3067 2504 exaequare
3095 2434 3293 2504 possit.
3326 2433 3448 2490 Non
3500 2437 3648 2491 enim

2063 2528 2251 2581 omnia
2303 2526 2425 2596 ejus
2476 2526 2749 2597 praeconia
2798 2525 2951 2579 velut
2992 2526 3319 2596 compendio
3363 2526 3418 2581 in
3477 2542 3650 2582 unum

2064 2617 2317 2674 contrahi
2359 2626 2594 2688 possunt
2618 2636 2631 2671 :
2653 2632 2852 2687 nempe
2886 2617 3163 2672 claritudo
3184 2618 3423 2689 generis,
3460 2633 3656 2690 paren-

2066 2719 2182 2765 tum
2227 2709 2487 2781 utrinque
2515 2708 2815 2774 nobilitas,
2862 2708 2990 2763 hinc
3040 2708 3470 2776 sacerdotalem,
3500 2711 3656 2766 illinc

2067 2804 2272 2875 regiam
2300 2803 2418 2874 pari
2444 2802 2624 2873 gloria
2657 2800 3019 2857 retinentium
3063 2801 3419 2873 dignitatem;
3445 2803 3658 2859 orbitas

2065 2896 2330 2966 prolium,
2396 2892 2687 2961 sterilitas,
2757 2891 3037 2962 supplices
3087 2891 3155 2946 ad
3210 2890 3386 2948 Deum
3452 2908 3555 2963 pro
3592 2908 3657 2949 ea

2070 3001 2306 3058 preces,
2373 2985 2569 3041 crebra
2656 2983 2968 3047 sacriﬁcia,
3053 2984 3257 3053 quibus
3338 2983 3658 3055 ﬂagitabant

2072 3079 2281 3144 Deum,
2374 3074 2796 3145 supplicabant,
2864 3073 3279 3136 obsecrabant,
3359 3083 3420 3128 ιιι
3499 3062 3715 3130 ειθτί-’

370 3157 652 3227 θεάματα,
690 3161 759 3216 τά
791 3164 918 3218 καθ’
952 3164 1103 3238 ὕπαρ
1130 3168 1476 3240 ἀκούσματα,
1503 3172 1605 3226 ὅσα
1635 3176 1829 3240 κοινῶς
1856 3176 1950 3247 ἀμ-

2072 3172 2247 3228 litatis
2295 3177 2536 3224 mutaret
2561 3168 2805 3233 vincula,
2826 3175 2970 3222 utex
3006 3166 3349 3233 inl‘erundis,
3377 3167 3469 3238 qui
3508 3168 3662 3238 prole

369 3266 464 3317 φω
502 3252 596 3305 καὶ
639 3254 807 3319 ίδίως,
848 3257 1161 3327 κρείττοσιν
1201 3261 1378 3331 ὅψεως
1413 3252 1809 3336 ἐπιφροσύναις
1849 3266 1970 3324 θεο-

2067 3263 2318 3321 destituti
2354 3268 2561 3325 essent,
2597 3259 2868 3316 fecundos
2893 3266 3206 3329 praestaret,
3239 3268 3298 3314 ut
3327 3274 3657 3316 concessum

370 3344 759 3415 κλυτούμενοι,
789 3350 915 3402 κατ’
943 3350 1211 3423 ἐλλαμψιν
1242 3355 1395 3409 θείαν
1430 3360 1889 3431 ἐχρησμῳδοῦντο
1923 3381 1949 3416 ο

2068 3372 2098 3413 a
2138 3355 2434 3413 sterilitate
2475 3352 2718 3409 fructum
2750 3352 2944 3408 liceret
2969 3366 3291 3422 procreare.
3337 3350 3478 3406 Tum
3508 3367 3659 3416 vero,

372 3436 548 3504 ἅγιοι.
591 3439 733 3510 Πρὸς
759 3442 855 3494 ἐπὶ
876 3442 1108 3509 τούτοις,
1136 3441 1196 3499 τὸ
1233 3447 1477 3520 γόνιμον,
1521 3452 1620 3523 τὴν
1646 3456 1724 3516 είς
1762 3455 1950 3522 γένεσιν

2071 3448 2390 3506 sterilitatis
2433 3460 2701 3502 excessus
2742 3452 2909 3516 atque
2942 3444 3208 3506 mutatio,
3245 3442 3469 3513 impleta
3537 3457 3663 3513 pro.

374 3528 634 3597 πρόοδον,
676 3531 746 3586 τά
792 3534 1107 3605 σπάργανα,
1149 3538 1249 3609 τὴν
1273 3541 1355 3605 είς
1385 3541 1447 3595 τὸ
1491 3540 1637 3597 θεῖον
1675 3545 1950 3618 ἀνάκτορα

2072 3539 2267 3595 missio
2304 3538 2580 3609 pauloque
2611 3537 2924 3593 anteriores
2986 3534 3232 3591 visiones
3273 3550 3370 3605 per
3421 3534 3661 3595 somnia.

372 3620 592 3687 ἄφιξιν,
637 3624 714 3687 ὡς
739 3625 971 3699 ἀνετέθη
1009 3628 1128 3700 Θεῷ
1158 3631 1219 3683 τὸ
1251 3632 1621 3706 καλλιέρημα,
1652 3635 1727 3701 ὡς
1761 3639 1819 3690 ἐν
1863 3641 1950 3692 to!

2075 3632 2282 3689 auditae
2315 3630 2679 3703 vigilantibus
2735 3645 2925 3694 voces,
2978 3636 3254 3699 quotquot
3286 3626 3497 3691 Sancti,
3541 3635 3661 3681 tum

375 3710 599 3778 ἀδύτοις
640 3712 731 3770 οἷα
770 3720 994 3789 χρυσοῖς
1044 3720 1311 3793 θαλάμοις
1352 3724 1711 3798 ἐποιχομένη,
1763 3729 1973 3804 τροφῆς

456 3899 483 3927 ι
511 3890 660 3948 Psal.
686 3908 852 3961 uxr,
874 3895 935 3952 3.

2081 3726 2456 3785 communiter
2490 3724 2676 3791 ambo,
2704 3732 2821 3780 tum
2853 3723 3097 3794 quisque
3135 3719 3394 3793 privatim
3433 3734 3534 3777 ceu
3554 3716 3668 3774 Nu-

1662 3986 1903 4042 VAlll/E
1942 3988 2347 4048 LECTIONES.

460 4078 504 4110 ⁶⁰
537 4078 633 4134 ἄλ.
660 4079 771 4133 ἀπὸ
803 4077 1029 4136 σκοποῦ.
1109 4080 1151 4112 ⁶¹
1177 4077 1277 4135 ἄλ.
1309 4078 1401 4133 τοῦ
1426 4080 1607 4149 λόγου.

1672 4177 2073 4234 COMBEFISII
2102 4177 2338 4233 NOTAE.

463 4268 574 4342 (85)
610 4267 742 4326 Toto
774 4272 913 4326 enim
938 4271 1204 4326 incolalus
1240 4270 1325 4342 sui
1376 4278 1628 4340 tempore,
1662 4280 1769 4328 etc.
1807 4271 1971 4327 Vide-

382 4339 482 4399 tur
510 4341 669 4396 aliter
709 4342 909 4410 docere
927 4342 1227 4396 concilium
1261 4339 1460 4407 Ephes.
1482 4339 1553 4410 p.
1582 4357 1644 4403 tt,
1682 4349 1791 4398 act.
1825 4343 1872 4404 l,
1910 4350 1972 4396 ut

382 4413 673 4475 nimirum,
705 4428 830 4467 cum
857 4409 1068 4467 Joanne
1116 4410 1397 4481 Tlteologo
1430 4409 1709 4481 quondam
1760 4412 1974 4469 habita-

2079 4273 2173 4342 qui
2210 4273 2591 4345 necdum__sua
2624 4272 2741 4340 illa,
2771 4289 2867 4330 seu
2896 4287 3081 4345 ponus
3132 4268 3320 4345 Maria};
3346 4269 3669 4326 Constanti-

2081 4340 2291 4425 nopoli,
2334 4342 2390 4397 in
2423 4342 2660 4425 .Mariatu
2718 4340 3673 4425 putidumnosblasphemushape-

2081 4415 2304 4484 ruisset.
2341 4414 2437 4469 sed
2473 4420 2528 4469 et
2566 4413 2789 4484 Ephesi,
2824 4431 2951 4470 vere
2978 4413 3225 4470 Mariana
3257 4413 3391 4484 item
3426 4413 3671 4480 civitate,

382 4484 534 4539 verit
574 4482 772 4551 Ephesi
808 4500 822 4537 :
863 4483 946 4537 sic
978 4482 1083 4538 sibi
1119 4480 1347 4537 videtur
1370 4480 1565 4537 Binius
1596 4482 1872 4550 colligere,
1906 4497 1975 4537 ex
2012 4490 2053 4546 ο
2084 4482 2225 4537 ultro
2279 4485 2571 4551 seipsum'a
2600 4480 2912 4539 sanctorum
2968 4484 3191 4537 Patrum
3230 4490 3281 4535 et
3308 4482 3675 4550 episcoporum

382 4554 501 4611 illis
533 4553 717 4609 verbis
772 4552 968 4624 synodi
1022 4552 1188 4624 epist.
1216 4555 1313 4624 _ad
1353 4552 1576 4624 Clerum
1605 4554 1978 4624 populumque

383 4626 685 4694 Constant.
700 4643 715 4677 :
744 4622 907 4694 Ὅθεν
928 4625 1023 4694 και
1053 4622 1370 4694 Νεστόριος,
1395 4622 1606 4694 φθάσας
1635 4623 1694 4674 ἐν
1716 4625 1783 4694 τῇ
1820 4622 1978 4693 Ἐφε-

386 4695 548 4761 σίων,
604 4692 737 4747 ἐνθα
791 4695 820 4746 ό
853 4692 1116 4761 Θεολόγος
1169 4692 1451 4763 Ἰωάννης,
1511 4693 1608 4763 καὶ
1648 4694 1682 4762 ἠ
1714 4692 1980 4758 Θεοτόκος

383 4763 694 4837 Παρθένος,
720 4766 755 4837 ἡ
791 4763 918 4837 ἁγία
946 4764 1156 4837 Μαρία.
1193 4761 1465 4837 ριιατεέι
1501 4761 1809 4837 Nestor-ius.
1861 4779 1982 4817 cum

386 4839 451 4891 in
484 4833 834 4904 Epltesiorttttt
859 4833 1495 4904 civitatemipervenisset,
1526 4834 1707 4904 iniqua
1743 4833 1982 4889 Joannes

391 4907 441 4962 Τ
446 4902 718 4975 Iteotogus.
752 4914 803 4961 et
850 4905 1082 4974 Deipara
1128 4902 1314 4975 Virgo,
1336 4912 1532 4975 sancta
1568 4903 1751 4958 Maria
1785 4921 1803 4959 :
1836 4905 1985 4959 unde

388 4986 452 5034 et
482 4973 715 5046 margini
751 4973 1015 5044 ascripSit
1042 4992 1056 5029 :
1113 4993 1131 5026 ι
1162 4973 1346 5044 Aliqui
1380 4974 1807 5044 subiutelligunt
1839 4992 1855 5030 :
1883 4975 1986 5046 ali-

390 5045 1043 5129 quandorluabitaverunt;
1070 5060 1286 5129 “rerum
1311 5054 1388 5100 est
1410 5059 1473 5099 ea
1505 5047 1811 5129 auctoritas
1833 5045 1986 5129 ilnlir-

390 5115 570 5185 inior;
625 5117 958 5188 planiusque
1005 5115 1388 5188 intelligatur,
1446 5115 1530 5188 vel
1574 5115 1726 5188 (edes
1769 5115 2009 5179 habent,

440 5188 548 5242 und
580 5186 650 5241 ab
694 5188 818 5244 aliis
853 5186 931 5243 ait
967 5186 1349 5255 subintelligi;
1393 5186 1500 5247 vel.
1533 5186 1730 5242 celebri
1787 5188 1988 5241 honore

440 5205 548 5242 una
580 5205 650 5241 an
694 5205 818 5244 ants
853 5205 931 5243 att
967 5205 1349 5255 sumntemgt;
1393 5205 1500 5247 νει,
1533 5205 1730 5242 ceteort
1787 5205 1988 5241 nouare

394 5205 681 5322 zabentur,
720 5268 771 5314 et
828 5258 1044 5329 patroni
1097 5264 1222 5329 sunt
1281 5272 1343 5310 ac
1373 5258 1662 5329 tutelares;
1692 5257 1854 5329 Aquod
1886 5271 1989 5328 ego

394 5331 577 5399 magis
612 5327 890 5392 existimo,
908 5337 964 5385 et
997 5327 1769 5399 est_plauius,velutralludat
1795 5327 1989 5383 sancta

398 5396 651 5470 synfodtts
722 5399 788 5454 ad
849 5400 1002 5469 ipsos
1068 5396 1718 5470 constantiugpolitanos
1787 5399 1990 5467 quibus

399 5468 707 5540 scribebat,
760 5468 1061 5540 eorumque
1099 5468 1619 5540 civitateuinrgini
1670 5483 1907 5532 sacram,
1935 5475 1990 5524 et

399 5539 825 5610 παρθενόπολιν,
859 5537 1181 5610 ἱιιηιιιιιειιιειΔ
1213 5537 1352 5593 nihil
1389 5538 1492 5608 ipsi
1515 5537 1680 5610 'inAea
1713 5546 1865 5609 parte
1900 5555 1991 5594 ce-

405 5607 540 5682 dere
593 5612 941 5682 mctropolim
984 5608 1340 5682 Ephesiuatu,
1381 5607 1549 5679 quam
1583 5607 1847 5673 Joannes,
1896 5611 1990 5679 qui

403 5681 460 5735 in
491 5697 588 5735 sua
624 5677 964 5746 suscepisset
1002 5679 1251 5746 Mariam,
1293 5677 1422 5735 Jesu
1452 5695 1483 5734 e
1508 5695 1671 5735 cruce
1706 5677 1992 5735 commen-

404 5751 574 5806 dante
608 5752 662 5806 in
692 5768 755 5805 ea
782 5749 967 5806 Mariae
1003 5749 1356 5807 observantia
1396 5750 1733 5806 instituisset
1768 5768 1783 5805 :
1815 5765 1992 5818 eoque

409 5823 742 5893 perstringat
780 5823 1164 5880 haeresiarchas
1219 5821 1589 5891 puteutissimi
1652 5823 1990 5892 procaciam,

2081 4564 2216 4625 coetu
2245 4552 2650 4610 abalienasset:
2681 4558 2828 4625 quod
2862 4555 3051 4609 statim
3083 4552 3335 4625 sequitur
3365 4552 3420 4625 in
3460 4554 3677 4625 ca_epi-

2082 4624 2245 4688 stola,
2269 4625 2419 4679 velut
2448 4621 2712 4694 nimirum
2735 4626 2789 4680 in
2807 4625 3149 4694 blasphemia
3173 4624 3226 4677 in
3256 4621 3480 4694 Mariam
3506 4622 3680 4694 obsti-

2082 4695 2373 4766 παύου-,γει
2402 4696 2496 4766 qui
2522 4693 2747 4750 Patrum
2779 4691 3009 4751 monitis
3037 4694 3268 4766 obsequi
3292 4691 3678 4766 nollet._§rlagis

2083 4775 2233 4820 certe
2264 4764 2498 4835 videtur,
2528 4779 2695 4834 quam
2737 4766 2909 4822 tradit
2935 4765 3189 4820 Andreas
3230 4774 3438 4835 noster,
3484 4764 3683 4835 Hietjo-

2085 4835 2312 4907 solymis
2338 4834 2523 4907 Maria:
2548 4832 2898 4903 constantia,
2920 4852 2952 4893 e
2980 4843 3145 4907 tanta:
3176 4834 3373 4907 matris
3402 4834 3556 4907 gravi
3581 4832 3681 4888 de-

2085 4903 2213 4962 core
2244 4921 2259 4977 :_
2304 4915 2361 4959 ut
2384 4906 2531 4961 sicut
2564 4907 2834 4977 dispersis
2871 4906 3128 4963 omnibus
3168 4903 3446 4977 ﬁdelibus,
3482 4903 3535 4959 in
3567 4918 3684 4970 per-

2087 4975 2395 5042 secutione,
2443 4992 2566 5045 qua:
2596 4974 2703 5031 fuit
2750 4991 2781 5031 a
2818 4986 2995 5032 morte
3041 4974 3331 5045 Stephani,
3365 4981 3683 5045 constantes

2088 5047 2381 5103 stationem
2415 5044 3430 5118 Hierosolymis_tenuemnt’Apostoli,
3458 5045 3553 5114 qui
3584 5060 3682 5099 sua

2089 5118 2182 5171 illa
2202 5119 2538 5181 constantia,
2555 5115 2788 5173 novellae
2806 5116 3069 5173 Ecclesia:
3092 5115 3309 5175 nutanti
3339 5117 3685 5171 ﬁrmamento

2090 5197 2312 5251 essent;
2349 5188 2422 5242 ita
2464 5188 2658 5242 iisdem
2693 5187 2761 5242 ad
2803 5188 3035 5243 verbum
3068 5186 3164 5241 Dei
3203 5184 3681 5245 disseminandum

2091 5259 2146 5313 in
2178 5259 2367 5340 orbem
2401 5258 2689 5340 dispersis,
2722 5257 2836 5313 illic
2868 5259 2995 5340 item
3029 5256 3221 5322 Maria,
3256 5256 3346 5312 cui
3383 5269 3447 5309 ea
3482 5255 3682 5340 praedi:

2060 5329 2255 5385 ‘candi
2289 5329 2791 5399 provinciatsexu
2846 5329 3029 5384 minus
3080 5340 3352 5399 congruo,
3401 5330 3691 5399 non_esset

2093 5394 2325 5461 credita,
2377 5398 2443 5453 ad
2499 5397 2740 5454 ﬁdelium
2772 5399 2982 5469 pariter
3014 5406 3071 5454 et
3116 5394 3377 5469 solatium
3412 5408 3465 5449 et
3501 5394 3721 5469 firmas.

2095 5479 2365 5532 utentum,
2399 5468 2678 5540 adusque
2723 5465 3116 5540 domuitionem
3159 5467 3524 5540 consisteret;
3572 5465 3690 5522 sive

2094 5551 2222 5615 ante
2255 5542 2424 5615 illam,
2460 5535 2704 5615 Joannes
2738 5555 2837 5610 pro
2863 5538 3170 5615 apostolico
3197 5552 3425 5592 munere
3458 5535 3547 5591 sit-
3568 5550 3690 5615 pro:

2096 5609 2273 5667 fectus
2295 5603 2593 5681 Ephesum,
2624 5603 2763 5675 sive",
2790 5603 2937 5681 quod
2959 5610 3147 5666 verius
3176 5615 3425 5681 apparet,
3450 5603 3688 5681 non;n_is§

2096 5681 2165 5752 ab
2195 5682 2307 5750 illa,
2340 5670 2438 5737 ubi
2469 5670 2590 5752 jam'
2615 5670 2821 5737 Paulus
2846 5670 3286 5751 Timotheusqitc
3323 5670 3504 5749 prima
3561 5670 3684 5737 11άά
3762 5696 3769 5703 ’

2097 5751 2455 5810 fundamenta
2474 5751 2538 5809 ’in
2558 5767 2621 5809 ca
2651 5752 2938 5823 jecisscnt.
