4012 6458
299 397 319 463 1
332 401 436 465 ΟΠ

1336 405 1418 467 ΙΝ
1454 399 1998 466 DORMITIONEM
2039 401 2101 461 S.
2140 398 2427 459 MARI/E.
2459 396 2545 459 ΙΙ.

3433 386 3601 459 1073»-

300 510 505 581 ξωμεν,
527 510 622 564 τοῦ
656 510 808 582 ἡλίου
840 511 944 578 τὰς
972 515 1324 585 λαμπηδόνας
1358 515 1779 587 ὑπερπηδοῦσαν
1807 513 1886 585 τῷ

2009 513 2184 574 ieeat,
2215 518 2308 565 aut
2342 518 2505 566 certe‘
2528 509 2613 563 vel
2648 505 2925 563 modicqu
2971 518 3190 575 capere,
3250 512 3415 574 atque
3464 505 3577 560 haec

300 601 492 656 κάλλει
524 601 627 672 τῆς
656 603 908 671 ἀγλαΐας.
945 603 1211 659 Ἐνταῦθα
1235 605 1291 659 δὲ
1335 605 1430 659 τοῦ
1461 605 1622 674 λόγου
1658 604 1885 673 γενόμε-

301 710 412 757 νος,
452 693 621 747 καλὸν
662 691 816 765 οἶμαι
870 697 1137 770 πρότερον
1188 697 1362 761 ἐνίους
1413 697 1523 752 τῶν
1580 697 1709 768 τῇδε
1754 712 1888 766 προ-

303 784 738 855 ασφαλίσασθαι,
771 786 848 851 ὡς
877 786 944 841 ἂν
969 787 1044 860 μὴ
1066 788 1230 860 τυχὸν
1258 788 1524 854 ἀνίπτοις,
1548 789 1611 842 τὸ
1639 788 1702 860 δὴ
1729 786 1889 857 λεγό-

308 892 494 947 μενον,
521 875 826 948 ἢὰνὰγνοις
854 880 982 932 ποσὶ
1012 883 1122 944 τοῖς
1151 880 1328 950 ἁγίοις
1350 879 1789 951 προσϐάλλοιμεν
1820 879 1885 915 ⁸³⁸

305 968 389 1020 ὅτι
413 968 489 1038 μὴ
516 971 682 1022 πᾶσιν
711 969 908 1040 ἐπίσης
946 971 1217 1042 είσιτητὸς
1253 972 1287 1044 ἢ
1329 973 1490 1043 pars;
1522 974 1550 1026 ό
1584 971 1694 1025 τῶν
1722 972 1895 1040 ἁγίων

307 1059 487 1131 χῶρος
517 1074 533 1091 ⁸
570 1060 709 1133 πλὴν
750 1065 861 1126 τοῖς
882 1062 971 1117 διὰ
1010 1064 1359 1136 καθαρότητα
1406 1062 1500 1119 νοῦ
1544 1064 1653 1118 τῶν
1695 1063 1896 1117 ὑλικῶν

269 1135 285 1149 ’
309 1152 530 1204 πάντων
555 1152 957 1223 ὑπεραναϐᾶσι,
989 1157 1084 1208 καὶ
1110 1157 1289 1210 πάντα
1329 1157 1635 1228 περάσασιν
1662 1157 1763 1209 ὅσα
1792 1155 1898 1212 ὑπὸ

306 1245 409 1316 τὴν
435 1245 710 1316 αἴσθησιν
740 1244 822 1312 οἷς
852 1248 918 1301 ἂν
949 1248 1183 1318 μάλιστα
1214 1251 1306 1303 καὶ
1335 1252 1368 1321 ἡ
1396 1249 1780 1320 παναγεστόιτη
1801 1248 1897 1303 τοῦ

311 1333 447 1388 Θεοῦ
482 1337 654 1407 σκηνὴ
693 1336 790 1399 τὰς
818 1338 1087 1404 διεξόδους
1124 1339 1590 1411 ἀναρριπίζουσα,
1639 1355 1903 1411 παραχω-

315 1430 400 1497 ρεῖ
436 1428 737 1499 φιλοτίμως
772 1430 869 1499 τὴν
900 1430 1129 1497 εἴσοδον,
1170 1433 1267 1486 καὶ
1299 1433 1398 1503 τῆς
1431 1434 1630 1502 νοητῆς
1673 1432 1903 1485 πανδαι-

314 1520 457 1585 σίας,
489 1522 575 1590 ἐφ’
604 1523 670 1594 ἢν
691 1523 1046 1595 ὲστιόιθημεν,
1082 1524 1422 1597 φιλοφρόνως
1452 1522 1901 1594 ἐπιδαψιλεύεται

311 1611 381 1665 τὰ
411 1611 636 1683 ὀψώνια.
674 1616 737 1668 Ei
766 1615 873 1687 γὰρ
899 1619 1012 1680 τοῖς
1035 1617 1172 1689 πρὸς
1197 1616 1278 1688 τῷ
1317 1617 1450 1670 Σινᾶ
1479 1616 1553 1686 μὴ
1593 1616 1716 1669 κατ’
1741 1611 1898 1680 ἀξίαν

298 1703 436 1774 Δίίρει
465 1706 772 1778 προσϐῆναι
819 1708 1113 1779 τολμηρῶς
1162 1708 1579 1779 αὐτομολοῦσιν,
1619 1708 1903 1779 ἀστραπαὶ

315 1795 410 1848 καὶ
441 1794 684 1867 βρονταὶ,
724 1797 818 1851 καὶ
846 1798 1098 1868 δείματα,
1133 1800 1225 1853 καὶ
1252 1799 1568 1868 σαλπίγγων
1601 1794 1724 1870 ἦχοι
1752 1839 1766 1863 ,
1805 1800 1901 1852 καὶ

1989 603 2170 673 palam
2212 601 2474 666 discere;
2508 615 2571 655 ac
2618 601 2704 655 sin
2755 598 2963 664 minus,
3032 611 3156 666 qua:
3202 604 3455 666 spectant
3510 596 3576 648 ad

1990 694 2486 751 ineﬂ'abilissimam
2521 692 2672 747 illam
2695 692 2901 759 vitam;
2929 699 3059 746 sunt
3081 689 3232 745 enim
3256 702 3321 743 ea
3348 688 3533 757 ignota
3563 705 3575 740 :

1991 797 2048 844 at
2082 789 2282 844 saltem
2318 802 2532 853 eorum,
2555 788 2759 858 quibus
2791 784 3157 856 praesidemus
3181 782 3370 849 hodie,
3398 796 3549 851 quan

1993 890 2108 936 tum
2144 895 2234 936 res
2268 879 2421 944 sinit,
2458 879 2647 934 doceri
2682 879 2925 933 rationes
2950 917 2965 932 .
3004 876 3206 931 Adeste
3233 889 3385 946 ergo,
3417 872 3579 926 amici

1996 972 2302 1037 auditores,
2331 955 2553 1042 unaque
2583 972 2853 1027 bonorum
2911 986 2975 1025 ac
3009 968 3314 1041 spectaculi
3348 965 3580 1036 spirita-

1996 1063 2066 1118 lis
2101 1070 2379 1118 amantes.
2432 1060 2545 1117 V'os
2604 1061 2752 1117 enim
2807 1074 3009 1131 magno
3058 1058 3394 1126 sublimique
3447 1070 3583 1109 voco

1996 1156 2318 1226 praeconio;
2382 1155 2657 1212 sermonis
2719 1155 2995 1225 explicata
3043 1153 3205 1220 facie,
3265 1149 3584 1222 symbolicis

1999 1249 2272 1302 hactenus
2312 1247 2535 1301 obtecta
2568 1246 2895 1308 involucris,
2926 1245 3168 1313 positum
3208 1245 3361 1298 intus
3417 1240 3586 1295 deco-

1997 1355 2140 1405 rem,
2166 1340 2302 1395 solis
2329 1338 2576 1410 fulgores
2622 1348 2912 1393 venustate
2941 1338 3129 1409 gratiae
3152 1340 3605 1405 exsuperantcm'

1999 1432 2288 1488 ostendam
2312 1473 2326 1487 .
2358 1431 2493 1487 Cum
2528 1446 2698 1502 porro
2738 1431 2915 1485 httcce
2945 1429 3128 1484 oratio
3177 1435 3439 1498 provecta
3491 1426 3582 1491 sit,

2002 1539 2181 1596 operae
2213 1524 2455 1595 pretium
2502 1524 2769 1587 arbitror,
2820 1530 2881 1577 ut
2942 1530 3069 1577 ante
3103 1523 3287 1575 omnia
3350 1533 3587 1590 praenm-

2001 1631 2185 1681 neam,
2217 1626 2278 1670 ut
2314 1631 2380 1670 ne
2408 1616 2499 1686 qui
2530 1614 2675 1671 forte
2726 1614 2930 1678 illotis,
2968 1614 3112 1685 quod
3144 1614 3372 1677 dicitur,
3402 1611 3589 1683 profa-

2004 1709 2156 1764 nisve
2181 1709 2433 1778 pedibus,
2472 1723 2627 1763 sacra
2658 1708 3042 1764 invaserimus.
3088 1705 3210 1761 Non
3235 1707 3382 1761 enim
3438 1719 3592 1773 aeque

2003 1801 2261 1857 omnibus
2285 1815 2547 1856 accessus
2575 1802 2911 1870 perviusque
2927 1808 3013 1856 est
3041 1808 3362 1856 sanctorum
3394 1798 3551 1851 locus
3575 1811 3590 1863 ;

317 1887 543 1942 ἀπειλαὶ
576 1883 871 1959 φρικὶὒδεις
903 1890 1265 1962 ἐνέσκηπτον,
1296 1891 1373 1954 ὡς
1405 1891 1464 1944 δὲ
1498 1892 1593 1944 καὶ
1621 1868 1718 1944 τοῦ
1753 1890 1900 1961 ίεροῦ

2009 1894 2104 1949 sed
2139 1893 2208 1950 iis
2239 1902 2476 1961 tantum,
2511 1894 2606 1960 qui
2642 1894 2845 1949 mentis
2879 1894 3140 1962 puritate,
3175 1898 3442 1946 concreta
3472 1905 3592 1944 ma-

312 1979 424 2033 τῶν
453 1981 651 2053 τοίχων
672 1984 1014 2051 ἐφάπτεσθαι
1039 1987 1153 2048 τοῖς
1183 1985 1398 2049 πολλοῖς
1426 1986 1529 2039 οὐκ
1554 1980 1622 2057 ἦν
1640 1985 1901 2053 ἀσφαλὲς,

315 2075 411 2126 καὶ
441 2072 532 2128 διὰ
560 2072 720 2128 τοῦτο
754 2075 965 2129 δεῖσθαι
997 2077 1267 2149 δευτέρων
1291 2078 1486 2149 τοίχων
1514 2077 1624 2132 τῶν
1658 2076 1857 2144 ἔξωθεν
1888 2095 1903 2108 ’

312 2160 383 2242 ἦν
412 2165 471 2219 δέ
525 2166 613 2221 διὰ
663 2168 902 2238 σπουδῆς
926 2168 1020 2222 καὶ
1046 2169 1189 2241 μέγα
1217 2170 1277 2223 τὸ
1306 2168 1780 2241 προκαθαίρεσθαι
1805 2170 1906 2240 τῆς

315 2256 427 2313 τῶν
464 2257 633 2327 ἁγίων
658 2260 900 2330 ἐπαφῆς,
938 2262 1031 2315 καὶ
1063 2261 1172 2316 τῶν
1209 2261 1373 2333 ίερῶς
1396 2262 1737 2331 τελουμένων
1770 2277 1906 2331 προ-

317 2347 719 2404 διαστέλλεσθαι
746 2365 760 2380 ⁸
790 2352 884 2404 καὶ
901 2350 1085 2406 ’ταῦτα
1113 2355 1180 2424 τῇ
1218 2355 1349 2428 σκιᾷ
1391 2353 1753 2424 λατρεύουσιν
1800 2353 1903 2418 ἔτι,

319 2440 549 2496 καὶτῶν
593 2443 840 2497 τυπικῶν
884 2447 1411 2517 παραπετασμάτων
1467 2444 1861 2516 ἐξηρτημένοις
1889 2462 1903 2478 ⁸

318 2531 493 2602 πόσην
546 2533 612 2587 ἂν
652 2536 886 2606 μάλιστα
925 2536 1065 2600 δέον,
1096 2539 1225 2602 τοὺς
1253 2537 1351 2608 τῆς
1384 2535 1645 2607 ἀληθείας
1674 2536 1736 2589 τδ
1790 2536 1906 2607 φῶς

315 2627 539 2684 ἔναυλον
574 2629 821 2699 ἔχοντας,
872 2631 1112 2704 σπουδὴν
1156 2632 1589 2697 ἐπιδείκνυσθαι,
1632 2633 1699 2701 τῇ
1735 2647 1909 2702 μεγα-

313 2720 582 2792 λοπρεπεῖ
601 2721 772 2795 ταύτῃ
814 2724 908 2776 καὶ
955 2722 1326 2795 ύπερμεγέθει
1365 2722 1474 2776 τῶν
1499 2721 1595 2774 τοῦ
1638 2721 1777 2775 Θεοῦ
1807 2739 1906 2792 χα-

318 2814 602 2887 ρισμάτων
639 2818 813 2886 σκηνῇ
851 2817 1189 2887 προσφοιτᾷν
1218 2814 1632 2884 ἐπειγομένους·
1674 2814 1813 2886 πρὸς
1839 2814 1910 2886 ἢν

318 2903 785 2977 ὑπεραγνὼστως,
820 2906 963 2978 ὑπὲρ
991 2906 1137 2970 νοῦν,
1169 2908 1594 2980 ὑπεραρρήτως,
1626 2907 1912 2971 εἰς’κένω-

319 3013 404 3051 σιν
432 2997 626 3052 ἑαυτὸν
657 2997 848 3061 καθεὶς
881 2998 1224 3068 ἐπεδήμησε,
1257 2999 1353 3052 καὶ
1394 3000 1610 3073 μήτραν
1653 2997 1913 3070 παρθενιη

319 3090 427 3160 χὴν
456 3092 485 3144 ὁ
518 3090 768 3160 μηδαμοῦ
804 3089 1052 3163 χωρητδς
1083 3091 1548 3162 ἀστενοχωρήτως
1573 3092 1911 3162 ἐσκήνωσεν,

318 3182 449 3253 ὃλην
484 3180 555 3236 δι’
599 3181 722 3238 ὅλου
767 3182 869 3250 τὴν
921 3182 980 3234 ἐν
1006 3181 1220 3249 γενέσει
1262 3179 1426 3249 φύσιν
1465 3178 1792 3251 ὑπερϐᾶσαν
1840 3183 1907 3252 τῇ

321 3274 677 3347 καθαρότητι,
715 3274 1012 3331 κάντεῦθεν
1042 3274 1234 3345 ὥσπερ
1266 3273 1330 3327 ἐκ
1371 3289 1537 3326 τινων
1591 3272 1752 3343 ἱερῶν
1783 3272 1913 3326 ἁδύ-

319 3382 449 3429 των,
500 3365 600 3435 τὴν
645 3363 845 3419 ἐαυτοῦ
893 3362 1374 3439 μεμυσταγώγηκε
1424 3363 1628 3433 σάρκα.
1666 3364 1796 3432 Τίςς
1858 3365 1915 3418 Ὀ

321 3459 652 3530 ἀπροσδεὴς,
679 3458 776 3512 καὶ
804 3459 935 3529 ὅλην
989 3458 1126 3529 πρὸς
1160 3457 1357 3511 ἑαυτὸν
1387 3456 1669 3520 ἀνατεθεὶς
1691 3457 1789 3528 τὴν
1821 3457 1917 3511 ἀν-

322 3552 606 3624 θρωπίνην
635 3551 917 3622 ἐσχατιάν.
958 3550 1083 3603 Ἐπὶ
1103 3549 1281 3623 ταύτῃ
1309 3551 1374 3620 τῇ
1414 3548 1749 3619 θεοτυπώτῳ
1780 3564 1919 3619 σκη-

322 3648 415 3717 νῇ,
441 3648 468 3699 ὁ
502 3645 668 3715 νόμος
709 3642 884 3708 ἄπας,
931 3644 1024 3697 καὶ
1053 3644 1102 3696 οἱ
1142 3643 1447 3714 προφῆται.
1473 3643 1920 3715 πραγματιωδῶς

322 3736 815 3809 ἐκπεπλήρωνταιο
849 3734 946 3788 καὶ
968 3735 1165 3803 ταύτῃ,
1194 3733 1264 3786 τὰ
1296 3732 1501 3804 σκιώδη
1528 3733 1638 3786 τῶν
1670 3750 1736 3786 τυ
1749 3734 1921 3787 πικῶν

324 3827 818 3901 προχαραγμόιτων
862 3824 1171 3898 ἠμαυρώθη
1227 3823 1598 3896 μορφώματα,
1649 3825 1923 3880 λυθέντων

321 3920 433 3974 τῶν
454 3920 737 3990 ἐσόπτρων
767 3921 832 3991 τῇ
855 3918 1107 3991 ἀληθείᾳ.
1126 3917 1346 3972 Τούτων
1361 3916 1419 3969 δὲ
1457 3916 1658 3982 ἱκανῶς
1677 3918 1755 3989 τῷ
1777 3919 1922 3991 λόγῳ

322 4006 1007 4086 προπαρεσκευασμένων,
1046 4011 1147 4080 ἄγε
1181 4010 1246 4081 δὴ
1275 4010 1384 4064 τῶν
1411 4010 1601 4064 τύπων
1631 4011 1919 4083 ἀφέμενοι,

320 4107 412 4162 ἐπ’
443 4107 612 4177 αὐτὴν
638 4105 1044 4177 ἁναδρόιμωμεν
1061 4102 1159 4174 τὴν
1184 4102 1463 4173 ἀλήθειαν·
1493 4102 1693 4174 μᾶλλον
1715 4105 1772 4158 δὲ
1800 4107 1914 4170 τοῖς

321 4197 542 4263 ἀδύτοις
577 4197 999 4270 προσϐάλωμεν.

2009 1985 2159 2039 terim
2185 1984 2372 2039 omnia
2428 1986 2774 2055 supergressi
2834 1992 2988 2049 sunt,
3058 1982 3515 2052 transieruntque
3546 1984 3592 2036 si

2008 2093 2115 2148 qua
2145 2080 2353 2132 cadunt
2383 2078 2486 2133 sub
2514 2093 2734 2133 sensum
2771 2095 2786 2134 :
2812 2078 3010 2149 quibus
3031 2077 3268 2130 maxime
3295 2068 3595 2130 sanctissi—

2010 2183 2155 2222 mum
2191 2167 2289 2224 Dei
2333 2168 2752 2223 tabernaculum
2815 2167 3237 2248 tganseuntibus
3285 2181 3478 2221 auram
3515 2164 3595 2219 fa-

2007 2260 2186 2323 ciens,
2229 2258 2517 2329 magniﬁce
2553 2261 2866 2329 ingressum
2888 2258 3166 2323 concedit,
3205 2272 3269 2311 ac
3298 2257 3591 2326 spiritalis,

2008 2352 2159 2405 omni
2190 2350 2395 2421 dapmn
2442 2365 2668 2422 genere,
2702 2351 2758 2405 in
2787 2364 2895 2420 quo
2942 2349 3221 2420 epulaturi
3270 2348 3593 2412 invitamur,

2010 2443 2265 2498 instructi
2323 2445 2564 2499 convivii
2612 2443 2791 2509 cibos,
2841 2442 2992 2511 larga
3040 2457 3208 2496 manu
3258 2440 3598 2511 perbenigue

2008 2537 2261 2608 largitur.
2317 2535 2453 2591 Nam
2496 2538 2542 2593 si
2585 2538 2674 2604 iis,
2722 2538 2818 2608 qui
2867 2551 3003 2591 ausu
3045 2536 3363 2600 temerario,
3416 2535 3598 2588 minus

2011 2628 2164 2697 digni
2203 2637 2445 2682 montem
2499 2627 2632 2682 Sina
2662 2640 2689 2679 Ρ
2721 2628 2877 2684 adire
2912 2636 3338 2699 praesumerent,
3380 2625 3599 2697 fulgura

2009 2718 2363 2789 ingruebant,
2422 2716 2797 2790 fulminaque,
2858 2734 2922 2773 ac
2954 2713 3222 2783 terrores,
3272 2719 3600 2788 sonitusque

2012 2812 2299 2878 tubarum,
2349 2822 2405 2868 et
2441 2829 2606 2870 voces
2657 2794 2987 2881 terribiles';
3033 2822 3092 2869 ut
3146 2830 3244 2871 nec
3290 2815 3598 2885 plerisque,

2012 2919 2298 2959 murorum
2330 2907 2517 2974 templi
2553 2921 2819 2964 accessus
2849 2916 3000 2963 tutus
3042 2916 3185 2975 erat,
3225 2923 3403 2977 eoque
3432 2906 3602 2967 fuerit

2011 3011 2177 3066 opus,
2227 3008 2459 3052 externo
2502 2999 2613 3052 alio
2681 3014 2968 3053 murorum
3028 2999 3238 3053 ambitu
3272 3008 3301 3050 ιι
3330 3018 3342 3053 :
3374 3008 3603 3069 eratque

2013 3095 2268 3143 sanctum
2300 3103 2698 3160 magnumque,
2726 3099 2787 3146 ut
2814 3091 3138 3162 priusquam
3173 3105 3336 3146 sacra
3377 3091 3603 3144 contiu-

2012 3189 2228 3251 gerent,
2285 3182 2715 3247 mundarentur,
2776 3182 2993 3253 sibique
3077 3183 3254 3239 sacris
3314 3183 3599 3252 operaturi

2012 3271 2220 3342 prmvia
2251 3274 2511 3329 cautione
2567 3275 2971 3346 prospicerent,
2996 3275 3187 3345 idque,
3232 3291 3356 3332 cum
3392 3276 3602 3331 umbra:

2014 3365 2196 3420 adhuc
2265 3366 2562 3434 servirent,
2619 3375 2784 3438 atque
2821 3383 2852 3423 a
2894 3368 3226 3440 ﬁguralibus
3276 3370 3604 3424 velamentis

2016 3458 2319 3527 penderent
2356 3477 2369 3514 :
2403 3475 2569 3530 quam
2602 3476 2738 3530 rogo
2762 3462 3002 3517 maximo
3030 3463 3212 3517 studio
3237 3462 3374 3517 eniti
3403 3462 3605 3517 debue-

2014 3548 2150 3614 rint,
2192 3549 2338 3620 apud
2379 3567 2521 3621 quos
2563 3554 2813 3609 veritatis
2839 3554 3022 3609 lumen
3057 3555 3354 3620 inhabitat,
3398 3557 3495 3625 qui
3537 3554 3605 3608 ad

2020 3643 2374 3714 magniﬁcum
2408 3645 2516 3699 hoc
2542 3660 2605 3700 ac
2642 3646 2968 3717 praegrandc
2987 3646 3259 3703 donorum
3294 3648 3385 3701 Dei
3418 3647 3605 3701 taber-

2020 3736 2278 3792 naculum
2342 3737 2608 3793 accedere
2636 3737 2899 3793 festinent
2953 3759 2967 3795 :
3019 3740 3085 3793 ad
3151 3740 3298 3810 quod
3343 3740 3603 3794 nimirum

2019 3830 2393 3886 occultissima
2415 3831 2645 3891 ratione,
2664 3845 2830 3901 supra
2850 3845 3013 3901 quam
3034 3831 3118 3886 vel
3135 3831 3346 3900 ceperit
3363 3832 3606 3897 anittttts,

2021 3924 2106 3979 vel
2140 3923 2327 3993 lingua
2374 3925 2741 3990 euarraverit,
2781 3938 2905 3980 sese
2948 3924 3291 3980 demissione
3327 3937 3608 3977 evacuatus

2024 4018 2418 4088 peregrinatus
2443 4018 2537 4083 sit,
2571 4034 2634 4072 ac
2659 4017 2910 4091 Virginis
2943 4027 3188 4086 uterum,
3210 4018 3304 4086 qui
3325 4033 3594 4085 nusquam

2023 4116 2201 4179 potest
2239 4109 2388 4179 capi,
2422 4116 2481 4162 ut
2510 4108 2767 4187 capiente
2802 4126 2913 4164 non
2971 4118 3309 4171 arctaretur,
3343 4109 3606 4163 taberna-

2024 4201 2137 4256 culi
2166 4201 2346 4256 instar
2370 4201 2768 4258 iuhabitaverit
2799 4221 2814 4258 :
2844 4211 3088 4268 uterum,
3115 4203 3358 4271 inquam
3382 4215 3606 4254 Omnem

324 4293 558 4345 omnino
584 4290 639 4343 in
674 4284 1104 4358 ortupositam,
1157 4285 1356 4341 eximia
1399 4298 1500 4339 sua
1544 4284 1815 4341 munditia
1848 4297 2203 4359 superantem
2235 4300 2540 4347 naturam:
2586 4304 2673 4347 ac’
2702 4293 2832 4349 inde
2888 4308 2988 4347 ceu
3046 4310 3111 4348 ex
3154 4293 3336 4346 sacris
3377 4291 3606 4363 quibus-

321 4383 452 4440 dam
478 4383 879 4455 penetralibus,
930 4398 1085 4437 suam
1122 4381 1298 4452 ipsius
1336 4379 1585 4434 initiavit
1641 4382 1942 4456 docuitque
1977 4403 2224 4443 carnem.
2271 4387 2412 4455 Quis
2487 4390 2625 4444 ille?
2672 4389 2776 4456 Qui
2852 4388 3115 4444 nimirum
3174 4388 3327 4442 nullo
3377 4388 3605 4456 indiget,

321 4486 611 4549 totamque
659 4477 1023 4535 nihilominus
1054 4477 1160 4532 sibi
1214 4464 1431 4530 ascivit
1457 4483 1763 4532 extremam
1802 4479 2098 4536 humanam
2160 4482 2454 4538 vilitatem.
2494 4481 2554 4538 In
2612 4484 2715 4537 hoc
2741 4482 3032 4553 designato
3095 4483 3329 4551 ﬁctoque
3399 4494 3428 4532 a
3492 4477 3604 4533 Deo

323 4572 713 4636 tabernaculo,
749 4572 834 4625 lex
896 4580 1011 4625 tota
1078 4570 1462 4641 et'prophetae
1508 4585 1568 4624 re
1604 4570 1723 4641 ipsa
1766 4574 2037 4643 completa
2100 4587 2253 4641 sunt,
2331 4591 2506 4647 eaque
2571 4577 2899 4632 utnbratiles
2959 4574 3273 4645 ﬁguralium
3347 4573 3602 4640 designa-

262 4666 267 4681 '
323 4668 543 4723 tiouum
581 4665 795 4729 formae,
838 4663 1079 4734 speculis
1119 4663 1355 4718 veritate
1403 4662 1624 4728 solutis,
1674 4656 1989 4720 obscuratae
2035 4677 2187 4723 sunt.
2227 4668 2326 4727 His
2366 4685 2536 4742 porro
2590 4670 2664 4724 ita
2690 4671 2841 4727 velut
2910 4672 2976 4722 ad
3050 4666 3325 4724 sermonis
3403 4667 3604 4735 praelu-

322 4763 418 4819 dia
449 4762 590 4836 satis
626 4760 928 4826 enarratis,
990 4773 1090 4831 age
1134 4758 1321 4823 modo,
1364 4757 1551 4814 missis
1594 4757 1808 4829 liguris,
1890 4758 1959 4813 ad
2054 4764 2341 4821 veritatem
2390 4765 2569 4836 ipsam
2618 4779 3006 4830 accurramus,
3056 4773 3219 4834 atque
3266 4764 3401 4815 adeo
3445 4761 3604 4833 adyta

322 4862 701 4926 penetremus.
880 4858 883 4863 λ

396 4946 576 5017 Μέχρι
608 4945 718 5017 γὰρ
744 4944 909 5010 τίνος,
946 4940 1041 4997 τοῦ
1069 4942 1230 5013 λόγου
1263 4944 1377 5006 τοῖς
1403 4942 1722 5013 προαυλίοις
1748 4943 1908 4996 ἐνδιαι

2106 4944 2359 5011 Quandiu
2402 4945 2549 5001 enim
2582 4947 2731 5002 velut
2772 4946 2826 5000 in
2860 4946 3132 5001 sermonis
3161 4942 3447 4999 vestibulis
3495 4943 3606 4997 Inc-

321 5037 629 5111 τρίϐοντες,
679 5037 742 5091 τὸ
773 5036 880 5109 πρὸ
913 5036 1016 5107 τῆς
1048 5036 1259 5090 εἰσόδου
1290 5035 1488 5099 κάλλος
1537 5034 1918 5113 θαυμάζομεν,

324 5133 448 5201 ἐξὸν
481 5132 577 5187 καὶ
615 5135 943 5188 συνεισιέναι
967 5133 1032 5203 τῇ
1057 5129 1242 5202 Μητρὶ
1267 5128 1361 5183 τοῦ
1383 5129 1580 5198 Λόγου,
1614 5129 1708 5183 καὶ
1731 5129 1791 5183 τὺ
1818 5129 1918 5183 κά-

323 5219 523 5292 λυμμα
551 5220 876 5293 διασχόντας
914 5223 994 5286 εἰς
1025 5221 1095 5275 τὰ
1122 5221 1230 5273 τῶν
1261 5218 1433 5286 ἁγίων
1464 5219 1634 5287 ’Ἅγια
1669 5218 1922 5290 παρακύο

323 5313 450 5383 ψαι,
482 5314 580 5368 καὶ
609 5313 886 5385 μυηθῆναι
919 5312 988 5368 τὰ
1023 5311 1198 5383 μείζω
1226 5312 1323 5366 καὶ
1352 5309 1692 5376 τελεώτερα;
1720 5310 1782 5363 Ei
1811 5309 1920 5381 γὰρ

324 5402 396 5455 τὰ
423 5402 695 5474 προαύλια
726 5402 860 5475 [τῶν
883 5403 1055 5473 ἁγίων
1073 5400 1324 5467 τοιαῦτα,
1356 5401 1451 5455 καὶ
1482 5401 1550 5454 τὰ
1575 5400 1917 5473 προπύλαια]

404 5592 432 5633 ι»
462 5582 637 5641 Exod.
673 5602 786 5652 xix,
831 5584 918 5641 12.
996 5596 1024 5637 ιι
1051 5584 1251 5644 Ezech.
1282 5600 1372 5653 χιι,
1404 5585 1503 5654 i7;
1558 5603 1689 5653 xui,
1720 5587 1752 5639 7
1783 5602 1943 5657 seqq.

397 5851 440 5879 ‘”
474 5853 569 5909 ἄλ.
608 5854 954 5926 προσϐάλοις.

2022 5044 2233 5102 rentes,
2274 5036 2671 5106 praeambulum
2711 5035 2982 5107 ingressui
3016 5035 3271 5090 decorem
3313 5033 3600 5097 miramur,

2019 5128 2224 5201 quibus
2263 5130 2426 5185 liceat
2475 5144 2600 5185 cum
2635 5130 2925 5187 Sermonis
2977 5128 3149 5185 Matre
3209 5142 3315 5181 una
3356 5126 3600 5197 ingredi,

2020 5219 2369 5290 disjectoque
2415 5221 2539 5275 velo
2590 5220 2645 5275 in
2704 5219 2905 5276 Sancta
2958 5226 3275 5273 sanctorum
3328 5215 3599 5287 paulisper

2022 5310 2251 5391 intueri,
2284 5326 2348 5367 ac
2372 5312 2582 5382 majora
2605 5311 2792 5368 doceri
2824 5321 2878 5367 et
2906 5307 3275 5384 perfectiora?
3299 5308 3432 5362 Cum
3456 5304 3595 5361 enim

2021 5410 2173 5460 tanta
2231 5403 2341 5461 sint
2392 5413 2714 5473 saeuorum
2761 5405 2925 5469 atria,
2981 5410 3248 5473 tantoque
3304 5399 3506 5454 decore
3548 5400 3593 5450 et

1611 5738 1846 5793 VARI/E
1887 5704 2290 5798 caenosi-:3.
