4012 6434
429 331 568 401 16Ἰο

1622 339 1681 399 s.
1724 314 2056 399 ANDRE’AE
2089 290 2568 397 CRETENSIS'

2777 276 2837 298 κ».

3527 377 3532 383 -
3565 338 3696 404 1030

423 451 569 508 mole
605 454 792 526 templi
815 454 1103 521 vestibula,
1138 462 1196 517 ut
1225 456 1425 515 mentis
1460 459 1674 524 oculos,
1711 459 2004 535 excellenti

2129 454 2204 508 τοῦ
2242 457 2372 510 ναοῦ
2412 456 2555 512 οὕτω
2576 453 2743 528 σεμνᾶ
2776 455 2871 510 καὶ
2906 455 3211 529 ὑπέρογκα,
3240 456 3315 520 ῶς
3339 460 3405 530 τῇ
3425 445 3698 528 ὑπερϐολῇ

425 549 807 620 perstringam
856 549 1311 621 pulchritudine,
1381 564 1610 623 quanta,
1655 568 1811 625 rogo,
1854 554 2021 610 fuerit

427 642 720 712 majestate
762 641 1058 715 adytorum
1089 643 1273 710 locus,
1329 641 1645 717 lntimaque
1691 647 2028 718 inaspecta-_

430 732 630 794 bilium
670 735 1258 809 inaccessibiliumque
1304 740 1635 810 penetralia,
1680 741 1750 797 iis
1796 742 1932 799 solis
1966 752 2023 798 et

427 828 606 882 oculis
651 834 974 898 conspeCta,
1015 842 1069 885 et
1130 830 1293 887 labiis
1343 830 1642 896 ell‘erenda,
1687 833 1778 903 qui
1814 849 1911 890 cen
1963 836 2020 890 in

427 920 652 987 speculo
674 920 888 976 Domini
917 922 1147 993 gloriam
1172 923 1485 980 clarissime
1502 927 1946 995 contemplantur
1970 938 2019 994 ι’,

427 1027 662 1082 quaeque
747 1011 1065 1085 Seraphicae
1138 1013 1365 1088 forcipis
1437 1019 1681 1076 carbone
1756 1021 2020 1078 mundata

426 1114 559 1161 sunt
589 1106 612 1135 '
653 1124 667 1161 :
705 1120 771 1163 ac
827 1106 897 1163 iis
941 1108 1162 1165 demum
1196 1111 1290 1180 qui
1343 1126 1618 1167 summam
1669 1110 2018 1170 aﬂectionum

428 1197 759 1253 vacuitatem
811 1201 1138 1270 attigerunt.
1180 1202 1366 1271 Quare
1436 1204 1484 1260 si
1527 1220 1638 1275 quo
1669 1205 1833 1262 modo
1873 1215 2025 1264 recte

427 1289 741 1349 consulenti
785 1305 995 1346 morem
1039 1292 1259 1363 geritis,
1285 1295 1470 1350 carnis
1505 1296 1730 1367 quidem
1773 1297 2024 1355 affectio-

429 1380 597 1440 nibus
648 1382 772 1438 vale
822 1384 1190 1451 remittentes,
1251 1387 1578 1459 mundique,
1629 1403 1792 1461 quam
1841 1397 2024 1462 potest

428 1473 693 1538 maxime,
713 1489 744 1528 a
767 1476 982 1530 carnali
1013 1479 1162 1534 omni
1191 1479 1460 1545 amicitia,
1507 1481 1804 1554 inlimaque
1830 1484 2025 1541 confu-

428 1565 608 1628 sione,
645 1565 847 1626 divina:
883 1568 1145 1639 deinceps
1177 1570 1461 1643 beataeque
1502 1574 1853 1644 procedentis
1892 1575 2023 1630 illu-

374 1677 381 1686 -
431 1657 725 1715 strationis
754 1658 993 1731 desuper
1023 1661 1324 1733 alfulgente
1362 1665 1588 1731 lumine,
1622 1681 1748 1721 cum
1791 1666 2024 1737 Deipara

431 1750 819 1806 cucurreritis.
858 1751 978 1809 1am
1026 1754 1171 1809 enim
1222 1764 1276 1811 et
1322 1756 1539 1812 actione
1584 1758 1764 1816 claros
1800 1768 1858 1814 et
1904 1776 2021 1816 ser-

431 1853 614 1907 mone,
658 1842 922 1913 omnique
969 1854 1124 1914 parte
1157 1844 1422 1901 virtutum
1474 1847 1675 1907 decore
1728 1848 2018 1921 fulgentes,

429 1932 593 1987 etiam
656 1934 915 1992 Christus
947 1937 1083 2008 ipse,
1128 1939 1331 1995 munda
1386 1941 1478 1995 illa
1522 1942 1785 2006 initiatio,
1835 1945 2020 2001 lumen

432 2025 565 2080 illud
612 2042 829 2099 semper
866 2029 1073 2096 vivum,
1114 2032 1250 2102 ipse,
1295 2034 1545 2104 inquam,
1596 2049 1627 2090 a
1665 2034 1830 2092 Patre
1868 2035 2019 2102 Sole,

430 2125 695 2189 tanquam
723 2120 915 2178 radius
947 2137 977 2177 a
1010 2124 1151 2189 luce,
1180 2124 1274 2179 Sol
1300 2126 1509 2196 absque
1532 2126 1807 2199 principio
1834 2144 2021 2199 egres-

430 2223 611 2279 suque
664 2210 962 2284 refulgens,
1015 2213 1071 2267 in
1121 2216 1290 2269 udum
1351 2224 1740 2288 congregatos,
1792 2221 2023 2291 mystice

429 2301 640 2369 epulari
671 2302 821 2357 velit.
851 2303 930 2365 Ac
965 2305 1143 2375 palam
1195 2305 1442 2362 ostendit
1485 2322 1553 2363 eo
1597 2306 1747 2378 quod
1789 2308 2020 2364 Matrem

430 2408 587 2448 suam
625 2408 845 2465 semper
876 2396 1171 2466 virginem,
1206 2412 1237 2453 e
1281 2398 1444 2468 cujus
1483 2409 1660 2464 utero,
1705 2400 1824 2471 ipse
1876 2400 2021 2457 Deus

431 2487 731 2554 assistens,
763 2489 1058 2551 humanam
1107 2490 1285 2547 induit
1317 2490 1574 2556 formam,
1627 2493 1890 2549 hodierna
1931 2495 2022 2549 die

433 2595 537 2638 ceu
574 2580 842 2652 Reginam
886 2582 1112 2637 humani
1154 2588 1391 2655 generis,
1440 2600 1468 2639 a
1511 2586 1749 2643 terrenis
1797 2587 2023 2644 sedibus

435 2675 725 2741 transfert,
763 2678 1094 2733 sacramenti
1133 2678 1355 2743 virtute,
1389 2678 1541 2734 velut
1581 2679 1800 2749 quidem
1829 2680 2026 2735 obscu-

441 2765 602 2831 riori,
629 2776 690 2821 ut
718 2776 903 2823 tamen
935 2784 1041 2823 non
1075 2770 1302 2825 omnino
1329 2768 1869 2825 incommunicabilis
1895 2771 2023 2825 reli-

436 2866 526 2913 cta
571 2860 664 2915 sit.
722 2859 867 2915 Nihil
908 2858 1054 2915 enim
1114 2862 1222 2926 hic,
1275 2871 1473 2932 praeter
1528 2865 1795 2919 terminos
1861 2864 2023 2919 nobis

438 2968 467 3008 a
497 2954 770 3026 principio
830 2955 1194 3021 constitutos;
1246 2971 1346 3010 nec
1377 2956 1751 3017 sanctissima,
1791 2972 1929 3013 nova
1970 2964 2025 3014 et

435 3054 637 3113 prteter
687 3052 997 3111 naturam,
1059 3054 1157 3100 aut
1210 3054 1337 3099 nata
1394 3054 1480 3103 est
1541 3054 1636 3101 aut
1692 3047 1827 3102 vixit
1883 3048 2021 3119 lcge,

438 3137 686 3205 quandiu
729 3138 885 3193 inter.
922 3139 1175 3194 homines
1218 3155 1386 3210 super
1427 3150 1629 3196 terram
1658 3149 1876 3196 versata
1917 3147 2023 3203 est,

438 3245 756 3277 mmnnnam
790 3240 849 3277 ut
886 3232 938 3277 in
980 3233 1104 3277 aliis
1134 3233 1266 3277 (Rm-
1340 3233 1393 3277 in
1442 3235 1546 3277 imp.
1591 3248 1813 3277 nnnnnn
1857 3232 2026 3277 mim-

2133 3137 2311 3196 άγιος.
2347 3137 2410 3176 tut
2445 3137 2542 3176 και
2587 3137 2678 3172 τον
2709 3137 2973 3188 υπερφυα
3021 3137 3177 3181 λογον
3206 3137 3280 3171 ως
3313 3137 3372 3162 εν
3404 3137 3516 3169 -ιυις
3548 3137 3720 3163 unum,

2136 3220 2240 3272 κάν
2264 3214 2441 3277 τούτῳ
2469 3211 2727 3277 διάφορόν
2769 3226 2886 3273 πως
2910 3206 2957 3239 ⁸⁸
2985 3205 3208 3277 ἔσχηκε.
3246 3202 3515 3272 Κρεῖττον
3543 3194 3577 3268 ἢ
3607 3190 3722 3247 καθ’

2136 3225 2240 3272 κάν
2264 3225 2441 3286 τούτῳ
2469 3225 2727 3283 διάφορον
2769 3226 2886 3273 πως
2910 3225 2957 3239 ν’
2985 3225 3208 3277 εσχηκε.

437 3245 756 3303 quanquam
790 3240 849 3285 ut
886 3232 939 3285 in
980 3233 1104 3287 aliis
1134 3233 1270 3304 (89),
1340 3233 1394 3287 in
1442 3235 1546 3287 hoc
1591 3248 1813 3304 quoque
1857 3232 2027 3287 mira-

439 3322 606 3378 bilem
650 3324 922 3379 rationem
965 3326 1111 3383 velut
1155 3324 1451 3389 diversnm,
1496 3326 1711 3393 habuit,
1750 3326 1862 3380 vita
1900 3340 2022 3396 para

440 3425 636 3485 tuque,
667 3431 732 3470 ac
767 3417 985 3473 demum
1026 3418 1260 3470 transitu
1294 3416 1363 3471 ab
1399 3416 1676 3483 humanis,
1725 3431 1891 3486 supra
1921 3415 2027 3471 hu-

441 3522 628 3571 mana,
685 3509 1071 3585 universisque
1108 3524 1297 3563 revera
1339 3521 1522 3563 ortum
1561 3509 1893 3564 habentibus
1927 3522 2028 3563 na-

440 3610 581 3656 tura:
614 3602 1023 3681 magniﬁcentia
1051 3602 1353 3670 superatis.
1389 3598 1707 3667 Enimvero,
1738 3602 1853 3672 jam
1886 3608 2028 3656 tem-

443 3695 564 3767 pori
636 3710 886 3766 congrua
958 3695 1165 3765 pariter
1230 3696 1563 3751 celebraturi
1643 3693 2025 3765 procedamus.

441 3785 659 3858 Quippe
714 3787 895 3843 fausta
928 3788 1112 3843 omnia
1150 3787 1259 3844 diei
1306 3788 1447 3844 festo
1497 3794 1822 3851 occurrunt,
1879 3783 2030 3854 pari-

442 3897 550 3951 que
574 3881 759 3937 laatitia
790 3882 1089 3938 exsultant.
1121 3880 1259 3937 Vide
1285 3881 1430 3937 enim
1475 3879 1727 3950 quisquis
1754 3893 1905 3933 meos
1934 3892 2032 3931 au-

444 3974 532 4028 clis
565 3988 877 4039 sermones,
925 3983 1131 4044 quanta
1165 3974 1278 4030 sint
1306 3989 1429 4042 qua:
1458 3973 1752 4028 videntur:
1787 3971 2029 4027 tribuum

444 4066 659 4135 regina,
686 4065 956 4131 Ecclesia,
994 4068 1242 4138 inquam,
1285 4067 1549 4130 fidelium,
1610 4067 1874 4122 hodierna
1904 4063 2028 4129 die,

445 4159 708 4232 Reginam
741 4159 967 4215 humani
991 4160 1231 4233 generis,
1255 4159 1502 4215 omnium
1527 4156 1674 4228 Rege
1702 4171 1767 4212 ac
1797 4155 2033 4227 praeside

446 4252 579 4318 Deo,
603 4253 756 4325 regio
781 4264 1047 4323 apparatu
1075 4254 1130 4312 in
1159 4253 1427 4308 caelorum
1454 4251 1660 4322 regiam
1690 4257 2030 4314 assumente,

2127 551 2218 605 τοῦ
2244 550 2498 617 κάλλους,
2514 553 2641 614 τοὺς
2662 549 2761 620 τῆς
2790 550 3026 613 διανοίας
3047 549 3361 621 ὀφθαλμοὺς
3384 551 3705 620 περιαστρά-

2127 662 2302 707 πτειν,
2338 643 2565 715 πηλίκος
2589 641 2656 697 ἂν
2689 643 2776 714 εἴη
2817 642 2926 696 τῶν
2956 641 3165 697 ἀδύτων
3192 643 3220 695 ὁ
3249 640 3447 712 χῶρος,
3483 640 3576 694 καὶ
3602 640 3704 693 τῶν

2125 735 2375 790 ἀθεάτων
2411 736 2505 789 καὶ⁵
2550 733 2877 806 ἀνεμόάτων
2909 733 2981 785 τὰ
3009 733 3289 794 ὲνδότατα,
3325 729 3360 785 ἃ
3391 731 3568 801 μόνοις
3595 732 3702 793 τοῖς

2123 826 2368 897 ῦμμασιν
2403 824 2636 888 ἐκείνοις
2659 822 2753 879 καὶ
2792 823 3030 895 χείλεσίν
3063 823 3171 876 εἱσι
3203 820 3373 875 θεατὰ
3419 821 3514 875 καὶ
3547 821 3700 892 ῥητὰ,

2123 920 2237 983 τοίς
2259 918 2357 989 τὴν
2395 916 2554 984 δόξαν
2582 916 2792 987 Κυρίου
2824 911 3345 986 κατοπτριζομένοις
3370 910 3704 980 ὲκφαντικὼ-

2121 1028 2279 1077 τατα,
2316 1011 2412 1064 καὶ
2445 1008 2524 1080 τῷ
2560 1007 2794 1079 ἄνθρακι
2831 1007 2928 1077 τῆς
2950 1004 3268 1077 Σεραφικῆς
3295 1001 3510 1065 λαῦίδος
3542 1019 3704 1054 κεκα-

2125 1104 2448 1176 θαρμένοις,
2486 1102 2582 1156 καὶ
2604 1102 2685 1166 είς
2736 1101 2909 1171 ἄκρον
2939 1097 3211 1161 ἀπαθείας
3248 1095 3527 1149 ὲλάσασιν.
3565 1095 3707 1148 Εἴποι

2122 1193 2219 1252 οῦν
2249 1196 2375 1267 ἐμοὶ
2410 1195 2692 1260 πείθεσθε,
2726 1192 2881 1264 καλῷ
2927 1189 3244 1262 συμϐούλῳ,
3298 1190 3410 1250 τοῖς
3468 1186 3567 1258 μὲν
3609 1186 3706 1256 τῆς

2126 1289 2332 1361 σαρκὸς
2364 1287 2565 1342 πάθεσι
2602 1285 2817 1358 χαίρειν
2838 1283 3108 1348 εἰπόντες,
3142 1281 3331 1352 πάσης,
3356 1296 3417 1334 τε
3440 1277 3707 1350 προσύλου

2124 1382 2309 1454 φιλίας
2355 1381 2453 1435 καὶ⁹
2503 1379 2604 1449 τῆς
2634 1378 2786 1433 κάτω
2836 1375 3152 1448 συγχύσεως
3185 1373 3260 1437 ὡς
3287 1365 3404 1426 οἷόν
3451 1388 3513 1424 τε
3547 1368 3710 1424 καθα·-

2125 1473 2442 1546 ρεύσαντες,
2498 1465 2616 1523 εἷτα
2658 1468 2761 1539 τῆς
2808 1466 3015 1523 ἄνωθεν
3072 1463 3373 1534 προϊούσης
3419 1460 3573 1525 θείας
3621 1459 3712 1513 καὶ

2127 1566 2412 1638 μακαρίας
2440 1561 2762 1632 ὲλλάμψεως
2788 1560 2851 1612 τὺ
2875 1559 2992 1629 φῶς
3021 1556 3396 1629 περιθέμενοι,
3432 1557 3501 1626 τῇ
3523 1552 3712 1606 Θεοτό-

2135 1673 2218 1727 κῳ
2278 1652 2647 1725 συντρέχοιτε.
2703 1646 3244 1720 Λελαμπρυσμένους
3301 1645 3414 1716 γὰρ
3467 1642 3569 1715 ἤδη
3625 1641 3715 1695 καὶ

2127 1746 2349 1820 πράξει,
2377 1745 2474 1799 καὶ
2500 1744 2666 1815 λόγῳ,
2682 1742 2777 1797 καὶ
2809 1739 2888 1811 τῷ
2918 1738 3109 1794 κάλλει
3139 1735 3249 1790 τῶν
3283 1732 3497 1804 ἀρετῶν
3533 1728 3716 1820 πάντο-

2055 1815 2099 1874 B
2130 1815 2222 1892 θεν
2260 1832 2711 1896 ἀποστίλϐοντας,
2742 1829 2837 1883 καὶ
2895 1826 3131 1900 Χριστὸς
3189 1825 3351 1889 αὐτὸς
3409 1824 3445 1893 ἡ
3506 1819 3717 1891 καθαρά

2128 1930 2341 2001 τελετὴ,
2402 1926 2465 1980 τὺ
2517 1923 2746 1988 ἀείζωον
2801 1921 2938 1992 φῶς·
2970 1922 2999 1974 ὁ
3048 1918 3108 1983 ἐξ
3151 1916 3334 1969 Ἡλίου
3392 1912 3483 1969 τοῦ
3514 1910 3717 1983 Πατρὺς

2129 2021 2382 2094 ἁναρχῶς
2434 2019 2545 2073 και
2581 2015 3014 2087 ἀνεκςροιτήτως,
3074 2011 3152 2076 ὡς
3212 2012 3278 2064 ὲκ
3334 2006 3514 2078 φωτὸς
3566 2003 3717 2066 ἀκτὶς

2116 2108 2537 2186 ’ἀπαστράπτων
2565 2108 2738 2182 ἥλιος,
2782 2105 3011 2179 βούλοιτ’
3062 2103 3130 2158 ἂν
3191 2102 3344 2173 ἡμᾶς
3398 2100 3481 2162 είς
3527 2094 3717 2150 ταυτὸν

2130 2207 2397 2279 ἀχθέντας
2454 2201 2736 2275 μυστικῶς
2789 2200 3063 2253 ἑστιᾶσαι.
3111 2195 3225 2250 Καὶ
3270 2191 3512 2247 δείκνυσι
3562 2186 3714 2279 τοῦτο

2133 2272 2344 2371 σαφῶς,
2381 2272 2554 2363 ὲξνῶν
2592 2295 2693 2367 τὴν
2737 2291 2905 2349 αὐτοῦ
2945 2288 3159 2362 μητέρα
3213 2282 3600 2356 ἀειπάρθενον,
3653 2272 3718 2352 ἦς

2131 2397 2195 2448 ὲκ
2225 2392 2422 2464 νηδύος
2454 2387 2859 2461 ὑπεραῤῥήτως
2888 2381 3189 2455 ὲμορφώθη
3216 2378 3348 2441 Θεὸς
3375 2374 3454 2431 ὣν
3481 2373 3545 2428 τδ
3586 2371 3718 2443 ἠμέ-

2129 2504 2309 2557 τερον,
2346 2485 2586 2554 σήμερον
2621 2480 2731 2534 τῶν
2752 2478 2860 2533 ἀπὸ
2882 2477 2984 2548 γῆς
3015 2470 3329 2565 χωρίωνώς
3353 2464 3605 2565 βασιλίδα
3626 2464 3719 2532 τῆς

2131 2556 2478 2649 ἀνθρωπείου
2522 2571 2808 2644 μεθίστητι
2853 2568 3090 2637 φύσεως·
3145 2557 3463 2634 ἀκήρυκτον
3512 2556 3717 2625 ῶσπερ,

2130 2674 2191 2727 οὐ
2226 2668 2332 2739 μὴν
2363 2666 2729 2736 ἀκοινώνητον
2757 2661 2991 2717 καθόλου
3028 2655 3361 2725 καταλείψας
3397 2651 3493 2706 τοῦ
3520 2666 3718 2722 μυστη-

2133 2765 2250 2835 ρίου
2278 2760 2377 2833 τὴν
2435 2759 2686 2829 δύναμιν.
2744 2754 2899 2808 Ἐπεὶ
2936 2752 3070 2825 μηδὲ
3103 2749 3254 2821 ποιρά
3284 2749 3417 2811 τοὺς
3460 2746 3617 2835 ὅρους
3662 2740 3720 2835 ,οἱ

2133 2828 2260 2924 περὶ
2299 2828 2446 2923 ἡμᾶς
2479 2828 2795 2919 πεπήγασιν
2824 2843 3050 2906 ἀνωθεν,
3084 2841 3223 2912 μήτε
3284 2836 3428 2907 ξένῳ
3457 2828 3719 2924 παρά-τὴν

2133 2921 2297 3015 φύσιν
2323 2921 2516 3011 θεσμῷ
2563 2938 2700 3010 πρὸς
2736 2936 2951 3005 γένεσιν
2977 2928 3178 3002 ἦκτοῆ
3229 2927 3386 3015 ἐϐίω,
3428 2924 3555 2994 παρ’
3601 2921 3719 2974 ὅσον

2131 3014 2267 3106 ἡμῖν
2304 3034 2363 3087 ὲν
2397 3032 2508 3093 τοῖς
2533 3028 2675 3099 ὑπὲρ
2704 3026 2808 3096 γῆν
2851 3023 3071 3095 χωρίοις
3107 3014 3488 3092 ἐπεχωρίαζεν
3524 3015 3719 3106 ﬁgat-av-

2133 3103 2311 3196 άγιος.
2346 3124 2410 3176 Εἰ
2445 3121 2542 3176 καὶ
2587 3120 2678 3172 τὸν
2709 3116 2973 3188 ὑπερφυᾶ
3019 3114 3177 3181 λόγον
3206 3111 3280 3171 ὡς
3313 3112 3372 3162 ἐν
3404 3109 3518 3169 τοῖς
3548 3103 3721 3196 ἀλλοις

2135 3312 2285 3383 ἡμᾶς
2308 3308 2404 3362 καὶ
2439 3306 2687 3376 βιώσασα
2716 3302 2813 3356 καὶ
2832 3300 3104 3370 κυήσασαο
3143 3294 3239 3348 καὶ
3268 3290 3447 3354 τέλος,
3475 3287 3584 3342 τῶν
3602 3283 3723 3383 τῇδε

2141 3378 2483 3476 μεταστᾶσα·
2522 3397 2619 3452 καὶ
2653 3395 2823 3457 ὅντως
2851 3392 3010 3453 ὅλους
3050 3385 3477 3458 ὑπερνικήσασα
3508 3381 3632 3441 τοὺς
3671 3378 3724 3429 ὲν

2137 3474 2376 3568 γενέσει,
2432 3488 2510 3563 τῷ
2545 3489 2826 3563 μεγαλεῐῳ
2853 3487 2954 3555 τῆς
3001 3481 3240 3553 φύσεως.
3290 3476 3437 3530 Ἀλλ’
3487 3474 3724 3568 ἐπίωμεν

2138 3592 2239 3664 ἥδη
2271 3587 2349 3660 τῷ
2374 3585 2555 3657 καιρῴ
2578 3584 2648 3637 τὰ
2678 3581 2867 3635 εἰκότα
2898 3574 3379 3647 συνεορτάζοντες·
3421 3568 3600 3622 πάντα
3623 3563 3725 3634 γὰρ

2138 3658 2408 3750 ε’ίςνκαλδν
2437 3682 2504 3751 τῇ
2533 3674 2749 3748 πανηγὺ
2762 3691 2842 3745 ρει
2875 3669 3163 3742 συντρέχει
3186 3665 3280 3718 καὶ
3312 3658 3722 3757 συναγάλλεται.

2142 3749 2253 3834 Ἴδε
2284 3776 2417 3847 γὰρ,
2589 3774 2617 3825 ὁ
2641 3769 2750 3822 τῶν
2781 3766 2933 3839 ἐμῶν
2963 3764 3138 3833 λόγων
3177 3757 3487 3854 ἀκροάτης,
3519 3749 3608 3807 οἶα
3637 3750 3726 3854 νῦν

2137 3873 2207 3929 τὰ
2234 3868 2488 3942 ὁρώμενα
2512 3882 2526 3897 °
2552 3867 2585 3935 ἡ
2616 3862 2908 3935 βασίλισσα
2939 3856 3048 3911 τῶν
3082 3852 3286 3924 φυλῶν,
3318 3851 3352 3921 ἡ
3379 3849 3492 3903 τῶν
3525 3848 3726 3946 πιστῶν

2141 3939 2429 4032 ἐκκλησίαο
2454 3963 2521 4031 τῇ
2556 3950 2795 4031 βασιλίδι
2841 3952 2936 4008 τοῦ
2971 3951 3187 4026 γένους,
3225 3945 3330 4000 ὑπὸ
3360 3941 3577 4015 βασιλεῖ
3613 3939 3726 4032 θεῷ

2139 4053 2220 4126 τῷ
2251 4028 2598 4123 πανηγέμονι
2627 4047 2766 4119 πρὸς
2794 4044 2864 4098 τὰ
2888 4042 2998 4098 τῶν
3024 4037 3276 4112 οὐρανῶν
3321 4034 3595 4107 βασίλεια,
3634 4028 3726 4126 βαῖ

2089 4170 2105 4178 ·
2143 4119 2922 4217 σιλικῶςάναλαμδανομένῃ.
2979 4137 3224 4207 σήμερον
3285 4126 3593 4199 πομπεύει,
3635 4119 3726 4176 καὶ

2140 4239 2445 4312 δωροφορεῖ
2470 4235 2600 4307 παρ’
2641 4232 2840 4303 ἑαυτῆς
2863 4230 2972 4283 πᾶν
3009 4229 3089 4303 ὅτι
3142 4223 3438 4279 κάλλιστον
3478 4219 3572 4274 καὶ
3607 4230 3725 4312 τερ-

443 4345 725 4416 triumpho
780 4346 1039 4411 deducit,
1088 4361 1154 4402 ac
1206 4346 1250 4402 si
1300 4344 1431 4416 quid
1467 4344 1922 4414 pulcherrimum,
1980 4350 2026 4397 et

2134 4310 2429 4388 πνδτατον.
2472 4330 2539 4382 Ἢ
2567 4327 2658 4381 τὸν
2689 4323 2816 4396 χοῦν
2848 4319 3239 4393 οὑρανώσασοι,
3266 4315 3357 4370 τὸν
3404 4312 3538 4385 χοῦν
3596 4310 3726 4363 ἀπο-

442 4439 788 4501 laetissimum
820 4439 1003 4502 habet,
1048 4439 1194 4494 dono
1233 4436 1417 4493 oﬂ‘ert.
1472 4437 1668 4499 Hodie,
1709 4450 1816 4506 qua
1849 4436 2035 4506 pulvis

2140 4427 2350 4490 δύεται,
2380 4424 2475 4477 καὶ
2505 4421 2568 4475 τὸ
2612 4420 2721 4474 ἀπὸ
2762 4417 3035 4487 γενέσεως
3083 4410 3406 4468 ἀποτίθεται
3441 4405 3723 4473 κάλυμμα,

445 4532 659 4588 cmlesti
693 4531 867 4602 gloria
898 4531 1079 4586 elatus
1113 4539 1220 4594 est,
1254 4532 1536 4601 pulverem
1564 4530 1736 4592 exuit,
1768 4526 2026 4582 inditum-

2143 4518 2238 4574 καὶ
2267 4520 2334 4587 τῇ
2379 4517 2450 4587 γῇ
2479 4514 2540 4567 τὸ
2571 4510 2836 4582 συγγενὲς
2866 4506 3213 4562 ἀποδίδωσιν.
3256 4502 3318 4554 Ἦ
3357 4498 3424 4552 τὸ
3468 4497 3566 4605 ζῇν
3597 4508 3725 4563 προ-

444 4638 554 4699 que
609 4623 677 4678 ab
732 4632 857 4679 ortu
919 4624 1163 4679 velamen
1224 4622 1471 4694 deponit,
1517 4635 1583 4674 ac
1625 4630 1826 4684 terrae,
1889 4616 2038 4689 quod

446 4726 607 4770 terrae
632 4721 1053 4787 cognatumest,
1087 4713 1290 4771 reddit.
1315 4713 1455 4768 Vita:
1485 4711 1700 4766 auctrix
1733 4708 1801 4764 ad
1834 4722 2035 4765 novam

445 4808 778 4878 migratione
816 4806 1070 4863 excurrit
1098 4808 1292 4873 vitam,
1335 4806 1629 4875 locumque
1658 4804 1784 4859 vitae
1809 4800 2040 4857 immor-

447 4901 596 4963 talis,
643 4915 673 4955 a
722 4900 935 4961 carnali
981 4899 1132 4957 omni
1173 4907 1228 4955 et
1261 4898 1465 4955 vitiosa
1512 4894 1807 4951 affectione
1850 4893 2043 4965 sejun-

448 5002 623 5058 ctum,
666 4993 1016 5065 ingreditur:
1071 5008 1138 5051 ac
1180 4993 1423 5057 demum,
1479 4988 1626 5060 quod
1678 4987 1856 5044 oculis
1901 5001 2034 5043 con-

450 5086 701 5155 spicnnm
756 5093 841 5142 est
888 5085 1276 5157 corporalibus
1331 5082 1699 5146 abstractum,
1750 5096 1859 5135 una
1905 5093 2033 5135 cum

450 5180 670 5250 spiritu.
712 5179 868 5235 velut
901 5177 1231 5250 spiritaliter
1257 5176 1391 5241 abit,
1424 5173 1627 5245 quibus
1662 5174 1811 5231 novit
1862 5173 2033 5228 ratio-

529 5361 549 5393 ι’
588 5353 627 5410 ll
652 5352 781 5409 Cor.
819 5352 1004 5420 tu,l8.
1094 5357 1114 5384 ³
1142 5351 1247 5407 lsa.
1293 5366 1366 5413 vn,
1511 5350 1516 5355 ’

2140 4592 2438 4683 ξενήσασα,
2495 4607 2632 4680 πρὸς
2687 4603 2994 4669 παλίνζωον
3024 4597 3317 4669 ἀνατρέχει
3373 4591 3723 4683 μετάστασιν,

2138 4706 2236 4760 καί⁹
2258 4681 2439 4760 τόπον
2470 4690 2825 4764 εἰσοικίζεται
2859 4692 3170 4766 ζωαρχικδν
3202 4687 3503 4751 ἀνάλωτον,
3556 4681 3726 4747 πάσης

2140 4796 2416 4871 προσύλου
2447 4796 2542 4850 καὶ
2566 4789 2850 4865 ὲμπαθοῦς
2880 4780 3496 4863 διῳκισμένονχθέσεὼς
3533 4793 3592 4871 τε
3639 4772 3727 4827 καὶ

2142 4869 2382 4962 σχέσεως
2412 4905 2427 4921 ο
2470 4886 2567 4943 καὶ
2603 4885 2756 4950 τέλος
2801 4882 2910 4937 τῶν
2948 4877 3295 4952 φαινομένων
3335 4873 3472 4928 αὐτὸ
3511 4869 3570 4923 τδ
3603 4882 3727 4935 φαι-

2140 4986 2367 5057 νόμενον
2388 4982 2766 5043 ἐπανίσταται,
2801 4980 2897 5033 καὶ
2925 4977 3004 5048 τῷ
3037 4974 3217 5047 νοητῷ
3252 4970 3459 5051 νοητῶς
3485 4977 3725 5036 συμμετ-

2145 5080 2388 5151 ἐρχεται,
2418 5075 2601 5145 λόγοις
2634 5069 2717 5139 οἷς
2750 5068 2942 5127 οἶδενὸ
2971 5068 3352 5141 προσυνδήσας
3375 5080 3389 5093 ’
3414 5061 3510 5117 καὶ
3539 5058 3721 5151 λιῐσας,

2304 5170 2569 5241 συνδήσας
2596 5184 2609 5197 ·
2642 5166 2690 5220 εἰ
2726 5164 2800 5237 μὴ
2831 5161 3100 5235 τολμηρὸς
3139 5156 3250 5227 ἐγὼ
3290 5153 3521 5210 καὶτῶν
3569 5147 3726 5210 ἀνεφ-

1756 5433 1993 5489 “ARIA‘S
2042 5424 2442 5491 LECTIOSES.

430 5608 433 5609 ,
526 5550 689 5604 “li/1.
714 5547 895 5610 ἄλλοις
921 5563 976 5599 κ.
1006 5562 1053 5598 τ.
1092 5539 1350 5623 διάφορόν
1379 5556 1517 5601 πως.

1208 5684 1227 5707 ,
1753 5627 2140 5685 consensu
2173 5624 2407 5682 sane.
2829 5679 2834 5683 ,

526 5744 636 5814 (89)
674 5724 827 5796 υιιιι
862 5710 1004 5795 aliis.
1070 5705 1238 5814 Plana
1293 5745 1375 5792 est
1427 5735 1587 5790 lectio
1621 5747 1786 5813 quam
1845 5744 2040 5784 sumus
2077 5726 2248 5781 secuti
2287 5742 2297 5777 :
2335 5725 2491 5779 habet
2525 5722 2630 5776 alia
2698 5720 2773 5784 ὡς
2832 5722 2887 5773 ὲν
2957 5718 3069 5781 τοῖς
3122 5714 3355 5779 ἀδύτοις,
3412 5711 3513 5765 κάν
3559 5705 3721 5774 τούτῳ

432 5808 824 5890 Δειιίςῖιιρόντιι)ς
856 5813 1091 5885 Esxnxz'
1131 5808 1227 5869 sed
1261 5816 1407 5881 patet
1440 5822 1561 5863 esse
1607 5808 1789 5858 minus
1826 5815 2034 5858 saram.
