4012 6442
350 394 478 464 1081

1384 387 1467 448 ΙΝ
1497 384 2049 449 DORMITIONEM
2087 384 2151 447 S.
2189 381 2482 444 MARIIE.
2524 381 2608 443 II.

3477 360 3616 433 .1082

355 509 518 561 ίκτων
552 503 882 577 ἁπτόμενος.
915 496 1014 566 Οἷς
1052 499 1358 557 ἀπιστείτω
1390 498 1599 571 μηδεὶς,
1619 497 1711 552 τὸν
1725 496 1936 562 Ἠλίαν,

2055 496 2230 562 nibus,
2261 495 2308 551 is
2330 495 2426 566 qui
2451 493 2584 549 olim
2611 490 2774 547 ambo
2802 489 3146 555 devinxerat,
3179 485 3384 558 quique
3417 485 3617 538 iterum

348 598 445 652 καὶ
474 595 572 653 τὸν
621 594 794 667 Ἐνὼχ
833 594 1241 665 ἐνθυμούμενος
1263 609 1279 625 ο
1312 591 1362 645 οἳ
1391 590 1612 644 ἐπειδὰν
1650 588 1757 661 τῶν
1789 588 1933 659 ὁρω-

354 689 533 761 μένων
565 689 826 759 ὑπεράνω
859 687 1157 757 πεφήνασι,
1195 682 1463 755 μύσαντες
1494 681 1594 745 τὰς
1626 680 1933 752 αἰσθήσεις,

350 781 447 833 καὶ
472 779 578 844 ἔξω
610 779 814 850 σαρκὸς
843 779 941 833 καὶ
970 778 1177 847 κόσμου
1203 776 1512 851 γενόμενοι,
1557 776 1587 827 6
1629 773 1729 845 μὲν
1751 771 1937 839 ,ἐπιδί-

353 892 531 947 φριος,
563 877 592 929 6
627 867 684 929 δὲ
736 874 1031 947 μετάρσιος
1088 870 1554 944 ἀνηρπάσθησανσ
1601 867 1665 921 ού
1718 865 1938 931 διαζευ-

351 965 591 1037 χθέντων
617 965 802 1025 αὐτοῖς
837 965 947 1019 τῶν
977 962 1181 1035 μερῶν·
1205 961 1267 1014 οὐ
1286 959 1665 1035 διαλυθέντων·
1697 956 1815 1010 ἀλλ’
1856 955 1939 1019 είς

351 1058 512 1128 δεῦρο
538 1057 648 1111 τῶν
676 1058 820 1129 ὅρων
844 1056 1204 1128 παραθέντων
1231 1054 1276 1088 ⁸⁵
1307 1053 1493 1115 αὐτοῖς
1518 1049 1621 1120 τῆς
1645 1047 1814 1118 ζωῆς,
1845 1045 1941 1110 οὓς

352 1152 485 1221 ἡμῖν
513 1150 547 1221 ἠ
580 1148 650 1203 τὰ
671 1149 768 1203 ὅλα
806 1148 984 1218 σοφῶς
1009 1145 1318 1218 διορίζουσα
1346 1141 1650 1215 πριὲπηξε
1682 1139 1940 1212 Πρόνοιαο

353 1242 484 1315 παρ’
520 1237 588 1315 ἦς
646 1244 742 1296 καὶ
790 1242 860 1295 τὰ
909 1240 1078 1296 πάλαι
1112 1240 1209 1295 καὶ
1236 1238 1333 1295 νῦν
1383 1235 1641 1309 ἐμφερῶς
1683 1233 1802 1306 ἆμα
1847 1233 1944 1287 καὶ⁹

355 1333 714 1405 καταλλήλως
743 1333 1011 1388 τυποῦται
1042 1333 1138 1386 καὶ
1184 1331 1514 1400 διεξάγεται.
1543 1327 1656 1382 Καὶ
1685 1327 1734 1380 εί
1754 1324 1945 1397 ομικρόι

354 1444 420 1497 γε
447 1426 620 1480 ταῦτα
636 1425 773 1498 πρὸς
794 1424 1148 1497 παράδειγμα
1165 1423 1264 1493 τῆς
1283 1422 1373 1487 ὑφ’
1394 1422 1428 1493 ἡ
1437 1418 1552 1491 μῶν
1573 1415 1942 1488 ὑμνουμένης,

356 1518 584 1590 ἀρκέσει
617 1516 749 1587 γοῦν
776 1515 917 1587 αὐτὴ
954 1516 1121 1586 ἑαυτῇ
1156 1514 1227 1568 τὰ
1258 1514 1435 1567 οίκεῖα
1480 1506 1849 1581 συγκρίνουσά
1883 1522 1944 1559 τε

356 1612 454 1666 καὶ
487 1609 945 1682 προσεικάζουσα.
976 1606 1289 1675 Σκοπητέον
1318 1604 1375 1657 δὲ
1406 1604 1455 1657 εί
1491 1600 1676 1671 μεῖζον
1719 1601 1778 1652 ὲν
1813 1596 1948 1652 θαύ-

361 1718 527 1773 μασιν
548 1700 926 1772 εὑρεθήσεται,
954 1698 1048 1753 τοῦ
1078 1695 1398 1769 παραδόξως
1421 1695 1480 1750 ὲν
1501 1693 1640 1765 αὑτῇ
1665 1689 1947 1745 τελεσθέν-

2017 592 2069 640 ‘a
2104 585 2403 645 solutiOne.
2438 581 2686 640 devinxit
2715 599 2730 637 :
2783 580 2895 637 nisi
2939 594 3062 651 ego,
3116 576 3444 641 inconcessa
3479 588 3621 644 pra:-

2038 694 2285 744 sumens,
2336 676 2664 732 temerarius
2697 689 2843 731 sum.
2887 673 2966 728 Ac
3000 685 3161 727 nemo
3193 668 3357 725 ﬁdem
3388 666 3618 730 abnuat,

2039 772 2133 844 qui
2163 770 2337 826 Eliam
2370 777 2425 826 et
2466 768 2655 823 Enoch
2698 766 2921 837 cogitet.
2956 763 2996 819 li
3022 760 3217 834 ,quod
3262 760 3431 816 rebus
3487 756 3623 814 sub-

2035 864 2198 936 jectis
2257 861 2437 917 oculis
2491 856 2809 931 superiores
2868 854 2977 911 visi
3027 861 3237 920 essent,
3298 850 3394 907 ubi
3423 863 3628 907 sensus

2041 954 2399 1019 clausissent,
2434 967 2500 1008 ac
2538 967 2712 1007 carne
2739 959 2792 1007 et
2823 948 3031 1006 mundo
3058 945 3453 1007 excessissent,
3484 942 3625 997 alter

2042 1047 2264 1120 quidem
2291 1060 2461 1101 curru
2501 1044 2824 1109 subvectus,
2862 1043 3004 1096 alter
3030 1038 3268 1095 sublime
3311 1033 3492 1090 elatus
3532 1046 3626 1088 ra-

2041 1140 2121 1210 pti
2148 1145 2278 1195 sunt
2313 1138 2334 1174 ί
2370 1154 2385 1192 :
2419 1150 2530 1191 non
2562 1134 2801 1206 partium
2835 1132 3070 1188 invicem
3109 1125 3489 1200 disjunctione
3529 1137 3625 1180 re-

2045 1232 2232 1297 soluti,
2287 1232 2381 1287 sed
2449 1229 2581 1285 vitae
2640 1224 2913 1292 terminis,
2941 1238 3085 1295 quos
3150 1220 3313 1278 nobis
3360 1216 3480 1273 ﬁxit
3528 1214 3627 1270 Dei

2043 1322 2411 1396 providentia,
2453 1335 2576 1392 quae
2616 1318 2896 1388 sapienter
2931 1312 3128 1370 dillinit
3168 1310 3378 1376 omnia,
3408 1315 3629 1365 vetera-

2044 1433 2153 1489 que
2180 1423 2236 1473 et
2272 1430 2414 1471 nova
2470 1420 2729 1469 accurate
2754 1409 2960 1481 pariter
2986 1417 3341 1478 congrueque
3375 1401 3630 1469 designat

2046 1520 2211 1581 atque
2240 1509 2534 1582 gubernat,
2567 1506 2633 1560 ad
2662 1503 2806 1558 hanc
2842 1515 3020 1570 usque
3061 1498 3207 1553 diem
3248 1493 3502 1566 prolatis.
3530 1491 3628 1547 Sin

2047 1619 2178 1660 vero
2227 1604 2349 1657 hate
2398 1598 2621 1656 modica
2647 1595 2963 1660 videantur,
3022 1591 3091 1647 ad
3137 1589 3262 1660 ejus
3316 1585 3630 1653 exemplum

2049 1697 2210 1767 cujus
2241 1694 2586 1751 celebramus
2615 1704 2837 1753 nomen,
2896 1688 3016 1757 ipsa
3053 1699 3188 1741 sane
3238 1680 3344 1737 sibi
3396 1686 3475 1736 sat
3504 1677 3631 1742 erit,

356 1772 470 1857 τος.
532 1793 717 1863 Νόμος
765 1792 881 1864 ἥλω
918 1788 1147 1861 φυσικὸς
1196 1784 1599 1859 ἁτονήσαςόψὲ
1645 1783 1742 1839 καὶ
1797 1781 1948 1853 μόλις

2055 1806 2153 1848 sua
2182 1787 2356 1859 ipsius
2389 1799 2720 1854 comparans
2748 1797 2813 1837 ac
2842 1778 3187 1836 assimilans.
3225 1773 3359 1829 Vide
3384 1772 3529 1828 enim
3562 1784 3635 1824 an

358 1884 562 1940 πεσών.
592 1857 813 1955 όῖχετανι
844 1857 981 1954 πρδς
1017 1881 1217 1955 ἀργίαν
1262 1857 1528 1950 ὁλοσχερῆ
1578 1877 1674 1931 καλ⁵
1714 1876 1946 1946 ἀνατρο-

2055 1881 2237 1951 majus
2264 1878 2598 1934 miraculum
2626 1874 2803 1945 possit
2826 1869 3087 1935 inveniri,
3109 1881 3275 1940 quam
3297 1863 3444 1936 quod
3471 1862 3637 1916 mira-

357 1975 470 2045 πὴν
526 1976 559 2044 ἡ
594 1972 773 2045 πικρὰ
822 1972 916 2026 τοῦ
963 1972 1193 2026 θανάτου
1235 1968 1523 2039 καταδίκη.
1566 1966 1796 2020 Λέλυται
1848 1963 1947 2034 τῆς

358 2064 552 2134 ἀρᾶςὴ
586 2061 832 2132 δύναμις.
878 2060 1016 2114 Ἀλλ’
1049 2061 1152 2115 οὐκ
1193 2059 1259 2116 ἂν
1289 2056 1513 2129 ἐνίκησέ
1552 2075 1638 2121 τις
1671 2056 1740 2110 τὰ
1777 2054 1946 2110 πάλαι

357 2153 697 2226 διορισθέντα
740 2152 888 2224 παρά
947 2151 1104 2205 Θεοῦ’
1143 2150 1218 2222 μὴ
1267 2150 1388 2220 οὐχὶ
1440 2146 1575 2202 Θεοῦ
1607 2140 1750 2200 κατὰ
1786 2144 1948 2214 φύσιν

361 2247 725 2317 ὑπάρχοντος,
775 2244 870 2298 τοῦ
927 2243 1353 2315 μεταποιοῖωτος
1398 2241 1578 2295 πάντα
1636 2239 1731 2293 καὶ⁸
1784 2253 1947 2307 μετα-

362 2332 711 2399 πλάττοντος,
746 2332 823 2403 τῷ
855 2334 1036 2402 οἰκείῳ
1058 2335 1158 2402 τῆς
1181 2331 1515 2401 ἀγαθότητος
1534 2328 1785 2398 νεύματι.
1804 2325 1948 2398 Πρέ-

365 2441 457 2479 πει
488 2425 532 2479 δ’
560 2425 625 2481 ἂν
669 2425 956 2498 ἀραρότως
1014 2423 1186 2496 αὐτῷ,
1236 2424 1333 2478 καὶ
1376 2424 1447 2477 τὰ
1504 2421 1598 2476 νῦν
1643 2421 1737 2475 ἐπὶ
1767 2420 1951 2491 Μητρὶ

363 2518 779 2590 καινουργῆσαι.
817 2517 993 2584 Δείξει
1048 2519 1157 2589 γὰρ
1210 2516 1352 2573 οὕτω
1391 2514 1466 2588 μὴ
1520 2514 1679 2585 μόνον
1717 2514 1953 2583 Μητέρα

360 2611 507 2665 κατά
539 2611 706 2681 φύσιν
720 2607 884 2665 οὖσαν
911 2609 1100 2676 αὐτοῦ,
1130 2609 1267 2664 ἀλλὰ
1311 2610 1408 2663 καὶ
1436 2609 1534 2678 τὴν
1569 2606 1630 2671 ἐξ
1674 2606 1843 2676 αὐτῆς
1870 2607 1951 2658 ol-

361 2703 628 2773 κονομίαν
660 2700 1018 2766 πιστώσεται,
1051 2702 1175 2756 καθ’
1213 2702 1282 2772 ἣν
1321 2700 1556 2772 μάλιστα
1581 2699 1706 2761 τοὺς
1740 2696 1952 2749 ἑαυτῶν

366 2794 811 2865 μυπικωτέρους
841 2793 1056 2863 λόγους,
1078 2793 1156 2864 τῷ
1189 2792 1310 2847 καθ’
1340 2791 1613 2862 ὑπεροχὴν
1652 2787 1952 2860 ὑπεραίρο-

365 2902 472 2956 μεν
499 2885 687 2957 τρόπῳ
722 2903 734 2916 ·
763 2886 886 2940 καθ’
929 2887 995 2956 ἢν
1021 2888 1048 2938 ὁ
1080 2870 1387 2955 ζωαρχικὸς
1420 2881 1754 2950 εἰσπηδήσας
1782 2880 1952 2949 Λόγος

363 2974 465 3048 τὴν
492 2976 665 3047 αὐτῆς
730 2976 1105 3048 ἀπερίληπτον
1144 2976 1320 3048 ύπέϐη
1365 2974 1547 3044 νηδὺν,
1592 2974 1688 3026 καὶ
1724 2971 1825 3042 τὴν
1857 2973 1952 3024 ἁν-

366 3065 588 3138 Ορὼπου
620 3066 784 3137 φύσιν
811 3066 1099 3120 ἀναλαϐὼν
1128 3064 1469 3137 ύπερουσίως
1495 3066 1627 3132 ἡμῖν
1663 3062 1949 3132 ὑπέσχετο.

2049 1975 2148 2031 bili
2182 1972 2399 2029 ratione
2435 1970 2489 2024 in
2519 1983 2582 2025 ea
2617 1970 3068 2023 consummatum
3110 1960 3233 2016 fuit.
3258 1956 3482 2013 Viribus
3516 1965 3638 2009 tan.

2051 2068 2171 2125 dem
2221 2065 2436 2122 minuta
2469 2069 2683 2117 natura:
2721 2060 2806 2114 lex
2840 2062 3099 2128 superata
3135 2061 3242 2119 est,
3288 2051 3491 2120 vixque
3533 2047 3636 2102 ali-.

2052 2159 2273 2233 quando
2324 2153 2591 2211 concidit.
2640 2150 2770 2206 Abit
2808 2147 3038 2203 omnino
3069 2157 3229 2199 cassa
3274 2152 3544 2209 versaque
3580 2136 3636 2191 in

2051 2231 2419 2311 contrarium,
2456 2258 2641 2299 amara
2696 2240 2889 2295 mortis
2940 2235 3253 2295 damnatio.
3311 2231 3505 2289 Soluta
3554 2237 3640 2285 est

2052 2349 2137 2403 vis
2183 2339 2615 2399 maledictionis.
2679 2335 2974 2389 Enimvero
3023 2329 3213 2386 nullus
3292 2320 3641 2396 superaverit

2054 2436 2152 2491 Dei
2185 2435 2313 2489 olim
2347 2432 2572 2487 decreto
2619 2433 2850 2491 statuta,
2884 2439 2953 2478 ne
2983 2422 3102 2493 ipse
3125 2417 3345 2490 quidem
3374 2415 3466 2486 qui
3492 2418 3640 2469 esset

2053 2529 2200 2585 Deus
2223 2533 2442 2590 natura,
2466 2522 2672 2595 quique
2704 2534 2816 2575 suae
2841 2516 3016 2588 ipsius
3046 2512 3308 2569 bonitatis
3330 2517 3489 2573 nutu,
3518 2520 3641 2560 om-

2055 2625 2147 2679 nia
2194 2622 2451 2676 immutat
2484 2624 2650 2687 atque
2703 2611 3087 2668 transformat.
3142 2603 3411 2674 Congruit
3458 2609 3642 2655 autem

2055 2726 2116 2772 ut
2153 2730 2242 2771 res
2269 2712 2482 2776 Matris,
2525 2724 2634 2780 qua
2693 2720 2824 2762 suas
2870 2702 3107 2764 ratione,
3146 2697 3375 2753 molitus
3418 2693 3512 2750 sit.
3549 2690 3645 2746 Sic

2056 2809 2201 2866 enim
2245 2821 2350 2862 non
2377 2811 2591 2858 tantum
2624 2814 2779 2854 suam
2810 2792 3134 2867 probavevit
3176 2788 3644 2849 Matrem,verum

2056 2900 2221 2954 etiam
2252 2894 2575 2951 oeconomiae
2599 2907 2663 2946 ex
2704 2904 2768 2943 ea
2809 2886 3102 2942 veritatem
3149 2876 3447 2936 astruxerit
3481 2894 3493 2928 :
3538 2888 3643 2943 qua

2058 2989 2299 3045 maxime
2372 2982 2745 3055 spiritaliores
2830 2989 3116 3055 sermones
3179 2977 3438 3029 nostros,
3498 2964 3643 3018 modi

2059 3078 2385 3137 excellentia
2424 3048 2948 3144 superextollimus;
2980 3080 3088 3136 qua
3127 3063 3253 3117 vitae
3283 3068 3477 3115 auctor
3506 3054 3646 3111 Ver-

367 3158 471 3212 Διὰ
493 3159 653 3214 τοῦτο
678 3159 747 3213 τὰ
775 3160 945 3214 πάλαι
1001 3161 1098 3227 μὲν
1135 3160 1223 3213 ἐπ’
1258 3159 1394 3226 αύτῇ
1427 3155 1769 3217 τελεσθέντα,
1818 3153 1952 3221 πρὸς

2059 3173 2187 3226 bum
2241 3167 2518 3228 insiliens,
2555 3159 2956 3230 amplissimum
3001 3155 3123 3225 ejus
3160 3161 3378 3207 uterum
3417 3146 3642 3211 subivit,

368 3250 525 3321 ήμῶν
545 3250 601 3303 δὲ
642 3251 735 3304 νῦν
766 3251 1186 3321 εὐφημούμενα,
1223 3247 1327 3301 κᾶν
1363 3246 1645 3315 παράδοξὰ
1675 3262 1791 3308 πως
1814 3238 1952 3296 εἶναι

367 3343 536 3411 δοκεῖ,
563 3345 661 3397 καὶ
686 3344 793 3398 τῶν
823 3344 1085 3414 ἐμφύτων
1121 3341 1479 3412 ἀνῳκισμένα
1517 3338 1754 3408 δεσμῶν,
1816 3335 1958 3389 κατὰ

367 3436 503 3505 γοῦν
533 3437 624 3490 τὸν
665 3438 927 3508 ὑπερφυᾶ
953 3439 1053 3506 τῆς
1095 3436 1377 3506 ἀφράστου
1425 3431 1725 3503 κυοφορίας
1775 3430 1956 3497 λόγον,

369 3527 596 3591 εἰκότως
624 3527 690 3582 ἂν
720 3530 808 3584 ἐπ’
840 3531 1009 3601 αὐτῆς
1033 3529 1131 3600 τὴν
1155 3526 1433 3597 ἀναφορὰν
1468 3526 1791 3578 εὐεπίϐατον
1824 3523 1955 3588 ἕξει.

368 3622 547 3685 Αὐτὸς
572 3617 668 3676 οὖν
690 3619 757 3694 ἦν
777 3622 885 3700 ᾄρα
925 3624 1019 3677 καὶ
1051 3622 1308 3693 τηνικάδε
1343 3618 1533 3691 παρὼν
1574 3621 1600 3670 ὀ
1626 3618 1817 3685 Λόγος,
1865 3616 1960 3669 καὶ

372 3709 524 3780 νόμῳ
551 3711 767 3774 παύσας
796 3713 886 3764 τὸν
933 3712 1367 3783 ἁπλεονέκτητον
1397 3710 1490 3762 τοῦ
1517 3708 1748 3761 θανάτου
1772 3706 1958 3776 νόμον.

371 3795 482 3854 Ἦν
511 3797 606 3857 οὖν
634 3803 816 3875 θέαμα
845 3805 1029 3859 καινὸν
1064 3804 1280 3874 ἀληθῶς
1316 3803 1412 3857 καὶ
1443 3804 1726 3871 λογισμοῖς
1767 3799 1959 3855 ἀνεπίσ-

374 3893 537 3949 ϐατον
573 3913 586 3928 ·
629 3897 767 3968 γυνὴ
807 3897 913 3949 τῶν
959 3896 1202 3966 οὐρανῶν
1258 3896 1544 3964 ύπερϐἄσα
1577 3895 1676 3964 τὴν
1706 3892 1866 3961 φύσιν
1896 3894 1959 3961 τῇ

372 3986 735 4060 καθαρότητι,
771 3989 879 4044 τῶν
912 3991 972 4064 εν
1027 3990 1279 4059 οὐρανοῖς
1313 3988 1518 4041 ἀδύτων
1550 3983 1962 4057 σκηνοϐατοῦτα

372 4073 443 4128 τὰ
465 4076 620 4145 ἅγιαι
658 4079 958 4148 Παρθένος,
984 4080 1154 4150 αὐτὴν
1193 4078 1547 4149 ὑπερνικῶσα
1568 4076 1676 4129 τῶν
1710 4077 1962 4144 Σεραφὶμ

373 4169 473 4242 τὴν
508 4169 671 4238 φύσιν
702 4170 780 4241 τῷ
805 4171 902 4240 τῆς
925 4170 1203 4237 θεογονίας
1237 4168 1499 4237 θαύματι,
1529 4170 1594 4237 τῇ
1632 4166 1828 4237 πρώτῃ
1864 4164 1965 4234 φύ-

378 4279 483 4348 σει,
539 4262 659 4333 Θεῷ
708 4262 786 4334 τῷ
844 4263 1065 4316 πάντων
1114 4259 1504 4330 γενεσιουργῷ,
1560 4257 1959 4332 πλησιάζουσαο

373 4353 597 4423 Μήτηρ,
616 4352 747 4405 αὐτὸ
773 4351 1005 4406 τεκοῦσα
1028 4347 1088 4401 τὸ
1117 4349 1235 4422 ζῇν,
1256 4349 1550 4419 ἐφάμιλλον
1584 4350 1661 4417 τῷ
1692 4352 1839 4420 τόκῳ
1867 4349 1959 4402 τοῦ

375 4442 493 4513 βίου
523 4441 676 4506 τέλος
708 4442 1066 4513 προΐσχουσα,
1113 4440 1212 4493 καὶ
1236 4441 1296 4494 τὸ
1326 4441 1513 4510 θαῦμα
1549 4439 1692 4497 ,Θεοῦ
1724 4441 1820 4492 καὶ
1868 4439 1965 4491 7:5-

2062 3267 2513 3329 assumptamque
2562 3256 2857 3309 humanam
2909 3256 3188 3311 naturam,
3244 3240 3425 3297 altiori
3484 3238 3647 3294 nobis

2063 3369 2229 3423 supra
2278 3360 2546 3405 naturam
2604 3347 2771 3402 modo
2824 3338 3177 3398 sustentavit.
3247 3332 3645 3401 Quamobrem,

2063 3445 2165 3500 etsi
2201 3443 2331 3497 olim
2374 3443 2428 3495 in
2462 3456 2524 3495 ea
2556 3445 2940 3494 consummata
2972 3448 3036 3488 ac
3081 3431 3228 3487 clara
3256 3428 3286 3482 τι
3341 3425 3505 3480 nobis
3554 3423 3652 3477 im-

2062 3535 2480 3605 praesentiarum
2533 3530 2677 3584 l'ama
2727 3527 3005 3582 celebrata
3043 3536 3182 3578 nova
3228 3518 3542 3579 videantur,
3587 3527 3652 3568 ac

2065 3636 2278 3682 natura:
2309 3625 2524 3696 legibus
2556 3621 2869 3692 superiora,
2898 3615 3099 3685 merito
3143 3620 3356 3677 tamen,
3388 3608 3653 3678 nulloque

2065 3720 2306 3790 negotio,
2346 3724 2593 3787 spectata
2625 3712 2863 3768 mirabili
2924 3716 3117 3781 partus
3150 3703 3391 3767 ratione,
3434 3699 3655 3756 licuerit

2066 3815 2119 3868 in
2156 3829 2275 3867 eam
2316 3810 2542 3864 referre.
2575 3807 2760 3876 Ipsum
2794 3806 2980 3874 itaque
3044 3800 3286 3857 Verbum
3325 3803 3380 3853 et
3412 3807 3654 3867 praesens

2066 3920 2161 3974 per
2193 3903 2246 3956 id
2283 3912 2496 3971 lernpus
2532 3898 2664 3961 fuit,
2727 3911 2789 3951 ac
2827 3897 2947 3967 lege
3004 3893 3202 3947 mortis
3251 3889 3426 3960 legem
3464 3882 3656 3956 violari
3748 3960 3755 3967 ‘

2065 3994 2308 4048 nesciam
2361 3990 2604 4047 abolevit
2662 3987 2792 4043 Erat
2822 4001 2955 4058 ergo
2996 3984 3156 4056 plane
3188 3994 3395 4036 novum
3435 3982 3655 4048 specta-

2064 4086 2271 4151 nulum,
2321 4083 2579 4155 quodque
2613 4068 2846 4135 rationis
2885 4078 2992 4132 vim
3029 4073 3354 4138 excederet,
3399 4078 3458 4124 ut
3494 4064 3660 4123 nimi-

2066 4193 2184 4231 rum
2218 4176 2442 4237 mulier,
2467 4189 2589 4242 qua:
2616 4171 2883 4226 caelorum
2919 4173 3171 4221 naturam
3193 4161 3434 4233 puritate
3464 4169 3659 4226 super-

2064 4283 2248 4339 gressa
2282 4272 2452 4329 esset,
2506 4262 2820 4319 ccclestium
2874 4258 3162 4328 adytorum
3214 4257 3429 4313 sancta,
3472 4245 3660 4300 taber-

2064 4360 2323 4414 naculum
2350 4356 2653 4418 devehens,
2685 4368 2748 4408 ac
2763 4364 2995 4421 corpore
3020 4352 3371 4419 penetraret;
3397 4346 3458 4395 ut
3482 4337 3655 4411 virgo,

2068 4452 2160 4506 Dei
2190 4461 2382 4521 partus
2418 4448 2688 4504 miraculo
2722 4442 3085 4513 Serapliicam
3119 4438 3348 4492 vincens
3375 4438 3656 4491 naturam,

374 4549 548 4596 στεως
587 4531 756 4598 ἄξιον.
788 4531 875 4594 Ὠς
893 4531 1000 4602 γὰρ
1035 4530 1331 4601 τικτούσης
1356 4533 1389 4601 ἡ
1420 4531 1584 4601 νηδὺς
1615 4530 1675 4583 οὐ
1703 4529 1952 4600 διέφθαρ-

2069 4544 2256 4617 primae
2312 4542 2389 4597 illi
2447 4548 2690 4605 natum,
2754 4537 2903 4599 Deo,
2968 4536 3216 4603 inquam,
3273 4525 3658 4581 universorum

372 4641 455 4690 1:0,
495 4623 639 4678 οὕτω
661 4623 931 4695 θανούσης
958 4625 990 4695 ή
1025 4621 1162 4693 σὰρξ
1186 4626 1247 4679 οὑ
1278 4624 1552 4678 διόλωλεν.
1585 4624 1648 4676 Ὠ
1695 4624 1802 4676 τῶν
1832 4624 1964 4676 θαυ-

376 4717 596 4786 μάτωνί
640 4716 698 4770 '0
728 4716 887 4780 τόκος
935 4715 1161 4786 διέφυγε
1191 4716 1290 4788 τὴν
1337 4714 1567 4789 φθορὰν,
1597 4718 1692 4769 καὶ
1741 4719 1769 4770 ό
1795 4718 1964 4785 τάφος

372 4810 476 4880 τὴν
521 4809 825 4881 διαφθορὰν
870 4811 930 4863 ού
973 4811 1312 4880 προσήκατο·
1366 4806 1473 4865 τῶν
1520 4810 1629 4881 γὰρ
1674 4809 1838 4863 ὁσίων
1867 4811 1965 4880 οὐχ

373 4899 630 4992 ᾇπτεται.
669 4901 767 4964 Τίς
817 4902 851 4972 ή
886 4898 1180 4967 ἀπόδειξις,
1235 4898 1376 4954 εἴπω
1416 4899 1713 4971 βούλεσθε;
1757 4901 1848 4953 καὶ
1890 4902 1962 4970 μή

377 5010 470 5065 μοι
500 4992 611 5047 τῶν
644 4993 930 5065 παρόντων
977 4993 1378 5049 ὲπισκωπτὲτω
1408 4994 1488 5058 τίς
1520 5011 1638 5059 πως
1675 4994 1734 5047 τὸ
1770 4994 1961 5063 μνῆμα

375 5084 554 5139 κενόν.
585 5084 1010 5156 Προσερήσομαι
1053 5084 1161 5154 γὰρ
1191 5084 1358 5155 ὑμᾶς’
1390 5084 1518 5151 Πῶς
1553 5087 1582 5139 ό
1607 5085 1801 5156 νεκρὸς
1829 5086 1963 5152 ἁφα·

375 5176 502 5247 νής;
532 5174 656 5239 Πῶς
691 5177 792 5229 οὐκ
819 5177 879 5229 ἐν
908 5177 1089 5246 σοροῖς
1111 5174 1181 5229 τὰ
1208 5175 1476 5246 ὲντάφιας
1509 5177 1559 5230 εί
1591 5176 1666 5248 μὴ
1714 5175 1812 5247 τὴν
1843 5177 1961 5230 δια-

450 5290 472 5327 ί
506 5288 573 5347 ιν
608 5291 746 5363 Reg.
781 5308 845 5360 ιι,
874 5292 977 5360 ll;
1013 5290 1151 5348 Gen.
1187 5309 1239 5359 v,
1265 5292 1359 5348 24.

2065 4636 2315 4702 auctori,
2375 4632 2722 4704 se,pr0pins
2774 4629 3138 4700 adjnngeret;
3192 4629 3253 4676 ut
3308 4617 3481 4673 Mater
3539 4626 3661 4684 qua:

2075 4729 2245 4784 vitam
2265 4727 2591 4798 peperisset,
2618 4724 2887 4796 aequalem
2911 4720 3090 4792 partui
3126 4718 3263 4771 vita!
3281 4707 3660 4776 linem,mira-

2064 4796 2364 4890 culumque
2419 4817 2531 4873 Deo
2575 4825 2630 4872 et
2689 4815 2794 4871 [ide
2851 4815 3080 4885 dignum
3132 4806 3523 4881 praetenderet.
3585 4796 3661 4854 Ut

2065 4911 2210 4967 enim
2250 4911 2476 4966 minime
2529 4918 2829 4977 corruptus
2874 4915 2961 4962 est
3008 4900 3273 4975 parientis
3306 4904 3525 4957 uterus,
3579 4890 3659 4945 ita

2070 5017 2172 5067 nec
2199 5002 2410 5058 interiit
2431 5000 2710 5062 defuncta:
2733 5014 2885 5055 caro.
2920 4997 2965 5051 (l
2987 4993 3268 5051 mirandas
3296 4989 3418 5067 resl
3458 4986 3660 5042 Partus

2070 5094 2299 5150 omnino
2372 5094 2788 5166 corruptionem
2846 5088 3100 5160 eﬁugit;
3168 5099 3272 5140 nec
3345 5078 3659 5150 sepulcrum

2069 5183 2218 5240 illam
2252 5198 2283 5240 a
2315 5192 2491 5242 morte
2546 5192 2849 5241 extremam
2885 5178 3298 5251 corruptionem
3338 5171 3451 5245 (90)
3484 5168 3662 5224 admi-

1657 5407 1888 5465 VARUE
1930 5408 2339 5468 LECTIONES.

384 5471 408 5535 ·⁴
454 5501 500 5537 ⁸³
536 5505 638 5561 ἄλ.
670 5503 1212 5578 παραπεμφθέντων.

1694 5602 2087 5661 COMBEFISII
2112 5601 2342 5660 ΝΟΤιΕ.

418 5768 428 5778 .
458 5695 571 5767 (90)
593 5696 757 5778 Illam
812 5714 844 5752 a
878 5704 1047 5778 morte
1068 5707 1389 5778 furentem
1425 5697 1835 5778 corruptionem.
1878 5696 1969 5751 Sic

382 5767 880 5849 circumloquimu'r
925 5768 1023 5849 ab,
1064 5767 1397 5849 διαφθορὰν,
1450 5772 1596 5839 quod
1632 5768 1806 5823 saneti
1857 5781 1959 5820 nvn

388 5837 683 5896 admittunt
721 5839 775 5893 in
820 5838 1027 5895 Christi
1074 5848 1127 5895 et
1163 5837 1345 5895 Mariae
1387 5837 1571 5908 carne,
1597 5839 1753 5910 juxta
1794 5838 1958 5894 verba

2075 5694 2225 5749 Psal.
2268 5709 2336 5748 xv
2368 5692 2538 5747 relata
2589 5690 2644 5745 in
2674 5687 2958 5744 Christum
3008 5699 3037 5738 a
3070 5682 3136 5737 D.
3175 5681 3336 5735 Petro
3357 5678 3477 5732 Act.
3517 5690 3575 5736 ιι.
3603 5676 3657 5729 in

2076 5782 2179 5834 qua
2209 5776 2414 5829 tamen,
2446 5778 2554 5817 non
2576 5770 2676 5834 “est
2704 5758 3014 5830 negandum
3048 5755 3109 5808 τὸ
3139 5752 3352 5834 φθοράξ
3378 5756 3433 5830 et
3461 5762 3655 5834 corr-Iu-

2068 5819 2185 5907 ptio
2217 5819 2431 5907 aliqua,
2457 5832 2639 5904 qualis
2671 5842 2721 5887 ct
2759 5819 2937 5887 n'iortc
2969 5836 3019 5884 et
3051 5819 3310 5897 passione
3339 5820 3471 5888 luit;
3510 5819 3661 5873 nulla
