  <div class='ocr_page' id='page_1' title='image "/cluster/home/n/w/nwhite01/storage/ocr_20150623/97/coo.31924054870013/573.png"; bbox 0 0 4012 6442; ppageno 0'>
   <div class='ocr_carea' id='block_1_1' title="bbox 412 416 556 484">
    <p class='ocr_par' dir='ltr' id='par_1_1' title="bbox 412 416 556 484">
     <span class='ocr_line' id='line_1_1' title="bbox 412 416 556 484; baseline -0.021 0"><span class='ocrx_word' id='word_1_1' title='bbox 412 416 556 484; x_wconf 75' lang='lat'><strong>1083</strong></span> 
     </span>
    </p>
   </div>
   <div class='ocr_carea' id='block_1_2' title="bbox 1614 389 2505 465">
    <p class='ocr_par' dir='ltr' id='par_1_2' title="bbox 1614 389 2505 465">
     <span class='ocr_line' id='line_1_2' title="bbox 1614 389 2505 465; baseline -0.015 -4"><span class='ocrx_word' id='word_1_2' title='bbox 1614 401 1676 461; x_wconf 89' lang='lat' dir='ltr'><strong>s.</strong></span> <span class='ocrx_word' id='word_1_3' title='bbox 1717 392 2046 457; x_wconf 66' lang='lat' dir='ltr'><strong>aneane</strong></span> <span class='ocrx_word' id='word_1_4' title='bbox 2082 389 2505 465; x_wconf 76' lang='lat' dir='ltr'><strong>CRETENSIS</strong></span> 
     </span>
    </p>
   </div>
   <div class='ocr_carea' id='block_1_3' title="bbox 3571 366 3712 438">
    <p class='ocr_par' dir='ltr' id='par_1_3' title="bbox 3571 366 3712 438">
     <span class='ocr_line' id='line_1_3' title="bbox 3571 366 3712 438; baseline -0.028 -1"><span class='ocrx_word' id='word_1_5' title='bbox 3571 366 3712 438; x_wconf 60' lang='lat'><strong>108‘</strong></span> 
     </span>
    </p>
   </div>
   <div class='ocr_carea' id='block_1_4' title="bbox 411 484 2021 590">
    <p class='ocr_par' dir='ltr' id='par_1_4' title="bbox 411 507 2006 590">
     <span class='ocr_line' id='line_1_4' title="bbox 411 507 2006 590; baseline -0.017 -1"><span class='ocrx_word' id='word_1_6' title='bbox 411 532 509 590; x_wconf 77' lang='lat' dir='ltr'><strong>sit.</strong></span> <span class='ocrx_word' id='word_1_7' title='bbox 541 521 700 586; x_wconf 77' lang='lat' dir='ltr'><strong>[laud</strong></span> <span class='ocrx_word' id='word_1_8' title='bbox 729 521 872 577; x_wconf 86' lang='lat' dir='ltr'><strong>enim</strong></span> <span class='ocrx_word' id='word_1_9' title='bbox 914 535 978 577; x_wconf 88' lang='lat' dir='ltr'><strong>ea</strong></span> <span class='ocrx_word' id='word_1_10' title='bbox 1031 516 1235 573; x_wconf 83' lang='lat' dir='ltr'><strong>Sancta</strong></span> <span class='ocrx_word' id='word_1_11' title='bbox 1276 511 1544 587; x_wconf 76' lang='lat' dir='ltr'><strong>attigerit.</strong></span> <span class='ocrx_word' id='word_1_12' title='bbox 1580 509 1759 564; x_wconf 76' lang='lat' dir='ltr'><strong>Vultis</strong></span> <span class='ocrx_word' id='word_1_13' title='bbox 1790 518 1847 563; x_wconf 85' lang='lat' dir='ltr'><strong>ut</strong></span> <span class='ocrx_word' id='word_1_14' title='bbox 1886 507 2006 578; x_wconf 82' lang='lat' dir='ltr'><strong>ejus</strong></span> 
     </span>
    </p>
   </div>
   <div class='ocr_carea' id='block_1_5' title="bbox 2128 484 3714 590">
    <p class='ocr_par' dir='ltr' id='par_1_5' title="bbox 2128 484 3714 576">
     <span class='ocr_line' id='line_1_5' title="bbox 2128 484 3714 576; baseline -0.012 -19"><span class='ocrx_word' id='word_1_15' title='bbox 2128 502 2323 576; x_wconf 71' lang='grc' dir='ltr'>ρθορὰν</span> <span class='ocrx_word' id='word_1_16' title='bbox 2352 499 2563 570; x_wconf 78' lang='grc' dir='ltr'><strong>ἀπέδρα</strong></span> <span class='ocrx_word' id='word_1_17' title='bbox 2596 497 2658 550; x_wconf 68' lang='grc' dir='ltr'>τὸ</span> <span class='ocrx_word' id='word_1_18' title='bbox 2687 494 3018 566; x_wconf 71' lang='grc' dir='ltr'>τυμὸευθέψ</span> <span class='ocrx_word' id='word_1_19' title='bbox 3052 493 3101 547; x_wconf 80' lang='grc' dir='ltr'><strong>ει</strong></span> <span class='ocrx_word' id='word_1_20' title='bbox 3132 491 3207 562; x_wconf 82' lang='grc' dir='ltr'>μὴ</span> <span class='ocrx_word' id='word_1_21' title='bbox 3239 486 3513 560; x_wconf 73' lang='grc' dir='ltr'>μετετέθη</span> <span class='ocrx_word' id='word_1_22' title='bbox 3554 487 3585 540; x_wconf 75' lang='grc' dir='ltr'>ὁ</span> <span class='ocrx_word' id='word_1_23' title='bbox 3613 484 3714 556; x_wconf 65' lang='grc' dir='ltr'>θηη</span> 
     </span>
    </p>
   </div>
   <div class='ocr_carea' id='block_1_6' title="bbox 380 600 2002 688">
    <p class='ocr_par' dir='ltr' id='par_1_6' title="bbox 380 600 2002 688">
     <span class='ocr_line' id='line_1_6' title="bbox 380 600 2002 688; baseline -0.017 -10"><span class='ocrx_word' id='word_1_24' title='bbox 380 612 493 677; x_wconf 77' lang='grc' dir='ltr'><strong>’τοὶ</strong></span> <span class='ocrx_word' id='word_1_25' title='bbox 557 615 941 688; x_wconf 79' lang='lat' dir='ltr'><strong>probationem</strong></span> <span class='ocrx_word' id='word_1_26' title='bbox 997 607 1265 666; x_wconf 80' lang='lat' dir='ltr'><strong>edicam?</strong></span> <span class='ocrx_word' id='word_1_27' title='bbox 1298 607 1398 670; x_wconf 88' lang='lat' dir='ltr'><strong>Ac,</strong></span> <span class='ocrx_word' id='word_1_28' title='bbox 1437 618 1647 676; x_wconf 62' lang='lat' dir='ltr'><strong>quaeso,</strong></span> <span class='ocrx_word' id='word_1_29' title='bbox 1697 600 2002 656; x_wconf 89' lang='lat' dir='ltr'><strong>astantium</strong></span> 
     </span>
    </p>
   </div>
   <div class='ocr_carea' id='block_1_7' title="bbox 414 692 2002 768">
    <p class='ocr_par' dir='ltr' id='par_1_7' title="bbox 414 692 2002 768">
     <span class='ocr_line' id='line_1_7' title="bbox 414 692 2002 768; baseline -0.014 -1"><span class='ocrx_word' id='word_1_30' title='bbox 414 724 577 768; x_wconf 87' lang='lat' dir='ltr'><strong>nemo</strong></span> <span class='ocrx_word' id='word_1_31' title='bbox 624 710 1038 761; x_wconf 71' lang='lat' dir='ltr'><strong>monumentum</strong></span> <span class='ocrx_word' id='word_1_32' title='bbox 1106 713 1341 753; x_wconf 88' lang='lat' dir='ltr'><strong>vacuum</strong></span> <span class='ocrx_word' id='word_1_33' title='bbox 1385 697 1499 750; x_wconf 92' lang='lat' dir='ltr'><strong>ullo</strong></span> <span class='ocrx_word' id='word_1_34' title='bbox 1550 694 1714 749; x_wconf 89' lang='lat' dir='ltr'><strong>modo</strong></span> <span class='ocrx_word' id='word_1_35' title='bbox 1754 692 2002 746; x_wconf 76' lang='lat' dir='ltr'><strong>irrideat.</strong></span> 
     </span>
    </p>
   </div>
   <div class='ocr_carea' id='block_1_8' title="bbox 413 784 2008 873">
    <p class='ocr_par' dir='ltr' id='par_1_8' title="bbox 413 784 2008 873">
     <span class='ocr_line' id='line_1_8' title="bbox 413 784 2008 873; baseline -0.012 -17"><span class='ocrx_word' id='word_1_36' title='bbox 413 804 670 873; x_wconf 84' lang='lat' dir='ltr'><strong>Quaeram</strong></span> <span class='ocrx_word' id='word_1_37' title='bbox 707 796 878 860; x_wconf 86' lang='lat' dir='ltr'><strong>enim,</strong></span> <span class='ocrx_word' id='word_1_38' title='bbox 914 790 1207 861; x_wconf 85' lang='lat' dir='ltr'><strong>Quomodo</strong></span> <span class='ocrx_word' id='word_1_39' title='bbox 1241 787 1515 845; x_wconf 73' lang='lat' dir='ltr'><strong>defuncta:</strong></span> <span class='ocrx_word' id='word_1_40' title='bbox 1558 800 1760 856; x_wconf 90' lang='lat' dir='ltr'><strong>corpus</strong></span> <span class='ocrx_word' id='word_1_41' title='bbox 1806 784 2008 838; x_wconf 60' lang='lat' dir='ltr'><strong>obscnc</strong></span> 
     </span>
    </p>
   </div>
   <div class='ocr_carea' id='block_1_9' title="bbox 414 874 2007 959">
    <p class='ocr_par' dir='ltr' id='par_1_9' title="bbox 414 874 2007 959">
     <span class='ocr_line' id='line_1_9' title="bbox 414 874 2007 959; baseline -0.013 -12"><span class='ocrx_word' id='word_1_42' title='bbox 414 890 582 951; x_wconf 81' lang='lat' dir='ltr'><strong>rum?</strong></span> <span class='ocrx_word' id='word_1_43' title='bbox 630 886 924 959; x_wconf 84' lang='lat' dir='ltr'><strong>Quomodo</strong></span> <span class='ocrx_word' id='word_1_44' title='bbox 976 881 1308 957; x_wconf 88' lang='lat' dir='ltr'><strong>sepulcralia</strong></span> <span class='ocrx_word' id='word_1_45' title='bbox 1359 879 1565 935; x_wconf 89' lang='lat' dir='ltr'><strong>absunt</strong></span> <span class='ocrx_word' id='word_1_46' title='bbox 1614 875 1847 931; x_wconf 88' lang='lat' dir='ltr'><strong>loculis?</strong></span> <span class='ocrx_word' id='word_1_47' title='bbox 1900 874 2007 928; x_wconf 84' lang='lat' dir='ltr'><strong>nisi</strong></span> 
     </span>
    </p>
   </div>
   <div class='ocr_carea' id='block_1_10' title="bbox 418 965 2008 1056">
    <p class='ocr_par' dir='ltr' id='par_1_10' title="bbox 418 965 2008 1056">
     <span class='ocr_line' id='line_1_10' title="bbox 418 965 2008 1056; baseline -0.014 -14"><span class='ocrx_word' id='word_1_48' title='bbox 418 983 568 1056; x_wconf 89' lang='lat' dir='ltr'><strong>quod</strong></span> <span class='ocrx_word' id='word_1_49' title='bbox 618 980 723 1037; x_wconf 78' lang='lat' dir='ltr'><strong>fuit</strong></span> <span class='ocrx_word' id='word_1_50' title='bbox 759 978 1119 1041; x_wconf 87' lang='lat' dir='ltr'><strong>tumulatum,</strong></span> <span class='ocrx_word' id='word_1_51' title='bbox 1184 971 1596 1043; x_wconf 76' lang='lat' dir='ltr'><strong>corruptionem</strong></span> <span class='ocrx_word' id='word_1_52' title='bbox 1640 967 1860 1037; x_wconf 69' lang='lat' dir='ltr'><strong>eﬂ‘ugit;</strong></span> <span class='ocrx_word' id='word_1_53' title='bbox 1903 965 2008 1021; x_wconf 84' lang='lat' dir='ltr'><strong>nisi</strong></span> 
     </span>
    </p>
   </div>
   <div class='ocr_carea' id='block_1_11' title="bbox 418 1058 2009 1135">
    <p class='ocr_par' dir='ltr' id='par_1_11' title="bbox 418 1058 2009 1135">
     <span class='ocr_line' id='line_1_11' title="bbox 418 1058 2009 1135; baseline -0.013 -2"><span class='ocrx_word' id='word_1_54' title='bbox 418 1077 716 1135; x_wconf 73' lang='lat' dir='ltr'><strong>thesaurus</strong></span> <span class='ocrx_word' id='word_1_55' title='bbox 748 1071 1058 1126; x_wconf 89' lang='lat' dir='ltr'><strong>translatus</strong></span> <span class='ocrx_word' id='word_1_56' title='bbox 1097 1076 1201 1123; x_wconf 90' lang='lat' dir='ltr'><strong>est.</strong></span> <span class='ocrx_word' id='word_1_57' title='bbox 1238 1065 1336 1120; x_wconf 90' lang='lat' dir='ltr'><strong>Sin</strong></span> <span class='ocrx_word' id='word_1_58' title='bbox 1369 1073 1554 1119; x_wconf 86' lang='lat' dir='ltr'><strong>autem</strong></span> <span class='ocrx_word' id='word_1_59' title='bbox 1587 1063 1667 1117; x_wconf 91' lang='lat' dir='ltr'><strong>sic</strong></span> <span class='ocrx_word' id='word_1_60' title='bbox 1700 1061 1888 1125; x_wconf 87' lang='lat' dir='ltr'><strong>habet,</strong></span> <span class='ocrx_word' id='word_1_61' title='bbox 1915 1058 2009 1128; x_wconf 88' lang='lat' dir='ltr'><strong>qui</strong></span> 
     </span>
    </p>
   </div>
   <div class='ocr_carea' id='block_1_12' title="bbox 419 1160 2013 1232">
    <p class='ocr_par' dir='ltr' id='par_1_12' title="bbox 419 1160 2013 1232">
     <span class='ocr_line' id='line_1_12' title="bbox 419 1160 2013 1232; baseline -0.013 -7"><span class='ocrx_word' id='word_1_62' title='bbox 419 1185 529 1225; x_wconf 88' lang='lat' dir='ltr'><strong>non</strong></span> <span class='ocrx_word' id='word_1_63' title='bbox 563 1183 690 1223; x_wconf 87' lang='lat' dir='ltr'><strong>vera</strong></span> <span class='ocrx_word' id='word_1_64' title='bbox 735 1166 1046 1226; x_wconf 86' lang='lat' dir='ltr'><strong>translatio,</strong></span> <span class='ocrx_word' id='word_1_65' title='bbox 1104 1160 1332 1232; x_wconf 80' lang='lat' dir='ltr'><strong>quando</strong></span> <span class='ocrx_word' id='word_1_66' title='bbox 1385 1161 1550 1213; x_wconf 87' lang='lat' dir='ltr'><strong>etiam</strong></span> <span class='ocrx_word' id='word_1_67' title='bbox 1607 1160 2013 1211; x_wconf 87' lang='lat' dir='ltr'><strong>concurrerunt</strong></span> 
     </span>
    </p>
   </div>
   <div class='ocr_carea' id='block_1_13' title="bbox 419 1240 2013 1328">
    <p class='ocr_par' dir='ltr' id='par_1_13' title="bbox 419 1240 2013 1328">
     <span class='ocr_line' id='line_1_13' title="bbox 419 1240 2013 1328; baseline -0.01 -12"><span class='ocrx_word' id='word_1_68' title='bbox 419 1262 563 1328; x_wconf 86' lang='lat' dir='ltr'><strong>alia;</strong></span> <span class='ocrx_word' id='word_1_69' title='bbox 616 1261 878 1317; x_wconf 88' lang='lat' dir='ltr'><strong>nimirum</strong></span> <span class='ocrx_word' id='word_1_70' title='bbox 922 1258 1120 1311; x_wconf 64' lang='lat' dir='ltr'><strong>animm</strong></span> <span class='ocrx_word' id='word_1_71' title='bbox 1180 1269 1209 1307; x_wconf 90' lang='lat' dir='ltr'><strong>a</strong></span> <span class='ocrx_word' id='word_1_72' title='bbox 1255 1266 1491 1322; x_wconf 85' lang='lat' dir='ltr'><strong>corpore</strong></span> <span class='ocrx_word' id='word_1_73' title='bbox 1552 1240 1789 1311; x_wconf 83' lang='lat' dir='ltr'><strong>divisio,</strong></span> <span class='ocrx_word' id='word_1_74' title='bbox 1826 1245 2013 1300; x_wconf 77' lang='lat' dir='ltr'><strong>carnis</strong></span> 
     </span>
    </p>
   </div>
   <div class='ocr_carea' id='block_1_14' title="bbox 422 1340 2019 1421">
    <p class='ocr_par' dir='ltr' id='par_1_14' title="bbox 422 1340 2019 1421">
     <span class='ocr_line' id='line_1_14' title="bbox 422 1340 2019 1421; baseline -0.011 -13"><span class='ocrx_word' id='word_1_75' title='bbox 422 1353 718 1421; x_wconf 74' lang='lat' dir='ltr'><strong>depositio,</strong></span> <span class='ocrx_word' id='word_1_76' title='bbox 772 1348 1196 1419; x_wconf 76' lang='lat' dir='ltr'><strong>compositionis</strong></span> <span class='ocrx_word' id='word_1_77' title='bbox 1254 1346 1479 1407; x_wconf 76' lang='lat' dir='ltr'><strong>solutio,</strong></span> <span class='ocrx_word' id='word_1_78' title='bbox 1536 1340 1841 1411; x_wconf 74' lang='lat' dir='ltr'><strong>disiunctio</strong></span> <span class='ocrx_word' id='word_1_79' title='bbox 1888 1353 2019 1408; x_wconf 85' lang='lat' dir='ltr'><strong>par-</strong></span> 
     </span>
    </p>
   </div>
   <div class='ocr_carea' id='block_1_15' title="bbox 422 1431 2017 1508">
    <p class='ocr_par' dir='ltr' id='par_1_15' title="bbox 422 1431 2017 1508">
     <span class='ocr_line' id='line_1_15' title="bbox 422 1431 2017 1508; baseline -0.009 -10"><span class='ocrx_word' id='word_1_80' title='bbox 422 1444 585 1506; x_wconf 87' lang='lat' dir='ltr'><strong>tium,</strong></span> <span class='ocrx_word' id='word_1_81' title='bbox 635 1442 923 1506; x_wconf 85' lang='lat' dir='ltr'><strong>resolutio,</strong></span> <span class='ocrx_word' id='word_1_82' title='bbox 978 1438 1317 1508; x_wconf 78' lang='lat' dir='ltr'><strong>conjunctio,</strong></span> <span class='ocrx_word' id='word_1_83' title='bbox 1360 1435 1694 1504; x_wconf 88' lang='lat' dir='ltr'><strong>compactio,</strong></span> <span class='ocrx_word' id='word_1_84' title='bbox 1737 1446 1801 1486; x_wconf 88' lang='lat' dir='ltr'><strong>ac</strong></span> <span class='ocrx_word' id='word_1_85' title='bbox 1858 1431 2017 1486; x_wconf 54' lang='lat' dir='ltr'><strong>deni-</strong></span> 
     </span>
    </p>
   </div>
   <div class='ocr_carea' id='block_1_16' title="bbox 422 1525 2017 1609">
    <p class='ocr_par' dir='ltr' id='par_1_16' title="bbox 422 1525 2017 1609">
     <span class='ocr_line' id='line_1_16' title="bbox 422 1525 2017 1609; baseline -0.008 -17"><span class='ocrx_word' id='word_1_86' title='bbox 422 1553 530 1609; x_wconf 89' lang='lat' dir='ltr'><strong>que</strong></span> <span class='ocrx_word' id='word_1_87' title='bbox 584 1537 639 1590; x_wconf 91' lang='lat' dir='ltr'><strong>in</strong></span> <span class='ocrx_word' id='word_1_88' title='bbox 697 1536 999 1590; x_wconf 83' lang='lat' dir='ltr'><strong>obscurum</strong></span> <span class='ocrx_word' id='word_1_89' title='bbox 1082 1527 1428 1585; x_wconf 80' lang='lat' dir='ltr'><strong>subduetio?</strong></span> <span class='ocrx_word' id='word_1_90' title='bbox 1489 1525 1705 1596; x_wconf 86' lang='lat' dir='ltr'><strong>Quippe</strong></span> <span class='ocrx_word' id='word_1_91' title='bbox 1751 1526 2017 1580; x_wconf 85' lang='lat' dir='ltr'><strong>hactenus</strong></span> 
     </span>
    </p>
   </div>
   <div class='ocr_carea' id='block_1_17' title="bbox 424 1617 2016 1699">
    <p class='ocr_par' dir='ltr' id='par_1_17' title="bbox 424 1617 2016 1699">
     <span class='ocr_line' id='line_1_17' title="bbox 424 1617 2016 1699; baseline -0.009 -14"><span class='ocrx_word' id='word_1_92' title='bbox 424 1630 741 1699; x_wconf 79' lang='lat' dir='ltr'><strong>sepulcrum</strong></span> <span class='ocrx_word' id='word_1_93' title='bbox 804 1639 1036 1679; x_wconf 84' lang='lat' dir='ltr'><strong>vacuum</strong></span> <span class='ocrx_word' id='word_1_94' title='bbox 1104 1630 1311 1685; x_wconf 86' lang='lat' dir='ltr'><strong>manet,</strong></span> <span class='ocrx_word' id='word_1_95' title='bbox 1388 1620 1566 1690; x_wconf 86' lang='lat' dir='ltr'><strong>ipsum</strong></span> <span class='ocrx_word' id='word_1_96' title='bbox 1636 1617 2016 1674; x_wconf 90' lang='lat' dir='ltr'><strong>testimonium</strong></span> 
     </span>
    </p>
   </div>
   <div class='ocr_carea' id='block_1_18' title="bbox 427 1708 2018 1793">
    <p class='ocr_par' dir='ltr' id='par_1_18' title="bbox 427 1708 2018 1793">
     <span class='ocr_line' id='line_1_18' title="bbox 427 1708 2018 1793; baseline -0.008 -18"><span class='ocrx_word' id='word_1_97' title='bbox 427 1722 658 1782; x_wconf 85' lang='lat' dir='ltr'><strong>habens,</strong></span> <span class='ocrx_word' id='word_1_98' title='bbox 703 1716 961 1788; x_wconf 75' lang='lat' dir='ltr'><strong>quodque</strong></span> <span class='ocrx_word' id='word_1_99' title='bbox 1012 1716 1296 1793; x_wconf 63' lang='lat' dir='ltr'><strong>translatae</strong></span> <span class='ocrx_word' id='word_1_100' title='bbox 1342 1712 1661 1768; x_wconf 89' lang='lat' dir='ltr'><strong>testimonio</strong></span> <span class='ocrx_word' id='word_1_101' title='bbox 1716 1710 1809 1766; x_wconf 91' lang='lat' dir='ltr'><strong>sit.</strong></span> <span class='ocrx_word' id='word_1_102' title='bbox 1859 1708 2018 1764; x_wconf 77' lang='lat' dir='ltr'><strong>[laud</strong></span> 
     </span>
    </p>
   </div>
   <div class='ocr_carea' id='block_1_19' title="bbox 427 1800 2018 1877">
    <p class='ocr_par' dir='ltr' id='par_1_19' title="bbox 427 1800 2018 1877">
     <span class='ocr_line' id='line_1_19' title="bbox 427 1800 2018 1877; baseline -0.008 -11"><span class='ocrx_word' id='word_1_103' title='bbox 427 1811 555 1866; x_wconf 90' lang='lat' dir='ltr'><strong>novi</strong></span> <span class='ocrx_word' id='word_1_104' title='bbox 608 1810 771 1876; x_wconf 88' lang='lat' dir='ltr'><strong>satis,</strong></span> <span class='ocrx_word' id='word_1_105' title='bbox 828 1823 897 1861; x_wconf 86' lang='lat' dir='ltr'><strong>an</strong></span> <span class='ocrx_word' id='word_1_106' title='bbox 950 1808 1198 1877; x_wconf 86' lang='lat' dir='ltr'><strong>partibus</strong></span> <span class='ocrx_word' id='word_1_107' title='bbox 1251 1804 1305 1858; x_wconf 91' lang='lat' dir='ltr'><strong>in</strong></span> <span class='ocrx_word' id='word_1_108' title='bbox 1363 1818 1529 1859; x_wconf 87' lang='lat' dir='ltr'><strong>unam</strong></span> <span class='ocrx_word' id='word_1_109' title='bbox 1595 1800 2018 1875; x_wconf 89' lang='lat' dir='ltr'><strong>compositionis</strong></span> 
     </span>
    </p>
   </div>
   <div class='ocr_carea' id='block_1_20' title="bbox 429 1895 2020 1963">
    <p class='ocr_par' dir='ltr' id='par_1_20' title="bbox 429 1895 2020 1963">
     <span class='ocr_line' id='line_1_20' title="bbox 429 1895 2020 1963; baseline -0.004 -6"><span class='ocrx_word' id='word_1_110' title='bbox 429 1902 835 1957; x_wconf 79' lang='lat' dir='ltr'><strong>concretionem</strong></span> <span class='ocrx_word' id='word_1_111' title='bbox 874 1899 1068 1953; x_wconf 89' lang='lat' dir='ltr'><strong>iterum</strong></span> <span class='ocrx_word' id='word_1_112' title='bbox 1117 1896 1487 1963; x_wconf 86' lang='lat' dir='ltr'><strong>coeuntibus;</strong></span> <span class='ocrx_word' id='word_1_113' title='bbox 1522 1909 1646 1949; x_wconf 87' lang='lat' dir='ltr'><strong>nam</strong></span> <span class='ocrx_word' id='word_1_114' title='bbox 1693 1905 1748 1950; x_wconf 87' lang='lat' dir='ltr'><strong>et</strong></span> <span class='ocrx_word' id='word_1_115' title='bbox 1796 1895 1850 1949; x_wconf 94' lang='lat' dir='ltr'><strong>in</strong></span> <span class='ocrx_word' id='word_1_116' title='bbox 1899 1896 2020 1951; x_wconf 85' lang='lat' dir='ltr'><strong>istis</strong></span> 
     </span>
    </p>
   </div>
   <div class='ocr_carea' id='block_1_21' title="bbox 429 1985 2022 2061">
    <p class='ocr_par' dir='ltr' id='par_1_21' title="bbox 429 1985 2022 2061">
     <span class='ocr_line' id='line_1_21' title="bbox 429 1985 2022 2061; baseline -0.004 -14"><span class='ocrx_word' id='word_1_117' title='bbox 429 1991 679 2047; x_wconf 87' lang='lat' dir='ltr'><strong>nonnihil</strong></span> <span class='ocrx_word' id='word_1_118' title='bbox 729 1989 1192 2061; x_wconf 87' lang='lat' dir='ltr'><strong>philosophabor,</strong></span> <span class='ocrx_word' id='word_1_119' title='bbox 1242 1995 1302 2042; x_wconf 93' lang='lat' dir='ltr'><strong>ut</strong></span> <span class='ocrx_word' id='word_1_120' title='bbox 1350 1986 1429 2042; x_wconf 87' lang='lat' dir='ltr'><strong>ita</strong></span> <span class='ocrx_word' id='word_1_121' title='bbox 1477 1985 1621 2041; x_wconf 82' lang='lat' dir='ltr'><strong>forte</strong></span> <span class='ocrx_word' id='word_1_122' title='bbox 1659 2000 1864 2042; x_wconf 89' lang='lat' dir='ltr'><strong>arcano</strong></span> <span class='ocrx_word' id='word_1_123' title='bbox 1907 2002 2022 2041; x_wconf 68' lang='lat' dir='ltr'><strong>sua:</strong></span> 
     </span>
    </p>
   </div>
   <div class='ocr_carea' id='block_1_22' title="bbox 429 2079 2018 2154">
    <p class='ocr_par' dir='ltr' id='par_1_22' title="bbox 429 2079 2018 2154">
     <span class='ocr_line' id='line_1_22' title="bbox 429 2079 2018 2154; baseline -0.001 -18"><span class='ocrx_word' id='word_1_124' title='bbox 429 2084 728 2139; x_wconf 74' lang='lat' dir='ltr'><strong>voluntatis</strong></span> <span class='ocrx_word' id='word_1_125' title='bbox 757 2083 992 2139; x_wconf 90' lang='lat' dir='ltr'><strong>consilio</strong></span> <span class='ocrx_word' id='word_1_126' title='bbox 1029 2080 1292 2154; x_wconf 78' lang='lat' dir='ltr'><strong>cogitarit</strong></span> <span class='ocrx_word' id='word_1_127' title='bbox 1323 2079 1507 2152; x_wconf 73' lang='lat' dir='ltr'><strong>opifex</strong></span> <span class='ocrx_word' id='word_1_128' title='bbox 1551 2081 1694 2137; x_wconf 85' lang='lat' dir='ltr'><strong>Deus</strong></span> <span class='ocrx_word' id='word_1_129' title='bbox 1735 2087 2018 2151; x_wconf 87' lang='lat' dir='ltr'><strong>parentem</strong></span> 
     </span>
    </p>
   </div>
   <div class='ocr_carea' id='block_1_23' title="bbox 428 2174 2023 2240">
    <p class='ocr_par' dir='ltr' id='par_1_23' title="bbox 428 2174 2023 2240">
     <span class='ocr_line' id='line_1_23' title="bbox 428 2174 2023 2240; baseline -0.002 -8"><span class='ocrx_word' id='word_1_130' title='bbox 428 2178 753 2233; x_wconf 89' lang='lat' dir='ltr'><strong>honorare:</strong></span> <span class='ocrx_word' id='word_1_131' title='bbox 805 2183 904 2230; x_wconf 90' lang='lat' dir='ltr'><strong>aut</strong></span> <span class='ocrx_word' id='word_1_132' title='bbox 963 2184 1111 2231; x_wconf 87' lang='lat' dir='ltr'><strong>certe</strong></span> <span class='ocrx_word' id='word_1_133' title='bbox 1162 2174 1336 2229; x_wconf 86' lang='lat' dir='ltr'><strong>altera</strong></span> <span class='ocrx_word' id='word_1_134' title='bbox 1400 2174 1558 2227; x_wconf 87' lang='lat' dir='ltr'><strong>alteri</strong></span> <span class='ocrx_word' id='word_1_135' title='bbox 1602 2174 1903 2240; x_wconf 83' lang='lat' dir='ltr'><strong>eminente,</strong></span> <span class='ocrx_word' id='word_1_136' title='bbox 1941 2182 2023 2229; x_wconf 85' lang='lat' dir='ltr'><strong>at-</strong></span> 
     </span>
    </p>
   </div>
   <div class='ocr_carea' id='block_1_24' title="bbox 428 2263 2022 2339">
    <p class='ocr_par' dir='ltr' id='par_1_24' title="bbox 428 2263 2022 2339">
     <span class='ocr_line' id='line_1_24' title="bbox 428 2263 2022 2339; baseline -0.002 -15"><span class='ocrx_word' id='word_1_137' title='bbox 428 2284 537 2339; x_wconf 92' lang='lat' dir='ltr'><strong>que</strong></span> <span class='ocrx_word' id='word_1_138' title='bbox 585 2267 660 2322; x_wconf 87' lang='lat' dir='ltr'><strong>ita</strong></span> <span class='ocrx_word' id='word_1_139' title='bbox 703 2276 763 2321; x_wconf 90' lang='lat' dir='ltr'><strong>ut</strong></span> <span class='ocrx_word' id='word_1_140' title='bbox 805 2282 835 2320; x_wconf 89' lang='lat' dir='ltr'><strong>a</strong></span> <span class='ocrx_word' id='word_1_141' title='bbox 878 2275 1067 2321; x_wconf 88' lang='lat' dir='ltr'><strong>mutua</strong></span> <span class='ocrx_word' id='word_1_142' title='bbox 1113 2266 1205 2320; x_wconf 87' lang='lat' dir='ltr'><strong>illa</strong></span> <span class='ocrx_word' id='word_1_143' title='bbox 1260 2263 1655 2335; x_wconf 78' lang='lat' dir='ltr'><strong>disiunctione,</strong></span> <span class='ocrx_word' id='word_1_144' title='bbox 1704 2268 1875 2322; x_wconf 85' lang='lat' dir='ltr'><strong>altera</strong></span> <span class='ocrx_word' id='word_1_145' title='bbox 1911 2269 2022 2323; x_wconf 86' lang='lat' dir='ltr'><strong>vel-</strong></span> 
     </span>
    </p>
   </div>
   <div class='ocr_carea' id='block_1_25' title="bbox 428 2356 2019 2425">
    <p class='ocr_par' dir='ltr' id='par_1_25' title="bbox 428 2356 2019 2425">
     <span class='ocr_line' id='line_1_25' title="bbox 428 2356 2019 2425; baseline 0 -12"><span class='ocrx_word' id='word_1_146' title='bbox 428 2368 490 2419; x_wconf 88' lang='lat' dir='ltr'><strong>ut</strong></span> <span class='ocrx_word' id='word_1_147' title='bbox 527 2359 825 2415; x_wconf 81' lang='lat' dir='ltr'><strong>extrariam</strong></span> <span class='ocrx_word' id='word_1_148' title='bbox 856 2365 913 2413; x_wconf 90' lang='lat' dir='ltr'><strong>et</strong></span> <span class='ocrx_word' id='word_1_149' title='bbox 942 2358 1090 2412; x_wconf 89' lang='lat' dir='ltr'><strong>ultra</strong></span> <span class='ocrx_word' id='word_1_150' title='bbox 1123 2356 1282 2425; x_wconf 75' lang='lat' dir='ltr'><strong>lines,</strong></span> <span class='ocrx_word' id='word_1_151' title='bbox 1316 2357 1488 2412; x_wconf 87' lang='lat' dir='ltr'><strong>altera</strong></span> <span class='ocrx_word' id='word_1_152' title='bbox 1538 2357 1808 2412; x_wconf 85' lang='lat' dir='ltr'><strong>conﬁnem</strong></span> <span class='ocrx_word' id='word_1_153' title='bbox 1834 2360 2019 2414; x_wconf 79' lang='lat' dir='ltr'><strong>sedem</strong></span> 
     </span>
    </p>
   </div>
   <div class='ocr_carea' id='block_1_26' title="bbox 430 2450 2024 2522">
    <p class='ocr_par' dir='ltr' id='par_1_26' title="bbox 430 2450 2024 2522">
     <span class='ocr_line' id='line_1_26' title="bbox 430 2450 2024 2522; baseline 0.002 -17"><span class='ocrx_word' id='word_1_154' title='bbox 430 2451 628 2505; x_wconf 90' lang='lat' dir='ltr'><strong>sortita</strong></span> <span class='ocrx_word' id='word_1_155' title='bbox 675 2451 786 2506; x_wconf 91' lang='lat' dir='ltr'><strong>sit:</strong></span> <span class='ocrx_word' id='word_1_156' title='bbox 814 2459 909 2505; x_wconf 89' lang='lat' dir='ltr'><strong>aut</strong></span> <span class='ocrx_word' id='word_1_157' title='bbox 938 2450 1184 2521; x_wconf 89' lang='lat' dir='ltr'><strong>denique</strong></span> <span class='ocrx_word' id='word_1_158' title='bbox 1219 2466 1361 2506; x_wconf 90' lang='lat' dir='ltr'><strong>novo</strong></span> <span class='ocrx_word' id='word_1_159' title='bbox 1415 2451 1601 2522; x_wconf 87' lang='lat' dir='ltr'><strong>aliquo</strong></span> <span class='ocrx_word' id='word_1_160' title='bbox 1638 2466 1705 2508; x_wconf 87' lang='lat' dir='ltr'><strong>ac</strong></span> <span class='ocrx_word' id='word_1_161' title='bbox 1736 2452 2024 2508; x_wconf 81' lang='lat' dir='ltr'><strong>immutate</strong></span> 
     </span>
    </p>
   </div>
   <div class='ocr_carea' id='block_1_27' title="bbox 430 2542 2023 2608">
    <p class='ocr_par' dir='ltr' id='par_1_27' title="bbox 430 2542 2023 2608">
     <span class='ocr_line' id='line_1_27' title="bbox 430 2542 2023 2608; baseline 0.002 -12"><span class='ocrx_word' id='word_1_162' title='bbox 430 2542 655 2607; x_wconf 85' lang='lat' dir='ltr'><strong>ordine,</strong></span> <span class='ocrx_word' id='word_1_163' title='bbox 719 2542 1051 2598; x_wconf 83' lang='lat' dir='ltr'><strong>mirabiliter</strong></span> <span class='ocrx_word' id='word_1_164' title='bbox 1098 2543 1156 2597; x_wconf 87' lang='lat' dir='ltr'><strong>in</strong></span> <span class='ocrx_word' id='word_1_165' title='bbox 1184 2557 1248 2598; x_wconf 90' lang='lat' dir='ltr'><strong>ea</strong></span> <span class='ocrx_word' id='word_1_166' title='bbox 1289 2553 1688 2608; x_wconf 81' lang='lat' dir='ltr'><strong>concurrente,</strong></span> <span class='ocrx_word' id='word_1_167' title='bbox 1737 2554 1797 2598; x_wconf 90' lang='lat' dir='ltr'><strong>ut</strong></span> <span class='ocrx_word' id='word_1_168' title='bbox 1829 2560 2023 2600; x_wconf 87' lang='lat' dir='ltr'><strong>revera</strong></span> 
     </span>
    </p>
   </div>
   <div class='ocr_carea' id='block_1_28' title="bbox 429 2633 2026 2706">
    <p class='ocr_par' dir='ltr' id='par_1_28' title="bbox 429 2633 2026 2706">
     <span class='ocr_line' id='line_1_28' title="bbox 429 2633 2026 2706; baseline 0.002 -18"><span class='ocrx_word' id='word_1_169' title='bbox 429 2633 553 2702; x_wconf 89' lang='lat' dir='ltr'><strong>ejus</strong></span> <span class='ocrx_word' id='word_1_170' title='bbox 585 2647 673 2688; x_wconf 91' lang='lat' dir='ltr'><strong>res</strong></span> <span class='ocrx_word' id='word_1_171' title='bbox 701 2648 897 2691; x_wconf 90' lang='lat' dir='ltr'><strong>omnes</strong></span> <span class='ocrx_word' id='word_1_172' title='bbox 952 2634 1251 2689; x_wconf 85' lang='lat' dir='ltr'><strong>novitatem</strong></span> <span class='ocrx_word' id='word_1_173' title='bbox 1294 2634 1590 2701; x_wconf 85' lang='lat' dir='ltr'><strong>haberent,</strong></span> <span class='ocrx_word' id='word_1_174' title='bbox 1626 2650 1691 2690; x_wconf 89' lang='lat' dir='ltr'><strong>ac</strong></span> <span class='ocrx_word' id='word_1_175' title='bbox 1718 2637 1866 2690; x_wconf 88' lang='lat' dir='ltr'><strong>velut</strong></span> <span class='ocrx_word' id='word_1_176' title='bbox 1897 2651 2026 2706; x_wconf 88' lang='lat' dir='ltr'><strong>pro-</strong></span> 
     </span>
    </p>
   </div>
   <div class='ocr_carea' id='block_1_29' title="bbox 430 2725 2026 2798">
    <p class='ocr_par' dir='ltr' id='par_1_29' title="bbox 430 2725 2026 2798">
     <span class='ocr_line' id='line_1_29' title="bbox 430 2725 2026 2798; baseline 0.002 -19"><span class='ocrx_word' id='word_1_177' title='bbox 430 2725 610 2796; x_wconf 88' lang='lat' dir='ltr'><strong>priam</strong></span> <span class='ocrx_word' id='word_1_178' title='bbox 646 2741 677 2779; x_wconf 90' lang='lat' dir='ltr'><strong>a</strong></span> <span class='ocrx_word' id='word_1_179' title='bbox 710 2733 932 2794; x_wconf 88' lang='lat' dir='ltr'><strong>natura,</strong></span> <span class='ocrx_word' id='word_1_180' title='bbox 970 2729 1237 2783; x_wconf 90' lang='lat' dir='ltr'><strong>rationem</strong></span> <span class='ocrx_word' id='word_1_181' title='bbox 1263 2742 1432 2798; x_wconf 83' lang='lat' dir='ltr'><strong>supra</strong></span> <span class='ocrx_word' id='word_1_182' title='bbox 1459 2737 1715 2782; x_wconf 85' lang='lat' dir='ltr'><strong>naturam</strong></span> <span class='ocrx_word' id='word_1_183' title='bbox 1738 2729 2026 2783; x_wconf 79' lang='lat' dir='ltr'><strong>eximiam-</strong></span> 
     </span>
    </p>
   </div>
   <div class='ocr_carea' id='block_1_30' title="bbox 428 2821 2027 2891">
    <p class='ocr_par' dir='ltr' id='par_1_30' title="bbox 428 2821 2027 2891">
     <span class='ocr_line' id='line_1_30' title="bbox 428 2821 2027 2891; baseline 0.003 -19"><span class='ocrx_word' id='word_1_184' title='bbox 428 2834 560 2890; x_wconf 90' lang='lat' dir='ltr'><strong>que,</strong></span> <span class='ocrx_word' id='word_1_185' title='bbox 592 2826 856 2891; x_wconf 72' lang='lat' dir='ltr'><strong>tanquam</strong></span> <span class='ocrx_word' id='word_1_186' title='bbox 891 2821 1167 2874; x_wconf 88' lang='lat' dir='ltr'><strong>rationem</strong></span> <span class='ocrx_word' id='word_1_187' title='bbox 1206 2836 1426 2877; x_wconf 88' lang='lat' dir='ltr'><strong>omnem</strong></span> <span class='ocrx_word' id='word_1_188' title='bbox 1453 2830 1507 2876; x_wconf 91' lang='lat' dir='ltr'><strong>et</strong></span> <span class='ocrx_word' id='word_1_189' title='bbox 1534 2821 1828 2877; x_wconf 84' lang='lat' dir='ltr'><strong>scientiam</strong></span> <span class='ocrx_word' id='word_1_190' title='bbox 1862 2837 2027 2891; x_wconf 85' lang='lat' dir='ltr'><strong>supe-</strong></span> 
     </span>
    </p>
   </div>
   <div class='ocr_carea' id='block_1_31' title="bbox 430 2913 2023 2981">
    <p class='ocr_par' dir='ltr' id='par_1_31' title="bbox 430 2913 2023 2981">
     <span class='ocr_line' id='line_1_31' title="bbox 430 2913 2023 2981; baseline 0.003 -18"><span class='ocrx_word' id='word_1_191' title='bbox 430 2919 646 2973; x_wconf 82' lang='lat' dir='ltr'><strong>rantes,</strong></span> <span class='ocrx_word' id='word_1_192' title='bbox 703 2913 1036 2981; x_wconf 87' lang='lat' dir='ltr'><strong>reciperent.</strong></span> <span class='ocrx_word' id='word_1_193' title='bbox 1068 2913 1147 2967; x_wconf 82' lang='lat' dir='ltr'><strong>Ad</strong></span> <span class='ocrx_word' id='word_1_194' title='bbox 1188 2913 1325 2968; x_wconf 79' lang='lat' dir='ltr'><strong>illud</strong></span> <span class='ocrx_word' id='word_1_195' title='bbox 1357 2928 1458 2969; x_wconf 89' lang='lat' dir='ltr'><strong>nos</strong></span> <span class='ocrx_word' id='word_1_196' title='bbox 1518 2914 2023 2968; x_wconf 79' lang='lat' dir='ltr'><strong>instructissimum</strong></span> 
     </span>
    </p>
   </div>
   <div class='ocr_carea' id='block_1_32' title="bbox 429 3004 2026 3078">
    <p class='ocr_par' dir='ltr' id='par_1_32' title="bbox 429 3004 2026 3078">
     <span class='ocr_line' id='line_1_32' title="bbox 429 3004 2026 3078; baseline 0.001 -21"><span class='ocrx_word' id='word_1_197' title='bbox 429 3018 748 3059; x_wconf 89' lang='lat' dir='ltr'><strong>sermonum</strong></span> <span class='ocrx_word' id='word_1_198' title='bbox 798 3007 1047 3078; x_wconf 89' lang='lat' dir='ltr'><strong>epulum,</strong></span> <span class='ocrx_word' id='word_1_199' title='bbox 1115 3005 1402 3063; x_wconf 81' lang='lat' dir='ltr'><strong>Sermonis</strong></span> <span class='ocrx_word' id='word_1_200' title='bbox 1449 3007 1541 3061; x_wconf 89' lang='lat' dir='ltr'><strong>illa</strong></span> <span class='ocrx_word' id='word_1_201' title='bbox 1594 3020 1766 3061; x_wconf 90' lang='lat' dir='ltr'><strong>carne</strong></span> <span class='ocrx_word' id='word_1_202' title='bbox 1852 3004 2026 3059; x_wconf 77' lang='lat' dir='ltr'><strong>Mater</strong></span> 
     </span>
    </p>
   </div>
   <div class='ocr_carea' id='block_1_33' title="bbox 429 3094 2025 3169">
    <p class='ocr_par' dir='ltr' id='par_1_33' title="bbox 429 3094 2025 3169">
     <span class='ocr_line' id='line_1_33' title="bbox 429 3094 2025 3169; baseline 0.003 -23"><span class='ocrx_word' id='word_1_203' title='bbox 429 3094 668 3161; x_wconf 86' lang='lat' dir='ltr'><strong>invitat;</strong></span> <span class='ocrx_word' id='word_1_204' title='bbox 706 3097 936 3169; x_wconf 80' lang='lat' dir='ltr'><strong>ipsaque</strong></span> <span class='ocrx_word' id='word_1_205' title='bbox 968 3112 1117 3154; x_wconf 87' lang='lat' dir='ltr'><strong>nunc</strong></span> <span class='ocrx_word' id='word_1_206' title='bbox 1155 3099 1355 3169; x_wconf 83' lang='lat' dir='ltr'><strong>regalis</strong></span> <span class='ocrx_word' id='word_1_207' title='bbox 1392 3113 1581 3154; x_wconf 84' lang='lat' dir='ltr'><strong>mensa</strong></span> <span class='ocrx_word' id='word_1_208' title='bbox 1620 3108 1675 3154; x_wconf 88' lang='lat' dir='ltr'><strong>et</strong></span> <span class='ocrx_word' id='word_1_209' title='bbox 1706 3113 2025 3153; x_wconf 88' lang='lat' dir='ltr'><strong>sermonum</strong></span> 
     </span>
    </p>
   </div>
   <div class='ocr_carea' id='block_1_34' title="bbox 430 3192 2104 3290">
    <p class='ocr_par' dir='ltr' id='par_1_34' title="bbox 430 3192 2104 3290">
     <span class='ocr_line' id='line_1_34' title="bbox 430 3192 2104 3290; baseline 0.001 -48"><span class='ocrx_word' id='word_1_210' title='bbox 430 3192 687 3259; x_wconf 73' lang='lat' dir='ltr'><strong>materia,</strong></span> <span class='ocrx_word' id='word_1_211' title='bbox 724 3194 1101 3262; x_wconf 73' lang='lat' dir='ltr'><strong>perfecturum</strong></span> <span class='ocrx_word' id='word_1_212' title='bbox 1135 3208 1166 3248; x_wconf 86' lang='lat' dir='ltr'><strong>a</strong></span> <span class='ocrx_word' id='word_1_213' title='bbox 1201 3193 1310 3250; x_wconf 91' lang='lat' dir='ltr'><strong>Deo</strong></span> <span class='ocrx_word' id='word_1_214' title='bbox 1339 3201 1825 3253; x_wconf 81' lang='lat' dir='ltr'><strong>sacramentorum</strong></span> <span class='ocrx_word' id='word_1_215' title='bbox 1858 3193 2026 3247; x_wconf 90' lang='lat' dir='ltr'><strong>uber-</strong></span> <span class='ocrx_word' id='word_1_216' title='bbox 2057 3228 2104 3290; x_wconf 67' lang='grc' dir='ltr'>Ο</span> 
     </span>
    </p>
   </div>
   <div class='ocr_carea' id='block_1_35' title="bbox 429 3288 2029 3361">
    <p class='ocr_par' dir='ltr' id='par_1_35' title="bbox 429 3288 2029 3361">
     <span class='ocr_line' id='line_1_35' title="bbox 429 3288 2029 3361; baseline -0.001 -19"><span class='ocrx_word' id='word_1_217' title='bbox 429 3296 543 3342; x_wconf 89' lang='lat' dir='ltr'><strong>tate</strong></span> <span class='ocrx_word' id='word_1_218' title='bbox 586 3289 928 3352; x_wconf 83' lang='lat' dir='ltr'><strong>exuberans,</strong></span> <span class='ocrx_word' id='word_1_219' title='bbox 987 3291 1276 3361; x_wconf 84' lang='lat' dir='ltr'><strong>proposita</strong></span> <span class='ocrx_word' id='word_1_220' title='bbox 1334 3298 1440 3346; x_wconf 90' lang='lat' dir='ltr'><strong>est.</strong></span> <span class='ocrx_word' id='word_1_221' title='bbox 1510 3288 1686 3343; x_wconf 86' lang='lat' dir='ltr'><strong>Tanta</strong></span> <span class='ocrx_word' id='word_1_222' title='bbox 1742 3304 1907 3360; x_wconf 89' lang='lat' dir='ltr'><strong>porro</strong></span> <span class='ocrx_word' id='word_1_223' title='bbox 1938 3288 2029 3342; x_wconf 80' lang='lat' dir='ltr'><strong>illa</strong></span> 
     </span>
    </p>
   </div>
   <div class='ocr_carea' id='block_1_36' title="bbox 429 3378 2031 3452">
    <p class='ocr_par' dir='ltr' id='par_1_36' title="bbox 429 3378 2031 3452">
     <span class='ocr_line' id='line_1_36' title="bbox 429 3378 2031 3452; baseline 0.003 -22"><span class='ocrx_word' id='word_1_224' title='bbox 429 3378 747 3449; x_wconf 88' lang='lat' dir='ltr'><strong>splendoris</strong></span> <span class='ocrx_word' id='word_1_225' title='bbox 796 3380 1047 3445; x_wconf 76' lang='lat' dir='ltr'><strong>claritas,</strong></span> <span class='ocrx_word' id='word_1_226' title='bbox 1093 3388 1149 3436; x_wconf 88' lang='lat' dir='ltr'><strong>et</strong></span> <span class='ocrx_word' id='word_1_227' title='bbox 1201 3397 1325 3452; x_wconf 65' lang='lat' dir='ltr'><strong>qua:</strong></span> <span class='ocrx_word' id='word_1_228' title='bbox 1386 3380 1554 3436; x_wconf 90' lang='lat' dir='ltr'><strong>etiam</strong></span> <span class='ocrx_word' id='word_1_229' title='bbox 1612 3380 1724 3435; x_wconf 87' lang='lat' dir='ltr'><strong>vim</strong></span> <span class='ocrx_word' id='word_1_230' title='bbox 1751 3379 2031 3435; x_wconf 91' lang='lat' dir='ltr'><strong>sermonis</strong></span> 
     </span>
    </p>
   </div>
   <div class='ocr_carea' id='block_1_37' title="bbox 428 3467 2031 3538">
    <p class='ocr_par' dir='ltr' id='par_1_37' title="bbox 428 3467 2031 3538">
     <span class='ocr_line' id='line_1_37' title="bbox 428 3467 2031 3538; baseline 0.004 -18"><span class='ocrx_word' id='word_1_231' title='bbox 428 3467 590 3537; x_wconf 78' lang='lat' dir='ltr'><strong>longe</strong></span> <span class='ocrx_word' id='word_1_232' title='bbox 634 3477 881 3538; x_wconf 87' lang='lat' dir='ltr'><strong>superet.</strong></span> <span class='ocrx_word' id='word_1_233' title='bbox 926 3469 1050 3525; x_wconf 83' lang='lat' dir='ltr'><strong>festi</strong></span> <span class='ocrx_word' id='word_1_234' title='bbox 1080 3471 1385 3525; x_wconf 87' lang='lat' dir='ltr'><strong>amantium</strong></span> <span class='ocrx_word' id='word_1_235' title='bbox 1442 3472 1627 3526; x_wconf 90' lang='lat' dir='ltr'><strong>vultus</strong></span> <span class='ocrx_word' id='word_1_236' title='bbox 1665 3470 2031 3536; x_wconf 82' lang='lat' dir='ltr'><strong>collustrans,</strong></span> 
     </span>
    </p>
   </div>
   <div class='ocr_carea' id='block_1_38' title="bbox 427 3558 2030 3635">
    <p class='ocr_par' dir='ltr' id='par_1_38' title="bbox 427 3558 2030 3635">
     <span class='ocr_line' id='line_1_38' title="bbox 427 3558 2030 3635; baseline 0.002 -22"><span class='ocrx_word' id='word_1_237' title='bbox 427 3558 532 3614; x_wconf 88' lang='lat' dir='ltr'><strong>diei</strong></span> <span class='ocrx_word' id='word_1_238' title='bbox 574 3560 858 3617; x_wconf 78' lang='lat' dir='ltr'><strong>hodiernze</strong></span> <span class='ocrx_word' id='word_1_239' title='bbox 917 3563 1111 3619; x_wconf 80' lang='lat' dir='ltr'><strong>[aciem</strong></span> <span class='ocrx_word' id='word_1_240' title='bbox 1146 3574 1383 3619; x_wconf 89' lang='lat' dir='ltr'><strong>recreat.</strong></span> <span class='ocrx_word' id='word_1_241' title='bbox 1412 3563 1547 3619; x_wconf 90' lang='lat' dir='ltr'><strong>Sum</strong></span> <span class='ocrx_word' id='word_1_242' title='bbox 1593 3579 1694 3635; x_wconf 77' lang='lat' dir='ltr'><strong>ego</strong></span> <span class='ocrx_word' id='word_1_243' title='bbox 1732 3564 1898 3632; x_wconf 83' lang='lat' dir='ltr'><strong>hujus</strong></span> <span class='ocrx_word' id='word_1_244' title='bbox 1927 3567 2030 3617; x_wconf 86' lang='lat' dir='ltr'><strong>ho—</strong></span> 
     </span>
    </p>
   </div>
   <div class='ocr_carea' id='block_1_39' title="bbox 428 3648 2023 3731">
    <p class='ocr_par' dir='ltr' id='par_1_39' title="bbox 428 3648 2023 3731">
     <span class='ocr_line' id='line_1_39' title="bbox 428 3648 2023 3731; baseline 0.003 -27"><span class='ocrx_word' id='word_1_245' title='bbox 428 3648 518 3704; x_wconf 89' lang='lat' dir='ltr'><strong>die</strong></span> <span class='ocrx_word' id='word_1_246' title='bbox 537 3652 801 3719; x_wconf 71' lang='lat' dir='ltr'><strong>convivii;</strong></span> <span class='ocrx_word' id='word_1_247' title='bbox 831 3656 1160 3725; x_wconf 87' lang='lat' dir='ltr'><strong>peregrinus</strong></span> <span class='ocrx_word' id='word_1_248' title='bbox 1192 3657 1284 3711; x_wconf 89' lang='lat' dir='ltr'><strong>ille</strong></span> <span class='ocrx_word' id='word_1_249' title='bbox 1310 3665 1366 3711; x_wconf 91' lang='lat' dir='ltr'><strong>et</strong></span> <span class='ocrx_word' id='word_1_250' title='bbox 1413 3657 1643 3731; x_wconf 79' lang='lat' dir='ltr'><strong>hospes,</strong></span> <span class='ocrx_word' id='word_1_251' title='bbox 1682 3667 1976 3726; x_wconf 86' lang='lat' dir='ltr'><strong>susceptor</strong></span> <span class='ocrx_word' id='word_1_252' title='bbox 2010 3671 2023 3708; x_wconf 93' lang='lat'>:</span> 
     </span>
    </p>
   </div>
   <div class='ocr_carea' id='block_1_40' title="bbox 429 3743 2030 3816">
    <p class='ocr_par' dir='ltr' id='par_1_40' title="bbox 429 3743 2030 3816">
     <span class='ocr_line' id='line_1_40' title="bbox 429 3743 2030 3816; baseline 0.004 -25"><span class='ocrx_word' id='word_1_253' title='bbox 429 3754 633 3811; x_wconf 86' lang='lat' dir='ltr'><strong>resque</strong></span> <span class='ocrx_word' id='word_1_254' title='bbox 687 3743 955 3801; x_wconf 86' lang='lat' dir='ltr'><strong>sublimes</strong></span> <span class='ocrx_word' id='word_1_255' title='bbox 1009 3760 1180 3815; x_wconf 88' lang='lat' dir='ltr'><strong>supra</strong></span> <span class='ocrx_word' id='word_1_256' title='bbox 1237 3761 1404 3815; x_wconf 85' lang='lat' dir='ltr'><strong>quam</strong></span> <span class='ocrx_word' id='word_1_257' title='bbox 1446 3746 1652 3816; x_wconf 81' lang='lat' dir='ltr'><strong>dignus</strong></span> <span class='ocrx_word' id='word_1_258' title='bbox 1691 3745 1819 3811; x_wconf 85' lang='lat' dir='ltr'><strong>sint,</strong></span> <span class='ocrx_word' id='word_1_259' title='bbox 1854 3744 2030 3799; x_wconf 87' lang='lat' dir='ltr'><strong>habeo</strong></span> 
     </span>
    </p>
   </div>
   <div class='ocr_carea' id='block_1_41' title="bbox 428 3835 2032 3909">
    <p class='ocr_par' dir='ltr' id='par_1_41' title="bbox 428 3835 2032 3909">
     <span class='ocr_line' id='line_1_41' title="bbox 428 3835 2032 3909; baseline 0.002 -22"><span class='ocrx_word' id='word_1_260' title='bbox 428 3850 712 3891; x_wconf 86' lang='lat' dir='ltr'><strong>enarrare.</strong></span> <span class='ocrx_word' id='word_1_261' title='bbox 744 3835 825 3893; x_wconf 90' lang='lat' dir='ltr'><strong>Ne</strong></span> <span class='ocrx_word' id='word_1_262' title='bbox 851 3838 980 3909; x_wconf 90' lang='lat' dir='ltr'><strong>quis</strong></span> <span class='ocrx_word' id='word_1_263' title='bbox 1009 3847 1197 3895; x_wconf 89' lang='lat' dir='ltr'><strong>tamen</strong></span> <span class='ocrx_word' id='word_1_264' title='bbox 1227 3850 1474 3894; x_wconf 88' lang='lat' dir='ltr'><strong>nostram</strong></span> <span class='ocrx_word' id='word_1_265' title='bbox 1499 3839 1805 3893; x_wconf 81' lang='lat' dir='ltr'><strong>exilitatem</strong></span> <span class='ocrx_word' id='word_1_266' title='bbox 1855 3837 2032 3908; x_wconf 85' lang='lat' dir='ltr'><strong>respi-</strong></span> 
     </span>
    </p>
   </div>
   <div class='ocr_carea' id='block_1_42' title="bbox 429 3926 2028 4003">
    <p class='ocr_par' dir='ltr' id='par_1_42' title="bbox 429 3926 2028 4003">
     <span class='ocr_line' id='line_1_42' title="bbox 429 3926 2028 4003; baseline 0.003 -24"><span class='ocrx_word' id='word_1_267' title='bbox 429 3926 605 3997; x_wconf 81' lang='lat' dir='ltr'><strong>ciens,</strong></span> <span class='ocrx_word' id='word_1_268' title='bbox 657 3930 975 3984; x_wconf 82' lang='lat' dir='ltr'><strong>convivium</strong></span> <span class='ocrx_word' id='word_1_269' title='bbox 1028 3931 1354 3988; x_wconf 83' lang='lat' dir='ltr'><strong>fastidiosus</strong></span> <span class='ocrx_word' id='word_1_270' title='bbox 1398 3942 1625 4003; x_wconf 88' lang='lat' dir='ltr'><strong>respuat</strong></span> <span class='ocrx_word' id='word_1_271' title='bbox 1669 3948 1683 3985; x_wconf 90' lang='lat'><strong>:</strong></span> <span class='ocrx_word' id='word_1_272' title='bbox 1737 3946 1849 3985; x_wconf 92' lang='lat' dir='ltr'><strong>non</strong></span> <span class='ocrx_word' id='word_1_273' title='bbox 1883 3931 2028 3985; x_wconf 90' lang='lat' dir='ltr'><strong>enim</strong></span> 
     </span>
    </p>
   </div>
   <div class='ocr_carea' id='block_1_43' title="bbox 434 4020 2029 4095">
    <p class='ocr_par' dir='ltr' id='par_1_43' title="bbox 434 4020 2029 4095">
     <span class='ocr_line' id='line_1_43' title="bbox 434 4020 2029 4095; baseline 0.003 -23"><span class='ocrx_word' id='word_1_274' title='bbox 434 4034 561 4086; x_wconf 89' lang='lat' dir='ltr'><strong>nos,</strong></span> <span class='ocrx_word' id='word_1_275' title='bbox 581 4023 674 4077; x_wconf 89' lang='lat' dir='ltr'><strong>sed</strong></span> <span class='ocrx_word' id='word_1_276' title='bbox 698 4021 817 4092; x_wconf 90' lang='lat' dir='ltr'><strong>ipsa</strong></span> <span class='ocrx_word' id='word_1_277' title='bbox 846 4020 939 4076; x_wconf 84' lang='lat' dir='ltr'><strong>Dei</strong></span> <span class='ocrx_word' id='word_1_278' title='bbox 969 4021 1246 4086; x_wconf 78' lang='lat' dir='ltr'><strong>Genitrix,</strong></span> <span class='ocrx_word' id='word_1_279' title='bbox 1267 4023 1465 4078; x_wconf 78' lang='lat' dir='ltr'><strong>harum</strong></span> <span class='ocrx_word' id='word_1_280' title='bbox 1504 4024 1695 4095; x_wconf 90' lang='lat' dir='ltr'><strong>utique</strong></span> <span class='ocrx_word' id='word_1_281' title='bbox 1717 4023 2029 4078; x_wconf 87' lang='lat' dir='ltr'><strong>divinarum</strong></span> 
     </span>
    </p>
   </div>
   <div class='ocr_carea' id='block_1_44' title="bbox 429 4113 2032 4187">
    <p class='ocr_par' dir='ltr' id='par_1_44' title="bbox 429 4113 2032 4187">
     <span class='ocr_line' id='line_1_44' title="bbox 429 4113 2032 4187; baseline 0.004 -23"><span class='ocrx_word' id='word_1_282' title='bbox 429 4125 614 4165; x_wconf 89' lang='lat' dir='ltr'><strong>rerum</strong></span> <span class='ocrx_word' id='word_1_283' title='bbox 661 4113 931 4179; x_wconf 72' lang='lat' dir='ltr'><strong>mysticus</strong></span> <span class='ocrx_word' id='word_1_284' title='bbox 957 4116 1365 4182; x_wconf 87' lang='lat' dir='ltr'><strong>enarrationes,</strong></span> <span class='ocrx_word' id='word_1_285' title='bbox 1395 4132 1492 4172; x_wconf 89' lang='lat' dir='ltr'><strong>ccu</strong></span> <span class='ocrx_word' id='word_1_286' title='bbox 1527 4117 1764 4170; x_wconf 88' lang='lat' dir='ltr'><strong>convivii</strong></span> <span class='ocrx_word' id='word_1_287' title='bbox 1795 4117 1913 4187; x_wconf 80' lang='lat' dir='ltr'><strong>lege</strong></span> <span class='ocrx_word' id='word_1_288' title='bbox 1942 4115 2032 4170; x_wconf 89' lang='lat' dir='ltr'><strong>in-</strong></span> 
     </span>
    </p>
   </div>
   <div class='ocr_carea' id='block_1_45' title="bbox 430 4203 2023 4281">
    <p class='ocr_par' dir='ltr' id='par_1_45' title="bbox 430 4203 2023 4281">
     <span class='ocr_line' id='line_1_45' title="bbox 430 4203 2023 4281; baseline 0.004 -20"><span class='ocrx_word' id='word_1_289' title='bbox 430 4203 636 4261; x_wconf 75' lang='lat' dir='ltr'><strong>Struxit</strong></span> <span class='ocrx_word' id='word_1_290' title='bbox 673 4223 687 4260; x_wconf 90' lang='lat'><strong>:</strong></span> <span class='ocrx_word' id='word_1_291' title='bbox 733 4205 940 4277; x_wconf 89' lang='lat' dir='ltr'><strong>quibus</strong></span> <span class='ocrx_word' id='word_1_292' title='bbox 995 4208 1154 4278; x_wconf 90' lang='lat' dir='ltr'><strong>plena</strong></span> <span class='ocrx_word' id='word_1_293' title='bbox 1183 4224 1399 4272; x_wconf 86' lang='lat' dir='ltr'><strong>mensa,</strong></span> <span class='ocrx_word' id='word_1_294' title='bbox 1438 4210 1723 4281; x_wconf 84' lang='lat' dir='ltr'><strong>spiritales</strong></span> <span class='ocrx_word' id='word_1_295' title='bbox 1756 4210 2023 4267; x_wconf 86' lang='lat' dir='ltr'><strong>convivas</strong></span> 
     </span>
    </p>
   </div>
   <div class='ocr_carea' id='block_1_46' title="bbox 430 4298 2026 4374">
    <p class='ocr_par' dir='ltr' id='par_1_46' title="bbox 430 4298 2026 4374">
     <span class='ocr_line' id='line_1_46' title="bbox 430 4298 2026 4374; baseline 0.006 -29"><span class='ocrx_word' id='word_1_296' title='bbox 430 4304 792 4371; x_wconf 81' lang='lat' dir='ltr'><strong>provocante,</strong></span> <span class='ocrx_word' id='word_1_297' title='bbox 850 4298 1224 4369; x_wconf 70' lang='lat' dir='ltr'><strong>eamusjuxta</strong></span> <span class='ocrx_word' id='word_1_298' title='bbox 1285 4301 1431 4371; x_wconf 87' lang='lat' dir='ltr'><strong>quod</strong></span> <span class='ocrx_word' id='word_1_299' title='bbox 1505 4301 1778 4374; x_wconf 83' lang='lat' dir='ltr'><strong>Spiritum</strong></span> <span class='ocrx_word' id='word_1_300' title='bbox 1841 4301 2026 4369; x_wconf 86' lang='lat' dir='ltr'><strong>decet,</strong></span> 
     </span>
    </p>
   </div>
   <div class='ocr_carea' id='block_1_47' title="bbox 431 4385 2026 4462">
    <p class='ocr_par' dir='ltr' id='par_1_47' title="bbox 431 4385 2026 4462">
     <span class='ocr_line' id='line_1_47' title="bbox 431 4385 2026 4462; baseline 0.007 -26"><span class='ocrx_word' id='word_1_301' title='bbox 431 4385 496 4437; x_wconf 87' lang='lat' dir='ltr'><strong>ad</strong></span> <span class='ocrx_word' id='word_1_302' title='bbox 528 4385 762 4455; x_wconf 87' lang='lat' dir='ltr'><strong>spiritus</strong></span> <span class='ocrx_word' id='word_1_303' title='bbox 817 4386 1125 4458; x_wconf 83' lang='lat' dir='ltr'><strong>profunda.</strong></span> <span class='ocrx_word' id='word_1_304' title='bbox 1171 4388 1293 4445; x_wconf 82' lang='lat' dir='ltr'><strong>Jam</strong></span> <span class='ocrx_word' id='word_1_305' title='bbox 1343 4391 1493 4446; x_wconf 91' lang='lat' dir='ltr'><strong>enim</strong></span> <span class='ocrx_word' id='word_1_306' title='bbox 1519 4407 1643 4462; x_wconf 75' lang='lat' dir='ltr'><strong>qure</strong></span> <span class='ocrx_word' id='word_1_307' title='bbox 1685 4392 2026 4462; x_wconf 87' lang='lat' dir='ltr'><strong>Sapientiam</strong></span> 
     </span>
    </p>
   </div>
   <div class='ocr_carea' id='block_1_48' title="bbox 430 4478 2024 4551">
    <p class='ocr_par' dir='ltr' id='par_1_48' title="bbox 430 4478 2024 4551">
     <span class='ocr_line' id='line_1_48' title="bbox 430 4478 2024 4551; baseline 0.004 -21"><span class='ocrx_word' id='word_1_308' title='bbox 430 4491 600 4532; x_wconf 88' lang='lat' dir='ltr'><strong>carne</strong></span> <span class='ocrx_word' id='word_1_309' title='bbox 630 4478 822 4549; x_wconf 78' lang='lat' dir='ltr'><strong>genuit</strong></span> <span class='ocrx_word' id='word_1_310' title='bbox 851 4487 899 4546; x_wconf 82' lang='grc' dir='ltr'><strong>ιι,</strong></span> <span class='ocrx_word' id='word_1_311' title='bbox 933 4478 1274 4551; x_wconf 83' lang='lat' dir='ltr'><strong>Sapientiam</strong></span> <span class='ocrx_word' id='word_1_312' title='bbox 1316 4499 1415 4538; x_wconf 88' lang='lat' dir='ltr'><strong>ceu</strong></span> <span class='ocrx_word' id='word_1_313' title='bbox 1447 4482 1755 4539; x_wconf 83' lang='lat' dir='ltr'><strong>domestice</strong></span> <span class='ocrx_word' id='word_1_314' title='bbox 1786 4483 2024 4549; x_wconf 88' lang='lat' dir='ltr'><strong>imitata,</strong></span> 
     </span>
    </p>
   </div>
   <div class='ocr_carea' id='block_1_49' title="bbox 2114 577 3717 665">
    <p class='ocr_par' dir='ltr' id='par_1_49' title="bbox 2114 577 3717 665">
     <span class='ocr_line' id='line_1_49' title="bbox 2114 577 3717 665; baseline -0.012 -16"><span class='ocrx_word' id='word_1_315' title='bbox 2114 594 2339 665; x_wconf 75' lang='grc' dir='ltr'>σαυρός.</span> <span class='ocrx_word' id='word_1_316' title='bbox 2374 592 2441 647; x_wconf 80' lang='grc' dir='ltr'><strong>Εἰ</strong></span> <span class='ocrx_word' id='word_1_317' title='bbox 2476 591 2537 644; x_wconf 71' lang='grc' dir='ltr'><strong>δὲ</strong></span> <span class='ocrx_word' id='word_1_318' title='bbox 2567 588 2748 651; x_wconf 75' lang='grc' dir='ltr'>τοῦτο,</span> <span class='ocrx_word' id='word_1_319' title='bbox 2775 587 2894 652; x_wconf 84' lang='grc' dir='ltr'><strong>πῶς</strong></span> <span class='ocrx_word' id='word_1_320' title='bbox 2916 588 3019 641; x_wconf 82' lang='grc' dir='ltr'>οὑκ</span> <span class='ocrx_word' id='word_1_321' title='bbox 3041 582 3285 654; x_wconf 70' lang='grc' dir='ltr'>ἀψευδὴς</span> <span class='ocrx_word' id='word_1_322' title='bbox 3317 583 3353 652; x_wconf 80' lang='grc' dir='ltr'><strong>ἡ</strong></span> <span class='ocrx_word' id='word_1_323' title='bbox 3391 577 3717 651; x_wconf 69' lang='grc' dir='ltr'>μετάθεσις,</span> 
     </span>
    </p>
   </div>
   <div class='ocr_carea' id='block_1_50' title="bbox 2114 666 3720 750">
    <p class='ocr_par' dir='ltr' id='par_1_50' title="bbox 2114 666 3720 750">
     <span class='ocr_line' id='line_1_50' title="bbox 2114 666 3720 750; baseline -0.013 -8"><span class='ocrx_word' id='word_1_324' title='bbox 2114 690 2239 742; x_wconf 66' lang='grc' dir='ltr'>ἐπεὶ</span> <span class='ocrx_word' id='word_1_325' title='bbox 2255 686 2349 741; x_wconf 75' lang='grc' dir='ltr'><strong>καὶ</strong></span> <span class='ocrx_word' id='word_1_326' title='bbox 2370 680 2543 739; x_wconf 79' lang='grc' dir='ltr'>τᾶλλα</span> <span class='ocrx_word' id='word_1_327' title='bbox 2574 681 2880 750; x_wconf 75' lang='grc' dir='ltr'><strong>συνέδραμε</strong></span> <span class='ocrx_word' id='word_1_328' title='bbox 2899 697 2912 710; x_wconf 88' lang='grc'><strong>·</strong></span> <span class='ocrx_word' id='word_1_329' title='bbox 2941 677 3123 749; x_wconf 77' lang='grc' dir='ltr'>ψυχῆς</span> <span class='ocrx_word' id='word_1_330' title='bbox 3155 674 3443 735; x_wconf 79' lang='grc' dir='ltr'>διάστασις</span> <span class='ocrx_word' id='word_1_331' title='bbox 3475 670 3591 725; x_wconf 70' lang='grc' dir='ltr'><strong>ἀπὸ</strong></span> <span class='ocrx_word' id='word_1_332' title='bbox 3617 666 3720 723; x_wconf 75' lang='grc' dir='ltr'><strong>σώ-</strong></span> 
     </span>
    </p>
   </div>
   <div class='ocr_carea' id='block_1_51' title="bbox 2118 762 3719 850">
    <p class='ocr_par' dir='ltr' id='par_1_51' title="bbox 2118 762 3719 850">
     <span class='ocr_line' id='line_1_51' title="bbox 2118 762 3719 850; baseline -0.009 -18"><span class='ocrx_word' id='word_1_333' title='bbox 2118 795 2311 850; x_wconf 85' lang='grc' dir='ltr'>ματος,</span> <span class='ocrx_word' id='word_1_334' title='bbox 2362 774 2567 847; x_wconf 82' lang='grc' dir='ltr'>σαρκὸς</span> <span class='ocrx_word' id='word_1_335' title='bbox 2618 771 2903 834; x_wconf 73' lang='grc' dir='ltr'><strong>ἀπόθεσις,</strong></span> <span class='ocrx_word' id='word_1_336' title='bbox 2944 767 3250 829; x_wconf 70' lang='grc' dir='ltr'><strong>συνθέσεως</strong></span> <span class='ocrx_word' id='word_1_337' title='bbox 3301 763 3485 829; x_wconf 82' lang='grc' dir='ltr'>λύσις,</span> <span class='ocrx_word' id='word_1_338' title='bbox 3534 762 3719 835; x_wconf 79' lang='grc' dir='ltr'>μερῶν</span> 
     </span>
    </p>
   </div>
   <div class='ocr_carea' id='block_1_52' title="bbox 2116 852 3721 933">
    <p class='ocr_par' dir='ltr' id='par_1_52' title="bbox 2116 852 3721 933">
     <span class='ocr_line' id='line_1_52' title="bbox 2116 852 3721 933; baseline -0.011 -11"><span class='ocrx_word' id='word_1_339' title='bbox 2116 866 2413 933; x_wconf 75' lang='grc' dir='ltr'>διάζευξις,</span> <span class='ocrx_word' id='word_1_340' title='bbox 2444 863 2728 928; x_wconf 77' lang='grc' dir='ltr'>ἀνάλυσις,</span> <span class='ocrx_word' id='word_1_341' title='bbox 2766 859 3071 927; x_wconf 67' lang='grc' dir='ltr'>ὑπίζευξις,</span> <span class='ocrx_word' id='word_1_342' title='bbox 3100 856 3404 930; x_wconf 78' lang='grc' dir='ltr'><strong>σύμπηξις,</strong></span> <span class='ocrx_word' id='word_1_343' title='bbox 3442 855 3546 911; x_wconf 75' lang='grc' dir='ltr'><strong>καὶ</strong></span> <span class='ocrx_word' id='word_1_344' title='bbox 3583 852 3721 925; x_wconf 70' lang='grc' dir='ltr'>πρὸς</span> 
     </span>
    </p>
   </div>
   <div class='ocr_carea' id='block_1_53' title="bbox 2116 946 3720 1028">
    <p class='ocr_par' dir='ltr' id='par_1_53' title="bbox 2116 946 3720 1028">
     <span class='ocr_line' id='line_1_53' title="bbox 2116 946 3720 1028; baseline -0.009 2"><span class='ocrx_word' id='word_1_345' title='bbox 2116 961 2179 1014; x_wconf 72' lang='grc' dir='ltr'>τὸ</span> <span class='ocrx_word' id='word_1_346' title='bbox 2208 958 2413 1028; x_wconf 64' lang='grc' dir='ltr'><strong>ἀφανὲς</strong></span> <span class='ocrx_word' id='word_1_347' title='bbox 2440 955 2826 1027; x_wconf 54' lang='grc' dir='ltr'>ὑποχώρησις</span> <span class='ocrx_word' id='word_1_348' title='bbox 2866 954 2929 1007; x_wconf 84' lang='grc' dir='ltr'>ὐ</span> <span class='ocrx_word' id='word_1_349' title='bbox 2957 953 3070 1024; x_wconf 72' lang='grc' dir='ltr'>γὰρ</span> <span class='ocrx_word' id='word_1_350' title='bbox 3091 950 3264 1019; x_wconf 72' lang='grc' dir='ltr'>τάφος</span> <span class='ocrx_word' id='word_1_351' title='bbox 3311 947 3521 1017; x_wconf 67' lang='grc' dir='ltr'>ἕστηκε</span> <span class='ocrx_word' id='word_1_352' title='bbox 3560 946 3720 1017; x_wconf 74' lang='grc' dir='ltr'>μέχρι</span> 
     </span>
    </p>
   </div>
   <div class='ocr_carea' id='block_1_54' title="bbox 2120 1038 3726 1124">
    <p class='ocr_par' dir='ltr' id='par_1_54' title="bbox 2120 1038 3726 1124">
     <span class='ocr_line' id='line_1_54' title="bbox 2120 1038 3726 1124; baseline -0.01 -17"><span class='ocrx_word' id='word_1_353' title='bbox 2120 1053 2215 1107; x_wconf 65' lang='grc' dir='ltr'><strong>καὶ</strong></span> <span class='ocrx_word' id='word_1_354' title='bbox 2232 1052 2393 1124; x_wconf 78' lang='grc' dir='ltr'>δεῦρο</span> <span class='ocrx_word' id='word_1_355' title='bbox 2421 1051 2600 1116; x_wconf 75' lang='grc' dir='ltr'>κενὸς,</span> <span class='ocrx_word' id='word_1_356' title='bbox 2632 1046 3089 1121; x_wconf 77' lang='grc' dir='ltr'>μαρτυρούμενος</span> <span class='ocrx_word' id='word_1_357' title='bbox 3125 1044 3222 1103; x_wconf 76' lang='grc' dir='ltr'><strong>καὶ</strong></span> <span class='ocrx_word' id='word_1_358' title='bbox 3263 1040 3575 1114; x_wconf 83' lang='grc' dir='ltr'>μαρτυρῶν</span> <span class='ocrx_word' id='word_1_359' title='bbox 3626 1038 3726 1110; x_wconf 82' lang='grc' dir='ltr'>τὴν</span> 
     </span>
    </p>
   </div>
   <div class='ocr_carea' id='block_1_55' title="bbox 2123 1129 3723 1216">
    <p class='ocr_par' dir='ltr' id='par_1_55' title="bbox 2123 1129 3723 1216">
     <span class='ocr_line' id='line_1_55' title="bbox 2123 1129 3723 1216; baseline -0.01 -17"><span class='ocrx_word' id='word_1_360' title='bbox 2123 1144 2435 1216; x_wconf 74' lang='grc' dir='ltr'><strong>μετάθεσιν.</strong></span> <span class='ocrx_word' id='word_1_361' title='bbox 2471 1143 2585 1198; x_wconf 80' lang='grc' dir='ltr'><strong>Οὑκ</strong></span> <span class='ocrx_word' id='word_1_362' title='bbox 2619 1138 2735 1197; x_wconf 73' lang='grc' dir='ltr'>οἶδα</span> <span class='ocrx_word' id='word_1_363' title='bbox 2767 1141 2819 1194; x_wconf 78' lang='grc' dir='ltr'><strong>εί</strong></span> <span class='ocrx_word' id='word_1_364' title='bbox 2841 1157 2905 1194; x_wconf 86' lang='grc' dir='ltr'>τε.</span> <span class='ocrx_word' id='word_1_365' title='bbox 2928 1138 3043 1193; x_wconf 83' lang='grc' dir='ltr'><strong>τῶν</strong></span> <span class='ocrx_word' id='word_1_366' title='bbox 3071 1135 3277 1208; x_wconf 45' lang='grc' dir='ltr'>μερῶν</span> <span class='ocrx_word' id='word_1_367' title='bbox 3300 1129 3464 1195; x_wconf 75' lang='grc' dir='ltr'>αὖθις</span> <span class='ocrx_word' id='word_1_368' title='bbox 3503 1148 3723 1185; x_wconf 81' lang='grc' dir='ltr'>συνενε-</span> 
     </span>
    </p>
   </div>
   <div class='ocr_carea' id='block_1_56' title="bbox 2120 1223 3725 1309">
    <p class='ocr_par' dir='ltr' id='par_1_56' title="bbox 2120 1223 3725 1309">
     <span class='ocr_line' id='line_1_56' title="bbox 2120 1223 3725 1309; baseline -0.011 -17"><span class='ocrx_word' id='word_1_369' title='bbox 2120 1237 2362 1309; x_wconf 79' lang='grc' dir='ltr'>χθέντων</span> <span class='ocrx_word' id='word_1_370' title='bbox 2388 1238 2469 1300; x_wconf 84' lang='grc' dir='ltr'><strong>είς</strong></span> <span class='ocrx_word' id='word_1_371' title='bbox 2511 1235 2569 1290; x_wconf 76' lang='grc' dir='ltr'>ἓν</span> <span class='ocrx_word' id='word_1_372' title='bbox 2604 1234 2946 1304; x_wconf 81' lang='grc' dir='ltr'>συνθέματος</span> <span class='ocrx_word' id='word_1_373' title='bbox 2997 1230 3284 1302; x_wconf 78' lang='grc' dir='ltr'><strong>σύγκριμα</strong></span> <span class='ocrx_word' id='word_1_374' title='bbox 3317 1243 3331 1259; x_wconf 88' lang='grc'><strong>·</strong></span> <span class='ocrx_word' id='word_1_375' title='bbox 3359 1223 3725 1296; x_wconf 72' lang='grc' dir='ltr'>φιλοσοφήτω</span> 
     </span>
    </p>
   </div>
   <div class='ocr_carea' id='block_1_57' title="bbox 2122 1315 3724 1399">
    <p class='ocr_par' dir='ltr' id='par_1_57' title="bbox 2122 1315 3724 1399">
     <span class='ocr_line' id='line_1_57' title="bbox 2122 1315 3724 1399; baseline -0.011 -18"><span class='ocrx_word' id='word_1_376' title='bbox 2122 1327 2232 1399; x_wconf 82' lang='grc' dir='ltr'><strong>γάρ</strong></span> <span class='ocrx_word' id='word_1_377' title='bbox 2260 1344 2315 1380; x_wconf 82' lang='grc' dir='ltr'><strong>τι</strong></span> <span class='ocrx_word' id='word_1_378' title='bbox 2347 1326 2476 1398; x_wconf 78' lang='grc' dir='ltr'>περὶ</span> <span class='ocrx_word' id='word_1_379' title='bbox 2507 1323 2716 1379; x_wconf 82' lang='grc' dir='ltr'>τούτων</span> <span class='ocrx_word' id='word_1_380' title='bbox 2741 1322 2959 1395; x_wconf 80' lang='grc' dir='ltr'>μικρόνο</span> <span class='ocrx_word' id='word_1_381' title='bbox 2992 1320 3138 1374; x_wconf 82' lang='grc' dir='ltr'>οὑτω</span> <span class='ocrx_word' id='word_1_382' title='bbox 3156 1318 3297 1389; x_wconf 85' lang='grc' dir='ltr'>τάχα</span> <span class='ocrx_word' id='word_1_383' title='bbox 3323 1315 3421 1369; x_wconf 79' lang='grc' dir='ltr'>τοῦ</span> <span class='ocrx_word' id='word_1_384' title='bbox 3444 1316 3724 1384; x_wconf 86' lang='grc' dir='ltr'>Δημιουρ-</span> 
     </span>
    </p>
   </div>
   <div class='ocr_carea' id='block_1_58' title="bbox 2122 1406 3729 1489">
    <p class='ocr_par' dir='ltr' id='par_1_58' title="bbox 2122 1406 3729 1489">
     <span class='ocr_line' id='line_1_58' title="bbox 2122 1406 3729 1489; baseline -0.011 -15"><span class='ocrx_word' id='word_1_385' title='bbox 2122 1417 2222 1488; x_wconf 82' lang='grc' dir='ltr'>τοῦ</span> <span class='ocrx_word' id='word_1_386' title='bbox 2263 1419 2384 1474; x_wconf 77' lang='grc' dir='ltr'>κατ’</span> <span class='ocrx_word' id='word_1_387' title='bbox 2429 1418 2687 1472; x_wconf 81' lang='grc' dir='ltr'>εὐδοκίαν</span> <span class='ocrx_word' id='word_1_388' title='bbox 2731 1417 2977 1489; x_wconf 71' lang='grc' dir='ltr'>ἄρρητον</span> <span class='ocrx_word' id='word_1_389' title='bbox 3027 1410 3453 1481; x_wconf 75' lang='grc' dir='ltr'>ὲπινενοηκότος</span> <span class='ocrx_word' id='word_1_390' title='bbox 3492 1406 3729 1477; x_wconf 71' lang='grc' dir='ltr'>τιμῆσαι</span> 
     </span>
    </p>
   </div>
   <div class='ocr_carea' id='block_1_59' title="bbox 2123 1499 3730 1585">
    <p class='ocr_par' dir='ltr' id='par_1_59' title="bbox 2123 1499 3730 1585">
     <span class='ocr_line' id='line_1_59' title="bbox 2123 1499 3730 1585; baseline -0.01 -19"><span class='ocrx_word' id='word_1_391' title='bbox 2123 1513 2225 1585; x_wconf 79' lang='grc' dir='ltr'>τὴν</span> <span class='ocrx_word' id='word_1_392' title='bbox 2274 1511 2547 1565; x_wconf 77' lang='grc' dir='ltr'><strong>τεκοῦσαν</strong></span> <span class='ocrx_word' id='word_1_393' title='bbox 2575 1527 2589 1542; x_wconf 79' lang='grc' dir='ltr'><strong>ο</strong></span> <span class='ocrx_word' id='word_1_394' title='bbox 2628 1510 2741 1563; x_wconf 74' lang='grc' dir='ltr'>εἴτε</span> <span class='ocrx_word' id='word_1_395' title='bbox 2785 1508 2944 1562; x_wconf 79' lang='grc' dir='ltr'>τοῦτο</span> <span class='ocrx_word' id='word_1_396' title='bbox 2984 1504 3220 1578; x_wconf 67' lang='grc' dir='ltr'>θατέρου</span> <span class='ocrx_word' id='word_1_397' title='bbox 3273 1502 3517 1572; x_wconf 81' lang='grc' dir='ltr'>θάτερον</span> <span class='ocrx_word' id='word_1_398' title='bbox 3563 1499 3730 1568; x_wconf 74' lang='grc' dir='ltr'>ὑπερο</span> 
     </span>
    </p>
   </div>
   <div class='ocr_carea' id='block_1_60' title="bbox 2126 1590 3731 1674">
    <p class='ocr_par' dir='ltr' id='par_1_60' title="bbox 2126 1590 3731 1674">
     <span class='ocr_line' id='line_1_60' title="bbox 2126 1590 3731 1674; baseline -0.011 -15"><span class='ocrx_word' id='word_1_399' title='bbox 2126 1604 2422 1674; x_wconf 74' lang='grc' dir='ltr'>κύψαντος,</span> <span class='ocrx_word' id='word_1_400' title='bbox 2463 1602 2561 1656; x_wconf 73' lang='grc' dir='ltr'>καὶ</span> <span class='ocrx_word' id='word_1_401' title='bbox 2610 1601 2710 1655; x_wconf 78' lang='grc' dir='ltr'>τοῦ</span> <span class='ocrx_word' id='word_1_402' title='bbox 2764 1601 2866 1672; x_wconf 72' lang='grc' dir='ltr'>μὲν</span> <span class='ocrx_word' id='word_1_403' title='bbox 2902 1598 3218 1670; x_wconf 75' lang='grc' dir='ltr'><strong>ὑπερόριον,</strong></span> <span class='ocrx_word' id='word_1_404' title='bbox 3255 1592 3351 1647; x_wconf 79' lang='grc' dir='ltr'>τοῦ</span> <span class='ocrx_word' id='word_1_405' title='bbox 3384 1593 3449 1647; x_wconf 74' lang='grc' dir='ltr'><strong>δὲ</strong></span> <span class='ocrx_word' id='word_1_406' title='bbox 3476 1590 3731 1663; x_wconf 72' lang='grc' dir='ltr'><strong>μεθόριον</strong></span> 
     </span>
    </p>
   </div>
   <div class='ocr_carea' id='block_1_61' title="bbox 2132 1685 3731 1770">
    <p class='ocr_par' dir='ltr' id='par_1_61' title="bbox 2132 1685 3731 1770">
     <span class='ocr_line' id='line_1_61' title="bbox 2132 1685 3731 1770; baseline -0.01 -19"><span class='ocrx_word' id='word_1_407' title='bbox 2132 1697 2271 1770; x_wconf 74' lang='grc' dir='ltr'>μετὰ</span> <span class='ocrx_word' id='word_1_408' title='bbox 2334 1696 2438 1766; x_wconf 86' lang='grc' dir='ltr'>τὴν</span> <span class='ocrx_word' id='word_1_409' title='bbox 2487 1695 2584 1750; x_wconf 73' lang='grc' dir='ltr'><strong>ἀπ’</strong></span> <span class='ocrx_word' id='word_1_410' title='bbox 2649 1693 2901 1765; x_wconf 76' lang='grc' dir='ltr'>ἀλλήλων</span> <span class='ocrx_word' id='word_1_411' title='bbox 2945 1688 3226 1756; x_wconf 74' lang='grc' dir='ltr'>διάζευξιν</span> <span class='ocrx_word' id='word_1_412' title='bbox 3284 1685 3579 1757; x_wconf 76' lang='grc' dir='ltr'><strong>εἰληχότος</strong></span> <span class='ocrx_word' id='word_1_413' title='bbox 3633 1699 3731 1736; x_wconf 76' lang='grc' dir='ltr'>κασ-</span> 
     </span>
    </p>
   </div>
   <div class='ocr_carea' id='block_1_62' title="bbox 2128 1775 3733 1860">
    <p class='ocr_par' dir='ltr' id='par_1_62' title="bbox 2128 1775 3733 1860">
     <span class='ocr_line' id='line_1_62' title="bbox 2128 1775 3733 1860; baseline -0.011 -14"><span class='ocrx_word' id='word_1_414' title='bbox 2128 1792 2394 1846; x_wconf 86' lang='grc' dir='ltr'>τάστασιν</span> <span class='ocrx_word' id='word_1_415' title='bbox 2417 1805 2432 1820; x_wconf 88' lang='grc'><strong>·</strong></span> <span class='ocrx_word' id='word_1_416' title='bbox 2459 1789 2492 1860; x_wconf 80' lang='grc' dir='ltr'>ἢ</span> <span class='ocrx_word' id='word_1_417' title='bbox 2523 1787 2681 1859; x_wconf 83' lang='grc' dir='ltr'>ξένης</span> <span class='ocrx_word' id='word_1_418' title='bbox 2701 1787 2846 1850; x_wconf 82' lang='grc' dir='ltr'>τινὸς</span> <span class='ocrx_word' id='word_1_419' title='bbox 2879 1786 2974 1840; x_wconf 77' lang='grc' dir='ltr'><strong>καὶ</strong></span> <span class='ocrx_word' id='word_1_420' title='bbox 2996 1779 3476 1856; x_wconf 71' lang='grc' dir='ltr'><strong>παρηλλαγμένης</strong></span> <span class='ocrx_word' id='word_1_421' title='bbox 3503 1775 3733 1831; x_wconf 62' lang='grc' dir='ltr'>ἀκολου*</span> 
     </span>
    </p>
   </div>
   <div class='ocr_carea' id='block_1_63' title="bbox 2054 1866 3732 1956">
    <p class='ocr_par' dir='ltr' id='par_1_63' title="bbox 2054 1866 3732 1956">
     <span class='ocr_line' id='line_1_63' title="bbox 2054 1866 3732 1956; baseline -0.007 -23"><span class='ocrx_word' id='word_1_422' title='bbox 2054 1877 2094 1933; x_wconf 89' lang='grc' dir='ltr'><strong>Β</strong></span> <span class='ocrx_word' id='word_1_423' title='bbox 2125 1883 2267 1946; x_wconf 89' lang='grc' dir='ltr'>θίας,</span> <span class='ocrx_word' id='word_1_424' title='bbox 2301 1879 2601 1956; x_wconf 77' lang='grc' dir='ltr'>ὑπερφυῶς</span> <span class='ocrx_word' id='word_1_425' title='bbox 2641 1880 2730 1933; x_wconf 70' lang='grc' dir='ltr'><strong>ἐπ’</strong></span> <span class='ocrx_word' id='word_1_426' title='bbox 2763 1879 2904 1950; x_wconf 74' lang='grc' dir='ltr'>αὑτῇ</span> <span class='ocrx_word' id='word_1_427' title='bbox 2935 1873 3380 1946; x_wconf 76' lang='grc' dir='ltr'><strong>συνδραμούσης,</strong></span> <span class='ocrx_word' id='word_1_428' title='bbox 3420 1872 3492 1925; x_wconf 78' lang='grc' dir='ltr'>ἵν’</span> <span class='ocrx_word' id='word_1_429' title='bbox 3594 1869 3732 1940; x_wconf 81' lang='grc' dir='ltr'>πρὸς</span> 
     </span>
    </p>
   </div>
   <div class='ocr_carea' id='block_1_64' title="bbox 2126 1963 3732 2046">
    <p class='ocr_par' dir='ltr' id='par_1_64' title="bbox 2126 1963 3732 2046">
     <span class='ocr_line' id='line_1_64' title="bbox 2126 1963 3732 2046; baseline -0.009 -16"><span class='ocrx_word' id='word_1_430' title='bbox 2126 1975 2392 2046; x_wconf 72' lang='grc' dir='ltr'>ἀλήθειαν</span> <span class='ocrx_word' id='word_1_431' title='bbox 2412 1971 2577 2027; x_wconf 82' lang='grc' dir='ltr'>καινά</span> <span class='ocrx_word' id='word_1_432' title='bbox 2607 1970 2676 2026; x_wconf 73' lang='grc' dir='ltr'><strong>τὰ</strong></span> <span class='ocrx_word' id='word_1_433' title='bbox 2706 1972 2830 2025; x_wconf 81' lang='grc' dir='ltr'>κατ’</span> <span class='ocrx_word' id='word_1_434' title='bbox 2863 1969 3034 2041; x_wconf 77' lang='grc' dir='ltr'>αὑτὴν</span> <span class='ocrx_word' id='word_1_435' title='bbox 3069 1967 3309 2030; x_wconf 69' lang='grc' dir='ltr'>ἃπαντα,</span> <span class='ocrx_word' id='word_1_436' title='bbox 3340 1964 3436 2023; x_wconf 74' lang='grc' dir='ltr'>τὸν</span> <span class='ocrx_word' id='word_1_437' title='bbox 3472 1963 3732 2033; x_wconf 71' lang='grc' dir='ltr'>ὑπερφυᾶ</span> 
     </span>
    </p>
   </div>
   <div class='ocr_carea' id='block_1_65' title="bbox 2126 2057 3731 2139">
    <p class='ocr_par' dir='ltr' id='par_1_65' title="bbox 2126 2057 3731 2139">
     <span class='ocr_line' id='line_1_65' title="bbox 2126 2057 3731 2139; baseline -0.008 -17"><span class='ocrx_word' id='word_1_438' title='bbox 2126 2067 2424 2139; x_wconf 85' lang='grc' dir='ltr'>προσφυῶς</span> <span class='ocrx_word' id='word_1_439' title='bbox 2459 2065 2824 2137; x_wconf 70' lang='grc' dir='ltr'>ἐπιδεχόμενοι</span> <span class='ocrx_word' id='word_1_440' title='bbox 2854 2065 3030 2132; x_wconf 80' lang='grc' dir='ltr'>Λόγον</span> <span class='ocrx_word' id='word_1_441' title='bbox 3049 2104 3064 2130; x_wconf 95' lang='grc'><strong>,</strong></span> <span class='ocrx_word' id='word_1_442' title='bbox 3092 2062 3171 2126; x_wconf 80' lang='grc' dir='ltr'>ὡς</span> <span class='ocrx_word' id='word_1_443' title='bbox 3193 2061 3361 2130; x_wconf 86' lang='grc' dir='ltr'>λόγου</span> <span class='ocrx_word' id='word_1_444' title='bbox 3397 2057 3609 2122; x_wconf 77' lang='grc' dir='ltr'>παντὸς</span> <span class='ocrx_word' id='word_1_445' title='bbox 3641 2058 3731 2113; x_wconf 75' lang='grc' dir='ltr'><strong>καὶ</strong></span> 
     </span>
    </p>
   </div>
   <div class='ocr_carea' id='block_1_66' title="bbox 2125 2151 3729 2231">
    <p class='ocr_par' dir='ltr' id='par_1_66' title="bbox 2125 2151 3729 2231">
     <span class='ocr_line' id='line_1_66' title="bbox 2125 2151 3729 2231; baseline -0.007 -16"><span class='ocrx_word' id='word_1_446' title='bbox 2125 2160 2377 2231; x_wconf 84' lang='grc' dir='ltr'>γνώσεως</span> <span class='ocrx_word' id='word_1_447' title='bbox 2415 2159 2811 2229; x_wconf 77' lang='grc' dir='ltr'>ὑπερκείμενα.</span> <span class='ocrx_word' id='word_1_448' title='bbox 2854 2157 2979 2210; x_wconf 79' lang='grc' dir='ltr'><strong>Ἐπὶ</strong></span> <span class='ocrx_word' id='word_1_449' title='bbox 3004 2154 3210 2225; x_wconf 89' lang='grc' dir='ltr'>ταύτην</span> <span class='ocrx_word' id='word_1_450' title='bbox 3242 2154 3400 2226; x_wconf 78' lang='grc' dir='ltr'>ἡμᾶς</span> <span class='ocrx_word' id='word_1_451' title='bbox 3425 2151 3533 2225; x_wconf 81' lang='grc' dir='ltr'><strong>τὴν</strong></span> <span class='ocrx_word' id='word_1_452' title='bbox 3566 2166 3729 2206; x_wconf 79' lang='grc' dir='ltr'>πνευ·</span> 
     </span>
    </p>
   </div>
   <div class='ocr_carea' id='block_1_67' title="bbox 2129 2242 3730 2325">
    <p class='ocr_par' dir='ltr' id='par_1_67' title="bbox 2129 2242 3730 2325">
     <span class='ocr_line' id='line_1_67' title="bbox 2129 2242 3730 2325; baseline -0.006 -18"><span class='ocrx_word' id='word_1_453' title='bbox 2129 2254 2367 2325; x_wconf 82' lang='grc' dir='ltr'>ματικὴν</span> <span class='ocrx_word' id='word_1_454' title='bbox 2398 2252 2729 2306; x_wconf 85' lang='grc' dir='ltr'>πανδαισίαν</span> <span class='ocrx_word' id='word_1_455' title='bbox 2761 2250 3118 2319; x_wconf 74' lang='grc' dir='ltr'>συγκαλείται</span> <span class='ocrx_word' id='word_1_456' title='bbox 3150 2247 3260 2302; x_wconf 85' lang='grc' dir='ltr'><strong>τῶν</strong></span> <span class='ocrx_word' id='word_1_457' title='bbox 3293 2247 3499 2316; x_wconf 81' lang='grc' dir='ltr'>λόγων,</span> <span class='ocrx_word' id='word_1_458' title='bbox 3528 2247 3563 2317; x_wconf 77' lang='grc' dir='ltr'><strong>ἠ</strong></span> <span class='ocrx_word' id='word_1_459' title='bbox 3592 2242 3730 2298; x_wconf 78' lang='grc' dir='ltr'>κατά</span> 
     </span>
    </p>
   </div>
   <div class='ocr_carea' id='block_1_68' title="bbox 2129 2332 3732 2415">
    <p class='ocr_par' dir='ltr' id='par_1_68' title="bbox 2129 2332 3732 2415">
     <span class='ocr_line' id='line_1_68' title="bbox 2129 2332 3732 2415; baseline -0.007 -16"><span class='ocrx_word' id='word_1_460' title='bbox 2129 2346 2308 2415; x_wconf 80' lang='grc' dir='ltr'>σάρκα</span> <span class='ocrx_word' id='word_1_461' title='bbox 2358 2344 2556 2415; x_wconf 85' lang='grc' dir='ltr'>Μήτηρ</span> <span class='ocrx_word' id='word_1_462' title='bbox 2582 2342 2675 2395; x_wconf 76' lang='grc' dir='ltr'>τοῦ</span> <span class='ocrx_word' id='word_1_463' title='bbox 2718 2342 2929 2410; x_wconf 80' lang='grc' dir='ltr'><strong>Λόγου’</strong></span> <span class='ocrx_word' id='word_1_464' title='bbox 2972 2339 3260 2411; x_wconf 72' lang='grc' dir='ltr'>πρόκειται</span> <span class='ocrx_word' id='word_1_465' title='bbox 3293 2338 3352 2392; x_wconf 79' lang='grc' dir='ltr'><strong>δὲ</strong></span> <span class='ocrx_word' id='word_1_466' title='bbox 3407 2337 3554 2407; x_wconf 77' lang='grc' dir='ltr'>αὕτη</span> <span class='ocrx_word' id='word_1_467' title='bbox 3583 2332 3732 2406; x_wconf 84' lang='grc' dir='ltr'>βασί-</span> 
     </span>
    </p>
   </div>
   <div class='ocr_carea' id='block_1_69' title="bbox 2126 2430 3727 2507">
    <p class='ocr_par' dir='ltr' id='par_1_69' title="bbox 2126 2430 3727 2507">
     <span class='ocr_line' id='line_1_69' title="bbox 2126 2430 3727 2507; baseline -0.006 -17"><span class='ocrx_word' id='word_1_468' title='bbox 2126 2436 2270 2501; x_wconf 86' lang='grc' dir='ltr'>λειος</span> <span class='ocrx_word' id='word_1_469' title='bbox 2315 2434 2566 2507; x_wconf 77' lang='grc' dir='ltr'>τράπεζα</span> <span class='ocrx_word' id='word_1_470' title='bbox 2609 2435 2705 2487; x_wconf 76' lang='grc' dir='ltr'><strong>καὶ</strong></span> <span class='ocrx_word' id='word_1_471' title='bbox 2755 2434 2934 2504; x_wconf 78' lang='grc' dir='ltr'>λόγων</span> <span class='ocrx_word' id='word_1_472' title='bbox 2964 2432 3226 2495; x_wconf 82' lang='grc' dir='ltr'>ὑπόθεσις</span> <span class='ocrx_word' id='word_1_473' title='bbox 3262 2431 3516 2503; x_wconf 79' lang='grc' dir='ltr'>σήμερον</span> <span class='ocrx_word' id='word_1_474' title='bbox 3560 2430 3727 2500; x_wconf 78' lang='grc' dir='ltr'>ήμτν,</span> 
     </span>
    </p>
   </div>
   <div class='ocr_carea' id='block_1_70' title="bbox 2129 2519 3729 2598">
    <p class='ocr_par' dir='ltr' id='par_1_70' title="bbox 2129 2519 3729 2598">
     <span class='ocr_line' id='line_1_70' title="bbox 2129 2519 3729 2598; baseline -0.006 -16"><span class='ocrx_word' id='word_1_475' title='bbox 2129 2527 2391 2582; x_wconf 83' lang='grc' dir='ltr'>θεοτελῶν</span> <span class='ocrx_word' id='word_1_476' title='bbox 2421 2526 2742 2598; x_wconf 76' lang='grc' dir='ltr'>μυστηρίων</span> <span class='ocrx_word' id='word_1_477' title='bbox 2770 2524 3149 2597; x_wconf 82' lang='grc' dir='ltr'>εὐθηνουμένη</span> <span class='ocrx_word' id='word_1_478' title='bbox 3184 2524 3280 2578; x_wconf 56' lang='grc' dir='ltr'><strong>καὶ¹</strong></span> <span class='ocrx_word' id='word_1_479' title='bbox 3309 2522 3623 2594; x_wconf 81' lang='grc' dir='ltr'>πλήθουσα.</span> <span class='ocrx_word' id='word_1_480' title='bbox 3666 2519 3729 2573; x_wconf 87' lang='grc' dir='ltr'><strong><em>Ἦ</em></strong></span> 
     </span>
    </p>
   </div>
   <div class='ocr_carea' id='block_1_71' title="bbox 2127 2613 3730 2691">
    <p class='ocr_par' dir='ltr' id='par_1_71' title="bbox 2127 2613 3730 2691">
     <span class='ocr_line' id='line_1_71' title="bbox 2127 2613 3730 2691; baseline -0.005 -17"><span class='ocrx_word' id='word_1_481' title='bbox 2127 2620 2185 2675; x_wconf 73' lang='grc' dir='ltr'><strong>δὲ</strong></span> <span class='ocrx_word' id='word_1_482' title='bbox 2240 2618 2480 2690; x_wconf 80' lang='grc' dir='ltr'>τοσαύτη</span> <span class='ocrx_word' id='word_1_483' title='bbox 2532 2617 2930 2691; x_wconf 85' lang='grc' dir='ltr'>λαμπροφορία</span> <span class='ocrx_word' id='word_1_484' title='bbox 2958 2616 3069 2670; x_wconf 84' lang='grc' dir='ltr'><strong>τῶν</strong></span> <span class='ocrx_word' id='word_1_485' title='bbox 3091 2616 3400 2688; x_wconf 77' lang='grc' dir='ltr'>φιλεὸρτων</span> <span class='ocrx_word' id='word_1_486' title='bbox 3444 2615 3550 2679; x_wconf 78' lang='grc' dir='ltr'>τὰς</span> <span class='ocrx_word' id='word_1_487' title='bbox 3580 2613 3730 2683; x_wconf 68' lang='grc' dir='ltr'>ὄψεις</span> 
     </span>
    </p>
   </div>
   <div class='ocr_carea' id='block_1_72' title="bbox 2130 2705 3729 2784">
    <p class='ocr_par' dir='ltr' id='par_1_72' title="bbox 2130 2705 3729 2784">
     <span class='ocr_line' id='line_1_72' title="bbox 2130 2705 3729 2784; baseline -0.005 -17"><span class='ocrx_word' id='word_1_488' title='bbox 2130 2714 2582 2784; x_wconf 80' lang='grc' dir='ltr'>περιαυγάζουσα</span> <span class='ocrx_word' id='word_1_489' title='bbox 2609 2755 2625 2780; x_wconf 87' lang='grc'><strong>,</strong></span> <span class='ocrx_word' id='word_1_490' title='bbox 2665 2712 2765 2784; x_wconf 83' lang='grc' dir='ltr'>ὅση</span> <span class='ocrx_word' id='word_1_491' title='bbox 2800 2710 2898 2765; x_wconf 70' lang='grc' dir='ltr'><strong>καὶ</strong></span> <span class='ocrx_word' id='word_1_492' title='bbox 2920 2710 3155 2780; x_wconf 88' lang='grc' dir='ltr'>δύναμιν</span> <span class='ocrx_word' id='word_1_493' title='bbox 3194 2706 3617 2780; x_wconf 73' lang='grc' dir='ltr'>ὑπερισχύουσα</span> <span class='ocrx_word' id='word_1_494' title='bbox 3642 2705 3729 2759; x_wconf 84' lang='grc' dir='ltr'><strong>λό-</strong></span> 
     </span>
    </p>
   </div>
   <div class='ocr_carea' id='block_1_73' title="bbox 2129 2788 3735 2878">
    <p class='ocr_par' dir='ltr' id='par_1_73' title="bbox 2129 2788 3735 2878">
     <span class='ocr_line' id='line_1_73' title="bbox 2129 2788 3735 2878; baseline -0.004 -18"><span class='ocrx_word' id='word_1_495' title='bbox 2129 2824 2252 2876; x_wconf 85' lang='grc' dir='ltr'>γου,</span> <span class='ocrx_word' id='word_1_496' title='bbox 2278 2808 2377 2878; x_wconf 81' lang='grc' dir='ltr'>τῆς</span> <span class='ocrx_word' id='word_1_497' title='bbox 2402 2807 2619 2878; x_wconf 83' lang='grc' dir='ltr'>ἡμέρας</span> <span class='ocrx_word' id='word_1_498' title='bbox 2649 2803 3049 2859; x_wconf 86' lang='grc' dir='ltr'>κατακαλλύνει</span> <span class='ocrx_word' id='word_1_499' title='bbox 3070 2804 3131 2856; x_wconf 82' lang='grc' dir='ltr'>τὸ</span> <span class='ocrx_word' id='word_1_500' title='bbox 3158 2803 3487 2874; x_wconf 77' lang='grc' dir='ltr'>πρόσωπον.</span> <span class='ocrx_word' id='word_1_501' title='bbox 3521 2788 3735 2868; x_wconf 79' lang='grc' dir='ltr'>Ταύτης</span> 
     </span>
    </p>
   </div>
   <div class='ocr_carea' id='block_1_74' title="bbox 2131 2887 3731 2968">
    <p class='ocr_par' dir='ltr' id='par_1_74' title="bbox 2131 2887 3731 2968">
     <span class='ocr_line' id='line_1_74' title="bbox 2131 2887 3731 2968; baseline -0.008 -15"><span class='ocrx_word' id='word_1_502' title='bbox 2131 2897 2290 2968; x_wconf 81' lang='grc' dir='ltr'><strong>κάγὼ</strong></span> <span class='ocrx_word' id='word_1_503' title='bbox 2314 2899 2558 2968; x_wconf 84' lang='grc' dir='ltr'>σήμερον</span> <span class='ocrx_word' id='word_1_504' title='bbox 2588 2896 2858 2968; x_wconf 76' lang='grc' dir='ltr'><strong>ἑστιάτωρ</strong></span> <span class='ocrx_word' id='word_1_505' title='bbox 2881 2896 2908 2947; x_wconf 86' lang='grc' dir='ltr'>ὁ</span> <span class='ocrx_word' id='word_1_506' title='bbox 2935 2893 3088 2961; x_wconf 76' lang='grc' dir='ltr'>ξένος</span> <span class='ocrx_word' id='word_1_507' title='bbox 3116 2893 3212 2946; x_wconf 76' lang='grc' dir='ltr'><strong>καὶ</strong></span> <span class='ocrx_word' id='word_1_508' title='bbox 3242 2892 3482 2963; x_wconf 73' lang='grc' dir='ltr'>ἔπηλυς,</span> <span class='ocrx_word' id='word_1_509' title='bbox 3514 2887 3731 2944; x_wconf 75' lang='grc' dir='ltr'>καὶτῶν</span> 
     </span>
    </p>
   </div>
   <div class='ocr_carea' id='block_1_75' title="bbox 2133 2974 3727 3061">
    <p class='ocr_par' dir='ltr' id='par_1_75' title="bbox 2133 2974 3727 3061">
     <span class='ocr_line' id='line_1_75' title="bbox 2133 2974 3727 3061; baseline -0.008 -18"><span class='ocrx_word' id='word_1_510' title='bbox 2133 2989 2353 3060; x_wconf 76' lang='grc' dir='ltr'>ὑψηλῶν</span> <span class='ocrx_word' id='word_1_511' title='bbox 2376 2974 2837 3061; x_wconf 81' lang='grc' dir='ltr'>θεαμάτωνὺπὲρ</span> <span class='ocrx_word' id='word_1_512' title='bbox 2860 2986 3022 3051; x_wconf 80' lang='grc' dir='ltr'>ἀξίαν</span> <span class='ocrx_word' id='word_1_513' title='bbox 3050 2984 3363 3056; x_wconf 83' lang='grc' dir='ltr'>ὑφηγητής.</span> <span class='ocrx_word' id='word_1_514' title='bbox 3399 2982 3515 3037; x_wconf 68' lang='grc' dir='ltr'><strong>Καὶ</strong></span> <span class='ocrx_word' id='word_1_515' title='bbox 3548 2981 3620 3057; x_wconf 85' lang='grc' dir='ltr'><strong>μή</strong></span> <span class='ocrx_word' id='word_1_516' title='bbox 3648 2994 3727 3042; x_wconf 87' lang='grc' dir='ltr'><strong>τις</strong></span> 
     </span>
    </p>
   </div>
   <div class='ocr_carea' id='block_1_76' title="bbox 2132 3075 3725 3154">
    <p class='ocr_par' dir='ltr' id='par_1_76' title="bbox 2132 3075 3725 3154">
     <span class='ocr_line' id='line_1_76' title="bbox 2132 3075 3725 3154; baseline -0.006 -18"><span class='ocrx_word' id='word_1_517' title='bbox 2132 3083 2271 3154; x_wconf 78' lang='grc' dir='ltr'>πρὸς</span> <span class='ocrx_word' id='word_1_518' title='bbox 2318 3083 2381 3136; x_wconf 80' lang='grc' dir='ltr'>τὸ</span> <span class='ocrx_word' id='word_1_519' title='bbox 2408 3083 2666 3137; x_wconf 78' lang='grc' dir='ltr'>ταπεινὸν</span> <span class='ocrx_word' id='word_1_520' title='bbox 2710 3083 2808 3153; x_wconf 74' lang='grc' dir='ltr'>τῆς</span> <span class='ocrx_word' id='word_1_521' title='bbox 2841 3080 3119 3152; x_wconf 80' lang='grc' dir='ltr'>ἡμετέρας</span> <span class='ocrx_word' id='word_1_522' title='bbox 3167 3076 3380 3131; x_wconf 82' lang='grc' dir='ltr'>ἀπιδὼν</span> <span class='ocrx_word' id='word_1_523' title='bbox 3432 3075 3725 3138; x_wconf 77' lang='grc' dir='ltr'>εὐτελείας,</span> 
     </span>
    </p>
   </div>
   <div class='ocr_carea' id='block_1_77' title="bbox 2132 3165 3731 3245">
    <p class='ocr_par' dir='ltr' id='par_1_77' title="bbox 2132 3165 3731 3245">
     <span class='ocr_line' id='line_1_77' title="bbox 2132 3165 3731 3245; baseline -0.008 -15"><span class='ocrx_word' id='word_1_524' title='bbox 2132 3174 2422 3230; x_wconf 87' lang='grc' dir='ltr'>ἁνανεύσοι</span> <span class='ocrx_word' id='word_1_525' title='bbox 2470 3175 2608 3245; x_wconf 84' lang='grc' dir='ltr'>πρὸς</span> <span class='ocrx_word' id='word_1_526' title='bbox 2659 3174 2759 3245; x_wconf 80' lang='grc' dir='ltr'>τὴν</span> <span class='ocrx_word' id='word_1_527' title='bbox 2809 3172 3077 3236; x_wconf 80' lang='grc' dir='ltr'>ἑστίασιν,</span> <span class='ocrx_word' id='word_1_528' title='bbox 3109 3172 3191 3225; x_wconf 83' lang='grc' dir='ltr'>ὅτι</span> <span class='ocrx_word' id='word_1_529' title='bbox 3235 3169 3311 3242; x_wconf 80' lang='grc' dir='ltr'>μὴ</span> <span class='ocrx_word' id='word_1_530' title='bbox 3359 3170 3513 3242; x_wconf 79' lang='grc' dir='ltr'>πρὸς</span> <span class='ocrx_word' id='word_1_531' title='bbox 3554 3165 3731 3241; x_wconf 83' lang='grc' dir='ltr'>ήμῶν,</span> 
     </span>
    </p>
   </div>
   <div class='ocr_carea' id='block_1_78' title="bbox 2135 3259 3734 3335">
    <p class='ocr_par' dir='ltr' id='par_1_78' title="bbox 2135 3259 3734 3335">
     <span class='ocr_line' id='line_1_78' title="bbox 2135 3259 3734 3335; baseline -0.008 -14"><span class='ocrx_word' id='word_1_532' title='bbox 2135 3264 2254 3321; x_wconf 80' lang='grc' dir='ltr'>ἀλλ’</span> <span class='ocrx_word' id='word_1_533' title='bbox 2286 3265 2377 3318; x_wconf 84' lang='grc' dir='ltr'><strong>ὑπ’</strong></span> <span class='ocrx_word' id='word_1_534' title='bbox 2412 3264 2584 3335; x_wconf 79' lang='grc' dir='ltr'>αὑτῆς</span> <span class='ocrx_word' id='word_1_535' title='bbox 2615 3262 2945 3335; x_wconf 76' lang='grc' dir='ltr'>ἡτοίμασται</span> <span class='ocrx_word' id='word_1_536' title='bbox 2972 3261 3073 3331; x_wconf 84' lang='grc' dir='ltr'>τῆς</span> <span class='ocrx_word' id='word_1_537' title='bbox 3100 3261 3366 3314; x_wconf 81' lang='grc' dir='ltr'>Θεοτόκου</span> <span class='ocrx_word' id='word_1_538' title='bbox 3420 3262 3532 3314; x_wconf 89' lang='grc' dir='ltr'><strong>τῶν</strong></span> <span class='ocrx_word' id='word_1_539' title='bbox 3559 3259 3734 3311; x_wconf 76' lang='grc' dir='ltr'>ἐνθεα-</span> 
     </span>
    </p>
   </div>
   <div class='ocr_carea' id='block_1_79' title="bbox 2139 3351 3735 3429">
    <p class='ocr_par' dir='ltr' id='par_1_79' title="bbox 2139 3351 3735 3429">
     <span class='ocr_line' id='line_1_79' title="bbox 2139 3351 3735 3429; baseline -0.006 -15"><span class='ocrx_word' id='word_1_540' title='bbox 2139 3358 2339 3414; x_wconf 84' lang='grc' dir='ltr'>στικῶν</span> <span class='ocrx_word' id='word_1_541' title='bbox 2382 3359 2447 3429; x_wconf 81' lang='grc' dir='ltr'><strong>δὴ</strong></span> <span class='ocrx_word' id='word_1_542' title='bbox 2497 3356 2706 3410; x_wconf 88' lang='grc' dir='ltr'>τούτων</span> <span class='ocrx_word' id='word_1_543' title='bbox 2741 3355 3121 3427; x_wconf 81' lang='grc' dir='ltr'>θεωρημάτων</span> <span class='ocrx_word' id='word_1_544' title='bbox 3164 3354 3233 3408; x_wconf 75' lang='grc' dir='ltr'><strong>τὰ</strong></span> <span class='ocrx_word' id='word_1_545' title='bbox 3264 3352 3521 3425; x_wconf 77' lang='grc' dir='ltr'>μυστικὰ</span> <span class='ocrx_word' id='word_1_546' title='bbox 3545 3351 3735 3427; x_wconf 81' lang='grc' dir='ltr'>διηγή-</span> 
     </span>
    </p>
   </div>
   <div class='ocr_carea' id='block_1_80' title="bbox 2141 3443 3734 3522">
    <p class='ocr_par' dir='ltr' id='par_1_80' title="bbox 2141 3443 3734 3522">
     <span class='ocr_line' id='line_1_80' title="bbox 2141 3443 3734 3522; baseline -0.004 -17"><span class='ocrx_word' id='word_1_547' title='bbox 2141 3469 2288 3522; x_wconf 88' lang='grc' dir='ltr'>ματα</span> <span class='ocrx_word' id='word_1_548' title='bbox 2311 3466 2324 3481; x_wconf 82' lang='grc'><em>’</em></span> <span class='ocrx_word' id='word_1_549' title='bbox 2360 3443 2434 3504; x_wconf 83' lang='grc' dir='ltr'>ὧν</span> <span class='ocrx_word' id='word_1_550' title='bbox 2460 3447 2649 3521; x_wconf 76' lang='grc' dir='ltr'>ἐπειδὴ</span> <span class='ocrx_word' id='word_1_551' title='bbox 2672 3448 2887 3521; x_wconf 84' lang='grc' dir='ltr'>πλήρης</span> <span class='ocrx_word' id='word_1_552' title='bbox 2914 3450 2947 3520; x_wconf 77' lang='grc' dir='ltr'><strong>ή</strong></span> <span class='ocrx_word' id='word_1_553' title='bbox 2969 3448 3239 3519; x_wconf 79' lang='grc' dir='ltr'>τράπεζα,</span> <span class='ocrx_word' id='word_1_554' title='bbox 3270 3446 3400 3512; x_wconf 81' lang='grc' dir='ltr'>τοὺς</span> <span class='ocrx_word' id='word_1_555' title='bbox 3439 3460 3734 3518; x_wconf 82' lang='grc' dir='ltr'>πνευματι-</span> 
     </span>
    </p>
   </div>
   <div class='ocr_carea' id='block_1_81' title="bbox 2135 3534 3727 3613">
    <p class='ocr_par' dir='ltr' id='par_1_81' title="bbox 2135 3534 3727 3613">
     <span class='ocr_line' id='line_1_81' title="bbox 2135 3534 3727 3613; baseline -0.004 -14"><span class='ocrx_word' id='word_1_556' title='bbox 2135 3545 2267 3607; x_wconf 71' lang='lat' dir='ltr'><strong>xei);</strong></span> <span class='ocrx_word' id='word_1_557' title='bbox 2288 3542 2618 3613; x_wconf 81' lang='grc' dir='ltr'>δαιτυμόνας</span> <span class='ocrx_word' id='word_1_558' title='bbox 2644 3540 3050 3613; x_wconf 80' lang='grc' dir='ltr'>προτρέπουσα,</span> <span class='ocrx_word' id='word_1_559' title='bbox 3082 3540 3254 3611; x_wconf 75' lang='grc' dir='ltr'>ἴωμεν</span> <span class='ocrx_word' id='word_1_560' title='bbox 3282 3540 3409 3594; x_wconf 82' lang='grc' dir='ltr'>κατ’</span> <span class='ocrx_word' id='word_1_561' title='bbox 3452 3540 3612 3606; x_wconf 74' lang='grc' dir='ltr'>ἀξίαν</span> <span class='ocrx_word' id='word_1_562' title='bbox 3638 3534 3727 3593; x_wconf 80' lang='grc' dir='ltr'>τοῦ</span> 
     </span>
    </p>
   </div>
   <div class='ocr_carea' id='block_1_82' title="bbox 2137 3630 3725 3707">
    <p class='ocr_par' dir='ltr' id='par_1_82' title="bbox 2137 3630 3725 3707">
     <span class='ocr_line' id='line_1_82' title="bbox 2137 3630 3725 3707; baseline -0.003 -19"><span class='ocrx_word' id='word_1_563' title='bbox 2137 3636 2458 3707; x_wconf 85' lang='grc' dir='ltr'>Πνεύματος</span> <span class='ocrx_word' id='word_1_564' title='bbox 2498 3634 2593 3688; x_wconf 70' lang='grc' dir='ltr'><strong>ἐπὶ</strong></span> <span class='ocrx_word' id='word_1_565' title='bbox 2639 3633 2708 3688; x_wconf 84' lang='grc' dir='ltr'><strong>τὰ</strong></span> <span class='ocrx_word' id='word_1_566' title='bbox 2745 3633 2886 3705; x_wconf 83' lang='grc' dir='ltr'>βάθη</span> <span class='ocrx_word' id='word_1_567' title='bbox 2922 3632 3016 3687; x_wconf 83' lang='grc' dir='ltr'><strong>τοῦ</strong></span> <span class='ocrx_word' id='word_1_568' title='bbox 3051 3633 3394 3704; x_wconf 85' lang='grc' dir='ltr'>Πνεύματος.</span> <span class='ocrx_word' id='word_1_569' title='bbox 3434 3634 3596 3705; x_wconf 80' lang='grc' dir='ltr'>Ἀρτι</span> <span class='ocrx_word' id='word_1_570' title='bbox 3624 3630 3725 3701; x_wconf 81' lang='grc' dir='ltr'>γάρ</span> 
     </span>
    </p>
   </div>
   <div class='ocr_carea' id='block_1_83' title="bbox 2134 3724 3728 3800">
    <p class='ocr_par' dir='ltr' id='par_1_83' title="bbox 2134 3724 3728 3800">
     <span class='ocr_line' id='line_1_83' title="bbox 2134 3724 3728 3800; baseline -0.002 -19"><span class='ocrx_word' id='word_1_571' title='bbox 2134 3729 2236 3800; x_wconf 83' lang='grc' dir='ltr'>τὴν</span> <span class='ocrx_word' id='word_1_572' title='bbox 2261 3728 2462 3798; x_wconf 79' lang='grc' dir='ltr'>Σοφίαν</span> <span class='ocrx_word' id='word_1_573' title='bbox 2491 3731 2524 3800; x_wconf 77' lang='grc' dir='ltr'>ἡ</span> <span class='ocrx_word' id='word_1_574' title='bbox 2548 3727 2648 3800; x_wconf 84' lang='grc' dir='ltr'>τὴν</span> <span class='ocrx_word' id='word_1_575' title='bbox 2688 3727 2891 3796; x_wconf 81' lang='grc' dir='ltr'>Σοφίαν</span> <span class='ocrx_word' id='word_1_576' title='bbox 2922 3725 3095 3798; x_wconf 78' lang='grc' dir='ltr'>αὑτὴν</span> <span class='ocrx_word' id='word_1_577' title='bbox 3118 3724 3263 3780; x_wconf 80' lang='grc' dir='ltr'>κατά</span> <span class='ocrx_word' id='word_1_578' title='bbox 3320 3725 3507 3798; x_wconf 88' lang='grc' dir='ltr'>σάρκα</span> <span class='ocrx_word' id='word_1_579' title='bbox 3546 3739 3728 3795; x_wconf 83' lang='grc' dir='ltr'>γεννη-</span> 
     </span>
    </p>
   </div>
   <div class='ocr_carea' id='block_1_84' title="bbox 2137 3812 3724 3893">
    <p class='ocr_par' dir='ltr' id='par_1_84' title="bbox 2137 3812 3724 3893">
     <span class='ocr_line' id='line_1_84' title="bbox 2137 3812 3724 3893; baseline -0.004 -19"><span class='ocrx_word' id='word_1_580' title='bbox 2137 3821 2343 3893; x_wconf 86' lang='grc' dir='ltr'>σαμένη</span> <span class='ocrx_word' id='word_1_581' title='bbox 2370 3820 2669 3891; x_wconf 76' lang='grc' dir='ltr'>προσφυῶς</span> <span class='ocrx_word' id='word_1_582' title='bbox 2702 3819 3038 3891; x_wconf 81' lang='grc' dir='ltr'>μιμουμένη,</span> <span class='ocrx_word' id='word_1_583' title='bbox 3071 3818 3200 3888; x_wconf 84' lang='grc' dir='ltr'>ὅλην</span> <span class='ocrx_word' id='word_1_584' title='bbox 3237 3818 3447 3888; x_wconf 80' lang='grc' dir='ltr'>ἑαυτὴν</span> <span class='ocrx_word' id='word_1_585' title='bbox 3478 3812 3566 3871; x_wconf 75' lang='grc' dir='ltr'>οἵα</span> <span class='ocrx_word' id='word_1_586' title='bbox 3596 3815 3724 3888; x_wconf 81' lang='grc' dir='ltr'>τρά-</span> 
     </span>
    </p>
   </div>
   <div class='ocr_carea' id='block_1_85' title="bbox 2135 3903 3719 3984">
    <p class='ocr_par' dir='ltr' id='par_1_85' title="bbox 2135 3903 3719 3984">
     <span class='ocr_line' id='line_1_85' title="bbox 2135 3903 3719 3984; baseline -0.005 -17"><span class='ocrx_word' id='word_1_587' title='bbox 2135 3915 2306 3979; x_wconf 78' lang='grc' dir='ltr'>πεζαν</span> <span class='ocrx_word' id='word_1_588' title='bbox 2333 3912 2752 3984; x_wconf 81' lang='grc' dir='ltr'>ἡτοιμασμένην</span> <span class='ocrx_word' id='word_1_589' title='bbox 2787 3910 3060 3983; x_wconf 81' lang='grc' dir='ltr'>μυστικὴν</span> <span class='ocrx_word' id='word_1_590' title='bbox 3092 3909 3186 3963; x_wconf 78' lang='grc' dir='ltr'><strong>καὶ</strong></span> <span class='ocrx_word' id='word_1_591' title='bbox 3226 3909 3488 3982; x_wconf 71' lang='grc' dir='ltr'>οὐράνιον</span> <span class='ocrx_word' id='word_1_592' title='bbox 3520 3911 3634 3972; x_wconf 82' lang='grc' dir='ltr'>τοῖς</span> <span class='ocrx_word' id='word_1_593' title='bbox 3661 3903 3719 3959; x_wconf 68' lang='grc' dir='ltr'>τὸ</span> 
     </span>
    </p>
   </div>
   <div class='ocr_carea' id='block_1_86' title="bbox 2133 3996 3723 4077">
    <p class='ocr_par' dir='ltr' id='par_1_86' title="bbox 2133 3996 3723 4077">
     <span class='ocr_line' id='line_1_86' title="bbox 2133 3996 3723 4077; baseline -0.008 -17"><span class='ocrx_word' id='word_1_594' title='bbox 2133 4005 2254 4060; x_wconf 83' lang='grc' dir='ltr'>θεῖα</span> <span class='ocrx_word' id='word_1_595' title='bbox 2298 4004 2505 4077; x_wconf 89' lang='grc' dir='ltr'>νοητῶς</span> <span class='ocrx_word' id='word_1_596' title='bbox 2565 4003 2916 4075; x_wconf 82' lang='grc' dir='ltr'>μυουμένοις,</span> <span class='ocrx_word' id='word_1_597' title='bbox 2974 4000 3317 4072; x_wconf 83' lang='grc' dir='ltr'>φιλοφρόνως</span> <span class='ocrx_word' id='word_1_598' title='bbox 3362 4001 3446 4064; x_wconf 82' lang='grc' dir='ltr'><strong>εἰς</strong></span> <span class='ocrx_word' id='word_1_599' title='bbox 3499 3996 3723 4069; x_wconf 72' lang='grc' dir='ltr'>εὐωχίαν</span> 
     </span>
    </p>
   </div>
   <div class='ocr_carea' id='block_1_87' title="bbox 2134 4094 3718 4171">
    <p class='ocr_par' dir='ltr' id='par_1_87' title="bbox 2134 4094 3718 4171">
     <span class='ocr_line' id='line_1_87' title="bbox 2134 4094 3718 4171; baseline -0.008 -16"><span class='ocrx_word' id='word_1_600' title='bbox 2134 4100 2458 4171; x_wconf 78' lang='grc' dir='ltr'>προτίθεται</span> <span class='ocrx_word' id='word_1_601' title='bbox 2493 4116 2508 4130; x_wconf 78' lang='grc' dir='ltr'><strong>ο</strong></span> <span class='ocrx_word' id='word_1_602' title='bbox 2542 4098 2604 4152; x_wconf 89' lang='grc' dir='ltr'><strong>ού</strong></span> <span class='ocrx_word' id='word_1_603' title='bbox 2641 4097 2863 4167; x_wconf 87' lang='grc' dir='ltr'>θύματα</span> <span class='ocrx_word' id='word_1_604' title='bbox 2887 4096 3227 4167; x_wconf 82' lang='grc' dir='ltr'>σφάττουσα,</span> <span class='ocrx_word' id='word_1_605' title='bbox 3259 4094 3292 4167; x_wconf 84' lang='grc' dir='ltr'><strong>ἧ</strong></span> <span class='ocrx_word' id='word_1_606' title='bbox 3323 4095 3567 4167; x_wconf 76' lang='grc' dir='ltr'>κρατῆρι</span> <span class='ocrx_word' id='word_1_607' title='bbox 3594 4106 3718 4160; x_wconf 87' lang='grc' dir='ltr'>προ-</span> 
     </span>
    </p>
   </div>
   <div class='ocr_carea' id='block_1_88' title="bbox 2132 4181 3711 4263">
    <p class='ocr_par' dir='ltr' id='par_1_88' title="bbox 2132 4181 3711 4263">
     <span class='ocr_line' id='line_1_88' title="bbox 2132 4181 3711 4263; baseline -0.009 -15"><span class='ocrx_word' id='word_1_608' title='bbox 2132 4194 2336 4248; x_wconf 85' lang='grc' dir='ltr'>νάουσα</span> <span class='ocrx_word' id='word_1_609' title='bbox 2372 4192 2614 4263; x_wconf 84' lang='grc' dir='ltr'>πόματα,</span> <span class='ocrx_word' id='word_1_610' title='bbox 2653 4186 2745 4246; x_wconf 72' lang='grc' dir='ltr'>οἶά</span> <span class='ocrx_word' id='word_1_611' title='bbox 2772 4189 2879 4261; x_wconf 80' lang='grc' dir='ltr'><strong>πέρ</strong></span> <span class='ocrx_word' id='word_1_612' title='bbox 2911 4206 3043 4244; x_wconf 86' lang='grc' dir='ltr'>ποτε</span> <span class='ocrx_word' id='word_1_613' title='bbox 3072 4183 3215 4262; x_wconf 78' lang='grc' dir='ltr'>ἦσαν</span> <span class='ocrx_word' id='word_1_614' title='bbox 3240 4188 3429 4241; x_wconf 75' lang='grc' dir='ltr'>ἐκεῖνα</span> <span class='ocrx_word' id='word_1_615' title='bbox 3461 4187 3529 4240; x_wconf 81' lang='grc' dir='ltr'><strong>τὰ</strong></span> <span class='ocrx_word' id='word_1_616' title='bbox 3555 4181 3711 4256; x_wconf 81' lang='grc' dir='ltr'>μακά·</span> 
     </span>
    </p>
   </div>
   <div class='ocr_carea' id='block_1_89' title="bbox 2136 4272 3723 4358">
    <p class='ocr_par' dir='ltr' id='par_1_89' title="bbox 2136 4272 3723 4358">
     <span class='ocr_line' id='line_1_89' title="bbox 2136 4272 3723 4358; baseline -0.004 -19"><span class='ocrx_word' id='word_1_617' title='bbox 2136 4303 2225 4358; x_wconf 86' lang='grc' dir='ltr'><strong>ρια</strong></span> <span class='ocrx_word' id='word_1_618' title='bbox 2261 4285 2512 4355; x_wconf 86' lang='grc' dir='ltr'>θύματα,</span> <span class='ocrx_word' id='word_1_619' title='bbox 2555 4285 2650 4341; x_wconf 71' lang='grc' dir='ltr'><strong>καὶ</strong></span> <span class='ocrx_word' id='word_1_620' title='bbox 2680 4285 2707 4337; x_wconf 86' lang='grc' dir='ltr'><strong>ὁ</strong></span> <span class='ocrx_word' id='word_1_621' title='bbox 2730 4282 2949 4355; x_wconf 75' lang='grc' dir='ltr'>κρατήρ</span> <span class='ocrx_word' id='word_1_622' title='bbox 2977 4283 3212 4346; x_wconf 77' lang='grc' dir='ltr'>ἐκεῖνος,</span> <span class='ocrx_word' id='word_1_623' title='bbox 3240 4282 3268 4334; x_wconf 87' lang='grc' dir='ltr'>ό</span> <span class='ocrx_word' id='word_1_624' title='bbox 3300 4280 3398 4334; x_wconf 82' lang='grc' dir='ltr'>τοῦ</span> <span class='ocrx_word' id='word_1_625' title='bbox 3451 4272 3723 4332; x_wconf 67' lang='grc' dir='ltr'>θεοτελοῖκ</span> 
     </span>
    </p>
   </div>
   <div class='ocr_carea' id='block_1_90' title="bbox 2130 4367 3721 4451">
    <p class='ocr_par' dir='ltr' id='par_1_90' title="bbox 2130 4367 3721 4451">
     <span class='ocr_line' id='line_1_90' title="bbox 2130 4367 3721 4451; baseline -0.019 -2"><span class='ocrx_word' id='word_1_626' title='bbox 2130 4381 2394 4451; x_wconf 78' lang='grc' dir='ltr'>νέκταρος</span> <span class='ocrx_word' id='word_1_627' title='bbox 2417 4378 2609 4450; x_wconf 71' lang='grc' dir='ltr'><strong>δοχεῦς</strong></span> <span class='ocrx_word' id='word_1_628' title='bbox 2634 4418 2648 4443; x_wconf 80' lang='grc'><strong>,</strong></span> <span class='ocrx_word' id='word_1_629' title='bbox 2682 4379 2800 4433; x_wconf 79' lang='grc' dir='ltr'>ἀλλ’</span> <span class='ocrx_word' id='word_1_630' title='bbox 2829 4376 2970 4433; x_wconf 82' lang='grc' dir='ltr'>αὑτὰ</span> <span class='ocrx_word' id='word_1_631' title='bbox 2997 4376 3286 4449; x_wconf 83' lang='grc' dir='ltr'>προδήλως</span> <span class='ocrx_word' id='word_1_632' title='bbox 3323 4372 3437 4427; x_wconf 86' lang='grc' dir='ltr'><strong>τῶν</strong></span> <span class='ocrx_word' id='word_1_633' title='bbox 3468 4370 3597 4442; x_wconf 72' lang='grc' dir='ltr'>περὶ</span> <span class='ocrx_word' id='word_1_634' title='bbox 3626 4367 3721 4420; x_wconf 74' lang='grc' dir='ltr'>αὖε·</span> 
     </span>
    </p>
   </div>
   <div class='ocr_carea' id='block_1_91' title="bbox 2130 4459 3720 4542">
    <p class='ocr_par' dir='ltr' id='par_1_91' title="bbox 2130 4459 3720 4542">
     <span class='ocr_line' id='line_1_91' title="bbox 2130 4459 3720 4542; baseline -0.008 -18"><span class='ocrx_word' id='word_1_635' title='bbox 2130 4472 2229 4542; x_wconf 76' lang='grc' dir='ltr'>τῆς</span> <span class='ocrx_word' id='word_1_636' title='bbox 2282 4471 2603 4542; x_wconf 80' lang='grc' dir='ltr'>μυστηρίων</span> <span class='ocrx_word' id='word_1_637' title='bbox 2627 4471 2697 4525; x_wconf 84' lang='grc' dir='ltr'><strong>τά</strong></span> <span class='ocrx_word' id='word_1_638' title='bbox 2743 4469 3001 4542; x_wconf 79' lang='grc' dir='ltr'>ὑπερφυῆ</span> <span class='ocrx_word' id='word_1_639' title='bbox 3034 4469 3131 4525; x_wconf 77' lang='grc' dir='ltr'><strong>καὶ</strong></span> <span class='ocrx_word' id='word_1_640' title='bbox 3175 4468 3298 4523; x_wconf 86' lang='grc' dir='ltr'>θεῖα</span> <span class='ocrx_word' id='word_1_641' title='bbox 3328 4465 3408 4538; x_wconf 81' lang='grc' dir='ltr'>τῷ</span> <span class='ocrx_word' id='word_1_642' title='bbox 3455 4466 3568 4521; x_wconf 79' lang='grc' dir='ltr'>δντι</span> <span class='ocrx_word' id='word_1_643' title='bbox 3600 4459 3720 4514; x_wconf 83' lang='grc' dir='ltr'>θεά-</span> 
     </span>
    </p>
   </div>
   <div class='ocr_carea' id='block_1_92' title="bbox 432 4553 2021 4646">
    <p class='ocr_par' dir='ltr' id='par_1_92' title="bbox 432 4571 2021 4646">
     <span class='ocr_line' id='line_1_92' title="bbox 432 4571 2021 4646; baseline 0.004 -26"><span class='ocrx_word' id='word_1_644' title='bbox 432 4576 603 4621; x_wconf 84' lang='lat' dir='ltr'><strong>totam</strong></span> <span class='ocrx_word' id='word_1_645' title='bbox 637 4585 717 4632; x_wconf 87' lang='lat' dir='ltr'><strong>se,</strong></span> <span class='ocrx_word' id='word_1_646' title='bbox 752 4571 899 4625; x_wconf 85' lang='lat' dir='ltr'><strong>velut</strong></span> <span class='ocrx_word' id='word_1_647' title='bbox 929 4573 1258 4627; x_wconf 85' lang='lat' dir='ltr'><strong>instructam</strong></span> <span class='ocrx_word' id='word_1_648' title='bbox 1292 4575 1584 4646; x_wconf 83' lang='lat' dir='ltr'><strong>mysticam</strong></span> <span class='ocrx_word' id='word_1_649' title='bbox 1612 4573 2021 4643; x_wconf 64' lang='lat' dir='ltr'><strong>caelestemque,</strong></span> 
     </span>
    </p>
   </div>
   <div class='ocr_carea' id='block_1_93' title="bbox 2128 4553 3719 4646">
    <p class='ocr_par' dir='ltr' id='par_1_93' title="bbox 2139 4553 3719 4636">
     <span class='ocr_line' id='line_1_93' title="bbox 2139 4553 3719 4636; baseline -0.008 -17"><span class='ocrx_word' id='word_1_650' title='bbox 2139 4581 2284 4636; x_wconf 86' lang='grc' dir='ltr'>ματα</span> <span class='ocrx_word' id='word_1_651' title='bbox 2303 4583 2316 4594; x_wconf 91' lang='grc'>·</span> <span class='ocrx_word' id='word_1_652' title='bbox 2345 4566 2431 4634; x_wconf 77' lang='grc' dir='ltr'><strong>ἐφ’</strong></span> <span class='ocrx_word' id='word_1_653' title='bbox 2453 4563 2489 4618; x_wconf 75' lang='grc' dir='ltr'><strong>ὃ.</strong></span> <span class='ocrx_word' id='word_1_654' title='bbox 2508 4564 2572 4635; x_wconf 85' lang='grc' dir='ltr'><strong>δὴ</strong></span> <span class='ocrx_word' id='word_1_655' title='bbox 2594 4563 2834 4634; x_wconf 81' lang='grc' dir='ltr'>μάλιστα</span> <span class='ocrx_word' id='word_1_656' title='bbox 2859 4564 2985 4626; x_wconf 82' lang='grc' dir='ltr'>τοὺς</span> <span class='ocrx_word' id='word_1_657' title='bbox 3012 4560 3467 4633; x_wconf 84' lang='grc' dir='ltr'>συνειλεγμένους</span> <span class='ocrx_word' id='word_1_658' title='bbox 3491 4553 3719 4629; x_wconf 80' lang='grc' dir='ltr'>προτρέ-</span> 
     </span>
    </p>
   </div>
   <div class='ocr_carea' id='block_1_94' title="bbox 430 4647 2021 4736">
    <p class='ocr_par' dir='ltr' id='par_1_94' title="bbox 430 4660 2021 4736">
     <span class='ocr_line' id='line_1_94' title="bbox 430 4660 2021 4736; baseline 0.003 -23"><span class='ocrx_word' id='word_1_659' title='bbox 430 4660 614 4713; x_wconf 84' lang='lat' dir='ltr'><strong>divina</strong></span> <span class='ocrx_word' id='word_1_660' title='bbox 642 4661 894 4727; x_wconf 80' lang='lat' dir='ltr'><strong>initiatis,</strong></span> <span class='ocrx_word' id='word_1_661' title='bbox 917 4679 1183 4729; x_wconf 86' lang='lat' dir='ltr'><strong>mensam,</strong></span> <span class='ocrx_word' id='word_1_662' title='bbox 1203 4664 1269 4718; x_wconf 88' lang='lat' dir='ltr'><strong>ad</strong></span> <span class='ocrx_word' id='word_1_663' title='bbox 1294 4665 1473 4720; x_wconf 87' lang='lat' dir='ltr'><strong>lautas</strong></span> <span class='ocrx_word' id='word_1_664' title='bbox 1489 4666 1680 4736; x_wconf 87' lang='lat' dir='ltr'><strong>epulas</strong></span> <span class='ocrx_word' id='word_1_665' title='bbox 1701 4665 2021 4735; x_wconf 79' lang='lat' dir='ltr'><strong>perbenignt</strong></span> 
     </span>
    </p>
   </div>
   <div class='ocr_carea' id='block_1_95' title="bbox 2128 4647 3717 4736">
    <p class='ocr_par' dir='ltr' id='par_1_95' title="bbox 2138 4647 3717 4733">
     <span class='ocr_line' id='line_1_95' title="bbox 2138 4647 3717 4733; baseline -0.001 -23"><span class='ocrx_word' id='word_1_666' title='bbox 2138 4674 2338 4720; x_wconf 82' lang='grc' dir='ltr'>πουσα,</span> <span class='ocrx_word' id='word_1_667' title='bbox 2376 4657 2475 4728; x_wconf 85' lang='grc' dir='ltr'>τῆς</span> <span class='ocrx_word' id='word_1_668' title='bbox 2499 4655 2693 4733; x_wconf 83' lang='grc' dir='ltr'>ἑορτῆς</span> <span class='ocrx_word' id='word_1_669' title='bbox 2723 4656 2756 4725; x_wconf 82' lang='grc' dir='ltr'>ἡ</span> <span class='ocrx_word' id='word_1_670' title='bbox 2780 4655 3111 4726; x_wconf 78' lang='grc' dir='ltr'>ἐξάρχουσα,</span> <span class='ocrx_word' id='word_1_671' title='bbox 3147 4654 3239 4708; x_wconf 81' lang='grc' dir='ltr'>τὸν</span> <span class='ocrx_word' id='word_1_672' title='bbox 3278 4654 3378 4724; x_wconf 83' lang='grc' dir='ltr'>μὲν</span> <span class='ocrx_word' id='word_1_673' title='bbox 3403 4653 3505 4721; x_wconf 83' lang='grc' dir='ltr'>τῆς</span> <span class='ocrx_word' id='word_1_674' title='bbox 3527 4647 3717 4718; x_wconf 83' lang='grc' dir='ltr'>Σοφίας</span> 
     </span>
    </p>
   </div>
   <div class='ocr_carea' id='block_1_96' title="bbox 432 4742 2021 4826">
    <p class='ocr_par' dir='ltr' id='par_1_96' title="bbox 432 4753 2021 4822">
     <span class='ocr_line' id='line_1_96' title="bbox 432 4753 2021 4822; baseline 0.004 -17"><span class='ocrx_word' id='word_1_675' title='bbox 432 4753 698 4822; x_wconf 86' lang='lat' dir='ltr'><strong>proponit</strong></span> <span class='ocrx_word' id='word_1_676' title='bbox 732 4772 746 4809; x_wconf 90' lang='lat'><strong>:</strong></span> <span class='ocrx_word' id='word_1_677' title='bbox 789 4769 895 4809; x_wconf 90' lang='lat' dir='ltr'><strong>non</strong></span> <span class='ocrx_word' id='word_1_678' title='bbox 932 4755 1228 4812; x_wconf 87' lang='lat' dir='ltr'><strong>mactando</strong></span> <span class='ocrx_word' id='word_1_679' title='bbox 1262 4757 1496 4822; x_wconf 81' lang='lat' dir='ltr'><strong>hostias,</strong></span> <span class='ocrx_word' id='word_1_680' title='bbox 1529 4763 1625 4811; x_wconf 86' lang='lat' dir='ltr'><strong>aut</strong></span> <span class='ocrx_word' id='word_1_681' title='bbox 1656 4757 1823 4811; x_wconf 86' lang='lat' dir='ltr'><strong>etiam</strong></span> <span class='ocrx_word' id='word_1_682' title='bbox 1863 4758 2021 4811; x_wconf 78' lang='lat' dir='ltr'><strong>calict</strong></span> 
     </span>
    </p>
   </div>
   <div class='ocr_carea' id='block_1_97' title="bbox 2128 4742 3715 4826">
    <p class='ocr_par' dir='ltr' id='par_1_97' title="bbox 2134 4742 3715 4826">
     <span class='ocr_line' id='line_1_97' title="bbox 2134 4742 3715 4826; baseline -0.007 -24"><span class='ocrx_word' id='word_1_683' title='bbox 2134 4745 2282 4802; x_wconf 82' lang='grc' dir='ltr'>οἷκον</span> <span class='ocrx_word' id='word_1_684' title='bbox 2305 4748 2491 4820; x_wconf 82' lang='grc' dir='ltr'>ἡλίκος</span> <span class='ocrx_word' id='word_1_685' title='bbox 2514 4748 2687 4826; x_wconf 75' lang='grc' dir='ltr'>ἐστὶν,</span> <span class='ocrx_word' id='word_1_686' title='bbox 2717 4748 2947 4802; x_wconf 83' lang='grc' dir='ltr'>αὐτόθεν</span> <span class='ocrx_word' id='word_1_687' title='bbox 2968 4749 3101 4818; x_wconf 84' lang='grc' dir='ltr'>ἡμῖν</span> <span class='ocrx_word' id='word_1_688' title='bbox 3127 4745 3186 4812; x_wconf 74' lang='grc' dir='ltr'>ἐξ</span> <span class='ocrx_word' id='word_1_689' title='bbox 3216 4745 3391 4814; x_wconf 73' lang='grc' dir='ltr'>αὐτῆς</span> <span class='ocrx_word' id='word_1_690' title='bbox 3417 4742 3715 4812; x_wconf 82' lang='grc' dir='ltr'>ὑποφαίνει⁶</span> 
     </span>
    </p>
   </div>
   <div class='ocr_carea' id='block_1_98' title="bbox 434 4830 2021 4919">
    <p class='ocr_par' dir='ltr' id='par_1_98' title="bbox 434 4842 2021 4919">
     <span class='ocr_line' id='line_1_98' title="bbox 434 4842 2021 4919; baseline 0.007 -25"><span class='ocrx_word' id='word_1_691' title='bbox 434 4842 755 4912; x_wconf 73' lang='lat' dir='ltr'><strong>proﬂuendo</strong></span> <span class='ocrx_word' id='word_1_692' title='bbox 822 4850 1017 4917; x_wconf 87' lang='lat' dir='ltr'><strong>pocula</strong></span> <span class='ocrx_word' id='word_1_693' title='bbox 1053 4867 1065 4901; x_wconf 86' lang='lat'><strong>:</strong></span> <span class='ocrx_word' id='word_1_694' title='bbox 1101 4849 1298 4916; x_wconf 79' lang='lat' dir='ltr'><strong>quales</strong></span> <span class='ocrx_word' id='word_1_695' title='bbox 1355 4848 1637 4919; x_wconf 89' lang='lat' dir='ltr'><strong>quondam</strong></span> <span class='ocrx_word' id='word_1_696' title='bbox 1669 4856 1831 4905; x_wconf 87' lang='lat' dir='ltr'><strong>erant</strong></span> <span class='ocrx_word' id='word_1_697' title='bbox 1860 4851 2021 4905; x_wconf 74' lang='lat' dir='ltr'><strong>beata</strong></span> 
     </span>
    </p>
   </div>
   <div class='ocr_carea' id='block_1_99' title="bbox 2128 4830 3716 4919">
    <p class='ocr_par' dir='ltr' id='par_1_99' title="bbox 2131 4830 3716 4910">
     <span class='ocr_line' id='line_1_99' title="bbox 2131 4830 3716 4910; baseline -0.002 -15"><span class='ocrx_word' id='word_1_698' title='bbox 2131 4840 2372 4895; x_wconf 84' lang='grc' dir='ltr'>δείκνυσι</span> <span class='ocrx_word' id='word_1_699' title='bbox 2404 4840 2461 4894; x_wconf 79' lang='grc' dir='ltr'><strong>δέ</strong></span> <span class='ocrx_word' id='word_1_700' title='bbox 2491 4858 2605 4903; x_wconf 81' lang='grc' dir='ltr'><strong>πως</strong></span> <span class='ocrx_word' id='word_1_701' title='bbox 2636 4840 2733 4895; x_wconf 72' lang='grc' dir='ltr'><strong>καὶ</strong></span> <span class='ocrx_word' id='word_1_702' title='bbox 2765 4839 3048 4910; x_wconf 79' lang='grc' dir='ltr'>τράπεζαν</span> <span class='ocrx_word' id='word_1_703' title='bbox 3068 4838 3268 4910; x_wconf 79' lang='grc' dir='ltr'>ἑαυτὴν</span> <span class='ocrx_word' id='word_1_704' title='bbox 3295 4838 3615 4909; x_wconf 79' lang='grc' dir='ltr'>ὑπεράγιον,</span> <span class='ocrx_word' id='word_1_705' title='bbox 3648 4830 3716 4892; x_wconf 80' lang='grc' dir='ltr'><strong>ὡς</strong></span> 
     </span>
    </p>
   </div>
   <div class='ocr_carea' id='block_1_100' title="bbox 436 4920 2021 5011">
    <p class='ocr_par' dir='ltr' id='par_1_100' title="bbox 436 4934 2021 5011">
     <span class='ocr_line' id='line_1_100' title="bbox 436 4934 2021 5011; baseline 0.008 -26"><span class='ocrx_word' id='word_1_706' title='bbox 436 4934 540 4988; x_wconf 76' lang='lat' dir='ltr'><strong>ilia:</strong></span> <span class='ocrx_word' id='word_1_707' title='bbox 571 4935 788 5005; x_wconf 77' lang='lat' dir='ltr'><strong>hostiae,</strong></span> <span class='ocrx_word' id='word_1_708' title='bbox 819 4952 883 4993; x_wconf 90' lang='lat' dir='ltr'><strong>ac</strong></span> <span class='ocrx_word' id='word_1_709' title='bbox 939 4939 1083 4993; x_wconf 79' lang='lat' dir='ltr'><strong>calix</strong></span> <span class='ocrx_word' id='word_1_710' title='bbox 1118 4939 1210 4995; x_wconf 89' lang='lat' dir='ltr'><strong>illc</strong></span> <span class='ocrx_word' id='word_1_711' title='bbox 1234 4955 1345 5011; x_wconf 83' lang='lat' dir='ltr'><strong>quo</strong></span> <span class='ocrx_word' id='word_1_712' title='bbox 1398 4940 1532 4995; x_wconf 90' lang='lat' dir='ltr'><strong>illud</strong></span> <span class='ocrx_word' id='word_1_713' title='bbox 1561 4939 1747 4997; x_wconf 87' lang='lat' dir='ltr'><strong>divine</strong></span> <span class='ocrx_word' id='word_1_714' title='bbox 1767 4956 2021 4997; x_wconf 86' lang='lat' dir='ltr'><strong>consum-</strong></span> 
     </span>
    </p>
   </div>
   <div class='ocr_carea' id='block_1_101' title="bbox 2128 4920 3714 5011">
    <p class='ocr_par' dir='ltr' id='par_1_101' title="bbox 2131 4920 3714 5006">
     <span class='ocr_line' id='line_1_101' title="bbox 2131 4920 3714 5006; baseline -0.008 -18"><span class='ocrx_word' id='word_1_715' title='bbox 2131 4935 2294 4988; x_wconf 76' lang='grc' dir='ltr'>αὐτὸν</span> <span class='ocrx_word' id='word_1_716' title='bbox 2314 4934 2434 5006; x_wconf 84' lang='grc' dir='ltr'>ὅλον</span> <span class='ocrx_word' id='word_1_717' title='bbox 2466 4934 2558 4987; x_wconf 78' lang='grc' dir='ltr'>τὸν</span> <span class='ocrx_word' id='word_1_718' title='bbox 2583 4932 2851 4996; x_wconf 76' lang='grc' dir='ltr'>ζωοποιὸν</span> <span class='ocrx_word' id='word_1_719' title='bbox 2872 4931 3061 5005; x_wconf 82' lang='grc' dir='ltr'>ἄρτον,</span> <span class='ocrx_word' id='word_1_720' title='bbox 3090 4931 3183 4985; x_wconf 84' lang='grc' dir='ltr'>τὸν</span> <span class='ocrx_word' id='word_1_721' title='bbox 3212 4930 3421 5002; x_wconf 77' lang='grc' dir='ltr'>Κύριον</span> <span class='ocrx_word' id='word_1_722' title='bbox 3446 4927 3603 5002; x_wconf 77' lang='grc' dir='ltr'>ἡμῶν</span> <span class='ocrx_word' id='word_1_723' title='bbox 3628 4920 3714 4977; x_wconf 80' lang='grc' dir='ltr'><strong>καὶ</strong></span> 
     </span>
    </p>
   </div>
   <div class='ocr_carea' id='block_1_102' title="bbox 392 5025 2021 5111">
    <p class='ocr_par' dir='ltr' id='par_1_102' title="bbox 392 5033 2021 5111">
     <span class='ocr_line' id='line_1_102' title="bbox 392 5033 2021 5111; baseline 0.007 -32"><span class='ocrx_word' id='word_1_724' title='bbox 392 5060 403 5064; x_wconf 96' lang='grc'><strong>-</strong></span> <span class='ocrx_word' id='word_1_725' title='bbox 432 5035 640 5081; x_wconf 81' lang='lat' dir='ltr'><strong>malum</strong></span> <span class='ocrx_word' id='word_1_726' title='bbox 699 5038 894 5085; x_wconf 89' lang='lat' dir='ltr'><strong>nectar</strong></span> <span class='ocrx_word' id='word_1_727' title='bbox 924 5041 1247 5104; x_wconf 87' lang='lat' dir='ltr'><strong>susceptum</strong></span> <span class='ocrx_word' id='word_1_728' title='bbox 1312 5040 1397 5089; x_wconf 77' lang='lat' dir='ltr'><strong>est</strong></span> <span class='ocrx_word' id='word_1_729' title='bbox 1430 5033 1543 5106; x_wconf 79' lang='grc'><strong>(91)</strong></span> <span class='ocrx_word' id='word_1_730' title='bbox 1577 5051 1590 5087; x_wconf 93' lang='lat'>:</span> <span class='ocrx_word' id='word_1_731' title='bbox 1623 5034 1715 5090; x_wconf 87' lang='lat' dir='ltr'><strong>sed</strong></span> <span class='ocrx_word' id='word_1_732' title='bbox 1771 5035 1887 5107; x_wconf 84' lang='lat' dir='ltr'><strong>ipsa</strong></span> <span class='ocrx_word' id='word_1_733' title='bbox 1925 5052 2021 5111; x_wconf 89' lang='lat' dir='ltr'><strong>pa-</strong></span> 
     </span>
    </p>
   </div>
   <div class='ocr_carea' id='block_1_103' title="bbox 2128 5025 3717 5111">
    <p class='ocr_par' dir='ltr' id='par_1_103' title="bbox 2136 5025 3717 5104">
     <span class='ocr_line' id='line_1_103' title="bbox 2136 5025 3717 5104; baseline -0.01 -17"><span class='ocrx_word' id='word_1_734' title='bbox 2136 5032 2269 5087; x_wconf 79' lang='grc' dir='ltr'>Θεδν</span> <span class='ocrx_word' id='word_1_735' title='bbox 2316 5029 2528 5104; x_wconf 82' lang='grc' dir='ltr'>Ἰησοῦν</span> <span class='ocrx_word' id='word_1_736' title='bbox 2567 5029 2826 5103; x_wconf 62' lang='grc' dir='ltr'>Χριστὸν,</span> <span class='ocrx_word' id='word_1_737' title='bbox 2866 5028 2965 5100; x_wconf 84' lang='grc' dir='ltr'>τὴν</span> <span class='ocrx_word' id='word_1_738' title='bbox 2999 5026 3221 5082; x_wconf 82' lang='grc' dir='ltr'>αἰώνιον</span> <span class='ocrx_word' id='word_1_739' title='bbox 3249 5026 3396 5098; x_wconf 82' lang='grc' dir='ltr'>ζωὴν</span> <span class='ocrx_word' id='word_1_740' title='bbox 3419 5067 3434 5093; x_wconf 93' lang='grc'><strong>,</strong></span> <span class='ocrx_word' id='word_1_741' title='bbox 3482 5025 3573 5078; x_wconf 83' lang='grc' dir='ltr'>τὸν</span> <span class='ocrx_word' id='word_1_742' title='bbox 3601 5034 3717 5074; x_wconf 79' lang='grc' dir='ltr'>συνο</span> 
     </span>
    </p>
   </div>
   <div class='ocr_carea' id='block_1_104' title="bbox 506 5164 931 5231">
    <p class='ocr_par' dir='ltr' id='par_1_104' title="bbox 506 5164 931 5231">
     <span class='ocr_line' id='line_1_104' title="bbox 506 5164 931 5231; baseline 0.005 -12"><span class='ocrx_word' id='word_1_743' title='bbox 506 5174 533 5207; x_wconf 70' lang='grc' dir='ltr'>ιι</span> <span class='ocrx_word' id='word_1_744' title='bbox 565 5164 729 5220; x_wconf 83' lang='lat' dir='ltr'><strong>Prov.</strong></span> <span class='ocrx_word' id='word_1_745' title='bbox 770 5183 848 5231; x_wconf 79' lang='lat' dir='ltr'><strong>ix,</strong></span> <span class='ocrx_word' id='word_1_746' title='bbox 878 5166 931 5222; x_wconf 78' lang='grc'><strong>1.</strong></span> 
     </span>
    </p>
   </div>
   <div class='ocr_carea' id='block_1_105' title="bbox 1756 5279 2146 5340">
    <p class='ocr_par' dir='ltr' id='par_1_105' title="bbox 1756 5279 2146 5340">
     <span class='ocr_line' id='line_1_105' title="bbox 1756 5279 2146 5340; baseline 0.005 -2"><span class='ocrx_word' id='word_1_747' title='bbox 1756 5279 2146 5340; x_wconf 76' lang='lat' dir='ltr'><strong>COMBEFISII</strong></span> 
     </span>
    </p>
   </div>
   <div class='ocr_carea' id='block_1_106' title="bbox 429 5376 2025 5450">
    <p class='ocr_par' dir='ltr' id='par_1_106' title="bbox 429 5376 2025 5450">
     <span class='ocr_line' id='line_1_106' title="bbox 429 5376 2025 5450; baseline 0.003 -20"><span class='ocrx_word' id='word_1_748' title='bbox 429 5391 564 5450; x_wconf 58' lang='lat' dir='ltr'><strong>vero</strong></span> <span class='ocrx_word' id='word_1_749' title='bbox 610 5377 775 5450; x_wconf 79' lang='lat' dir='ltr'><strong>etiam</strong></span> <span class='ocrx_word' id='word_1_750' title='bbox 821 5376 1097 5450; x_wconf 80' lang='lat' dir='ltr'><strong>ejusmodi</strong></span> <span class='ocrx_word' id='word_1_751' title='bbox 1142 5393 1205 5432; x_wconf 90' lang='lat' dir='ltr'><strong>ac</strong></span> <span class='ocrx_word' id='word_1_752' title='bbox 1235 5377 1382 5433; x_wconf 88' lang='lat' dir='ltr'><strong>velut</strong></span> <span class='ocrx_word' id='word_1_753' title='bbox 1411 5380 1589 5450; x_wconf 88' lang='lat' dir='ltr'><strong>prima</strong></span> <span class='ocrx_word' id='word_1_754' title='bbox 1613 5381 1919 5450; x_wconf 87' lang='lat' dir='ltr'><strong>corruptio,</strong></span> <span class='ocrx_word' id='word_1_755' title='bbox 1968 5379 2025 5435; x_wconf 90' lang='lat' dir='ltr'><strong>in</strong></span> 
     </span>
    </p>
   </div>
   <div class='ocr_carea' id='block_1_107' title="bbox 430 5446 2030 5520">
    <p class='ocr_par' dir='ltr' id='par_1_107' title="bbox 430 5446 2030 5520">
     <span class='ocr_line' id='line_1_107' title="bbox 430 5446 2030 5520; baseline 0.003 -21"><span class='ocrx_word' id='word_1_756' title='bbox 430 5446 619 5520; x_wconf 63' lang='lat' dir='ltr'><strong>Mariae</strong></span> <span class='ocrx_word' id='word_1_757' title='bbox 648 5448 753 5520; x_wconf 82' lang='lat' dir='ltr'><strong>fuit</strong></span> <span class='ocrx_word' id='word_1_758' title='bbox 775 5458 957 5520; x_wconf 75' lang='lat' dir='ltr'><strong>utero,</strong></span> <span class='ocrx_word' id='word_1_759' title='bbox 989 5449 1314 5517; x_wconf 82' lang='lat' dir='ltr'><strong>Christique</strong></span> <span class='ocrx_word' id='word_1_760' title='bbox 1334 5446 1490 5520; x_wconf 27' lang='lat' dir='ltr'><strong>&#39;cx&#39;ea</strong></span> <span class='ocrx_word' id='word_1_761' title='bbox 1521 5461 1712 5518; x_wconf 87' lang='lat' dir='ltr'><strong>partu;</strong></span> <span class='ocrx_word' id='word_1_762' title='bbox 1742 5446 1887 5520; x_wconf 75' lang='lat' dir='ltr'><strong>quod</strong></span> <span class='ocrx_word' id='word_1_763' title='bbox 1918 5450 2030 5503; x_wconf 89' lang='lat' dir='ltr'><strong>An-</strong></span> 
     </span>
    </p>
   </div>
   <div class='ocr_carea' id='block_1_108' title="bbox 432 5518 2028 5591">
    <p class='ocr_par' dir='ltr' id='par_1_108' title="bbox 432 5518 2028 5591">
     <span class='ocr_line' id='line_1_108' title="bbox 432 5518 2028 5591; baseline 0.003 -22"><span class='ocrx_word' id='word_1_764' title='bbox 432 5518 600 5591; x_wconf 70' lang='lat' dir='ltr'><strong>dreas</strong></span> <span class='ocrx_word' id='word_1_765' title='bbox 643 5518 780 5591; x_wconf 69' lang='lat' dir='ltr'><strong>scite</strong></span> <span class='ocrx_word' id='word_1_766' title='bbox 837 5519 1151 5590; x_wconf 79' lang='lat' dir='ltr'><strong>distinguit.</strong></span> <span class='ocrx_word' id='word_1_767' title='bbox 1206 5518 1364 5587; x_wconf 85' lang='lat' dir='ltr'><strong>Quod</strong></span> <span class='ocrx_word' id='word_1_768' title='bbox 1401 5522 1652 5591; x_wconf 83' lang='lat' dir='ltr'><strong>sequitur</strong></span> <span class='ocrx_word' id='word_1_769' title='bbox 1697 5536 1709 5571; x_wconf 89' lang='lat'><strong>:</strong></span> <span class='ocrx_word' id='word_1_770' title='bbox 1744 5518 1878 5591; x_wconf 51' lang='lat' dir='ltr'><strong>frti&#39;w</strong></span> <span class='ocrx_word' id='word_1_771' title='bbox 1917 5521 2028 5591; x_wconf 81' lang='grc' dir='ltr'>γὰρ</span> 
     </span>
    </p>
   </div>
   <div class='ocr_carea' id='block_1_109' title="bbox 429 5586 2027 5674">
    <p class='ocr_par' dir='ltr' id='par_1_109' title="bbox 429 5586 2027 5674">
     <span class='ocr_line' id='line_1_109' title="bbox 429 5586 2027 5674; baseline 0.004 -36"><span class='ocrx_word' id='word_1_772' title='bbox 429 5586 602 5674; x_wconf 55' lang='lat' dir='ltr'><strong>ouium</strong></span> <span class='ocrx_word' id='word_1_773' title='bbox 629 5589 727 5658; x_wconf 82' lang='grc' dir='ltr'><strong>οὐχ</strong></span> <span class='ocrx_word' id='word_1_774' title='bbox 757 5588 992 5674; x_wconf 58' lang='grc' dir='ltr'>ἅπτεται</span> <span class='ocrx_word' id='word_1_775' title='bbox 1013 5586 1035 5656; x_wconf 67' lang='grc' dir='ltr'><em>ξ</em></span> <span class='ocrx_word' id='word_1_776' title='bbox 1058 5586 1257 5674; x_wconf 69' lang='lat' dir='ltr'><strong>allusit)</strong></span> <span class='ocrx_word' id='word_1_777' title='bbox 1303 5602 1386 5646; x_wconf 86' lang='lat' dir='ltr'><strong>est</strong></span> <span class='ocrx_word' id='word_1_778' title='bbox 1416 5586 1650 5673; x_wconf 27' lang='lat' dir='ltr'><strong>adlillud</strong></span> <span class='ocrx_word' id='word_1_779' title='bbox 1680 5609 1708 5672; x_wconf 44' lang='grc' dir='ltr'><strong>ε·</strong></span> <span class='ocrx_word' id='word_1_780' title='bbox 1728 5590 1849 5674; x_wconf 74' lang='lat' dir='ltr'><strong>Non</strong></span> <span class='ocrx_word' id='word_1_781' title='bbox 1874 5586 2027 5674; x_wconf 59' lang='lat' dir='ltr'><strong>dabis</strong></span> 
     </span>
    </p>
   </div>
   <div class='ocr_carea' id='block_1_110' title="bbox 432 5660 2028 5740">
    <p class='ocr_par' dir='ltr' id='par_1_110' title="bbox 432 5660 2028 5740">
     <span class='ocr_line' id='line_1_110' title="bbox 432 5660 2028 5740; baseline 0.003 -30"><span class='ocrx_word' id='word_1_782' title='bbox 432 5660 698 5740; x_wconf 37' lang='lat' dir='ltr'><strong>.b&#39;ancl&#39;nm</strong></span> <span class='ocrx_word' id='word_1_783' title='bbox 729 5669 917 5715; x_wconf 80' lang='lat' dir='ltr'><strong>tuum:</strong></span> <span class='ocrx_word' id='word_1_784' title='bbox 947 5661 1038 5740; x_wconf 64' lang='grc' dir='ltr'>τὸν</span> <span class='ocrx_word' id='word_1_785' title='bbox 1071 5663 1219 5717; x_wconf 78' lang='grc' dir='ltr'>ὅσιόν</span> <span class='ocrx_word' id='word_1_786' title='bbox 1251 5679 1347 5715; x_wconf 88' lang='grc' dir='ltr'><strong>σου</strong></span> <span class='ocrx_word' id='word_1_787' title='bbox 1368 5678 1382 5693; x_wconf 80' lang='grc'><em>’</em></span> <span class='ocrx_word' id='word_1_788' title='bbox 1414 5662 1507 5732; x_wconf 87' lang='lat' dir='ltr'><strong>qui</strong></span> <span class='ocrx_word' id='word_1_789' title='bbox 1551 5670 1636 5740; x_wconf 72' lang='lat' dir='ltr'><strong>est</strong></span> <span class='ocrx_word' id='word_1_790' title='bbox 1667 5662 2028 5740; x_wconf 80' lang='lat' dir='ltr'><strong>singulariter</strong></span> 
     </span>
    </p>
   </div>
   <div class='ocr_carea' id='block_1_111' title="bbox 434 5727 2024 5804">
    <p class='ocr_par' dir='ltr' id='par_1_111' title="bbox 434 5727 2024 5804">
     <span class='ocr_line' id='line_1_111' title="bbox 434 5727 2024 5804; baseline 0.001 -20"><span class='ocrx_word' id='word_1_791' title='bbox 434 5729 553 5804; x_wconf 71' lang='lat' dir='ltr'><strong>ipse</strong></span> <span class='ocrx_word' id='word_1_792' title='bbox 582 5727 745 5804; x_wconf 50' lang='lat' dir='ltr'><strong>{esus</strong></span> <span class='ocrx_word' id='word_1_793' title='bbox 777 5749 789 5786; x_wconf 86' lang='lat'><strong>:</strong></span> <span class='ocrx_word' id='word_1_794' title='bbox 820 5734 1057 5801; x_wconf 82' lang='lat' dir='ltr'><strong>quadam</strong></span> <span class='ocrx_word' id='word_1_795' title='bbox 1090 5749 1221 5791; x_wconf 85' lang='lat' dir='ltr'><strong>vero</strong></span> <span class='ocrx_word' id='word_1_796' title='bbox 1253 5727 1555 5804; x_wconf 79' lang='lat' dir='ltr'><strong>aptatione,</strong></span> <span class='ocrx_word' id='word_1_797' title='bbox 1588 5731 1716 5787; x_wconf 79' lang='lat' dir='ltr'><strong>Jesu</strong></span> <span class='ocrx_word' id='word_1_798' title='bbox 1753 5727 2024 5801; x_wconf 73' lang='lat' dir='ltr'><strong>proxima,</strong></span> 
     </span>
    </p>
   </div>
   <div class='ocr_carea' id='block_1_112' title="bbox 430 5797 776 5857">
    <p class='ocr_par' dir='ltr' id='par_1_112' title="bbox 430 5797 776 5857">
     <span class='ocr_line' id='line_1_112' title="bbox 430 5797 776 5857; baseline 0.006 -2"><span class='ocrx_word' id='word_1_799' title='bbox 430 5797 563 5855; x_wconf 77' lang='lat' dir='ltr'><strong>Jesu</strong></span> <span class='ocrx_word' id='word_1_800' title='bbox 590 5800 776 5857; x_wconf 78' lang='lat' dir='ltr'><strong>Mater.</strong></span> 
     </span>
    </p>
   </div>
   <div class='ocr_carea' id='block_1_113' title="bbox 514 5872 2025 5942">
    <p class='ocr_par' dir='ltr' id='par_1_113' title="bbox 514 5872 2025 5942">
     <span class='ocr_line' id='line_1_113' title="bbox 514 5872 2025 5942; baseline -0.001 -15"><span class='ocrx_word' id='word_1_801' title='bbox 514 5872 622 5940; x_wconf 66' lang='grc'>,91)</span> <span class='ocrx_word' id='word_1_802' title='bbox 655 5873 769 5942; x_wconf 77' lang='lat' dir='ltr'><strong>Quo</strong></span> <span class='ocrx_word' id='word_1_803' title='bbox 807 5874 945 5930; x_wconf 78' lang='lat' dir='ltr'><strong>illud</strong></span> <span class='ocrx_word' id='word_1_804' title='bbox 981 5876 1151 5931; x_wconf 74' lang='lat' dir='ltr'><strong>ditinc</strong></span> <span class='ocrx_word' id='word_1_805' title='bbox 1177 5882 1601 5932; x_wconf 73' lang='lat' dir='ltr'><strong>consummatum</strong></span> <span class='ocrx_word' id='word_1_806' title='bbox 1637 5880 1819 5927; x_wconf 79' lang='lat' dir='ltr'><strong>nectar</strong></span> <span class='ocrx_word' id='word_1_807' title='bbox 1848 5888 2025 5928; x_wconf 79' lang='lat' dir='ltr'><strong>susce-</strong></span> 
     </span>
    </p>
   </div>
   <div class='ocr_carea' id='block_1_114' title="bbox 2213 5284 2452 5342">
    <p class='ocr_par' dir='ltr' id='par_1_114' title="bbox 2213 5284 2452 5342">
     <span class='ocr_line' id='line_1_114' title="bbox 2213 5284 2452 5342; baseline 0.008 -2"><span class='ocrx_word' id='word_1_808' title='bbox 2213 5284 2452 5342; x_wconf 66' lang='lat' dir='ltr'><strong>NOTAE.</strong></span> 
     </span>
    </p>
   </div>
   <div class='ocr_carea' id='block_1_115' title="bbox 2127 5368 3707 5450">
    <p class='ocr_par' dir='ltr' id='par_1_115' title="bbox 2127 5368 3707 5450">
     <span class='ocr_line' id='line_1_115' title="bbox 2127 5368 3707 5450; baseline -0.003 -14"><span class='ocrx_word' id='word_1_809' title='bbox 2127 5392 2276 5450; x_wconf 78' lang='lat' dir='ltr'><strong>plum</strong></span> <span class='ocrx_word' id='word_1_810' title='bbox 2310 5393 2410 5439; x_wconf 77' lang='lat' dir='ltr'><strong>est.</strong></span> <span class='ocrx_word' id='word_1_811' title='bbox 2449 5383 2508 5437; x_wconf 86' lang='lat'><strong>&#39;0</strong></span> <span class='ocrx_word' id='word_1_812' title='bbox 2541 5382 2636 5436; x_wconf 70' lang='grc' dir='ltr'>τοῦ</span> <span class='ocrx_word' id='word_1_813' title='bbox 2667 5380 2950 5444; x_wconf 82' lang='grc' dir='ltr'>θεοτελοῦς</span> <span class='ocrx_word' id='word_1_814' title='bbox 2979 5379 3243 5450; x_wconf 79' lang='grc' dir='ltr'>νέκταρος</span> <span class='ocrx_word' id='word_1_815' title='bbox 3274 5373 3486 5450; x_wconf 48' lang='grc' dir='ltr'>δοχεύςς</span> <span class='ocrx_word' id='word_1_816' title='bbox 3517 5368 3707 5450; x_wconf 52' lang='lat' dir='ltr'><strong>Nemi‘?</strong></span> 
     </span>
    </p>
   </div>
   <div class='ocr_carea' id='block_1_116' title="bbox 2128 5444 3709 5524">
    <p class='ocr_par' dir='ltr' id='par_1_116' title="bbox 2128 5444 3709 5524">
     <span class='ocr_line' id='line_1_116' title="bbox 2128 5444 3709 5524; baseline -0.003 -16"><span class='ocrx_word' id='word_1_817' title='bbox 2128 5444 2353 5524; x_wconf 80' lang='lat' dir='ltr'><strong>sanguis</strong></span> <span class='ocrx_word' id='word_1_818' title='bbox 2391 5454 2730 5512; x_wconf 80' lang='lat' dir='ltr'><strong>Dominit-us.</strong></span> <span class='ocrx_word' id='word_1_819' title='bbox 2788 5468 2899 5522; x_wconf 88' lang='lat' dir='ltr'><strong>quo</strong></span> <span class='ocrx_word' id='word_1_820' title='bbox 2936 5464 3043 5505; x_wconf 81' lang='lat' dir='ltr'><strong>nos</strong></span> <span class='ocrx_word' id='word_1_821' title='bbox 3063 5444 3339 5524; x_wconf 82' lang='lat' dir='ltr'><strong>sapientia</strong></span> <span class='ocrx_word' id='word_1_822' title='bbox 3370 5444 3577 5524; x_wconf 55' lang='lat' dir='ltr'><strong>divina,</strong></span> <span class='ocrx_word' id='word_1_823' title='bbox 3605 5447 3709 5524; x_wconf 54' lang='lat'><strong>159;&quot;?</strong></span> 
     </span>
    </p>
   </div>
   <div class='ocr_carea' id='block_1_117' title="bbox 2128 5510 3703 5595">
    <p class='ocr_par' dir='ltr' id='par_1_117' title="bbox 2128 5510 3703 5595">
     <span class='ocr_line' id='line_1_117' title="bbox 2128 5510 3703 5595; baseline -0.008 -18"><span class='ocrx_word' id='word_1_824' title='bbox 2128 5525 2181 5577; x_wconf 90' lang='lat' dir='ltr'><strong>in</strong></span> <span class='ocrx_word' id='word_1_825' title='bbox 2232 5510 2353 5590; x_wconf 68' lang='lat' dir='ltr'><strong>nos,</strong></span> <span class='ocrx_word' id='word_1_826' title='bbox 2408 5540 2549 5595; x_wconf 82' lang='lat' dir='ltr'><strong>quos</strong></span> <span class='ocrx_word' id='word_1_827' title='bbox 2596 5525 2650 5579; x_wconf 90' lang='lat' dir='ltr'><strong>in</strong></span> <span class='ocrx_word' id='word_1_828' title='bbox 2696 5510 2856 5577; x_wconf 75' lang='lat' dir='ltr'><strong>tinem</strong></span> <span class='ocrx_word' id='word_1_829' title='bbox 2906 5528 2962 5575; x_wconf 90' lang='lat' dir='ltr'><strong>et</strong></span> <span class='ocrx_word' id='word_1_830' title='bbox 2991 5510 3703 5595; x_wconf 52' lang='lat' dir='ltr'><strong>consummatedilexissff:</strong></span> 
     </span>
    </p>
   </div>
   <div class='ocr_carea' id='block_1_118' title="bbox 2129 5584 3704 5665">
    <p class='ocr_par' dir='ltr' id='par_1_118' title="bbox 2129 5584 3704 5665">
     <span class='ocr_line' id='line_1_118' title="bbox 2129 5584 3704 5665; baseline 0.001 -18"><span class='ocrx_word' id='word_1_831' title='bbox 2129 5584 2656 5665; x_wconf 63' lang='lat' dir='ltr'><strong>(-haritatls&#39;ittsigtti</strong></span> <span class='ocrx_word' id='word_1_832' title='bbox 2694 5600 3055 5665; x_wconf 60' lang='lat' dir='ltr'><strong>argumento,</strong></span> <span class='ocrx_word' id='word_1_833' title='bbox 3077 5590 3133 5643; x_wconf 93' lang='lat' dir='ltr'><strong>in</strong></span> <span class='ocrx_word' id='word_1_834' title='bbox 3161 5584 3529 5665; x_wconf 64' lang='lat' dir='ltr'><strong>Eucharislia.</strong></span> <span class='ocrx_word' id='word_1_835' title='bbox 3548 5584 3704 5665; x_wconf 40' lang='grc' dir='ltr'><strong>,συί-’1⁸</strong></span> 
     </span>
    </p>
   </div>
   <div class='ocr_carea' id='block_1_119' title="bbox 2130 5656 3700 5729">
    <p class='ocr_par' dir='ltr' id='par_1_119' title="bbox 2130 5656 3700 5729">
     <span class='ocr_line' id='line_1_119' title="bbox 2130 5656 3700 5729; baseline 0.003 -10"><span class='ocrx_word' id='word_1_836' title='bbox 2130 5665 2400 5723; x_wconf 86' lang='lat' dir='ltr'><strong>hodierna</strong></span> <span class='ocrx_word' id='word_1_837' title='bbox 2430 5666 2519 5721; x_wconf 81' lang='lat' dir='ltr'><strong>dic</strong></span> <span class='ocrx_word' id='word_1_838' title='bbox 2541 5656 2808 5725; x_wconf 69' lang='lat' dir='ltr'><strong>solemnis</strong></span> <span class='ocrx_word' id='word_1_839' title='bbox 2830 5661 3109 5723; x_wconf 74' lang='lat' dir='ltr'><strong>memoria:</strong></span> <span class='ocrx_word' id='word_1_840' title='bbox 3137 5657 3458 5729; x_wconf 76' lang='grc' dir='ltr'>πραεόρτιον</span> <span class='ocrx_word' id='word_1_841' title='bbox 3478 5656 3700 5729; x_wconf 56' lang='grc' dir='ltr'><strong>αῧῖωΡξν</strong></span> 
     </span>
    </p>
   </div>
   <div class='ocr_carea' id='block_1_120' title="bbox 2132 5714 3703 5860">
    <p class='ocr_par' dir='ltr' id='par_1_120' title="bbox 2132 5714 3703 5860">
     <span class='ocr_line' id='line_1_120' title="bbox 2132 5714 3703 5860; baseline -0.014 -69"><span class='ocrx_word' id='word_1_842' title='bbox 2132 5714 3136 5860; x_wconf 46' lang='lat' dir='ltr'><strong>gain}?inéitiiii&#39;foéiéut;{iturine</strong></span> <span class='ocrx_word' id='word_1_843' title='bbox 3166 5714 3230 5784; x_wconf 73' lang='lat' dir='ltr'><strong>ac</strong></span> <span class='ocrx_word' id='word_1_844' title='bbox 3268 5714 3552 5784; x_wconf 66' lang='lat' dir='ltr'><strong>accuratus</strong></span> <span class='ocrx_word' id='word_1_845' title='bbox 3598 5714 3703 5770; x_wconf 77' lang='grc' dir='ltr'>Διιο</span> 
     </span>
     <span class='ocr_line' id='line_1_121' title="bbox 2175 5816 2552 5860; baseline 0 0"><span class='ocrx_word' id='word_1_846' title='bbox 2175 5823 2295 5860; x_wconf 86' lang='lat' dir='ltr'><strong>reas</strong></span> <span class='ocrx_word' id='word_1_847' title='bbox 2345 5816 2552 5860; x_wconf 80' lang='lat' dir='ltr'><strong>noster.</strong></span> 
     </span>
    </p>
   </div>
   <div class='ocr_carea' id='block_1_121' title="bbox 2174 5816 2552 5863">
    <p class='ocr_par' dir='ltr' id='par_1_121' title="bbox 2174 5816 2552 5863">
     <span class='ocr_line' id='line_1_122' title="bbox 2174 5816 2552 5863; baseline -0.011 0"><span class='ocrx_word' id='word_1_848' title='bbox 2174 5823 2295 5863; x_wconf 88' lang='lat' dir='ltr'><strong>reas</strong></span> <span class='ocrx_word' id='word_1_849' title='bbox 2345 5816 2552 5863; x_wconf 62' lang='lat' dir='ltr'><strong>DOSKBI‘.</strong></span> 
     </span>
    </p>
   </div>
  </div>
