4012 6446
324 371 466 440 1085

1361 367 1446 430 IN
1478 364 2025 430 DORMITIONEM
2059 363 2120 424 S.
2166 362 2457 424 ΜΑΡιΙΙΕ.
2500 363 2576 422 ΙΙ.

3472 352 3608 416 1036

320 483 456 551 οχέα
492 478 594 551 τῆς
619 477 879 543 κτίσεως,
920 478 980 532 ὲν
1013 478 1198 550 μήτρᾳ
1225 476 1610 549 οἰκονομικῶς,
1633 477 1697 529 ὲκ
1731 472 1912 545 ζύμης

2027 470 2151 536 iam,
2179 469 2383 524 eximia
2412 469 2569 538 plane
2603 467 2923 538 divinaque,
2960 463 3082 534 ejus
3133 467 3605 518 sacramentorum

317 568 415 622 τοῦ
433 567 731 639 Ἀδαμαίυυ
760 567 1083 643 φυράματος
1099 567 1534 639 ἀρτοποιηθέντα
1555 566 1880 640 βαστάσασα
1897 581 1911 597 ο

314 659 414 712 τὸν
442 659 571 724 τοὺς
625 657 789 729 ίερῶς
826 657 1156 730 προσιόντας
1187 656 1371 728 αὐτῷ,
1413 657 1551 728 πρὸς
1589 655 1916 725 καινοτέραν

318 748 470 821 ζωὴν
514 750 863 816 ἐπανάγοντα
891 748 988 803 καὶ
1032 748 1301 813 θεοτελείς
1337 748 1734 819 ἐργαζόμενον,
1765 742 1809 816 ᾧ
1849 747 1915 818 δὴ

310 844 511 914 τρόπῳ
532 844 627 896 καὶ
656 840 1017 914 ἀνακαθαίρει
1040 840 1266 906 τούτους
1292 843 1391 895 καὶ
1416 840 1757 906 ἁθανατίζει,
1789 841 1916 904 τοὺς

310 937 464 992 κατά
501 935 719 1008 μέθεξιν
745 937 844 1007 τῆς
874 936 1012 1008 πρὸς
1050 937 1215 995 αὐτὸν
1244 937 1323 1007 τῷ
1361 926 1477 993 ὄντι
1511 934 1916 1007 καινοπρεποῢς

308 1029 607 1090 κοινωνίας
654 1030 1068 1100 οἰκειουμένους
1115 1028 1286 1098 αὐτῷ.
1325 1029 1387 1081 Ἃ
1425 1027 1481 1080 δὲ
1511 1028 1642 1090 τοὺς
1677 1025 1916 1097 ἐραστὰς

308 1123 480 1194 ἑστιᾷ
510 1122 798 1194 προδήλως
826 1120 999 1175 ταῦτά
1016 1122 1134 1174 ἐστι
1155 1135 1168 1150 ·
1196 1120 1266 1174 τὰ
1293 1120 1361 1173 δι’
1388 1112 1462 1173 ὧν
1491 1120 1521 1170 6
1553 1117 1668 1189 βίος
1704 1119 1916 1178 ἐκεῖνος

309 1216 655 1284 συνέστηκεν
681 1230 694 1243 ⁸
726 1214 754 1265 6
805 1214 1128 1285 ὐπερφερής
1172 1229 1232 1264 τε
1282 1212 1377 1267 καὶ
1407 1211 1675 1283 ἄρῤητοςσ
1712 1208 1808 1261 καὶ
1852 1199 1913 1259 οὗ

313 1308 488 1378 μηδὲν
519 1307 625 1361 τῶν
659 1307 716 1358 ἐν
738 1308 804 1378 τῇ
838 1306 1017 1361 κτίσει
1045 1304 1437 1374 θεωρουμένων
1477 1301 1625 1354 ἐστὶν
1648 1300 1913 1373 ὑψηλότε-

262 1474 267 1479 η
314 1418 415 1469 ρον
437 1416 451 1430 ·
483 1397 607 1450 καθ’
637 1396 695 1449 ὃν
734 1400 761 1453 6
797 1398 978 1468 πάσης
1010 1396 1293 1461 θεολογίας
1318 1395 1612 1456 -ὲπέκεινα,
1638 1394 1706 1445 δι’
1737 1392 1913 1465 ἀπορ-

313 1494 489 1561 ρήτου
535 1488 840 1551 κενώσεως,
871 1488 1041 1559 οἴκτῳ
1082 1488 1183 1559 τῆς
1211 1488 1342 1557 περὶ
1374 1489 1467 1538 τὸν
1495 1484 1781 1555 ἄνθρωπον
1815 1499 1915 1554 κη-

308 1583 573 1651 δεμονίας
612 1581 1021 1651 καμπτόμενος,
1060 1580 1154 1635 ἆτε
1199 1578 1562 1650 προαγωγεὺς
1605 1576 1716 1629 τῶν
1753 1575 1913 1641 ὅλων,

311 1674 498 1729 εἵλετο
549 1672 802 1744 δεύτερον
836 1673 998 1743 μέχρι
1032 1673 1125 1726 καὶ
1167 1672 1266 1743 τῆς
1310 1671 1467 1741 ἡμῶν
1496 1668 1912 1740 συγκαταϐῆναι

312 1764 614 1834 πτωχείας·
649 1762 745 1815 καὶ
772 1761 850 1832 τῷ
878 1762 1135 1832 ἡμετέρῳ
1167 1760 1559 1832 συμπλακῆναι
1590 1759 1909 1829 φυράματι·

318 1875 341 1908 ι
382 1858 794 1925 συμμετασχεῖν
839 1872 899 1907 τε
931 1854 1338 1927 παραπλησίως
1372 1855 1504 1924 ἡμῖν
1550 1853 1784 1924 αἵματος
1815 1852 1913 1907 καὶ

318 1947 528 2020 σαρκός
555 1963 567 1976 ο
610 1966 629 1998 ι
666 1950 691 2000 6
726 1947 1056 2021 ἀπροσδεὴς,
1082 1948 1111 2001 6
1151 1947 1535 2019 ὑπερπλήρης,
1566 1948 1593 1999 6
1615 1944 1875 2010 πλούσιος
1895 1988 1912 2012 ,

314 2043 347 2095 6
403 2040 478 2112 μὴ
527 2039 647 2097 κατ’
700 2039 963 2094 ἔκστασιν
1006 2040 1105 2109 τῆς
1151 2040 1479 2109 ὑπερουσίου
1519 2038 1775 2108 θεότητος
1816 2040 1915 2112 τὴν

316 2134 458 2188 εἴσω
497 2150 602 2204 περ
645 2134 817 2187 οἰκεῖν
845 2133 1097 2204 ἐλόμενος
1150 2131 1385 2203 ὓπαρξιν
1411 2177 1425 2196 ,
1459 2133 1573 2186 ἀλλ’
1620 2133 1917 2205 ἀκεραίους

317 2222 503 2297 ἑαυτῷ
534 2223 780 2294 φυλάξας
807 2225 903 2277 καὶ
934 2223 1207 2295 μετάλτὴν
1250 2224 1534 2295 ἄφραστον
1568 2223 1764 2277 ἕνωσιν
1790 2224 1915 2286 τοὺς

317 2315 518 2399 λόγους
571 2314 678 2368 τῶν
745 2313 1152 2376 συνελθόντων,
1212 2315 1490 2384 μηδεμιᾶς
1536 2314 1804 2385 δήπουθεν
1858 2316 1915 2365 ἐν

325 2407 483 2480 μέσῳ
532 2405 873 2478 χωρηθείσης
907 2405 1227 2475 συγχύσεως
1261 2405 1293 2475 ἦ
1331 2405 1652 2476 διαιρέσεως
1680 2421 1693 2434 ’
1730 2406 1758 2457 6
1793 2404 1916 2475 μηδ’

323 2500 515 2561 αὐτοῖς
567 2498 826 2566 ἀγγέλοις
867 2498 1182 2568 γνωρίσας,
1219 2497 1315 2549 καὶ
1369 2498 1481 2559 τοῖς
1522 2495 1917 2569 ὑπερκοσμίοις

316 2591 434 2647 τῶν
462 2593 516 2646 ὲν
549 2591 804 2660 οὐρανοῖς
836 2590 1138 2657 ταγμάτων
1173 2587 1569 2657 στρατιάρχαις
1592 2627 1608 2651 ,
1639 2587 1666 2638 ὃ
1697 2585 1749 2638 τί
1784 2584 1916 2637 ποτέ

317 2686 473 2737 ἐστιν
498 2673 637 2737 αὐτὸ
666 2682 728 2734 τὸ
766 2680 1121 2750 τελούμενον,
1165 2678 1307 2746 πλὴν
1331 2679 1412 2731 ἑνὶ
1449 2678 1557 2731 τῶν
1592 2676 1916 2750 πρωτίστων

316 2774 604 2845 ἀγγέλων,
662 2770 1123 2846 διακονησαμένῳ
1170 2772 1235 2841 τῇ
1273 2769 1524 2839 σωτηρίῳ
1556 2769 1768 2840 προόδῳ
1821 2766 1915 2821 τοῦ

318 2863 516 2919 καινοῦ
564 2862 892 2934 μυστηρίου.
921 2861 1111 2932 Ταύτῃ
1141 2861 1250 2931 γὰρ
1276 2862 1303 2912 6
1336 2862 1628 2930 ἀσώματος
1662 2876 1919 2926 σωματω-

322 2957 463 3023 θεὶς,
493 2958 583 3011 διὰ
615 2957 785 3026 μέσου
809 2956 927 3019 νοὸς
955 2956 1087 3026 ἡμῖν
1115 2956 1209 3007 καὶ
1241 2954 1440 3023 σαρκὸς
1473 2953 1915 3024 προσωμίλησεν,

325 3050 397 3103 ἵν’
429 3051 546 3112 ὅλος
590 3049 697 3119 ὅλῳ
726 3049 1021 3117 ἐγκραθεὶς
1057 3045 1135 3117 τῷ
1156 3047 1416 3117 ἡμετέρῳ
1446 3046 1728 3116 φυράματι
1755 3088 1766 3107 ,
1796 3046 1918 3099 ὅλον

2021 561 2385 633 spectacula:
2423 561 2489 614 ad
2530 575 2655 631 quae
2715 558 2979 619 maxime,
3039 556 3159 626 ipsa
3213 549 3342 608 festi
3388 548 3607 604 initium

2019 655 2283 710 collectos
2333 650 2663 716 adhortans,
2725 649 2910 706 statim
2978 647 3200 718 quidem
3272 658 3338 699 ex
3418 641 3605 712 seipse

2021 756 2230 820 quanta
2261 747 2334 804 sit
2361 746 2561 801 domus
2591 742 2916 815 Sapientiae,
2944 737 3219 802 ostendit;
3251 747 3423 805 seque
3472 746 3606 789 vero

2018 859 2122 900 ceu
2153 847 2516 914 praesanctam
2551 849 2798 890 mensam
2825 830 3050 887 exhibet
3078 843 3092 881 :
3119 833 3386 896 tanquam
3432 822 3605 877 nimi-

2018 952 2141 991 rum
2176 936 2357 1005 ipsum
2386 938 2562 985 totum
2583 927 2804 982 vitalem
2830 937 3050 996 panem,
3076 919 3366 975 Dominum
3396 916 3604 971 Deum-

2019 1045 2125 1101 que
2150 1026 2339 1082 Jesum
2389 1022 2692 1084 Christum,
2735 1029 2997 1073 aeternam
3028 1015 3175 1069 illam
3217 1013 3384 1067 vitam
3416 1025 3605 1065 rerum
3640 1052 3647 1067 .

2018 1124 2493 1177 conservatorem,
2524 1128 2595 1168 ex
2623 1109 2818 1164 Adami
2853 1121 3041 1162 massa
3075 1105 3132 1161 in
3166 1118 3367 1176 panem
3394 1102 3607 1156 forma-

2020 1222 2134 1267 tum
2181 1207 2600 1279 dispensatione
2653 1202 2892 1257 mirabili
2945 1201 3000 1255 in
3027 1209 3222 1254 ventre
3249 1196 3598 1269 portaverit:

2020 1304 2198 1368 illum,
2233 1302 2486 1372 inquam,
2523 1295 2616 1367 qui
2659 1304 2852 1349 sancte
2879 1294 2961 1346 ad'
2997 1307 3121 1347 eum
3157 1290 3501 1351 accedentes,
3538 1286 3607 1341 ad

2019 1406 2218 1447 novam
2265 1388 2556 1459 quamdam
2592 1385 2759 1438 vitam
2813 1380 3103 1445 subvehat,
3136 1394 3201 1433 ac
3245 1379 3432 1432 divine
3474 1393 3608 1432 coo-

2018 1492 2261 1543 sumntct
2292 1501 2306 1539 :
2343 1495 2453 1552 quo
2484 1479 2697 1535 scilicet
2728 1485 2782 1532 et
2808 1475 3071 1531 emundet
3096 1482 3149 1528 et
3180 1472 3346 1526 faciat
3374 1472 3607 1525 immor-

2018 1576 2180 1642 tales,
2239 1573 2406 1643 siqui
2448 1583 2603 1624 novat
2648 1561 2994 1634 eximiaeque'
3027 1562 3095 1617 ad
3135 1563 3318 1632 ipsum
3347 1576 3603 1615 commu-

2018 1671 2203 1729 nionis
2275 1664 2696 1737 participatione
2754 1675 2885 1715 vere
2940 1659 2990 1714 ei
3047 1656 3439 1711 conciliantur.
3484 1652 3610 1708 limo

2019 1763 2201 1833 plane,
2232 1758 2430 1831 quibus
2454 1756 2633 1827 palam
2675 1760 2928 1807 amantes
2975 1746 3375 1813 convivantur,
3407 1746 3610 1818 quibus

2019 1857 2277 1915 nimirum
2306 1853 2559 1909 consistit
2578 1851 2667 1905 illa
2685 1851 2792 1904 vita
2825 1866 2837 1900 :
2868 1847 3002 1913 vita,
3026 1846 3269 1915 inquam,
3292 1842 3611 1916 praecellens

2018 1959 2184 2022 atque
2245 1961 2486 2010 arcana;
2523 1951 2575 1997 et
2626 1956 2733 2012 qua
2780 1938 2920 1994 nihil
2951 1939 3004 1991 in
3057 1935 3265 1989 creatis
3315 1932 3610 1988 sublimius

2018 2050 2319 2099 occurrat:
2364 2052 2496 2110 qua,
2557 2035 2807 2106 inquam,
2860 2030 2955 2102 qui
3025 2027 3362 2099 theologiam
3435 2033 3606 2080 totam

2017 2146 2349 2201 omnemque
2403 2127 2471 2181 de
2499 2125 2610 2180 Deo
2639 2123 2908 2177 rationem
2952 2125 3200 2189 superat.
3226 2112 3611 2170 exinanitione

2018 2223 2307 2286 ineil‘abilt,
2336 2235 2457 2290 quae
2478 2219 2601 2287 ejus
2638 2215 2695 2269 in
2727 2213 3009 2268 hominem
3042 2223 3177 2264 cura
3202 2215 3286 2263 est
3313 2213 3367 2258 et
3389 2206 3611 2260 miseri-

2017 2316 2230 2378 cordia,
2266 2313 2414 2367 velut
2446 2310 2834 2363 universorum
2866 2309 3062 2358 auctor
3107 2298 3242 2370 (92),
3269 2297 3334 2351 ad
3363 2306 3607 2350 nostram

2018 2424 2194 2478 usque
2252 2407 2631 2476 paupertatem
2692 2398 2893 2451 iterum
2956 2392 3229 2447 inclinare
3293 2404 3354 2444 se
3413 2387 3610 2448 voluit,

2019 2512 2331 2570 nostraeque
2362 2509 2559 2549 massa:
2606 2488 2978 2551 commisceri,
3015 2501 3077 2539 ac
3122 2482 3292 2539 simili
3342 2479 3503 2535 nobis
3524 2493 3614 2531 ra-

2021 2594 2190 2655 tione.
2219 2589 2507 2645 nobiscum
2539 2604 2556 2635 ι
2583 2580 2912 2654 participare
2938 2592 3106 2631 carne
3124 2582 3176 2630 et
3201 2572 3472 2643 sanguine
3505 2578 3534 2607 τ
3558 2586 3607 2632 ς»

2021 2687 2088 2751 is,
2119 2687 2370 2753 inquam,
2425 2678 2516 2749 qui
2552 2676 2758 2731 nullius
2791 2682 2935 2742 eget,
2973 2668 3335 2740 plenissimus
3362 2663 3449 2716 ille
3476 2677 3489 2727 ;
3520 2660 3613 2713 ille

2017 2780 2198 2839 dives,
2247 2773 2341 2844 qui
2374 2788 2480 2826 nou
2540 2783 2776 2825 excessu
2818 2781 2847 2817 a
2905 2756 3431 2832 supersubstantiali
3466 2751 3613 2807 divi-

2019 2873 2211 2930 nitate,
2268 2880 2434 2937 quam
2494 2863 2641 2916 intra
2689 2857 2888 2912 ascivit
2950 2854 3087 2925 (95),
3122 2849 3300 2905 voluit
3356 2845 3609 2899 habitare

2018 2935 2411 3021 substantiam,
2447 2954 2542 3010 sed
2593 2953 2686 3021 qui
2718 2956 2841 3019 post
2873 2947 3037 3000 etiam
3069 2939 3402 2997 iueﬂabilem
3439 2935 3606 2990 unio-

2020 3071 2166 3115 nem,
2235 3045 2688 3106 concurrentium
2752 3042 2997 3109 integras
3058 3035 3304 3088 rationes
3337 3029 3444 3083 sibi
3480 3028 3600 3097 ipse

325 3142 488 3214 ἡμῶν
522 3139 806 3213 ἀνανεώσῃ
844 3139 905 3192 τὸ
941 3139 1301 3210 πρόσλημμα.
1342 3137 1491 3208 Αὕτη
1542 3137 1638 3207 μὲν
1685 3137 1762 3200 ὼς
1791 3137 1911 3191 κατ’

2027 3147 2291 3204 retinuit:
2334 3140 2621 3200 nimirum,
2685 3134 2833 3188 nulla
2887 3138 2981 3184 aut
3016 3125 3345 3183 confusione
3388 3128 3483 3175 aut
3526 3119 3616 3172 di-

327 3235 471 3305 ἐμὴν
500 3236 810 3305 ἐπιστήμην
837 3233 933 3286 καὶ
966 3229 1078 3285 οἷον
1104 3234 1246 3285 κατὰ
1272 3231 1331 3284 τὸ
1357 3232 1724 3303 πρόχειρον,ή
1754 3232 1917 3300 νοερά

325 3326 428 3397 τῆς
460 3327 763 3396 θεομύστου
796 3325 990 3395 σοφίας
1022 3323 1296 3397 τράπεζα.
1332 3324 1571 3379 Τοιαῦτα
1601 3325 1695 3377 καὶ
1730 3326 1799 3377 τὰ
1833 3325 1918 3377 ἐπ’

326 3420 466 3491 αὐτῇ
501 3418 782 3488 μυστικῶς
821 3419 1241 3491 ἱεροτελούμενα
1270 3418 1646 3488 θεοπαράδοτα
1672 3418 1834 3489 ὄργια
1854 3420 1919 3450 ⁶⁶⁶

324 3506 409 3576 οἷς
439 3512 661 3574 εἰκότως
691 3511 1143 3583 ἐπισημήνασθαι
1180 3512 1286 3582 χρὴ
1319 3512 1413 3566 καὶ
1438 3510 1505 3564 τά
1524 3513 1616 3564 ἐπὶ
1649 3512 1747 3583 τῆς
1777 3529 1924 3583 παρ.

328 3604 497 3675 ούσης
544 3605 758 3675 ἡμέρας
822 3605 1121 3676 μυστήρια,
1160 3604 1284 3657 καθ’
1312 3605 1442 3676 ἢνὴ
1491 3603 1794 3675 Θεομήτωρ
1834 3605 1925 3656 οὐ-

330 3696 420 3749 δὲν
489 3697 599 3750 τῶν
650 3697 791 3750 κατὰ
825 3697 988 3765 φύσιν
1031 3697 1252 3767 θεσμῶν
1299 3696 1725 3769 παραμείψασα,
1773 3698 1924 3769 νόμῳ

333 3789 413 3859 τῷ
452 3789 575 3844 καθ’
622 3792 774 3861 ἡμᾶς
837 3790 1249 3861 ὲλειτούργησε,
1297 3792 1390 3844 καὶ
1420 3790 1524 3843 ὑπὸ
1570 3792 1685 3854 τοῖς
1742 3791 1926 3855 αὐτοῖς

331 3883 479 3953 ὅροις
502 3885 632 3952 ἡμῖν
669 3882 769 3954 τὴν
796 3884 854 3936 ὲν
886 3884 1050 3955 σαρκὶ
1077 3882 1221 3953 ζωὴν
1256 3881 1927 3955 συνεπέρανε,’θαύματος

333 3977 516 4045 πλήρη
543 3974 920 4028 καταλιποῦσα
957 3975 1035 4044 τῷ
1077 3976 1180 4046 βίῳ
1224 3976 1321 4029 καὶ
1348 3978 1603 4043 γέννησιν
1629 3976 1724 4027 καὶ
1758 3975 1927 4044 μετάο

334 4085 546 4123 στασιν.
601 4069 666 4121 Et
702 4085 756 4121 τι
812 4066 945 4136 γοῦν
976 4068 1072 4121 καὶ
1115 4068 1225 4122 τῶν
1266 4068 1407 4136 ὑπὲρ
1457 4068 1606 4139 ἡμᾶς
1653 4066 1744 4119 ἐπ’
1787 4068 1925 4139 αὐτῇ

331 4161 475 4233 πρδς
495 4160 593 4231 τῆς
620 4160 769 4224 θείας
808 4159 1161 4231 ᾠκονόμηται
1195 4160 1433 4228 φύσεως,
1464 4160 1797 4231 θαυμαζέτω
1824 4176 1930 4230 μη-

330 4253 469 4317 δεὶς,
533 4252 670 4325 πρὸς
718 4252 778 4304 τὸ
844 4251 1123 4322 ἄφραστον
1176 4252 1395 4323 ἀφορῶν
1443 4252 1539 4308 τοῦ
1583 4250 1930 4316 τελεσθέντος

331 4344 726 4415 καινοπρεπῶς
755 4345 1078 4416 μυστηρίου,
1112 4344 1291 4417 πάσης
1341 4344 1604 4416 ἀπειρίας
1632 4343 1931 4417 ἀπειράκις

331 4438 582 4508 ἀπείρως
602 4436 967 4510 ἐξῃρημένου.
1000 4438 1107 4491 Καὶ
1138 4434 1248 4492 εἷεν
1268 4438 1335 4510 δὴ
1358 4438 1532 4497 ταῦτα
1552 4438 1618 4490 δι’
1651 4438 1775 4490 ὅλου
1803 4454 1930 4490 συν-

2021 3242 2234 3296 visioue
2275 3234 2552 3290 intellecta
2590 3216 2809 3290 media;
2843 3223 2938 3295 qui
3004 3232 3184 3289 neque
3213 3215 3378 3270 etiam
3405 3209 3617 3280 angelis

2022 3329 2406 3387 cmlestiumve
2460 3318 2720 3376 ordinum
2762 3312 2964 3368 inundo
3005 3307 3354 3377 superiorum
3389 3298 3602 3373 princi-

2023 3423 2210 3494 pibus,
2240 3432 2351 3473 uno
2374 3417 2642 3468 duntaxat
2675 3408 2911 3478 primate
2945 3401 3056 3474 (9i)
3091 3397 3415 3468 angelorum
3449 3405 3615 3447 exce-

2025 3527 2141 3590 pto,
2192 3526 2304 3586 quo
2379 3507 2637 3561 ministro
2691 3514 2897 3556 novum
2964 3495 3167 3551 salutis
3208 3493 3616 3546 sacramentum

2024 3584 2345 3681 processum
2405 3598 2726 3653 habiturum
2788 3597 2953 3656 esset,
3007 3585 3139 3658 quid
3194 3584 3273 3639 rei
3321 3587 3615 3653 gereretur

2026 3670 2265 3768 aperuit.
2322 3690 2419 3746 Sic
2450 3688 2598 3743 enim
2657 3685 2752 3754 qui
2795 3681 3159 3747 incorporeus
3219 3685 3327 3739 est,
3384 3670 3619 3724 indutus

2028 3803 2252 3859 corpus,
2308 3798 2367 3839 se
2417 3779 2581 3835 nobis
2613 3776 2852 3839 socium,
2916 3776 3098 3826 mente
3129 3780 3410 3834 carneque
3436 3760 3615 3815 media

2028 3855 2281 3953 adjunxit
2326 3895 2338 3930 :
2377 3884 2434 3929 ut
2481 3880 2652 3935 totus,
2689 3875 2895 3922 nostra).
2927 3863 3027 3917 ιοιί
3057 3873 3254 3914 massa:
3313 3855 3618 3916 immistus,

2030 3980 2372 4044 assumptam
2402 3975 2655 4023 natuer
2700 3969 2871 4016 totam
2911 3959 3272 4011 instauraret.
3338 3945 3497 4015 Quod
3530 3961 3618 4000 (τις

2031 4068 2144 4139 pio,
2171 4035 2241 4121 ac
2270 4061 2420 4117 velut
2458 4059 2511 4111 in
2545 4061 2806 4126 promptu
2837 4048 3101 4108 dixerim,
3144 4059 3207 4098 ea
3238 4049 3323 4097 est
3353 4035 3621 4108 Spil'ilaiiS

2032 4130 2264 4215 initiatae
2292 4154 2403 4208 Deo
2434 4146 2547 4221 (95)
2579 4143 2869 4214 sapientiae
2899 4153 3108 4194 mensa.
3146 4130 3431 4204 Ejusmodi
3467 4134 3631 4196 quo-1

2031 4268 2141 4324 que
2176 4256 2324 4325 sunt,
2357 4253 2413 4302 et
2441 4241 2700 4297 tradente
2733 4235 2866 4297 Deo,
2899 4230 3132 4303 mystice
3164 4227 3219 4281 in
3247 4240 3309 4281 ea
3343 4222 3624 4277 celebrata

2034 4314 2195 4403 sacra
2256 4318 2410 4409 orgia
2458 4350 2520 4390 ac
2573 4327 2932 4388 caeremoniis,
2979 4324 3184 4393 quibus
3224 4319 3391 4374 etiam
3428 4314 3627 4370 merito

2035 4436 2141 4490 diei
2178 4406 2347 4498 hujus
2378 4431 2728 4481 sacramenta
2783 4413 3163 4476 accesserint;
3205 4424 3311 4479 qua
3356 4406 3623 4460 nimirum

332 4532 654 4605 επτυγμένσ.
695 4533 789 4586 καὶ
832 4532 1069 4604 ἄρρητα,
1105 4533 1202 4589 καὶ
1247 4532 1338 4588 τὸν
1380 4535 1580 4589 οἰκεῖον
1611 4532 1771 4601 λόγον
1807 4531 1920 4586 ἀκί-

2038 4527 2134 4581 Dei
2187 4495 2380 4584 Mater,
2440 4514 2581 4571 nihil
2626 4508 2852 4566 mutatis
2890 4515 3101 4560 natura:
3133 4501 3371 4571 legibus,
3409 4498 3533 4551 lata:
3568 4495 3626 4548 in

407 4658 435 4686 '
465 4646 635 4707 Hebr.
692 4661 752 4711 tt,
789 4645 879 4704 14.

1628 4711 1861 4771 VARUE
1900 4704 2304 4765 LECTIONhS.
2336 4712 2341 4719 '

412 4811 566 4867 “(2.1.
595 4809 895 4886 μυστήρια.

412 4973 524 5044 (92)
571 4972 727 5028 Velut
759 4972 1123 5044 universorum
1157 4984 1362 5044 au_ctor.
1442 4964 1741 5044 τῶν-ὅλων.
1771 4961 1929 5044 ,ΑΙΙιιτ

300 5082 308 5089 -
341 5034 432 5101 sio
453 5034 628 5100 estad
660 5059 725 5097 ea
754 5058 876 5112 qtae
913 5042 1183 5096 habentur
1212 5039 1344 5107 Sap.
1390 5052 1455 5112 tt,
1488 5037 1579 5089 ubi
1613 5034 1841 5112 creatio,
1872 5040 1929 5087 et

340 5115 436 5170 Dei
465 5132 530 5168 ex
556 5114 646 5167 illa
673 5103 981 5167 dominium
1009 5103 1344 5179 assignatur,
1367 5106 1708 5179 universalis
1727 5103 1927 5179 divina:

342 5184 742 5240 misericordiae
770 5184 910 5237 ratio
933 5198 1028 5237 seu
1057 5173 1464 5250 argumentum.
1487 5176 1653 5250 illud,
1685 5176 1715 5227 6
1745 5173 1926 5250 πάσης

342 5256 625 5324 θεολογίας
682 5254 964 5319 ἐπέκεινα,
998 5244 1190 5324 ipsum
1221 5258 1304 5303 est
1353 5247 1499 5317 quod
1558 5244 1927 5324 Dionysio_'et

344 5328 472 5399 aliis
513 5315 794 5399 ᾦπέρθεος
817 5315 1035 5399 °__qu_od'
1061 5321 1320 5399 nimirum
1355 5315 1717 5399 transcendat
1758 5315 1915 5386 quid-

343 5397 475 5468 quid
514 5389 679 5468 Dcttiu
711 5389 1084 5468 intelligimus
1111 5392 1189 5468 \fcl
1222 5389 1518 5468 loquimur.

416 5468 532 5537 (95)
560 5465 754 5537 Quam
784 5454 931 5537 ἰηιζᾷ
974 5462 1180 5537 asciuit.
1226 5454 1336 5530 Τήν
1374 5458 1505 5511 εἴσω
1537 5472 1664 5527 περ.
1705 5454 1927 5537 Signiii-

347 5527 528 5592 catlta
550 5527 751 5591 factam
786 5537 838 5589 in
875 5535 1051 5589 Verbo
1084 5527 1341 5587 naturain
1375 5536 1736 5598 assumptum,
1779 5536 1835 5598 ut
1871 5527 1923 5577 in

348 5607 589 5689 prop-riis
609 5607 766 5689 salva
789 5605 1015 5688 omnino
1047 5600 1431 5675 permanserit.
1452 5599 1552 5654 Est
1575 5597 1760 5678 autem
1793 5597 1932 5649 facta

349 5667 402 5733 in
438 5667 556 5741 iilo,
593 5685 653 5731 ut
686 5677 866 5732 solum
898 5676 953 5729 in
986 5667 1218 5746 persona
1247 5680 1513 5746 tanquam
1558 5667 1831 5739 propriam
1853 5681 1933 5746 ac

348 5764 506 5807 suam
544 5737 806 5814 habente,
837 5737 1013 5818 eoque
1059 5744 1324 5818 maxime_
1350 5737 1621 5818 intimam,
1663 5754 1727 5818 ac
1786 5737 1932 5817 velut

352 5819 626 5882 altissime
685 5809 1125 5882 ineisistentcm,
1163 5830 1261 5886 pro
1291 5811 1387 5869 Dei
1433 5820 1618 5866 tamen
1660 5809 1931 5871 decentia,

1653 4871 1793 4927 (30M
1806 4867 2049 4925 BEFISII
2081 4864 2318 4922 ΝΟΤᾹ).

2039 4973 2105 5012 ac
2132 4944 2398 5011 ineﬂahili
2435 4967 2777 5022 prorsusque
2808 4965 3014 5007 arcana
3042 4945 3279 5002 ratione.
3304 4939 3637 5010 Suspectior

2038 5026 2401 5083 nihilominus
2424 5024 2643 5077 videtur
2669 5025 2874 5077 littera.

2111 5098 2225 5169 (94)
2266 5095 2379 5150 Uno
2410 5095 2676 5169 duntagcat
2697 5094 2955 5169 primate,
2986 5098 3102 5169 etc._
3132 5086 3226 5169 Sic
3258 5083 3421 5169 Bern.
3460 5095 3631 5149 supra

2037 5154 2240 5224 Hi‘ssuls
2267 5177 2368 5231 est,
2402 5174 2535 5228 etc.,
2562 5154 2716 5233 quod
2737 5154 3039 5233 exponunt
3068 5154 3307 5233 theologi
3339 5155 3405 5207 de
3439 5166 3629 5231 sacra-

2037 5240 2204 5296 menti
2237 5221 2608 5308 peruliaribu's
2638 5221 3077 5308 circumstantiis
3103 5221 3457 5308 ;e_.\'istiu-.ant
3480 5221 3628 5273 cnim

2036 5298 2403 5367 substantiam
2429 5322 2457 5359 a
2485 5305 2764 5375 principio
2785 5304 2996 5373 angelis
3028 5298 3351 5360 ret-elatam,
3372 5308 3494 5363 quae
3526 5307 3627 5344 nec

2044 5383 2297 5438 homines
2326 5391 2568 5448 prorsus
2596 5375 2841 5448 latuerit.

2106 5432 2219 5521 (795)
2248 5432 2503 5503 initiata:
2536 5446 2664 5521 Dee.
2692 5443 3009 5521 Θεομύστρυ
3036 5439 3249 5521 σοφίας.
3276 5432 3628 5521 ᾗιιιρξξσείηιδ

2035 5502 2154 5583 rei},
2188 5502 2346 5591 μυεῗν
2371 5530 2424 5572 et
2460 5517 2738 5589 μυεῖσθαι,
2782 5502 2991 5591 Graecis
3019 5502 3514 5591 signiticatiofillic
3549 5502 3630 5552 vi-

2039 5574 2202 5647 detur
2256 5574 2505 5645 derivata
2542 5605 2646 5643 rex
2705 5574 2847 5642 sumi
2885 5574 3126 5654 passive,
3168 5587 3227 5633 ut.
3276 5574 3627 5654 signiﬁcetur

2040 5643 2233 5728 maria,
2261 5643 2464 5716 divinis
2488 5677 2514 5712 a
2544 5658 2654 5714 Deo
2682 5643 2995 5728 rationibus
3019 5643 3296 5708 instructa
3326 5643 3627 5715 sapientia,

2034 5724 2416 5804 ρθιιιισὶιιδιειι·
2443 5732 2708 5804 spiritalis
2744 5744 2807 5783 ac
2835 5727 3084 5799 mystica:
3113 5733 3340 5783 incusat,
3376 5724 3631 5772 content-

2047 5803 2276 5875 pitttitmi
2314 5820 2465 5874 pl‘upt
2491 5803 2614 5857 sita.
