4012 6436
459 391 598 457 1087
1659 395 1717 456 S.
1750 396 2078 458 ANDRE/E

2180 395 2545 457 RETENSIS
3593 390 3719 457 1038

463 524 563 559 nos
599 502 702 574 legi
738 502 1006 559 obsecuta
1074 511 1179 565 est,
1208 501 1494 571 vitamque
1533 505 1813 561 carnalem
1850 507 2046 561 iisdem

2185 522 2313 576 ητον
2375 505 2589 575 ἔχοντα.
2649 502 2844 575 Ἡμεῖς
2904 503 2962 559 δὲ
3018 505 3119 573 τῆς
3172 506 3589 578 παναγεστάτης
3637 511 3720 566 τοῦ

462 610 630 667 atque
679 595 785 666 ipsi
837 594 1091 650 terminis
1144 594 1457 660 conclusit;
1501 595 1791 653 nativitate
1843 599 2053 668 pariter

2180 593 2465 664 ζωαρχικοῦ
2510 595 2743 665 σκήνους
2786 593 3204 665 ἐντυμὸεύσεως
3259 596 3360 668 τὴν
3408 598 3724 671 ἀνάμνησιν,

463 695 516 739 ct
553 693 751 749 morte,
781 682 960 753 plenis
990 684 1285 748 miraculo,
1329 685 1533 740 saeculo
1557 685 1791 742 relictis.
1822 687 1877 744 Si
1917 690 2051 760 quid

2180 688 2403 759 ,αμπροὶ
2432 687 2702 759 λαμπρῶς
2723 687 3075 760 ἑορτάσωμεν
3096 706 3109 721 ο
3135 690 3220 759 ἐφ’
3248 690 3316 762 ήν
3343 690 3459 762 ἅμα
3490 691 3569 763 τῷ
3610 712 3728 763 φαι-

464 777 676 846 itaque,
720 775 888 830 etiam
922 774 1092 831 altius
1116 789 1278 844 quam
1313 791 1414 845 pro
1436 775 1762 834 conditione
1787 780 2052 847 humana,

469 869 578 923 Deo
607 868 970 938 dispensante
1000 867 1056 922 in
1088 882 1150 923 ea
1178 877 1394 938 gestum
1428 868 1553 937 fuit,
1597 885 1764 927 nemo
1796 873 2052 943 miretur,

466 960 561 1030 qui
589 958 657 1012 ad
701 960 1063 1026 sacramenti,
1097 975 1319 1015 omnem
1379 960 1649 1018 inﬂnities
1685 962 1899 1019 inﬁnite
1930 966 2058 1021 inli-

469 1048 772 1103 uitudinem
802 1050 1217 1116 exsuperantis,
1259 1049 1549 1121 magniﬁce
1578 1066 1772 1107 novam
1798 1069 2061 1111 consum-

469 1141 771 1197 mationem
826 1142 1113 1212 respiciat.
1183 1144 1260 1196 Ac
1309 1158 1440 1198 vero
1492 1142 1695 1200 fuerint
1744 1147 1835 1201 illa
1871 1149 2061 1205 clausa

470 1235 700 1290 omnino
749 1243 918 1301 atque
972 1249 1199 1299 arcana,
1258 1242 1313 1289 et
1380 1236 1583 1305 quibus
1640 1239 1861 1309 propria
1919 1243 2062 1296 ratio

471 1333 692 1379 constet
749 1326 1001 1379 immota.
1056 1325 1170 1381 Non
1238 1342 1369 1381 vero
1441 1329 1812 1385 sanctissimae
1858 1330 2062 1388 viviﬁci

474 1416 819 1470 tabernaculi
892 1417 1280 1473 tumulationis
1379 1418 1701 1474 memoriam
1788 1431 1903 1477 toto
1958 1400 2077 1479 laeti

477 1507 825 1564 celebremus
874 1509 1193 1578 splendore,
1250 1510 1658 1581 magniﬁcaque
1717 1513 1941 1569 latitia:
1976 1517 2063 1572 cui

476 1600 823 1654 celebrandae
861 1601 1133 1669 spiritalia
1166 1602 1351 1655 omnia
1374 1617 1501 1658 cum
1530 1605 1841 1674 corporeis,
1874 1607 1921 1661 si
1955 1623 2064 1677 qua

444 1703 458 1715 '
479 1700 535 1744 ct
565 1692 689 1745 θα)ιί
744 1691 948 1746 habent
978 1700 1033 1747 et
1069 1703 1237 1759 terra,
1268 1692 1480 1763 pariter
1515 1706 1874 1767 congregata,
1909 1698 2069 1769 Regi-

482 1798 609 1836 nam
671 1783 884 1838 honore
948 1795 1380 1854 prosequuntur,
1415 1787 1831 1858 triumphoque,
1874 1792 2063 1862 generi

2159 779 2373 851 νομένῳ
2390 782 2500 834 πᾶν
2523 780 2587 839 τὸ
2613 780 2928 850 νοούμενον,
2962 782 3089 836 ὅσον
3116 798 3178 836 τε
3203 782 3480 853 οὐράνιον,
3505 784 3599 837 καὶ
3617 785 3729 841 ὅσον

2160 870 2401 939 ἐπίγειον
2424 872 2481 935 ἐς
2504 870 2700 926 ταυτὸν
2728 870 3140 943 ἀθροιζόμενον,
3158 873 3258 943 τὴν
3279 873 3535 927 Βασιλίδα
3560 878 3734 946 γεραίο
3784 906 3801 919 ε

2166 979 2247 1032 ρει
2279 963 2374 1016 καὶ
2414 963 2799 1035 προπομπεύει
2829 963 2925 1017 τοῦ
2959 964 3152 1033 γένους
3186 965 3547 1037 ἐπίπροσθεν·
3589 967 3645 1031 ἐξ
3678 962 3733 1021 οὗ

2164 1054 2259 1108 καὶ
2292 1054 2469 1108 κοινὸν
2506 1055 2838 1127 ἱλαστήριον,
2873 1056 3035 1110 τοῦτο
3057 1055 3120 1127 δὴ
3159 1056 3220 1110 τὸ
3247 1058 3306 1124 ἐξ
3333 1057 3504 1128 αὐτῆς
3536 1059 3738 1129 ἀχειρο-

2164 1145 2387 1215 τμήτως
2440 1146 2771 1217 ναοποιηθέν
2799 1145 3122 1200 δεσποτικὸν
3152 1149 3244 1200 καὶ
3281 1152 3548 1218 σωτήριον
3582 1165 3736 1219 προσ⁸

2166 1236 2440 1306 εκτήσατο
2466 1236 2647 1307 σῶμα,
2667 1235 2760 1291 τοῦ
2786 1239 2966 1309 πάσης
2995 1237 3244 1308 ἐμφύτου
3268 1239 3364 1292 καὶ
3387 1240 3583 1309 νοερᾶς
3599 1239 3740 1309 κινή-

2169 1340 2309 1387 σεως
2343 1327 2827 1397 συμμετασχόντος
2846 1329 2999 1399 ἡμῖν,
3035 1328 3205 1399 μόνης
3222 1327 3322 1398 τῆς
3353 1328 3626 1399 ἁμαρτίας
3647 1348 3742 1398 χω-

2172 1414 2277 1486 ρίς.
2317 1416 2381 1468 Ὢ
2418 1415 2515 1470 τοῦ
2563 1417 2873 1489 θαύματοςι
2918 1418 2982 1473 Ἡ
3015 1418 3151 1473 θεὸν
3193 1418 3287 1472 τὸν
3340 1419 3743 1491 άπειρομεγέθη

2169 1508 2523 1579 περιγραφῆς
2568 1510 2787 1581 ἁπάσης
2821 1510 3181 1583 διωρισμένον
3205 1551 3221 1578 ,
3254 1512 3313 1565 ἐν
3338 1511 3526 1583 μικρῷ
3572 1512 3745 1583 χωρίῳ

2170 1599 2268 1671 τῆς
2281 1601 2482 1673 ἑαυτῆς
2504 1602 2695 1676 νηδύος
2715 1604 3055 1676 ὑπερουσίως
3082 1607 3403 1677 χωρήσασα,
3437 1606 3674 1676 σήμερον
3697 1607 3746 1658 ἐν

2172 1695 2537 1766 περιγράπτῳ
2560 1695 2717 1767 κλίνῃ
2741 1696 3096 1768 διφρεύουσα,
3125 1698 3314 1768 χερσὶν
3335 1697 3505 1752 ὁσίων
3536 1697 3746 1768 κηδεύε-

2171 1803 2284 1839 ται.
2323 1786 2387 1838 Ἦ
2419 1787 2644 1852 κόλποις
2669 1792 2784 1854 τοῖς
2838 1791 3040 1861 ἑαυτῆς
3073 1789 3439 1862 ἐνθρονίσασα
3461 1789 3553 1843 τὸν
3572 1788 3748 1852 νώτοις

483 1874 825 1943 praemittunt
890 1851 1003 1944 (9ίὶ)
1031 1893 1043 1927 ;
1074 1851 1142 1929 οἱ
1172 1892 1284 1945 quo
1340 1877 1507 1931 etiam
1569 1851 1903 1937 c-onnnunev
1928 1882 2065 1937 illud

2180 1877 2527 1949 Χερουϐικοῖς
2548 1851 2935 1951 ἐποχούμενοι),
2956 1851 3260 1946 ἐννκὸλποις
3292 1882 3506 1954 πέτρας
3531 1880 3748 1949 ὑπογλυ-

482 1966 968 2035 propitiatorium;
1002 1966 1173 2035 quod,
1218 1966 1470 2037 inquam,
1495 1986 1562 2024 ex
1604 1971 1719 2041 ipsa
1747 1972 1868 2028 sine
1902 1990 2069 2030 manu

483 2056 536 2110 in
570 2057 830 2125 templum
855 2066 1204 2112 exstructum
1238 2067 1323 2113 est
1346 2059 1696 2115 Donniuicum
1727 2072 1781 2117 et
1802 2065 2068 2133 salutare,

482 2148 631 2205 illius
664 2150 856 2204 habuit
921 2166 1153 2219 corpus,
1186 2152 1277 2221 qui
1316 2153 1487 2208 totius
1539 2169 1566 2207 a
1604 2164 1801 2210 natura
1842 2169 1897 2213 et
1951 2160 2071 2229 spi-

482 2241 661 2293 ritalis
722 2249 926 2308 motus,
960 2257 1071 2295 uno
1115 2241 1388 2296 duntaxat
1420 2245 1647 2315 dempto
1684 2258 1934 2317 peceato,
1971 2268 2073 2305 no-

482 2334 694 2389 biscum
744 2335 1020 2405 particeps
1084 2334 1204 2390 luit.
1255 2335 1299 2392 Ο
1333 2338 1698 2394 miraculum!
1739 2341 1873 2409 Quae
1903 2344 2069 2399 Deum

484 2422 702 2477 inﬁnita
761 2425 1150 2493 magnitudine
1206 2426 1757 2499 incircumscriptum
1847 2436 2074 2489 omnino

485 2517 703 2569 modica
735 2517 876 2571 uteri
912 2518 996 2573 sui
1056 2519 1366 2588 capacitate
1429 2522 1756 2578 mirabiliter
1784 2528 2073 2597 complexa
2118 2524 2131 2534 ’

486 2620 683 2677 capere
721 2610 919 2679 potuit,
961 2619 1280 2665 sanctorum
1322 2611 1485 2669 hodie
1518 2617 1795 2685 manibus,
1823 2623 2075 2676 circum-

487 2700 698 2769 scripto
736 2713 1088 2771 angustoque
1146 2703 1348 2759 lectulo
1380 2706 1655 2771 insidens,
1680 2710 1829 2778 justa
1857 2714 2073 2784 recipit.

487 2791 622 2857 Quae
674 2808 777 2847 suo
809 2794 985 2863 ipsius
1015 2798 1140 2849 sinu
1168 2796 1615 2855 Cherubinorum
1656 2801 1906 2860 humeris
1956 2807 2075 2863 ine-

486 2884 792 2952 quitantem
820 2887 973 2940 illum
999 2890 1147 2943 velut
1174 2889 1305 2943 sede
1328 2890 1553 2956 locavit,
1584 2894 1636 2947 in
1670 2905 1881 2951 cavatae
1908 2911 2076 2967 petra:

487 2976 638 3036 sinu,
700 2977 914 3031 tumulo
986 2982 1211 3047 ponitur
1251 3000 1262 3034 :
1298 2997 1362 3035 ac
1413 2983 1576 3053 cujus
1630 2996 1850 3055 partum
1893 2994 2074 3061 anguli

426 3080 429 3083 ·
488 3066 669 3120 mirati
714 3076 863 3131 sunt,
903 3070 1070 3139 hujus
1109 3072 1273 3126 hodie
1310 3074 1727 3132 tabernaculum
1784 3083 2075 3150 apostolici

2175 1971 2370 2039 φείσης
2416 1972 2751 2043 τυμϐεύεται
2781 1990 2793 2001 ·
2845 1974 2940 2026 καὶ
2982 1969 3049 2046 ἦς
3099 1973 3191 2027 τὸν
3234 1973 3395 2026 τόκον
3442 1971 3751 2041 ἐθαύμασαν

2175 2060 2421 2130 ἄγγελοι,
2466 2062 2673 2134 ταύτης
2717 2063 2812 2116 τοῦ
2861 2064 3095 2134 σκήνους
3145 2063 3483 2135 ἐξάρχουσαι
3526 2064 3751 2134 σήμερον

2176 2153 2533 2207 ιἰποστολικα)¹
2588 2158 2797 2225 χορεῖαι
2840 2154 3250 2225 προπέμπουσι.
3308 2153 3422 2206 Καὶ
3460 2154 3543 2216 τίς
3571 2153 3636 2207 ἂν
3656 2153 3753 2206 τῶν

2177 2248 2355 2299 ἐκεῖσε
2386 2246 2746 2300 τελεσθέντων
2774 2248 2901 2311 τοὺς
2936 2246 3127 2315 λόγους
3172 2246 3593 2319 διερμηνεύσειε
3621 2262 3635 2312 ;
3669 2246 3753 2310 Τίς

2176 2339 2299 2393 κατ’
2327 2340 2485 2406 ἀξίαν
2520 2340 2598 2410 τῷ
2635 2339 2923 2411 μυστηρίῳ
2948 2339 3341 2411 συνεπαρθείη;
3369 2339 3471 2403 Τίς
3498 2338 3752 2411 πτερώσει

2177 2431 2266 2484 τὸν
2296 2431 2423 2485 νοῦν
2452 2432 2527 2496 ὡς
2554 2433 2962 2502 συναναπτῆναι
2987 2432 3065 2503 τῷ
3090 2431 3354 2503 θαύματι,
3385 2432 3488 2485 καὶ
3511 2432 3611 2503 τὴν
3634 2431 3754 2501 πρὸς

2179 2524 2311 2577 αύτὺ
2365 2524 2561 2579 παθεῖν
2618 2526 2940 2592 κοινωνίαν;
2971 2525 3092 2591 Τίς,
3148 2525 3238 2577 ἵνα
3284 2524 3344 2578 τὸ
3399 2522 3754 2596 μετριώτερον

2180 2613 2321 2668 εἴπω
2348 2654 2361 2678 ,
2395 2617 2541 2687 τάχα
2567 2616 2625 2669 δὲ
2654 2619 2749 2670 καὶ
2774 2618 2884 2671 τῶν
2910 2616 3205 2688 δευτέρων,
3233 2616 3332 2687 τὴν
3366 2617 3500 2687 περὶ
3534 2614 3628 2670 τοῦ
3646 2614 3755 2668 καθ’

2178 2706 2331 2774 ἡμᾶς
2366 2704 2744 2776 συγκρίματος
2784 2708 2913 2778 ροήν
2935 2724 2995 2760 τε
3028 2707 3121 2761 καὶ
3142 2704 3425 2777 ἀπορροὴν
3451 2705 3755 2775 διαγράφω-

2180 2812 2280 2861 to;
2314 2796 2459 2865 Πρὸς
2504 2794 2570 2867 ἢν
2600 2797 2632 2867 ή
2686 2797 2850 2867 φύσις
2878 2796 3266 2869 ἀμηχανοῦσα,
3303 2796 3400 2852 καὶ
3442 2796 3523 2867 τῷ
3544 2796 3754 2868 άλήπτῳ

2179 2887 2278 2955 τῆς
2310 2886 2439 2957 περὶ
2462 2888 2633 2957 αὐτὴν
2657 2885 3071 2960 ὲκπληττομένη
3104 2888 3445 2955 συστάσεως,
3484 2890 3566 2952 είς
3588 2887 3755 2957 θαῦμα

2181 2977 2432 3048 τρέψασα
2456 2978 2555 3049 τὴν
2581 2980 2781 3050 ὁρμὴν,
2815 2980 2885 3035 τὰ
2905 2981 2998 3034 τοῦ
3040 2980 3207 3034 Δαὸὶδ
3239 2980 3609 3044 ἐνθεαστικῶς
3637 2978 3756 3049 πρὸς

2182 3069 2273 3123 τὸν
2301 3070 2410 3123 τῶν
2438 3070 2575 3124 ὅλων
2596 3070 2728 3124 Θεὸν
2763 3072 3201 3141 ἀποφθέγγεται·
3234 3091 3253 3125 ι
3276 3069 3753 3142 Ἐθαυμαστὼθηή

487 3160 643 3213 chori
678 3176 873 3231 pompa
913 3162 1196 3218 deducunt
1241 3174 1408 3236 atque
1438 3167 1697 3224 elleruut.
1729 3170 1867 3237 Quis
1906 3190 2076 3243 porro

2183 3159 2384 3228 γνῶσίς
2430 3177 2524 3213 σου
2576 3161 2634 3229 ἐξ
2668 3162 2803 3232 ἐμοῦ
2834 3179 2853 3241 ἰ
2875 3161 3226 3236 ἐκραταιώθη
3256 3204 3271 3228 ,
3322 3162 3387 3216 οὐ
3417 3162 3494 3233 μὴ
3530 3162 3756 3231 δύνωμαι

488 3265 678 3304 eormn
707 3267 830 3320 quae
861 3253 974 3307 illic
1007 3255 1286 3309 celebrata
1318 3265 1450 3312 sunt
1501 3260 1773 3325 rationes,
1807 3280 2081 3335 exposue-

490 3337 597 3393 rit?
627 3339 761 3406 Quis
798 3351 998 3405 mente,
1028 3346 1174 3397 velut
1212 3362 1422 3415 pennas
1450 3355 1845 3422 assumpserit,
1888 3365 1947 3410 ut
1982 3373 2082 3412 su-

491 3432 661 3486 blime
695 3441 884 3501 petens
929 3435 1286 3502 miraculum,
1320 3439 1504 3494 volatu
1542 3446 1811 3499 assectari
1850 3456 2083 3503 conten-

492 3524 607 3587 dat,
633 3524 866 3595 cjuSquc
898 3533 1290 3587 communione
1323 3533 1709 3589 vehementius
1760 3531 2083 3594 afficiatur?

466 3616 631 3681 .Quis
662 3618 905 3685 demum,
942 3633 1001 3676 ut
1034 3625 1179 3693 quod
1207 3625 1391 3679 minus
1427 3634 1511 3681 est
1542 3627 1762 3697 loquar,
1832 3631 1915 3685 vel
1947 3632 2084 3687 forte

494 3710 658 3764 etiam
690 3727 753 3765 ex
782 3716 1043 3771 secundis
1080 3718 1187 3772 illis
1218 3718 1353 3789 (97),
1386 3718 1531 3773 illam
1568 3719 1821 3777 humanae
1854 3738 2084 3779 c0ucre-

498 3804 666 3859 tionis
756 3804 1050 3863 ﬂiixionem
1132 3810 1611 3882 dciluxionemque
1676 3812 2088 3885 descripserit?

499 3890 600 3945 Cui
663 3893 1035 3965 intelligenda:
1097 3899 1274 3970 impar
1334 3909 1554 3963 natura,
1612 3918 1952 3975 srupcnsque
1997 3908 2085 3962 sui

505 3990 690 4038 status
724 3984 1244 4057 incomprclrcnsam
1278 3990 1694 4054 obscuritatem,
1736 3996 2099 4052 contentione

502 4073 557 4127 in
601 4076 930 4131 miraculum
970 4096 1153 4143 versa,
1210 4082 1357 4136 velut
1389 4080 1646 4138 Numinis
1679 4083 1883 4146 afﬂatu.
1921 4086 2087 4141 Davi-

500 4166 625 4220 dica
660 4168 748 4221 illa
779 4171 1167 4227 universorum
1201 4173 1312 4227 Deo
1344 4176 1727 4244 proloquitur:
1770 4197 1787 4228 ι
1819 4176 2089 4235 Mirabilis

502 4257 645 4312 facta
673 4268 756 4315 est
786 4264 1014 4318 scientia
1044 4274 1133 4320 tua
1158 4282 1224 4322 ex
1256 4283 1369 4333 me;
1399 4266 1711 4322 confortata
1749 4277 1855 4331 cst,
1894 4280 1947 4324 et
1981 4287 2087 4325 nou

501 4360 693 4419 potero
744 4355 810 4408 ad
840 4372 958 4409 eam
988 4372 1011 4398 ι
1040 4375 1059 4431 ηε
1101 4379 1119 4411 ι
1160 4360 1307 4431 velut
1373 4378 1482 4416 non
1542 4374 1754 4419 tantum
1786 4366 2089 4419 demiretur

503 4442 796 4499 humanam
821 4451 1231 4505 concretionem
1256 4469 1352 4508 seu
1378 4457 1864 4525 compositionem,
1890 4458 2083 4527 ejusvc

2185 3250 2323 3320 πρὸς
2352 3251 2545 3321 αὐτήν.
2590 3270 2607 3302 ι
2638 3254 2937 3322 Μονονουχὶ
2963 3251 3064 3324 τὴν
3104 3252 3232 3322 περὶ
3273 3254 3426 3325 ἡμᾶς
3451 3250 3755 3321 ἀποθαυμά-

2185 3342 2355 3405 ζουσα
2398 3342 2700 3415 σύμπηξιν,
2729 3345 2761 3415 ἦ
2798 3344 3072 3411 σύνθεσιν,
3100 3345 3132 3415 ἢ
3166 3344 3431 3416 ἔμπαλιν,
3458 3343 3558 3417 τὴν
3593 3345 3670 3407 είς
3694 3342 3754 3395 τὰ

2190 3434 2333 3505 μέρη
2378 3434 2684 3502 διάζευξιν
2721 3436 2837 3489 ἀλλ’
2885 3436 2985 3507 ήδη
3030 3436 3129 3506 μέν
3155 3454 3240 3490 τοι
3274 3438 3372 3490 καὶ
3401 3437 3464 3488 τὸ
3493 3436 3622 3507 περ)¹
3664 3434 3751 3503 τὴν

2186 3525 2447 3579 Βασιλίδα
2492 3525 2722 3598 ταύτην,
2748 3527 2847 3598 τὴν
2876 3527 3147 3598 ἄχραντόν
3178 3543 3239 3580 τε
3277 3527 3376 3581 καὶ
3429 3525 3757 3598 περιώνυμον
3790 3538 3797 3549 ·

2187 3617 2355 3672 αὑτοῦ
2402 3619 2636 3691 Μητέρα
2687 3620 3102 3692 δυστέκμαρτον
3136 3620 3547 3685 ἀποθειάζουσα
3593 3617 3757 3687 θαῦμα

2187 3709 2433 3775 ὃκοινῶς
2472 3727 2535 3765 τε
2582 3711 2740 3783 ήμῶν
2778 3713 2872 3765 καὶ
2928 3712 3075 3776 ἰδίως
3116 3712 3288 3782 αὐτῆς
3330 3709 3752 3784 γνωριζόμενον·

2188 3801 2337 3873 αὐτῷ
2383 3802 2530 3874 μόνῳ
2575 3802 2653 3867 ὡς
2690 3803 3020 3876 παντουργῷ
3051 3805 3146 3857 καὶ
3198 3803 3309 3858 τῶν
3333 3804 3597 3858 τοιούτων
3625 3804 3759 3872 ἐξερ-

2190 3896 2391 3966 γαστῇ,
2434 3894 2542 3964 πρὸ
2574 3894 2682 3949 τῶν
2706 3894 2920 3950 αἰώνων
2956 3894 3303 3964 διέγνωσται.
3341 3895 3520 3949 Τοῦτο
3561 3894 3756 3967 ὴμῶνή

2190 3986 2482 4050 διάπλασις
2508 4003 2521 4018 ·
2569 3988 2728 4041 τοῦτο
2752 3989 2910 4059 ἡμῶν
2941 3990 2974 4057 ή
3005 3988 3309 4059 σύμπηξις,
3342 3990 3376 4060 ή
3414 3988 3589 4053 λύσις,
3624 3988 3650 4041 ὃ
3678 3986 3757 4039 καὶ

2192 4080 2642 4151 πανηγυρίζομεν
2680 4082 2942 4153 σήμερον.
2961 4081 3157 4135 Ἔνθεν
3185 4082 3296 4150 ἐγὼ
3327 4082 3754 4152 συστελλόμενος,

2194 4172 2345 4243 φοδῷ
2373 4189 2432 4225 τε
2470 4174 2649 4243 τιμῶν
2688 4174 2749 4225 τὸ
2802 4175 3135 4245 μυστήριον,
3164 4174 3244 4246 τῷ
3277 4171 3757 4246 μεγαλοφωνοτάτῳ

2192 4264 2303 4318 τῶν
2350 4264 2647 4336 προφητῶν
2696 4263 2897 4335 Ἡσαΐᾳ
2941 4266 3369 4337 συμφθέγγομαι
3395 4283 3409 4297 ·
3446 4285 3464 4318 ι
3498 4266 3561 4318 Ὢ
3587 4262 3755 4324 τάλας,

2194 4357 2390 4424 λέγων,
2420 4356 2553 4425 ἐγὼ,
2587 4357 2670 4410 ὃτι
2701 4357 3132 4428 κατανένυγμαι·
3164 4359 3247 4412 ὅτι
3276 4357 3565 4430 ἄνθρωπος
3583 4356 3655 4409 ὢν
3678 4352 3758 4405 καὶ

2195 4450 2479 4520 ἀκάθαρτα
2503 4448 2658 4519 χείλη
2678 4448 2839 4519 ἔχων,
2874 4467 2892 4499 ι
2930 4446 3114 4518 τολμῶ
3140 4465 3194 4501 τι
3230 4449 3361 4520 περὶ
3397 4450 3496 4518 τῆς
3524 4445 3754 4514 καθαρᾶς

503 4549 725 4591 rursum
789 4540 843 4593 in
914 4555 1098 4610 partes
1156 4546 1589 4614 disjunctionem
1644 4565 1660 4602 :
1708 4552 1841 4619 quin
1907 4552 2078 4605 enim-

2197 4544 2291 4596 καὶ
2339 4542 2629 4612 ἀμιάντου,
2689 4526 2786 4594 καὶ
2834 4542 3018 4612 πάσης
3064 4541 3352 4610 ἁγιότητος
3391 4538 3755 4609 ὑπερ-πλήρους
3842 4554 3849 4561 ·

504 4643 654 4693 vero,
719 4638 774 4685 et
803 4630 917 4700 jam
954 4634 1158 4702 ipsum,
1220 4636 1272 4689 in
1334 4635 1547 4708 Regina
1575 4632 1688 4693 hac
1739 4640 2078 4695 immaculat:

2198 4639 2374 4690 εἰπεῖν
2400 4675 2413 4699 ,
2462 4636 2558 4689 καὶ
2594 4634 2777 4702 λόγοις
2809 4633 3019 4704 ταύτην
3056 4631 3366 4701 ἐπιταφίοις
3415 4628 3756 4700 ἐγκωμιάζειν

502 4717 1101 4792 illaillustrissimaque
1132 4725 1307 4794 ipsius
1340 4726 1536 4794 Matre,
1573 4730 1808 4784 arduum
1848 4732 2078 4786 miracu-

2200 4727 2486 4798 ἐπιχειρῶ,
2503 4722 2806 4799 ἦςνεφέλαι
2828 4725 2928 4795 μὲν
2953 4722 3346 4794 περικυκλοῦσι
3366 4722 3468 4793 τὴν
3485 4720 3623 4775 κατὰ
3638 4717 3755 4770 θεω·

506 4807 617 4862 lum
680 4814 908 4869 oraculo
948 4817 1192 4872 celebret
1237 4819 1351 4890 (98)
1393 4838 1405 4872 :
1445 4820 1590 4890 quod
1621 4822 1802 4893 palam
1837 4832 1890 4878 et
1933 4824 2078 4878 nobis

2205 4820 2327 4890 ρίαν
2345 4815 2827 4888 ἐπίϐασιν,ὁμίχ).η
2854 4813 2914 4868 δέ
2935 4831 3023 4878 τις
3060 4813 3227 4885 νοερὰ
3256 4811 3617 4884 περικέχυται
3649 4806 3753 4867 ταῖς

583 4995 608 5023 ι
629 4982 1050 5051 Psal-rxrxvm,
1095 4986 1152 5042 6.

1844 5141 2240 5199 COMBEFISII
2284 5142 2514 5199 NOTAE.

580 5280 689 5352 (96)
730 5277 926 5352 Generi
951 5279 1284 5347 promittunt
1314 5294 1332 5332 :
1366 5275 1879 5352 Προπομπεύειςτοῦ
1902 5277 2095 5352 γένους

508 5347 841 5422 ἔμπροσθεν.
883 5349 1046 5422 Velut
1083 5352 1223 5405 alias
1252 5357 1335 5422 Aet
1382 5347 1658 5404 secundas
1711 5347 2036 5422 pr_iinitia_s.__
2063 5362 2093 5401 a

509 5417 776 5476 lioniinici
799 5420 1061 5498 corporis
1084 5422 1230 5498 olim_
1250 5420 1302 5472 in
1337 5426 1541 5474 malum
1573 5418 1782 5488 recepti
1809 5417 2092 5498 primitiis,

514 5507 649 5559 quas
682 5493 900 5563 easdem
930 5493 1072 5563 ipsa,
1116 5506 1185 5563 ea
1218 5492 1340 5557 ipso
1374 5492 1955 5563 genereeomparavit
1987 5507 1998 5540 :
2029 5502 2095 5540 eo

514 5556 653 5616 facta
688 5562 780 5615 Dei
812 5556 1005 5625 Mater,
1030 5576 1141 5628 quo
1173 5556 1545 5627 bo’mofquod
1577 5557 1826 5612 Andreas
1854 5572 2095 5626 ευιμιιιηο

514 5634 663 5685 tihus
694 5632 953 5701 intendit,
987 5633 1149 5701 plane
1177 5628 1654 5701 exquisitissimis.

582 5701 695 5770 (97)
740 5698 830 5755 γει
856 5695 1172 5769 [ονιεέιίίιηι
1199 5695 1533 5770 επέεειιηᾴίδ
1565 5697 1695 5751 illis.
1729 5696 1885 5770 Τάχα
1910 5695 1967 5770 δέ
1998 5696 2094 5748 καὶ

514 5768 624 5823 τῶν
658 5768 954 5841 δευτέρων.
1013 5770 1287 5825 Proximis
1342 5769 1601 5841 nimirum
1651 5768 1995 5841 aktheolugis
2040 5776 2095 5821 ct

518 5838 1025 5912 aposwiis,'qualis
1049 5848 1166 5895 erat
1197 5840 1288 5896 ille
1320 5839 1649 5896 ilicrothcus
1680 5838 1926 5909 Donysii
1959 5852 2007 5891 c.
2031 5852 2092 5891 Ill

2196 5274 2274 5330 De
2324 5276 2495 5330 divin.
2532 5291 2701 5334 nom..
2757 5288 2865 5342 quo
2898 5282 3094 5329 auctor
3125 5271 3346 5336 alludit,
3374 5267 3747 5343 perstringens,

2194 5347 2468 5416 explicata
2498 5361 2562 5402 ex
2596 5346 2696 5416 illo
2740 5344 2809 5399 de
2845 5344 3030 5399 Mariae
3067 5343 3333 5408 transitu,
3377 5347 3432 5397 et
3468 5346 3747 5405 exsequiis,

2195 5414 2528 5486 praecedenti
2558 5414 2835 5486 oratione.

2264 5486 2377 5554 (98)
2420 5485 2662 5540 Arduum
2692 5484 3044 5554 miraculum,
3087 5481 3306 5554 oraculo
3358 5478 3592 5535 celebret.
3632 5477 3748 5554 Δυσς

2192 5545 2506 5628 τέκμαρ-τον
2524 5553 2934 5628 ἁποθειάζουσα
2955 5545 3163 5622 θαῦμα.
3189 5550 3346 5628 \_’_cl_ut
3363 5545 3745 5628 consecratis”?l

2160 5664 2173 5671 ε
2201 5607 2625 5696 ἱείήῖυῐῖεἰὸιιέιῆ
2651 5607 2927 5696 trahens,
2966 5607 3161 5696 achceu
3193 5623 3444 5696 divinum
3471 5615 3600 5696 quid.
3632 5607 3738 5696 clig-

2205 5713 2330 5753 rens
2362 5684 2560 5750 :videm
2613 5704 2779 5765 atque
2807 5684 3203 5765 ἐπιθειάζουσα
3223 5708 3235 5722 ·
3279 5690 3384 5765 nisi
3418 5684 3567 5765 forte.
3589 5684 3744 5765 lfgffﬂ'

2202 5744 2332 5821 an};
2357 5744 2962 5831 ὲεέἒῖἐπῖόέιὲξόύᾶα,
2978 5744 3136 5833 Quod
3170 5744 3252 5819 est
3274 5744 3437 5818 etiam
3463 5744 3735 5811 vaticinari.

2204 5847 2256 5894 ct
2294 5838 2450 5893 Suid.
2486 5834 2790 5907 ἑορτάζειν.
