4012 6452
342 417 476 482 108']

1352 421 1435 480 IN
1476 420 2032 482 DOBMITIONEM
2070 428 2131 482 ὅ.
2175 422 2468 485 ΜΛΒΙἉΕ.
2508 426 2624 487 III.

2490 292 2518 314 ο

3496 433 3638 499 1090

334 530 468 601 περὶ
509 529 680 601 αὐτὴν
726 517 978 600 λογικαῖς
1018 530 1340 598 ἀνελίξεσιν,
1366 526 1467 587 οὑκ
1529 530 1678 587 toea
1717 534 1932 604 τρανῶς

2047 548 2334 589 commune
2356 535 2519 607 eique
2542 538 2852 608 proprium,
2891 541 2996 598 soli
3032 542 3110 599 illi
3143 552 3201 600 ut
3242 545 3635 605 universorum

336 619 678 690 ὲκφα·.·θῆναι
700 621 801 695 τὴν
823 623 1279 695 συνεπτυγμένην
1308 623 1401 677 τοῦ
1437 627 1740 697 μυστηρίου
1773 627 1941 680 κατά·

335 710 505 782 ληψιν
529 712 595 783 ἢν
610 711 750 766 Θεοῦ
779 714 943 785 μόνου
969 715 1088 769 κατ’
1110 713 1270 780 ἀξίαν
1290 714 1664 785 ἐγκωμιάζειν
1689 716 1826 780 ἐστὶ,
1846 715 1941 770 τοῦ

335 802 522 872 λόγοις
534 797 611 867 οἷς
625 800 769 859 οἶδεν
785 805 949 871 αὐτὸς
960 806 1031 860 τὰ
1044 798 1280 879 ἐπ”αὺτῇ
1292 806 1620 879 δεδρακότος
1637 807 1878 877 μεγάλου
1886 826 1945 878 ρ⁴

335 896 570 966 γήματα
603 909 620 925 ⁶
657 897 734 968 μή
766 914 820 950 τι
854 896 949 953 οὖν
978 899 1108 971 ἐμοὶ
1132 899 1211 970 τῷ
1239 899 1418 971 χαμαὶ
1448 899 1711 970 κειμένῳ,
1746 900 1844 953 καὶ
1874 900 1944 955 τὰ

338 986 400 1040 ὲν
429 988 589 1041 ποσὶν
617 987 774 1042 οὐδὲν
804 990 887 1044 ὅτι
924 990 1089 1046 πλέον
1115 991 1305 1057 εἰδότι,
1346 992 1416 1046 δι’
1447 990 1659 1045 ἔνδειαν
1685 991 1789 1062 τῆς
1814 994 1943 1063 περὶ

336 1079 410 1133 τὰ
456 1079 603 1135 καλά
644 1083 1059 1153 προαιρέσεως·
1125 1085 1187 1138 ού
1242 1085 1308 1157 δή
1366 1101 1499 1139 ποτε
1551 1080 1648 1139 οὖν
1698 1086 1767 1139 τὰ
1810 1101 1941 1157 παρ’

337 1171 498 1237 ἀξίαν
553 1174 731 1228 εἰπεῖν
786 1175 1248 1247 αἰσχυνθήσομαι,
1310 1177 1406 1231 καὶ
1454 1179 1504 1231 εί
1567 1178 1644 1248 μὴ
1693 1176 1762 1230 τά
1814 1179 1937 1231 κατ’

338 1264 499 1331 ἀξίαν
523 1264 712 1335 λέγειν
752 1267 854 1322 οὐκ
885 1268 1027 1339 Exeo;
1068 1268 1209 1323 Ἀλλ’
1237 1268 1427 1340 ἐπειδὴ
1461 1269 1556 1324 καὶ
1591 1269 1652 1323 τὸ
1678 1270 1820 1324 κατά
1839 1270 1934 1323 δύο

340 1373 505 1426 ναμιν
518 1357 618 1410 οὐκ
643 1358 971 1430 ἀπόϐλητον,
1002 1359 1082 1431 τῷ
1106 1360 1290 1416 λαλεῖν
1318 1361 1416 1434 τὴν
1442 1361 1600 1432 σιγὴν
1621 1361 1944 1434 διακρούσο-

344 1464 468 1517 μαι,
505 1448 625 1519 Θεῷ
653 1449 751 1521 τὴν
777 1450 1017 1517 διάλεξιν
1036 1453 1373 1524 ἀναθέμενος
1397 1471 1410 1484 ο
1442 1455 1592 1526 αὐτῷ
1616 1458 1647 1526 ὴ
1672 1454 1821 1519 δόξα,
1848 1455 1942 1508 καὶ

341 1540 404 1592 τὸ
435 1541 638 1613 κράτος
679 1543 762 1607 εἰς
790 1544 919 1608 τοὺς
946 1544 1274 1617 σύμπαντας
1309 1548 1515 1613 αἰῶνας
1544 1549 1654 1602 τῶν
1698 1547 1936 1603 αἰώνων.

355 1632 415 1684 Ἀ
425 1632 550 1702 μήν.

2043 626 2281 692 auctori,
2337 642 2634 699 rerumque
2688 632 2960 702 ejusmodi
3015 638 3233 702 artifici,
3271 648 3402 695 ante
3430 645 3637 697 saecula

2042 716 2463 786 cognitumcest.
2498 718 2624 775 Haec
2656 734 2848 780 nostra
2893 724 3158 783 formatio
3179 739 3287 795 εει,
3333 730 3449 787 haec
3476 748 3636 806 com-

2042 809 2247 876 pactio,
2314 810 2428 866 haec
2480 813 2714 882 solutio,
2752 830 2921 886 quam
2977 828 3031 874 ει
3056 820 3264 897 celebri
3302 824 3467 880 hodie
3491 842 3636 881 con-

2044 910 2206 957 ventu
2242 902 2499 959 colimus.
2546 904 2687 963 [line
2752 922 2856 979 ego
2884 910 3116 979 Spiritus
3169 916 3532 982 contrahens,
3572 933 3636 976 ac

2051 993 2251 1049 timore
2307 995 2576 1052 honorem
2639 1010 2993 1063 sacramento
3032 1003 3265 1071 habens,
3303 1020 3428 1061 eum
3462 1025 3633 1064 voca-

2050 1081 2265 1138 lissimo
2314 1087 2711 1157 prophetarum
2746 1088 2890 1144 Isaia
2954 1095 3260 1162 pronuntio
3291 1114 3306 1151 :
3341 1116 3361 1150 ι
3392 1096 3437 1153 Ο
3470 1101 3640 1156 miser

2046 1189 2170 1244 ego,
2198 1175 2329 1245 quia
2374 1187 2740 1247 compunctus
2770 1196 2891 1235 sum
2921 1184 3090 1253 :quia
3133 1186 3298 1243 homo
3338 1204 3463 1244 cum
3506 1193 3634 1257 sim,

2045 1274 2101 1321 et
2129 1267 2412 1323 immu‘uda
2445 1270 2592 1325 labia
2624 1272 2910 1341 habensy.
2940 1292 2967 1330 ι
2988 1277 3057 1333 de
3090 1281 3298 1335 munda
3329 1283 3419 1336 illa
3450 1294 3500 1337 et
3532 1285 3638 1338 im—

2042 1359 2339 1425 maculata,
2371 1374 2435 1415 ac
2477 1360 2648 1418 totius
2677 1366 2990 1424 sanctitatis
3042 1370 3393 1439 plenissima,
3455 1377 3637 1428 audeo

2039 1449 2251 1519 aliquid
2304 1451 2479 1521 loqui,
2533 1468 2769 1523 eamque
2812 1469 3091 1525 praesumo
3147 1460 3430 1530 epilaphio
3454 1466 3638 1533 posito

2037 1542 2340 1609 celebrare,
2393 1543 2559 1613 cujus
2590 1545 2812 1615 quidem
2852 1552 3297 1619 contemplanda:
3320 1569 3635 1622 ascensum,

2036 1633 2212 1688 nubes
2242 1635 2297 1688 in
2344 1636 2584 1690 circuitu
2638 1639 2955 1707 prohibent,
3011 1642 3264 1711 quasdam
3300 1654 3484 1699 autem
3542 1664 3637 1701 ne-

339 1723 1164 1793 bula.spiritalisratiOnaiibus
1209 1728 1329 1798 ejus
1362 1729 1703 1785 circumfusa
1761 1727 1933 1799 gyris,
2005 1722 2435 1794 haudquaquam
2492 1727 2626 1781 sinit
2693 1735 2755 1781 ut
2797 1727 3045 1784 involuta
3105 1736 3441 1789 sacramenti
3490 1752 3640 1790 com-

344 1817 646 1885 prehensio
709 1820 923 1874 clarius
966 1800 1296 1890 explicetur.
1369 1822 1556 1877 Potest
1617 1824 1769 1877 solus
1834 1820 1976 1876 Deus
2055 1834 2154 1888 pro
2211 1816 2425 1873 meritis
2484 1817 2750 1886 laudare,
2802 1821 2899 1890 qui
2954 1822 3022 1877 iis
3068 1825 3274 1892 quibus
3324 1827 3477 1880 novit
3523 1828 3639 1897 ipse

340 1911 675 1973 rationibus,
740 1914 878 1969 mira
933 1915 1024 1968 illa
1082 1932 1249 1985 opera
1283 1919 1337 1971 in
1371 1934 1432 1973 ea
1460 1918 1686 1974 effecit:
1752 1924 1967 1971 tantum
2046 1930 2174 1969 vero
2239 1914 2397 1969 abest
2462 1922 2521 1968 ιιι
2580 1915 2636 1968 id
2666 1915 2799 1970 mihi
2863 1916 3011 1970 humi
3050 1909 3289 1989 dejeeto,
3338 1923 3542 1995 vixque
3573 1939 3638 1979 ea

338 2020 463 2072 quae
524 2014 657 2059 sunt
711 2006 764 2060 in
822 2006 1077 2075 pedibus,
1132 2010 1289 2065 bona:
1344 2012 1650 2067 voluntatis
1677 2009 1925 2077 defectu,
1964 2013 2255 2078 perSpecta
2287 2005 2539 2082 habenti,
2574 2010 2893 2063 conveniat.
2942 2008 3084 2064 Num
3158 2027 3290 2083 ergo
3351 2029 3476 2083 quae
3524 2032 3637 2069 me-

342 2097 509 2149 ritum
569 2106 855 2164 superant,
912 2099 1190 2155 erubuero
1246 2102 1455 2167 dicere,
1495 2103 1588 2172 qui
1645 2118 1824 2175 neque
1863 2117 1925 2155 ea
1967 2098 2174 2170 possim
2238 2096 2429 2151 dicere
2498 2112 2623 2167 quae
2665 2113 2761 2167 pro
2836 2101 3037 2156 merito
3080 2102 3377 2158 videntur?
3444 2105 3635 2159 Enim-

341 2202 473 2243 vero
496 2203 818 2258 etmtneque
850 2189 922 2244 sit
955 2191 1345 2259 respuendum,
1407 2194 1557 2264 quod
1614 2195 1687 2250 sit
1747 2210 1814 2249 ex
1879 2191 2162 2251 facultate,
2224 2185 2332 2241 Deo
2416 2200 2756 2242 consecrans
2826 2189 3303 2258 dissertationem,
3371 2210 3635 2250 sermone

325 2276 627 2341 'sileutium
692 2282 953 2351 repellam
989 2302 1001 2337 :
1055 2285 1158 2354 ipsi
1231 2286 1408 2357 gloria
1473 2297 1528 2343 et
1573 2295 1845 2359 potestas,
1899 2298 1997 2354 per
2034 2278 2219 2335 Omnia
2255 2279 2452 2333 szr-cula
2487 2279 2841 2335 saeculorum.
2873 2281 3070 2339 Amen.

971 2421 1194 2475 ΛΟΓΟΣ
1220 2421 1319 2476 lA'.

344 2536 453 2601 ΕΙς
473 2532 586 2602 τὴν
606 2536 900 2605 κοιμησιν
927 2535 1039 2612 τῆς
1058 2540 1389 2609 ὑπεραγίίις
1409 2542 1748 2609 Δεσποίνης
1767 2541 1940 2612 ἡμῶν

983 2610 1298 2664 Θεοτόκου.

416 2719 590 2774 Καλεῖ
647 2720 813 2775 πάλιν
873 2723 1021 2793 ἡμᾶς
1073 2723 1134 2777 τὸ
1200 2726 1423 2795 συνεχὲς
1466 2726 1562 2780 τοῦ
1600 2725 1760 2796 λόγου
1804 2728 1940 2794 πρὸς

339 2810 447 2882 τὴν
482 2813 795 2883 πανήγυριν
816 2830 830 2845 °
869 2814 964 2868 καὶ
990 2815 1072 2868 δεῖ
1130 2833 1195 2884 γε
1244 2817 1465 2883 πάντως
1498 2820 1649 2890 ἡμᾶς
1680 2823 1795 2885 τοῖς
1812 2821 1939 2891 ἑξῆς

341 2907 697 2975 προσενεῖραι
729 2905 799 2960 τὰ
829 2905 1106 2974 λείποντα,
1138 2909 1214 2973 ὡς
1256 2911 1322 2965 ἂν
1348 2911 1536 2981 ἄρτιος
1581 2913 1667 2984 εἴη
1705 2914 1733 2965 6
1781 2913 1939 2982 λόγος

342 2995 441 3047 καὶ
490 2994 709 3062 ἀλυτος,
769 2996 865 3049 τοῦ
916 2996 1305 3068 διεζευγμένου
1362 3000 1629 3055 πάντοθεν
1669 3003 1936 3074 ἀμοιρῶν.

347 3084 468 3137 Καὶ
496 3084 560 3156 δὴ
594 3083 727 3154 γοῦν
786 3088 845 3141 ὲν
908 3089 1023 3150 τοῖς
1083 3088 1353 3157 φθάσασιν
1397 3088 1474 3153 ὡς
1502 3083 1615 3144 οἶόν
1644 3109 1702 3144 τε
1729 3087 1821 3163 ἦν,
1853 3093 1941 3146 διὰ

345 3175 620 3247 βραχέων,
651 3176 721 3231 τὰ
746 3179 872 3250 περ)⁸
897 3179 998 3249 τῆς
1030 3179 1160 3245 θέας
1180 3168 1286 3234 ’τοῦ
1314 3180 1626 3253 ζωαρχικοῦ
1653 3183 1935 3254 σώματος,

335 3254 493 3333 ⁹λέγω
533 3266 596 3338 δὴ
648 3268 744 3323 τοῦ
797 3270 1134 3340 παρθενικοῦ
1174 3272 1276 3344 τῆς
1298 3272 1648 3348 Θεομήτορος
1681 3276 1936 3345 σκήνους,

344 3359 491 3433 πρὸς
529 3359 686 3429 ἡμῶν
742 3361 1126 3432 διηγόρευται·
1173 3363 1421 3418 λείπεται
1477 3365 1536 3419 δὲ
1587 3366 1671 3431 τίς
1711 3368 1738 3419 6
1775 3367 1944 3435 ῦμνος

343 3450 547 3514 εἰπεῖν,
577 3451 672 3503 καὶ
712 3451 780 3505 τὰ
804 3452 1123 3523 ὑμνούμενα
1148 3448 1257 3509 οἷα.
1290 3456 1400 3509 Καί
1432 3454 1477 3488 ⁸⁷
1509 3473 1601 3528 μοι
1647 3457 1742 3512 νῦν
1814 3458 1945 3513 αὐθ-

342 3541 544 3606 αδείας
574 3543 606 3614 ἢ
635 3542 872 3614 θράσους
924 3547 1273 3619 ὲπιρρίψοιτο
1301 3548 1494 3620 μῶμον
1529 3536 1945 3618 κατατολμῶντι

345 3633 459 3688 τῶν
490 3635 814 3707 ὑπερόγκων
840 3652 853 3666 ⁶
896 3640 979 3693 ὅτι
1042 3639 1117 3712 μὴ
1152 3640 1296 3694 κατὰ
1340 3640 1501 3709 λόγου
1546 3643 1799 3713 δύναμιν,
1821 3645 1943 3698 κατ’

2608 2412 2869 2469 ORATIO
2920 2413 3062 2469 XIV.

2040 2529 2100 2583 In
2155 2530 2513 2584 sanctissima:
2561 2528 2805 2603 Domina:
2862 2540 3061 2603 nostra:
3120 2532 3366 2603 DciIara’
3415 2536 3635 2593 Dormi-

2635 2601 2831 2655 tionent
2896 2602 3036 2672 (99).

2114 2714 2288 2770 Vocat
2316 2730 2417 2771 nos
2443 2715 2644 2769 iterum
2680 2715 2956 2770 sermonis
2981 2717 3324 2773 contiuuilas
3348 2719 3412 2773 ad
3448 2721 3638 2776 lauda-

2043 2808 2287 2873 tionem;
2345 2825 2411 2863 ac
2462 2809 2623 2877 plane
2669 2817 2890 2879 oportet
2942 2821 3002 2865 ut
3046 2828 3170 2882 quae
3200 2813 3406 2869 desunt
3445 2818 3640 2872 ordine

2041 2912 2466 2966 connectamus,
2520 2913 2579 2959 ut
2633 2905 2708 2958 sit
2751 2919 2937 2959 sermo
2982 2906 3196 2974 integer
3245 2923 3346 2962 nec
3395 2910 3636 2973 solutus,

2041 3010 2204 3065 quem
2240 2996 2391 3050 nulla
2438 3012 2503 3050 ex
2537 3000 2694 3066 parte
2731 2996 2951 3066 aliquid
2997 2997 3225 3051 dividat.
3266 2997 3467 3054 Paucis
3501 3018 3636 3072 ergo

2041 3088 2098 3142 in
2140 3089 2545 3159 superioribus,
2579 3097 2853 3158 quantum
2886 3088 3063 3153 licuit,
3100 3106 3223 3158 quae
3253 3090 3321 3143 ad
3355 3095 3634 3161 corporis,

2043 3180 2190 3249 quod
2255 3179 2422 3234 vitam
2480 3181 2690 3250 genuit,
2756 3181 2824 3235 ad
2879 3182 3192 3251 virginalis,
3239 3184 3489 3253 inquam,
3544 3185 3635 3241 Dei
3691 3215 3703 3223 ι

2044 3272 2350 3327 Genitricis
2427 3272 2778 3328 tabernaculi
2863 3274 3248 3341 spectaculum
3335 3276 3632 3344 pertinent,

2044 3363 2470 3429 euarravimus;
2557 3373 2816 3434 superest
2898 3357 3276 3420 ut'dicamus
3355 3369 3634 3436 quodnam

2045 3455 2212 3512 fuerit
2268 3455 2580 3520 Canticum,
2637 3468 2829 3526 quaeve
2879 3457 3098 3511 cantico
3129 3457 3638 3513 celebrata.Nemo

2047 3556 2233 3603 autem
2290 3548 2442 3601 velut
2496 3548 2856 3602 temerarium
2903 3547 3374 3618 audacioremque
3424 3551 3638 3619 vitupe-

2047 3638 2276 3703 raverit,
2327 3636 2422 3708 qui
2476 3637 2685 3706 majora
2720 3651 2806 3690 me
2851 3650 3224 3706 praesumam;
3268 3640 3490 3707 quando
3526 3656 3635 3693 non

348 3728 517 3798 εὐχῆς
546 3729 603 3781 δὲ
642 3729 812 3801 μόνην
827 3730 1123 3803 ὑπόσχεσιν
1140 3733 1428 3804 ὁρμηθεὶς,
1460 3735 1553 3788 τὸν
1579 3741 1723 3806 μετὰ
1752 3739 1940 3809 χεῖρας

2048 3730 2196 3784 velut
2239 3744 2401 3800 aequa
2448 3730 2661 3783 'virtute
2696 3742 2958 3785 sermone
3009 3738 3288 3793 certante,
3344 3729 3441 3784 sed
3475 3730 3636 3799 quasi

348 3819 509 3888 λόγον
561 3821 1005 3895 συνεστησάμην,
1068 3824 1165 3878 τοῦ
1222 3824 1520 3896 ὑφειμένου
1569 3828 1666 3881 καὶ
1718 3829 1941 3900 μετρίου

349 3914 659 3984 πανταχόσε
714 3916 1015 3987 φροντίσας
1062 3918 1143 3981 είς
1189 3917 1446 3990 δύναμιν.
1505 3920 1646 3973 Ἀλλ’
1695 3921 1755 3973 ού
1791 3922 1943 3991 παρὰ

347 4006 514 4061 τοῦτο
584 4008 909 4079 σμικρύνειν
973 4007 1003 4060 6
1052 4008 1211 4078 λόγος
1241 4010 1302 4064 τὸ
1337 4015 1638 4085 μυστήριον
1673 4012 1942 4083 βούλεται,

349 4097 458 4151 κᾶν
494 4097 573 4160 ὡς
618 4098 835 4172 ἀτριόεῖ
885 4099 1082 4172 τούτῳ,
1130 4103 1316 4156 καὶτὸ
1355 4104 1705 4174 ἀγύμναστον
1741 4104 1943 4176 ἔχοντι,

350 4189 588 4261 πρώτως
614 4191 710 4244 ἀπ’
742 4192 1036 4254 αὐθαδείας
1089 4193 1380 4248 ἐπέϐαλεν.
1409 4194 1471 4248 Ei
1502 4195 1559 4249 δέ
1584 4214 1637 4249 τι
1686 4197 1828 4268 τάχα
1853 4199 1946 4251 καὶ

348 4281 462 4335 τῶν
494 4283 556 4336 ού
590 4283 804 4347 πολλοῖς
827 4284 1215 4356 θεωρηθέντων
1255 4288 1283 4340 6
1322 4285 1417 4340 νῦν
1461 4286 1573 4350 ἕξει
1606 4287 1786 4355 λόγος,
1818 4289 1947 4342 θαυ-

352 4373 582 4443 μαζέτω
616 4375 827 4446 μηδείς.
853 4376 1200 4439 Είκαστικῶς
1233 4378 1363 4450 γὰρ,
1404 4379 1499 4433 καὶ
1527 4378 1604 4442 ὼς
1624 4379 1652 4433 6
1678 4378 1803 4445 νοῦς
1826 4381 1947 4433 ἐπι-

352 4463 576 4519 ϐάλλειν
620 4465 856 4537 ἠδύνατο
888 4483 902 4497 ο
956 4469 1051 4522 τοῦ
1109 4468 1219 4541 γάρ
1260 4469 1524 4541 ἀκριϐοῦς
1567 4472 1723 4543 μόλις
1750 4471 1818 4526 ἂν
1852 4474 1947 4527 καὶ

352 4557 580 4625 ἄγγελοι
643 4558 896 4630 τύχοιεν·
946 4560 1121 4615 ταῦτα
1179 4563 1315 4634 πρὸς
1375 4562 1532 4633 ἡμῶν
1582 4563 1943 4637 τεθεώρηται.

357 4648 501 4719 Ἤδη
541 4648 638 4719 μὲν
669 4646 761 4703 οῦν
816 4652 844 4705 6
907 4652 1239 4724 μυρίανδρος
1281 4655 1487 4717 ἐκεῖνος
1532 4653 1642 4709 τῶν
1673 4655 1948 4727 θεοφόρων

356 4739 567 4805 στόλος,
597 4739 853 4813 καθάπερ
886 4744 942 4796 ἐν
965 4745 1080 4806 τοῖς
1111 4742 1347 4810 πρόσθεν
1375 4745 1701 4817 εἰρήκαμεν,
1734 4745 1949 4816 ἀθρόως

332 4826 674 4902 ’ἀγήγερτοο
714 4833 807 4885 καὶ
845 4835 998 4887 πᾶσα
1024 4833 1167 4905 τάχα
1209 4832 1319 4887 τῶν
1349 4834 1741 4905 ύπερκοσμίων
1787 4836 1949 4889 δυνά.

360 4926 564 4996 μεωνή
590 4925 757 4997 νοητὴ
777 4925 1161 4998 διακόσμησις,
1179 4925 1387 4980 ἀνωθεν
1398 4927 1648 4997 ἀοράτως
1673 4929 1950 4996 ὲφιπτᾶσα

354 5015 438 5087 τῷ
462 5018 751 5089 παραδόξῳ
779 5017 1018 5091 συνείρει
1043 5019 1279 5089 θεάματι
1304 5034 1318 5049 ·
1344 5019 1438 5073 καὶ
1455 5020 1516 5089 δὴ
1538 5020 1758 5073 καὶτῶν
1778 5021 1950 5089 ἁγίων

2046 3828 2260 3878 tantum
2285 3825 2400 3879 voti
2431 3823 2733 3892 sponsione
2761 3820 3122 3885 sollicitante,
3154 3837 3456 3891 nusquam,
3492 3823 3640 3893 quod

2048 3916 2228 3981 licuit,
2273 3916 2651 3972 submissione
2700 3923 2755 3970 et
2811 3915 3085 3972 modestia
3135 3914 3411 3984 neglecta,
3466 3930 3633 3983 quam

2046 4023 2232 4073 verso,
2264 4010 2573 4063 orationem
2610 4010 2925 4078 composui.
2964 4006 3283 4070 Enimvero,
3322 4006 3472 4061 haud
3513 4008 3641 4063 ideo

2048 4110 2463 4154 sacramentum
2512 4110 2816 4155 exlemtare
2869 4101 3050 4154 oratio
3103 4100 3253 4163 velit,
3320 4114 3640 4171 quanquam

2047 4188 2200 4243 velut
2242 4204 2354 4242 non
2408 4189 2623 4251 tritum,
2676 4203 2779 4243 nec
2814 4189 2945 4244 aliis
2983 4188 3351 4259 disputatum,
3396 4191 3640 4259 primum

2047 4281 2335 4350 explicare
2366 4279 2599 4335 audacia
2634 4280 2951 4335 contendit.
2980 4278 3138 4347 Quod
3169 4279 3215 4335 si
3252 4279 3395 4334 forte
3427 4281 3641 4350 aliquid

2048 4370 2216 4426 etiam
2265 4371 2460 4441 paucis
2528 4371 2986 4426 animadversum
3042 4383 3289 4440 praesens
3330 4370 3511 4423 oratio
3545 4369 3643 4423 ha-

2050 4464 2233 4519 bitura
2270 4463 2364 4529 sit,
2398 4477 2560 4518 nemo
2584 4463 2841 4518 miretur.
2876 4460 3040 4517 Velut
3067 4460 3217 4516 enim
3248 4461 3638 4531 conjectando,

2049 4562 2217 4625 atque
2252 4562 2308 4610 ut
2342 4570 2501 4624 mens
2529 4555 2708 4625 potuit
2736 4555 2983 4625 assequi,
3019 4569 3213 4609 sumus
3242 4553 3357 4609 hate
3393 4562 3641 4607 contem-

2049 4648 2229 4719 plati:
2277 4648 2370 4703 vix
2423 4648 2570 4703 enim
2600 4649 2687 4704 vel
2742 4648 2926 4721 angeli
2990 4664 3103 4703 rem
3142 4654 3409 4704 accurate
3448 4647 3641 4702 edixe—

2052 4740 2183 4795 rint.
2217 4738 2342 4794 Jam
2366 4755 2523 4812 ergo,
2567 4749 2629 4794 ut
2680 4741 2734 4794 in
2772 4740 3162 4811 superioribus
3198 4738 3466 4816 diximus,
3499 4740 3643 4793 clas-

2052 4834 2132 4891 sis
2196 4834 2289 4889 illa
2326 4833 2438 4889 Deo
2504 4833 2816 4888 amatorum
2877 4847 3020 4903 perte
3081 4832 3510 4887 innumerabilis
3561 4831 3642 4902 (Ι)

2050 4936 2384 5000 congregata
2423 4935 2579 4993 erat;
2619 4926 2847 4998 forsque
2881 4941 3078 4982 omnes
3119 4927 3432 4983 omlestium
3465 4926 3644 4980 virtu—

2053 5030 2165 5075 tum
2218 5020 2505 5091 spiritales
2545 5019 2798 5083 ordines,
2856 5017 3121 5074 invisibili
3171 5034 3202 5074 e
3247 5018 3389 5073 caelo
3431 5017 3641 5083 volatu,

356 5109 419 5162 αἱ
447 5107 732 5181 θεόληπτοι
764 5111 1043 5181 παρῆσαν,
1082 5105 1261 5184 οἶμαι,
1297 5110 1471 5183 ψυχαὶ
1499 5115 1565 5184 τῇ
1598 5111 1755 5184 κλίνῃ
1788 5130 1942 5183 περιι

2052 5113 2119 5167 ad
2152 5127 2354 5168 novum
2395 5110 2531 5166 illud
2561 5108 2945 5181 spectaculum
2999 5116 3379 5164 convenerant
3410 5123 3425 5161 :
3458 5106 3556 5164 sed
3590 5116 3645 5162 et

472 5257 502 5298 1
537 5247 646 5312 lsa,
686 5247 771 5312 w,’
795 5247 853 5302 5.

1684 5359 1925 5417 VARIA‘I
1957 5360 2251 5422 LECTION
2261 5362 2368 5422 ES.

435 5463 478 5493 "
510 5460 673 5517 λείπ.
721 5460 911 5532 μήτις.

1700 5528 2087 5606 consensu
2108 5550 2345 5612 more).

436 5645 549 5716 (99)
588 5643 780 5702 Oratio
835 5644 952 5700 haec
994 5640 1225 5716 alterius
1271 5638 1525 5716 proxime
1568 5640 1945 5716 antecedentis

361 5708 680 5787 prosecutio
735 5721 867 5787 est;
936 5712 1215 5787 quomodo
1266 5708 1695 5787 videntur__duaa
1730 5711 1838 5766 illae
1879 5712 1948 5767 de

361 5780 555 5851 cruce,
595 5788 710 5841 sive
734 5784 803 5840 ab
834 5780 1053 5841 Andrea
1088 5784 1205 5838 sive
1240 5781 1309 5836 ab
1337 5780 1450 5835 alio
1473 5781 1654 5837 edite.

440 5856 518 5930 (i)
571 5855 779 5913 Classis
826 5853 927 5911 illa
963 5869 1092 5927 pene
1132 5851 1564 5909 innumerabilis.
1595 5851 1946 5923 Μυρίανδρος

2053 5645 2260 5711 ἐκεῖνος
2290 5648 2500 5714 στόλος.
2533 5646 2692 5704 Velut
2730 5646 2915 5705 decem
2953 5648 3187 5703 millium
3226 5648 3514 5717 virorum;
3546 5645 3647 5703 sed

2054 5725 2141 5771 est
2183 5729 2369 5774 certus
2426 5734 2695 5776 numerus
2754 5735 2855 5790 pro
2911 5720 3172 5776 incerto:
3221 5734 3321 5775 nec
3368 5718 3517 5777 enim
3564 5725 3648 5775 tot

2057 5790 2285 5858 praecise
2311 5800 2508 5847 auctor
2538 5791 2738 5857 voluit,
2774 5799 2869 5849 aut
2897 5791 3083 5847 dicere
3110 5791 3316 5863 potuit.
