4012 6482
455 524 593 593 ιουι

1654 517 1715 576 s.
1758 494 2089 575 mnam
2127 509 2564 589 CRETENSIS.

3644 497 3771 565 1092

454 643 721 699 arbitror.
745 638 856 694 Deo
879 635 1077 692 amatae
1095 642 1421 690 sanctorum
1463 630 1861 700 animatquas
1878 629 2048 699 epiri-
2078 681 2083 692 η

2185 630 2519 699 λορεύουσαι·
2561 623 2629 686 ἃς
2664 623 2699 693 ὴ
2741 621 2852 675 τῶν
2888 614 3179 692 ’ᾼσμάτων
3226 618 3429 689 πυκτὴ
3487 618 3775 689 νεάνιδας

455 735 553 790 tali
592 747 760 789 sensu
814 731 956 787 liber
1009 728 1381 784 Canticorum
1423 723 1739 794 Juvenculas
1779 722 2050 787 nominat;

456 828 663 881 choros
717 823 930 878 circum
984 821 1192 876 lectum
1253 828 1502 907 ageptes,
1570 815 1875 871 idemidem
1956 812 2055 867 ad-

460 927 623 975 erant
650 927 697 971 1.
736 915 844 970 Par
886 916 1033 970 enim
1077 921 1219 978 erat,
1258 920 1320 967 ut
1350 911 1653 966 deiformes
1686 908 1793 962 vita
1842 907 2058 960 functo-

463 1028 582 1068 rum
644 1011 845 1065 animae
898 1010 1110 1076 pariter
1169 994 1454 1070 adessent,
1516 1002 1779 1074 migranti
1832 999 2058 1068 Reginae

464 1104 779 1175 placiturae:
834 1110 1006 1170 utque
1052 1099 1290 1154 comites
1341 1110 1546 1167 pompa
1600 1093 1960 1155 deducerent,
1992 1105 2058 1144 ac

466 1196 691 1249 laudum
721 1193 943 1247 cantica
1002 1206 1101 1261 pro
1150 1189 1430 1259 ejusmodi
1482 1203 1511 1242 a
1544 1200 1781 1256 corpore
1821 1198 2058 1238 excessu

464 1287 810 1340 accinerent.
845 1283 1045 1339 Coram
1092 1298 1226 1352 ergo
1269 1280 1650 1351 jacebat'tres
1691 1278 1914 1347 longum
1957 1290 2058 1327 cu-

466 1379 612 1433 bitos
646 1392 711 1430 ac
745 1376 1088 1430 lumindsum
1144 1373 1283 1426 illud
1351 1370 1600 1441 Deiparat
1644 1383 1879 1437 corpus,
1909 1363 2060 1434 quod

368 1501 377 1515 ι
466 1479 638 1526 totam
672 1468 1016 1525 divinissimi
1051 1464 1221 1521 Verbi
1271 1462 1675 1533 plenitudinem
1718 1474 1920 1529 capere
1961 1470 2061 1525 po-

468 1564 703 1628 tuisset;
771 1560 1026 1630 atquein
1087 1560 1232 1612 lecto
1287 1566 1674 1627 conspectum,
1746 1552 1905 1606 suavi
1956 1566 2062 1603 un-

470 1654 658 1724 guenti
691 1650 1007 1706 sanctitatis
1049 1647 1382 1717 fragrantia,
1419 1656 1609 1700 creata
1653 1645 1910 1697 universa
1942 1653 2067 1708 pcr-

470 1744 762 1815 fundebat.
807 1742 942 1808 Qua:
992 1756 1166 1803 incus,
1220 1754 1413 1809 quaeve
1452 1738 1637 1806 lingua
1698 1748 1891 1788 eorum
1938 1744 2067 1800 quae

474 1837 590 1891 illic
622 1834 1059 1904 aspectabautur
1087 1833 1333 1886 rationes
1368 1828 1629 1900 aperiat?
1660 1825 1862 1882 Omnia
1890 1824 2068 1894 siqui-

2158 722 2306 776 κατά
2339 716 2609 789 μυστικὴν
2641 713 2913 769 ἀποκαλεί
2938 712 3198 783 θεωρίαν.
3222 713 3507 782 "En-pene
3554 702 3682 783 ’γὰρ
3712 717 3773 786 τῇ

2162 812 2397 886 βασιλίδι
2426 812 2527 879 τῆς
2556 808 2773 885 φύσὲως
2824 792 2935 866 τὰς.
2959 803 3219 866 θεοειδεῖς
3250 804 3372 856 τῶν
3420 801 3778 873 βεϐιωκότων

2160 906 2534 977 συμπαρεῖναι
2585 899 2788 971 ψυχὰς,
2860 896 3335 968 προοδοποιούσας
3404 895 3518 966 τὴν
3568 896 3777 961 ἔξώοψ

2157 998 2413 1071 ἡγεῖσθαί
2439 1012 2500 1048 τε
2533 993 2707 1065 αὐτῆς
2736 991 2832 1045 καὶ
2880 988 3323 1061 προπομπεύειν,
3360 989 3475 1041 καὶ
3510 989 3585 1040 τὰ
3608 988 3781 1052 ὲξόδια

2162 1090 2536 1165 προσεπᾴδειν
2563 1085 3010 1156 ύμνολογήματα.
3033 1080 3342 1153 Προύκειτο
3369 1081 3524 1148 γοῦν
3545 1081 3609 1132 ὲν
3639 1082 3781 1153 μέσῳ

2160 1201 2222 1238 ἰο
2239 1184 2479 1255 τρίπηχυ
2507 1179 2604 1233 καὶ
2627 1176 2915 1246 φωτοειδὲς
2938 1177 3118 1228 ἐκεῖνο
3144 1175 3245 1243 τῆς
3271 1173 3574 1226 Θεοτόκου
3606 1174 3781 1242 σῶμα,

2161 1279 2223 1333 τὸ
2241 1274 2548 1347 χωρητικὸν
2576 1272 2673 1341 τῆς
2708 1270 2838 1338 ὅλης
2868 1265 2963 1320 τοῦ
2992 1264 3287 1337 θεαρχικοῦ
3321 1267 3523 1330 Λόγου
3566 1265 3785 1336 πληρώ-

2166 1387 2303 1431 σεως
2328 1387 2342 1400 ·
2373 1369 2511 1437 ὅπερ
2540 1364 2632 1417 ἐπὶ
2665 1362 2855 1430 κλίνης
2879 1359 3180 1430 ὁρώμενον,
3209 1358 3288 1430 τῷ
3321 1360 3437 1430 τῆς
3462 1358 3785 1425 ἁγιαστείας

2169 1461 2347 1532 μύρῳ,
2379 1458 2477 1527 τὴν
2542 1454 2840 1525 σύμπασαν
2896 1452 3165 1505 εύωδίασε
3203 1453 3429 1506 κτίσιν.
3483 1451 3591 1514 Τίς
3645 1451 3783 1515 νοῦς,

2167 1553 2299 1606 ποία
2359 1551 2415 1603 δὲ
2479 1549 2705 1618 γλῶσσα
2754 1546 2865 1598 τῶν
2905 1547 3022 1597 ἐκεῖ
3064 1542 3384 1599 θεαθέντων
3409 1546 3555 1607 τοὺς
3600 1545 3788 1611 λόγους

2167 1643 2533 1714 ὲξιχνιάσειε;
2568 1640 2745 1693 πάντα
2774 1642 2882 1708 γὰρ
2908 1638 3195 1705 ἀγνωσίας
3209 1638 3451 1707 ἀπάσης
3496 1638 3600 1690 καί
3632 1638 3788 1700 ἀϐλε-

2166 1736 2299 1805 ψίας
2355 1732 2743 1805 ὑπεραπείρως
2808 1730 3061 1801 ἐξῄρητο.
3112 1730 3308 1783 Ἔνθεν
3375 1730 3501 1800 ἄρα
3561 1733 3663 1784 καὶ
3689 1731 3786 1785 τῶν

2171 1832 2452 1901 θεοσόφων
2485 1832 2535 1884 οἱ
2571 1830 2878 1900 πρόκριτοι,
2902 1826 2977 1898 τῷ
3015 1814 3145 1897 θείω
3166 1827 3472 1898 Πνεύματι
3503 1829 3787 1899 γενόμενοι

471 1927 596 1983 dem
654 1928 1056 1983 obscuritatem
1118 1940 1339 1978 omnem
1382 1930 1439 1978 et
1495 1922 1793 1991 caliginem
1829 1919 2066 1973 innuen-

2185 1927 2414 1995 ιάτοχοι,
2434 1926 2498 1977 ὲκ
2516 1922 2881 1994 περιχαρείας
2896 1924 3019 1974 τότε
3038 1922 3137 1989 τῆς
3161 1921 3515 1994 θεοτερποῦς
3534 1922 3786 1991 ἀγλαΐας,

472 2035 597 2075 sum
633 2020 993 2090 superabant.
1027 2019 1210 2084 Quare
1239 2017 1407 2071 etiam
1447 2015 1544 2086 qui
1592 2016 1737 2069 inter
1771 2011 1880 2065 Deo
1916 2009 2067 2064 allla-

2185 2021 2232 2073 rb
2261 1987 2450 2089 περιον
2474 1987 2923 2087 τῆς-ἐλλάίμψεως
2957 2016 3038 2076 είς
3076 1987 3337 2067 ἔκστασιν
3387 1987 3784 2084 μεταθέμενοι,

473 2123 563 2167 tos
596 2112 723 2167 illos
767 2111 956 2165 eximii
1004 2119 1191 2170 erant.
1255 2109 1443 2163 divino
1486 2106 1687 2178 perciti
1723 2104 1959 2181 Spiritu,
2000 2116 2069 2157 ex

2185 2113 2280 2167 τῶν
2333 2108 2698 2164 ὲνθεαστικῶν
2750 2108 2978 2160 ἐκείνων
3027 2104 3353 2175 ὑμνῳδιῶν,
3401 2107 3562 2175 λέγω
3605 2107 3672 2179 δὴ
3699 2109 3789 2177 τῆς

368 2242 375 2251 -
470 2206 846 2275 iucunditatis
896 2219 927 2258 a
962 2203 1074 2257 Deo
1124 2202 1348 2271 injecta
1388 2196 1785 2254 abundantiori
1841 2193 2067 2265 gaudio,

477 2298 870 2353 “lustrationis
923 2309 1218 2350 excessum
1286 2294 1341 2347 in
1412 2291 1683 2347 exstasim
1760 2294 2067 2349 vertentes,

478 2384 696 2445 cantica
748 2389 841 2443 illa
900 2388 1053 2441 velut
1113 2385 1398 2445 fanatica,
1450 2382 1767 2446 fstiiebrem,
1820 2383 2069 2448 inquam,

480 2481 873 2552 tropologiam,
915 2487 974 2533 ut
1002 2479 1244 2548 quisque
1291 2483 1530 2547 poterat,
1563 2475 1677 2529 alio
1724 2474 1891 2526 alium
1920 2468 2074 2525 exci-

479 2576 686 2644 piente,
729 2582 1018 2642 creperum
1052 2572 1411 2640 depromere.
1470 2567 1647 2621 Erant
1704 2580 1871 2636 porro
1926 2562 2075 2632 ejus-

482 2667 632 2725 modi
700 2667 946 2729 cantica,
974 2682 1083 2720 non
1115 2665 1299 2734 qualia
1329 2663 1433 2734 ipsi
1466 2675 1770 2732 possumus
1799 2658 2073 2728 cogitare,

483 2759 569 2813 vel
600 2758 789 2828 qualia
850 2757 992 2813 forte
1042 2755 1409 2826 descripserit
1448 2753 1691 2822 aliquis:
1750 2749 1848 2805 sed
1890 2748 2075 2819 qualia

486 2851 735 2922 Spiritus
767 2848 1110 2905 informabat
1155 2846 1417 2908 dicenda,
1449 2853 1505 2899 et
1553 2844 1749 2898 audire
1789 2841 2076 2913 permitte-

483 2942 599 2997 bat.
642 2938 802 3008 Quod
845 2939 1152 3004 canticum,
1185 2945 1243 2994 et
1271 2936 1497 2991 cantico
1555 2934 1860 2994 celebrata.
1898 2939 1954 2985 et
1995 2930 2077 2984 di-

480 3035 688 3090 cebant
714 3040 770 3088 et
796 3031 1105 3087 audiebant
1143 3030 1366 3085 cantico
1410 3028 1788 3093 celebrantes,
1824 3033 2077 3080 nostram

482 3138 708 3179 omnem
762 3129 818 3177 et
865 3130 1140 3177 terrenam
1204 3117 1649 3174 concinnitatem
1706 3126 1763 3172 et
1814 3114 2079 3186 sympho-

487 3217 637 3271 nia-ut
663 3255 680 3281 ,
742 3214 1099 3269 immensum
1130 3210 1512 3276 excedebant;
1558 3223 1757 3280 parum
1795 3222 1926 3263 vero
1984 3212 2081 3260 aut

487 3299 626 3365 nihil
659 3322 692 3362 a
720 3320 861 3362 sono
898 3304 1243 3376 epulantium
1287 3304 1345 3358 in
1373 3293 1532 3360 cmlis
1568 3302 1894 3372 angelorum
1977 3299 2079 3352 ab-

489 3405 651 3455 erant
685 3415 701 3453 :
762 3411 1000 3467 quorum
1072 3393 1476 3450 sublimitatem
1510 3400 1579 3448 et‘
1618 3391 2078 3463 profunditatem.

490 3489 940 3559 immensumque
977 3486 1264 3549 decorem,
1295 3485 1445 3540 haud
1467 3493 1728 3542 nostrum
1764 3484 1931 3539 fuerit
1961 3484 2081 3537 vcl-
2122 3550 2129 3555 _

492 3590 554 3638 ut
598 3582 779 3637 levius
807 3581 1113 3653 explicare,
1141 3579 1239 3648 qui
1265 3594 1333 3634 ne
1362 3579 1652 3634 minimum
1688 3578 1912 3649 quidem
1939 3575 2085 3646 ejus-

494 3676 647 3731 modi
679 3674 1002 3731 dulcedinis
1035 3681 1260 3744 gustum
1294 3673 1652 3743 percepimus
1681 3688 1695 3724 :
1728 3671 1918 3741 potius
1952 3683 2086 3724 vero

492 3768 876 3831 debuerimus,
911 3775 1174 3836 tanquam
1228 3760 1732 3835 comprehensione
1786 3762 1999 3833 majora
2032 3769 2088 3818 et

497 3875 621 3931 quae
653 3859 867 3928 vulgari
920 3865 1227 3927 nequeant,
1261 3856 1490 3924 silentio
1513 3856 1812 3910 honorare.
1843 3853 2087 3908 Tantum

498 3963 686 4008 autem
711 3952 780 4007 iis
809 3959 932 4005 tuto
966 3950 1345 4020 adjecerimus
1377 3950 1629 4003 animum
1671 3960 1735 4002 ac
1760 3947 2091 4002 conabimur

498 4045 805 4109 declarare,
865 4044 920 4096 in
970 4029 1175 4112 quibus
1216 4050 1273 4097 et
1329 4056 1446 4098 rem
1508 4041 1732 4111 assequi
1780 4038 2090 4110 jucundum

499 4147 608 4202 cst,
679 4150 780 4191 nec
836 4149 995 4188 error
1056 4133 1363 4203 periculum
1406 4133 1601 4201 habet;
1634 4146 1785 4203 qum,
1837 4132 2089 4201 inquam,

501 4244 605 4285 nec
642 4227 997 4299 ingeniosum
1050 4240 1115 4280 ac
1157 4225 1539 4295 perspicacem
1590 4226 1941 4288 contristent,
1993 4236 2095 4277 nec

504 4321 715 4378 rustico
761 4321 996 4375 molesta
1027 4319 1161 4373 sint.
1204 4316 1314 4372 Sed
1353 4318 1499 4373 enim
1533 4318 1816 4372 canticum
1850 4331 1914 4371 ac
1950 4317 2094 4369 cele-

501 4416 660 4471 brata
726 4414 969 4477 cantico,
1022 4426 1346 4481 quanquam
1398 4425 1429 4464 a
1477 4411 1642 4466 nobis
1699 4406 2097 4479 comprehendi

504 4512 810 4577 nequeant,
873 4493 1150 4574 quantum
1210 4503 1582 4557 nihilominus
1639 4501 1788 4556 velut
1816 4501 1871 4555 in
1925 4499 2101 4569 ﬁgura

504 4600 634 4653 licet
668 4598 946 4667 accipere,
979 4596 1087 4651 hoc
1118 4596 1283 4651 modo
1308 4596 1583 4651 habeant-
1610 4596 1713 4651 Hic
1734 4602 2100 4650 testamento-

2171 2203 2435 2273 ὲφυπνίου
2450 2200 2833 2273 τροπολογίας,
2867 2200 2942 2261 ὡς
2969 2199 3201 2263 ἕκαστος
3238 2195 3307 2269 ἦν
3342 2198 3619 2264 δυνατὸς,
3644 2199 3789 2264 ἄλλος

2172 2298 2333 2353 ἄλλον
2388 2294 2636 2363 ἀμείϐων
2686 2295 2981 2362 ἐφήπτετο.
3042 2291 3124 2344 Τὰ
3171 2291 3228 2343 δὲ
3275 2287 3347 2361 ἦν
3416 2293 3531 2362 οὐχ
3598 2286 3786 2360 οἷάπερ

2175 2389 2330 2444 αὐτοὶ
2362 2390 2504 2441 νοεῖν
2553 2385 2886 2457 ὲναγόμεθα,
2918 2385 2950 2455 ἢ
3002 2385 3080 2448 ὡς
3117 2383 3183 2437 ἄν
3205 2400 3288 2448 τις
3330 2385 3516 2454 τυχὸν
3549 2385 3788 2453 ὑπογρά-

2173 2482 2347 2552 ψοιτο,
2383 2479 2499 2533 ἀλλ’
2526 2480 2601 2541 ὡς
2626 2478 2694 2532 ἂν
2728 2479 2970 2541 ἐκείνους
2999 2478 3199 2530 ὲτύπου
3230 2478 3424 2547 λέγειν
3448 2478 3517 2531 τὸ
3546 2477 3785 2546 Πνεῦμα,

2177 2576 2272 2630 καὶ
2301 2573 2518 2627 ἀκούειν
2541 2572 2867 2641 ἐπέτρεπεν.
2902 2563 3075 2634 Οὗτός
3107 2588 3167 2624 τε
3194 2571 3363 2636 αὐτὸς
3400 2573 3432 2624 6
3466 2569 3669 2642 ὕμνος,
3704 2570 3788 2623 καὶ

2177 2668 2245 2722 τὰ
2279 2666 2618 2736 ὑμνούμενα,
2651 2664 2788 2736 πρὸς
2816 2662 2927 2717 τῶν
2970 2663 3288 2734 ύμνολόγων
3314 2665 3554 2734 ὲλέγετό
3603 2680 3664 2717 τε
3704 2663 3787 2715 καὶ

2178 2760 2497 2831 ἑξηκούετο,
2543 2756 2644 2827 τῆς
2693 2756 2845 2809 κάτω
2885 2756 2984 2827 μὲν
3014 2755 3112 2809 καὶ
3167 2757 3294 2809 καθ’
3334 2757 3500 2826 ἡμᾶς
3550 2757 3785 2828 εὐαρμο-

2181 2850 2334 2913 στίας
2391 2849 2489 2902 καὶ
2568 2847 2897 2917 συμφωνίας
2973 2846 3372 2917 ἀπειρημένως
3449 2846 3782 2919 ἐξῃρημέναο

2182 2939 2358 3010 βραχὺ
2388 2937 2443 2990 δὲ
2475 2937 2508 3007 ἢ
2534 2936 2708 3001 οὐδὲν,
2746 2932 2842 2988 τοῦ
2874 2935 3009 3006 ῆχου
3040 2937 3151 2990 τῶν
3201 2937 3597 3008 ἑορταζόντων
3631 2936 3786 3006 ἀγγέο

2178 3031 2288 3084 λων
2332 3032 2391 3083 ὲν
2446 3029 2701 3100 οὐρανοῖς
2751 3028 3055 3084 ἀποδέοντα
3082 3045 3097 3060 ·
3139 3020 3214 3083 ὧν
3260 3030 3322 3084 τό
3363 3049 3431 3085 τε
3498 3031 3637 3102 ὕψος
3699 3031 3783 3084 καὶ

2184 3120 2369 3191 βάθος,
2391 3120 2487 3174 καὶ
2510 3120 2609 3191 τὴν
2629 3121 2708 3182 εἰς
2737 3117 2965 3191 ἄπειρον
2992 3119 3326 3192 ὡραιότητα,
3364 3125 3434 3177 οὐ
3470 3124 3615 3195 πρὸς
3643 3121 3784 3195 ἡμῶν

2183 3212 2595 3284 σχεδιάζεσθαι,
2635 3211 2744 3266 τῶν
2800 3212 2925 3283 μηδ’
2974 3213 3227 3267 ὁπωσοῦν
3289 3215 3395 3286 τῆς
3434 3216 3656 3270 τοιᾶσδε
3703 3231 3783 3283 γει

2106 3343 2152 3403 c
2185 3307 2469 3377 γευμένων
2528 3305 2814 3377 ήδύτητος,
2856 3307 2982 3377 σιγῇ
3032 3305 3091 3359 δὲ
3140 3308 3412 3377 τιμᾶσθαι
3479 3309 3687 3380 μᾶλλον
3717 3307 3782 3369 ὡς

2183 3400 2399 3470 ἀληπτα
2434 3400 2529 3452 καὶ
2563 3397 2863 3467 ἀνὲκφορα.
2887 3398 3087 3462 Μόνοις
3119 3398 3176 3452 δὲ
3213 3399 3434 3464 τούτοις
3474 3400 3779 3455 ἐπιϐάλλειν

2183 3495 2336 3566 ἡμᾶς
2365 3491 2633 3560 ἀσφαλὲς,
2661 3491 2748 3559 ἐφ’
2803 3487 2886 3555 οἷς
2913 3492 3008 3545 καὶ
3041 3492 3103 3546 τὸ
3161 3493 3564 3566 ἐπιτυγχάνειν
3605 3495 3809 3564 ἐπέρασ,

2190 3602 2334 3651 στον,
2365 3586 2462 3639 καὶ
2505 3584 2565 3638 τὸ
2625 3583 3026 3654 διαμαρτάνειν
3069 3585 3355 3641 ἀκίνδυνον
3381 3606 3397 3621 ο
3437 3588 3476 3644 ἃ
3508 3589 3653 3660 μήτε
3702 3586 3780 3638 τὸν

2187 3677 2489 3747 γνωστικδν
2524 3676 2688 3729 λυπεῖ
2712 3716 2726 3741 ,
2781 3676 2922 3747 μήτε
2944 3677 3037 3730 τὸν
3066 3678 3329 3749 ἀγροῖκον
3356 3682 3514 3753 ἀνιᾷ.
3564 3681 3622 3735 '0
3647 3680 3702 3734 δέ
3728 3694 3781 3744 γε

2187 3770 2360 3840 ὕμνος
2391 3770 2486 3822 καὶ
2513 3770 2580 3822 τα
2636 3769 2977 3841 ὑμνούμενα,
3024 3772 3074 3824 εί
3105 3773 3197 3825 καὶ
3227 3773 3326 3844 τὴν
3359 3775 3647 3845 ἡμετέραν
3682 3772 3782 3824 δια-

2191 3861 2385 3932 φεύγει
2419 3860 2749 3930 κατάληψιν,
2779 3861 2922 3915 κατά
2961 3862 3095 3931 γοῦν
3126 3862 3186 3916 τὸ
3217 3865 3350 3934 ἡμῖν
3382 3867 3614 3936 ἐφικτὸν
3645 3863 3716 3926 ὡς
3734 3864 3781 3912 ἐν

2190 3952 2349 4023 τύπῳ
2378 3950 2661 4005 διαλασεῖν
2687 3950 2932 4004 ἔστωσαν
2971 3952 3167 4017 οὕτως.
3217 3952 3396 4010 Τοῦτο
3431 3957 3496 4010 τὸ
3532 3957 3703 4027 πέρας
3718 3945 3781 4003 ὧν

2193 4046 2332 4116 πρὸς
2359 4045 2509 4114 ἡμᾶς
2529 4044 2807 4116 διαθηκῶν
2839 4044 2993 4099 ἔθετο
3022 4047 3051 4098 6
3084 4044 3246 4110 Θεός·
3288 4048 3454 4104 τοῦτο
3483 4052 3519 4121 ἠ
3550 4049 3778 4118 φανέρω-

2197 4156 2281 4201 σις
2298 4138 2407 4191 τῶν
2429 4137 2770 4208 ἀποκρύφων
2821 4140 2921 4210 τῆς
2967 4136 3119 4204 θείας
3160 4142 3551 4214 ἀκαταληψίας
3597 4140 3775 4213 βυθῶν.

2196 4225 2365 4293 Οὗτος
2394 4231 2423 4282 6
2455 4229 2662 4294 σκοπὸς
2695 4232 2721 4283 ὁ
2751 4232 3178 4304 προεπινοηθεὶς
3221 4234 3330 4288 τῶν
3369 4235 3586 4289 αἱώνιδν
3619 4250 3632 4263 ·
3658 4228 3778 4297 αὕτη

2197 4321 2306 4375 τῶν
2335 4322 2498 4377 θείων
2527 4323 2847 4394 χρησμῶνή
2875 4324 3109 4393 κορωνίς
3133 4341 3146 4354 ·
3182 4326 3343 4380 τοῦτο
3369 4330 3402 4399 ἡ
3431 4328 3672 4401 ἄρῤητος
3701 4323 3778 4375 καὶ

2203 4415 2639 4485 ύπεράγνωστος
2694 4415 2796 4484 τῆς
2843 4417 3195 4489 προανάρχου
3229 4421 3358 4490 περὶ
3385 4424 3478 4475 τὸν
3514 4418 3778 4490 ἄνθρωπον

2202 4507 2538 4578 κηδεμονίας
2563 4506 2756 4577 βουλήο
2784 4508 2945 4562 τοῦτο
2983 4512 3016 4582 ἡ
3048 4511 3273 4583 ἀπαρχὴ
3304 4512 3404 4584 τῆς
3446 4514 3585 4586 πρὸς⁹
3635 4511 3690 4563 τὸ
3715 4509 3779 4561 oi-

2205 4602 2353 4674 κεῖον
2386 4599 2613 4670 πλάσμα
2662 4600 2759 4653 τοῦ
2805 4603 3148 4670 παγγενέτου
3213 4603 3349 4657 Θεοῦ
3378 4603 3665 4665 κοινωνίας
3700 4598 3778 4651 καὶ

508 4705 630 4744 rum
681 4688 1036 4744 conditorum
1093 4702 1124 4742 a
1182 4688 1296 4743 Deo
1336 4689 1646 4754 terminus;
1704 4688 1821 4742 haec
1879 4688 2083 4741 roroui:

2210 4691 2486 4761 συμφυΐας
2508 4705 2523 4722 ·
2559 4688 2704 4760 αὕτη
2731 4689 2841 4744 τῶν
2867 4691 3026 4745 θείων
3049 4693 3410 4762 καταλλαγῶν
3434 4698 3469 4765 ἡ
3498 4693 3776 4748 ὲνυπόστα-

510 4782 867 4837 oraculorum
912 4782 1259 4847 dirinorum;
1318 4782 1425 4835 hoc
1483 4795 1748 4835 ari-anum
1819 4779 2105 4849 ignotissi~

512 4888 799 4942 unumque,
838 4881 1174 4942 praeteterna:
1204 4870 1297 4926 Dei
1337 4872 1393 4926 in
1436 4870 1722 4925 hominum
1763 4885 1936 4940 genus
1967 4884 2104 4925 con-

512 4966 743 5028 silium;
800 4961 883 5016 ha:
938 4963 1203 5033 primitiae
1261 4960 1672 5016 communionis
1733 4960 2105 5017 necessitudi-

513 5059 709 5127 nisqne
751 5055 1000 5109 omnium
1055 5053 1376 5109 conditoris
1419 5052 1514 5106 Dei
1560 5052 1629 5106 ad
1667 5055 1954 5124 proprium
2005 5054 2105 5124 tig-

513 5159 798 5211 mentum;
832 5146 950 5201 haec
994 5145 1316 5201 divinorum
1359 5151 1750 5200 contractuum
1780 5146 2097 5212 subsistens

514 5254 756 5309 veraque
813 5238 1065 5305 sponsio,
1124 5236 1331 5292 eximia
1382 5236 1763 5308 pulchritudo,
1821 5239 2101 5308 sculptaa

513 5329 627 5386 Deo
691 5336 898 5393 statua,
953 5326 1123 5382 divini
1186 5328 1472 5399 archetypi
1540 5329 1767 5400 egregie
1838 5344 2102 5399 expressa

517 5422 722 5492 imago,
752 5419 928 5475 totius
970 5419 1468 5491 contemplationis
1524 5430 1689 5490 atque
1731 5434 2003 5481 ascensus
2032 5419 2103 5476 ad

514 5514 700 5569 divina
764 5511 1181 5581 fulcimentum,
1219 5511 1505 5569 Creatoris
1550 5513 1800 5568 omnium
1839 5515 2108 5568 taberna-

518 5607 707 5661 culum
740 5603 1184 5670 sanctissimum,
1228 5605 1636 5661 inevacuabilis
1663 5606 1954 5675 sapientiae
1981 5621 2108 5660 cra-

520 5710 622 5759 ter.
666 5697 835 5752 Deum
881 5699 1269 5769 conreptaculi
1299 5700 1496 5758 instar
1538 5699 1900 5763 suscipiens:
1938 5698 2110 5755 invio-

521 5790 685 5844 labile
734 5790 858 5844 vitae
917 5804 1082 5859 penu,
1176 5792 1498 5848 divinorum
1558 5791 1921 5862 splendorum
1982 5791 2111 5850 fons

620 5951 637 5981 ³
676 5949 838 6005 Cant.
878 5966 916 6019 ι,
970 5962 1021 6006 et
1047 5966 1119 6010 τι,

2203 4801 2292 4848 τος
2324 4784 2502 4852 ὲγγύη
2525 4799 2541 4816 ο
2578 4784 2642 4835 τὸ
2672 4783 2991 4855 περιούσιον
3021 4786 3218 4850 κάλλος
3238 4802 3251 4816 ·
3282 4788 3310 4840 ὁ
3337 4787 3668 4857 θεόγλυπτος
3693 4783 3770 4835 ἀνι

2202 4876 2356 4946 δριάς
2379 4890 2392 4904 ⁶
2426 4877 2459 4946 ἡ
2492 4875 2897 4947 εύδιὰγραπτος
2912 4876 3196 4960 τῆς-θείας
3210 4879 3554 4951 ἁρχετυπίας
3592 4874 3741 4931 εἰκών
3761 4887 3773 4900 '

2203 4967 2264 5020 τὸ
2289 4967 2470 5037 πάσης
2498 4966 2738 5038 θεωρίας
2762 4969 2857 5021 καὶ
2888 4968 3212 5034 ἀναϐάσεως
3262 4960 3501 5043 ἔρεισμα
3520 4989 3534 5002 ·
3590 4971 3621 5040 ἡ
3657 4979 3773 5017 παν-

2205 5060 2480 5133 αγεστάτη
2508 5059 2602 5113 τοῦ
2658 5061 3053 5115 παντοκτίστου
3086 5065 3260 5137 σκηνή
3286 5081 3301 5097 '
3345 5067 3374 5119 6
3432 5063 3667 5133 θεοδόχος
3690 5057 3773 5124 τῆς

2208 5151 2486 5207 ἀκενώτου
2516 5152 2704 5221 σοφίας
2724 5153 2942 5225 κρατήρ
2976 5170 2989 5184 ·
3026 5153 3088 5207 τὸ
3119 5156 3401 5211 ἀσύλωτον
3418 5158 3518 5227 τῆς
3538 5152 3674 5223 ζωῆς
3696 5163 3772 5200 τα·

2214 5249 2367 5316 μεῖον
2392 5263 2407 5277 ⁸
2462 5247 2497 5316 ἡ
2553 5245 2947 5313 ἀνεξάντλητος
3000 5246 3109 5301 τῶν
3139 5249 3303 5304 θείων
3347 5245 3770 5319 ἀωυγασμάτων

2212 5340 2364 5412 πηγή
2385 5354 2398 5369 ⁶
2435 5338 2497 5392 τὸ
2527 5339 2828 5392 ἀσάλευτον
2878 5341 3080 5408 κράτος
3124 5359 3139 5373 ’
3163 5342 3275 5414 ὅσῳ
3309 5347 3420 5409 τοῖς
3449 5341 3665 5396 πάθεσιν
3685 5332 3767 5386 οὐκ

2214 5433 2500 5501 ἐκρατεῖτο
2534 5432 2754 5486 πάντων
2791 5431 3173 5504 ὑπεραρθεῖσα
3211 5439 3280 5507 τῇ
3316 5436 3660 5508 καθαρότητι.
3687 5422 3768 5478 Διὰ

2210 5522 2416 5595 ταύτης
2438 5524 2572 5595 ἡμῖν
2607 5524 2911 5595 ὠμηρεύοη
2968 5526 3036 5579 τὰ
3083 5526 3182 5596 τῆς
3227 5528 3499 5600 σωτηρίας
3532 5523 3760 5591 ἐνέχυρα·

2212 5616 2309 5669 καί⁵
2359 5615 2422 5668 τὸ
2468 5616 2635 5687 μέχρι
2677 5616 2883 5689 μέτρου
2916 5617 3012 5672 τοῦ
3046 5619 3168 5672 καθ’
3210 5621 3358 5692 ἡμᾶς
3390 5616 3659 5693 προελθεῖν
3684 5606 3765 5677 τὴν

2210 5705 2356 5760 οὕτω
2382 5706 2872 5778 τεθαυμασμένην,
2911 5710 3006 5763 καὶ
3030 5709 3092 5762 τὸ
3126 5711 3307 5765 κοινὸν
3342 5698 3759 5773 ἀποτίοαιχρὲοςι

2212 5799 2310 5868 τῆς
2361 5795 2575 5867 φύσεως
2635 5797 2767 5851 ἴδιον
2800 5813 2814 5829 ⁸
2848 5798 2909 5851 τὸ
2949 5799 3005 5852 δὲ
3037 5800 3112 5872 μὴ
3153 5800 3328 5866 οὕτως
3368 5800 3509 5874 ἔχειν
3557 5792 3678 5861 αὐτῇ
3706 5779 3762 5841 δι’
