4012 6444
371 373 510 438 1093
1124 422 1129 427 ς
1365 382 1450 446 IN
1499 385 2048 447 DORMITIONEM
2081 385 2449 451 summ.
2489 391 2605 450 ιιι.
3228 398 3262 429 ο
3521 406 3658 475 1094

367 496 492 548 ὅλου
512 490 578 548 τὰ
612 492 738 547 καθ’
772 493 833 547 ὃν
860 492 1011 547 ὲόίου
1064 494 1267 566 τρόπον
1319 496 1513 569 ὥσπερ
1564 500 1659 552 καὶ
1699 500 1783 568 ἐφ’
1813 500 1929 572 ήμιῖ

2035 537 2046 569 ι
2079 501 2471 570 inexhaustus,
2512 505 2909 564 inconcussum
2949 509 3143 579 robur,
3174 524 3390 585 quanto
3418 522 3661 591 puritate

372 587 661 659 ἰδιώματα,
697 589 900 643 οίκεῑον
928 587 1024 657 τῆς
1062 590 1201 660 πρὸς
1228 594 1289 644 sb
1316 586 1472 645 Θεϊον
1511 590 1832 664 ἐγγύτητος.

2074 593 2239 651 rebus
2282 596 2544 653 omnibus
2591 600 2875 668 elevatior,
2930 605 3100 660 nullis
3148 586 3479 666 vincebatur
3521 614 3656 670 aﬂ'e-

360 679 668 733 ctionibus.
722 676 827 735 Per
873 694 997 733 eam
1041 678 1208 735 nobis
1251 677 1526 736 obstricta
1574 693 1706 737 sunt
1757 678 1957 737 salutis
1995 681 2229 753 pignora
2258 704 2272 739 :
2305 700 2371 742 ac
2397 688 2619 758 quidem
2661 699 2719 745 ut
2760 695 2832 746 ita
2869 698 3127 750 miranda
3197 700 3267 753 ad
3345 701 3651 761 humanum
3704 716 3711 721 '

363 787 542 837 usque
591 770 817 825 modum
875 772 1236 841 processerit,
1272 772 1609 845 solveritque
1659 788 1953 830 commune
1991 773 2262 845 debitum,
2294 788 2509 836 natura:
2548 785 2837 852 proprium
2879 784 3020 840 fuit:
3072 788 3218 857 quod
3283 800 3470 847 autem
3543 794 3653 849 illis

362 869 488 921 vitae
522 865 768 935 propria.
804 881 914 921 non
943 865 1199 922 eumdem
1227 866 1457 922 omnino
1502 863 1754 938 atquein
1824 866 1986 922 nobis
2061 869 2284 925 modum
2327 872 2643 941 habuerint,
2701 879 2989 947 proprium
3053 879 3158 934 fuit
3210 885 3650 956 propinquitati,

359 964 430 1018 ad
473 961 667 1017 Deum.

431 1058 578 1127 Πλὴν
608 1056 708 1124 τῆς
745 1055 826 1117 εἱς
865 1053 1037 1125 ἄκρον
1077 1055 1351 1120 ἀπαθείας
1397 1056 1680 1122 ἀπόδειξις
1720 1055 1929 1127 εὔδηλος

2135 1054 2409 1112 Caeterum
2455 1074 2565 1115 non
2617 1061 2775 1117 deest
2825 1077 2936 1132 quo
2977 1079 3197 1121 summa
3260 1066 3315 1122 in
3365 1084 3429 1125 ea
3463 1081 3643 1129 osten-

357 1151 468 1203 Καὶ
504 1149 557 1201 τί
599 1147 709 1218 γὰρ
742 1148 851 1200 τῶν
898 1147 1046 1213 ἄγαν
1097 1148 1371 1218 μεγίστων
1409 1149 1473 1202 οὐ
1523 1151 1620 1203 σὺν
1661 1149 1842 1220 πολλῷ
1887 1168 1929 1203 τι

2062 1146 2228 1203 datur
2307 1149 2670 1205 allectiouum
2752 1157 3024 1211 vacuitas.
3098 1157 3245 1225 Quid
3299 1162 3446 1215 enim
3505 1164 3652 1221 inter

357 1243 609 1315 περιόντι
644 1243 744 1313 τῆς
772 1244 982 1314 ἀρετῆς
1044 1242 1134 1294 ἐπ’
1162 1243 1303 1316 αὐτῇ
1357 1244 1730 1316 προσελήλυθε
1758 1263 1773 1311 ;
1807 1245 1871 1298 Τί
1902 1246 1929 1298 δ

2062 1238 2302 1293 maxima
2344 1242 2810 1310 computandum,
2860 1260 2971 1299 non
3027 1248 3199 1303 multo
3253 1253 3475 1307 virtutis
3528 1269 3651 1309 cre-

355 1334 468 1387 τῶν
507 1337 588 1398 είς
617 1332 849 1400 ἔνδειξιν
876 1332 1173 1402 θαυμάτων
1215 1333 1276 1385 οὑ
1324 1335 1577 1406 προήχθη
1616 1334 1920 1406 παράδοξον

2060 1338 2245 1384 mento
2274 1330 2322 1385 ei
2347 1332 2631 1387 accessit?
2659 1330 2800 1399 Quid
2827 1350 2959 1390 vero
2989 1338 3120 1392 novi
3152 1338 3218 1393 ad
3246 1342 3644 1398 miraculorum

355 1428 434 1490 ὡς
478 1426 766 1497 δειχθῆναι
822 1425 1042 1479 πάντων
1101 1424 1274 1495 αὐτὴν
1338 1425 1635 1493 θαυμάτων
1664 1427 1774 1481 τῶν
1804 1428 1926 1483 ὃπω

2058 1418 2453 1477 εχιιίὺὶιίοηειιι
2482 1438 2590 1477 non
2623 1426 2845 1481 evasit?
2872 1438 2933 1482 ut
2965 1430 3214 1484 onmium
3248 1434 3646 1491 miraculorum

357 1520 490 1572 ποτὲ
524 1519 621 1572 καί⁵
642 1517 741 1571 νῦν
779 1516 1170 1588 προαχθέντων
1196 1517 1589 1589 ἢτελουμένων
1623 1519 1929 1591 ἐναύλισμα

2053 1511 2100 1565 si
2145 1527 2266 1581 quas
2299 1530 2535 1585 usquam
2593 1518 2870 1590 modoque
2923 1533 3232 1578 evaserunt
3275 1535 3371 1579 aut
3423 1506 3649 1584 fuerunt

353 1606 430 1663 ὧν
465 1611 631 1681 μέρος
683 1610 913 1678 ἔσχατον
944 1611 1038 1662 καὶ
1065 1609 1128 1662 τὸ
1161 1609 1259 1663 νῦν
1290 1626 1354 1678 γε
1389 1612 1589 1682 παρὸν,
1638 1613 1688 1664 εί
1727 1612 1822 1666 καὶ
1848 1631 1929 1684 πρε

2056 1617 2468 1672 consummata,
2505 1610 2651 1663 velut
2685 1612 2848 1667 sedes
2883 1611 3030 1687 facta
3089 1616 3200 1669 sit:
3228 1631 3484 1684 .qnorum
3519 1636 3648 1689 pars

354 1701 564 1764 παντὸς
636 1699 1001 1771 προδιώριστο
1049 1700 1280 1771 χρόνου·
1309 1701 1406 1770 τῆς
1446 1701 1597 1766 Θείας
1639 1701 1782 1756 οὕτω
1811 1704 1929 1775 τάχι

2052 1705 2324 1767 extrema,
2380 1699 2528 1755 istud
2567 1710 2653 1757 est
2700 1704 2849 1772 quod
2882 1719 3035 1759 nunc
3063 1706 3437 1767 celebramus.
3473 1726 3650 1779 quan-

353 1791 556 1862 βουλῆς
586 1789 794 1845 ἄνωθεν
823 1791 925 1862 τὴν
956 1792 1088 1862 περὶ
1117 1791 1350 1845 ἕκαστον
1375 1793 1533 1863 ἡμῶν
1559 1795 1951 1868 διορισαμένης

347 1884 446 1937 τοῦ
488 1884 605 1952 βίου
662 1882 989 1954 περαίωσιν.
1038 1883 1150 1936 Καὶ
1179 1882 1224 1936 ὢ
1246 1885 1347 1954 τῆς
1400 1885 1656 1956 προνοίας
1678 1882 1746 1956 ἦς
1774 1887 1948 1951 οὐδεὶς

348 1973 584 2041 ἀφίκετο
620 1971 899 2040 γεννητῶν
938 1972 1019 2035 είς
1061 1973 1130 2026 τὰ
1171 1972 1379 2043 ἔσχατα
1407 2014 1423 2039 ,
1457 1975 1489 2046 ἢ
1521 1978 1667 2046 ἴχνος
1700 1977 1946 2049 ἐξευρεῖν

345 2063 684 2133 δεδύνηταιί
744 2058 813 2133 ἦς
872 2061 1035 2134 ἔργον
1089 2065 1186 2117 καὶ
1237 2066 1299 2117 τὸ
1321 2065 1418 2118 νῦν
1461 2066 1788 2137 τελούμενον
1845 2070 1946 2140 τῆς

345 2149 629 2220 Παρθένου
684 2151 1012 2221 μυστήριον.
1068 2152 1391 2224 Μυστήριον
1429 2154 1560 2226 γὰρ,
1600 2158 1695 2209 καὶ
1731 2159 1780 2209 εἰ
1815 2160 1945 2228 περὶ

345 2243 410 2295 τὸ
441 2242 713 2313 ἡμέτερον
775 2243 1127 2314 ὲνθεωρεῖται
1167 2244 1323 2309 τέλος
1347 2259 1361 2274 ·
1405 2247 1500 2301 καὶ
1537 2247 1698 2301 τοῦτό
1726 2251 1877 2303 ἐστιν
1908 2253 1941 2323 ὴ

347 2334 411 2399 ἐξ
468 2335 645 2407 ἀρχῆς
702 2335 1162 2408 ἀποκληρωθεῖσα
1216 2337 1379 2407 φύσει
1408 2342 1475 2411 τῇ
1526 2341 1619 2394 τοῦ
1649 2342 1940 2416 ἀνθρώπου

350 2427 530 2499 μερίς.
599 2426 814 2481 Ἀλλ⁹ὢ
857 2429 977 2493 πῶς
1030 2428 1264 2500 διεκόπη
1322 2434 1602 2502 φραγμδς,
1666 2436 1941 2500 συνδεθεὶς

346 2519 630 2591 ἀμαρτίᾳ;
689 2520 816 2584 Πῶς
864 2520 1171 2593 διεσπάσθη
1220 2524 1317 2577 καὶ
1359 2523 1557 2595 δεσμὸς
1591 2527 1939 2596 συμπλακεὶς

342 2609 696 2680 παραδὰσει;
756 2609 823 2663 Τί
886 2612 969 2665 ὅτι
1027 2614 1519 2684 καταπεφρόνηται
1575 2614 1805 2680 θάνατος
1862 2619 1938 2682 ὡς

337 2703 562 2772 ἡμέρας
615 2702 901 2769 ἐνύπνιον;
943 2703 1165 2773 Οἴχεται
1213 2706 1401 2774 φόϐος,
1447 2707 1509 2759 οὺ
1541 2708 1936 2779 μορμολύττων

337 2792 529 2847 οὐκέτι
578 2795 704 2858 τοὺς
754 2796 813 2847 ὲν
871 2794 1096 2865 Χριστῷ
1122 2796 1512 2868 νηπιάζοντας.
1551 2800 1623 2853 Ἦ
1655 2800 1757 2853 οὐκ
1791 2800 1857 2855 ἂν
1884 2803 1934 2854 εί

341 2884 423 2958 μὴ
443 2886 668 2959 τεθναίη
705 2886 850 2957 τάχα
872 2887 969 2941 τοῦ
997 2888 1135 2942 Θεοῦ
1166 2888 1228 2942 τὸ
1261 2889 1485 2961 χωρίον,
1523 2892 1556 2962 ἡ
1614 2891 1790 2964 φθορὰ
1852 2893 1933 2947 δι-

337 2978 507 3050 ελύθη
534 2982 792 3052 παρακοῇ
824 2981 1238 3051 σπερμανθεῖσα
1262 3001 1276 3049 ;
1298 2984 1405 3037 Ναὶ
1448 2984 1664 3055 διελύθη
1689 2987 1928 3056 Χριστοῦ

338 3071 770 3143 προτεθνεῶτος.
830 3073 981 3145 Αὐτὴ
1029 3073 1138 3145 γὰρ
1170 3074 1392 3145 ἡφύσις
1443 3076 1804 3143 ἐξεκαλέσατο
1830 3079 1929 3151 τῆς

339 3165 404 3217 ὲν
459 3163 634 3236 φθορᾷ
688 3165 1013 3236 καταδίκης,
1045 3167 1147 3236 τὴν
1284 3165 1595 3260 ἀφθαρσίας
1627 3169 1928 3241 ἀνελομένη
1961 3198 2005 3260 C

337 3256 704 3314 κατάστασιν.
738 3259 802 3310 Ὦ
828 3257 1027 3312 καινῶν
1051 3259 1329 3329 ἀμοιϐῶνῐ
1362 3258 1407 3312 ὣ
1429 3260 1594 3314 θείων
1626 3263 1933 3332 συναλλαγ-

336 3353 565 3424 μάτωνι
610 3352 907 3422 Ἐξέφυσεν
951 3353 984 3422 ἡ
1020 3352 1188 3421 φύσις
1232 3351 1636 3424 ὴκανθωμὲνην
1670 3355 1935 3427 προαίρε-

336 3460 461 3499 σιν’
484 3443 850 3512 ἀντεξέφυσεν
888 3441 1032 3512 αὕτη
1059 3442 1153 3496 τὸν
1193 3443 1490 3516 πληρωτὴν
1528 3445 1625 3499 τοῦ
1675 3445 1933 3518 πατρῴου

335 3532 671 3604 θελήματος.
707 3533 970 3604 Ὤδινενή
1004 3533 1166 3601 φύσις
1193 3535 1260 3588 ὲκ
1287 3528 1576 3607 παρακοῆς
1613 3537 1934 3610 αὐθαίρετον

338 3622 594 3688 θάνατον,
620 3622 912 3677 ἀντώδινεν
936 3623 1075 3695 αὕτη
1108 3625 1198 3679 τὸν
1220 3626 1291 3679 δι’
1322 3627 1572 3699 ὑπακοῆς
1611 3631 1935 3703 ἀνῃρηκότα

335 3714 435 3767 τὸν
469 3713 722 3769 θάνατον.
783 3716 936 3787 Μόνη
972 3717 1082 3788 γὰρ
1118 3718 1255 3791 μόνη
1307 3721 1459 3792 παρὰ
1486 3723 1586 3793 τὴν
1609 3723 1770 3793 φύσιν
1797 3726 1934 3797 πρὸς

342 3807 643 3893 νεουργίαν
663 3808 1034 3880 ὲκλελεγμὲνη
1079 3811 1178 3880 τῆς
1222 3811 1462 3881 φύσεως,
1500 3815 1639 3886 μόνη
1686 3814 1765 3885 τῷ
1795 3817 1934 3870 πλα-

341 3895 595 3967 στουργῷ
623 3898 722 3967 τῆς
777 3896 908 3966 ὅλης
938 3898 1328 3970 ὑπηρετήσατο
1375 3902 1609 3973 φύσεως.
1650 3906 1803 3960 Ἐπεὶ
1838 3902 1933 3962 οὖν

340 3986 634 4057 πρόκειται
691 3987 787 4041 νῦν
841 3989 874 4060 ἡ
935 3988 1406 4061 θεοχρημάτιστος
1444 3993 1583 4064 αὕτη
1641 3997 1798 4067 σορὸς
1834 3998 1930 4052 τοῦ

337 4081 647 4151 θεολήπτου
685 4083 939 4153 σκήνους,
969 4078 1058 4137 οἷά
1081 4102 1165 4147 τις
1194 4083 1426 4154 ἄφθονος
1459 4087 1780 4157 ἁγαθοδότις
1803 4092 1931 4156 τοὺς

336 4160 669 4240 φιλοκάὶῖους
703 4176 1112 4244 προτρέπουσα,
1145 4177 1219 4246 μή
1240 4194 1323 4238 τις
1348 4177 1649 4250 ὑστερείτω
1678 4181 1779 4251 τῆς
1816 4183 1932 4238 Ἐκ-

335 4265 594 4335 κλησίας.
632 4267 708 4320 Οὐ
743 4266 851 4337 γὰρ
868 4266 1041 4319 δεῖται
1065 4267 1230 4321 πόνου
1263 4268 1323 4321 τὸ
1351 4270 1618 4341 χάρισμα,
1652 4273 1791 4345 πλὴν
1828 4275 1927 4346 μό-

333 4375 435 4425 νης
462 4360 563 4429 τῆς
591 4359 986 4430 προαιρέσεως.
1020 4358 1231 4413 Οὖκοῦν
1267 4362 1365 4414 ἴτω
1395 4363 1672 4431 πρόθυμος
1696 4368 1843 4430 ἄπας
1870 4366 1928 4431 ὃς

333 4450 453 4519 ἔχει
490 4451 673 4503 πίστιν
724 4449 1079 4505 ἀδίστσκτονο
1136 4452 1232 4506 ἴτω
1262 4453 1476 4525 πρὺςτὸ
1510 4455 1611 4525 τῆς
1640 4456 1924 4529 Παρθένου

2054 1802 2223 1867 quam
2267 1797 2394 1844 ante
2444 1798 2664 1860 tempus
2719 1808 2886 1849 omne
2938 1794 3264 1863 deﬁnitum;
3322 1799 3406 1854 sic
3456 1804 3647 1871 utique

2056 1866 2182 1932 vitae
2215 1879 2488 1949 cujusque
2523 1881 2686 1936 tinem
2730 1883 2922 1939 divino
2969 1885 3102 1939 olim
3141 1887 3479 1945 decernente
3508 1908 3645 1946 con-

2055 1968 2207 2023 silio.
2245 1969 2376 2034 Srd,
2430 1985 2464 2024 ο
2515 1972 2949 2042 providentiam,
3001 1989 3169 2044 quam
3219 1993 3383 2032 nemo
3421 1981 3641 2035 tandem

2054 2078 2288 2131 usquam
2325 2074 2578 2117 natorum
2630 2065 2811 2135 potuit
2866 2069 3113 2137 assequi,
3161 2079 3255 2123 aut
3313 2072 3437 2140 ejus
3491 2074 3645 2128 inve-

2053 2155 2172 2209 nire
2207 2153 2472 2224 vestigia!
2507 2156 2665 2221 cujus
2712 2158 2927 2213 molitio
2956 2167 3062 2222 est.
3112 2162 3261 2231 quod
3295 2179 3443 2218 nunc
3471 2168 3639 2219 ctiam

2051 2247 2345 2315 peragitur
2416 2245 2665 2317 Virginis
2740 2258 3181 2306 sacramentum.
3254 2253 3429 2311 Plane
3489 2257 3635 2311 enim

2048 2345 2465 2392 sacramentum
2504 2346 2609 2402 est,
2666 2354 2986 2409 quanquam
3040 2341 3191 2396 circa
3237 2345 3398 2400 linem
3443 2346 3638 2400 huma-

2047 2442 2180 2480 num
2218 2427 2615 2483 consideratur
2647 2444 2661 2481 :
2690 2444 2857 2498 quam
2899 2438 3102 2485 natura
3145 2430 3384 2486 humana
3418 2445 3630 2503 partem

2047 2535 2078 2575 a
2114 2519 2585 2590 principio'velut
2645 2534 2797 2575 sorte
2843 2522 3081 2590 accepit.
3131 2520 3448 2587 Enimvero,
3493 2542 3632 2596 quo-

2045 2609 2217 2671 modo.
2236 2607 2471 2678 disjecta
2500 2616 2586 2663 est
2618 2610 2888 2662 maceries
2923 2618 3152 2679 peccato
3183 2612 3485 2682 colligata?
3528 2616 3636 2670 Sed

2044 2710 2099 2756 et
2135 2701 2417 2772 quomodo
2464 2701 2785 2770 disruptum
2839 2701 3126 2756 vinculum
3183 2706 3632 2773 praevaricationi

2043 2794 2433 2864 complexum?
2460 2792 2603 2860 Quid
2642 2808 2827 2848 causae
2849 2804 2939 2849 cst
2999 2803 3057 2849 ut
3108 2812 3264 2854 mors
3296 2801 3447 2854 velut
3482 2816 3635 2856 som-
3664 2844 3677 2849 -

2041 2897 2149 2937 nus
2182 2884 2417 2938 diurnos
2446 2889 2633 2953 spreta
2667 2882 2777 2937 sit?
2808 2882 3099 2938 Ahscessit
3152 2893 3357 2947 metus,
3390 2903 3492 2942 nec
3516 2889 3631 2957 jam

2041 2991 2143 3031 ceu
2209 2976 2429 3046 objecta
2481 2976 2634 3029 larva
2695 2976 2958 3046 parvulos
3019 2977 3077 3031 in
3118 2977 3346 3034 Christo
3387 2985 3628 3037 territat.

2038 3066 2179 3122 Num
2213 3083 2345 3123 vero
2375 3068 2486 3122 nisi
2530 3067 2623 3122 Dei
2656 3068 2817 3122 locus
2840 3067 2936 3124 ille
2971 3079 3306 3136 moreretur,
3337 3073 3627 3142 corruptio

2039 3160 2498 3232 praevaricatione
2530 3167 2651 3215 sata
2692 3175 2802 3214 non
2830 3160 3256 3216 destrueretur?
3285 3161 3473 3226 Plane,
3501 3174 3630 3219 ante

2040 3260 2265 3308 mortuo
2288 3252 2515 3306 Christo
2561 3252 2969 3308 destrueretur.
3000 3254 3126 3324 Ipsa
3164 3256 3374 3326 quippe
3425 3268 3629 3314 natura

2039 3347 2457 3403 damnationem
2495 3346 2874 3417 corruptionis
2898 3348 3102 3402 exemit
3122 3348 3222 3419 (2),
3247 3352 3629 3421 corruptionis

2037 3448 2187 3495 statu
2224 3438 2318 3493 illo
2350 3438 2769 3507 incorruptione
2819 3439 3064 3509 sublato.
3097 3437 3141 3494 Ο
3180 3456 3354 3496 novas
3385 3443 3631 3498 alterna-

2037 3532 2256 3586 tionesl
2290 3545 2323 3584 ο
2353 3528 2544 3584 divina
2588 3531 2951 3584 commercia!
2992 3530 3262 3586 Prodnxit
3310 3542 3512 3587 natura
3541 3533 3629 3588 fa-

2038 3632 2179 3677 ctam
2232 3621 2288 3674 in
2318 3621 2514 3690 spinas
2552 3620 2894 3675 voluntatem
2929 3620 3044 3694 (5);
3100 3623 3291 3677 eadem
3340 3639 3372 3679 e
3405 3625 3629 3681 diverso

2035 3729 2161 3771 eum
2198 3712 2488 3783 produxit,
2550 3712 2645 3782 qui
2696 3720 2987 3784 paternam
3040 3716 3386 3771 voluntatem
3433 3717 3630 3788 imple-

2034 3807 2138 3863 vit.
2168 3806 2388 3876 Peperit
2441 3813 2643 3859 natura
2699 3814 3062 3875 spontaneum
3097 3820 3126 3859 a
3162 3809 3629 3877 praevaricatione

2034 3909 2305 3966 mortem;
2341 3900 2529 3956 eadem
2565 3901 2685 3971 ipsa
2721 3915 2752 3956 e
2783 3885 3073 3954 contrario
3099 3916 3223 3954 eum
3258 3903 3494 3970 peperit,
3529 3905 3625 3971 qui

2033 3993 2350 4050 obedientia
2397 4000 2630 4047 mortem
2676 3990 2976 4046 destruxit.
3033 3992 3162 4045 Sola
3219 3994 3447 4063 quippe.
3508 3995 3627 4051 sola

2034 4096 2236 4160 praeter
2278 4094 2541 4142 naturam
2599 4085 2666 4139 ad
2718 4101 2922 4140 novum
2968 4097 3181 4140 naturae
3222 4102 3364 4156 opus
3421 4087 3625 4154 electa,

2032 4183 2154 4239 sola
2186 4190 2400 4236 neutra:
2450 4179 2622 4235 totius
2665 4176 2873 4247 Fictori
2921 4177 3288 4232 ministravit.
3334 4177 3455 4233 Jam
3494 4193 3627 4249 ergo

2031 4272 2145 4328 Deo
2181 4272 2347 4327 amati
2390 4271 2735 4327 tabernaculi
2785 4270 2962 4333 illius,
3005 4271 3157 4324 velut
3194 4269 3465 4323 bonorum
3501 4285 3627 4322 mu-

2033 4366 2196 4421 nilica
2234 4365 2527 4435 largitione
2563 4364 2691 4417 boni
2724 4369 2976 4417 amantes
3016 4371 3373 4428 provocante,
3408 4360 3621 4414 oraculi

2030 4462 2214 4516 instar
2278 4457 2569 4529 proposito
2618 4456 2790 4508 hocce
2829 4453 3014 4507 loculo
3049 4451 3126 4529 μ)
3175 4451 3284 4507 Deo
3322 4451 3516 4517 divite,
3555 4468 3624 4506 ne

1588 4626 1595 4641 ν
1682 4606 2072 4665 COMBEFISII
2099 4607 2336 4666 ΝΟΤᾸΕ.

412 4701 488 4771 (Ξ)
531 4699 884 4753 Danmatt’one
924 4700 1279 4771 corruptionis
1327 4709 1596 4768 exempta,
1642 4713 1912 4770 receperat
1947 4707 1991 4761 D
2020 4705 2169 4759 velut
2202 4701 2515 4757 oraculum.
2553 4701 2648 4755 Sic
2694 4698 2858 4769 paulo
2907 4695 3162 4757 inferius.
3211 4695 3339 4771 ΪῙτω
3369 4698 3522 4771 ,πρὸς
3561 4700 3619 4753 τὸ

331 4769 752 4838 ἱηεοιτιῳιὶοηίε
777 4777 998 4824 statum.
1017 4769 1111 4823 S:c
1129 4773 1507 4839 componenda
1526 4773 1731 4837 versio,
1753 4790 1921 4833 sensu

333 4843 563 4897 omnino
595 4842 778 4912 plano.
798 4839 1208 4912 Ἐξεκαλέσατο,
1229 4841 1377 4895 velut
1397 4840 1576 4897 fuerat
1600 4855 1827 4900 evocata
1854 4862 1921 4904 ac

334 4910 609 4977 educente
642 4910 735 4964 Dei
769 4911 964 4980 gratia,
991 4910 1242 4980 liberata.
1457 4962 1461 4967 ,

411 4983 504 5058 (5).
532 4979 850 5058 Εασιωῖις-ἱη
871 4982 1060 5058 _spinas
1095 4979 1440 5058 νοζιιηιᾳςεηι.
1486 4981 1915 5058 Ἦκανρωμένην

332 5051 683 5124 προαίρεσιν.
712 5051 923 5124 Allusio
944 5059 1035 5124 est
1060 5050 1129 5104 ad
1160 5050 1292 5124 illud
1316 5051 1621 5124 lsa.v,Aubi
1648 5050 1914 5115 Dominus

332 5120 404 5178 de
430 5120 587 5195 vinea
624 5121 924 5195 que_ritur_;_
944 5120 1197 5195 humana
1216 5121 1409 5195 utique
1439 5120 1720 5179 voluntate
1749 5139 1917 5195 quam

322 5194 578 5264 pxcoluit
605 5188 782 5266 gratia
814 5208 845 5266 :_
875 5188 1197 5266 Egespequi
1247 5188 1539 5266 ut'faceret
1576 5188 1919 5266 IthM,-fecil

331 5260 515 5318 autem
550 5260 768 5331 spinas;
800 5261 883 5317 sic
917 5260 1061 5316 LXX
1087 5279 1101 5315 :
1127 5261 1385 5331 Ἐποίησε
1415 5261 1473 5315 δὲ
1504 5260 1799 5328 ἀκάνθας(
1824 5268 1919 5325 Sic

331 5344 488 5389 certe
521 5336 733 5404 primus
767 5347 972 5404 parens
1005 5332 1374 5404 inobedientia
1407 5331 1641 5404 habuit;
1673 5337 1775 5390 sed
1805 5354 1917 5393 ma-

332 5405 448 5458 lum
483 5401 587 5458 hoc
619 5401 804 5458 Mariae
834 5401 1157 5471 Christique
1184 5402 1499 5458 obedientia
1532 5403 1765 5472 depulit.

407 5475 483 5545 (4)
526 5472 749 5529 Oraculi
778 5474 955 5545 instar
995 5472 1470 5545 propositohocce
1515 5475 1711 5545 loculo.
1759 5476 1917 5535 Ἐπεὶ

328 5541 428 5617 οὖν
455 5541 743 5616 πρόκειται
791 5542 888 5597 νῦν
1017 5543 1491 5617 θεοχρημάτιστος-
1546 5543 1687 5617 αὕτη
1734 5551 1913 5617 σορός.

334 5614 451 5669 Vox
477 5614 563 5671 est
592 5617 796 5687 rarior,
822 5622 883 5687 ut
905 5614 1233 5687 plures:al__ite
1263 5616 1436 5669 nostri
1465 5614 1721 5682 Andreae,
1740 5614 1917 5687 quan-

327 5700 497 5757 quam
563 5683 1010 5757 elegantissimae.
1072 5683 1300 5757 Videtur
1360 5687 1661 5757 signiﬁcari
1730 5683 1910 5757 ipsum

331 5753 580 5830 l'leiparm
618 5753 823 5830 corpus
851 5753 1088 5807 Numine
1107 5753 1375 5830 amatum,
1411 5753 1570 5830 σορὸς
1601 5753 1911 5830 θεολήπτου

336 5827 588 5896 σκζνους,
621 5826 800 5881 instar
832 5839 974 5880 arcte
1005 5834 1056 5880 et
1087 5825 1487 5895 propitiatorii,
1526 5828 1613 5882 cui
1648 5825 1800 5883 locus
1845 5830 1916 5884 sit

2032 4772 2463 4848 τῇςῨΠαρθένου
2515 4767 3027 4848 χρηματιστῄριον
3078 4767 3230 4848 quod
3286 4767 3619 4848 mddintus:

2039 4839 2230 4899 Veniat
2262 4839 2330 4898 ad
2381 4839 2663 4898 oraculum
2705 4840 2938 4911 Virginis
2960 4855 2989 4911 :_
3016 4839 3166 4911 quod
3198 4839 3273 4892 ita
3315 4840 3498 4895 suasit
3524 4857 3620 4895 ex-

2027 4915 2343 4992 ponen_dum
2371 4914 2543 4992 quod.
2579 4907 2857 4992 sequitur,
2906 4909 3002 4963 καὶ
3042 4907 3243 4992 nte-co)
3289 4910 3460 4992 πείρᾳ
3508 4912 3619 4963 τῶν

2025 4980 2226 5040 ἑαυτοῦ
2261 4980 2620 5054 καταθυμίων
2652 4980 2751 5053 τὴν
2784 4980 3019 5054 εὕρεσιν.
3053 4980 3283 5054 Videtur
3309 4980 3460 5054 enim
3492 4997 3618 5037 esse

2022 5056 2225 5111 allusio
2255 5055 2323 5109 ad
2355 5049 2495 5109 illud
2540 5056 2559 5106 ι
2590 5049 2726 5121 Reg.
2747 5069 2820 5115 Ix,
2845 5049 2932 5111 i9.
2959 5064 3069 5120 quo
3097 5049 3322 5121 Samuel
3342 5053 3617 5118 promittit

2025 5140 2087 5182 se
2146 5124 2302 5181 Sauli
2346 5120 2808 5195 annuntiatu’rutn
2856 5122 3035 5176 πάντα
3075 5120 3256 5195 τὰμὲν
3297 5123 3376 5195 τῇᾷ
3414 5122 3616 5195 καρδίᾳ

2017 5213 2142 5263 σου.
2172 5197 2369 5255 Omnia
2409 5197 2621 5267 quatiat
2644 5266 2647 5267 ν
2668 5194 2828 5267 card!
2859 5202 2950 5267 tuo
2976 5208 2996 5246 :
3036 5190 3183 5262 quod
3213 5190 3410 5267 estjb,
3444 5190 3615 5267 mirar-

2020 5260 2213 5338 θύμια,
2234 5259 2493 5323 Andreae.
2518 5266 2587 5323 Ut
2608 5266 2753 5321 sicut
2777 5261 2909 5318 Saul
2937 5259 3170 5338 accessu
3201 5261 3276 5338 ad.
3298 5259 3611 5317 Sanmelem

2020 5333 2207 5408 rei'psa’
2238 5339 2522 5414 cognovit_
2547 5339 2801 5391 inventas
2846 5350 2971 5390 esse
3005 5333 3222 5414 asinae,
3264 5333 3482 5414 ito‘nos
3513 5349 3611 5414 ac-

2019 5401 2282 5464 cedentes
2299 5401 2365 5464 a'd
2389 5406 2615 5462 Mariam
2643 5419 3051 5475 cognoscamus
3070 5404 3292 5459 inventa
3310 5401 3380 5456 τὰ
3399 5404 3612 5475 ἑαυτῶν

2018 5480 2358 5549 καταθύμιαο
2383 5493 2506 5549 qua:
2532 5478 2691 5532 nobis
2724 5474 2924 5531 debent
2946 5490 3071 5549 esse
3086 5475 3278 5549 animo
3305 5491 3319 5527 :
3350 5481 3408 5525 nt
3445 5474 3613 5549 nimi-

2017 5565 2140 5604 rum
2180 5543 2318 5606 ce'rti
2357 5543 2659 5604 efﬁciamur
2695 5555 2900 5603 nostra:
2930 5546 3150 5607 salutis,
3193 5553 3401 5614 quanta
3438 5543 3607 5598 nobis

2018 5620 2246 5696 moralis
2259 5619 2543 5696 .certitudo
2563 5620 2712 5696 illius
2733 5633 2857 5696 es_.s_e
2887 5624 3093 5688 potest.
3123 5615 3261 5696 Sunt
3293 5616 3415 5696 alite
3440 5615 3609 5696 hujus

2019 5690 2169 5761 vocis
2203 5689 2641 5761 signiﬁcationes
2684 5692 2737 5747 in
2770 5686 3077 5759 Thesauro,
3111 5686 3209 5744 sed
3238 5686 3424 5742 minus
3475 5686 3603 5739 huic

2020 5759 2145 5815 loco
2176 5759 2457 5833 congruae.

3758 4914 3777 4943 ἱ
