4012 6434
493 423 630 491 1095
846 386 875 414 ⁸
1686 417 1747 477 s.
1785 414 2095 477 meum

2202 410 2584 476 RETENSIS
2984 478 2989 482 ι
3289 441 3300 452 -
3630 399 3750 464 Ῑθθθ

487 546 612 616 quis
646 537 946 597 conventui
1006 533 1174 591 desit.
1208 532 1330 588 Non
1379 530 1525 586 enim
1563 529 1840 602 ejusmodi
1895 527 2071 601 gratia

2202 526 2674 610 :qutat‘rta‘rﬂptov,
2709 520 2808 579 καὶ
2834 518 3028 589 γνώτω
3044 514 3210 593 πείρᾳ
3239 512 3348 567 τῶν
3380 509 3579 565 ἑαυτοῦ
3606 529 3753 567 κατα-

397 702 405 709 ,
486 604 575 692 est
602 644 661 689 ut
689 632 937 702 indigeat
979 626 1192 692 labore,
1235 622 1356 679 sola
1380 620 1668 677 voluntate
1694 630 1749 677 et
1780 618 2069 692 proposito

2207 604 2385 693 υμίων
2421 621 2522 692 τὴν
2585 616 2826 689 εὕρεσιν.
2873 611 3070 667 Κοινδν
3137 608 3296 664 τοῦτο
3347 604 3755 676 διαλλακτήριον

488 738 629 795 Opus
688 698 876 775 habet.
929 714 1152 771 Alacris
1193 726 1327 784 ergo
1360 710 1613 778 accedat,
1667 709 1923 780 quisquis
1966 708 2072 765 ﬁde

2202 713 2494 785 πρόκειται,
2525 707 2913 777 καταλλάγητε
2968 701 3172 764 πάντες
3220 699 3364 770 Θεῷ.
3403 698 3538 752 Ἰδοὺ
3580 700 3614 769 ἡ
3647 701 3760 754 ἀκέ-

488 788 574 869 est
605 810 832 865 minime
875 805 1066 863 dubia.
1118 803 1315 860 Veniat
1365 801 1433 857 ad
1470 800 1759 856 oraculum
1797 798 2071 871 Virginis,

2202 822 2347 869 ιιιγτος
2385 803 2488 873 τῆς
2534 800 2840 862 ἀθανασίας
2893 794 3069 867 πηγὴ,
3092 791 3249 847 δεῦτε
3278 788 3330 843 οε
3374 789 3759 860 νεκρωθέντες,
3852 848 3853 853 η

489 911 659 974 atque
682 917 746 957 ea
770 914 897 970 qua:
929 904 1059 953 sunt
1104 895 1160 951 in
1202 894 1393 949 animo
1439 892 1866 961 desiderataque
1904 904 2074 960 expe-

2202 891 2517 965 ιρῥύσασθε.
2561 890 2693 943 Ἰδοὺ
2720 890 2770 942 οἱ
2791 888 2891 958 τῆς
2926 882 3072 953 ζωῆς
3098 881 3318 935 ἀένναοι
3343 880 3604 949 ποταμοὶ,
3622 878 3762 933 δεῦτε

487 996 731 1050 rimento
766 990 1050 1048 invenisse
1082 987 1326 1042 noverit.
1365 982 1697 1039 Communis
1725 982 1844 1036 haec
1872 995 2074 1036 recon-

2202 984 2385 1047 τάντες
2411 978 2836 1049 ἀθανατίσθητε.
2873 972 2949 1028 Ὦ
2974 972 3216 1044 θύγατερ
3259 970 3433 1042 ’Δδάμ
3464 971 3558 1024 κού⁵
3586 971 3765 1041 Μῆτερ

491 1079 1025 1138 ciliationisoﬁicina
1071 1075 1443 1147 proponitur;
1486 1087 1680 1128 omnes
1734 1070 1846 1127 Deo
1876 1085 2079 1125 recon-

2202 1070 2355 1124 9506!
2407 1066 2480 1123 Ὦ
2503 1069 2734 1140 ἄνανδρε
2762 1066 2979 1137 Μῆτερ,
3019 1063 3118 1118 καὶ
3170 1061 3465 1117 παιδοτόκε
3499 1062 3763 1131 Παρθένει

490 1174 785 1230 ciliamini.
819 1171 979 1226 Ecca
1001 1169 1375 1224 inexhaustus
1427 1164 1554 1221 fons
1587 1163 2027 1219 immortalitatis
2061 1181 2075 1217 :

2202 1160 2255 1217 Ὠ
2290 1163 2501 1233 ποίημα
2529 1160 2626 1214 τοῦ
2660 1157 2982 1229 ποιηθέντος
3033 1156 3093 1208 ὲν
3142 1154 3227 1208 σοὶ
3265 1151 3559 1225 χρονικῶς,
3583 1154 3677 1207 καὶ
3703 1154 3767 1226 μὴ

492 1267 700 1330 venite,
734 1262 830 1335 qui
855 1262 1019 1317 morti
1058 1261 1246 1315 traditi
1276 1252 1436 1323 estis,
1469 1256 1711 1312 haurite.
1751 1254 1897 1310 Ecce
1912 1253 2081 1329 juges

2202 1256 2485 1318 εκστάντος
2515 1254 2619 1323 τῆς
2656 1252 2868 1314 οἰκείας
2906 1248 3247 1320 ἀῖδιότητοςί
3282 1247 3422 1318 Περὶ
3456 1245 3553 1300 σοῦ
3586 1248 3767 1310 πάντες

491 1357 622 1411 vitae
649 1353 803 1409 ﬁuvii
837 1372 851 1408 :
889 1352 1091 1415 venite,
1145 1363 1340 1404 omnes
1370 1346 1844 1402 immortalitatem
1884 1358 2083 1399 conse-

2202 1349 2238 1401 ›ί
2260 1348 2353 1402 τοῦ
2380 1346 2697 1416 Πνεύματος
2733 1346 3010 1415 ὑποφῆται
3054 1340 3540 1413 προύκελάδησαν.
3578 1341 3767 1412 Μωσῆς

495 1448 764 1521 quimini.
794 1446 839 1501 Ο
877 1445 1007 1499 Atla:
1040 1443 1154 1498 ﬁlia
1192 1450 1246 1497 et
1281 1440 1377 1495 Dei
1431 1438 1642 1493 Mater!
1673 1435 1716 1492 Ο
1761 1436 1933 1491 Mater
1964 1437 2085 1491 sine

2202 1441 2405 1512 πρῶτος
2440 1438 2602 1508 βάτον
2632 1435 2755 1489 ἰδών
2789 1453 2848 1489 σε
2898 1434 3168 1505 προέλεγε
3190 1448 3206 1464 ·
3253 1449 3275 1483 t
3314 1431 3525 1493 Διαϐὰς
3583 1430 3769 1501 ὄψομαι

496 1543 641 1607 viro,
684 1537 965 1608 Virgoque
1017 1534 1191 1606 prolis
1257 1532 1494 1602 parens!
1538 1528 1583 1584 Ο
1615 1528 1930 1600 ﬁgmentum
1966 1527 2088 1595 ejus

2202 1534 2252 1587 τὸ
2267 1534 2450 1603 ὅραμα
2476 1532 2535 1583 τὸ
2572 1530 2712 1599 μέγα
2748 1527 2927 1580 τοῦτο.
2963 1546 2981 1578 ι
3014 1525 3149 1595 Περὶ
3183 1522 3278 1577 σοῦ
3307 1525 3335 1576 ὁ
3366 1521 3652 1594 θεοπάτωρ
3680 1524 3771 1575 Δι-

498 1633 598 1704 qui
640 1633 697 1687 in
720 1639 775 1684 te
809 1639 1160 1699 temperance
1191 1626 1348 1678 ﬁctus
1394 1621 1821 1692 haudquaquam
1862 1620 2087 1690 propria

498 1723 810 1780 aeternitate
834 1717 1077 1775 excessit
1096 1717 1109 1768 ι
1131 1713 1204 1767 De.
1220 1720 1274 1769 te
1294 1713 1619 1768 cecinerunt
1637 1709 1879 1780 Spiritus
1898 1723 2089 1762 omnes

506 1817 861 1883 interpretes.
891 1805 1117 1860 Primus
1140 1802 1353 1873 Moyses
1376 1809 1433 1856 te
1464 1798 1684 1854 Bnbum
1708 1797 1926 1864 videns,
1954 1798 2090 1850 olim

2194 1625 2278 1679 ϐὶδ
2302 1626 2391 1677 τὸν
2441 1623 2675 1694 Χριστὸν
2732 1620 3117 1673 ἐλιτάνευσεν·
3159 1637 3178 1671 ι
3230 1615 3552 1686 Ἀνάστηθι,
3591 1615 3769 1686 Κύριε,

2195 1718 2392 1785 λέγων,
2457 1717 2521 1770 σὺ
2550 1715 2647 1767 καλ⁵
2696 1715 2730 1784 ὴ
2798 1712 3032 1783 κιϐωτὸς
3080 1710 3173 1764 τοῦ
3212 1708 3565 1778 ἁγιᾲςματός
3604 1725 3711 1762 σου.
3749 1727 3766 1759 ι

2202 1811 2335 1879 Περὶ
2405 1807 2499 1861 σοῦ
2570 1810 2597 1860 ὁ
2658 1805 2820 1867 αὐτὸς
2873 1805 2970 1872 τὴν
3027 1802 3128 1871 σὴν
3196 1799 3652 1869 πρυτυπούμενος
3698 1798 3771 1865 ἕξ-

504 1905 585 1959 ait
637 1921 651 1957 :
709 1920 728 1952 ι
789 1897 1100 1952 Transiens
1154 1894 1355 1948 videbo
1417 1892 1687 1946 visionem
1749 1890 1895 1943 hanc
1967 1902 2085 1941 ma-

2202 1903 2349 1965 οδον,
2418 1922 2437 1952 ι
2485 1901 2559 1953 Τὸ
2606 1896 2903 1967 πρόσωπόν
2959 1911 3053 1947 σου
3096 1894 3514 1947 λιτανεύσουσιν
3554 1894 3600 1944 οἱ
3628 1892 3774 1944 πλού-

499 2010 660 2068 gnam
684 2005 734 2048 ι.
791 2010 811 2045 ι
843 1990 955 2045 Pro
978 1998 1031 2044 te
1078 1987 1172 2041 Dei
1208 1987 1411 2056 parens
1458 1982 1632 2037 David
1679 1981 1903 2036 Christo
1957 1993 2090 2048 sup-

502 2087 766 2158 plicabat,
796 2083 993 2139 dicens
1019 2099 1029 2132 :
1057 2099 1075 2131 ι
1110 2081 1308 2148 Surge,
1343 2076 1599 2139 Domine,
1637 2083 1694 2129 tu
1719 2082 1776 2129 et
1799 2087 1929 2127 arca
1960 2085 2094 2127 san-

501 2174 864 2232 ctiﬁcationis
897 2183 1003 2229 tua:
1034 2173 1060 2212 δ
1089 2191 1138 2227 ,ι
1179 2168 1253 2223 De
1279 2175 1333 2223 te
1357 2167 1504 2223 idem
1540 2174 1697 2221 tuum
1727 2164 2092 2235 praeﬁgurans

501 2267 734 2332 exitum,
770 2263 1049 2335 quondam
1116 2260 1383 2330 psallebat
1420 2275 1482 2311 ε(
1522 2256 1753 2313 Vultum
1793 2264 1949 2311 tuum
1992 2254 2093 2309 de-

494 2359 883 2433 precabuntur
945 2370 1145 2410 omnes
1187 2354 1391 2409 divites
1427 2351 1606 2423 plebis
1629 2363 1677 2405 ο.
1721 2370 1739 2402 ι
1771 2382 1841 2393 --
1888 2368 1906 2400 ι
1952 2348 2094 2403 Ecc’e

509 2452 684 2516 enim,
712 2447 918 2518 inquit,
956 2445 1141 2500 omnis
1164 2443 1344 2516 gloria
1377 2443 1505 2498 ﬁlias
1535 2443 1684 2512 regis
1715 2441 1784 2496 ab
1808 2440 1958 2494 intus
1993 2457 2006 2493 :
2041 2440 2094 2493 in

500 2537 744 2595 ﬁmbriis
804 2536 992 2592 aureis
1049 2533 1502 2599 circumamicta,
1557 2533 1841 2602 variegata
1873 2529 1923 2586 ά.
1958 2550 1976 2584 ι
2018 2529 2095 2585 Te

507 2646 670 2687 sacer
722 2629 1083 2685 Canticorum
1148 2627 1292 2683 liber
1321 2625 1782 2697 prtedescribens,
1814 2624 2093 2681 occultius

507 2723 777 2779 indicavit
812 2737 828 2777 :
862 2741 882 2773 ι
923 2719 1059 2788 Quae
1086 2727 1171 2776 est
1194 2720 1298 2776 ista
1338 2735 1459 2789 qum
1487 2717 1745 2774 ascendit
1775 2733 1805 2773 e
1849 2718 2094 2781 deserto,

508 2824 778 2885 tanquam
809 2811 1234 2869 truncusfumis
1255 2812 1542 2873 incensus,
1569 2808 1849 2881 myrrham
1882 2818 1935 2863 et
1966 2808 2096 2863 thus

507 2924 572 2964 ex
635 2907 898 2963 omnibus
971 2903 1292 2976 pulveribus
1353 2901 1864 2973 pigmentariieii
1902 2900 1977 2955 De
2045 2909 2097 2954 te

508 3014 736 3056 rursum
763 2998 910 3053 idem
935 2996 1054 3067 ipse
1077 2996 1215 3050 liber
1238 2995 1370 3050 olim
1399 2991 1623 3061 scripsit
1643 2991 1834 3047 dicens
1869 3009 1880 3044 :
1910 3008 1929 3042 ι
1956 2990 2097 3046 Ecce

508 3091 748 3148 lectulus
777 3087 1134 3154 Salomonis;
1167 3086 1454 3141 columnas
1477 3085 1598 3154 ejus
1631 3083 1762 3139 fecit
1786 3093 2094 3155 argentum,

510 3192 568 3240 et
599 3181 1022 3239 acclinatorium
1046 3179 1171 3249 ejus
1196 3192 1423 3233 aureum
1449 3194 1463 3244 ;
1495 3189 1765 3231 ascensus
1793 3175 1916 3246 ejus
1967 3191 2097 3244 pur-

507 3291 682 3348 pura;
715 3274 933 3331 initium
967 3273 1090 3343 ejus
1119 3271 1399 3342 lapidibus
1426 3279 1775 3326 constratum
1796 3310 1811 3335 ,
1853 3271 2097 3325 charita-

508 3381 620 3427 tem
648 3385 677 3424 a
711 3369 934 3425 ﬁliabus
964 3364 1275 3422 Jerusalem
1300 3363 1347 3419 ί.
1381 3381 1400 3416 ι
1424 3363 1491 3416 Ει
1520 3377 1745 3418 rursum
1774 3380 1787 3416 :
1821 3381 1840 3414 ι
1867 3360 2099 3432 Egredi-

510 3463 674 3532 mini,
710 3462 838 3518 ﬁlia:
866 3460 1000 3517 Sion
1033 3458 1112 3532 [et
1152 3454 1480 3527 intuemini]
1517 3456 1573 3511 in
1623 3469 1811 3526 regem
1845 3452 2099 3508 Salomoo

509 3571 666 3619 nem;
716 3555 772 3609 in
813 3566 1017 3607 corona
1047 3566 1153 3621 qua
1186 3549 1477 3603 coronavit
1505 3561 1631 3601 eum
1679 3551 1858 3599 mater
1884 3542 2008 3611 ejus
2041 3542 2098 3594 in

509 3649 603 3703 die
625 3645 971 3717 sponsalium
1005 3643 1148 3711 ejus,
1180 3649 1235 3697 et
1265 3641 1319 3694 in
1376 3638 1466 3694 die
1510 3635 1882 3707 iucunditatis
1912 3633 2099 3689 cordis

509 3737 632 3807 ejus
667 3746 717 3793 ε.
754 3756 772 3788 ι
812 3765 884 3776 -
921 3753 940 3787 ι
986 3732 1180 3789 Videte
1211 3747 1360 3797 eam,
1405 3729 1531 3785 ﬁliae
1572 3729 1706 3785 Sion
1730 3768 1744 3794 ,
1798 3734 1852 3783 et
1886 3724 2100 3782 beatiﬁ-

509 3841 634 3885 cate
657 3843 814 3897 eam;
842 3828 1052 3898 reginae
1081 3832 1138 3881 et
1166 3824 1516 3889 concubium,
1549 3822 1773 3878 laudate
1794 3835 1939 3887 eam,
1969 3822 2099 3890 quia

510 3919 652 3973 odor
690 3917 1149 3972 vestimentorum
1173 3915 1297 3985 ejus
1316 3930 1486 3984 super
1507 3915 1693 3969 omnia
1727 3922 1977 3969 aromata
2010 3914 2093 3968 ιι.»

510 4012 588 4069 Te
624 4012 934 4082 praevidens
986 4009 1160 4066 Isaias
1218 4008 1409 4063 divino
1462 4008 1731 4063 instinctu
1780 4008 2098 4064 clamavit:

516 4125 535 4157 ι
605 4105 746 4160 Ecce
801 4118 935 4175 ergo
1003 4103 1161 4173 virgo
1220 4100 1277 4156 in
1341 4108 1500 4157 utero
1555 4101 1783 4159 habebit
1828 4100 1871 4158 ί.
1909 4121 1929 4156 ι
1985 4101 2095 4157 Et:

516 4215 536 4249 ι
575 4195 692 4250 Erit
730 4195 885 4249 radix
913 4193 1072 4250 Iesse
1109 4191 1154 4246 i.
1197 4211 1216 4245 »
1247 4191 1347 4246 Et:
1378 4212 1397 4245 ι
1433 4192 1596 4249 Beata
1624 4194 1780 4250 radix
1811 4194 1965 4252 Jesse
1992 4196 2042 4252 ι.
2073 4214 2093 4249 ι

507 4290 578 4347 Et
608 4309 621 4346 :
662 4310 682 4343 ι
720 4289 1048 4361 Egredictur
1075 4289 1230 4359 virga
1272 4288 1341 4343 de
1374 4287 1563 4344 radice
1591 4286 1771 4356 Iesse,
1803 4298 1859 4343 et
1900 4287 2001 4343 ﬁos
2031 4287 2101 4344 de

508 4385 697 4440 radice
729 4382 995 4438 ascendet
1031 4379 1073 4434 ι.
1109 4400 1129 4435 ι
1165 4381 1272 4436 Tui
1325 4380 1504 4451 'gratia
1553 4382 1949 4452 praenuntiavit
1984 4396 2100 4434 ma-

506 4493 651 4549 gnus
683 4474 957 4540 Ezechiel,
989 4474 1183 4530 dicens
1213 4491 1228 4528 :
1268 4491 1287 4527 ι
1324 4474 1468 4530 Ecce
1493 4483 1653 4545 porta
1688 4476 2016 4541 orientalis;
2045 4480 2099 4528 et

2200 2012 2306 2047 σιοι
2332 1997 2380 2047 0i
2424 1991 2517 2045 τοῦ
2552 1990 2707 2053 λαοῦ,
2740 2008 2759 2041 ι
2804 1985 3250 2058 προῦπέψαλλεν.
3300 2004 3318 2036 ι
3363 1985 3501 2037 Ἰδοὺ
3545 1984 3652 2052 γὰρ
3680 1985 3773 2036 πᾶ-

2202 2104 2293 2152 σα,
2336 2086 2525 2156 φησὶν,
2559 2086 2592 2155 ἡ
2624 2082 2751 2148 δόξα
2781 2081 2883 2151 τῆς
2918 2078 3189 2150 θυγατρὸς
3220 2077 3314 2130 τοῦ
3350 2075 3625 2159 βασιλέως
3657 2076 3775 2128 Ecco-

2201 2176 2324 2229 θεν·
2361 2178 2419 2227 ἐν
2458 2174 2795 2243 κροσσωτοίς
2843 2173 3064 2241 χρυσοῖς
3094 2167 3573 2238 περιϐεϐλημένη,
3606 2183 3777 2218 πεποι-

2203 2268 2458 2337 κιλμένη.
2494 2285 2511 2317 ι
2553 2265 2621 2318 Σὲ
2669 2266 2703 2335 ἡ
2743 2264 2852 2318 τῶν
2899 2262 3187 2332 ’ᾼσμάτων
3219 2260 3565 2329 ἁγιόγραφος
3610 2258 3774 2328 βίϐλος

2202 2357 2709 2429 προδιαγράφουσα,
2760 2354 3167 2425 μυστικώτερον
3222 2352 3598 2422 παρῃνίξατο·
3648 2349 3773 2411 ιΤίς

2202 2450 2343 2521 αὕτη
2386 2448 2828 2521 ἡὰναϐαίνουσα
2864 2446 2972 2499 ἀπὸ
3023 2445 3126 2515 τῆς
3180 2446 3391 2515 ἐρήμου
3447 2444 3524 2507 ὡς
3566 2443 3772 2514 στελέχη

2202 2544 2413 2601 καπνοῦ
2444 2544 2845 2613 τεθυμιαμένη,
2876 2540 3123 2610 σμύρναν
3154 2539 3248 2591 κού⁸
3268 2537 3494 2591 λίϐανον
3524 2537 3630 2590 ἀπὸ
3655 2539 3775 2590 πάν-

2201 2655 2312 2691 των
2347 2635 2644 2705 κονιορτῶν
2680 2632 2923 2704 μυρεψοῦ
2954 2650 2969 2696 ;
3004 2651 3021 2682 ι
3075 2632 3211 2702 Περὶ
3252 2630 3345 2683 σοῦ
3385 2629 3550 2684 πάλιν
3593 2628 3774 2699 ἠαύτὴ

2206 2728 2598 2802 προῡπέγραψε
2639 2726 2822 2796 βίϐλος
2847 2767 2860 2790 ,
2904 2743 2923 2776 ι
2947 2725 3080 2779 Ἰδοὺ
3125 2726 3158 2794 ἠ
3192 2724 3374 2794 κλίνη,
3403 2723 3659 2791 λέγουσα.
3692 2716 3773 2772 τοῦ

2205 2819 2467 2898 Σαλομῶν
2498 2834 2510 2847 ·
2575 2818 2802 2880 στύλους
2848 2816 3014 2869 αὐτοῦ
3059 2817 3317 2887 ἐποίησεν
3361 2817 3648 2887 ἀργύριον,
3693 2812 3773 2865 καὶ

2202 2914 2496 2968 ἁνάκλιτον
2548 2910 2718 2966 αὐτοῦ
2777 2910 3045 2981 χρύσεον·
3106 2908 3400 2971 ἐπιϐάσεις
3446 2906 3610 2961 αὑτοῦ
3655 2921 3771 2973 πορ-

2206 3007 2354 3078 φύρα
2382 3005 2455 3037 ⁸⁸·
2492 3003 2641 3065 ἐντὸς
2682 3001 2849 3054 αὐτοῦ
2876 3000 3258 3070 λιθόστρωτον.
3303 3000 3530 3071 ἀγάπην
3564 2997 3665 3052 ἀπὸ
3690 2996 3771 3048 θυ-

2204 3097 2455 3166 γατέρων
2510 3092 2888 3163 Ἰερουσαλήμ.
2937 3110 2957 3144 ο
3013 3091 3124 3145 Καὶ
3183 3086 3380 3153 αὖθις·
3416 3108 3436 3141 t
3490 3087 3771 3155 Ἐξέλθετε,

2208 3188 2507 3256 θυγατέρες
2538 3183 2678 3236 Σιὼν
2717 3181 2852 3253 [καὶ
2886 3181 3026 3234 ἴδετε
3049 3180 3135 3251 ⁸³]
3166 3181 3225 3234 ὲν
3270 3181 3348 3252 τῷ
3381 3180 3599 3251 βασιλεῖ
3625 3179 3771 3233 Σαλο·

2208 3280 2326 3351 μῶν
2353 3298 2366 3310 ο
2400 3282 2458 3331 ὲν
2479 3276 2556 3346 τῷ
2587 3269 2893 3346 στεφάνῳῷ
2930 3274 3309 3345 ἐστεφάνωσεν
3338 3275 3509 3328 αὐτὸν
3545 3276 3577 3344 ὴ
3614 3274 3772 3343 μήτηρ

2202 3369 2389 3435 αὐτοῦ,
2440 3370 2500 3421 ὲν
2534 3367 2720 3440 ἡμέρᾳ
2755 3366 3114 3439 νυμφεύσεως
3153 3364 3344 3431 αὐτοῦ,
3380 3366 3443 3418 ὲν
3485 3364 3665 3436 ἡμέρᾳ
3695 3361 3772 3413 εὐ-

2202 3462 2482 3534 φροσύνης
2518 3461 2748 3533 καρδίας
2794 3459 2985 3517 αὑτοῦ.
3042 3459 3212 3514 Ἴδετε
3249 3457 3441 3529 αὐτὴν,
3496 3454 3773 3525 θυγατέρες

2202 3555 2363 3620 Σιὼν,
2402 3558 2499 3609 καὶ
2536 3554 2881 3626 μακαρίσατε
2911 3555 3118 3624 αύτήν³
3155 3551 3477 3624 βασίλισσαι
3524 3551 3616 3626 κοιλἶ
3652 3546 3772 3600 παλ·

2202 3646 2387 3711 λακαὶ,
2426 3622 2702 3701 αἰνέσατεῂ
2737 3646 2931 3716 αὐτὴν,
2988 3622 3071 3700 ὅτι
3125 3622 3269 3715 ὀσμὴ
3328 3642 3567 3713 ἱματίων
3609 3622 3771 3705 ἀὐτῆς

2203 3741 2346 3811 ὑπὲρ
2390 3741 2567 3795 πάντα
2610 3739 2680 3794 τὰ
2730 3738 3021 3811 ἀρώματα.
3069 3758 3089 3792 ι
3140 3739 3208 3791 Σὲ
3256 3737 3511 3813 προορῶν
3570 3732 3772 3793 Ἡσαΐας

2202 3832 2403 3896 ὲνθέως
2454 3832 2801 3902 ἀνέκραγεν·
2839 3832 3012 3885 «Ἰδοὺ
3071 3832 3104 3902 ἡ
3159 3830 3434 3901 παρθένος
3485 3823 3543 3884 ὲν
3591 3822 3771 3897 γαστρὶ

2200 3925 2333 3989 ἕξει.
2373 3942 2391 3975 ι
2440 3925 2587 3987 Καὶ,
2643 3925 2889 3978 «Ἔσται
2930 3926 2964 3995 ἡ
3015 3924 3140 3994 ῥίζα
3188 3924 3282 3976 τοῦ
3330 3922 3554 3977 Ἰεσσαί.
3584 3940 3602 3973 ι
3655 3916 3768 3975 Καὶ.

2207 4036 2226 4069 ι
2249 4017 2515 4090 Μακαρία
2546 4020 2580 4089 ἡ
2618 4017 2744 4091 ῥίζα
2766 4018 2862 4072 τοῦ
2898 4017 3117 4072 Ἰεσσαί.
3143 4038 3161 4069 ι
3200 4019 3332 4083 Καὶ,
3364 4036 3384 4069 ι
3418 4014 3768 4084 Ἐξελεύσεται

2202 4111 2396 4183 ῥάϐδος
2427 4115 2492 4165 ὲκ
2514 4113 2614 4181 τῆς
2646 4113 2803 4183 ῥίζης
2845 4112 3068 4177 Ἰεσσαὶ,
3103 4112 3200 4164 καὶ
3231 4110 3394 4174 ἄνθος
3422 4111 3488 4163 ὲκ
3521 4110 3617 4179 τῆς
3634 4104 3770 4177 ῥίζης

2200 4205 2561 4276 ἀναϐήσεται.
2595 4224 2613 4257 ι
2649 4204 2752 4258 Σοῦ
2792 4204 3003 4257 εἵνεκεν
3057 4206 3085 4256 ὁ
3120 4203 3296 4274 μέγας
3343 4199 3605 4271 Ἰεζεκιὴλ
3651 4212 3767 4265 προ-

2199 4298 2526 4370 ηγόρευσεν.
2557 4317 2576 4350 ι
2598 4298 2732 4353 Ἰδοὺ
2758 4297 2977 4370 ἡπύλη,
3001 4297 3199 4366 λέγων,
3224 4297 3346 4350 κατ’
3365 4294 3664 4355 ἀνατολάς·
3690 4286 3770 4341 καὶ

2201 4391 2359 4445 ἔσται
2391 4393 2424 4461 ἡ
2453 4390 2597 4463 πύλη
2632 4391 3020 4461 κεκλεισμένη,
3068 4392 3162 4445 καὶ
3191 4387 3369 4453 οὐδεὶς
3401 4388 3464 4442 οὐ
3496 4386 3571 4457 μὴ
3606 4382 3766 4451 διέλθῃ

2200 4483 2267 4536 δι’
2303 4483 2493 4553 αὐτῆς·
2524 4484 2638 4537 Καὶ
2668 4482 2874 4553 Κύριος
2901 4485 2929 4537 ὁ
2968 4483 3101 4547 Θεὸς
3139 4482 3302 4554 μόνος
3335 4481 3506 4542 αὐτὸς
3544 4473 3766 4530 εἰσελεύ-

506 4572 614 4626 erit
661 4578 821 4641 porta
853 4567 1086 4634 clausa;
1127 4574 1184 4622 et
1223 4580 1384 4620 nemo
1415 4566 1676 4620 transibit
1699 4582 1797 4636 per
1837 4580 1985 4621 eam;
2030 4565 2095 4620 Et

2204 4590 2360 4627 σεται
2384 4574 2476 4627 καὶ
2499 4573 2867 4639 ἐξελεύσεται,
2890 4576 2986 4629 καὶ
3023 4574 3180 4630 ἔσται
3214 4575 3247 4645 ἡ
3277 4573 3421 4645 πύλη
3465 4567 3766 4634 κεκλεισμέ-

508 4662 782 4717 Dominus
816 4660 971 4716 solus
1011 4659 1133 4728 ipse
1164 4656 1510 4727 ingredietur
1552 4664 1610 4711 et
1652 4658 2003 4728 egredietur;
2044 4666 2095 4714 et

2202 4680 2283 4735 νη.
2311 4681 2330 4715 ι
2381 4663 2451 4717 Σὲ
2481 4666 2579 4719 καὶ
2618 4666 2648 4718 ὁ
2688 4665 2797 4718 τῶν
2840 4664 3173 4737 ἐπιθυμιῶν
3202 4665 3360 4735 ἀνὴρ
3402 4659 3763 4735 προφητεύων.

507 4755 617 4812 erit
647 4759 812 4825 porta
850 4752 1041 4807 clausa
1066 4758 1129 4804 ιι.
1177 4766 1196 4801 ι
1232 4746 1341 4803 Sed
1377 4760 1432 4804 et
1471 4749 1553 4803 vir
1612 4747 2004 4804 desideriorum
2044 4758 2095 4807 te

2202 4755 2335 4825 ὅρος
2366 4757 2589 4811 ἐκάλεισ
2621 4759 2800 4828 λέγων
2831 4758 2928 4813 καὶ
2961 4777 2981 4812 ι
3028 4759 3181 4813 λίθον
3209 4759 3338 4811 ἄνευ
3371 4756 3570 4829 χειρῶν
3594 4746 3764 4817 ἀνδρὸς

507 4846 849 4919 prophetans
925 4850 1162 4898 montem
1253 4841 1597 4911 appellavit;
1661 4840 1857 4897 dicens
1928 4843 2095 4898 etiam

2202 4850 2259 4902 ix
2289 4849 2386 4903 σοῦ
2417 4869 2436 4902 ι
2460 4851 2942 4921 λατομούμενον,
2965 4852 3027 4905 οὐ
3047 4852 3383 4922 τεμνόμενον
3400 4865 3413 4879 ο
3439 4841 3764 4919 ἀφαιρούμε-

516 4957 534 4988 ι
584 4936 820 5009 lapidem
865 4951 934 4993 ex
980 4942 1035 4989 te
1072 4933 1194 4989 sine
1239 4932 1566 4987 manibusn
1604 4951 1623 4983 ι
1660 4934 1922 5002 scissum,
1986 4950 2095 4993 non

2202 4955 2309 5002 νον,
2341 4939 2403 4992 ού
2455 4940 2871 5014 διαιρούμενον·
2909 4946 2975 5014 τῇ
3019 4942 3327 5014 προσλήψει
3356 4943 3457 5013 τῆς
3487 4937 3606 4994 καθ’
3632 4930 3762 5004 ἡμᾶς

511 5038 723 5086 sectum
759 5027 875 5100 (5);
908 5026 1179 5092 ablatum,
1210 5039 1318 5080 non
1350 5023 1627 5090 divisum;
1663 5026 1919 5084 humanm
1946 5029 2095 5086 scili-

2202 5035 2641 5109 ἀνθρωπότητος.
2675 5039 2746 5091 Σὺ
2781 5036 2833 5092 εί
2864 5039 2929 5092 τὸ
2961 5039 3253 5109 μεγαλεῖον
3290 5038 3388 5110 τῆς
3426 5032 3656 5107 φρικτῆς
3695 5022 3763 5078 οῖ’
3860 5056 3865 5061 ·

883 5171 1053 5254 “3.3,.
1093 5250 1103 5254 Δ
1135 5171 1164 5211 b
1200 5171 1359 5254 Rga],
1411 5189 1595 5254 cxggt,
1628 5177 1718 5254 8_._
1767 5190 1791 5220 ο
1821 5180 1983 5254 Ρεοὶι
2014 5199 2091 5254 γη

2205 5185 2291 5240 ιδ.
2363 5187 2560 5242 dibid.
2624 5189 2710 5254 ιι.
2792 5186 3001 5242 eCant.
3038 5203 3116 5254 ιιι,
3144 5186 3199 5241 6.
3277 5184 3560 5246 fibid17,
3603 5170 3759 5254 etig.

526 5233 551 5272 ε
582 5234 716 5292 ibid.
744 5238 833 5294 ll.
910 5239 937 5277 ιι
969 5239 1127 5298 Cant.
1157 5250 1232 5309 vi,
1266 5242 1341 5312 8;
1376 5260 1450 5310 tv,
1482 5233 1594 5303 to.’
1648 5249 1658 5279 ¹
1697 5233 2090 5308 [smmi—“Hi.—

518 5312 545 5340 τι
578 5304 712 5361 Dan.
743 5323 803 5371 ιι,
836 5307 925 5364 54.
1917 5294 1931 5318 ⁷

2202 5233 2291 5309 si:
2330 5233 2560 5324 mm."
2599 5233 2803 5312 filim.
2850 5233 3199 5313 "Imi'ii'idi'i."
3234 5269 3275 5298 ιιι
3310 5233 3666 5320 έὶὲὲἰιξὶιν,
3705 5240 3752 5293 2.

1272 5486 1281 5495 κ
1832 5423 2069 5482 VAHIIE
2110 5426 2408 5489 LECTION
2415 5434 2519 5492 ES.
2546 5384 2549 5385 ν

583 5520 627 5553 ⁸⁸
647 5518 908 5589 Septuag.
943 5515 1222 5586 πορφυρᾶ.
1301 5513 1345 5547 ⁶⁹
1369 5512 1447 5567 Ex
1478 5513 1738 5587 Septuag.

1840 5612 2230 5670 COMBEFISII
2262 5614 2495 5705 NOTAE.

586 5706 662 5777 (δ)
702 5704 1091 5790 ἓςίιεειξπη,ν,ηοη
1109 5722 1333 5790 5‘29"!”-
1354 5706 1882 5790 Λατρμρὺμεε,νον,οῠ
1912 5713 2108 5790 τεμνό-
2206 5723 2300 5768 aut
2337 5729 2365 5790 a
2394 5704 2845 5790 'se_di_visus_,__ab
2895 5714 3257 5773 humanitatis
3288 5704 3741 5790 assumptioneuin

517 5774 707 5862 μενονἶ
731 5774 913 5839 Velut,
941 5779 1014 5859 ita
1047 5791 1114 5862 ex
1147 5774 1315 5862 Maria
1338 5792 1438 5858 ceu
1470 5774 2104 5862 lapicidinaahscissum
2206 5800 2312 5853 qua
2348 5784 2676 5862 intelligitur
2716 5774 2806 5838 illa
2846 5801 2877 5840 a
2917 5796 3103 5842 monte
3132 5789 3251 5846 sine
3287 5804 3446 5844 manu
3477 5774 3737 5840 abscissio,

512 5847 567 5906 et
598 5848 863 5914 incisum,
891 5861 951 5902 ut
985 5848 1101 5917 ipse
1134 5847 1599 5915 nihilominusﬂn
1628 5865 1686 5905 sc
1713 5851 1846 5904 nihil
1877 5860 2084 5915 sectus,
2202 5847 2582 5915 permanserit.
