4012 6440
354 410 486 476 1101

1359 416 1440 477 IN
1481 416 2026 512 DORMI'I‘IONEM
2060 418 2121 477 S.
2164 416 2454 477 ΜΑΒΙᾸΞ.
2495 415 2614 475 ΙΙΙ.

3491 407 3627 471 1102

361 529 511 582 Ἐκεῖ
549 527 738 598 Πατὴρ
773 528 1184 598 προσκυνεῖται,
1225 527 1318 578 καὶ
1349 527 1475 590 Yth;
1518 526 1826 594 δοξάζεται,
1851 529 1936 580 καὶ

2052 526 2405 598 futuesjugis
2449 529 2594 588 vitae,
2645 527 2847 580 ﬂuenta
2899 525 3177 580 manantis
3226 539 3253 577 a
3303 522 3414 578 Deo
3465 524 3642 587 lucis,

350 619 578 690 Πνεῦμα
621 620 773 688 ἅγιον
825 620 1146 689 ἀνυμνεῐται
1183 633 1193 643 ·
1256 617 1502 686 ὴένιαία
1541 619 1640 689 τῆς
1690 620 1821 689 μιᾶς
1879 621 1938 672 ἐν

348 711 542 780 Τριάδι
573 709 830 780 θεότητος
862 711 1044 777 φύσις.
1074 705 1314 760 Τοιαῦτα
1357 707 1500 760 δοκῶ
1534 724 1624 778 μοι
1651 708 1772 760 τότε
1814 709 1939 772 τοὺς

349 804 685 875 θεολήπτους
711 803 953 865 ἐκείνους
991 801 1194 873 ἄνδρας
1223 801 1316 853 καὶ
1347 800 1513 868 φάναι
1543 801 1638 854 καὶ
1673 801 1937 871 ὑμνῆσαι,

349 897 445 950 καὶ
481 896 582 948 ὅσα
610 894 822 956 τούτοις
845 893 1312 963 ὑπερανέστηκενο
1346 891 1406 944 οὑ
1435 891 1542 961 γὰρ
1573 886 1670 944 οἶδ’
1697 892 1725 944 ὃ
1763 909 1816 944 τι
1845 892 1940 943 καὶ

350 988 515 1040 πλέον
558 987 717 1050 εἴπω,
757 987 832 1056 γῆ
868 986 960 1039 καὶ
997 985 1192 1046 σποδὸς
1241 983 1528 1054 ὑπάρχων,
1577 985 1672 1037 καὶ
1717 983 1778 1036 τὸ
1819 984 1942 1036 ὅλον

351 1079 582 1150 σαπρία,
622 1077 717 1130 καὶ
754 1077 847 1130 ἶσα
867 1078 980 1138 τοῖς
1011 1077 1200 1144 ὄφεσιν
1229 1076 1322 1128 ἐπὶ
1361 1075 1570 1129 κοιλίαν
1593 1075 1798 1146 ἕρπων.
1834 1075 1940 1127 Καί

355 1186 444 1240 μοι
471 1168 564 1222 τοῦ
599 1167 762 1234 λόγου
795 1164 954 1236 χρέος
984 1167 1063 1227 είς
1092 1164 1326 1235 δύναμιν
1366 1164 1569 1228 ἱκανῶς
1597 1164 1938 1234 ἀφωσίωται,

353 1259 602 1330 μηδενὸς,
628 1254 807 1328 οἶμαι,
836 1256 1270 1327 παρεωραμένου
1294 1256 1402 1308 τῶν
1425 1258 1504 1321 είς
1523 1255 1620 1327 τὴν
1643 1255 1928 1327 παροῦσαν

353 1351 738 1403 συντεινόντων
774 1349 988 1418 ἐορτήν.
1021 1347 1135 1401 Καὶ
1173 1349 1225 1401 εἴ
1261 1365 1314 1400 τι
1351 1349 1564 1410 τούτοις
1595 1349 1941 1420 συνεισφέροι

349 1461 432 1506 τις
461 1442 814 1512 ὑψηλότερον,
849 1440 943 1492 καὶ
989 1441 1122 1511 ἡμῖν
1164 1440 1323 1493 τοῦτο
1367 1439 1724 1511 συναγηοχὼς
1764 1440 1938 1502 ἔσται,

351 1536 445 1588 καὶ
477 1538 543 1605 τῇ
576 1532 882 1602 πανηγύρει
916 1532 1203 1586 συνοίσων.
1234 1532 1427 1602 Μικρὰ
1464 1533 1520 1585 δὲ
1557 1532 1746 1598 εἰπὼν,
1775 1531 1938 1584 αὑτοῦ

350 1645 455 1680 που
477 1627 577 1698 τὴν
608 1627 848 1696 εἰρεσίαν
872 1625 967 1676 τοῦ
993 1623 1154 1690 λόγου
1177 1623 1557 1676 διαναπαύσω.
1585 1622 1690 1675 Τοῦ
1719 1623 1816 1692 μὲν
1846 1619 1939 1675 οὖν

351 1717 475 1770 κατ’
527 1717 706 1780 ἀξίαν,
755 1717 958 1784 ὁμοίως
994 1717 1198 1778 πάντες
1238 1714 1686 1781 ἀπολειπόμεθα·
1751 1713 1846 1766 τοῦ
1884 1714 1941 1766 δὲ

347 1809 450 1877 τὴν
491 1807 699 1860 ἐαυτῶν
744 1805 1138 1874 ἐπιδεδειχέναι
1166 1807 1419 1874 δύναμιν,
1471 1804 1584 1858 ἴσον
1613 1803 1846 1857 ἑκάστου
1879 1803 1942 1855 τὸ

2042 617 2192 671 ﬂuvii
2248 619 2370 672 vivo
2409 632 2629 686 semper
2686 617 2836 670 fonte
2880 615 3155 671 ailluentis
3213 614 3460 669 luminis.
3514 613 3634 667 Illic

2043 709 2168 762 ﬁnis
2206 719 2286 763 est
2335 709 2585 763 onmium
2616 709 2747 762 olim
2797 709 2849 761 in
2897 724 2994 777 spe
3037 708 3388 778 positorum,
3421 713 3477 759 et
3509 719 3634 775 qua

2044 801 2205 855 modo
2260 809 2583 872 sperantur,
2652 801 2960 871 complexio
3023 802 3272 855 omnium
3334 800 3630 864 bonorum,

2041 910 2233 949 eormn
2273 895 2650 950 manifestatio
2683 912 2804 966 quae
2829 897 3072 958 occulta,
3117 911 3219 950 nec
3254 895 3360 950 nisi
3399 894 3453 948 id
3492 902 3633 948 tem-

2044 988 2195 1057 poris
2221 989 2616 1057 conspicienda
2648 1002 2776 1043 sunt
2803 1005 2815 1042 :
2861 988 2988 1044 ﬁnis
3020 990 3270 1051 ultimus,
3307 989 3450 1042 ultra
3467 1004 3629 1057 quem

2043 1077 2178 1132 nihil
2219 1079 2446 1133 omnino
2481 1079 2586 1133 sit.
2623 1078 2736 1133 Illic
2791 1079 3054 1134 adoratur
3101 1079 3283 1143 Pater,
3345 1087 3401 1134 et
3455 1078 3631 1132 Filius

2041 1168 2406 1238 gloriﬁcatur,
2434 1183 2498 1224 ac
2527 1169 2764 1224 canticis
2788 1171 3100 1224 celebratur
3124 1169 3364 1237 Spiritus
3383 1179 3629 1229 sanctus,

2043 1256 2326 1310 individua
2359 1257 2450 1310 illa
2482 1265 2680 1310 natura
2736 1259 2903 1312 unius
2956 1257 3009 1310 in
3059 1255 3332 1311 Triuitate
3382 1256 3628 1311 deitatis.

2047 1348 2371 1417 llujusmodi
2420 1362 2573 1418 puto,
2607 1349 2870 1402 dicebant
2905 1349 3369 1418 celebrabantque
3405 1348 3506 1401 viri
3552 1348 3630 1400 illi

2043 1438 2157 1494 Deo
2190 1439 2390 1504 aﬂlati,
2441 1449 2610 1508 atque
2655 1441 2724 1495 iis
2771 1440 3101 1495 sublimiora
3138 1457 3152 1491 ε
3191 1455 3298 1492 non
3335 1438 3481 1490 enim
3515 1439 3632 1492 scio

2043 1530 2174 1601 quid
2209 1533 2447 1601 amplius
2477 1532 2679 1595 dicam,
2706 1533 2802 1602 qui
2843 1531 2947 1586 sim
2981 1543 3128 1584 terra
3155 1539 3209 1584 et
3241 1529 3406 1595 cinis,
3455 1544 3634 1583 mera-

2041 1639 2152 1692 que
2182 1624 2435 1693 putredo,
2462 1639 2526 1678 ac
2560 1625 2705 1679 velut
2738 1639 2965 1693 serpens
3012 1631 3205 1676 ventre
3239 1637 3448 1690 repam.
3485 1618 3635 1673 Satis

2043 1733 2175 1772 vero
2236 1732 2334 1787 pro
2385 1717 2530 1772 virili
2587 1718 2866 1773 sermonis
2915 1715 3100 1770 debito
3135 1715 3429 1793 defunctus
3465 1728 3586 1766 sum
3615 1754 3630 1772 ,

2045 1809 2216 1872 nullo,
2242 1817 2299 1861 ut
2322 1809 2583 1873 arbitror,
2640 1810 2875 1872 omisso,
2905 1821 3097 1860 eorum
3129 1821 3251 1875 quae
3283 1811 3534 1873 spectant
3564 1803 3632 1856 ad

348 1895 657 1966 πρόθυμον.
691 1896 915 1961 Δέξεται
939 1896 995 1948 δὲ
1018 1893 1180 1964 ἡμῶν
1208 1894 1306 1948 καὶ
1333 1894 1545 1957 τοῦτον,
1591 1889 1650 1946 εὖ
1683 1889 1819 1957 οἶδα,
1847 1893 1936 1945 τὸν

2044 1904 2333 1982 praesentis
2370 1901 2480 1957 diei
2546 1901 2772 1957 festum.
2813 1901 2910 1955 Sin
2950 1900 3155 1969 aliquis
3193 1897 3488 1953 sublimius
3531 1895 3633 1948 ali-

349 1986 689 2058 βραχύτατον
712 1986 870 2054 λόγον
891 1989 924 2056 ἡ
964 1985 1200 2038 τεκοῦσα
1234 1985 1324 2036 τὸν
1358 1985 1517 2053 λόγον
1545 2001 1557 2014 ·
1603 1985 1698 2036 καὶ
1721 1983 1946 2037 άντιδὼσ

347 2094 431 2131 σει
463 2079 562 2148 οὑχ
597 2078 700 2130 ὅσα
731 2077 833 2146 μὲν
867 2079 999 2139 ῑσως
1039 2074 1325 2146 αἰτοῦμεν,
1358 2076 1461 2128 ὅσα
1496 2075 1554 2128 δὲ
1593 2076 1813 2138 πάντως
1851 2076 1947 2129 λα-

348 2171 466 2224 ϐεῖν
497 2173 670 2240 ἐσμεν
709 2168 871 2234 ἄξιοι.
903 2169 1056 2222 Φιλεῖ
1087 2168 1196 2238 γάρ
1231 2169 1262 2237 ἡ
1302 2170 1568 2236 πανάγιος
1601 2167 1676 2242 ῶς
1705 2167 1944 2220 πολύδω-

350 2278 466 2333 ρος,
520 2262 618 2314 καὶ
669 2261 776 2313 τῶν
819 2260 1179 2332 βραχυτάτων
1227 2258 1555 2312 ἀντιδιδόναι
1595 2257 1663 2310 τὰ
1693 2257 1938 2327 μείζονα.

350 2353 461 2406 Καὶ
510 2349 609 2406 ὦδε
666 2353 766 2422 μὲν
819 2352 993 2406 ταῦτα
1025 2352 1233 2422 ἐχέτω·
1273 2353 1438 2419 ἡμεῖς
1492 2350 1570 2416 δὲ,
1619 2343 1665 2402 ὧ
1707 2350 1937 2421 λαμπρὰ

353 2446 448 2496 καὶ
511 2445 957 2513 περιφανεστάτη
1019 2443 1326 2512 πανήγυρις
1377 2439 1571 2512 (καλῶ
1619 2442 1727 2510 γάρ
1778 2438 1932 2504 αὖθις

351 2535 496 2603 ὑμᾶς
534 2535 672 2606 πρὸς
702 2535 763 2589 τὸ
798 2534 890 2588 τοῦ
922 2535 1083 2603 λόγου
1134 2533 1575 2604 συμπέρασμα),
1613 2533 1793 2602 δεῦρο,
1834 2531 1933 2602 τῆς

351 2624 502 2695 ἱερᾶς
539 2625 876 2696 προπομπῆς
905 2624 998 2677 τοῦ
1022 2623 1360 2694 παρθενικοῦ
1385 2622 1635 2692 σώματος
1675 2621 1934 2693 προεξερ-

346 2731 556 2785 χοντες,
597 2715 815 2787 ᾄδωμεν
845 2716 1159 2786 ἐπικήδεια,
1201 2715 1298 2767 καὶ
1323 2715 1445 2776 ταῖς
1484 2717 1563 2776 είς
1605 2713 1834 2784 δύναμιν
1860 2731 1940 2767 τι-

351 2810 486 2878 μαῖς
525 2806 969 2880 στεφανώσωμεν
1013 2808 1114 2877 τῆς
1170 2807 1366 2878 ἑορτῆς
1423 2805 1521 2877 τὴν
1571 2805 1935 2877 ἐξάρχουσαν.

359 2899 450 2964 Ὣς
496 2899 564 2953 ἂν
597 2900 654 2953 δὲ
699 2898 862 2953 τοῦτο
905 2900 1372 2971 περιφανέστερον
1422 2903 1654 2967 γένοιτο,
1709 2899 1942 2969 παρήτω

347 2991 505 3047 πᾶσα
547 2995 785 3065 σήμερον
821 2992 1094 3064 οὐρανίων
1151 2993 1248 3046 καὶ
1299 2991 1560 3060 ἐπιγείων
1605 2992 1938 3062 πανήγυρις,

349 3086 445 3138 καὶ
482 3085 887 3157 συμπληρούτω
923 3102 1014 3154 μοι
1051 3083 1152 3155 τὴν
1188 3083 1390 3150 ἐξόδιον
1430 3082 1688 3153 ῦμνησιν,
1729 3083 1786 3134 ἐν
1812 3081 1938 3135 τού-

347 3193 465 3241 τοις
497 3177 866 3249 συγκειμένην
903 3179 1015 3239 τοῖς
1047 3177 1315 3247 ῥήμασιν.

2042 1995 2173 2064 quid
2208 1997 2274 2049 ad
2297 1981 2418 2050 bac
2444 1996 2758 2062 contulerit,
2791 2002 2845 2049 et
2874 1994 3035 2048 nobis
3067 1992 3196 2046 illud
3229 1990 3540 2060 collegerit,
3579 1998 3634 2042 ct

2040 2086 2185 2156 quod
2215 2087 2518 2142 conventui
2560 2103 2623 2141 ac
2653 2086 2966 2141 celebritati
3002 2085 3138 2138 utile
3169 2085 3263 2140 sit.
3314 2081 3418 2137 Ubi
3465 2098 3631 2151 porro

2041 2193 2214 2246 pauca
2247 2179 2459 2244 dixero,
2491 2198 2520 2232 τι
2547 2179 2823 2233 sermonis
2847 2179 2996 2233 velut
3025 2177 3254 2248 remigio
3283 2186 3337 2230 et
3364 2176 3631 2230 concione

2038 2270 2294 2324 cessabo.
2333 2269 2600 2340 Equidem
2628 2270 2794 2323 simili
2826 2285 3019 2323 onmes
3039 2269 3253 2324 defectu
3287 2267 3628 2328 laboramus,

2045 2369 2102 2414 ut
2138 2375 2207 2414 ne
2240 2375 2338 2429 pro
2367 2360 2660 2430 dignitate,
2705 2361 2849 2430 quod
2883 2362 2959 2414 rei
2994 2369 3078 2415 est
3121 2359 3626 2415 celebraverimus:

2045 2460 2103 2506 ut
2133 2463 2316 2507 autem
2349 2452 2483 2522 quid
2509 2454 2749 2522 quisque
2785 2453 2966 2522 possit
2993 2451 3426 2513 ostenderimus,
3475 2466 3632 2518 aeque

2043 2555 2293 2616 prompta
2329 2546 2529 2614 cuique
2587 2545 2865 2599 voluntas.
2904 2544 3078 2598 Porro
3133 2544 3271 2598 bene
3297 2543 3452 2609 novi;
3482 2541 3631 2594 hunc

2041 2651 2261 2707 quoque
2291 2636 2677 2692 brevissimum
2710 2651 3037 2696 sermonem
3060 2673 3075 2699 ,
3122 2633 3415 2689 Sermonis
3460 2632 3633 2686 Mater

2041 2728 2138 2782 illa
2169 2740 2499 2798 susceptura
2523 2739 2629 2792 est,
2663 2729 2931 2799 dabitque
2965 2728 3106 2782 haud
3141 2728 3360 2798 quidem
3392 2725 3533 2780 forte
3584 2726 3630 2779 si

2043 2834 2162 2887 qua:
2210 2820 2488 2889 petimus;
2537 2822 2761 2874 omnino
2806 2831 2991 2875 autem
3021 2819 3065 2874 si
3095 2835 3220 2890 quae
3258 2817 3410 2888 digni
3438 2831 3632 2872 sumus

2042 2907 2322 2978 accipere.
2361 2908 2564 2966 Libens
2602 2913 2775 2975 enim,
2811 2911 3171 2965 sanctissima
3207 2924 3334 2964 cum
3369 2906 3631 2961 munifica

2043 2999 2138 3062 sit,
2173 3015 2272 3070 pro
2305 3000 2698 3056 minutissimis
2727 3000 2939 3068 majora
2973 3000 3253 3054 retribuit.
3289 2998 3354 3051 Et
3380 2999 3494 3053 haec
3510 2999 3632 3068 qui-

2039 3089 2164 3144 dem
2211 3090 2283 3144 ita
2316 3092 2592 3159 habeant;
2628 3101 2684 3146 tu
2716 3097 2922 3156 autem,
2946 3107 2980 3146 o
3005 3091 3270 3161 praeclara
3317 3089 3630 3144 illustrissi-

2041 3194 2240 3249 maque
2269 3182 2503 3236 concio:
2537 3197 2637 3237 vos
2672 3183 2820 3237 enim
2857 3197 3056 3237 rursus
3090 3181 3159 3235 ad
3210 3181 3625 3252 perorationem

348 3275 556 3342 invito;
585 3277 792 3338 venite,
829 3289 892 3329 ac
921 3286 1095 3330 sacrae
1124 3270 1408 3338 virginalis
1435 3271 1685 3340 corporis
1755 3285 1966 3341 pompae
2038 3285 2366 3344 praeeuntes,
2417 3277 2680 3333 funeritia
2738 3292 3043 3343 canamus,
3093 3278 3343 3347 totisque
3397 3275 3612 3330 viribus

347 3383 472 3423 eam
493 3369 799 3424 honoribus
819 3379 1174 3432 coronemus,
1205 3379 1328 3434 qua:
1350 3362 1553 3419 festum
1615 3363 1758 3417 diem
1812 3363 2070 3420 initiavit.
2141 3367 2212 3424 Ut
2255 3381 2439 3425 autem
2494 3371 2598 3425 hoc
2638 3370 2984 3442 splendidius
3032 3372 3150 3434 ﬁat,
3195 3381 3393 3440 praesto
3463 3368 3627 3424 hodie

349 3464 427 3518 sit
452 3463 712 3518 universa
740 3460 1046 3517 ccelestium
1082 3473 1148 3520 ac
1188 3458 1536 3513 terrestrium
1571 3457 1794 3523 coneio,
1818 3474 2145 3532 mecumque
2193 3464 2450 3519 exodium
2513 3465 2795 3519 canticum
2859 3478 2925 3518 ac
3003 3463 3291 3518 tunebrem
3338 3463 3618 3518 laudatio-

347 3569 500 3619 nent,
541 3555 696 3610 hisce
725 3561 1044 3621 conceptam
1077 3551 1283 3614 verbis,
1334 3551 1579 3620 impleat.

433 3648 697 3718 Ἀπῆρεν,
729 3625 942 3716 ἀπῆρεν
968 3645 1002 3715 ἡ
1025 3642 1349 3714 παρεμϐολὴ
1382 3642 1473 3696 τοῦ
1503 3642 1640 3694 Θεοῦ
1671 3643 1778 3695 ἀπὸ
1803 3661 1935 3712 σκη-

2113 3647 2516 3712 Discesserunt,
2551 3648 2932 3704 discesserunt
2965 3655 3145 3702 castra
3180 3646 3274 3701 Dei
3305 3690 3318 3708 ,
3362 3661 3390 3698 a
3435 3646 3622 3701 taber-

348 3740 618 3810 νωμάτων
652 3737 866 3807 Κηδάρ,
923 3735 1058 3805 πρὸς
1108 3735 1205 3797 τὰς
1251 3732 1449 3794 ἀύλους
1473 3732 1566 3785 καὶ
1597 3731 1934 3795 παλινζὼους

353 3831 579 3903 σκηνάς.
625 3829 924 3883 Ἀπέλαὸεν
947 3829 980 3896 ἡ
1013 3827 1210 3897 σκηνὴ,
1239 3826 1338 3895 τῆς
1373 3825 1605 3894 νομικῆς
1637 3826 1670 3896 ἡ
1705 3825 1935 3899 ἀρχέτυ-

347 3942 473 3990 τεος,
502 3926 600 3995 τὴν
644 3926 1016 3995 ὑπερκόσμιον
1052 3922 1307 3986 κιϐωτὸν,
1331 3916 1399 3992 ἦς
1441 3919 1612 3982 τύπος
1651 3921 1685 3990 ή
1715 3919 1930 3989 νομική.

353 4041 374 4074 ι
413 4022 594 4092 Ἤρθη
639 4020 750 4073 τῶν
807 4021 919 4073 ἄνω
969 4018 1148 4088 θυρῶν
1175 4017 1236 4070 τὸ
1271 4016 1602 4093 ὑπέρθυρον,
1645 4033 1661 4066 ι
1715 4016 1800 4066 ἵνα
1839 4014 1935 4084 τὴν

345 4116 610 4188 ὑπεράνω
645 4115 740 4168 τοῦ
773 4112 912 4166 Θεοῦ
939 4113 1118 4180 πύλην
1143 4113 1252 4164 τῶν
1285 4110 1554 4177 οὐρανίων
1587 4110 1654 4161 τὰ
1688 4108 1937 4178 βασίλεια

346 4207 649 4278 βασιλικῶς
689 4205 1130 4275 ἐγκολπὼσηται.
1192 4200 1556 4264 ’Υποδέξασθε
1589 4201 1779 4270 αὑτὴν,
1812 4199 1935 4250 λευα

345 4299 733 4372 χειμονοῦντες
764 4297 1007 4366 ἄγγελοι·
1043 4294 1348 4365 ὑμνήσατε,
1383 4291 1621 4363 οὐρανοί·
1653 4291 1934 4356 δοξάσατε,

343 4395 606 4464 γηγενεῖς
629 4408 644 4422 ο
677 4389 929 4460 ὑψῶσατε
977 4407 996 4439 ι
1036 4386 1133 4457 τὴν
1168 4384 1323 4438 πόλιν
1361 4384 1455 4436 τοῦ
1490 4381 1628 4435 Θεοῦ
1662 4383 1758 4434 τοῦ
1786 4383 1939 4453 βασι-

341 4483 491 4546 λέως
517 4481 612 4536 τοῦ
635 4480 894 4552 μεγάλου.
929 4498 947 4532 ι
985 4479 1084 4548 Γῆ,
1114 4475 1502 4548 ἐπικρὸτησον,
1527 4475 1934 4544 άνευῳήμησον,

341 4576 608 4647 διήγησαι
663 4574 766 4644 τῆς
825 4571 1104 4644 Παρθένου
1157 4570 1230 4624 τὰ
1282 4567 1493 4633 ἔνδοξα,
1553 4567 1647 4620 τοῦ
1676 4568 1836 4620 τόκου
1870 4566 1939 4619 τὰ

346 4667 665 4736 σπάργανα,
698 4663 792 4717 τοῦ
814 4663 984 4732 τάφου
1019 4665 1089 4716 τά
1123 4662 1408 4731 θαύματα⁶
1435 4658 1553 4722 πῶς
1595 4659 1791 4728 ἐτάφη,
1823 4657 1940 4720 πῶς

347 4757 648 4827 μετετέθη·
681 4754 796 4817 πῶς
823 4757 852 4808 ὁ
877 4754 1048 4823 τάφος
1081 4753 1278 4824 ὁρᾶται
1321 4752 1478 4814 κενὸς
1525 4747 1935 4819 προσκυνούμε-

343 4866 458 4914 νος.
504 4847 759 4912 Ἰουδαία,
788 4846 989 4914 σύναγε
1024 4845 1152 4906 τοὺς
1184 4842 1337 4906 υἱούς
1389 4859 1485 4894 σου
1512 4859 1526 4873 ο
1560 4840 1799 4912 κήρυττε
1839 4841 1938 4908 τὴν

343 4940 410 5007 ἐξ
454 4939 627 4994 Ἰούδα
683 4938 1026 5010 βασίλισσαν,
1065 4936 1280 5006 θάρσει,
1336 4933 1412 5005 μὴ
1468 4932 1672 5002 φοϐοῦ’
1710 4933 1935 5002 ἐόρταζε

342 5032 448 5096 τὰς
481 5033 677 5104 ἐορτάς
710 5049 827 5096 σου,
873 5029 1225 5100 Ἰερουσαλήμ
1258 5044 1272 5057 ο
1303 5026 1630 5097 ἀναῦὀησον,
1659 5026 1930 5091 ὀλόλυξον,

345 5125 678 5198 πρόπεμψον
709 5124 804 5178 τοῦ
833 5123 968 5177 Θεοῦ
987 5123 1085 5194 τὴν
1121 5118 1476 5192 μητρόπολιν,
1525 5118 1691 5188 ψάλλε
1719 5120 1934 5170 Δαυῖτι-

345 5215 482 5281 κῶς,
516 5217 641 5286 λέγε
694 5216 937 5288 τρανῶς
991 5233 1008 5266 t
1068 5213 1156 5266 Ἐν
1208 5211 1372 5281 ἐξόδῳ
1405 5208 1619 5281 Ἰσραὴλ
1661 5207 1719 5273 ἐξ
1764 5207 1932 5277 Αἰγύο

989 5343 1016 5387 ἀ
1047 5344 1216 5402 Hebr.
1247 5359 1367 5409 vtu,
1402 5343 1454 5395 5.
1537 5351 1558 5379 ο
1595 5337 1702 5394 lsa.
1740 5357 1812 5402 vr,
1846 5341 1897 5392 -l.

421 5364 444 5392 ε
470 5351 616 5409 Psal.
672 5366 822 5415 cxtx,
859 5349 912 5406 5.

1983 5340 2001 5378 τ
2040 5339 2188 5399 Psal.
2234 5357 2404 5408 XLVII,
2463 5345 2516 5397 3.

2039 3741 2252 3796 nacnlis
2286 3739 2463 3796 Cedar
2495 3752 2540 3807 ο,
2571 3741 2634 3795 ad
2655 3743 2980 3812 incorporea
3006 3752 3059 3796 et
3096 3757 3252 3795 nova:
3276 3742 3401 3795 vitae
3433 3741 3617 3795 taber-

2038 3833 2258 3886 nacula.
2301 3831 2529 3901 Recepit
2571 3835 2987 3888 tabernaculum
3042 3833 3200 3898 illud,
3242 3834 3432 3902 legalis
3465 3833 3614 3887 illius

2038 3925 2323 3994 exemplar
2355 3923 2405 3989 ά,
2435 3923 2730 3980 Ctelestem
2768 3942 2954 3980 arcam
2991 3943 3005 3980 :
3042 3926 3202 3995 cujus
3237 3941 3368 3980 arca
3425 3926 3616 3995 legalis

2040 4016 2212 4087 ﬁgura
2237 4027 2363 4074 est:
2401 4037 2420 4068 ς
2463 4020 2744 4074 ιςιονςιιιιιη
2789 4028 2872 4075 est
2929 4019 3354 4089 superliminare
3395 4030 3417 4058 θ
3455 4039 3472 4070 ι
3509 4035 3622 4074 ρω-
3684 4017 3686 4020 ’

2041 4111 2258 4163 testium
2309 4121 2621 4179 portarum,
2670 4123 2728 4165 nt
2759 4111 2851 4166 Dei
2886 4112 3334 4182 supercmlestem
3380 4122 3620 4180 portam,

2041 4203 2305 4255 caelorum
2329 4203 2502 4271 regia,
2535 4203 2703 4274 regali
2731 4205 3137 4273 magniﬁcentia
3171 4204 3294 4257 sinu
3331 4205 3616 4272 suscipiat.

2041 4291 2528 4364 Voseam,angeli,
2557 4294 2795 4349 candido
2821 4295 3350 4364 vestitususcipite;
3379 4293 3617 4359 laudate,

2039 4387 2202 4450 cmli;
2235 4388 2542 4458 terrigetm,
2585 4388 2932 4458 gloriﬁcate;
2969 4401 3019 4442 et
3054 4408 3072 4440 ι
3113 4387 3230 4450 Dei,
3269 4389 3437 4459 Regis
3471 4387 3622 4442 illius

2043 4479 2223 4545 magni
2250 4478 2529 4532 civitatem
2556 4479 2576 4516 ί
2609 4498 2627 4529 ›
2655 4481 2916 4534 exaltate.
2953 4481 3134 4535 Satias
3157 4521 3171 4544 ,
3199 4489 3344 4534 terra
3369 4480 3621 4543 ,celebra

2041 4571 2190 4624 clara
2227 4568 2392 4635 fama,
2425 4569 2934 4642 Virginis‘gloriam
2967 4587 3199 4637 enarra,
3239 4588 3476 4643 pannos,
3531 4572 3616 4624 in-

2041 4677 2226 4730 quam,
2265 4663 2584 4731 puerperii,
2647 4664 2889 4732 sepulcri
2950 4665 3218 4717 miracula
3275 4683 3287 4718 :
3347 4663 3624 4732 quomodo

2043 4751 2253 4818 sepulta
2289 4751 2384 4817 sit,
2417 4752 2694 4820 quomodo
2736 4754 3030 4818 translata,
3082 4763 3139 4808 ut
3172 4771 3404 4809 vacuum
3438 4755 3625 4824 sepul-

2043 4859 2196 4897 crum
2227 4843 2420 4897 honori
2441 4844 2730 4899 habeatur.
2762 4845 2970 4912 Judzea,
2998 4861 3270 4918 congrega
3303 4857 3430 4902 tuos
3458 4846 3621 4912 ﬁlios;

2047 4935 2286 5005 przedica
2346 4944 2524 4992 ortam
2592 4953 2656 4991 ex
2691 4934 2828 4992 Juda
2863 4937 3164 5006 Reginam;
3199 4937 3434 5002 conﬁde,
3461 4952 3527 4992 ne
3557 4938 3625 4990 ti-

2041 5028 2277 5092 mueris;
2311 5043 2410 5097 age
2444 5027 2583 5082 festa
2621 5037 2734 5094 tua,
2765 5029 3106 5094 Jerusalem;
3142 5029 3624 5098 succlama,plau-

2039 5117 2129 5180 de,
2152 5118 2330 5173 deduc
2364 5117 2457 5174 Dei
2491 5119 2637 5173 illam
2660 5116 3047 5188 'metropolim.
3082 5119 3440 5190 Psallejuxta
3460 5117 3622 5171 Davi-

2038 5209 2197 5276 dem;
2232 5211 2317 5266 die
2341 5212 2528 5268 clare:
2564 5231 2582 5264 ι
2619 5212 2678 5267 In
2701 5215 2853 5268 exitu
2875 5213 3040 5269 Israel
3064 5214 3132 5269 de
3156 5213 3395 5286 Egypto
3418 5221 3443 5260 ι
3480 5211 3651 5281 (ilia

2599 5347 2623 5384 8
2645 5344 2792 5398 Psal.
2825 5362 2984 5410 exm,
3028 5350 3071 5401 Ι.

1686 5485 2081 5543 COMBEFlSll
2117 5487 2351 5546 NOTAS.

421 5593 532 5662 (Η)
597 5589 664 5647 In
693 5591 840 5645 exitu
877 5587 1052 5662 Israel
1086 5589 1150 5642 de
1206 5584 1462 5662 zEgypto.
1503 5583 1672 5638 Plane
1707 5597 1926 5662 accom-

343 5655 766 5730 tnoda'tissimus
822 5661 1105 5730 psalmus,
1183 5660 1388 5730 mundo
1441 5657 1546 5710 hoc
1594 5655 1926 5730 exeuntibus

344 5735 557 5790 sanctis
611 5725 938 5795 animabus;
996 5730 1287 5785 submerso
1335 5728 1447 5794 jam
1502 5725 1724 5796 penitus
1774 5725 1925 5780 Pha-

348 5817 538 5866 raone,
575 5817 640 5856 ae.
667 5801 910 5872 perfecta
939 5801 1196 5872 libertate
1225 5808 1379 5872 parta
1402 5810 1573 5872 ,ουκ
1597 5809 1738 5872 sane
1768 5797 1926 5872 nob.’s

351 5864 533 5930 minor
560 5864 944 5942 est,'quandiu
975 5872 1029 5926 in
1068 5864 1326 5924 humanis
1362 5864 1596 5932 agimus.
1632 5864 1745 5920 Nec
1775 5869 1920 5924 enim

2035 5587 2304 5652 interim,
2372 5589 2537 5643 etiam
2601 5589 2974 5644 sanctissimis
3041 5587 3244 5643 desunt
3321 5589 3623 5652 ἀναγκαιοο

2033 5657 2181 5728 πάθη
2243 5659 2359 5724 illa,
2412 5659 2602 5713 saltent
2665 5659 2934 5728 corporis.
2971 5659 3144 5713 Habet
3197 5659 3363 5728 etiam
3422 5659 3624 5724 Ill-gius

2032 5726 2227 5794 codex,
2273 5747 2329 5784 n.
2385 5729 2511 5792 955,
2555 5726 2778 5784 nomine
2819 5732 2996 5785 sancti
3053 5728 3288 5784 Joannis
3323 5726 3624 5782 Thessalo-

2033 5799 2280 5854 nicensis
2309 5801 2486 5855 l’usam
2537 5801 2832 5856 admodum
2861 5801 3192 5858 orationem,
3239 5799 3487 5864 ejusdem
3529 5813 3623 5852 ar-

2033 5873 2298 5940 gumenti,
2337 5872 2391 5925 in
2427 5886 2533 5942 qua
2566 5887 2666 5926 ceu
2705 5887 2769 5926 ex
2804 5870 3036 5928 historia
3093 5871 3375 5925 inducitur
3429 5867 3621 5925 Petrus
