4012 6460
399 474 405 479 ’
494 442 630 512 “(l7

954 376 989 411 δ

1668 450 1728 509 S.
1766 453 1867 512 AN
1878 449 2097 511 DRE/E
2136 449 2559 511 CRETENSIS

3608 450 3627 510 i
3641 447 3729 514 108

489 569 541 613 et
568 574 904 629 prorisorcm
942 556 1382 614 necessitudinis
1419 558 1725 619 vicinitate.
1761 563 2060 617 commise-

2174 562 2453 631 κηδεμόνα
2491 561 2712 623 πάντως
2760 557 2977 623 οἰκείως
3005 556 3289 630 ὲγγύτητι.
3322 557 3458 631 Δέξῃ
3485 558 3540 613 δὲ
3560 561 3729 617 τοῦτον

491 652 635 705 ratio
668 651 812 705 velut
843 665 872 703 a
899 658 1105 703 natura
1151 651 1245 705 sit.
1280 648 1475 716 Porro,
1520 653 1670 718 novi,
1707 652 1915 708 donum
1948 653 2073 724 pul-

488 741 848 798 cherrimum.
882 755 946 794 ex
972 740 1165 811 egenis
1198 739 1482 797 laboribus
1518 744 1656 798 meis
1680 745 2069 814 compositum,

485 841 776 903 acceptum
804 833 1087 889 habueris.
1123 831 1243 887 Non
1274 834 1420 888 enim
1449 834 1600 890 aliud
1639 835 1898 891 omnibus
1934 826 2072 891 emi-

484 927 636 980 nenti
674 924 960 981 Sermonis
988 926 1175 989 Matri,
1208 943 1375 999 quam
1407 944 1746 995 sermonem,
1785 945 1855 986 ex
1898 946 2067 1001 spon-

485 1015 663 1069 laneis
710 1025 814 1070 tua:
852 1016 1044 1085 gratiae
1083 1015 1351 1082 fontibus,
1392 1033 1425 1073 o
1474 1018 1720 1087 gratiosa
1764 1019 1897 1086 Deo,
1939 1037 2069 1092 pro-

484 1106 767 1170 ﬂuentem,
818 1107 1164 1164 olferendum
1219 1111 1410 1165 habui.
1459 1110 1735 1166 Caeterum
1770 1121 1876 1168 tua:
1920 1114 2069 1169 illius

484 1196 686 1251 divina:
718 1199 1165 1255 conversationis
1196 1201 1249 1255 iu
1287 1203 1425 1257 senii
1475 1203 1661 1259 nescia
1701 1205 2066 1271 beatitudine,

485 1285 799 1345 horrendus
830 1305 965 1345 sane
990 1306 1324 1362 omnemque
1352 1308 1626 1364 superans
1671 1295 2067 1351 obscuritatem

484 1386 614 1434 tuus
643 1381 736 1436 ille
768 1389 972 1448 status,
1004 1384 1159 1438 velut
1192 1385 1287 1455 qui
1317 1385 1472 1441 nullo
1496 1387 1661 1441 modo
1685 1396 1779 1442 aut
1809 1390 2071 1460 cognosci

484 1474 660 1540 possit
692 1480 787 1528 aut
824 1478 1101 1544 enarrari,
1128 1478 1352 1534 silentio
1379 1478 1704 1537 honoretur.
1731 1481 1897 1537 Plane
1920 1483 2065 1538 enim

476 1567 622 1633 juris
657 1578 762 1623 est.
801 1567 921 1623 Non
956 1571 1105 1625 enim
1153 1580 1240 1627 est
1272 1580 1547 1639 nostrum,
1576 1583 1634 1628 ut
1671 1592 1793 1645 quae
1821 1586 2066 1633 nostram

482 1668 751 1729 superant
782 1660 1125 1728 facultatem.
1155 1682 1388 1736 qumque
1432 1667 1917 1738 incompreheusa,
1949 1688 2069 1725 om-

482 1751 617 1805 nino
652 1752 903 1825 indagari
955 1765 1257 1826 nequeunt,
1309 1760 1587 1827 explicare
1642 1763 1896 1819 velimus.
1940 1762 2068 1819 llaec

481 1857 618 1897 sane
659 1843 779 1907 tibi,
820 1859 853 1898 ο
893 1853 977 1899 ter
1006 1846 1194 1915 regina
1235 1846 1326 1904 Dei
1369 1847 1645 1915 Genitrix,
1683 1868 1713 1907 a
1759 1860 1812 1908 te
1845 1855 2067 1925 tuisque

2172 646 2272 705 οἶδ’
2313 654 2395 706 ὅτι
2428 652 2605 724 δῶρον
2659 649 2967 714 κάλλιστον,
3005 651 3067 702 ὲκ
3099 651 3377 721 πενιχρῶν
3425 653 3732 720 συνταγέντα

2176 762 2267 816 μοι
2318 745 2521 800 πόνων.
2559 743 2635 797 Οὐ
2681 743 2792 815 γὰρ
2841 736 2990 814 εἶχον
3020 743 3049 796 δ
3080 760 3133 797 τι
3175 741 3450 813 προσοίσω
3496 743 3731 820 πλέοντῇ

2174 840 2393 894 πάντων
2421 836 2769 909 ὑπερεχούσῃ
2798 836 2968 907 μητρὶ
2987 835 3083 888 τοῦ
3106 835 3292 904 λόγου,
3327 834 3465 906 πλὴν
3492 836 3570 890 ὅτι
3592 835 3734 904 λόγον

2171 932 2232 999 ἐξ
2262 931 2621 1004 αὐτορῤύτων
2643 929 2838 1002 πηγῶν
2866 931 2964 1000 τῆς
2994 926 3053 981 ὲν
3083 927 3187 991 σοὶ,
3215 925 3594 997 θεοχαρίτωτε,
3613 944 3734 999 προ-

2170 1025 2430 1096 χεόμενον
2454 1024 2698 1095 χάριτος.
2731 1020 2848 1090 Τῆς
2882 1020 2947 1089 γέ
2977 1036 3060 1073 τοι
3090 1018 3241 1081 θείας
3266 1019 3325 1070 ὲν
3343 1019 3542 1088 ’ἀγήρῳ
3577 1035 3737 1090 μακα-

2171 1117 2382 1188 ριότητι
2405 1114 2684 1184 διαγωγῆς
2710 1115 2742 1185 ἠ
2769 1112 3077 1184 ἐμφρικτος
3103 1109 3197 1162 καὶ
3218 1108 3630 1179 ὑπεράγνωστός
3652 1126 3734 1163 σου

2170 1206 2532 1267 κατάστασις,
2588 1203 2666 1267 ώς
2704 1202 3080 1271 ἀδιάγνωστος
3138 1198 3318 1269 πάντη
3371 1197 3464 1251 καὶ
3510 1198 3735 1264 ἄλεκτος,

2171 1298 2351 1367 σιωπῇ
2374 1293 2643 1366 τιμάσθω.
2671 1295 2891 1348 Δίκαιον
2921 1292 3030 1364 γὰρ
3060 1293 3141 1346 ὅτι
3168 1293 3244 1363 μὴ
3274 1291 3411 1363 πρὸς
3451 1289 3607 1359 ἡμῶν
3631 1293 3739 1344 ὲπι-

2169 1387 2392 1441 ϐάλλειν
2420 1389 2536 1450 τοῖς
2587 1385 2890 1456 κρεῖττονῆ
2930 1385 3056 1439 καθ’
3106 1385 3260 1456 ἡμᾶς
3313 1383 3524 1456 ἔχουσι,
3559 1384 3648 1438 καὶ
3672 1385 3740 1454 τῷ

2169 1478 2403 1548 ἁλήπτῳ
2431 1479 2610 1531 πᾶσαν
2635 1475 3061 1547 διατειχίξουσιν
3092 1474 3345 1547 ἔρευναν.
3386 1475 3480 1528 Σοὶ
3515 1474 3610 1544 μὲν
3636 1471 3738 1541 οὖν,

2169 1563 2214 1624 ὦ
2275 1570 2548 1624 πανολὸία
2604 1572 2982 1640 τρισσάνασσα
3043 1568 3477 1639 Θεογεννήτρια,
3533 1566 3568 1621 ἃ.
3619 1567 3741 1637 πρὸς

2169 1663 2329 1735 ἡμῶν
2360 1662 2719 1732 ὲπωφείλετο,
2772 1662 2882 1714 τῶν
2914 1660 3021 1714 ὑπὸ
3059 1661 3144 1714 col.
3175 1660 3270 1715 καὶ¹
3300 1662 3420 1722 ταῖς
3463 1662 3582 1722 σαῖς
3620 1659 3741 1730 πρὸς

2167 1754 2229 1807 τὺ
2260 1754 2415 1807 Θεῖον
2440 1754 2944 1825 εὐπαρῤησιάστοις
2974 1753 3175 1818 λιταῖς,
3217 1752 3344 1815 τοὺς
3375 1752 3505 1822 περὶ
3535 1751 3593 1804 σὲ
3621 1769 3742 1821 κρυ-

2170 1844 2328 1912 φίους
2379 1842 2836 1913 στοιχειωθέντων
2871 1842 3087 1911 λόγους,
3112 1841 3241 1896 τάδε
3271 1840 3367 1894 νῦν
3397 1839 3633 1912 μετρίως
3675 1841 3743 1903 είς

481 1933 551 1987 ad
603 1932 774 1989 Deum
804 1934 1207 1993 ellicacissimis
1256 1940 1535 2009 precibus.
1573 1946 1832 2001 occultos
1877 1962 2060 2001 rerum

2168 1936 2398 2005 δύναμιν
2426 1935 2794 2006 ἐσχεδίασται.
2852 1935 3016 2005 Ἡμῖν
3062 1933 3122 1987 δὲ
3152 1933 3235 1997 τίς
3268 1930 3640 2002 ἀναλογοῦσαν
3673 1931 3745 2002 τῷ

478 2033 722 2095 tuarum,
782 2043 1099 2100 quanquam
1157 2033 1372 2099 rudins,
1426 2034 1571 2091 docti
1611 2052 1922 2105 sermones,
1968 2055 2067 2111 pro

477 2118 695 2174 modica
725 2136 877 2176 nunc
911 2120 1203 2186 facultate,
1240 2125 1326 2178 vel
1374 2126 1558 2183 minus
1598 2140 1856 2187 accurate
1881 2133 2065 2202 diges—

476 2210 677 2266 simus.
715 2212 855 2278 Quis
885 2228 1021 2268 νει-ο
1063 2229 1367 2286 congruam
1394 2218 1718 2274 sublimitati
1748 2237 1813 2275 at:
1854 2224 2067 2295 magni-

476 2305 654 2359 tudini
695 2321 887 2361 eorum
917 2323 1043 2378 quae
1071 2311 1361 2378 magniliee
1387 2312 1633 2380 gloriosa
1668 2313 1736 2370 de
1780 2324 1831 2370 te
1858 2317 2067 2386 cogita-

474 2413 599 2453 mus
623 2414 810 2454 vocem
836 2402 1097 2471 praebeat,
1127 2416 1192 2457 ac
1217 2404 1322 2457 vim
1349 2404 1590 2461 dicendi.
1636 2406 1766 2473 Sed,
1791 2424 1824 2463 o
1854 2409 2063 2480 Regina

476 2490 865 2546 universorum
900 2493 1214 2562 hominum,
1254 2496 1545 2568 ipsiusque
1568 2513 1669 2568 per
1686 2515 1747 2555 se
1766 2499 2064 2571 Sapientia:

472 2581 717 2637 etVerhi
765 2584 1155 2652 subsistentia,
1201 2603 1415 2659 capax:
1450 2590 1662 2660 primae,
1710 2589 1959 2662 inquam,
1998 2593 2064 2647 il-

476 2674 604 2741 lius,
646 2683 699 2731 et
726 2677 1018 2748 prin’cipis,
1061 2694 1126 2734 ac
1158 2684 1405 2737 omnium
1446 2697 1633 2739 causae
1665 2684 1679 2738 ί
1706 2682 1751 2739 O
1779 2684 1903 2740 vitm
1936 2686 2064 2742 sub-

475 2764 863 2833 ministratrix,
902 2770 1123 2849 vitaque
1161 2772 1490 2840 viventium,
1540 2790 1605 2830 ac
1636 2757 1855 2833 a‘uctrix
1896 2779 2057 2836 vitae!

473 2854 519 2909 0
553 2866 769 2922 sanrta,
797 2868 852 2914 et
887 2863 1133 2919 sanctior
1168 2865 1413 2931 sanctis,
1465 2868 1933 2941 sanctissimeque
1984 2880 2064 2928 to-

474 2948 587 3005 tius
634 2951 946 3008 sanctitatis
979 2954 1274 3011 thesaure!
1320 2954 1365 3011 Ο
1398 2956 1713 3028 dividuum,
1768 2978 1881 3018 non
1937 2980 2061 3035 qua:

473 3041 716 3107 dividue,
747 3042 843 3099 sed
902 3061 1027 3115 qua:
1086 3046 1369 3105 insolubili
1426 3051 1689 3121 vinculo,
1752 3055 2058 3113 humanum

472 3148 649 3203 genus
675 3136 884 3194 unieris
930 3136 1072 3195 Deo!
1106 3136 1153 3194 0
1203 3150 1553 3200 terrenorum
1603 3161 1857 3218 regnum,
1901 3150 2058 3206 insu-

476 3225 707 3294 perabili
741 3241 772 3281 a
803 3240 1045 3299 superna
1080 3231 1279 3302 gloria,
1325 3242 1602 3303 potestate
1634 3239 1962 3308 praeditum!
2014 3242 2059 3296 0
2086 3268 2129 3326 α

474 3313 807 3373 Christiana;
856 3317 976 3375 ﬁdei
1032 3325 1537 3394 propugnaculum,
1592 3342 1900 3400 eorumque
1935 3348 2061 3402 pro-

477 3407 794 3476 pugnatrix,
825 3409 920 3480 qui
958 3410 1014 3465 in
1059 3418 1113 3468 te
1160 3428 1314 3485 spem
1368 3421 1711 3487 posuerunt!
1752 3418 1988 3493 Suscipe
2029 3439 2060 3477 a

476 3497 659 3562 nobis,
690 3500 782 3568 qui
816 3516 914 3570 per
946 3511 1000 3556 te
1028 3504 1381 3574 suscepimus
1417 3510 1670 3567 veritatis
1695 3513 1901 3579 lumen,
1938 3529 2063 3582 qua:

431 3612 433 3614 -
478 3594 593 3650 tua,
626 3593 688 3639 ιιι
716 3586 892 3652 licuit,
945 3592 1250 3661 praeconia,
1296 3610 1362 3651 ex
1414 3597 1674 3656 obscuris
1725 3601 2060 3672 imaginibus

477 3677 709 3747 mystice
743 3682 1100 3751 contemplati
1150 3699 1369 3741 sumus.
1414 3687 1495 3742 Tu
1539 3705 1725 3759 porro,
1763 3692 1816 3745 in
1862 3701 1913 3747 te
1946 3694 2063 3765 glo—

477 3767 754 3824 riantibus
794 3770 982 3838 nobis,
1022 3788 1056 3826 ο
1091 3770 1342 3845 Deipara,
1389 3778 1442 3833 id
1473 3780 1677 3836 modici
1707 3782 1874 3851 hujus
1900 3784 2059 3840 labo-

473 3861 554 3915 ris
599 3863 883 3930 praemium
925 3865 1289 3936 retribuerls;
1328 3878 1389 3924 ιιι
1435 3871 1721 3939 nimirum,
1780 3873 2060 3932 thesauris

474 3952 732 4007 munibus
779 3956 1149 4026 pretiosisque
1203 3959 1403 4028 opibus
1449 3962 1881 4032 splendidiorem
1929 3982 2059 4037 prc-

476 4041 888 4113 u’osioremque,
923 4051 1073 4099 tuam
1110 4046 1177 4101 ad
1212 4046 1413 4121 Filium
1447 4058 1624 4116 tuum,
1653 4051 2059 4125 Dominumqne

473 4139 725 4185 nostrum
760 4146 823 4186 ac
848 4131 1070 4203 Regem,
1102 4134 1389 4208 Deumque
1430 4148 1486 4195 et
1516 4140 1813 4198 Dominum
1843 4146 2057 4200 oratio-

472 4237 600 4276 nem
655 4212 961 4293 supplicem
1022 4228 1381 4301 praebueris;
1446 4249 1554 4305 qua
1614 4245 1671 4291 et
1726 4247 2050 4308 peccantes,

471 4314 641 4370 Deum
666 4317 937 4385 placaturi
967 4320 1180 4387 simus;
1213 4334 1271 4379 et
1299 4341 1367 4380 ex
1394 4327 1619 4385 virtutis
1647 4332 1859 4387 ratione
1891 4349 2055 4403 agen-

472 4415 575 4470 tcs,
610 4406 906 4477 benignius
951 4411 1305 4468 conciliaturi
1339 4432 1354 4469 :
1408 4432 1519 4488 qua
1560 4419 1922 4477 barbarorum
1958 4439 2052 4477 ar-

470 4511 582 4562 nta,
617 4499 863 4567 sagittas.
897 4505 1256 4572 parvulorum
1306 4510 1483 4567 simus
1521 4512 1891 4571 existimaturi
1928 4495 1942 4571 ξ
1996 4524 2052 4571 et

2171 2026 2296 2096 ὕψει
2331 2026 2425 2079 καὶ
2459 2026 2683 2095 μεγέθει
2711 2026 2820 2079 τῶν
2857 2024 3230 2095 ὑπερενδόξων
3255 2025 3385 2095 περὶ
3423 2024 3518 2078 σοῦ
3553 2023 3743 2094 νοημά-

2168 2132 2277 2168 των
2335 2114 2635 2185 ὲμπαρέξει
2687 2115 2873 2185 φωνην
2911 2114 3253 2182 σύμμετρον,
3304 2111 3401 2164 καὶ
3451 2110 3547 2163 τοῦ
3576 2110 3743 2177 λέγειν

2172 2208 2326 2278 ἰσχύν
2347 2225 2361 2273 ;
2394 2207 2558 2271 Ἀλλ’,
2589 2205 2634 2259 ὦ
2656 2206 2924 2259 Δέσποινα
2952 2206 3171 2259 πάντων
3187 2202 3519 2276 ἀνθρώπων,
3542 2203 3634 2256 καὶ
3657 2203 3744 2272 τῆς

2169 2299 2499 2370 αὐτοσοςρίας
2533 2301 2626 2353 καὶ
2675 2298 3045 2353 ἐνυποστάτου
3094 2297 3271 2365 Λόγου
3307 2296 3590 2383 χωρητική
3617 2311 3629 2324 ·
3661 2294 3745 2348 τοῦ

2168 2389 2392 2461 πρώτου
2443 2392 2538 2444 καὶ
2589 2388 2822 2461 ἀρχικοῦ
2854 2389 2949 2443 καὶ
2995 2388 3215 2442 πάντων
3269 2387 3468 2441 αἰτίου.
3495 2383 3566 2438 Ὦ
3614 2385 3745 2453 ζωῆς

2167 2482 2374 2553 χορηγὲ
2425 2483 2522 2535 καὶ
2566 2483 2678 2535 τῶν
2723 2482 2942 2546 ζώντων
2976 2480 3090 2551 ζωὴ
3127 2480 3223 2533 καὶ
3262 2477 3412 2550 ζωῆς
3450 2476 3739 2548 παραιτίαί

2166 2570 2238 2627 Ὦ
2268 2573 2422 2642 ἀγία,
2457 2573 2551 2627 καὶ
2584 2573 2693 2627 τῶν
2717 2573 2888 2640 ἁγίων
2915 2573 3113 2641 ἁγιωτέ
3123 2589 3191 2643 ρα
3211 2586 3226 2602 ·
3264 2569 3360 2624 καὶ
3386 2569 3567 2640 πάσης
3598 2567 3744 2635 ἀγια·

2168 2664 2353 2727 στείας
2399 2664 2667 2732 ὑπεράγιε
2722 2662 3001 2733 θησαυρέί
3037 2657 3109 2714 Ὦ
3151 2661 3328 2732 μερὶς,
3362 2661 3396 2729 ή
3448 2657 3656 2721 ἀλύτως
3687 2656 3741 2709 οὐ

2169 2753 2444 2824 μεριστῶς
2473 2751 2724 2805 ἐνώσασα
2754 2750 2875 2821 Θεῷ
2904 2751 2967 2804 τὸ
3004 2748 3348 2820 ἀνθρώπινον
3368 2743 3489 2802 Vn
3512 2744 3742 2818 βασιλεία

2164 2844 2273 2898 τῶν
2301 2845 2410 2899 ἀπὸ
2430 2844 2536 2913 γῆς
2555 2843 2780 2915 χοῖκῶν,
2801 2845 2866 2896 ὲκ
2887 2844 2985 2914 τῆς
3006 2841 3269 2897 ἀνωτάτω
3294 2839 3456 2911 δόξης
3473 2838 3536 2891 τὸ
3560 2838 3741 2910 κράτος

2165 2936 2363 3008 ἔχουσα
2391 2937 2822 3009 ἀπροσμάχητον
2845 2936 2859 2989 ι
2891 2930 2964 2988 Ὦ
2992 2934 3095 3004 τῆς
3123 2931 3472 3005 Χριστιανῶν
3505 2930 3740 3001 προπὺρ-

2163 3048 2284 3099 γιον
2312 3032 2571 3093 πίστεως,
2605 3029 2700 3083 καλ⁸
2734 3027 2845 3082 τῶν
2873 3027 2955 3090 είς
2987 3027 3046 3080 σὲ
3083 3026 3183 3088 τὰς
3230 3023 3461 3086 ιλπίδας
3513 3022 3740 3093 θεμένων

2164 3121 2482 3195 ὑπέρμαχεί
2535 3120 2704 3190 Δέχου
2744 3118 2884 3189 πρὸς
2940 3116 3099 3188 ἡμῶν
3130 3116 3238 3170 τῶν
3272 3115 3376 3185 τῆς
3409 3114 3665 3186 ἀληθείας
3686 3111 3739 3164 τὸ

2164 3213 2281 3283 φῶς
2305 3213 2394 3267 sta
2416 3211 2510 3266 σοῦ
2533 3211 2845 3282 δεξαμένων
2867 3250 2882 3275 ,
2910 3208 2976 3264 τὰ
3004 3208 3064 3275 ἐξ
3088 3205 3348 3277 ἀμυδρῶν
3369 3206 3598 3260 εἰκόνων
3622 3203 3738 3274 ἡμῖν

2162 3305 2237 3368 ώς
2263 3304 2485 3373 ἐφικτὸν
2542 3301 2829 3373 μυστικῶς
2875 3299 3224 3372 θεωρηθέντα
3271 3297 3735 3369 σεμνολογήματα.

2171 3397 2335 3467 Ἡμῖν
2365 3396 2422 3451 δὲ
2452 3397 2566 3457 τοῖς
2589 3396 2671 3459 εἰς
2703 3395 2784 3460 σὲ,
2812 3394 3120 3464 Θεομῆτορ,
3154 3390 3600 3461 καλλυνομένοις,
3621 3385 3737 3441 ταύ-

2160 3507 2259 3559 την
2285 3487 2568 3551 ἀντιδίδως
2613 3485 2711 3541 τοῦ
2772 3483 3196 3557 μικροῦτούτου
3259 3483 3359 3554 τὴν
3399 3481 3651 3554 ἀμοιϐὴν,
3678 3478 3738 3532 iv‘

2160 3581 2378 3652 ἔχοιμεν
2407 3577 2702 3650 θησαυρῶν
2732 3576 2955 3632 πάντων
3010 3575 3110 3630 καὶ
3138 3573 3375 3627 πλούτου
3427 3566 3738 3631 πολυτελοῦς

2159 3672 2601 3745 τιμαλφεστέραν
2648 3671 2744 3725 καὶ
2795 3667 3208 3740 λαμπροτέραν,
3247 3666 3474 3739 τὴν-σὴν
3496 3664 3630 3736 πρὸς
3658 3660 3737 3714 τὸν

2162 3767 2253 3820 σὺν
2276 3766 2406 3820 Υίὸν
2436 3765 2533 3818 καὶ
2581 3762 2853 3835 ἡμέτερον
2885 3759 3191 3832 Δεσπότην,
3232 3758 3328 3812 καὶ
3367 3756 3626 3818 Βασιλέα,
3653 3752 3739 3806 καὶ

2159 3860 2314 3926 Θεὸν,
2349 3859 2445 3914 καὶ
2468 3857 2700 3929 Κύριον,
2734 3856 2940 3911 ἱκέσιον
2969 3855 3155 3927 δέησιν
3177 3870 3193 3887 ·
3218 3852 3287 3908 δι’
3312 3846 3381 3925 ἧς
3414 3849 3739 3923 ἁμαρτάνονο

2157 3970 2271 4017 τες,
2304 3952 2367 4006 τὸ
2413 3953 2568 4006 Θεῖον
2600 3948 2995 4020 ὲξιλεούμεθα·
3039 3946 3135 4000 καὶ
3160 3943 3579 4017 κατορθοῦντες,
3613 3957 3737 4011 χρη·

2160 4046 2413 4117 στότερον
2441 4045 2653 4107 ἑαυτοῖς
2680 4038 3174 4112 ὲπισπώμεθα··δι⁹
3195 4039 3262 4111 ἢν
3291 4037 3431 4092 ὅπλα
3458 4034 3736 4108 μρσὰρων

2159 4138 2287 4211 βέλη
2317 4138 2530 4210 νηπίων
2581 4135 2905 4206 ἡγούμεθα·
2958 4133 3053 4186 καὶ
3080 4132 3233 4202 δόρυ,
3280 4131 3374 4183 καὶ
3403 4129 3606 4200 κράνος
3651 4123 3736 4178 καὶ

2157 4232 2312 4295 τόξου
2338 4231 2506 4301 βολὶς,
2533 4230 2773 4298 ἀνήνυτα
2806 4227 2955 4298 μένει
2987 4228 3082 4279 καὶ
3116 4227 3408 4293 ἄπρακτα·
3445 4222 3553 4274 καὶ
3572 4216 3732 4278 τέλος,

2154 4321 2305 4397 δι’ἦς
2341 4323 2488 4377 ἅπαν
2515 4322 2865 4391 Χριστιανοῖς
2900 4317 3107 4386 ἀγαθὸν
3130 4313 3521 4386 κατορθοῦται,
3565 4310 3658 4367 καὶ
3703 4308 3733 4377 ἡ

2155 4417 2293 4488 πρὸς
2318 4416 2378 4470 τὸ
2405 4415 2561 4469 Θεῖον
2582 4414 2867 4486 ὁμοίωσις.
2892 4414 3102 4482 Ἔχεις,
3121 4408 3394 4480 ἀγαπητὲ,
3412 4406 3509 4460 τοῦ
3538 4418 3732 4476 μυττη·

2156 4512 2273 4582 ρίου
2295 4509 2384 4563 τὸν
2411 4508 2590 4577 λόγον,
2617 4509 2665 4560 εί
2688 4507 2783 4561 καὶ
2812 4505 2964 4577 παρά
2998 4504 3133 4557 πολὺ
3179 4505 3276 4573 τῆς
3308 4498 3527 4562 ἐλπίδος
3560 4492 3732 4549 λειπό-

470 4603 575 4657 qua
608 4589 972 4658 sitfuturum,
1013 4604 1072 4651 ut
1122 4597 1302 4665 hasta,
1352 4603 1530 4672 galea,
1571 4604 1643 4659 "ac
1688 4607 1863 4663 missa
1917 4610 2046 4676 tela,

2162 4619 2318 4671 μενον
2338 4618 2352 4632 ⁸
2387 4602 2487 4671 τῆς
2515 4601 2567 4669 γ’
2603 4597 2699 4654 οὖν
2730 4597 3044 4670 προθυμίας
3086 4595 3188 4665 τῆς
3226 4592 3505 4664 ἡμετέρας
3534 4591 3633 4642 οὐκ
3657 4587 3733 4638 ἐν·

472 4680 686 4737 inutilia
733 4698 799 4738 ac
830 4684 1130 4744 ineilicacia
1159 4701 1422 4749 titaneant
1461 4712 1477 4751 :
1528 4710 1637 4766 qua
1683 4698 1926 4770 denique
1959 4701 2055 4758 bo-

470 4785 601 4825 num
628 4787 793 4828 omne
815 4774 1150 4835 Christianis
1176 4792 1330 4839 recte
1353 4796 1605 4854 geratur,
1635 4796 1693 4844 et
1722 4793 2054 4849 concilietur

468 4859 564 4917 Dei
588 4864 913 4925 similitudo.
929 4867 1130 4936 Habes,
1154 4870 1375 4938 dilecte,
1399 4880 1735 4932 sacramenti
1757 4880 2051 4948 rationem,

468 4969 534 5011 ac
554 4972 870 5027 quanquam
916 4963 1215 5031 plurimum
1249 4965 1318 5019 ab
1347 4966 1471 5035 ipso
1505 4967 1746 5035 deﬁciat,
1797 4971 1938 5026 haud
1970 4981 2053 5028 ta-

469 5060 591 5101 men
612 5049 795 5103 minus
821 5050 987 5108 habet
1011 5068 1175 5122 quam
1203 5069 1304 5125 pro
1331 5056 1534 5113 alacris
1566 5060 1736 5114 animi
1767 5062 2050 5120 facultate.

471 5137 883 5195 Abstrusiorem
917 5153 1099 5198 autem
1122 5158 1187 5200 ac
1215 5146 1599 5204 sublimiorem
1634 5151 1901 5210 rationem
1935 5170 2051 5210 ser—

467 5245 819 5303 monemque,
848 5233 917 5289 ab
948 5233 1071 5304 ipso
1105 5235 1203 5293 illo
1227 5237 1495 5295 Sermone
1521 5242 1831 5311 quaesieris,
1866 5247 1959 5317 qui
1990 5264 2050 5305 sc

452 5325 544 5382 .tui
596 5341 767 5381 causa
798 5329 1133 5396 exinanivit,
1176 5338 1232 5386 et
1263 5347 1432 5389 carne
1464 5335 1819 5404 incrassavit,
1844 5349 2052 5397 totum-

466 5431 574 5486 que
598 5431 658 5471 se
704 5416 823 5481 tibi,
877 5419 1203 5490 impensiori
1255 5423 1353 5478 illo
1407 5439 1597 5482 amore
1645 5426 1703 5483 in
1761 5428 2046 5487 hominum

464 5523 663 5577 genus,
696 5510 872 5565 univit
903 5529 918 5566 :
955 5526 1057 5568 nec
1091 5512 1272 5571 minus
1306 5523 1432 5586 apte
1463 5517 1710 5585 dicatur,
1765 5519 2045 5578 hominem

464 5599 626 5667 fecit;
649 5614 757 5670 quo
787 5609 842 5657 te
873 5609 1048 5657 totum
1075 5605 1275 5675 spiritu
1312 5606 1479 5662 Deum
1515 5608 1740 5676 faceret,
1769 5628 1833 5668 ac
1855 5653 1870 5678 ,
1896 5616 2043 5685 quod

464 5691 713 5749 deterius
743 5704 847 5761 cst,
877 5696 1093 5751 meliori
1127 5698 1463 5765 absumeret,
1502 5711 1666 5774 teque
1711 5705 1863 5762 hami
1897 5707 2048 5776 ahje-

463 5793 638 5846 ctum,
668 5798 777 5839 una
806 5800 996 5842 secum
1033 5791 1327 5855 exaltaret.
1359 5806 1426 5847 ac
1460 5792 1516 5849 in
1545 5797 1792 5866 paternis
1817 5798 2044 5856 sedibus

464 5874 865 5936 constitueret:
907 5882 973 5936 ad
1008 5898 1171 5955 quem
1230 5900 1448 5958 semper
1476 5890 1583 5944 vita
1616 5900 1670 5944 et
1701 5892 2041 5963 contempla-

2156 4692 2456 4764 δεέστερον.
2482 4692 2587 4746 Τὸν
2616 4690 2674 4745 δὲ
2702 4693 3112 4760 μυστικώτιρον
3146 4689 3243 4740 καὶ⁹
3265 4683 3619 4754 ὑψηλότερον,
3645 4676 3738 4746 ζη-

2155 4785 2382 4854 τήσειας
2404 4783 2471 4838 ἂν
2503 4785 2632 4853 παρ’
2666 4781 2832 4836 αὐτοῦ
2854 4779 2951 4834 τοῦ
2982 4778 3071 4834 διὰ
3102 4778 3163 4832 σὲ
3186 4775 3517 4838 κενωθέντος
3543 4773 3728 4839 Λόγον.

2155 4875 2260 4929 καὶ.
2285 4877 2451 4947 σαρκὶ
2486 4874 2875 4946 παχυνθέντος,
2915 4873 3011 4928 καὶ
3051 4872 3172 4925 ὅλον
3196 4867 3377 4939 ἑαυτῷ
3409 4885 3469 4921 σε
3501 4864 3591 4920 διὰ
3620 4860 3730 4931 φιλ·

2155 4968 2473 5040 ανθρωπίαν
2499 4969 2824 5031 ένώσαντος.
2859 4966 2935 5020 Οὐ
2957 4968 3139 5036 χεῖρον
3162 4963 3220 5017 δὲ
3245 4963 3443 5028 εἰπεῖν,
3472 4958 3570 5014 καὶ
3587 4957 3728 5009 ἐναν-

2155 5058 2593 5131 θρωπισθέντος·
2631 5060 2697 5114 ἵν’
2724 5060 2845 5113 ὅλον
2883 5075 2941 5111 σε
2991 5055 3289 5126 θεοποιήσῃ
3322 5051 3405 5123 τῷ
3443 5048 3723 5118 πνεύματι,

2154 5153 2248 5207 καὶ
2280 5152 2627 5224 ἐνδαπανήσῃ
2654 5150 2716 5205 τὸ
2740 5154 2925 5222 χεῖρον
2948 5147 3028 5219 τῷ
3054 5146 3346 5218 κρείττονι,
3374 5142 3474 5197 καὶ
3497 5135 3725 5244 χαμόθεν

2154 5247 2333 5319 ἐαυτῷ
2362 5246 2656 5322 συνυψώσῃ
2688 5264 2770 5312 σε,
2805 5248 3036 5308 καὶτοῖς
3094 5242 3382 5313 πατρικοῖς
3416 5232 3723 5307 ἐγκαθιδρύ-

2153 5356 2222 5413 σῃ
2254 5356 2310 5394 σε
2352 5338 2586 5404 θώκοις·
2634 5338 2775 5412 πρὸς
2824 5338 2883 5392 ὃν
2918 5337 3007 5391 ἀεὶ
3058 5336 3147 5390 διὰ
3194 5334 3310 5405 βίου
3356 5330 3451 5387 καὶ
3501 5323 3735 5396 θεωρίας.

2150 5432 2400 5502 καθαρᾶς
2428 5430 2656 5501 ἀνάγου,
2681 5431 2848 5496 θείοις
2889 5426 3389 5501 ὲμπολιτευόμενος
3422 5422 3516 5477 καὶ
3553 5417 3718 5484 λόγοις

2149 5525 2242 5593 καὶ
2271 5525 2427 5597 ἤθεσι
2447 5541 2461 5555 ·
2484 5524 2617 5579 Θεόν
2641 5541 2703 5578 τε
2735 5523 2879 5596 ὁρῶν
2898 5525 3020 5577 ὅσον
3046 5522 3289 5591 ἐφικτὸν,
3315 5517 3408 5570 καί
3426 5511 3714 5586 ,ὁρώμενος

2147 5614 2208 5667 ὃν
2242 5616 2336 5686 καὶ
2369 5613 2702 5685 τρανοῦσθαί
2727 5619 2811 5667 σοι
2840 5613 2929 5667 ἀεὶ
2957 5614 3077 5675 ταῖς
3102 5606 3243 5665 κατὰ
3265 5607 3501 5707 θεωρίαν
3526 5597 3712 5707 ὲλλάμῖ

2146 5708 2272 5778 ψεσι
2306 5705 2551 5776 ἐπείγου,
2603 5707 2698 5761 καὶ
2746 5709 2872 5770 ταῖς
2902 5704 3022 5759 κατ’
3051 5701 3254 5775 ἀρετὴν
3283 5696 3696 5756 ἀναϐάσεσιν,.ῐν

2147 5799 2541 5871 ἀμφοτέρωθεν
2595 5803 2659 5854 ἐκ
2714 5800 2972 5871 πράξεως
3023 5797 3088 5867 δὴ
3138 5795 3283 5863 λέγω
3338 5792 3432 5847 καὶ
3470 5783 3707 5855 θεωρίας.

2148 5891 2332 5963 ἄρτιος
2370 5891 2487 5963 εἴης
2521 5895 2614 5947 καὶ
2641 5892 2867 5963 πάγιος·
2911 5892 2990 5955 εἰς
3016 5889 3183 5960 ἄνδρα
3214 5885 3385 5941 τελῶν
3413 5877 3701 5953 πληρέστα”
