4012 6448
367 398 505 468 1Ῑῦ9
1359 408 1443 470 ΙΝ
1473 410 1534 469 S.
1549 409 1873 470 JOANNIS
1911 410 2574 471 DECOLLATIONEM.
3508 396 3652 465 1110

367 535 483 581 τον,
514 537 533 571 ι
568 520 651 584 εἰς
695 518 1146 594 μέτρὸνιὴλικὶας
1174 522 1268 576 τοῦ
1301 522 1564 595 Χριστοῦ.
1617 542 1635 573 ι
1665 516 1737 592 ᾯ
1767 523 1799 592 ἡ
1829 519 1959 586 δόξα

2069 522 2219 577 tione
2250 521 2457 577 munda
2490 523 2816 589 subvehere,
2866 521 2921 578 in
2952 521 3158 579 divinis
3198 528 3253 578 et
3299 520 3691 594 sermonibus.

364 611 464 666 καὶ
488 610 550 664 τὸ
579 612 786 682 κράτος
815 615 896 677 εἰς
929 616 1056 678 τοὺς
1096 615 1300 680 αἰῶνας
1339 616 1448 668 τῶν
1467 613 1702 668 αἰώνων.
1747 614 1940 684 Ἀμήν.

2069 620 2109 667 :t
2142 612 2393 667 moribus
2425 628 2693 680 versans;
2735 629 2800 669 ac
2830 613 3024 680 Deum,
3075 624 3344 685 quantum
3383 615 3546 670 liceat
3568 612 3652 669 vi-

366 700 526 767 dens,
574 705 738 775 eique
760 706 1006 762 vicissim
1040 706 1226 772 visus,
1260 712 1422 779 quem
1455 716 1510 763 et
1545 706 1643 762 tibi
1674 708 1955 761 continua:
1992 705 2482 775 contemplationis
2515 706 2849 778 fulgoribus,
2912 708 3248 780 virtutisque
3316 707 3650 766 asoensibus

366 795 640 850 declarari
666 798 1003 863 contendas;
1048 810 1108 853 ut
1143 800 1426 869 utrinque,
1472 798 1542 854 ab
1582 798 1821 859 actione,
1856 798 2104 866 inquam,
2156 803 2212 853 et
2244 799 2734 868 contemplatione,
2803 798 3083 869 perfectus
3154 811 3208 857 et
3278 801 3472 859 lirmus
3544 799 3649 862 sis.

366 885 422 941 in
465 890 645 942 virum
680 890 1061 959 plenissimum
1095 902 1407 962 provectus,
1462 909 1480 944 ι
1538 892 1593 945 in
1630 905 1949 944 mensuram
1984 890 2163 946 aetatis
2198 890 2406 946 Christi
2438 899 2480 944 τ.
2522 908 2541 941 ι
2574 889 2677 946 Cui
2714 891 2890 962 gloria
2922 902 2979 949 et
3011 901 3257 963 potestas
3324 895 3380 948 in
3448 893 3651 951 smcula

367 980 717 1034 ert-culorum.
748 983 958 1036 Amen.

984 1096 1204 1153 ΛΟΓΟΣ
1234 1099 1336 1156 ιε’.

501 1206 606 1273 Εἰς
637 1208 954 1279 ἀποτομὴν
980 1208 1267 1266 Ἰωάννου
1299 1212 1408 1266 τοῦ
1440 1213 1813 1283 Προὸρόμου.

2654 1092 2912 1151 ORATIO
2950 1090 3039 1152 XV
3061 1138 3074 1153 .

2313 1209 2378 1264 In
2412 1210 2762 1276 prtrcursoris
2802 1208 3216 1286 Decollatiouem
3240 1209 3378 1279 (l5).

1523 1323 1754 1386 (Cannae.
1779 1325 1980 1373 Auctar.
2007 1336 2121 1372 nov.
2149 1327 2184 1370 t.
2210 1320 2247 1381 Ι,
2274 1336 2323 1384 ρ.
2353 1320 2517 1382 1521.)

435 1428 590 1499 Πηδᾷ
623 1427 720 1480 καὶ
748 1426 932 1497 γῆρας
980 1427 1057 1491 ὡς
1087 1427 1157 1482 τὰ
1199 1428 1372 1484 πολλὰ
1425 1429 1743 1502 προθυμίας
1784 1432 1960 1496 τόνοις

364 1520 866 1595 νειιροόμενονῃιαλ⁵
890 1521 1049 1589 λόγος
1075 1520 1312 1594 ἀσθενὴς
1329 1522 1822 1596 ὲπιρρώννυταιτῇ
1851 1543 1941 1579 παν

366 1614 594 1687 ραθήξει
623 1612 734 1666 τῶν
765 1614 1057 1684 ἀκροατῶν
1091 1614 1529 1686 δυναμούμενος.
1580 1617 1755 1672 Τοῦτο
1779 1659 1792 1683 ,
1824 1620 1961 1691 ὅπερ

364 1706 462 1760 νῦν
490 1710 518 1760 ό
547 1706 820 1778 ἡμέτερος
848 1707 1010 1776 λόγος
1040 1713 1457 1780 παρυφισταται
1476 1731 1489 1744 ·
1525 1714 1660 1785 πρδς
1701 1714 1801 1785 μὲν
1828 1716 1962 1769 ὑπό-

365 1800 521 1853 οεσιν
537 1800 855 1881 ἐγκωμίων,
881 1802 987 1855 ὑπὸ
1010 1803 1119 1857 τῶν
1150 1807 1589 1878 συνειλεγμένων
1611 1809 1957 1881 ὁρμώμενος

2143 1428 2265 1498 lpsa
2301 1428 2468 1483 etiam
2503 1436 2767 1484 senectus
2799 1438 2858 1483 ut
2890 1430 3188 1499 plurimum
3224 1431 3429 1493 exsilit,
3467 1447 3653 1501 prom-

2060 1530 2153 1592 pto
2193 1536 2257 1575 ac
2287 1520 2459 1575 alacri
2497 1520 2799 1577 roborante
2856 1521 3026 1575 animi
3083 1521 3304 1588 studio;
3360 1537 3654 1591 sermoque

2062 1614 2374 1670 imbecillus
2413 1612 2482 1669 ab
2510 1613 2829 1668 auditorum
2869 1613 3196 1669 incitatione
3218 1651 3235 1677 ,
3280 1613 3430 1668 vires
3457 1616 3656 1684 accipit

2062 1721 2127 1760 ac
2156 1706 2473 1762 roboratur.
2521 1704 2637 1762 Hoc
2683 1694 2867 1777 ipsum
2898 1721 3046 1762 nunc
3075 1720 3297 1778 quoque
3325 1715 3521 1762 nostro
3551 1722 3654 1761 usu

2064 1798 2217 1853 venit
2245 1797 2527 1864 sermoni;
2559 1813 2721 1869 quem
2763 1799 2994 1854 collecta
3023 1782 3247 1869 quidem
3297 1813 3503 1854 corona
3558 1813 3657 1868 pro

368 1891 509 1961 πρὸς
567 1891 626 1945 δὲ
682 1891 783 1962 τὴν
829 1878 925 1947 τοῦ
971 1870 1461 1969 ἐγκωμιαζομένόυ
1514 1870 1823 1975 περιωπὴν,
1859 1870 1960 1975 την

2069 1891 2249 1945 studio
2280 1905 2386 1945 suo
2416 1889 2484 1944 ad
2517 1890 2894 1944 laudationum
2925 1898 3311 1960 argumentum
3364 1890 3653 1960 impellat;

360 1982 535 2036 αὐτοῦ
561 1984 973 2053 ἀντεπεξάγειν
990 1989 1418 2059 συστελλόμενος
1446 1991 1699 2062 δύναμιν.
1735 1995 1846 2047 Καὶ
1884 2013 1902 2046 ι
1932 1997 1959 2048 ό

364 2076 469 2146 μὲν
508 2078 693 2145 λόγος,
749 2079 1130 2144 ἁποστολικῶς
1171 2083 1348 2136 εἰπεῖν
1374 2124 1389 2146 ,
1423 2085 1683 2156 ἀσθενὴς,
1725 2106 1744 2139 ι
1781 2088 1875 2141 καὶ
1900 2087 1959 2154 ἐξ

360 2170 812 2240 ηρῤωοτηκότων
864 2172 1116 2242 ὀργάνων
1144 2174 1609 2247 ὑποφωνούμενος
1641 2194 1654 2208 ·
1695 2179 1727 2248 ἡ
1764 2179 1822 2232 δὲ
1850 2179 1959 2234 τῶν

365 2262 664 2331 ἐγκωμίων
697 2263 955 2327 ὑπόθεσις
980 2304 997 2328 ,
1026 2269 1268 2338 τοσούτῳ
1292 2268 1475 2321 πλεῖον
1502 2269 1617 2339 ἔχει
1643 2272 1786 2324 κατὰ
1819 2288 1959 2325 παν-

365 2352 465 2415 τὸς
496 2351 658 2421 λόγου
703 2355 773 2409 τὰ
799 2358 1121 2428 νικητήρια,
1157 2359 1268 2430 ὅσῳ
1299 2363 1395 2413 καὶ
1446 2361 1545 2432 τὴν
1574 2362 1852 2434 ὑπεροχὴν
1891 2367 1960 2436 τῇ

370 2445 516 2499 κατὰ
547 2446 839 2517 σύγκρισιν
865 2450 1195 2519 παραθέσει,
1241 2451 1334 2506 τὸν
1364 2454 1408 2488 ⁷⁵
1453 2456 1513 2507 ὲν
1541 2457 1830 2527 γεννητοῖς
1861 2473 1963 2524 γυ-

352 2538 577 2625 κναικῶν
606 2543 1027 2612 προσεκτήσατο
1047 2558 1062 2573 ·
1101 2544 1178 2609 ὡς
1216 2544 1389 2617 μόνης
1420 2547 1518 2600 καὶ
1550 2546 1777 2619 πρώτης
1812 2549 1957 2603 ὲκεί-

360 2646 470 2698 νης
502 2628 717 2685 δεῖσθαι
750 2632 852 2701 τῆς
883 2632 1071 2702 φωνῆς
1092 2673 1108 2697 ,
1142 2633 1239 2688 τοῦ
1273 2637 1371 2690 καὶ
1414 2636 1638 2708 πρώτου
1668 2641 1764 2693 καὶ
1796 2641 1961 2709 μόνου

361 2723 513 2775 κατὰ
562 2722 727 2791 φύσιν
757 2725 1051 2794 αὑτολόγου
1074 2766 1090 2790 ,
1118 2729 1215 2782 καὶ
1244 2729 1434 2798 σοφίας
1460 2730 1599 2783 Θεοῦ
1619 2770 1635 2796 ,
1667 2732 1763 2785 καὶ
1797 2732 1963 2785 δυνά-

364 2829 546 2883 μεως.
611 2815 723 2867 Καὶ
774 2817 809 2886 ἡ
857 2817 957 2887 μὲν
1008 2816 1273 2882 ὑπόθεσις
1314 2822 1576 2892 τοιαύτη,
1641 2823 1737 2876 καὶ
1788 2822 1963 2886 οὕτως

360 2902 570 2974 ἔχουσα
603 2921 616 2933 ·
652 2905 713 2959 τὸ
752 2906 810 2959 δὲ
843 2907 936 2960 τοῦ
970 2909 1249 2978 ἡμετέρου
1294 2910 1459 2980 λόγου
1506 2912 1733 2975 ἀσθενὲς
1761 2914 1964 2967 ὁπόσον

360 2995 518 3046 ἐστὶν
541 3035 557 3061 ,
583 2994 853 3051 δέδεικται
874 2997 1070 3069 δήπου’
1091 2996 1166 3056 ὧν
1188 3003 1221 3072 ἡ
1247 3002 1347 3071 μὲν
1380 3002 1471 3056 τὸν
1498 3004 1676 3074 μέγαν
1700 3007 1758 3057 ἐν
1774 3021 1965 3074 γεννη-

361 3088 482 3151 τοῖς
506 3087 789 3155 γυναικῶν
823 3090 1081 3162 Ἰωάννην
1121 3094 1254 3164 ἡμῖν
1277 3093 1618 3161 ὑποτίθεται,
1642 3090 1705 3151 οὗ
1737 3098 1966 3167 μείζονα

363 3178 482 3232 τῶν
513 3180 607 3233 ἀπ’
640 3181 839 3246 αἰῶνος
872 3183 1064 3237 οὐδένα
1094 3186 1477 3257 πατριαρχῶν,
1507 3186 1541 3257 ἢ
1575 3188 1899 3259 προφητῶν,
1929 3189 1961 3259 ἢ

361 3272 615 3336 δικαίων,
650 3275 679 3327 ό
738 3277 1005 3347 σωτήριος
1055 3279 1379 3346 ἀπεφήνατο
1427 3279 1586 3347 λόγος
1611 3297 1625 3311 ο
1673 3283 1701 3333 ό
1742 3280 1819 3345 δὲ,
1859 3282 1956 3335 τοῦ

362 3366 481 3434 πρὸ
514 3364 726 3421 αἰώνων
765 3368 939 3437 Λόγου
967 3371 1065 3441 τὴν
1120 3372 1305 3442 φωνὴν
1339 3372 1718 3442 ἐγκωμιάζειν
1743 3374 1958 3445 ἐπιχει-
1980 3357 1995 3366 ’

364 3456 506 3528 ρῶν.
538 3457 680 3528 Πρὸς
724 3459 778 3512 δὲ
810 3462 908 3530 τὴν
950 3462 1145 3516 ἑαυτοῦ
1187 3464 1421 3531 δύναμιν
1458 3463 1682 3533 ἀφορῶν
1706 3505 1720 3527 ,
1761 3467 1960 3536 μικροῦ

360 3547 475 3614 τὴν
500 3546 710 3619 σιωπὴν
743 3550 960 3622 ἐκείνην
987 3552 1319 3625 ἀσπάζεται,
1352 3557 1420 3626 ἣν
1452 3557 1734 3628 Ζαχαρίας
1767 3559 1826 3610 ὲν
1848 3560 1962 3621 τοῖς

362 3638 594 3704 ἀδύτοις
635 3642 701 3695 δι’
726 3635 994 3699 ’ἀπιστίαν
1024 3645 1335 3718 ὑφέστηκεν
1358 3688 1373 3712 ,
1409 3648 1515 3712 ἕως
1540 3650 1682 3721 αὑτὴ
1709 3650 1961 3721 προφθά-

366 3748 539 3798 σασα,
575 3734 672 3789 τοῦ
697 3736 968 3808 ἡμετέρου
998 3737 1164 3807 λόγου
1198 3738 1338 3812 λύσῃ
1372 3740 1473 3812 τὴν
1500 3739 1735 3811 σιωπὴν,
1768 3741 1844 3804 ὡς
1874 3741 1965 3794 ὄν-

364 3842 483 3888 τως
520 3822 660 3879 οὖσα
706 3827 800 3881 τοῦ
847 3828 999 3883 κατὰ
1040 3830 1206 3898 φύσιν
1251 3831 1426 3900 Λόγου
1471 3832 1646 3903 φωνή.
1702 3831 1876 3885 Δώσει
1906 3832 1964 3888 δὲ

361 3917 535 3970 τοῦτο
557 3921 778 3983 πάντως
809 3920 886 3985 ὡς
910 3922 1087 3991 Λόγου
1117 3924 1268 3996 φωνή
1294 3940 1307 3954 ο
1342 3925 1440 3995 οὐχ
1482 3924 1572 3977 ἵνα
1605 3924 1769 3988 αὐτὸς
1801 3923 1964 3977 πλέον

361 4028 428 4063 τι
478 4009 714 4083 δοξασθῇ
746 4012 906 4082 (ποία
928 4014 1038 4085 γὰρ
1068 4012 1135 4069 ἂν
1177 4016 1273 4070 καὶ
1316 4012 1649 4087 προστεθείη
1684 4015 1812 4080 δόξα
1838 4054 1853 4078 ,
1884 4014 1963 4086 τῷ

362 4101 620 4156 τοιοῦτον
671 4103 1001 4176 πλεξαμένῳ
1031 4107 1187 4177 παρὰ
1239 4106 1450 4178 Κυρίου
1509 4106 1600 4160 τὸν
1652 4107 1961 4174 στέφανον,

362 4196 561 4248 ὁποῖον
591 4196 771 4260 οὐδεὶς
801 4197 1052 4268 γηγενῶν
1078 4199 1435 4270 ἀνεδήσατο),
1471 4198 1700 4252 ἀλλ’ἵνα
1748 4197 1965 4253 ἐκείνου

362 4288 493 4347 τοῖς
539 4288 861 4359 ἐγκωμίοις,
918 4290 1083 4359 ἡμεῖς
1140 4289 1281 4360 πρὸς
1337 4288 1573 4359 μίμησιν
1614 4285 1964 4358 ἐναγώμεθα.

363 4375 552 4431 Τοῦτο
575 4381 684 4451 γὰρ
723 4380 972 4451 βούλεται
1000 4421 1014 4447 ,
1046 4384 1074 4434 ό
1105 4382 1231 4444 τοὺς
1259 4380 1583 4459 δοξάζοντας
1609 4380 1772 4434 αὐτὸν
1805 4379 1964 4446 δοξά-

366 4470 490 4533 ζων
513 4471 667 4536 Θεὸς,
692 4475 788 4527 καὶ
816 4476 942 4537 τοὺς
975 4474 1137 4528 αὑτὸν
1156 4471 1430 4542 ὑψοῦντας
1461 4473 1635 4541 ὑψῶν.

2059 1983 2265 2052 quique
2300 1982 2687 2049 nihilominus,
2719 1983 2839 2051 ejus
2875 1984 2971 2054 qui
3012 1980 3341 2037 laudandus
3383 1981 3656 2035 incumbit

2061 2076 2452 2145 Speculationi,
2511 2092 2669 2131 suam
2722 2091 2790 2132 ex
2819 2076 3058 2131 adverso
3120 2075 3385 2130 virtutem
3414 2074 3657 2145 ohjicero

2060 2180 2340 2227 vereatur.
2390 2173 2466 2227 Ac
2489 2188 2662 2226 rerum
2699 2171 2931 2242 quidem,
2967 2181 3027 2225 ut
3053 2172 3303 2242 Apostoli
3343 2180 3367 2208 '
3402 2184 3557 2226 more
3579 2170 3660 2225 Io-

2061 2277 2232 2331 quar,
2263 2263 2510 2332 inﬁrmus
2535 2272 2613 2316 est
2637 2261 2774 2333 (l6),
2805 2262 3094 2332 fractaque
3120 2277 3257 2319 voce
3281 2279 3350 2319 ex
3381 2261 3658 2319 debilibus

2064 2355 2376 2411 submissus
2405 2355 2632 2425 organis
2664 2373 2678 2410 :
2716 2355 3099 2411 encomiorum
3144 2364 3324 2412 autem
3358 2370 3656 2427 argumen-

2065 2453 2181 2502 tum
2222 2457 2379 2501 tanto
2409 2448 2649 2517 amplius
2698 2450 2809 2502 vim
2839 2463 3059 2503 omnem
3084 2449 3362 2505 sermonis
3408 2458 3656 2519 superat,

2064 2549 2275 2609 quanto
2309 2539 2402 2609 qui
2435 2541 2489 2594 in
2523 2539 2654 2594 illud
2682 2541 3034 2610 proponitur,
3067 2534 3331 2612 majorem
3359 2556 3470 2611 prae
3513 2542 3659 2599 natis

2066 2632 2380 2697 mulierum,
2430 2634 2872 2702 comparationis
2927 2648 3084 2703 ergo,
3138 2635 3525 2689 excellentiam
3573 2642 3660 2688 est

2066 2735 2386 2781 asset-mus:
2410 2734 2469 2780 ut
2495 2725 2543 2780 is
2560 2727 2745 2796 plane,
2764 2726 2882 2783 sola
2912 2726 3201 2797 primaque
3219 2726 3310 2780 illa
3330 2736 3485 2795 egeat
3505 2722 3658 2789 voce,

2064 2817 2188 2886 ejus
2222 2818 2319 2889 qui
2351 2819 2566 2888 primus
2598 2817 2864 2890 solusque
2895 2818 3075 2888 ipsum
3121 2826 3208 2874 est
3253 2826 3453 2872 natura
3479 2834 3576 2889 per
3598 2834 3660 2874 se

2067 2908 2334 2976 Verbum,
2369 2910 2578 2980 Deique
2611 2909 2904 2980 sapientia,
2946 2924 3012 2966 ac
3041 2911 3239 2966 virtus.
3288 2911 3469 2983 Atque
3509 2911 3659 2980 ejus-

2066 2998 2212 3054 modi
2237 2999 2460 3070 quidem
2487 3008 2574 3056 est
2612 3008 3025 3072 argumentum,
3057 3015 3124 3055 ac
3144 3001 3228 3056 sic
3260 3000 3509 3057 habens:
3558 3016 3661 3055 no-

2073 3090 2178 3146 stri
2226 3097 2409 3146 autem
2442 3091 2718 3146 sermonis
2754 3089 3120 3153 imbecillitas
3160 3103 3365 3160 quanta
3414 3093 3506 3155 sit,
3555 3092 3665 3146 fuit

2075 3183 2271 3253 utique
2326 3193 2633 3240 ostensum.
2684 3185 2763 3240 Ac
2799 3192 3184 3253 argumentum
3245 3185 3498 3254 quidem,
3551 3200 3662 3239 ma-

2066 3291 2233 3346 guum
2250 3275 2399 3330 illum
2420 3275 2563 3330 inter
2575 3284 2733 3330 natos
2746 3274 3038 3330 mulierum
3052 3275 3318 3331 Joannem
3333 3276 3591 3345 proponit
3611 3277 3656 3342 l;

2065 3381 2175 3437 quo
2200 3366 2407 3423 nullum
2429 3365 2690 3435 majorem
2711 3380 2742 3420 a
2764 3366 2966 3422 saeculo
2986 3367 3067 3421 vel
3093 3366 3554 3436 patriarcharum,
3578 3354 3661 3424 vel

2069 3446 2467 3532 prophetarum
2489 3468 2586 3515 aut
2601 3461 2904 3533 justorum,
2930 3461 3191 3518 salutaris
3216 3476 3399 3517 sermo
3412 3476 3660 3531 pronuno

2071 3554 2245 3621 tiavit;
2259 3568 2443 3609 sermo
2461 3555 2977 3624 autem,pramterni
2992 3550 3283 3609 Sermonis
3303 3556 3451 3609 illius
3472 3570 3654 3610 vocem

2071 3643 2296 3700 laudare
2313 3644 2657 3717 aggrediens,
2682 3652 2848 3715 atque
2866 3646 2932 3700 ad
2948 3660 3080 3701 suas
3095 3646 3398 3716 respiciens
3417 3647 3657 3710 vires,“-

2073 3737 2166 3792 lud
2195 3736 2592 3809 propemodum
2609 3739 2890 3794 silentium
2915 3739 3291 3807 amplectitur,
3319 3755 3430 3809 quo
3452 3738 3661 3792 Zacha-

2071 3830 2180 3885 rias
2203 3829 2257 3884 in
2274 3832 2451 3901 adytis
2465 3830 2740 3887 exsistcns
2761 3842 2985 3902 prepter
3004 3829 3438 3886 incredulitatem
3456 3831 3657 3884 inulta-

2072 3927 2163 3976 tus
2185 3925 2296 3985 est,
2319 3918 2496 3975 donec
2520 3918 2712 3975 eadem
2739 3928 2991 3975 nostrum
3015 3920 3299 3990 Occupans
3320 3933 3656 3981 sermonem,

2071 4012 2244 4067 nostri
2270 4012 2388 4082 ipsa
2412 4011 2767 4067 sermonibus
2795 4012 3084 4069 silentium
3110 4012 3309 4075 solvat,
3339 4016 3464 4082 quae;
3496 4009 3659 4066 Verbi

2072 4117 2170 4173 per
2209 4112 2465 4156 naturam
2539 4102 2721 4171 reipsa
2786 4117 2888 4155 vox
2954 4102 3275 4158 exsistat“.
3322 4102 3439 4155 Hoc
3495 4112 3659 4169 porro

2072 4193 2315 4250 Joannes
2342 4204 2608 4264 tanquam
2636 4193 2799 4248 Verbi
2819 4209 2919 4249 vox
2953 4194 3181 4248 omnino
3201 4191 3520 4263 praestabit:
3548 4205 3657 4244 non

2074 4297 2136 4343 ut
2177 4287 2441 4357 majorem
2509 4286 2625 4355 ipse
2656 4286 2884 4356 gloriam
2943 4292 3334 4355 consequatur,
3372 4286 3656 4352 (quamam

2069 4377 2214 4433 enim
2258 4378 2308 4431 ei
2339 4376 2513 4446 gloria
2546 4375 2866 4438 accesserit,
2900 4376 3041 4428 cuia
3079 4374 3312 4428 Domino
3344 4373 3468 4427 talis
3527 4386 3660 4425 con-

2070 4478 2223 4527 texta
2254 4471 2327 4524 sit
2382 4483 2611 4533 corona,
2670 4468 2823 4537 quali
2870 4482 3033 4522 nemo
3088 4480 3330 4536 unquam
3385 4466 3659 4534 terrigena

370 4565 669 4622 redimitus
723 4569 883 4633 fuit?)
936 4569 1033 4625 sed
1059 4577 1118 4623 ut
1147 4568 1271 4637 ejus
1310 4583 1411 4621 nos
1453 4567 1708 4623 laudibus
1754 4567 1823 4622 ad
1852 4552 2225 4623 imitationem
2285 4566 2639 4621 inducamur.
2706 4563 2822 4621 Iloc
2848 4564 2996 4621 enim
3041 4564 3157 4621 vult
3214 4561 3381 4627 Deus,
3449 4559 3543 4630 qui
3597 4573 3659 4613 se

363 4655 751 4744 gloriﬁcantes
804 4660 1107 4732 glorilirat;
1166 4676 1231 4714 ac
1280 4675 1377 4715 eos
1405 4660 1628 4724 exultat,
1670 4658 1765 4729 qui
1798 4658 1976 4729 ipsum
2018 4659 2285 4715 exaltant.

456 4825 477 4854 τ
520 4817 720 4888 Ephes.
769 4836 843 4881 tv,
884 4819 968 4875 l5.
1049 4818 1071 4847 '
1110 4821 1159 4875 ll'
1184 4823 1311 4889 Cor.
1345 4839 1400 4887 ι,
1435 4824 1518 4889 10,
1603 4829 1621 4862 ί
1648 4825 1845 4880 Matth.
1879 4839 1956 4886 ιι,

2069 4865 2084 4881 .
2160 4830 2187 4860 ⁸³
2234 4823 2369 4878 an.
2402 4839 2442 4888 ι,
2478 4823 2574 4878 20.

1708 4961 1874 5019 VARI
1880 4961 1943 5018 ΑΞ
1977 4960 2376 5019 LECTIONES.

460 5045 502 5080 ’⁸
522 5064 612 5116 γρ.
640 5048 769 5105 τῶν.

1699 5182 2093 5245 COMBEFISII
2132 5188 2380 5255 NOTAE,

455 5279 569 5353 (15)
590 5280 776 5353 Latnit
806 5289 958 5337 tanta
984 5283 1137 5352 spica
1166 5284 1514 5353 colligentem
1551 5298 1729 5352 nuper
1755 5286 1963 5340 oratio-

305 5376 311 5381 -
374 5364 517 5427 num
544 5350 778 5406 Andreae
801 5350 1166 5427 manipulum,
1198 5350 1364 5427 digna
1416 5354 1578 5427 plane
1604 5350 1734 5426 qua!
1789 5357 1967 5427 potio-

373 5419 542 5475 ribus
572 5419 1433 5496 accenseaturfEdiderat'jam'
1468 5419 1831 5495 Lipofnanus,
1887 5426 1971 5480 iu-

374 5499 626 5562 terprete
656 5501 863 5562 tamen
921 5493 1109 5552 minus
1159 5493 1447 5562 accurato,
1497 5493 1559 5550 ut
1606 5509 1749 5551 nova
1786 5498 1970 5551 versio

2075 5286 2181 5360 bus
2214 5289 2360 5344 leves
2387 5289 2440 5344 bi
2473 5288 2847 5360 paralogismi.
2874 5287 3013 5344 Male
3039 5287 3314 5360 interpres
3339 5286 3393 5360 in
3414 5300 3655 5360 sequen-

2078 5359 2227 5431 tibus
2284 5357 2557 5431 expressit
2594 5357 2983 5431 metaphoram
3019 5376 3034 5413 :
3084 5357 3327 5411 Ἐκτῶν
3360 5358 3653 5431 ὴρῤωστη-

2077 5428 2251 5482 κότων
2277 5429 2525 5500 ὀργάνων
2583 5427 3104 5500 ὑποφωνούμενοςντ-
3137 5427 3394 5500 contexto
3441 5427 3510 5481 ex
3573 5427 3656 5500 in-

2079 5495 2419 5566 strumentis,
2450 5513 2569 5571 qua:
2596 5495 2721 5554 sunt
2750 5495 2909 5568 plane
2944 5498 3185 5561 debilia;
3220 5495 3370 5551 aliud
3409 5505 3559 5551 certe
3596 5497 3653 5550 in

377 5559 926 5651 adornanda‘l‘ugerit,
949 5579 1064 5651 qua
1113 5564 1217 5651 sibi
1268 5559 1546 5622 Andream
1573 5580 1806 5623 conarer
1846 5571 1972 5622 red-
2014 5600 2022 5605 -
2083 5571 2331 5651 organis,
2355 5559 2664 5651 ὑποῇωνεῖν
2704 5559 3054 5651 sermonem,‘
3093 5559 3257 5650 quam
3313 5576 3655 5651 contest-ere:

378 5629 833 5703 dere._ac_magis
863 5629 1193 5703 eiprimere.
1725 5696 1729 5699 .

459 5698 573 5771 (16)
595 5770 607 5778 _
629 5698 814 5778 Sermo
875 5698 1197 5760 imbecillus.
1249 5706 1308 5762 Id
1330 5704 1563 5778 _Pa_ulus
1586 5706 1654 5763 de
1680 5708 1971 5778 prasentia

383 5770 678 5848 corporis;
707 5773 1078 5848 ile_sermone,
1109 5790 1218 5848 non
1246 5776 1495 5848 ᾁσθενῂς.
1538 5778 1634 5842 ait,
1680 5770 1974 5848 ’δεόηὲξου-

384 5837 717 5914 θενημένοςη
745 5840 870 5901 Vult
903 5837 1345 5936 contenrptibilis.
1403 5837 1543 5902 Sunt
1577 5837 1757 5905 crehri
1787 5837 1969 5903 Patri-

2084 5636 2370 5704 nit'nirum,
2421 5636 2860 5695 utbmurmurare
2891 5681 2907 5707 ,
2968 5636 3238 5695 submissa
3300 5653 3419 5693 voce
3453 5636 3604 5691 edere
3637 5651 3656 5690 :

2082 5714 2230 5784 quod
2255 5713 2541 5784 cptintein
2568 5719 2909 5784 senectutem
2948 5707 3224 5784 congruit,
3272 5711 3341 5764 de
3399 5723 3506 5779 qua
3546 5708 3656 5761 hic.

2079 5779 2261 5837 Nolim
2294 5779 2513 5853 singula
2551 5782 2827 5855 prosequi.
