4012 6444
473 374 597 449 tm
1623 390 1683 463 δ.
1721 389 2053 450 mnam

2167 389 2505 451 {ETENSIS
2684 426 2693 437 ι
3006 397 3021 407 ⁸
3636 379 3751 446 lll'z

533 498 955 571 Consequcnter
987 511 1166 558 autem
1200 504 1493 574 procemio,
1541 520 1760 575 aequum
1800 506 2044 561 arbitror
2072 511 2117 568 Α

2232 507 2499 576 Ἐχόμενα
2533 506 2589 559 δὲ
2624 505 2717 560 τοῦ
2754 506 3068 577 προοιμίου,
3125 506 3350 560 δίκαιον
3389 502 3643 574 ἡγοῦμαι
3668 519 3753 556 τον

467 599 525 645 nt
551 593 842 659 praesentis
894 594 1007 648 diei
1058 608 1286 663 scopum
1337 610 1436 665 pro
1460 594 1611 651 virili
1646 607 1836 652 nostra
1865 598 2042 668 expli-

2171 599 2240 666 ’ἧς
2284 597 2569 668 παρούσης
2598 599 2812 669 ἡμέρας
2840 600 2920 661 εἰς
2972 596 3205 667 δύναμιν
3251 594 3602 660 ὲξαπλῶσαι
3638 611 3755 646 σκο-

465 696 658 738 cemus
692 722 709 747 ,
754 690 813 737 ut
851 700 918 739 ne
949 685 1062 740 ullo
1100 689 1396 743 commodo
1438 703 1504 743 ac
1560 689 1743 743 {ructu
1778 689 1909 744 hinc
1940 690 2043 744 do-

2170 690 2265 754 τὸν,
2299 689 2375 753 ὡς
2398 691 2464 744 ἂν
2496 690 2571 761 μὴ
2597 690 2913 754 ἀσυντελεῖς
2940 729 2956 750 ,
2992 689 3129 759 μηδὲ
3162 688 3428 760 ἄκαρποι
3461 686 3582 739 τῶν
3632 686 3754 755 τῇδε

465 786 627 825 tuum-
672 783 1036 828 revertamur.
1082 776 1134 831 ls
1176 789 1360 831 autem
1393 785 1499 845 est,
1554 780 1646 832 illa
1685 781 1945 850 Baptistae
1973 781 2042 835 ad

2172 782 2526 852 ιποχωρῶμεν
2555 784 2760 837 οἴκαδε.
2810 783 2868 836 '0
2906 782 2964 835 δέ
3011 785 3161 835 ἐστιν
3185 823 3201 848 ,
3233 782 3266 850 ὴ
3305 780 3463 850 πρὸς
3510 777 3756 847 Ἡρώδην

467 860 737 917 Herodem
775 864 1037 933 loquendi
1070 867 1323 928 libertas.
1356 885 1523 939 quam
1552 871 1720 926 hodie
1758 887 2042 942 exponens

2173 872 2241 925 κοῦ
2272 872 2584 926 Βαπτιστοῦ
2616 874 2923 944 παρρησία,
2954 873 3022 944 ῆν
3046 874 3080 942 ἡ
3117 869 3482 939 εὐαγγελικὴ
3520 870 3757 938 σήμερον

465 951 605 1007 liber
649 956 1006 1026 evangelicns
1061 960 1211 1014 clare
1258 961 1525 1031 loquitur.
1576 964 1725 1017 Illam
1785 964 1912 1019 dico
1958 966 2043 1020 lo-

2173 966 2570 1021 ινατιτύσσουσα
2602 965 2809 1036 βίϐλος,
2867 963 3211 1036 διαπρυσὶως
3245 963 3579 1030 ὑποφωνεῖ.
3621 962 3757 1030 ﬂag)-

463 1044 663 1111 qnendi
691 1045 1025 1111 libertatem,
1069 1051 1123 1104 in
1156 1067 1326 1121 quam
1359 1054 1508 1106 nulla
1537 1054 1700 1108 cadat
1735 1058 2040 1126 reprehen-

2170 1059 2342 1128 iqciav
2373 1058 2590 1129 ἐκείνην
2619 1058 2765 1126 λέγω
2787 1052 2855 1130 ἦς
2880 1057 3056 1120 οὐδεὶς
3087 1055 3291 1125 ἅψαιτο
3320 1054 3561 1124 μῶμος,
3594 1051 3754 1103 καθα

462 1134 568 1197 sio,
605 1144 665 1190 ut
700 1152 823 1206 qua:
861 1155 1001 1208 pura
1037 1150 1171 1203 tota,
1201 1144 1453 1214 nihilque
1487 1144 1779 1200 inundame
1813 1148 2041 1202 liberta-

2174 1153 2245 1214 πᾶς
2283 1151 2412 1220 ὅλης
2453 1152 2547 1205 καὶ
2578 1151 2812 1221 ἀμιγοῦς
2857 1150 2955 1219 τῆς
2988 1148 3092 1201 ἀνά
3125 1147 3221 1218 τὴν
3257 1145 3460 1199 κτίσιν
3506 1146 3758 1211 ἀποφαν-

461 1224 535 1282 tis
583 1230 932 1285 commistum
1009 1235 1241 1301 habens,
1305 1237 1522 1305 prodita
1577 1238 1682 1291 sit:
1748 1247 1901 1293 tanto
1950 1242 2041 1295 illa

2179 1244 2331 1313 είσης
2365 1244 2674 1315 παρρησίας
2696 1261 2710 1273 ·
2757 1238 2821 1313 ἦς
2854 1239 3110 1294 τοσοῦτον
3159 1239 3284 1309 ἔσχε
3320 1237 3391 1289 τὸ
3435 1235 3664 1306 περιὸν,
3691 1234 3760 1296 ὡς

462 1315 754 1371 mundanae
789 1320 1033 1375 libertati
1086 1333 1377 1392 praestans,
1414 1333 1472 1379 ιιι
1500 1326 1710 1380 nullmn
1744 1328 1814 1391 is,
1855 1330 2042 1399 priva-

2173 1334 2312 1402 ιηδέν
2342 1333 2527 1387 θέσθαι
2562 1335 2725 1402 μέσον
2758 1332 3028 1395 ἰδιωτείας
3059 1330 3153 1383 καὶ
3199 1328 3529 1399 βασιλείας.
3566 1324 3757 1389 Κοινδς

460 1417 574 1461 tum
612 1407 757 1463 inter
795 1426 860 1464 ac
913 1428 1091 1483 regem
1128 1417 1376 1484 posuerit
1405 1417 1704 1472 discrimen
1734 1425 1859 1490 (est
1890 1422 2038 1476 enim

2173 1428 2251 1498 'de
2278 1427 2718 1497 ἐπ’ἀμφοτέροις
2750 1429 2779 1480 ὁ
2810 1424 3206 1494 ἕλεγχος,ὃταν
3236 1423 3269 1492 ὴ
3306 1419 3535 1491 πρᾶξις
3566 1418 3757 1487 ὁμοίαν

460 1500 715 1569 utriSque
761 1507 1078 1560 communis
1114 1508 1454 1578 redargutio,
1498 1514 1719 1579 quando
1771 1513 1920 1568 actio
1960 1514 2040 1569 si-

2172 1538 2240 1591 χῃ
2266 1521 2365 1590 τὴν
2389 1518 2703 1590 εἴσπραξιν*
2738 1504 2856 1571 ἀλλ’
2899 1512 2988 1571 οἷα
3018 1516 3159 1570 Θεοῦ
3195 1515 3514 1584 προφήτην
3535 1530 3552 1543 ·
3589 1509 3685 1564 καὶ
3709 1511 3756 1561 τί

459 1591 642 1645 utilem
694 1594 865 1661 exigit
916 1598 1484 1666 reprehensionem):
1536 1604 1787 1672 quiuimo
1836 1596 1903 1660 ιη’
1944 1604 2038 1661 Del

2182 1614 2250 1681 ἀρ
2276 1629 2290 1677 ;
2321 1610 2569 1681 ζηλωτὴν
2614 1609 2724 1663 τῶν
2758 1608 2922 1663 αὐτοῦ
2952 1608 3441 1678 προσταγμάτων,
3479 1603 3761 1673 ὑπεριδεῖν

462 1684 755 1753 propheta.
807 1688 1038 1760 ejusque
1097 1694 1390 1747 aemulator
1443 1696 1851 1765 mandatorum,
1912 1714 2037 1754 cum

2174 1704 2608 1774 ιὲνάλουργίδος,
2633 1704 2725 1756 καὶ
2746 1703 2964 1775 θρόνου,
2990 1704 3086 1757 καὶ
3111 1702 3493 1772 διαδήματος,
3525 1701 3626 1753 καὶ
3656 1699 3758 1751 τῶν

459 1789 786 1845 purpuram,
839 1794 904 1833 ac
952 1781 1116 1853 regite
1160 1784 1472 1853 maiestatis
1523 1786 1806 1853 thronum,
1835 1796 1891 1843 et
1922 1788 2042 1843 dia-

2179 1816 2246 1851 σα
2279 1798 2369 1851 τὸν
2392 1797 2558 1865 ὄγκον
2591 1796 2737 1868 αἴρει
2789 1799 2903 1860 τοῖς
2948 1795 3317 1867 φιλοκόμποις
3361 1793 3470 1846 τοῦ
3503 1792 3758 1846 διακένου

448 1865 616 1929 ,ὁθιιιιι
677 1883 740 1923 ac
801 1880 1075 1942 quotquot
1122 1873 1421 1933 mundanis
1484 1880 1804 1936 hominibus
1853 1882 2032 1938 inanis

2172 1856 2503 1957 ιυσήματος·
2556 1856 3046 1958 παρρησιάσασθαι
3093 1856 3637 1957 δέτὴν-ἀλήθειαν,
3670 1882 3756 1934 καὶ

456 1954 759 2014 inﬂationis
786 1968 1061 2018 tumorem
1092 1979 1294 2037 augere
1337 1967 1560 2032 habent,
1597 1971 1888 2038 spreverit,
1919 1977 2037 2023 tum

2172 1954 2407 2050 ὐστολῆς
2457 1954 2688 2050 ἁπάσης.
2732 1954 2883 2051 δίχα,
2932 1981 3025 2034 τοῦ
3078 1954 3249 2047 νόμου
3302 1978 3420 2048 τὴν
3457 1975 3756 2029 αὑθεντίαν

454 2048 630 2107 libere
659 2053 946 2110 veritatem
983 2058 1296 2126 protulerit,
1329 2060 1597 2130 nulloque
1635 2070 1804 2126 metu,
1844 2070 2038 2116 aucto-

2169 2048 2510 2142 ιποκαλῦψαι,
2545 2048 2731 2144 ὃτι-μὴ
2761 2048 2975 2142 φαύλην
3005 2071 3286 2141 ἀποφῆναι
3319 2070 3431 2123 τοῦ
3458 2069 3640 2137 νόμου
3664 2066 3753 2137 τὴν

455 2139 676 2196 ritatem
719 2144 856 2214 legis
880 2185 897 2212 ,
938 2148 1102 2216 cujus
1130 2150 1295 2205 vellet
1335 2151 1645 2207 libertatem
1677 2152 1813 2206 nihil
1836 2168 2032 2207 vanam

2172 2139 2455 2236 λευθερίαν
2489 2139 3057 2234 ἐϐούλετοίῐιῶς-γὰρ
3087 2139 3320 2231 ὀνόμου
3362 2160 3616 2231 μεσίτης
3668 2159 3756 2209 καὶ

452 2235 772 2299 ostendere,
839 2237 1231 2297 declaraverit.
1264 2242 1383 2309 Qua
1443 2244 1590 2298 enim
1649 2245 1883 2310 ratione,
1939 2248 2034 2315 qui

2170 2257 2387 2327 [ἀριτος,
2421 2255 2727 2326 περιορῷτο
2745 2253 2840 2307 τοῦ
2862 2255 3032 2324 νόμου
3056 2253 3156 2324 τὴν
3178 2250 3469 2313 εὔκλειαν,
3490 2248 3754 2321 προασπίσ

452 2322 631 2394 legem
680 2328 826 2384 inter
877 2346 943 2386 ac
992 2333 1231 2402 gratiam
1268 2335 1481 2390 medius
1533 2343 1703 2401 esset,
1750 2336 1886 2407 legis
1915 2342 2035 2394 exi-

2168 2349 2254 2403 ῖων
2282 2346 2377 2400 τοῦ
2407 2348 2611 2416 νόμους
2670 2347 2793 2399 Ὅτι
2822 2345 2880 2399 δὲ
2931 2346 3098 2414 νόμου
3132 2345 3544 2413 προασπιστὴς
3596 2343 3628 2393 ὁ
3666 2341 3752 2393 τοῦ

454 2426 609 2473 stens
639 2431 1042 2491 propugnator,
1073 2424 1303 2495 gloriam
1339 2426 1473 2496 legis
1508 2426 1854 2496 despiceret?
1878 2429 2034 2497 Quod

2167 2434 2421 2487 ιεσπότου
2443 2434 2775 2505 Βαπτιστὴς,
2806 2433 2889 2497 τίς
2923 2434 3098 2498 οὕτως
3119 2433 3360 2504 ἠλίθιος,
3387 2432 3469 2496 ὡς
3499 2433 3579 2503 μὴ
3602 2433 3751 2485 τοῦτο

455 2520 636 2563 :mtcm
670 2510 887 2568 Domini
939 2513 1188 2584 Baptista
1243 2518 1420 2587 egerit
1456 2530 1923 2589 propugnatorem
1958 2524 2035 2580 le-

2168 2525 2422 2595 ιροῦργου
2452 2527 2560 2580 τῶν
2592 2525 2739 2596 αὐτῷ
2774 2525 3242 2596 κατωρθωμένων,
3290 2525 3534 2597 πρῶτον
3564 2522 3752 2578 θέσθαι

453 2600 563 2669 gis,
588 2603 716 2671 quis
751 2607 958 2661 stultus
1012 2608 1172 2669 adeo,
1213 2618 1272 2662 ut
1327 2624 1396 2663 ne
1444 2611 1568 2671 hoc,
1628 2627 1811 2666 rerum
1853 2614 1921 2668 ab
1967 2629 2034 2670 eo

2162 2617 2470 2685 razpa't).att0v;
2509 2619 2614 2672 Τόν
2660 2619 2722 2687 γέ
2755 2636 2835 2672 τοι
2881 2617 3044 2687 ζῆλον
3081 2621 3267 2680 ὁποῖος
3294 2613 3369 2689 ἦν
3414 2616 3598 2687 αὐτῷ,
3661 2617 3746 2669 καὶ

455 2695 719 2762 prazclare
775 2706 1054 2766 gestarum
1116 2701 1355 2769 primum
1404 2702 1634 2757 omnino
1673 2713 1862 2773 caput,
1919 2716 2034 2759 sta-

1789 2713 1862 2767 nt,
1919 2716 2034 2759 sta-
2140 2706 2220 2769 εἰς
2251 2707 2376 2759 ὅσον
2407 2708 2631 2778 ἐξῆπτο,
2657 2706 2892 2778 δηλώσει
2921 2708 2981 2760 τὸ
3014 2707 3373 2775 Εὑαγγέλιον.

418 2788 721 2867 :tuendum
779 2793 1041 2849 duxerit?
1090 2793 1285 2860 Qualis
1343 2802 1527 2849 autem
1574 2806 1723 2851 esset
1772 2797 1891 2868 ejus
1934 2800 2087 2855 zelus
2119 2842 2134 2869 ,
2209 2816 2487 2873 quamque
2535 2805 2835 2860 vehemens
2895 2818 2962 2858 ac
3029 2818 3322 2868 accensus,
3424 2804 3742 2875 evangelica

452 2882 716 2953 deinceps
748 2889 992 2944 narratio
1010 2890 1338 2946 declarabit.
3666 2901 3675 2915 ’

530 2992 549 3024 ι
591 2975 648 3029 In
681 2978 777 3032 illo
808 2986 1077 3050 tempore,
1111 2996 1238 3035 cum
1260 2982 1509 3038 audisset
1539 2984 1781 3039 llcrodes
1810 2983 2034 3039 Tetrar-

2216 3001 2233 3033 ι
2282 2979 2371 3035 Ἐν
2414 2983 2607 3052 ἐκείνῳ
2652 2981 2729 3053 τῷ
2765 2981 2963 3053 καιρῷ,
2994 2982 3228 3050 ἤκουσεν
3277 2982 3544 3055 Ἡρώδης
3579 2985 3607 3038 ό
3656 3002 3741 3039 τε·

450 3069 556 3122 eha
590 3068 790 3124 famam
819 3070 971 3135 Jesu,
1007 3073 1087 3127 ait
1138 3075 1323 3142 pueris
1353 3074 1507 3130 suis:
1548 3076 1647 3131 llic
1677 3090 1763 3131 est
1788 3079 2034 3132 Joannes

2155 3075 2386 3145 ιράρχης
2418 3074 2518 3145 τὴν
2574 3075 2744 3145 ἀκοὴν
2783 3076 2981 3144 Ἰησοῦ,
3033 3077 3129 3130 καὶ
3178 3072 3335 3129 εἶπεν
3375 3081 3498 3142 τοῖς
3558 3082 3739 3131 παισὶν

451 3161 735 3232 Baptista;
791 3164 909 3234 ipse
956 3167 1203 3221 surrexit
1243 3181 1273 3220 a
1331 3170 1601 3226 mortuis:
1649 3177 1706 3225 et
1739 3179 2033 3240 propterea

2155 3164 2339 3217 ιύτοῦ’
2369 3157 2536 3227 Οὗτός
2586 3167 2735 3218 ἐστιν
2775 3167 3027 3237 Ἰωάννης
3075 3168 3103 3219 ό
3160 3168 3532 3241 Βαπτιστηςο
3583 3171 3739 3234 αὐτὸς

451 3256 692 3311 virtutes
745 3265 1052 3326 Operantur
1103 3261 1158 3314 in
1192 3276 1280 3317 eo.
1323 3265 1448 3332 Ipse
1495 3262 1643 3316 enim
1678 3262 1924 3317 Herodes
1954 3272 2035 3317 te.-

2152 3254 2343 3324 ‘17::qu
2379 3254 2487 3308 ἀπὸ
2511 3253 2621 3306 τῶν
2646 3254 2891 3324 νεκρῶν,
2946 3257 3039 3309 καὶ
3070 3256 3157 3310 διὰ
3197 3257 3363 3312 τοῦτο
3418 3259 3736 3331 ἐνεργοῦσιν

450 3345 574 3398 nuit
600 3343 892 3413 Joannem,
922 3357 978 3403 et
1013 3351 1164 3405 misit
1216 3351 1271 3405 in
1312 3367 1615 3417 carcerem,
1672 3361 1895 3422 prapter
1929 3353 2034 3408 He-

2152 3349 2191 3398 ιῐ
2214 3347 2474 3416 δυνάμεις
2497 3348 2553 3399 ἐν
2585 3347 2755 3417 αὐτῷ.
2791 3348 2848 3401 '0
2879 3349 2989 3419 γὰρ
3039 3350 3285 3423 Ἡρώδης
3309 3357 3611 3425 κρατήσας
3650 3353 3736 3406 τὸν

451 3435 733 3490 rodiadem
794 3453 1023 3494 uxorem
1077 3437 1317 3512 Philippi
1373 3442 1570 3498 fratris
1637 3444 1749 3498 sui.
1809 3443 2034 3498 Dicebat

2150 3438 2426 3508 Ἰωάννην,
2485 3438 2638 3491 ἔθετο
2684 3442 2766 3502 εἰς
2805 3441 3055 3511 φυλακὴν
3113 3442 3203 3496 διὰ
3269 3443 3588 3513 Ἡρωδιάδα
3642 3446 3734 3514 τὴν

449 3529 596 3582 enim
639 3531 687 3585 ei
745 3530 990 3588 Joannes
1026 3550 1040 3587 :
1071 3531 1191 3588 Non
1233 3534 1363 3589 licet
1402 3535 1499 3589 tibi
1556 3536 1759 3591 habere
1789 3551 1933 3592 eam.
1970 3539 2033 3593 Et

2150 3531 2372 3596 γυναῖκα
2400 3528 2670 3583 Φιλίππου
2704 3529 2797 3583 τοῦ
2838 3532 3069 3609 ἀδελφοῦ
3110 3534 3299 3589 αὑτοῦ.
3341 3537 3583 3605 Ἔλεγεν
3628 3536 3734 3603 γὰρ

450 3636 577 3683 cum
633 3623 795 3677 vellet
817 3640 939 3678 eum
995 3626 1273 3690 occidere,
1319 3627 1548 3682 timebat
1596 3628 1839 3696 turbam,
1901 3629 2033 3700 quia

2148 3619 2286 3690 ιιύτῷ
2318 3622 2347 3673 ό
2385 3620 2671 3690 Ἰωάννηςθ
2705 3622 2820 3675 Οὐκ
2856 3621 3034 3687 ἔξεστί
3082 3640 3165 3677 σοι
3196 3624 3581 3707 ἔχεινιαύτήν.
3629 3626 3732 3679 Καὶ

450 3712 597 3766 sicut
628 3714 950 3784 prophetam
1005 3731 1131 3771 eum
1188 3718 1485 3773 habebant.
1517 3718 1655 3773 Cum
1693 3728 1873 3774 autem
1906 3736 2034 3792 age-

2147 3712 2310 3766 )éhov
2352 3713 2515 3767 αὐτὸν
2547 3715 2889 3777 ἀποκτεῖναι,
2930 3715 3180 3785 ἐφοϐεῖτο
3206 3718 3298 3771 τὸν
3324 3717 3513 3788 ὄχλον,
3550 3718 3634 3770 ὅτι
3662 3715 3731 3778 ὡς

451 3809 604 3863 retur
635 3804 754 3858 dies
787 3806 988 3860 natalis
1018 3806 1279 3874 Herodis,
1316 3810 1540 3864 saltavit
1569 3810 1678 3864 (ilia
1709 3809 2032 3867 llerodiadis

2144 3807 2429 3876 προφήτην
2463 3805 2627 3858 αὐτὸν
2655 3800 2824 3876 εἶχον.
2856 3807 3125 3860 Γενεσίων
3182 3808 3239 3860 δὲ
3266 3808 3593 3877 γενομένων
3641 3805 3728 3877 τοῦ

450 3893 506 3948 in
542 3895 748 3961 medio,
781 3907 836 3951 et
880 3900 1092 3967 placuit
1126 3900 1346 3956 Herodi.
1394 3901 1762 3969 Quamobrem
1793 3919 1917 3958 cum
1942 3904 2034 3974 ju-

2148 3896 2413 3967 Ἡρώδου,
2449 3897 2739 3968 ὠρχήσατο
2784 3899 2817 3969 ή
2858 3897 3103 3969 θυγάτηρ
3136 3899 3237 3969 τῆς
3278 3899 3623 3971 Ἡρωδιάδος
3655 3900 3729 3960 εἰς

444 3995 701 4055 Διἰιιιιιιιιιο
753 3989 1032 4057 pollicitus
1083 4002 1170 4048 est
1227 4008 1289 4048 se
1340 3996 1389 4048 ei
1448 3996 1702 4049 daturum
1762 3995 2028 4066 quidquid

2142 3988 2196 4044 τὸ
2222 3990 2385 4060 μέσον
2405 4030 2420 4055 ,
2471 3990 2566 4043 καὶ
2596 3989 2796 4061 ἤρεσεν
2820 3988 2899 4059 τῷ
2950 3989 3165 4062 Ἡρώδῃ
3187 4006 3200 4019 ’
3250 3990 3377 4044 ὅθεν
3413 3993 3539 4062 μεθ’
3568 3992 3726 4059 ὅρκου

450 4075 813 4141 postulasset.
870 4079 941 4132 At
1010 4079 1100 4134 illa
1165 4080 1393 4136 inducta
1441 4098 1471 4137 a
1534 4094 1707 4139 matre
1768 4101 1904 4141 sua:
1957 4086 2032 4141 lia

2143 4081 2491 4152 ὡμολόγησεν
2544 4082 2680 4152 αὑτῇ
2714 4082 2920 4147 δοῦναι,
2982 4082 3011 4136 ὃ
3057 4083 3155 4135 ἐὰν
3202 4085 3534 4155 αἰτήσηται.
3578 4082 3727 4136 Ἡδὲ

447 4165 609 4229 mihi,
642 4167 842 4237 inquit,
881 4169 970 4224 hic
1002 4170 1057 4225 in
1087 4170 1244 4228 disco
1275 4181 1444 4244 caput
1474 4173 1712 4233 Joannis
1746 4176 2029 4248 Baptista.

2141 4171 2571 4241 προϐιϐασθεῖσα
2600 4171 2703 4224 ὑπὸ
2726 4174 2825 4243 τῆς
2850 4171 3055 4243 μητρὸς
3088 4171 3260 4242 αὐτῆς
3287 4213 3303 4238 ,
3341 4173 3449 4236 Δός
3482 4188 3597 4243 μοι,
3628 4185 3725 4236 φη-

447 4257 514 4311 Et
543 4261 908 4319 contristatus
939 4271 1026 4320 est
1056 4281 1151 4319 rex
1179 4281 1192 4319 :
1248 4276 1474 4337 propter
1495 4267 1891 4337 jusjurandum
1926 4286 2031 4326 au-

2137 4265 2241 4326 σίν,
2299 4257 2404 4316 ὦδε
2467 4264 2561 4316 ἐπὶ
2617 4263 2808 4316 πίνακι
2861 4263 2959 4334 τὴν
3012 4263 3258 4334 κεφαλὴν
3323 4263 3584 4318 Ἰωάννου
3626 4257 3718 4313 τοῦ

448 4357 578 4413 tem,
609 4361 665 4407 et
693 4352 856 4408 simul
904 4358 1313 4421 recmnbeutes,
1357 4356 1528 4428 jussit
1561 4359 1682 4414 dari
1714 4378 1730 4416 :
1777 4363 2032 4418 mittens-

2137 4354 2467 4409 Βαπτιστοῦ.
2522 4357 2632 4409 Καὶ
2687 4356 2932 4427 ἐλυπήθη
2967 4357 2995 4410 6
3044 4355 3322 4426 βασιλεὺς.
3360 4355 3463 4409 Διὰ
3514 4355 3573 4408 δὲ
3603 4351 3721 4411 τοὺς

446 4458 576 4511 que,
631 4443 925 4501 decollavit
972 4446 1237 4504 Joannem
1270 4451 1324 4504 in
1376 4466 1622 4507 carcere.
1666 4452 1733 4506 Et
1796 4454 2026 4508 allatum

2136 4446 2351 4516 ὅρκους,
2383 4446 2474 4498 καὶ
2503 4447 2630 4510 τοὺς
2660 4446 3184 4516 συνανακειμένους,
3224 4446 3521 4500 ἐκέλευσεν
3566 4440 3720 4507 δοθῆ-

447 4543 534 4587 est
558 4543 724 4604 caput
773 4538 895 4605 ejus
942 4538 997 4592 in
1026 4540 1204 4605 disco,
1238 4550 1293 4596 et
1323 4543 1512 4613 datum
1537 4550 1621 4599 est
1657 4545 1855 4613 puellae
1883 4565 1896 4600 :
1931 4547 2026 4600 illa

2135 4555 2243 4590 ναι.
2278 4538 2388 4591 Καὶ
2425 4537 2648 4606 πέμψας
2699 4537 3076 4606 ἀπεκεφάλισε
3135 4538 3228 4591 τὸν
3270 4539 3531 4606 Ἰωάννην
3569 4535 3627 4586 ἐν
3654 4531 3713 4599 τῇ

447 4638 581 4678 vero
602 4626 1008 4684 tradiditmatri
1043 4647 1158 4686 sua:
1183 4642 1231 4686 ν.
1270 4653 1289 4684 ι
1314 4610 1403 4687 An.
1433 4650 1539 4688 non
1569 4610 1910 4690 tibividetur
1934 4637 2027 4691 hic

2133 4630 2369 4700 φυλακῇ.
2396 4629 2505 4683 Καὶ
2535 4630 2792 4701 ὴνέχθηὴ
2824 4629 3037 4699 κεφαλὴ
3070 4627 3237 4683 αὑτοῦ
3266 4629 3362 4682 ἐπὶ
3394 4620 3715 4682 πίνακι,καὶ

449 4717 567 4771 zelo
603 4716 888 4783 incitatus,
928 4736 993 4775 ac
1027 4738 1139 4791 pra:
1186 4725 1446 4779 omnibus
1481 4740 1621 4794 quos
1673 4727 1789 4782 zelo
1826 4727 2028 4783 incita-

2129 4722 2284 4793 ἐδὸθη
2306 4721 2383 4791 τῷ
2413 4721 2656 4791 κορασίῳ
2679 4737 2692 4750 ο
2728 4721 2905 4774 καὶτὸ
2931 4721 3194 4792 κοράσιον
3218 4721 3422 4774 ἔδωκεν
3453 4717 3623 4785 αὐτὴν
3651 4712 3710 4780 τῇ

451 4815 537 4861 tos
567 4807 798 4876 scimus,
826 4810 985 4883 longe
1019 4814 1473 4883 incitatissimus;
1503 4818 1642 4873 adeo
1673 4828 1826 4875 utne
1852 4834 2029 4891 usque

2133 4815 2303 4884 μητρὶ
2327 4813 2517 4883 αὐτῆς.
2561 4831 2579 4863 ›
2619 4808 2769 4883 Ἀρά
2801 4829 2884 4866 σοι
2920 4813 3070 4866 δοκεῖ
3097 4811 3350 4884 ζηλωτὴς
3374 4805 3531 4873 οὗτος
3555 4802 3709 4869 εἶναι,

447 4896 515 4950 ad
550 4914 740 4953 necem
784 4902 1004 4972 quidem
1054 4907 1359 4973 prodiderit
1383 4909 1694 4975 veritatem,
1728 4926 1832 4966 nec
1858 4913 2026 4982 quid-

2130 4906 2226 4959 καὶ
2247 4904 2507 4975 ζηλωτῶν
2526 4904 2783 4958 ἁπάντων
2806 4902 3281 4975 ζηλωτικώτατος,
3297 4904 3372 4968 ὡς
3393 4903 3528 4974 μηδὲ
3556 4898 3711 4969 μέχρι

449 5003 615 5058 quam
660 4993 936 5049 remiserit
985 4996 1053 5051 de
1082 4999 1224 5064 zelo,
1276 5006 1441 5068 atque
1472 5000 1527 5055 id
1561 5016 1684 5055 cum
1720 5012 1911 5057 contra
1943 5019 2029 5059 re-

2132 4995 2348 5066 σφα-(ἧς
2402 4995 2667 5067 προέσθαι
2701 4996 2801 5065 τὴν
2855 4995 3141 5066 ἀλήθειαν,
3199 4994 3336 5065 μηδὲ
3394 4989 3708 5058 καθυφεῖναι

449 5096 569 5150 gem
629 5085 1026 5142 contenderet?
1068 5088 1261 5162 Cogita
1306 5092 1455 5146 enim
1510 5101 1715 5162 quanta
1767 5110 1856 5152 res
1886 5107 2026 5162 erat,

2127 5088 2224 5140 τοῦ
2255 5087 2420 5157 ζήλου
2454 5103 2526 5151 τι,
2560 5087 2657 5141 καὶ⁹
2679 5086 2852 5139 ταῦτα
2872 5086 3008 5158 πρὸς
3035 5086 3262 5156 βασιλέα
3283 5083 3703 5151 διατεινόμενονὲ

449 5173 729 5230 hominem
791 5177 976 5235 videre
1030 5181 1159 5251 pilis
1204 5184 1398 5237 cameli
1454 5185 1705 5243 indutum
1759 5200 1823 5241 ac
1886 5202 2026 5242 zona

2139 5178 2425 5249 Ἐννόησον
2462 5179 2571 5248 γὰρ
2609 5179 2810 5231 ὁπόσον
2834 5172 2903 5248 ἦν
2930 5177 3223 5248 ἄνθρωπον
3282 5179 3432 5240 ἰδεῖν,
3466 5168 3704 5242 καμὴλυυ

450 5262 678 5333 pellicea
735 5268 1135 5324 succinctum:
1201 5286 1385 5342 regem
1455 5282 1638 5328 autem
1694 5277 2021 5346 superbum,

2124 5270 2320 5340 τρίχας
2378 5269 2795 5340 ἠμφιεσμένον,
2851 5254 2948 5323 καί
3013 5268 3191 5339 ζώνην
3244 5266 3578 5341 δερματίνην
3631 5258 3706 5337 διέ

448 5355 746 5425 supercilia
775 5360 1142 5426 attollentem,
1176 5363 1402 5418 sublimi
1428 5365 1632 5419 elatum
1659 5367 1823 5434 sede;
1858 5382 2023 5438 quem

2124 5361 2455 5433 εζωσμένον·
2476 5361 2698 5432 βασιλέα
2720 5378 2780 5415 τε
2803 5360 3029 5431 γαῦρον,
3057 5360 3170 5414 ἄνω
3193 5361 3290 5424 τὰς
3313 5357 3484 5431 ὀφρῦς
3501 5357 3697 5423 ἔχοντα,

448 5454 663 5504 teneret
695 5449 1033 5520 voluptatum
1074 5454 1358 5524 tyrannis;
1404 5459 1611 5527 quique
1657 5457 1819 5528 pleno
1849 5458 2022 5513 auda-

2129 5455 2439 5526 καθήμενον
2468 5454 2867 5524 ὑπερϐάθμιον,
2904 5454 3000 5507 καὶ
3031 5454 3226 5523 κράτει
3261 5454 3363 5523 μὲν
3397 5446 3594 5520 ἡδονῶν
3618 5455 3699 5492 τυ-

448 5538 533 5594 cia
588 5539 776 5597 furore
833 5542 969 5613 (l7),
1025 5546 1142 5599 neci
1191 5547 1409 5603 tradere
1463 5547 1773 5605 festinaret.
1824 5549 2022 5622 Cogita

2133 5548 2516 5619 ραννούμενον,
2568 5546 2761 5618 θράσει
2796 5545 2853 5599 δὲ
2889 5544 3065 5617 θυμοῦ
3116 5546 3285 5617 φονᾷν
3339 5539 3691 5610 ἐπειγόμενον.

517 5637 548 5669 ν
571 5629 763 5686 Matth.
797 5649 903 5703 xtv,
939 5636 959 5689 t
990 5650 1139 5708 seqq.

1774 5703 2165 5763 COMBEFISII
2199 5704 2427 5761 NOTAE.

455 5857 466 5876 ε
516 5793 631 5876 (Π)
668 5794 872 5863 Quique
920 5798 1071 5876 pleno
1103 5798 1336 5876 audacia
1362 5800 1563 5876 furore.
1617 5798 2013 5876 Desiderantur

2119 5798 2327 5863 λιστοῦ,
2362 5799 2516 5876 quod
2539 5801 2832 5871 opponitur
2857 5798 2932 5868 τῷ
2959 5841 2987 5876 ,_
3014 5795 3471 5876 δημαξύνίοῇντρς

454 5860 508 5915 ἱιι
535 5860 858 5938 Lipontatto,
884 5860 1024 5940 apud
1055 5886 1215 5940 quem
1238 5860 1476 5929 vicissim
1498 5872 1630 5927 illud
1659 5882 1741 5926 est
1771 5879 1892 5941 post
1918 5885 1984 5923 πο

2118 5886 2217 5941 pro
2266 5860 2518 5925 πολὺτοῦ
2566 5860 2588 5903 ·’
2615 5860 2915 5941 ἰιιιριιιι-θι¹
2968 5860 3269 5939 Lipzimant
3315 5866 3443 5936 legit
3486 5860 3685 5921 πολεμι-
