  <div class='ocr_page' id='page_1' title='image "/cluster/home/n/w/nwhite01/storage/ocr_20150623/97/coo.31924054870013/589.png"; bbox 0 0 4012 6440; ppageno 0'>
   <div class='ocr_carea' id='block_1_1' title="bbox 552 353 690 416">
    <p class='ocr_par' dir='ltr' id='par_1_1' title="bbox 552 353 690 416">
     <span class='ocr_line' id='line_1_1' title="bbox 552 353 690 416; baseline 0.014 -2"><span class='ocrx_word' id='word_1_1' title='bbox 552 353 690 416; x_wconf 85' lang='grc'>1115</span> 
     </span>
    </p>
   </div>
   <div class='ocr_carea' id='block_1_2' title="bbox 1724 360 2610 426">
    <p class='ocr_par' dir='ltr' id='par_1_2' title="bbox 1724 360 2610 426">
     <span class='ocr_line' id='line_1_2' title="bbox 1724 360 2610 426; baseline -0.002 0"><span class='ocrx_word' id='word_1_2' title='bbox 1724 362 1789 426; x_wconf 87' lang='lat' dir='ltr'><strong>S.</strong></span> <span class='ocrx_word' id='word_1_3' title='bbox 1814 363 2146 424; x_wconf 68' lang='lat' dir='ltr'><strong>ANDREE</strong></span> <span class='ocrx_word' id='word_1_4' title='bbox 2185 360 2610 426; x_wconf 79' lang='lat' dir='ltr'><strong>CRETENSIS</strong></span> 
     </span>
    </p>
   </div>
   <div class='ocr_carea' id='block_1_3' title="bbox 3653 361 3757 430">
    <p class='ocr_par' dir='ltr' id='par_1_3' title="bbox 3653 361 3757 430">
     <span class='ocr_line' id='line_1_3' title="bbox 3653 361 3757 430; baseline 0.067 -6"><span class='ocrx_word' id='word_1_5' title='bbox 3653 361 3757 430; x_wconf 81' lang='lat'><strong>1116</strong></span> 
     </span>
    </p>
   </div>
   <div class='ocr_carea' id='block_1_4' title="bbox 541 470 2124 546">
    <p class='ocr_par' dir='ltr' id='par_1_4' title="bbox 541 470 2122 545">
     <span class='ocr_line' id='line_1_4' title="bbox 541 470 2122 545; baseline 0.006 -28"><span class='ocrx_word' id='word_1_6' title='bbox 541 480 650 534; x_wconf 88' lang='lat' dir='ltr'><strong>que</strong></span> <span class='ocrx_word' id='word_1_7' title='bbox 685 480 878 524; x_wconf 90' lang='lat' dir='ltr'><strong>omnes</strong></span> <span class='ocrx_word' id='word_1_8' title='bbox 924 475 1126 540; x_wconf 82' lang='lat' dir='ltr'><strong>purgat</strong></span> <span class='ocrx_word' id='word_1_9' title='bbox 1171 470 1222 524; x_wconf 87' lang='lat' dir='ltr'><strong>ltt</strong></span> <span class='ocrx_word' id='word_1_10' title='bbox 1257 470 1478 540; x_wconf 76' lang='lat' dir='ltr'><strong>spiritu,</strong></span> <span class='ocrx_word' id='word_1_11' title='bbox 1506 485 1573 528; x_wconf 89' lang='lat' dir='ltr'><strong>ac</strong></span> <span class='ocrx_word' id='word_1_12' title='bbox 1615 472 1728 545; x_wconf 88' lang='lat' dir='ltr'><strong>igni</strong></span> <span class='ocrx_word' id='word_1_13' title='bbox 1769 473 1798 513; x_wconf 73' lang='grc' dir='ltr'><strong>δ</strong></span> <span class='ocrx_word' id='word_1_14' title='bbox 1823 472 2122 544; x_wconf 87' lang='lat' dir='ltr'><strong>baptisma-</strong></span> 
     </span>
    </p>
   </div>
   <div class='ocr_carea' id='block_1_5' title="bbox 2228 470 3761 546">
    <p class='ocr_par' dir='ltr' id='par_1_5' title="bbox 2228 470 3761 546">
     <span class='ocr_line' id='line_1_5' title="bbox 2228 470 3761 546; baseline 0.001 -18"><span class='ocrx_word' id='word_1_15' title='bbox 2228 476 2419 546; x_wconf 75' lang='grc' dir='ltr'>ἐκείνῳ</span> <span class='ocrx_word' id='word_1_16' title='bbox 2443 475 2700 545; x_wconf 76' lang='grc' dir='ltr'><strong>μεγάλων</strong></span> <span class='ocrx_word' id='word_1_17' title='bbox 2719 490 2778 528; x_wconf 84' lang='grc' dir='ltr'><strong>τε</strong></span> <span class='ocrx_word' id='word_1_18' title='bbox 2810 474 2904 527; x_wconf 66' lang='grc' dir='ltr'>καὶ</span> <span class='ocrx_word' id='word_1_19' title='bbox 2929 470 3226 543; x_wconf 75' lang='grc' dir='ltr'>ὑπερφυῶν</span> <span class='ocrx_word' id='word_1_20' title='bbox 3251 471 3653 544; x_wconf 79' lang='grc' dir='ltr'>γνωρισμάτων,</span> <span class='ocrx_word' id='word_1_21' title='bbox 3677 478 3761 534; x_wconf 76' lang='grc' dir='ltr'>οἷόν</span> 
     </span>
    </p>
   </div>
   <div class='ocr_carea' id='block_1_6' title="bbox 543 557 2125 634">
    <p class='ocr_par' dir='ltr' id='par_1_6' title="bbox 543 557 2125 634">
     <span class='ocr_line' id='line_1_6' title="bbox 543 557 2125 634; baseline 0.007 -23"><span class='ocrx_word' id='word_1_22' title='bbox 543 559 658 614; x_wconf 85' lang='lat' dir='ltr'><strong>tis?</strong></span> <span class='ocrx_word' id='word_1_23' title='bbox 692 557 869 616; x_wconf 87' lang='lat' dir='ltr'><strong>Habet</strong></span> <span class='ocrx_word' id='word_1_24' title='bbox 915 563 1163 632; x_wconf 87' lang='lat' dir='ltr'><strong>quidem,</strong></span> <span class='ocrx_word' id='word_1_25' title='bbox 1223 563 1598 633; x_wconf 80' lang='lat' dir='ltr'><strong>dilectissimi,</strong></span> <span class='ocrx_word' id='word_1_26' title='bbox 1657 567 1860 634; x_wconf 95' lang='lat' dir='ltr'><strong>oratio,</strong></span> <span class='ocrx_word' id='word_1_27' title='bbox 1896 569 2125 623; x_wconf 89' lang='lat' dir='ltr'><strong>multam</strong></span> 
     </span>
    </p>
   </div>
   <div class='ocr_carea' id='block_1_7' title="bbox 539 653 2125 732">
    <p class='ocr_par' dir='ltr' id='par_1_7' title="bbox 539 653 2125 732">
     <span class='ocr_line' id='line_1_7' title="bbox 539 653 2125 732; baseline 0.004 -26"><span class='ocrx_word' id='word_1_28' title='bbox 539 653 761 723; x_wconf 77' lang='lat' dir='ltr'><strong>egregie</strong></span> <span class='ocrx_word' id='word_1_29' title='bbox 801 666 1084 725; x_wconf 86' lang='lat' dir='ltr'><strong>gestorum</strong></span> <span class='ocrx_word' id='word_1_30' title='bbox 1137 656 1397 725; x_wconf 82' lang='lat' dir='ltr'><strong>Joannis,</strong></span> <span class='ocrx_word' id='word_1_31' title='bbox 1448 674 1573 730; x_wconf 78' lang='lat' dir='ltr'><strong>qua:</strong></span> <span class='ocrx_word' id='word_1_32' title='bbox 1628 661 1686 716; x_wconf 89' lang='lat' dir='ltr'><strong>in</strong></span> <span class='ocrx_word' id='word_1_33' title='bbox 1738 670 2125 732; x_wconf 71' lang='lat' dir='ltr'><strong>argumentum</strong></span> 
     </span>
    </p>
   </div>
   <div class='ocr_carea' id='block_1_8' title="bbox 541 751 2127 821">
    <p class='ocr_par' dir='ltr' id='par_1_8' title="bbox 541 751 2127 821">
     <span class='ocr_line' id='line_1_8' title="bbox 541 751 2127 821; baseline 0.006 -24"><span class='ocrx_word' id='word_1_34' title='bbox 541 753 811 811; x_wconf 76' lang='lat' dir='ltr'><strong>assumat,</strong></span> <span class='ocrx_word' id='word_1_35' title='bbox 867 759 1145 817; x_wconf 78' lang='lat' dir='ltr'><strong>segetem;</strong></span> <span class='ocrx_word' id='word_1_36' title='bbox 1190 751 1290 806; x_wconf 90' lang='lat' dir='ltr'><strong>sed</strong></span> <span class='ocrx_word' id='word_1_37' title='bbox 1326 767 1437 807; x_wconf 92' lang='lat' dir='ltr'><strong>non</strong></span> <span class='ocrx_word' id='word_1_38' title='bbox 1485 759 1668 821; x_wconf 87' lang='lat' dir='ltr'><strong>vacat,</strong></span> <span class='ocrx_word' id='word_1_39' title='bbox 1721 761 1780 808; x_wconf 86' lang='lat' dir='ltr'><strong>ut</strong></span> <span class='ocrx_word' id='word_1_40' title='bbox 1801 760 1997 808; x_wconf 89' lang='lat' dir='ltr'><strong>nostro</strong></span> <span class='ocrx_word' id='word_1_41' title='bbox 2021 753 2127 807; x_wconf 91' lang='lat' dir='ltr'><strong>hoc</strong></span> 
     </span>
    </p>
   </div>
   <div class='ocr_carea' id='block_1_9' title="bbox 543 835 2125 912">
    <p class='ocr_par' dir='ltr' id='par_1_9' title="bbox 543 835 2125 912">
     <span class='ocr_line' id='line_1_9' title="bbox 543 835 2125 912; baseline 0.005 -24"><span class='ocrx_word' id='word_1_42' title='bbox 543 835 743 889; x_wconf 87' lang='lat' dir='ltr'><strong>relicto</strong></span> <span class='ocrx_word' id='word_1_43' title='bbox 777 847 1130 908; x_wconf 87' lang='lat' dir='ltr'><strong>argumento,</strong></span> <span class='ocrx_word' id='word_1_44' title='bbox 1162 843 1228 896; x_wconf 89' lang='lat' dir='ltr'><strong>ad</strong></span> <span class='ocrx_word' id='word_1_45' title='bbox 1261 843 1368 897; x_wconf 89' lang='lat' dir='ltr'><strong>alia</strong></span> <span class='ocrx_word' id='word_1_46' title='bbox 1396 844 1510 912; x_wconf 90' lang='lat' dir='ltr'><strong>jam</strong></span> <span class='ocrx_word' id='word_1_47' title='bbox 1559 859 1962 900; x_wconf 87' lang='lat' dir='ltr'><strong>exeurramus:</strong></span> <span class='ocrx_word' id='word_1_48' title='bbox 1999 859 2125 897; x_wconf 92' lang='lat' dir='ltr'><strong>nam</strong></span> 
     </span>
    </p>
   </div>
   <div class='ocr_carea' id='block_1_10' title="bbox 542 931 2122 1004">
    <p class='ocr_par' dir='ltr' id='par_1_10' title="bbox 542 931 2122 1004">
     <span class='ocr_line' id='line_1_10' title="bbox 542 931 2122 1004; baseline 0.006 -26"><span class='ocrx_word' id='word_1_49' title='bbox 542 939 721 995; x_wconf 88' lang='lat' dir='ltr'><strong>neque</strong></span> <span class='ocrx_word' id='word_1_50' title='bbox 771 941 834 980; x_wconf 91' lang='lat' dir='ltr'><strong>ea</strong></span> <span class='ocrx_word' id='word_1_51' title='bbox 904 931 1287 984; x_wconf 88' lang='lat' dir='ltr'><strong>encomiorum</strong></span> <span class='ocrx_word' id='word_1_52' title='bbox 1364 934 1446 987; x_wconf 85' lang='lat' dir='ltr'><strong>lex</strong></span> <span class='ocrx_word' id='word_1_53' title='bbox 1508 943 1615 988; x_wconf 84' lang='lat' dir='ltr'><strong>est.</strong></span> <span class='ocrx_word' id='word_1_54' title='bbox 1668 932 1938 1004; x_wconf 82' lang='lat' dir='ltr'><strong>Equidem</strong></span> <span class='ocrx_word' id='word_1_55' title='bbox 1989 949 2122 987; x_wconf 85' lang='lat' dir='ltr'><strong>vero</strong></span> 
     </span>
    </p>
   </div>
   <div class='ocr_carea' id='block_1_11' title="bbox 2225 561 3764 638">
    <p class='ocr_par' dir='ltr' id='par_1_11' title="bbox 2225 561 3764 638">
     <span class='ocr_line' id='line_1_11' title="bbox 2225 561 3764 638; baseline -0.005 -18"><span class='ocrx_word' id='word_1_56' title='bbox 2225 583 2280 620; x_wconf 83' lang='grc' dir='ltr'><strong>τι</strong></span> <span class='ocrx_word' id='word_1_57' title='bbox 2311 565 2508 636; x_wconf 79' lang='grc' dir='ltr'>μικρὸν</span> <span class='ocrx_word' id='word_1_58' title='bbox 2561 565 2781 636; x_wconf 75' lang='grc' dir='ltr'>ἥδυσμα</span> <span class='ocrx_word' id='word_1_59' title='bbox 2823 565 3141 631; x_wconf 84' lang='grc' dir='ltr'>προσθεῖναι</span> <span class='ocrx_word' id='word_1_60' title='bbox 3179 563 3288 618; x_wconf 85' lang='grc' dir='ltr'>δεῖν</span> <span class='ocrx_word' id='word_1_61' title='bbox 3329 561 3518 634; x_wconf 71' lang='grc' dir='ltr'>ἔκρινα</span> <span class='ocrx_word' id='word_1_62' title='bbox 3563 569 3660 631; x_wconf 77' lang='grc' dir='ltr'>τοῖς</span> <span class='ocrx_word' id='word_1_63' title='bbox 3697 587 3764 638; x_wconf 62' lang='lat' dir='ltr'><strong>et.</strong></span> 
     </span>
    </p>
   </div>
   <div class='ocr_carea' id='block_1_12' title="bbox 2224 654 3766 730">
    <p class='ocr_par' dir='ltr' id='par_1_12' title="bbox 2224 654 3766 730">
     <span class='ocr_line' id='line_1_12' title="bbox 2224 654 3766 730; baseline 0.003 -21"><span class='ocrx_word' id='word_1_64' title='bbox 2224 655 2467 726; x_wconf 86' lang='grc' dir='ltr'>λεόρτοις</span> <span class='ocrx_word' id='word_1_65' title='bbox 2500 655 2652 726; x_wconf 74' lang='grc' dir='ltr'>ὑμῖν,</span> <span class='ocrx_word' id='word_1_66' title='bbox 2710 656 2810 723; x_wconf 83' lang='grc' dir='ltr'>τὴν</span> <span class='ocrx_word' id='word_1_67' title='bbox 2843 654 2940 726; x_wconf 87' lang='grc' dir='ltr'>τῆς</span> <span class='ocrx_word' id='word_1_68' title='bbox 2970 654 3529 726; x_wconf 84' lang='grc' dir='ltr'>προαναγνωσθείσης</span> <span class='ocrx_word' id='word_1_69' title='bbox 3565 657 3766 730; x_wconf 64' lang='lat' dir='ltr'><strong>inepta;</strong></span> 
     </span>
    </p>
   </div>
   <div class='ocr_carea' id='block_1_13' title="bbox 2225 744 3770 819">
    <p class='ocr_par' dir='ltr' id='par_1_13' title="bbox 2225 744 3770 819">
     <span class='ocr_line' id='line_1_13' title="bbox 2225 744 3770 819; baseline 0.003 -19"><span class='ocrx_word' id='word_1_70' title='bbox 2225 744 2554 811; x_wconf 79' lang='grc' dir='ltr'>ὲξάπλωσιν.</span> <span class='ocrx_word' id='word_1_71' title='bbox 2603 747 2882 816; x_wconf 82' lang='grc' dir='ltr'>Ἀρκετται</span> <span class='ocrx_word' id='word_1_72' title='bbox 2931 745 3042 814; x_wconf 85' lang='grc' dir='ltr'><strong>γὰρ</strong></span> <span class='ocrx_word' id='word_1_73' title='bbox 3091 747 3207 814; x_wconf 78' lang='grc' dir='ltr'>τοῖς</span> <span class='ocrx_word' id='word_1_74' title='bbox 3257 745 3451 799; x_wconf 76' lang='grc' dir='ltr'>ἑαυτοῦ</span> <span class='ocrx_word' id='word_1_75' title='bbox 3498 747 3706 819; x_wconf 79' lang='grc' dir='ltr'><strong>κόσμοις</strong></span> <span class='ocrx_word' id='word_1_76' title='bbox 3747 753 3770 806; x_wconf 78' lang='grc' dir='ltr'><strong>δ</strong></span> 
     </span>
    </p>
   </div>
   <div class='ocr_carea' id='block_1_14' title="bbox 2223 839 3772 916">
    <p class='ocr_par' dir='ltr' id='par_1_14' title="bbox 2223 839 3772 916">
     <span class='ocr_line' id='line_1_14' title="bbox 2223 839 3772 916; baseline 0.001 -20"><span class='ocrx_word' id='word_1_77' title='bbox 2223 841 2542 912; x_wconf 33' lang='grc' dir='ltr'>Βαιπτιστὴς</span> <span class='ocrx_word' id='word_1_78' title='bbox 2596 839 3062 905; x_wconf 78' lang='grc' dir='ltr'><strong>καλλωπίζεσθαι.</strong></span> <span class='ocrx_word' id='word_1_79' title='bbox 3097 841 3237 911; x_wconf 77' lang='grc' dir='ltr'>Φέρε</span> <span class='ocrx_word' id='word_1_80' title='bbox 3269 841 3334 912; x_wconf 84' lang='grc' dir='ltr'>δὴ</span> <span class='ocrx_word' id='word_1_81' title='bbox 3379 842 3556 897; x_wconf 84' lang='grc' dir='ltr'><strong>τοίνυν</strong></span> <span class='ocrx_word' id='word_1_82' title='bbox 3585 845 3772 916; x_wconf 69' lang='grc' dir='ltr'>ἐπιδρα-</span> 
     </span>
    </p>
   </div>
   <div class='ocr_carea' id='block_1_15' title="bbox 2232 930 3772 1008">
    <p class='ocr_par' dir='ltr' id='par_1_15' title="bbox 2232 930 3772 1008">
     <span class='ocr_line' id='line_1_15' title="bbox 2232 930 3772 1008; baseline 0.003 -24"><span class='ocrx_word' id='word_1_83' title='bbox 2232 933 2444 1003; x_wconf 78' lang='grc' dir='ltr'>μόντες,</span> <span class='ocrx_word' id='word_1_84' title='bbox 2475 931 2551 995; x_wconf 83' lang='grc' dir='ltr'>ὡς</span> <span class='ocrx_word' id='word_1_85' title='bbox 2580 932 2674 986; x_wconf 71' lang='grc' dir='ltr'><strong>ἐπὶ</strong></span> <span class='ocrx_word' id='word_1_86' title='bbox 2707 930 2898 986; x_wconf 85' lang='grc' dir='ltr'>πίνακι</span> <span class='ocrx_word' id='word_1_87' title='bbox 2924 931 3278 1002; x_wconf 71' lang='grc' dir='ltr'>διαδείξωμεν</span> <span class='ocrx_word' id='word_1_88' title='bbox 3305 933 3401 1005; x_wconf 85' lang='grc' dir='ltr'>τὴν</span> <span class='ocrx_word' id='word_1_89' title='bbox 3430 934 3772 1008; x_wconf 82' lang='grc' dir='ltr'>πολυύμνητσν</span> 
     </span>
    </p>
   </div>
   <div class='ocr_carea' id='block_1_16' title="bbox 541 1021 2124 1101">
    <p class='ocr_par' dir='ltr' id='par_1_16' title="bbox 541 1021 2124 1095">
     <span class='ocr_line' id='line_1_16' title="bbox 541 1021 2124 1095; baseline 0.005 -25"><span class='ocrx_word' id='word_1_90' title='bbox 541 1032 866 1086; x_wconf 89' lang='lat' dir='ltr'><strong>magnarum</strong></span> <span class='ocrx_word' id='word_1_91' title='bbox 895 1021 1015 1090; x_wconf 85' lang='lat' dir='ltr'><strong>ejus</strong></span> <span class='ocrx_word' id='word_1_92' title='bbox 1051 1037 1114 1076; x_wconf 90' lang='lat' dir='ltr'><strong>ac</strong></span> <span class='ocrx_word' id='word_1_93' title='bbox 1169 1023 1500 1078; x_wconf 82' lang='lat' dir='ltr'><strong>eximiarum</strong></span> <span class='ocrx_word' id='word_1_94' title='bbox 1555 1025 1744 1078; x_wconf 91' lang='lat' dir='ltr'><strong>dotum</strong></span> <span class='ocrx_word' id='word_1_95' title='bbox 1794 1025 2124 1095; x_wconf 87' lang='lat' dir='ltr'><strong>insignium-</strong></span> 
     </span>
    </p>
   </div>
   <div class='ocr_carea' id='block_1_17' title="bbox 2228 1021 3770 1101">
    <p class='ocr_par' dir='ltr' id='par_1_17' title="bbox 2230 1023 3770 1101">
     <span class='ocr_line' id='line_1_17' title="bbox 2230 1023 3770 1101; baseline 0.001 -24"><span class='ocrx_word' id='word_1_96' title='bbox 2230 1024 2325 1078; x_wconf 78' lang='grc' dir='ltr'>τοῦ</span> <span class='ocrx_word' id='word_1_97' title='bbox 2351 1024 2672 1095; x_wconf 85' lang='grc' dir='ltr'>Προδρόμου</span> <span class='ocrx_word' id='word_1_98' title='bbox 2698 1026 2950 1096; x_wconf 78' lang='grc' dir='ltr'><strong>ἄθλησιν,</strong></span> <span class='ocrx_word' id='word_1_99' title='bbox 2978 1025 3045 1097; x_wconf 68' lang='grc' dir='ltr'>ἢν</span> <span class='ocrx_word' id='word_1_100' title='bbox 3079 1025 3224 1097; x_wconf 82' lang='grc' dir='ltr'>ὑπὲρ</span> <span class='ocrx_word' id='word_1_101' title='bbox 3253 1025 3348 1079; x_wconf 79' lang='grc' dir='ltr'><strong>τοῦ</strong></span> <span class='ocrx_word' id='word_1_102' title='bbox 3380 1023 3584 1094; x_wconf 79' lang='grc' dir='ltr'>ἀγαθοῦ</span> <span class='ocrx_word' id='word_1_103' title='bbox 3607 1029 3770 1101; x_wconf 70' lang='grc' dir='ltr'>τολμή.</span> 
     </span>
    </p>
   </div>
   <div class='ocr_carea' id='block_1_18' title="bbox 539 1114 2124 1186">
    <p class='ocr_par' dir='ltr' id='par_1_18' title="bbox 539 1114 2118 1186">
     <span class='ocr_line' id='line_1_18' title="bbox 539 1114 2118 1186; baseline 0.003 -23"><span class='ocrx_word' id='word_1_104' title='bbox 539 1125 650 1181; x_wconf 88' lang='lat' dir='ltr'><strong>que</strong></span> <span class='ocrx_word' id='word_1_105' title='bbox 683 1114 1036 1179; x_wconf 60' lang='lat' dir='ltr'><strong>praestantia&#39;,</strong></span> <span class='ocrx_word' id='word_1_106' title='bbox 1092 1129 1201 1184; x_wconf 89' lang='lat' dir='ltr'><strong>qtta</strong></span> <span class='ocrx_word' id='word_1_107' title='bbox 1249 1121 1426 1169; x_wconf 88' lang='lat' dir='ltr'><strong>totam</strong></span> <span class='ocrx_word' id='word_1_108' title='bbox 1459 1117 1677 1172; x_wconf 90' lang='lat' dir='ltr'><strong>dicendi</strong></span> <span class='ocrx_word' id='word_1_109' title='bbox 1714 1117 1820 1170; x_wconf 93' lang='lat' dir='ltr'><strong>vim</strong></span> <span class='ocrx_word' id='word_1_110' title='bbox 1874 1127 2118 1186; x_wconf 84' lang='lat' dir='ltr'><strong>supcrat,</strong></span> 
     </span>
    </p>
   </div>
   <div class='ocr_carea' id='block_1_19' title="bbox 2228 1114 2639 1186">
    <p class='ocr_par' dir='ltr' id='par_1_19' title="bbox 2229 1115 2639 1186">
     <span class='ocr_line' id='line_1_19' title="bbox 2229 1115 2639 1186; baseline 0.002 -18"><span class='ocrx_word' id='word_1_111' title='bbox 2229 1131 2329 1179; x_wconf 89' lang='grc' dir='ltr'><strong>σας</strong></span> <span class='ocrx_word' id='word_1_112' title='bbox 2364 1115 2639 1186; x_wconf 78' lang='grc' dir='ltr'>διήνυσεν.</span> 
     </span>
    </p>
   </div>
   <div class='ocr_carea' id='block_1_20' title="bbox 535 1204 3775 1279">
    <p class='ocr_par' dir='ltr' id='par_1_20' title="bbox 535 1204 3775 1279">
     <span class='ocr_line' id='line_1_20' title="bbox 535 1204 3775 1279; baseline 0.002 -23"><span class='ocrx_word' id='word_1_113' title='bbox 535 1204 762 1269; x_wconf 88' lang='lat' dir='ltr'><strong>cedens,</strong></span> <span class='ocrx_word' id='word_1_114' title='bbox 792 1219 959 1276; x_wconf 87' lang='lat' dir='ltr'><strong>opera</strong></span> <span class='ocrx_word' id='word_1_115' title='bbox 992 1205 1228 1275; x_wconf 89' lang='lat' dir='ltr'><strong>pretium</strong></span> <span class='ocrx_word' id='word_1_116' title='bbox 1265 1206 1420 1269; x_wconf 84' lang='lat' dir='ltr'><strong>duxi,</strong></span> <span class='ocrx_word' id='word_1_117' title='bbox 1446 1215 1503 1260; x_wconf 93' lang='lat' dir='ltr'><strong>ut</strong></span> <span class='ocrx_word' id='word_1_118' title='bbox 1538 1208 1645 1263; x_wconf 92' lang='lat' dir='ltr'><strong>diei</strong></span> <span class='ocrx_word' id='word_1_119' title='bbox 1682 1207 1835 1263; x_wconf 80' lang='lat' dir='ltr'><strong>festa:</strong></span> <span class='ocrx_word' id='word_1_120' title='bbox 1868 1208 2136 1263; x_wconf 86' lang='lat' dir='ltr'><strong>studiosis</strong></span> <span class='ocrx_word' id='word_1_121' title='bbox 2174 1207 2358 1276; x_wconf 84' lang='lat' dir='ltr'><strong>vobis,</strong></span> <span class='ocrx_word' id='word_1_122' title='bbox 2391 1223 2491 1263; x_wconf 89' lang='lat' dir='ltr'><strong>ceu</strong></span> <span class='ocrx_word' id='word_1_123' title='bbox 2519 1207 2796 1262; x_wconf 89' lang='lat' dir='ltr'><strong>modicum</strong></span> <span class='ocrx_word' id='word_1_124' title='bbox 2837 1205 3115 1278; x_wconf 88' lang='lat' dir='ltr'><strong>quoddam</strong></span> <span class='ocrx_word' id='word_1_125' title='bbox 3180 1206 3614 1273; x_wconf 82' lang='lat' dir='ltr'><strong>condimentum,</strong></span> <span class='ocrx_word' id='word_1_126' title='bbox 3669 1226 3775 1279; x_wconf 76' lang='lat' dir='ltr'><strong>pra:-</strong></span> 
     </span>
    </p>
   </div>
   <div class='ocr_carea' id='block_1_21' title="bbox 534 1297 3778 1376">
    <p class='ocr_par' dir='ltr' id='par_1_21' title="bbox 534 1297 3778 1376">
     <span class='ocr_line' id='line_1_21' title="bbox 534 1297 3778 1376; baseline 0.003 -26"><span class='ocrx_word' id='word_1_127' title='bbox 534 1298 690 1351; x_wconf 71' lang='lat' dir='ltr'><strong>lcctaa</strong></span> <span class='ocrx_word' id='word_1_128' title='bbox 732 1300 1075 1356; x_wconf 87' lang='lat' dir='ltr'><strong>narrationis</strong></span> <span class='ocrx_word' id='word_1_129' title='bbox 1104 1297 1530 1370; x_wconf 77' lang='lat' dir='ltr'><strong>explicationem</strong></span> <span class='ocrx_word' id='word_1_130' title='bbox 1567 1318 1929 1374; x_wconf 88' lang='lat' dir='ltr'><strong>apponerem.</strong></span> <span class='ocrx_word' id='word_1_131' title='bbox 2005 1301 2152 1360; x_wconf 89' lang='lat' dir='ltr'><strong>Satis</strong></span> <span class='ocrx_word' id='word_1_132' title='bbox 2191 1304 2339 1359; x_wconf 90' lang='lat' dir='ltr'><strong>enim</strong></span> <span class='ocrx_word' id='word_1_133' title='bbox 2420 1304 2586 1358; x_wconf 85' lang='lat' dir='ltr'><strong>habet</strong></span> <span class='ocrx_word' id='word_1_134' title='bbox 2635 1304 2880 1373; x_wconf 87' lang='lat' dir='ltr'><strong>Baptista</strong></span> <span class='ocrx_word' id='word_1_135' title='bbox 2919 1312 2976 1357; x_wconf 91' lang='lat' dir='ltr'><strong>ut</strong></span> <span class='ocrx_word' id='word_1_136' title='bbox 3009 1303 3128 1358; x_wconf 91' lang='lat' dir='ltr'><strong>suis</strong></span> <span class='ocrx_word' id='word_1_137' title='bbox 3177 1304 3500 1376; x_wconf 86' lang='lat' dir='ltr'><strong>honestetur</strong></span> <span class='ocrx_word' id='word_1_138' title='bbox 3522 1321 3778 1361; x_wconf 80' lang='lat' dir='ltr'><strong>ornamen-</strong></span> 
     </span>
    </p>
   </div>
   <div class='ocr_carea' id='block_1_22' title="bbox 532 1393 3774 1468">
    <p class='ocr_par' dir='ltr' id='par_1_22' title="bbox 532 1393 3774 1468">
     <span class='ocr_line' id='line_1_22' title="bbox 532 1393 3774 1468; baseline 0.003 -24"><span class='ocrx_word' id='word_1_139' title='bbox 532 1395 627 1448; x_wconf 87' lang='lat' dir='ltr'><strong>tis.</strong></span> <span class='ocrx_word' id='word_1_140' title='bbox 685 1393 799 1463; x_wconf 86' lang='lat' dir='ltr'><strong>Age</strong></span> <span class='ocrx_word' id='word_1_141' title='bbox 851 1393 1023 1464; x_wconf 80' lang='lat' dir='ltr'><strong>igitur</strong></span> <span class='ocrx_word' id='word_1_142' title='bbox 1063 1395 1371 1452; x_wconf 71' lang='lat' dir='ltr'><strong>inhterente</strong></span> <span class='ocrx_word' id='word_1_143' title='bbox 1433 1409 1762 1468; x_wconf 87' lang='lat' dir='ltr'><strong>argumento</strong></span> <span class='ocrx_word' id='word_1_144' title='bbox 1819 1399 2118 1465; x_wconf 88' lang='lat' dir='ltr'><strong>sententia,</strong></span> <span class='ocrx_word' id='word_1_145' title='bbox 2159 1413 2259 1453; x_wconf 89' lang='lat' dir='ltr'><strong>ceu</strong></span> <span class='ocrx_word' id='word_1_146' title='bbox 2298 1399 2352 1452; x_wconf 93' lang='lat' dir='ltr'><strong>in</strong></span> <span class='ocrx_word' id='word_1_147' title='bbox 2387 1399 2610 1461; x_wconf 88' lang='lat' dir='ltr'><strong>tabella,</strong></span> <span class='ocrx_word' id='word_1_148' title='bbox 2645 1397 2878 1454; x_wconf 87' lang='lat' dir='ltr'><strong>summis</strong></span> <span class='ocrx_word' id='word_1_149' title='bbox 2921 1397 3314 1453; x_wconf 87' lang='lat' dir='ltr'><strong>celebrandum</strong></span> <span class='ocrx_word' id='word_1_150' title='bbox 3382 1398 3632 1452; x_wconf 88' lang='lat' dir='ltr'><strong>laudibus</strong></span> <span class='ocrx_word' id='word_1_151' title='bbox 3697 1399 3774 1453; x_wconf 71' lang='lat' dir='ltr'><strong>lla.</strong></span> 
     </span>
    </p>
   </div>
   <div class='ocr_carea' id='block_1_23' title="bbox 535 1489 3223 1564">
    <p class='ocr_par' dir='ltr' id='par_1_23' title="bbox 535 1489 3223 1564">
     <span class='ocr_line' id='line_1_23' title="bbox 535 1489 3223 1564; baseline 0.001 -26"><span class='ocrx_word' id='word_1_152' title='bbox 535 1489 715 1557; x_wconf 78' lang='lat' dir='ltr'><strong>ptistae</strong></span> <span class='ocrx_word' id='word_1_153' title='bbox 749 1496 1051 1554; x_wconf 86' lang='lat' dir='ltr'><strong>certamen,</strong></span> <span class='ocrx_word' id='word_1_154' title='bbox 1101 1493 1248 1562; x_wconf 91' lang='lat' dir='ltr'><strong>quod</strong></span> <span class='ocrx_word' id='word_1_155' title='bbox 1307 1491 1550 1558; x_wconf 81' lang='lat' dir='ltr'><strong>strenue,</strong></span> <span class='ocrx_word' id='word_1_156' title='bbox 1584 1507 1897 1564; x_wconf 86' lang='lat' dir='ltr'><strong>magnoque</strong></span> <span class='ocrx_word' id='word_1_157' title='bbox 1926 1494 2114 1549; x_wconf 89' lang='lat' dir='ltr'><strong>animo</strong></span> <span class='ocrx_word' id='word_1_158' title='bbox 2153 1494 2283 1550; x_wconf 89' lang='lat' dir='ltr'><strong>boni</strong></span> <span class='ocrx_word' id='word_1_159' title='bbox 2316 1509 2486 1549; x_wconf 89' lang='lat' dir='ltr'><strong>causa</strong></span> <span class='ocrx_word' id='word_1_160' title='bbox 2519 1491 2787 1557; x_wconf 89' lang='lat' dir='ltr'><strong>confecit,</strong></span> <span class='ocrx_word' id='word_1_161' title='bbox 2824 1501 3223 1548; x_wconf 85' lang='lat' dir='ltr'><strong>monstremus.</strong></span> 
     </span>
    </p>
   </div>
   <div class='ocr_carea' id='block_1_24' title="bbox 612 1577 2124 1656">
    <p class='ocr_par' dir='ltr' id='par_1_24' title="bbox 612 1577 2116 1652">
     <span class='ocr_line' id='line_1_24' title="bbox 612 1577 2116 1652; baseline 0.008 -22"><span class='ocrx_word' id='word_1_162' title='bbox 612 1597 630 1630; x_wconf 81' lang='grc' dir='ltr'><strong>ι</strong></span> <span class='ocrx_word' id='word_1_163' title='bbox 669 1577 724 1632; x_wconf 92' lang='lat' dir='ltr'><strong>In</strong></span> <span class='ocrx_word' id='word_1_164' title='bbox 757 1580 878 1642; x_wconf 91' lang='lat' dir='ltr'><strong>illo,</strong></span> <span class='ocrx_word' id='word_1_165' title='bbox 929 1581 1131 1652; x_wconf 87' lang='lat' dir='ltr'><strong>inquit,</strong></span> <span class='ocrx_word' id='word_1_166' title='bbox 1182 1593 1450 1652; x_wconf 85' lang='lat' dir='ltr'><strong>tempore,</strong></span> <span class='ocrx_word' id='word_1_167' title='bbox 1489 1585 1702 1640; x_wconf 85' lang='lat' dir='ltr'><strong>audivit</strong></span> <span class='ocrx_word' id='word_1_168' title='bbox 1747 1585 1993 1641; x_wconf 90' lang='lat' dir='ltr'><strong>llerodes</strong></span> <span class='ocrx_word' id='word_1_169' title='bbox 2033 1596 2116 1642; x_wconf 85' lang='lat' dir='ltr'><strong>te-</strong></span> 
     </span>
    </p>
   </div>
   <div class='ocr_carea' id='block_1_25' title="bbox 2228 1577 3776 1656">
    <p class='ocr_par' dir='ltr' id='par_1_25' title="bbox 2301 1582 3776 1656">
     <span class='ocr_line' id='line_1_25' title="bbox 2301 1582 3776 1656; baseline -0.005 -18"><span class='ocrx_word' id='word_1_170' title='bbox 2301 1606 2319 1638; x_wconf 80' lang='grc' dir='ltr'><strong>ι</strong></span> <span class='ocrx_word' id='word_1_171' title='bbox 2368 1587 2456 1638; x_wconf 88' lang='grc' dir='ltr'>Ἐν</span> <span class='ocrx_word' id='word_1_172' title='bbox 2487 1585 2702 1654; x_wconf 82' lang='grc' dir='ltr'>ἐκείνῳ,</span> <span class='ocrx_word' id='word_1_173' title='bbox 2753 1585 2908 1655; x_wconf 65' lang='grc' dir='ltr'>φησι,</span> <span class='ocrx_word' id='word_1_174' title='bbox 2943 1584 3021 1654; x_wconf 83' lang='grc' dir='ltr'>τῷ</span> <span class='ocrx_word' id='word_1_175' title='bbox 3052 1582 3253 1654; x_wconf 81' lang='grc' dir='ltr'>καιρῷ,</span> <span class='ocrx_word' id='word_1_176' title='bbox 3285 1583 3523 1654; x_wconf 74' lang='grc' dir='ltr'>ἤκουσεν</span> <span class='ocrx_word' id='word_1_177' title='bbox 3569 1583 3776 1656; x_wconf 81' lang='grc' dir='ltr'>Ἡρώδης</span> 
     </span>
    </p>
   </div>
   <div class='ocr_carea' id='block_1_26' title="bbox 535 1671 2124 1751">
    <p class='ocr_par' dir='ltr' id='par_1_26' title="bbox 535 1671 2119 1747">
     <span class='ocr_line' id='line_1_26' title="bbox 535 1671 2119 1747; baseline 0.006 -25"><span class='ocrx_word' id='word_1_178' title='bbox 535 1671 760 1724; x_wconf 89' lang='lat' dir='ltr'><strong>trarcha</strong></span> <span class='ocrx_word' id='word_1_179' title='bbox 797 1671 997 1726; x_wconf 90' lang='lat' dir='ltr'><strong>famam</strong></span> <span class='ocrx_word' id='word_1_180' title='bbox 1029 1672 1184 1740; x_wconf 71' lang='lat' dir='ltr'><strong>Jesu,</strong></span> <span class='ocrx_word' id='word_1_181' title='bbox 1229 1685 1284 1728; x_wconf 91' lang='lat' dir='ltr'><strong>et</strong></span> <span class='ocrx_word' id='word_1_182' title='bbox 1323 1675 1462 1730; x_wconf 81' lang='lat' dir='ltr'><strong>dixit</strong></span> <span class='ocrx_word' id='word_1_183' title='bbox 1488 1679 1674 1747; x_wconf 88' lang='lat' dir='ltr'><strong>pueris</strong></span> <span class='ocrx_word' id='word_1_184' title='bbox 1703 1677 1862 1732; x_wconf 89' lang='lat' dir='ltr'><strong>suis:</strong></span> <span class='ocrx_word' id='word_1_185' title='bbox 1901 1679 2004 1732; x_wconf 83' lang='lat' dir='ltr'><strong>Hic</strong></span> <span class='ocrx_word' id='word_1_186' title='bbox 2033 1686 2119 1733; x_wconf 87' lang='lat' dir='ltr'><strong>est</strong></span> 
     </span>
    </p>
   </div>
   <div class='ocr_carea' id='block_1_27' title="bbox 2228 1671 3776 1751">
    <p class='ocr_par' dir='ltr' id='par_1_27' title="bbox 2228 1672 3776 1751">
     <span class='ocr_line' id='line_1_27' title="bbox 2228 1672 3776 1751; baseline -0.003 -18"><span class='ocrx_word' id='word_1_187' title='bbox 2228 1680 2581 1751; x_wconf 79' lang='grc' dir='ltr'>δτετράρχης</span> <span class='ocrx_word' id='word_1_188' title='bbox 2601 1678 2698 1750; x_wconf 84' lang='grc' dir='ltr'>τὴν</span> <span class='ocrx_word' id='word_1_189' title='bbox 2737 1678 2908 1748; x_wconf 81' lang='grc' dir='ltr'>ἀκοὴν</span> <span class='ocrx_word' id='word_1_190' title='bbox 2954 1675 3157 1747; x_wconf 79' lang='grc' dir='ltr'>Ἰησοῦ,</span> <span class='ocrx_word' id='word_1_191' title='bbox 3191 1677 3288 1730; x_wconf 71' lang='grc' dir='ltr'>καὶ</span> <span class='ocrx_word' id='word_1_192' title='bbox 3310 1672 3468 1728; x_wconf 79' lang='grc' dir='ltr'>εἶπεν</span> <span class='ocrx_word' id='word_1_193' title='bbox 3490 1677 3598 1739; x_wconf 81' lang='grc' dir='ltr'>τοῖς</span> <span class='ocrx_word' id='word_1_194' title='bbox 3627 1678 3776 1728; x_wconf 78' lang='grc' dir='ltr'>παισὶν</span> 
     </span>
    </p>
   </div>
   <div class='ocr_carea' id='block_1_28' title="bbox 530 1760 2124 1860">
    <p class='ocr_par' dir='ltr' id='par_1_28' title="bbox 530 1762 2120 1838">
     <span class='ocr_line' id='line_1_28' title="bbox 530 1762 2120 1838; baseline 0.005 -22"><span class='ocrx_word' id='word_1_195' title='bbox 530 1762 776 1820; x_wconf 87' lang='lat' dir='ltr'><strong>Joannes</strong></span> <span class='ocrx_word' id='word_1_196' title='bbox 834 1766 1124 1836; x_wconf 80' lang='lat' dir='ltr'><strong>Baptista:</strong></span> <span class='ocrx_word' id='word_1_197' title='bbox 1177 1767 1298 1838; x_wconf 88' lang='lat' dir='ltr'><strong>Ipse</strong></span> <span class='ocrx_word' id='word_1_198' title='bbox 1374 1772 1620 1826; x_wconf 82' lang='lat' dir='ltr'><strong>surrexit</strong></span> <span class='ocrx_word' id='word_1_199' title='bbox 1664 1787 1694 1826; x_wconf 90' lang='lat' dir='ltr'><strong>a</strong></span> <span class='ocrx_word' id='word_1_200' title='bbox 1745 1775 2002 1835; x_wconf 85' lang='lat' dir='ltr'><strong>mortuis,</strong></span> <span class='ocrx_word' id='word_1_201' title='bbox 2065 1780 2120 1825; x_wconf 88' lang='lat' dir='ltr'><strong>et</strong></span> 
     </span>
    </p>
   </div>
   <div class='ocr_carea' id='block_1_29' title="bbox 2228 1760 3774 1860">
    <p class='ocr_par' dir='ltr' id='par_1_29' title="bbox 2228 1760 3774 1840">
     <span class='ocr_line' id='line_1_29' title="bbox 2228 1760 3774 1840; baseline -0.005 -14"><span class='ocrx_word' id='word_1_202' title='bbox 2228 1771 2414 1826; x_wconf 80' lang='grc' dir='ltr'>αὑτοῦ.</span> <span class='ocrx_word' id='word_1_203' title='bbox 2474 1763 2646 1834; x_wconf 70' lang='grc' dir='ltr'>Οὗτός</span> <span class='ocrx_word' id='word_1_204' title='bbox 2696 1772 2845 1823; x_wconf 79' lang='grc' dir='ltr'>ἐστιν</span> <span class='ocrx_word' id='word_1_205' title='bbox 2903 1769 3158 1839; x_wconf 77' lang='grc' dir='ltr'>Ἰωάννης</span> <span class='ocrx_word' id='word_1_206' title='bbox 3205 1769 3232 1820; x_wconf 87' lang='grc' dir='ltr'>ὁ</span> <span class='ocrx_word' id='word_1_207' title='bbox 3281 1767 3626 1836; x_wconf 71' lang='grc' dir='ltr'>Βαπτιστής·</span> <span class='ocrx_word' id='word_1_208' title='bbox 3657 1760 3774 1840; x_wconf 64' lang='grc' dir='ltr'>οὗτος</span> 
     </span>
    </p>
   </div>
   <div class='ocr_carea' id='block_1_30' title="bbox 534 1857 2124 1936">
    <p class='ocr_par' dir='ltr' id='par_1_30' title="bbox 534 1858 2120 1932">
     <span class='ocr_line' id='line_1_30' title="bbox 534 1858 2120 1932; baseline 0.006 -27"><span class='ocrx_word' id='word_1_209' title='bbox 534 1863 827 1924; x_wconf 83' lang='lat' dir='ltr'><strong>propterea</strong></span> <span class='ocrx_word' id='word_1_210' title='bbox 883 1858 1121 1914; x_wconf 85' lang='lat' dir='ltr'><strong>virtutes</strong></span> <span class='ocrx_word' id='word_1_211' title='bbox 1172 1869 1478 1928; x_wconf 87' lang='lat' dir='ltr'><strong>operantur</strong></span> <span class='ocrx_word' id='word_1_212' title='bbox 1521 1861 1574 1916; x_wconf 92' lang='lat' dir='ltr'><strong>in</strong></span> <span class='ocrx_word' id='word_1_213' title='bbox 1605 1876 1669 1916; x_wconf 92' lang='lat' dir='ltr'><strong>eo</strong></span> <span class='ocrx_word' id='word_1_214' title='bbox 1702 1871 1750 1916; x_wconf 80' lang='grc' dir='ltr'><strong>ο.</strong></span> <span class='ocrx_word' id='word_1_215' title='bbox 1781 1880 1800 1913; x_wconf 85' lang='grc'><strong>›</strong></span> <span class='ocrx_word' id='word_1_216' title='bbox 1841 1863 1970 1916; x_wconf 64' lang='lat' dir='ltr'><strong>Hinc</strong></span> <span class='ocrx_word' id='word_1_217' title='bbox 1993 1863 2120 1932; x_wconf 92' lang='lat' dir='ltr'><strong>qui-</strong></span> 
     </span>
    </p>
   </div>
   <div class='ocr_carea' id='block_1_31' title="bbox 2228 1857 3776 1936">
    <p class='ocr_par' dir='ltr' id='par_1_31' title="bbox 2228 1857 3776 1936">
     <span class='ocr_line' id='line_1_31' title="bbox 2228 1857 3776 1936; baseline -0.004 -20"><span class='ocrx_word' id='word_1_218' title='bbox 2228 1863 2434 1936; x_wconf 68' lang='grc' dir='ltr'>ἠγέρθη</span> <span class='ocrx_word' id='word_1_219' title='bbox 2467 1864 2533 1916; x_wconf 80' lang='grc' dir='ltr'>ὲκ</span> <span class='ocrx_word' id='word_1_220' title='bbox 2562 1862 2671 1915; x_wconf 87' lang='grc' dir='ltr'><strong>τῶν</strong></span> <span class='ocrx_word' id='word_1_221' title='bbox 2717 1860 2928 1932; x_wconf 84' lang='grc' dir='ltr'>νεκρῶν</span> <span class='ocrx_word' id='word_1_222' title='bbox 2949 1901 2963 1923; x_wconf 92' lang='grc'><strong>,</strong></span> <span class='ocrx_word' id='word_1_223' title='bbox 2995 1860 3089 1913; x_wconf 79' lang='grc' dir='ltr'>καὶ</span> <span class='ocrx_word' id='word_1_224' title='bbox 3141 1859 3232 1912; x_wconf 79' lang='grc' dir='ltr'><strong>διὰ</strong></span> <span class='ocrx_word' id='word_1_225' title='bbox 3260 1859 3428 1911; x_wconf 82' lang='grc' dir='ltr'>τοῦτο</span> <span class='ocrx_word' id='word_1_226' title='bbox 3459 1859 3514 1911; x_wconf 85' lang='grc' dir='ltr'>αἱ</span> <span class='ocrx_word' id='word_1_227' title='bbox 3560 1857 3776 1928; x_wconf 83' lang='grc' dir='ltr'>δυνάμεις</span> 
     </span>
    </p>
   </div>
   <div class='ocr_carea' id='block_1_32' title="bbox 541 1945 2124 2027">
    <p class='ocr_par' dir='ltr' id='par_1_32' title="bbox 541 1945 2122 2023">
     <span class='ocr_line' id='line_1_32' title="bbox 541 1945 2122 2023; baseline 0.005 -24"><span class='ocrx_word' id='word_1_228' title='bbox 541 1945 664 2000; x_wconf 88' lang='lat' dir='ltr'><strong>dem</strong></span> <span class='ocrx_word' id='word_1_229' title='bbox 698 1955 891 2015; x_wconf 86' lang='lat' dir='ltr'><strong>postea</strong></span> <span class='ocrx_word' id='word_1_230' title='bbox 921 1967 935 2002; x_wconf 94' lang='lat'><strong>:</strong></span> <span class='ocrx_word' id='word_1_231' title='bbox 963 1966 1084 2020; x_wconf 68' lang='lat' dir='ltr'><strong>qua:</strong></span> <span class='ocrx_word' id='word_1_232' title='bbox 1122 1959 1305 2004; x_wconf 85' lang='lat' dir='ltr'><strong>autem</strong></span> <span class='ocrx_word' id='word_1_233' title='bbox 1343 1953 1700 2017; x_wconf 78' lang='lat' dir='ltr'><strong>antecedunt,</strong></span> <span class='ocrx_word' id='word_1_234' title='bbox 1735 1954 1919 2023; x_wconf 85' lang='lat' dir='ltr'><strong>qualia</strong></span> <span class='ocrx_word' id='word_1_235' title='bbox 1953 1953 2122 2009; x_wconf 91' lang='lat' dir='ltr'><strong>sunt?</strong></span> 
     </span>
    </p>
   </div>
   <div class='ocr_carea' id='block_1_33' title="bbox 2228 1945 3777 2027">
    <p class='ocr_par' dir='ltr' id='par_1_33' title="bbox 2228 1949 3777 2027">
     <span class='ocr_line' id='line_1_33' title="bbox 2228 1949 3777 2027; baseline -0.005 -18"><span class='ocrx_word' id='word_1_236' title='bbox 2228 1955 2543 2027; x_wconf 77' lang='grc' dir='ltr'>ἐνεργοῦσιν</span> <span class='ocrx_word' id='word_1_237' title='bbox 2592 1957 2649 2008; x_wconf 82' lang='grc' dir='ltr'>ὲν</span> <span class='ocrx_word' id='word_1_238' title='bbox 2683 1952 2856 2022; x_wconf 72' lang='grc' dir='ltr'>αὐτῷ,</span> <span class='ocrx_word' id='word_1_239' title='bbox 2889 1971 2906 2003; x_wconf 81' lang='grc' dir='ltr'><strong>ι</strong></span> <span class='ocrx_word' id='word_1_240' title='bbox 2977 1951 3165 2004; x_wconf 72' lang='grc' dir='ltr'>Ταῦτα</span> <span class='ocrx_word' id='word_1_241' title='bbox 3215 1952 3314 2020; x_wconf 82' lang='grc' dir='ltr'>μὲν</span> <span class='ocrx_word' id='word_1_242' title='bbox 3348 1950 3582 2018; x_wconf 74' lang='grc' dir='ltr'>ὕστερον</span> <span class='ocrx_word' id='word_1_243' title='bbox 3604 1966 3615 1978; x_wconf 80' lang='grc'><strong><em>⁸</em></strong></span> <span class='ocrx_word' id='word_1_244' title='bbox 3645 1949 3706 2002; x_wconf 78' lang='grc' dir='ltr'>τὰ</span> <span class='ocrx_word' id='word_1_245' title='bbox 3736 1950 3777 2002; x_wconf 77' lang='grc' dir='ltr'>δὲ</span> 
     </span>
    </p>
   </div>
   <div class='ocr_carea' id='block_1_34' title="bbox 539 2040 2124 2119">
    <p class='ocr_par' dir='ltr' id='par_1_34' title="bbox 539 2040 2120 2114">
     <span class='ocr_line' id='line_1_34' title="bbox 539 2040 2120 2114; baseline 0.004 -20"><span class='ocrx_word' id='word_1_246' title='bbox 539 2040 788 2097; x_wconf 86' lang='lat' dir='ltr'><strong>Herodes</strong></span> <span class='ocrx_word' id='word_1_247' title='bbox 824 2045 1046 2113; x_wconf 83' lang='lat' dir='ltr'><strong>quidem</strong></span> <span class='ocrx_word' id='word_1_248' title='bbox 1100 2047 1486 2101; x_wconf 75' lang='lat' dir='ltr'><strong>mmehabatur</strong></span> <span class='ocrx_word' id='word_1_249' title='bbox 1528 2063 1756 2114; x_wconf 79' lang='lat' dir='ltr'><strong>uxorem</strong></span> <span class='ocrx_word' id='word_1_250' title='bbox 1811 2047 2004 2103; x_wconf 82' lang='lat' dir='ltr'><strong>fratris</strong></span> <span class='ocrx_word' id='word_1_251' title='bbox 2035 2049 2120 2103; x_wconf 87' lang='lat' dir='ltr'><strong>sui</strong></span> 
     </span>
    </p>
   </div>
   <div class='ocr_carea' id='block_1_35' title="bbox 2228 2040 3777 2119">
    <p class='ocr_par' dir='ltr' id='par_1_35' title="bbox 2228 2043 3777 2119">
     <span class='ocr_line' id='line_1_35' title="bbox 2228 2043 3777 2119; baseline -0.005 -20"><span class='ocrx_word' id='word_1_252' title='bbox 2228 2048 2333 2119; x_wconf 81' lang='grc' dir='ltr'>πρὸ</span> <span class='ocrx_word' id='word_1_253' title='bbox 2371 2047 2582 2111; x_wconf 86' lang='grc' dir='ltr'>τούτου,</span> <span class='ocrx_word' id='word_1_254' title='bbox 2609 2049 2799 2112; x_wconf 68' lang='lat' dir='ltr'><strong>(Simia;</strong></span> <span class='ocrx_word' id='word_1_255' title='bbox 2853 2045 3102 2116; x_wconf 83' lang='grc' dir='ltr'>Ἡρώδης</span> <span class='ocrx_word' id='word_1_256' title='bbox 3145 2045 3247 2113; x_wconf 79' lang='grc' dir='ltr'>μὲν</span> <span class='ocrx_word' id='word_1_257' title='bbox 3295 2045 3396 2114; x_wconf 80' lang='grc' dir='ltr'>τὴν</span> <span class='ocrx_word' id='word_1_258' title='bbox 3441 2045 3670 2112; x_wconf 84' lang='grc' dir='ltr'>γυναῖκα</span> <span class='ocrx_word' id='word_1_259' title='bbox 3710 2043 3777 2093; x_wconf 70' lang='grc' dir='ltr'>τοῦ</span> 
     </span>
    </p>
   </div>
   <div class='ocr_carea' id='block_1_36' title="bbox 532 2133 2124 2212">
    <p class='ocr_par' dir='ltr' id='par_1_36' title="bbox 532 2133 2124 2212">
     <span class='ocr_line' id='line_1_36' title="bbox 532 2133 2124 2212; baseline 0.006 -26"><span class='ocrx_word' id='word_1_260' title='bbox 532 2133 796 2202; x_wconf 89' lang='lat' dir='ltr'><strong>Philippi;</strong></span> <span class='ocrx_word' id='word_1_261' title='bbox 832 2143 887 2188; x_wconf 91' lang='lat' dir='ltr'><strong>at</strong></span> <span class='ocrx_word' id='word_1_262' title='bbox 932 2135 1175 2193; x_wconf 82' lang='lat' dir='ltr'><strong>Joannes</strong></span> <span class='ocrx_word' id='word_1_263' title='bbox 1229 2154 1494 2210; x_wconf 89' lang='lat' dir='ltr'><strong>arguens,</strong></span> <span class='ocrx_word' id='word_1_264' title='bbox 1550 2154 1579 2194; x_wconf 91' lang='lat' dir='ltr'><strong>a</strong></span> <span class='ocrx_word' id='word_1_265' title='bbox 1621 2142 1830 2197; x_wconf 84' lang='lat' dir='ltr'><strong>scelere</strong></span> <span class='ocrx_word' id='word_1_266' title='bbox 1861 2142 2124 2212; x_wconf 88' lang='lat' dir='ltr'><strong>prohibe-</strong></span> 
     </span>
    </p>
   </div>
   <div class='ocr_carea' id='block_1_37' title="bbox 2228 2133 3778 2212">
    <p class='ocr_par' dir='ltr' id='par_1_37' title="bbox 2228 2134 3778 2209">
     <span class='ocr_line' id='line_1_37' title="bbox 2228 2134 3778 2209; baseline -0.005 -16"><span class='ocrx_word' id='word_1_267' title='bbox 2228 2139 2456 2209; x_wconf 67' lang='grc' dir='ltr'>ἀδελφοῦ</span> <span class='ocrx_word' id='word_1_268' title='bbox 2480 2139 2740 2208; x_wconf 78' lang='grc' dir='ltr'>ἐμοιχᾶτο</span> <span class='ocrx_word' id='word_1_269' title='bbox 2756 2138 3032 2190; x_wconf 81' lang='grc' dir='ltr'>Φιλίππου</span> <span class='ocrx_word' id='word_1_270' title='bbox 3056 2155 3070 2168; x_wconf 89' lang='grc'>·</span> <span class='ocrx_word' id='word_1_271' title='bbox 3088 2138 3116 2188; x_wconf 84' lang='grc' dir='ltr'>ὁ</span> <span class='ocrx_word' id='word_1_272' title='bbox 3135 2137 3192 2189; x_wconf 85' lang='grc' dir='ltr'>δὲ</span> <span class='ocrx_word' id='word_1_273' title='bbox 3225 2135 3485 2206; x_wconf 74' lang='grc' dir='ltr'>Ἰωάννης</span> <span class='ocrx_word' id='word_1_274' title='bbox 3518 2136 3607 2188; x_wconf 77' lang='grc' dir='ltr'><strong>τὸν</strong></span> <span class='ocrx_word' id='word_1_275' title='bbox 3644 2134 3778 2204; x_wconf 77' lang='grc' dir='ltr'><strong>Ἠρὼσ</strong></span> 
     </span>
    </p>
   </div>
   <div class='ocr_carea' id='block_1_38' title="bbox 535 2226 2122 2300">
    <p class='ocr_par' dir='ltr' id='par_1_38' title="bbox 535 2226 2122 2300">
     <span class='ocr_line' id='line_1_38' title="bbox 535 2226 2122 2300; baseline 0.007 -20"><span class='ocrx_word' id='word_1_276' title='bbox 535 2226 651 2281; x_wconf 88' lang='lat' dir='ltr'><strong>bat.</strong></span> <span class='ocrx_word' id='word_1_277' title='bbox 682 2226 803 2292; x_wconf 87' lang='lat' dir='ltr'><strong>Quo</strong></span> <span class='ocrx_word' id='word_1_278' title='bbox 830 2227 881 2281; x_wconf 94' lang='lat' dir='ltr'><strong>id</strong></span> <span class='ocrx_word' id='word_1_279' title='bbox 912 2229 1078 2284; x_wconf 92' lang='lat' dir='ltr'><strong>modo</strong></span> <span class='ocrx_word' id='word_1_280' title='bbox 1117 2245 1180 2284; x_wconf 88' lang='lat' dir='ltr'><strong>ac</strong></span> <span class='ocrx_word' id='word_1_281' title='bbox 1211 2247 1451 2300; x_wconf 87' lang='lat' dir='ltr'><strong>quanant</strong></span> <span class='ocrx_word' id='word_1_282' title='bbox 1495 2235 1748 2288; x_wconf 86' lang='lat' dir='ltr'><strong>ratione?</strong></span> <span class='ocrx_word' id='word_1_283' title='bbox 1781 2233 1941 2300; x_wconf 84' lang='lat' dir='ltr'><strong>Quod</strong></span> <span class='ocrx_word' id='word_1_284' title='bbox 1973 2235 2122 2290; x_wconf 92' lang='lat' dir='ltr'><strong>dice-</strong></span> 
     </span>
    </p>
   </div>
   <div class='ocr_carea' id='block_1_39' title="bbox 538 2320 2115 2382">
    <p class='ocr_par' dir='ltr' id='par_1_39' title="bbox 538 2320 2115 2382">
     <span class='ocr_line' id='line_1_39' title="bbox 538 2320 2115 2382; baseline 0.005 -12"><span class='ocrx_word' id='word_1_285' title='bbox 538 2330 620 2372; x_wconf 88' lang='lat' dir='ltr'><strong>ret</strong></span> <span class='ocrx_word' id='word_1_286' title='bbox 650 2337 665 2375; x_wconf 84' lang='lat'><strong>:</strong></span> <span class='ocrx_word' id='word_1_287' title='bbox 705 2338 725 2372; x_wconf 79' lang='grc' dir='ltr'><strong>ι</strong></span> <span class='ocrx_word' id='word_1_288' title='bbox 768 2320 890 2376; x_wconf 79' lang='lat' dir='ltr'><strong>Non</strong></span> <span class='ocrx_word' id='word_1_289' title='bbox 911 2321 1039 2377; x_wconf 87' lang='lat' dir='ltr'><strong>licet</strong></span> <span class='ocrx_word' id='word_1_290' title='bbox 1069 2323 1166 2378; x_wconf 92' lang='lat' dir='ltr'><strong>tibi</strong></span> <span class='ocrx_word' id='word_1_291' title='bbox 1205 2324 1410 2379; x_wconf 89' lang='lat' dir='ltr'><strong>habere</strong></span> <span class='ocrx_word' id='word_1_292' title='bbox 1441 2341 1670 2380; x_wconf 84' lang='lat' dir='ltr'><strong>uxorem</strong></span> <span class='ocrx_word' id='word_1_293' title='bbox 1705 2326 1894 2381; x_wconf 82' lang='lat' dir='ltr'><strong>fratris</strong></span> <span class='ocrx_word' id='word_1_294' title='bbox 1926 2328 2003 2382; x_wconf 88' lang='lat' dir='ltr'><strong>tui</strong></span> <span class='ocrx_word' id='word_1_295' title='bbox 2025 2338 2073 2380; x_wconf 76' lang='grc' dir='ltr'><strong>ε.</strong></span> <span class='ocrx_word' id='word_1_296' title='bbox 2096 2347 2115 2378; x_wconf 73' lang='grc' dir='ltr'><strong>ι</strong></span> 
     </span>
    </p>
   </div>
   <div class='ocr_carea' id='block_1_40' title="bbox 533 2409 2120 2475">
    <p class='ocr_par' dir='ltr' id='par_1_40' title="bbox 533 2409 2120 2475">
     <span class='ocr_line' id='line_1_40' title="bbox 533 2409 2120 2475; baseline 0.006 -11"><span class='ocrx_word' id='word_1_297' title='bbox 533 2409 609 2466; x_wconf 86' lang='lat' dir='ltr'><strong>Ea</strong></span> <span class='ocrx_word' id='word_1_298' title='bbox 649 2427 739 2468; x_wconf 90' lang='lat' dir='ltr'><strong>res</strong></span> <span class='ocrx_word' id='word_1_299' title='bbox 789 2411 1060 2468; x_wconf 83' lang='lat' dir='ltr'><strong>Herodem</strong></span> <span class='ocrx_word' id='word_1_300' title='bbox 1119 2414 1175 2468; x_wconf 92' lang='lat' dir='ltr'><strong>in</strong></span> <span class='ocrx_word' id='word_1_301' title='bbox 1231 2415 1474 2473; x_wconf 90' lang='lat' dir='ltr'><strong>furorem</strong></span> <span class='ocrx_word' id='word_1_302' title='bbox 1521 2419 1721 2474; x_wconf 87' lang='lat' dir='ltr'><strong>vertit:</strong></span> <span class='ocrx_word' id='word_1_303' title='bbox 1767 2419 1870 2473; x_wconf 89' lang='lat' dir='ltr'><strong>hoc</strong></span> <span class='ocrx_word' id='word_1_304' title='bbox 1913 2420 2120 2475; x_wconf 86' lang='lat' dir='ltr'><strong>caedem</strong></span> 
     </span>
    </p>
   </div>
   <div class='ocr_carea' id='block_1_41' title="bbox 529 2501 2124 2580">
    <p class='ocr_par' dir='ltr' id='par_1_41' title="bbox 529 2501 2124 2580">
     <span class='ocr_line' id='line_1_41' title="bbox 529 2501 2124 2580; baseline 0.006 -24"><span class='ocrx_word' id='word_1_305' title='bbox 529 2503 744 2571; x_wconf 79' lang='lat' dir='ltr'><strong>Spirare</strong></span> <span class='ocrx_word' id='word_1_306' title='bbox 781 2501 938 2559; x_wconf 90' lang='lat' dir='ltr'><strong>fecit.</strong></span> <span class='ocrx_word' id='word_1_307' title='bbox 982 2503 1138 2558; x_wconf 83' lang='lat' dir='ltr'><strong>Haud</strong></span> <span class='ocrx_word' id='word_1_308' title='bbox 1187 2513 1374 2563; x_wconf 88' lang='lat' dir='ltr'><strong>tamen</strong></span> <span class='ocrx_word' id='word_1_309' title='bbox 1411 2509 1498 2562; x_wconf 88' lang='lat' dir='ltr'><strong>vir</strong></span> <span class='ocrx_word' id='word_1_310' title='bbox 1550 2509 1642 2564; x_wconf 92' lang='lat' dir='ltr'><strong>ille</strong></span> <span class='ocrx_word' id='word_1_311' title='bbox 1701 2511 2025 2580; x_wconf 74' lang='lat' dir='ltr'><strong>przeclarus,</strong></span> <span class='ocrx_word' id='word_1_312' title='bbox 2058 2525 2124 2566; x_wconf 89' lang='lat' dir='ltr'><strong>ac</strong></span> 
     </span>
    </p>
   </div>
   <div class='ocr_carea' id='block_1_42' title="bbox 530 2595 2120 2670">
    <p class='ocr_par' dir='ltr' id='par_1_42' title="bbox 530 2595 2120 2670">
     <span class='ocr_line' id='line_1_42' title="bbox 530 2595 2120 2670; baseline 0.006 -25"><span class='ocrx_word' id='word_1_313' title='bbox 530 2608 769 2664; x_wconf 88' lang='lat' dir='ltr'><strong>magnus</strong></span> <span class='ocrx_word' id='word_1_314' title='bbox 801 2595 1097 2664; x_wconf 87' lang='lat' dir='ltr'><strong>propheta,</strong></span> <span class='ocrx_word' id='word_1_315' title='bbox 1129 2597 1214 2652; x_wconf 84' lang='lat' dir='ltr'><strong>vel</strong></span> <span class='ocrx_word' id='word_1_316' title='bbox 1271 2597 1468 2654; x_wconf 88' lang='lat' dir='ltr'><strong>timore</strong></span> <span class='ocrx_word' id='word_1_317' title='bbox 1511 2613 1868 2670; x_wconf 90' lang='lat' dir='ltr'><strong>compressus</strong></span> <span class='ocrx_word' id='word_1_318' title='bbox 1895 2609 2002 2665; x_wconf 90' lang='lat' dir='ltr'><strong>est,</strong></span> <span class='ocrx_word' id='word_1_319' title='bbox 2036 2601 2120 2656; x_wconf 91' lang='lat' dir='ltr'><strong>vel</strong></span> 
     </span>
    </p>
   </div>
   <div class='ocr_carea' id='block_1_43' title="bbox 529 2685 2124 2755">
    <p class='ocr_par' dir='ltr' id='par_1_43' title="bbox 529 2685 2124 2755">
     <span class='ocr_line' id='line_1_43' title="bbox 529 2685 2124 2755; baseline 0.006 -17"><span class='ocrx_word' id='word_1_320' title='bbox 529 2700 558 2738; x_wconf 89' lang='lat' dir='ltr'><strong>a</strong></span> <span class='ocrx_word' id='word_1_321' title='bbox 595 2685 1031 2755; x_wconf 89' lang='lat' dir='ltr'><strong>reprehensione</strong></span> <span class='ocrx_word' id='word_1_322' title='bbox 1076 2690 1338 2744; x_wconf 87' lang='lat' dir='ltr'><strong>cessavit.</strong></span> <span class='ocrx_word' id='word_1_323' title='bbox 1395 2689 1618 2746; x_wconf 88' lang='lat' dir='ltr'><strong>Sciebat</strong></span> <span class='ocrx_word' id='word_1_324' title='bbox 1659 2692 1807 2746; x_wconf 90' lang='lat' dir='ltr'><strong>enim</strong></span> <span class='ocrx_word' id='word_1_325' title='bbox 1846 2707 1965 2746; x_wconf 88' lang='lat' dir='ltr'><strong>eam</strong></span> <span class='ocrx_word' id='word_1_326' title='bbox 1997 2693 2124 2746; x_wconf 88' lang='lat' dir='ltr'><strong>libi-</strong></span> 
     </span>
    </p>
   </div>
   <div class='ocr_carea' id='block_1_44' title="bbox 527 2776 2123 2850">
    <p class='ocr_par' dir='ltr' id='par_1_44' title="bbox 527 2776 2123 2850">
     <span class='ocr_line' id='line_1_44' title="bbox 527 2776 2123 2850; baseline 0.006 -20"><span class='ocrx_word' id='word_1_327' title='bbox 527 2776 717 2832; x_wconf 89' lang='lat' dir='ltr'><strong>dinem</strong></span> <span class='ocrx_word' id='word_1_328' title='bbox 747 2777 866 2849; x_wconf 86' lang='lat' dir='ltr'><strong>lege</strong></span> <span class='ocrx_word' id='word_1_329' title='bbox 895 2780 1207 2850; x_wconf 88' lang='lat' dir='ltr'><strong>prohiberi.</strong></span> <span class='ocrx_word' id='word_1_330' title='bbox 1239 2800 1258 2833; x_wconf 79' lang='lat'><strong>¢</strong></span> <span class='ocrx_word' id='word_1_331' title='bbox 1287 2781 1410 2838; x_wconf 88' lang='lat' dir='ltr'><strong>Non</strong></span> <span class='ocrx_word' id='word_1_332' title='bbox 1453 2783 1585 2839; x_wconf 90' lang='lat' dir='ltr'><strong>licet</strong></span> <span class='ocrx_word' id='word_1_333' title='bbox 1625 2785 1726 2839; x_wconf 90' lang='lat' dir='ltr'><strong>tibi</strong></span> <span class='ocrx_word' id='word_1_334' title='bbox 1759 2784 1963 2840; x_wconf 88' lang='lat' dir='ltr'><strong>habere</strong></span> <span class='ocrx_word' id='word_1_335' title='bbox 1989 2801 2123 2840; x_wconf 87' lang='lat' dir='ltr'><strong>uxo-</strong></span> 
     </span>
    </p>
   </div>
   <div class='ocr_carea' id='block_1_45' title="bbox 528 2867 2119 2947">
    <p class='ocr_par' dir='ltr' id='par_1_45' title="bbox 528 2867 2119 2947">
     <span class='ocr_line' id='line_1_45' title="bbox 528 2867 2119 2947; baseline 0.006 -24"><span class='ocrx_word' id='word_1_336' title='bbox 528 2884 646 2923; x_wconf 88' lang='lat' dir='ltr'><strong>rem</strong></span> <span class='ocrx_word' id='word_1_337' title='bbox 687 2867 932 2941; x_wconf 86' lang='lat' dir='ltr'><strong>Philippi</strong></span> <span class='ocrx_word' id='word_1_338' title='bbox 969 2871 1162 2928; x_wconf 82' lang='lat' dir='ltr'><strong>fratris</strong></span> <span class='ocrx_word' id='word_1_339' title='bbox 1208 2873 1309 2930; x_wconf 85' lang='lat' dir='ltr'><strong>tul.</strong></span> <span class='ocrx_word' id='word_1_340' title='bbox 1353 2893 1372 2926; x_wconf 83' lang='lat'><strong>)</strong></span> <span class='ocrx_word' id='word_1_341' title='bbox 1408 2873 1562 2947; x_wconf 81' lang='lat' dir='ltr'><strong>Legi,</strong></span> <span class='ocrx_word' id='word_1_342' title='bbox 1606 2875 1815 2944; x_wconf 89' lang='lat' dir='ltr'><strong>inquit,</strong></span> <span class='ocrx_word' id='word_1_343' title='bbox 1849 2875 1942 2932; x_wconf 91' lang='lat' dir='ltr'><strong>Dei</strong></span> <span class='ocrx_word' id='word_1_344' title='bbox 1976 2877 2119 2933; x_wconf 90' lang='lat' dir='ltr'><strong>resi-</strong></span> 
     </span>
    </p>
   </div>
   <div class='ocr_carea' id='block_1_46' title="bbox 529 2959 2120 3040">
    <p class='ocr_par' dir='ltr' id='par_1_46' title="bbox 529 2959 2120 3040">
     <span class='ocr_line' id='line_1_46' title="bbox 529 2959 2120 3040; baseline 0.008 -26"><span class='ocrx_word' id='word_1_345' title='bbox 529 2959 672 3024; x_wconf 88' lang='lat' dir='ltr'><strong>stis,</strong></span> <span class='ocrx_word' id='word_1_346' title='bbox 720 2961 931 3018; x_wconf 90' lang='lat' dir='ltr'><strong>tabulis</strong></span> <span class='ocrx_word' id='word_1_347' title='bbox 986 2978 1017 3018; x_wconf 90' lang='lat' dir='ltr'><strong>a</strong></span> <span class='ocrx_word' id='word_1_348' title='bbox 1059 2962 1175 3020; x_wconf 89' lang='lat' dir='ltr'><strong>Deo</strong></span> <span class='ocrx_word' id='word_1_349' title='bbox 1256 2966 1528 3032; x_wconf 88' lang='lat' dir='ltr'><strong>exaratis,</strong></span> <span class='ocrx_word' id='word_1_350' title='bbox 1585 2982 1861 3038; x_wconf 86' lang='lat' dir='ltr'><strong>repugnas</strong></span> <span class='ocrx_word' id='word_1_351' title='bbox 1916 2968 2120 3040; x_wconf 83' lang='lat' dir='ltr'><strong>Moysis</strong></span> 
     </span>
    </p>
   </div>
   <div class='ocr_carea' id='block_1_47' title="bbox 525 3052 2124 3133">
    <p class='ocr_par' dir='ltr' id='par_1_47' title="bbox 525 3052 2118 3133">
     <span class='ocr_line' id='line_1_47' title="bbox 525 3052 2118 3133; baseline 0.006 -26"><span class='ocrx_word' id='word_1_352' title='bbox 525 3052 704 3108; x_wconf 90' lang='lat' dir='ltr'><strong>scitis.</strong></span> <span class='ocrx_word' id='word_1_353' title='bbox 777 3070 796 3104; x_wconf 80' lang='grc' dir='ltr'><strong>ι</strong></span> <span class='ocrx_word' id='word_1_354' title='bbox 829 3053 955 3108; x_wconf 85' lang='lat' dir='ltr'><strong>Non</strong></span> <span class='ocrx_word' id='word_1_355' title='bbox 999 3055 1127 3110; x_wconf 83' lang='lat' dir='ltr'><strong>licet</strong></span> <span class='ocrx_word' id='word_1_356' title='bbox 1187 3057 1285 3112; x_wconf 90' lang='lat' dir='ltr'><strong>tibi</strong></span> <span class='ocrx_word' id='word_1_357' title='bbox 1341 3058 1547 3114; x_wconf 88' lang='lat' dir='ltr'><strong>habere</strong></span> <span class='ocrx_word' id='word_1_358' title='bbox 1595 3075 1822 3116; x_wconf 86' lang='lat' dir='ltr'><strong>uxorem</strong></span> <span class='ocrx_word' id='word_1_359' title='bbox 1876 3059 2118 3133; x_wconf 90' lang='lat' dir='ltr'><strong>Philippi</strong></span> 
     </span>
    </p>
   </div>
   <div class='ocr_carea' id='block_1_48' title="bbox 2228 3052 3780 3133">
    <p class='ocr_par' dir='ltr' id='par_1_48' title="bbox 2228 3060 3780 3132">
     <span class='ocr_line' id='line_1_48' title="bbox 2228 3060 3780 3132; baseline -0.004 -18"><span class='ocrx_word' id='word_1_360' title='bbox 2228 3060 2438 3124; x_wconf 83' lang='grc' dir='ltr'>πλάκας</span> <span class='ocrx_word' id='word_1_361' title='bbox 2469 3061 2871 3132; x_wconf 83' lang='grc' dir='ltr'>θεοχαράκτους</span> <span class='ocrx_word' id='word_1_362' title='bbox 2892 3077 2904 3090; x_wconf 88' lang='grc'><strong>·</strong></span> <span class='ocrx_word' id='word_1_363' title='bbox 2933 3060 2992 3126; x_wconf 77' lang='grc' dir='ltr'><strong>ἐξ</strong></span> <span class='ocrx_word' id='word_1_364' title='bbox 3013 3060 3266 3125; x_wconf 74' lang='grc' dir='ltr'>ἐναντίας</span> <span class='ocrx_word' id='word_1_365' title='bbox 3291 3061 3403 3114; x_wconf 84' lang='grc' dir='ltr'><strong>τῶν</strong></span> <span class='ocrx_word' id='word_1_366' title='bbox 3440 3061 3672 3123; x_wconf 81' lang='grc' dir='ltr'>Μωσέως</span> <span class='ocrx_word' id='word_1_367' title='bbox 3691 3060 3780 3111; x_wconf 80' lang='grc' dir='ltr'>ἀντ-</span> 
     </span>
    </p>
   </div>
   <div class='ocr_carea' id='block_1_49' title="bbox 527 3143 2124 3230">
    <p class='ocr_par' dir='ltr' id='par_1_49' title="bbox 527 3143 2121 3222">
     <span class='ocr_line' id='line_1_49' title="bbox 527 3143 2121 3222; baseline 0.008 -25"><span class='ocrx_word' id='word_1_368' title='bbox 527 3143 724 3202; x_wconf 82' lang='lat' dir='ltr'><strong>fratris</strong></span> <span class='ocrx_word' id='word_1_369' title='bbox 757 3147 834 3199; x_wconf 92' lang='lat' dir='ltr'><strong>tui</strong></span> <span class='ocrx_word' id='word_1_370' title='bbox 857 3145 904 3201; x_wconf 74' lang='grc' dir='ltr'><strong>ἀ.</strong></span> <span class='ocrx_word' id='word_1_371' title='bbox 945 3167 963 3199; x_wconf 82' lang='grc' dir='ltr'><strong>ι</strong></span> <span class='ocrx_word' id='word_1_372' title='bbox 991 3151 1068 3203; x_wconf 83' lang='lat' dir='ltr'><strong>Ae</strong></span> <span class='ocrx_word' id='word_1_373' title='bbox 1093 3147 1339 3206; x_wconf 88' lang='lat' dir='ltr'><strong>llerodes</strong></span> <span class='ocrx_word' id='word_1_374' title='bbox 1361 3151 1609 3222; x_wconf 91' lang='lat' dir='ltr'><strong>quidem,</strong></span> <span class='ocrx_word' id='word_1_375' title='bbox 1629 3152 1822 3208; x_wconf 73' lang='lat' dir='ltr'><strong>alienae</strong></span> <span class='ocrx_word' id='word_1_376' title='bbox 1851 3167 1880 3207; x_wconf 90' lang='lat' dir='ltr'><strong>a</strong></span> <span class='ocrx_word' id='word_1_377' title='bbox 1905 3155 2121 3210; x_wconf 89' lang='lat' dir='ltr'><strong>ratione</strong></span> 
     </span>
    </p>
   </div>
   <div class='ocr_carea' id='block_1_50' title="bbox 2228 3143 3779 3230">
    <p class='ocr_par' dir='ltr' id='par_1_50' title="bbox 2228 3151 3779 3230">
     <span class='ocr_line' id='line_1_50' title="bbox 2228 3151 3779 3230; baseline -0.001 -24"><span class='ocrx_word' id='word_1_378' title='bbox 2228 3153 2470 3230; x_wconf 52' lang='lat' dir='ltr'><strong>augeant</strong></span> <span class='ocrx_word' id='word_1_379' title='bbox 2498 3153 2736 3224; x_wconf 85' lang='grc' dir='ltr'>θεσμῶν.</span> <span class='ocrx_word' id='word_1_380' title='bbox 2777 3171 2795 3204; x_wconf 77' lang='grc' dir='ltr'><strong>ι</strong></span> <span class='ocrx_word' id='word_1_381' title='bbox 2845 3155 2961 3208; x_wconf 85' lang='grc' dir='ltr'><strong>Ούκ</strong></span> <span class='ocrx_word' id='word_1_382' title='bbox 2997 3153 3210 3221; x_wconf 74' lang='grc' dir='ltr'>ἔξεστίν</span> <span class='ocrx_word' id='word_1_383' title='bbox 3260 3170 3345 3207; x_wconf 83' lang='grc' dir='ltr'><strong>σοι</strong></span> <span class='ocrx_word' id='word_1_384' title='bbox 3400 3151 3550 3224; x_wconf 75' lang='grc' dir='ltr'>ἔχειν</span> <span class='ocrx_word' id='word_1_385' title='bbox 3597 3154 3686 3222; x_wconf 73' lang='grc' dir='ltr'>τὴν</span> <span class='ocrx_word' id='word_1_386' title='bbox 3711 3167 3779 3220; x_wconf 80' lang='grc' dir='ltr'><strong>τυ·</strong></span> 
     </span>
    </p>
   </div>
   <div class='ocr_carea' id='block_1_51' title="bbox 523 3239 2124 3318">
    <p class='ocr_par' dir='ltr' id='par_1_51' title="bbox 523 3239 2120 3314">
     <span class='ocr_line' id='line_1_51' title="bbox 523 3239 2120 3314; baseline 0.009 -24"><span class='ocrx_word' id='word_1_387' title='bbox 523 3239 854 3310; x_wconf 80' lang='lat' dir='ltr'><strong>voluptariae</strong></span> <span class='ocrx_word' id='word_1_388' title='bbox 901 3245 1322 3314; x_wconf 84' lang='lat' dir='ltr'><strong>congressionis</strong></span> <span class='ocrx_word' id='word_1_389' title='bbox 1375 3246 1644 3303; x_wconf 79' lang='lat' dir='ltr'><strong>obrutuS‘</strong></span> <span class='ocrx_word' id='word_1_390' title='bbox 1674 3248 1912 3314; x_wconf 87' lang='lat' dir='ltr'><strong>deliciis,</strong></span> <span class='ocrx_word' id='word_1_391' title='bbox 1975 3250 2120 3305; x_wconf 90' lang='lat' dir='ltr'><strong>haud</strong></span> 
     </span>
    </p>
   </div>
   <div class='ocr_carea' id='block_1_52' title="bbox 2228 3239 3780 3318">
    <p class='ocr_par' dir='ltr' id='par_1_52' title="bbox 2228 3245 3780 3318">
     <span class='ocr_line' id='line_1_52' title="bbox 2228 3245 3780 3318; baseline -0.003 -18"><span class='ocrx_word' id='word_1_392' title='bbox 2228 3249 2385 3300; x_wconf 84' lang='grc' dir='ltr'><strong>ναῖκα</strong></span> <span class='ocrx_word' id='word_1_393' title='bbox 2403 3247 2668 3300; x_wconf 82' lang='grc' dir='ltr'>Φιλίππου</span> <span class='ocrx_word' id='word_1_394' title='bbox 2691 3245 2786 3300; x_wconf 82' lang='grc' dir='ltr'>τοῦ</span> <span class='ocrx_word' id='word_1_395' title='bbox 2819 3245 3054 3315; x_wconf 78' lang='grc' dir='ltr'>ἀδελφοῦ</span> <span class='ocrx_word' id='word_1_396' title='bbox 3084 3263 3200 3302; x_wconf 88' lang='grc' dir='ltr'>σου.</span> <span class='ocrx_word' id='word_1_397' title='bbox 3234 3265 3251 3297; x_wconf 83' lang='grc' dir='ltr'><strong>ι</strong></span> <span class='ocrx_word' id='word_1_398' title='bbox 3283 3247 3390 3299; x_wconf 73' lang='grc' dir='ltr'><strong>Καὶ</strong></span> <span class='ocrx_word' id='word_1_399' title='bbox 3415 3247 3446 3299; x_wconf 84' lang='grc' dir='ltr'>ὁ</span> <span class='ocrx_word' id='word_1_400' title='bbox 3479 3246 3596 3318; x_wconf 83' lang='grc' dir='ltr'>μὲν,</span> <span class='ocrx_word' id='word_1_401' title='bbox 3627 3247 3684 3314; x_wconf 82' lang='grc' dir='ltr'>τῇ</span> <span class='ocrx_word' id='word_1_402' title='bbox 3711 3259 3780 3314; x_wconf 67' lang='lat'><strong>9;-</strong></span> 
     </span>
    </p>
   </div>
   <div class='ocr_carea' id='block_1_53' title="bbox 2225 2228 3779 2302">
    <p class='ocr_par' dir='ltr' id='par_1_53' title="bbox 2225 2228 3779 2302">
     <span class='ocr_line' id='line_1_53' title="bbox 2225 2228 3779 2302; baseline -0.004 -17"><span class='ocrx_word' id='word_1_403' title='bbox 2225 2232 2320 2301; x_wconf 89' lang='grc' dir='ltr'><strong>δην</strong></span> <span class='ocrx_word' id='word_1_404' title='bbox 2356 2232 2616 2302; x_wconf 78' lang='grc' dir='ltr'>ἐλέγχων,</span> <span class='ocrx_word' id='word_1_405' title='bbox 2653 2233 2994 2302; x_wconf 82' lang='grc' dir='ltr'>παρανομεῖν</span> <span class='ocrx_word' id='word_1_406' title='bbox 3024 2229 3339 2283; x_wconf 82' lang='grc' dir='ltr'>διεκώλυεν.</span> <span class='ocrx_word' id='word_1_407' title='bbox 3381 2229 3530 2294; x_wconf 85' lang='grc' dir='ltr'>Πῶς,</span> <span class='ocrx_word' id='word_1_408' title='bbox 3564 2229 3654 2282; x_wconf 79' lang='grc' dir='ltr'>καὶ</span> <span class='ocrx_word' id='word_1_409' title='bbox 3689 2228 3779 2279; x_wconf 82' lang='grc' dir='ltr'>τίνα</span> 
     </span>
    </p>
   </div>
   <div class='ocr_carea' id='block_1_54' title="bbox 2225 2317 3779 2390">
    <p class='ocr_par' dir='ltr' id='par_1_54' title="bbox 2225 2317 3779 2390">
     <span class='ocr_line' id='line_1_54' title="bbox 2225 2317 3779 2390; baseline -0.001 -19"><span class='ocrx_word' id='word_1_410' title='bbox 2225 2319 2461 2389; x_wconf 85' lang='grc' dir='ltr'>τρόπον;</span> <span class='ocrx_word' id='word_1_411' title='bbox 2498 2339 2514 2370; x_wconf 83' lang='grc' dir='ltr'><strong>ι</strong></span> <span class='ocrx_word' id='word_1_412' title='bbox 2552 2320 2668 2373; x_wconf 86' lang='grc' dir='ltr'>υύκ</span> <span class='ocrx_word' id='word_1_413' title='bbox 2700 2319 2878 2384; x_wconf 80' lang='grc' dir='ltr'>ἔξεστί</span> <span class='ocrx_word' id='word_1_414' title='bbox 2903 2336 3006 2385; x_wconf 90' lang='grc' dir='ltr'>σοι,</span> <span class='ocrx_word' id='word_1_415' title='bbox 3032 2317 3230 2387; x_wconf 77' lang='grc' dir='ltr'>λέγ’ων,</span> <span class='ocrx_word' id='word_1_416' title='bbox 3257 2317 3406 2389; x_wconf 80' lang='grc' dir='ltr'>ἔχειν</span> <span class='ocrx_word' id='word_1_417' title='bbox 3457 2319 3560 2390; x_wconf 80' lang='grc' dir='ltr'>τὴν</span> <span class='ocrx_word' id='word_1_418' title='bbox 3590 2321 3779 2386; x_wconf 77' lang='grc' dir='ltr'>γυναῖκα</span> 
     </span>
    </p>
   </div>
   <div class='ocr_carea' id='block_1_55' title="bbox 2225 2409 3780 2481">
    <p class='ocr_par' dir='ltr' id='par_1_55' title="bbox 2225 2409 3780 2481">
     <span class='ocr_line' id='line_1_55' title="bbox 2225 2409 3780 2481; baseline -0.002 -18"><span class='ocrx_word' id='word_1_419' title='bbox 2225 2411 2493 2464; x_wconf 85' lang='grc' dir='ltr'>Φιλίππου</span> <span class='ocrx_word' id='word_1_420' title='bbox 2548 2410 2645 2464; x_wconf 81' lang='grc' dir='ltr'>τοῦ</span> <span class='ocrx_word' id='word_1_421' title='bbox 2689 2411 2924 2480; x_wconf 85' lang='grc' dir='ltr'>ἀδελφοῦ</span> <span class='ocrx_word' id='word_1_422' title='bbox 2987 2429 3102 2466; x_wconf 91' lang='grc' dir='ltr'>σου.</span> <span class='ocrx_word' id='word_1_423' title='bbox 3138 2430 3157 2462; x_wconf 74' lang='grc' dir='ltr'><strong>ι</strong></span> <span class='ocrx_word' id='word_1_424' title='bbox 3217 2410 3392 2463; x_wconf 76' lang='grc' dir='ltr'>Τοῦτο</span> <span class='ocrx_word' id='word_1_425' title='bbox 3439 2411 3535 2465; x_wconf 75' lang='grc' dir='ltr'>τὸν</span> <span class='ocrx_word' id='word_1_426' title='bbox 3574 2409 3780 2481; x_wconf 75' lang='grc' dir='ltr'>Ἡρώδην</span> 
     </span>
    </p>
   </div>
   <div class='ocr_carea' id='block_1_56' title="bbox 2225 2499 3780 2575">
    <p class='ocr_par' dir='ltr' id='par_1_56' title="bbox 2225 2499 3780 2575">
     <span class='ocr_line' id='line_1_56' title="bbox 2225 2499 3780 2575; baseline -0.003 -19"><span class='ocrx_word' id='word_1_427' title='bbox 2225 2505 2523 2574; x_wconf 80' lang='grc' dir='ltr'>ὲξέμηνεν’</span> <span class='ocrx_word' id='word_1_428' title='bbox 2553 2502 2714 2556; x_wconf 81' lang='grc' dir='ltr'>τοῦτο</span> <span class='ocrx_word' id='word_1_429' title='bbox 2753 2505 2922 2575; x_wconf 79' lang='grc' dir='ltr'>φονᾷν</span> <span class='ocrx_word' id='word_1_430' title='bbox 2975 2503 3144 2557; x_wconf 80' lang='grc' dir='ltr'>αὑτὸν</span> <span class='ocrx_word' id='word_1_431' title='bbox 3201 2500 3638 2575; x_wconf 75' lang='grc' dir='ltr'>παρεσκεύαζεν.</span> <span class='ocrx_word' id='word_1_432' title='bbox 3677 2499 3780 2556; x_wconf 77' lang='grc' dir='ltr'>Ἀλλ’</span> 
     </span>
    </p>
   </div>
   <div class='ocr_carea' id='block_1_57' title="bbox 2223 2595 3778 2667">
    <p class='ocr_par' dir='ltr' id='par_1_57' title="bbox 2223 2595 3778 2667">
     <span class='ocr_line' id='line_1_57' title="bbox 2223 2595 3778 2667; baseline 0 -19"><span class='ocrx_word' id='word_1_433' title='bbox 2223 2597 2323 2666; x_wconf 78' lang='grc' dir='ltr'><strong>οὐχ</strong></span> <span class='ocrx_word' id='word_1_434' title='bbox 2366 2597 2394 2648; x_wconf 82' lang='grc' dir='ltr'><strong>ὁ</strong></span> <span class='ocrx_word' id='word_1_435' title='bbox 2439 2596 2608 2658; x_wconf 77' lang='grc' dir='ltr'>πολὺς</span> <span class='ocrx_word' id='word_1_436' title='bbox 2647 2597 2854 2659; x_wconf 74' lang='grc' dir='ltr'>ἐκεῖνος</span> <span class='ocrx_word' id='word_1_437' title='bbox 2906 2597 3004 2651; x_wconf 71' lang='grc' dir='ltr'>καὶ</span> <span class='ocrx_word' id='word_1_438' title='bbox 3056 2595 3229 2666; x_wconf 81' lang='grc' dir='ltr'>μέγας</span> <span class='ocrx_word' id='word_1_439' title='bbox 3269 2597 3329 2649; x_wconf 83' lang='grc' dir='ltr'>ὲν</span> <span class='ocrx_word' id='word_1_440' title='bbox 3368 2597 3673 2667; x_wconf 67' lang='grc' dir='ltr'>προφήταις</span> <span class='ocrx_word' id='word_1_441' title='bbox 3701 2633 3714 2659; x_wconf 96' lang='grc'><strong>,</strong></span> <span class='ocrx_word' id='word_1_442' title='bbox 3755 2595 3778 2664; x_wconf 73' lang='lat' dir='ltr'><strong>il</strong></span> 
     </span>
    </p>
   </div>
   <div class='ocr_carea' id='block_1_58' title="bbox 2227 2681 3780 2761">
    <p class='ocr_par' dir='ltr' id='par_1_58' title="bbox 2227 2681 3780 2761">
     <span class='ocr_line' id='line_1_58' title="bbox 2227 2681 3780 2761; baseline 0 -20"><span class='ocrx_word' id='word_1_443' title='bbox 2227 2681 2528 2760; x_wconf 77' lang='grc' dir='ltr'>συνεστάλη</span> <span class='ocrx_word' id='word_1_444' title='bbox 2553 2688 2759 2754; x_wconf 84' lang='grc' dir='ltr'>δείσας,</span> <span class='ocrx_word' id='word_1_445' title='bbox 2803 2688 3148 2761; x_wconf 71' lang='grc' dir='ltr'>ῆδιελέγχων</span> <span class='ocrx_word' id='word_1_446' title='bbox 3180 2689 3488 2745; x_wconf 76' lang='grc' dir='ltr'>ἐπαύσατο.</span> <span class='ocrx_word' id='word_1_447' title='bbox 3531 2689 3675 2761; x_wconf 82' lang='grc' dir='ltr'>ᾜδει</span> <span class='ocrx_word' id='word_1_448' title='bbox 3700 2689 3780 2758; x_wconf 78' lang='grc' dir='ltr'>γὰρ</span> 
     </span>
    </p>
   </div>
   <div class='ocr_carea' id='block_1_59' title="bbox 2223 2780 3778 2854">
    <p class='ocr_par' dir='ltr' id='par_1_59' title="bbox 2223 2780 3778 2854">
     <span class='ocr_line' id='line_1_59' title="bbox 2223 2780 3778 2854; baseline 0.001 -22"><span class='ocrx_word' id='word_1_449' title='bbox 2223 2780 2315 2833; x_wconf 82' lang='grc' dir='ltr'>τὸν</span> <span class='ocrx_word' id='word_1_450' title='bbox 2359 2780 2523 2851; x_wconf 85' lang='grc' dir='ltr'>νόμον</span> <span class='ocrx_word' id='word_1_451' title='bbox 2553 2781 2655 2849; x_wconf 81' lang='grc' dir='ltr'>τῆς</span> <span class='ocrx_word' id='word_1_452' title='bbox 2685 2782 2945 2853; x_wconf 81' lang='grc' dir='ltr'><strong>τοιαύτης</strong></span> <span class='ocrx_word' id='word_1_453' title='bbox 2975 2782 3271 2854; x_wconf 78' lang='grc' dir='ltr'>ἀναιρετὴν</span> <span class='ocrx_word' id='word_1_454' title='bbox 3305 2784 3588 2852; x_wconf 82' lang='grc' dir='ltr'>λαγνείας.</span> <span class='ocrx_word' id='word_1_455' title='bbox 3647 2801 3664 2836; x_wconf 85' lang='grc' dir='ltr'><strong>ι</strong></span> <span class='ocrx_word' id='word_1_456' title='bbox 3695 2782 3778 2836; x_wconf 78' lang='grc' dir='ltr'><strong>Οὐκ</strong></span> 
     </span>
    </p>
   </div>
   <div class='ocr_carea' id='block_1_60' title="bbox 2223 2873 3778 2948">
    <p class='ocr_par' dir='ltr' id='par_1_60' title="bbox 2223 2873 3778 2948">
     <span class='ocr_line' id='line_1_60' title="bbox 2223 2873 3778 2948; baseline 0.001 -23"><span class='ocrx_word' id='word_1_457' title='bbox 2223 2873 2430 2941; x_wconf 78' lang='grc' dir='ltr'>ἔξεστίν</span> <span class='ocrx_word' id='word_1_458' title='bbox 2453 2893 2532 2929; x_wconf 89' lang='grc' dir='ltr'><strong>σοι</strong></span> <span class='ocrx_word' id='word_1_459' title='bbox 2569 2875 2714 2948; x_wconf 75' lang='grc' dir='ltr'>ἔχειν</span> <span class='ocrx_word' id='word_1_460' title='bbox 2735 2875 2835 2948; x_wconf 76' lang='grc' dir='ltr'>τὴν</span> <span class='ocrx_word' id='word_1_461' title='bbox 2863 2878 3102 2946; x_wconf 70' lang='grc' dir='ltr'>γυναῖκα</span> <span class='ocrx_word' id='word_1_462' title='bbox 3135 2877 3412 2930; x_wconf 83' lang='grc' dir='ltr'>Φιλίππου</span> <span class='ocrx_word' id='word_1_463' title='bbox 3466 2875 3562 2931; x_wconf 82' lang='grc' dir='ltr'>τοῦ</span> <span class='ocrx_word' id='word_1_464' title='bbox 3590 2874 3778 2943; x_wconf 80' lang='grc' dir='ltr'>ἀδελφοῦ</span> 
     </span>
    </p>
   </div>
   <div class='ocr_carea' id='block_1_61' title="bbox 2225 2965 3779 3040">
    <p class='ocr_par' dir='ltr' id='par_1_61' title="bbox 2225 2965 3779 3040">
     <span class='ocr_line' id='line_1_61' title="bbox 2225 2965 3779 3040; baseline 0.001 -22"><span class='ocrx_word' id='word_1_465' title='bbox 2225 2983 2343 3019; x_wconf 86' lang='grc' dir='ltr'>σου.</span> <span class='ocrx_word' id='word_1_466' title='bbox 2381 2985 2400 3018; x_wconf 79' lang='grc' dir='ltr'><strong>ι</strong></span> <span class='ocrx_word' id='word_1_467' title='bbox 2463 2967 2607 3037; x_wconf 67' lang='grc' dir='ltr'>Πρὸς</span> <span class='ocrx_word' id='word_1_468' title='bbox 2636 2967 2824 3039; x_wconf 84' lang='grc' dir='ltr'>νόμον,</span> <span class='ocrx_word' id='word_1_469' title='bbox 2881 2968 3070 3038; x_wconf 69' lang='grc' dir='ltr'>φησὶν,</span> <span class='ocrx_word' id='word_1_470' title='bbox 3137 2967 3444 3040; x_wconf 81' lang='grc' dir='ltr'>ἀντιτάσσῃ</span> <span class='ocrx_word' id='word_1_471' title='bbox 3485 2966 3643 3031; x_wconf 77' lang='grc' dir='ltr'>Θεοῦ,</span> <span class='ocrx_word' id='word_1_472' title='bbox 3676 2965 3779 3036; x_wconf 67' lang='grc' dir='ltr'>πρὸς</span> 
     </span>
    </p>
   </div>
   <div class='ocr_carea' id='block_1_62' title="bbox 526 3333 2121 3409">
    <p class='ocr_par' dir='ltr' id='par_1_62' title="bbox 526 3333 2121 3409">
     <span class='ocr_line' id='line_1_62' title="bbox 526 3333 2121 3409; baseline 0.008 -27"><span class='ocrx_word' id='word_1_473' title='bbox 526 3343 813 3396; x_wconf 87' lang='lat' dir='ltr'><strong>emergere</strong></span> <span class='ocrx_word' id='word_1_474' title='bbox 846 3333 1048 3398; x_wconf 91' lang='lat' dir='ltr'><strong>potuit,</strong></span> <span class='ocrx_word' id='word_1_475' title='bbox 1094 3349 1196 3389; x_wconf 92' lang='lat' dir='ltr'><strong>nec</strong></span> <span class='ocrx_word' id='word_1_476' title='bbox 1226 3335 1294 3389; x_wconf 90' lang='lat' dir='ltr'><strong>ad</strong></span> <span class='ocrx_word' id='word_1_477' title='bbox 1347 3335 1596 3393; x_wconf 83' lang='lat' dir='ltr'><strong>veritatis</strong></span> <span class='ocrx_word' id='word_1_478' title='bbox 1638 3337 1828 3392; x_wconf 89' lang='lat' dir='ltr'><strong>lumen</strong></span> <span class='ocrx_word' id='word_1_479' title='bbox 1881 3341 2121 3409; x_wconf 82' lang='lat' dir='ltr'><strong>aspexit,</strong></span> 
     </span>
    </p>
   </div>
   <div class='ocr_carea' id='block_1_63' title="bbox 528 3418 2122 3496">
    <p class='ocr_par' dir='ltr' id='par_1_63' title="bbox 528 3418 2122 3496">
     <span class='ocr_line' id='line_1_63' title="bbox 528 3418 2122 3496; baseline 0.008 -23"><span class='ocrx_word' id='word_1_480' title='bbox 528 3418 626 3474; x_wconf 86' lang='lat' dir='ltr'><strong>sed</strong></span> <span class='ocrx_word' id='word_1_481' title='bbox 662 3421 871 3475; x_wconf 89' lang='lat' dir='ltr'><strong>mansit</strong></span> <span class='ocrx_word' id='word_1_482' title='bbox 903 3432 1168 3492; x_wconf 87' lang='lat' dir='ltr'><strong>gravatus</strong></span> <span class='ocrx_word' id='word_1_483' title='bbox 1185 3426 1711 3496; x_wconf 83' lang='lat' dir='ltr'><strong>crapulalibidinis.</strong></span> <span class='ocrx_word' id='word_1_484' title='bbox 1748 3425 1992 3484; x_wconf 84' lang='lat' dir='ltr'><strong>Joannes</strong></span> <span class='ocrx_word' id='word_1_485' title='bbox 2021 3445 2122 3485; x_wconf 84' lang='lat' dir='ltr'><strong>au-</strong></span> 
     </span>
    </p>
   </div>
   <div class='ocr_carea' id='block_1_64' title="bbox 526 3513 2120 3586">
    <p class='ocr_par' dir='ltr' id='par_1_64' title="bbox 526 3513 2120 3586">
     <span class='ocr_line' id='line_1_64' title="bbox 526 3513 2120 3586; baseline 0.008 -24"><span class='ocrx_word' id='word_1_486' title='bbox 526 3519 636 3564; x_wconf 89' lang='lat' dir='ltr'><strong>tem</strong></span> <span class='ocrx_word' id='word_1_487' title='bbox 668 3513 1060 3580; x_wconf 81' lang='lat' dir='ltr'><strong>perseverabat</strong></span> <span class='ocrx_word' id='word_1_488' title='bbox 1114 3517 1428 3586; x_wconf 87' lang='lat' dir='ltr'><strong>corrigens,</strong></span> <span class='ocrx_word' id='word_1_489' title='bbox 1493 3517 1723 3583; x_wconf 85' lang='lat' dir='ltr'><strong>docens,</strong></span> <span class='ocrx_word' id='word_1_490' title='bbox 1792 3520 2120 3586; x_wconf 86' lang='lat' dir='ltr'><strong>admonens,</strong></span> 
     </span>
    </p>
   </div>
   <div class='ocr_carea' id='block_1_65' title="bbox 530 3603 2120 3683">
    <p class='ocr_par' dir='ltr' id='par_1_65' title="bbox 530 3603 2120 3683">
     <span class='ocr_line' id='line_1_65' title="bbox 530 3603 2120 3683; baseline 0.008 -29"><span class='ocrx_word' id='word_1_491' title='bbox 530 3605 607 3655; x_wconf 78' lang='lat' dir='ltr'><strong>uti</strong></span> <span class='ocrx_word' id='word_1_492' title='bbox 644 3603 734 3658; x_wconf 89' lang='lat' dir='ltr'><strong>Dei</strong></span> <span class='ocrx_word' id='word_1_493' title='bbox 795 3606 1121 3674; x_wconf 86' lang='lat' dir='ltr'><strong>prophetam</strong></span> <span class='ocrx_word' id='word_1_494' title='bbox 1181 3607 1439 3665; x_wconf 85' lang='lat' dir='ltr'><strong>decebat.</strong></span> <span class='ocrx_word' id='word_1_495' title='bbox 1477 3609 1546 3664; x_wconf 87' lang='lat' dir='ltr'><strong>At</strong></span> <span class='ocrx_word' id='word_1_496' title='bbox 1599 3609 1714 3678; x_wconf 88' lang='lat' dir='ltr'><strong>ille,</strong></span> <span class='ocrx_word' id='word_1_497' title='bbox 1774 3627 2120 3683; x_wconf 83' lang='lat' dir='ltr'><strong>quanquam,</strong></span> 
     </span>
    </p>
   </div>
   <div class='ocr_carea' id='block_1_66' title="bbox 531 3697 2122 3773">
    <p class='ocr_par' dir='ltr' id='par_1_66' title="bbox 531 3697 2122 3773">
     <span class='ocr_line' id='line_1_66' title="bbox 531 3697 2122 3773; baseline 0.006 -21"><span class='ocrx_word' id='word_1_498' title='bbox 531 3703 594 3752; x_wconf 83' lang='lat' dir='ltr'><strong>tit</strong></span> <span class='ocrx_word' id='word_1_499' title='bbox 621 3711 846 3751; x_wconf 90' lang='lat' dir='ltr'><strong>sacrum</strong></span> <span class='ocrx_word' id='word_1_500' title='bbox 901 3697 1258 3770; x_wconf 88' lang='lat' dir='ltr'><strong>Evangeliutn</strong></span> <span class='ocrx_word' id='word_1_501' title='bbox 1311 3703 1430 3766; x_wconf 91' lang='lat' dir='ltr'><strong>ait,</strong></span> <span class='ocrx_word' id='word_1_502' title='bbox 1489 3721 1508 3754; x_wconf 79' lang='grc' dir='ltr'><strong>ι</strong></span> <span class='ocrx_word' id='word_1_503' title='bbox 1561 3703 1741 3756; x_wconf 85' lang='lat' dir='ltr'><strong>virum</strong></span> <span class='ocrx_word' id='word_1_504' title='bbox 1786 3705 2003 3773; x_wconf 88' lang='lat' dir='ltr'><strong>justum</strong></span> <span class='ocrx_word' id='word_1_505' title='bbox 2055 3722 2122 3761; x_wconf 85' lang='lat' dir='ltr'><strong>ac</strong></span> 
     </span>
    </p>
   </div>
   <div class='ocr_carea' id='block_1_67' title="bbox 523 3791 2167 3863">
    <p class='ocr_par' dir='ltr' id='par_1_67' title="bbox 523 3791 2167 3863">
     <span class='ocr_line' id='line_1_67' title="bbox 523 3791 2167 3863; baseline 0.005 -20"><span class='ocrx_word' id='word_1_506' title='bbox 523 3796 784 3843; x_wconf 74' lang='lat' dir='ltr'><strong>sanctum</strong></span> <span class='ocrx_word' id='word_1_507' title='bbox 837 3791 1027 3856; x_wconf 89' lang='lat' dir='ltr'><strong>sciret,</strong></span> <span class='ocrx_word' id='word_1_508' title='bbox 1073 3807 1141 3846; x_wconf 92' lang='lat' dir='ltr'><strong>ac</strong></span> <span class='ocrx_word' id='word_1_509' title='bbox 1175 3809 1242 3848; x_wconf 91' lang='lat' dir='ltr'><strong>co</strong></span> <span class='ocrx_word' id='word_1_510' title='bbox 1294 3794 1504 3859; x_wconf 87' lang='lat' dir='ltr'><strong>audito,</strong></span> <span class='ocrx_word' id='word_1_511' title='bbox 1548 3796 1722 3849; x_wconf 88' lang='lat' dir='ltr'><strong>multa</strong></span> <span class='ocrx_word' id='word_1_512' title='bbox 1778 3798 2008 3863; x_wconf 85' lang='lat' dir='ltr'><strong>faceret,</strong></span> <span class='ocrx_word' id='word_1_513' title='bbox 2044 3799 2167 3852; x_wconf 75' lang='lat' dir='ltr'><strong>lu-‘</strong></span> 
     </span>
    </p>
   </div>
   <div class='ocr_carea' id='block_1_68' title="bbox 529 3873 2125 3953">
    <p class='ocr_par' dir='ltr' id='par_1_68' title="bbox 529 3873 2125 3953">
     <span class='ocr_line' id='line_1_68' title="bbox 529 3873 2125 3953; baseline 0.007 -19"><span class='ocrx_word' id='word_1_514' title='bbox 529 3883 780 3952; x_wconf 86' lang='lat' dir='ltr'><strong>bensque</strong></span> <span class='ocrx_word' id='word_1_515' title='bbox 819 3873 1000 3952; x_wconf 85' lang='lat' dir='ltr'><strong>ipsum</strong></span> <span class='ocrx_word' id='word_1_516' title='bbox 1035 3888 1293 3953; x_wconf 87' lang='lat' dir='ltr'><strong>audiret;</strong></span> <span class='ocrx_word' id='word_1_517' title='bbox 1328 3906 1344 3939; x_wconf 85' lang='grc' dir='ltr'><strong>ι</strong></span> <span class='ocrx_word' id='word_1_518' title='bbox 1380 3887 1520 3940; x_wconf 90' lang='lat' dir='ltr'><strong>nihil</strong></span> <span class='ocrx_word' id='word_1_519' title='bbox 1553 3895 1736 3946; x_wconf 89' lang='lat' dir='ltr'><strong>tamen</strong></span> <span class='ocrx_word' id='word_1_520' title='bbox 1763 3906 1955 3947; x_wconf 91' lang='lat' dir='ltr'><strong>eorum</strong></span> <span class='ocrx_word' id='word_1_521' title='bbox 1991 3900 2125 3945; x_wconf 90' lang='lat' dir='ltr'><strong>tunc</strong></span> 
     </span>
    </p>
   </div>
   <div class='ocr_carea' id='block_1_69' title="bbox 527 3975 2122 4054">
    <p class='ocr_par' dir='ltr' id='par_1_69' title="bbox 527 3975 2122 4054">
     <span class='ocr_line' id='line_1_69' title="bbox 527 3975 2122 4054; baseline 0.008 -27"><span class='ocrx_word' id='word_1_522' title='bbox 527 3975 589 4028; x_wconf 78' lang='lat' dir='ltr'><strong>in</strong></span> <span class='ocrx_word' id='word_1_523' title='bbox 622 3976 868 4030; x_wconf 87' lang='lat' dir='ltr'><strong>anintum</strong></span> <span class='ocrx_word' id='word_1_524' title='bbox 928 3978 1166 4044; x_wconf 82' lang='lat' dir='ltr'><strong>induxit,</strong></span> <span class='ocrx_word' id='word_1_525' title='bbox 1218 3991 1315 4035; x_wconf 89' lang='lat' dir='ltr'><strong>aut</strong></span> <span class='ocrx_word' id='word_1_526' title='bbox 1382 3985 1696 4054; x_wconf 77' lang='lat' dir='ltr'><strong>intelligere</strong></span> <span class='ocrx_word' id='word_1_527' title='bbox 1745 3986 1944 4039; x_wconf 88' lang='lat' dir='ltr'><strong>voluit.</strong></span> <span class='ocrx_word' id='word_1_528' title='bbox 2005 3985 2122 4040; x_wconf 84' lang='lat' dir='ltr'><strong>Non</strong></span> 
     </span>
    </p>
   </div>
   <div class='ocr_carea' id='block_1_70' title="bbox 528 4055 2121 4145">
    <p class='ocr_par' dir='ltr' id='par_1_70' title="bbox 528 4055 2121 4145">
     <span class='ocr_line' id='line_1_70' title="bbox 528 4055 2121 4145; baseline 0.008 -24"><span class='ocrx_word' id='word_1_529' title='bbox 528 4069 886 4139; x_wconf 81' lang='lat' dir='ltr'><strong>prOphetatn,</strong></span> <span class='ocrx_word' id='word_1_530' title='bbox 937 4074 1143 4143; x_wconf 88' lang='lat' dir='ltr'><strong>quibus</strong></span> <span class='ocrx_word' id='word_1_531' title='bbox 1201 4091 1301 4145; x_wconf 89' lang='lat' dir='ltr'><strong>par</strong></span> <span class='ocrx_word' id='word_1_532' title='bbox 1345 4088 1484 4140; x_wconf 89' lang='lat' dir='ltr'><strong>erat,</strong></span> <span class='ocrx_word' id='word_1_533' title='bbox 1543 4055 1728 4133; x_wconf 68' lang='lat' dir='ltr'><strong>atfecit</strong></span> <span class='ocrx_word' id='word_1_534' title='bbox 1785 4079 2121 4134; x_wconf 71' lang='lat' dir='ltr'><strong>honoribus:</strong></span> 
     </span>
    </p>
   </div>
   <div class='ocr_carea' id='block_1_71' title="bbox 529 4162 2121 4236">
    <p class='ocr_par' dir='ltr' id='par_1_71' title="bbox 529 4162 2121 4236">
     <span class='ocr_line' id='line_1_71' title="bbox 529 4162 2121 4236; baseline 0.004 -19"><span class='ocrx_word' id='word_1_535' title='bbox 529 4176 638 4217; x_wconf 83' lang='lat' dir='ltr'><strong>nec</strong></span> <span class='ocrx_word' id='word_1_536' title='bbox 670 4162 752 4217; x_wconf 86' lang='lat' dir='ltr'><strong>vel</strong></span> <span class='ocrx_word' id='word_1_537' title='bbox 786 4163 1080 4219; x_wconf 89' lang='lat' dir='ltr'><strong>minimum.</strong></span> <span class='ocrx_word' id='word_1_538' title='bbox 1116 4166 1253 4236; x_wconf 86' lang='lat' dir='ltr'><strong>legis</strong></span> <span class='ocrx_word' id='word_1_539' title='bbox 1309 4168 1636 4236; x_wconf 78' lang='lat' dir='ltr'><strong>gravitatem</strong></span> <span class='ocrx_word' id='word_1_540' title='bbox 1684 4177 1769 4224; x_wconf 90' lang='lat' dir='ltr'><strong>est</strong></span> <span class='ocrx_word' id='word_1_541' title='bbox 1809 4169 2121 4224; x_wconf 83' lang='lat' dir='ltr'><strong>reveritus:</strong></span> 
     </span>
    </p>
   </div>
   <div class='ocr_carea' id='block_1_72' title="bbox 530 4258 2124 4330">
    <p class='ocr_par' dir='ltr' id='par_1_72' title="bbox 530 4258 2124 4330">
     <span class='ocr_line' id='line_1_72' title="bbox 530 4258 2124 4330; baseline 0.006 -24"><span class='ocrx_word' id='word_1_542' title='bbox 530 4261 723 4324; x_wconf 86' lang='lat' dir='ltr'><strong>atque,</strong></span> <span class='ocrx_word' id='word_1_543' title='bbox 755 4264 815 4310; x_wconf 82' lang='grc' dir='ltr'><strong>ιιι</strong></span> <span class='ocrx_word' id='word_1_544' title='bbox 851 4273 921 4311; x_wconf 89' lang='lat' dir='ltr'><strong>ne</strong></span> <span class='ocrx_word' id='word_1_545' title='bbox 969 4258 1121 4313; x_wconf 91' lang='lat' dir='ltr'><strong>aliud</strong></span> <span class='ocrx_word' id='word_1_546' title='bbox 1162 4260 1490 4329; x_wconf 86' lang='lat' dir='ltr'><strong>quidquam,</strong></span> <span class='ocrx_word' id='word_1_547' title='bbox 1530 4277 1598 4316; x_wconf 90' lang='lat' dir='ltr'><strong>ne</strong></span> <span class='ocrx_word' id='word_1_548' title='bbox 1654 4276 1850 4330; x_wconf 64' lang='lat' dir='ltr'><strong>poenas</strong></span> <span class='ocrx_word' id='word_1_549' title='bbox 1899 4261 2124 4329; x_wconf 88' lang='lat' dir='ltr'><strong>quidem</strong></span> 
     </span>
    </p>
   </div>
   <div class='ocr_carea' id='block_1_73' title="bbox 527 4348 2123 4422">
    <p class='ocr_par' dir='ltr' id='par_1_73' title="bbox 527 4348 2123 4422">
     <span class='ocr_line' id='line_1_73' title="bbox 527 4348 2123 4422; baseline 0.005 -21"><span class='ocrx_word' id='word_1_550' title='bbox 527 4348 798 4404; x_wconf 85' lang='lat' dir='ltr'><strong>adversus</strong></span> <span class='ocrx_word' id='word_1_551' title='bbox 827 4365 924 4405; x_wconf 91' lang='lat' dir='ltr'><strong>eos</strong></span> <span class='ocrx_word' id='word_1_552' title='bbox 958 4351 1052 4421; x_wconf 91' lang='lat' dir='ltr'><strong>qui</strong></span> <span class='ocrx_word' id='word_1_553' title='bbox 1084 4353 1358 4422; x_wconf 86' lang='lat' dir='ltr'><strong>ejusmodi</strong></span> <span class='ocrx_word' id='word_1_554' title='bbox 1389 4362 1541 4421; x_wconf 91' lang='lat' dir='ltr'><strong>sunt,</strong></span> <span class='ocrx_word' id='word_1_555' title='bbox 1578 4369 1639 4408; x_wconf 89' lang='lat' dir='ltr'><strong>ea</strong></span> <span class='ocrx_word' id='word_1_556' title='bbox 1669 4355 1922 4411; x_wconf 86' lang='lat' dir='ltr'><strong>decretas</strong></span> <span class='ocrx_word' id='word_1_557' title='bbox 1955 4371 2123 4410; x_wconf 90' lang='lat' dir='ltr'><strong>cura-</strong></span> 
     </span>
    </p>
   </div>
   <div class='ocr_carea' id='block_1_74' title="bbox 530 4440 2120 4519">
    <p class='ocr_par' dir='ltr' id='par_1_74' title="bbox 530 4440 2120 4519">
     <span class='ocr_line' id='line_1_74' title="bbox 530 4440 2120 4519; baseline 0.005 -28"><span class='ocrx_word' id='word_1_558' title='bbox 530 4440 630 4494; x_wconf 72' lang='lat' dir='ltr'><strong>vit.</strong></span> <span class='ocrx_word' id='word_1_559' title='bbox 670 4441 855 4497; x_wconf 85' lang='lat' dir='ltr'><strong>Dicam</strong></span> <span class='ocrx_word' id='word_1_560' title='bbox 898 4444 1046 4514; x_wconf 90' lang='lat' dir='ltr'><strong>quod</strong></span> <span class='ocrx_word' id='word_1_561' title='bbox 1078 4453 1166 4499; x_wconf 90' lang='lat' dir='ltr'><strong>est</strong></span> <span class='ocrx_word' id='word_1_562' title='bbox 1197 4445 1400 4515; x_wconf 82' lang='lat' dir='ltr'><strong>majus,</strong></span> <span class='ocrx_word' id='word_1_563' title='bbox 1436 4462 1500 4502; x_wconf 90' lang='lat' dir='ltr'><strong>ac</strong></span> <span class='ocrx_word' id='word_1_564' title='bbox 1530 4449 1707 4519; x_wconf 88' lang='lat' dir='ltr'><strong>magis</strong></span> <span class='ocrx_word' id='word_1_565' title='bbox 1741 4449 2120 4518; x_wconf 88' lang='lat' dir='ltr'><strong>perspicuum:</strong></span> 
     </span>
    </p>
   </div>
   <div class='ocr_carea' id='block_1_75' title="bbox 531 4532 2122 4607">
    <p class='ocr_par' dir='ltr' id='par_1_75' title="bbox 531 4532 2122 4607">
     <span class='ocr_line' id='line_1_75' title="bbox 531 4532 2122 4607; baseline 0.004 -23"><span class='ocrx_word' id='word_1_566' title='bbox 531 4548 600 4584; x_wconf 85' lang='lat' dir='ltr'><strong>ne</strong></span> <span class='ocrx_word' id='word_1_567' title='bbox 631 4532 787 4585; x_wconf 90' lang='lat' dir='ltr'><strong>illum</strong></span> <span class='ocrx_word' id='word_1_568' title='bbox 826 4533 1047 4602; x_wconf 89' lang='lat' dir='ltr'><strong>quidem</strong></span> <span class='ocrx_word' id='word_1_569' title='bbox 1096 4535 1312 4599; x_wconf 85' lang='lat' dir='ltr'><strong>Achab,</strong></span> <span class='ocrx_word' id='word_1_570' title='bbox 1371 4537 1507 4607; x_wconf 91' lang='lat' dir='ltr'><strong>quin</strong></span> <span class='ocrx_word' id='word_1_571' title='bbox 1561 4546 1619 4593; x_wconf 89' lang='lat' dir='ltr'><strong>et</strong></span> <span class='ocrx_word' id='word_1_572' title='bbox 1666 4539 1859 4593; x_wconf 78' lang='lat' dir='ltr'><strong>uxoris</strong></span> <span class='ocrx_word' id='word_1_573' title='bbox 1910 4538 2122 4592; x_wconf 88' lang='lat' dir='ltr'><strong>manci-</strong></span> 
     </span>
    </p>
   </div>
   <div class='ocr_carea' id='block_1_76' title="bbox 531 4623 2121 4697">
    <p class='ocr_par' dir='ltr' id='par_1_76' title="bbox 531 4623 2121 4697">
     <span class='ocr_line' id='line_1_76' title="bbox 531 4623 2121 4697; baseline 0.006 -23"><span class='ocrx_word' id='word_1_574' title='bbox 531 4624 704 4691; x_wconf 82' lang='lat' dir='ltr'><strong>pium,</strong></span> <span class='ocrx_word' id='word_1_575' title='bbox 765 4623 1016 4680; x_wconf 87' lang='lat' dir='ltr'><strong>imitatus</strong></span> <span class='ocrx_word' id='word_1_576' title='bbox 1065 4633 1186 4691; x_wconf 90' lang='lat' dir='ltr'><strong>est;</strong></span> <span class='ocrx_word' id='word_1_577' title='bbox 1243 4626 1341 4696; x_wconf 92' lang='lat' dir='ltr'><strong>qui</strong></span> <span class='ocrx_word' id='word_1_578' title='bbox 1385 4627 1651 4681; x_wconf 89' lang='lat' dir='ltr'><strong>nimirum</strong></span> <span class='ocrx_word' id='word_1_579' title='bbox 1703 4628 2121 4697; x_wconf 87' lang='lat' dir='ltr'><strong>superstitionis</strong></span> 
     </span>
    </p>
   </div>
   <div class='ocr_carea' id='block_1_77' title="bbox 530 4712 2122 4785">
    <p class='ocr_par' dir='ltr' id='par_1_77' title="bbox 530 4712 2122 4785">
     <span class='ocr_line' id='line_1_77' title="bbox 530 4712 2122 4785; baseline 0.004 -19"><span class='ocrx_word' id='word_1_580' title='bbox 530 4712 761 4768; x_wconf 68' lang='lat' dir='ltr'><strong>deorum</strong></span> <span class='ocrx_word' id='word_1_581' title='bbox 805 4715 1110 4771; x_wconf 87' lang='lat' dir='ltr'><strong>doctrieem</strong></span> <span class='ocrx_word' id='word_1_582' title='bbox 1156 4714 1473 4773; x_wconf 87' lang='lat' dir='ltr'><strong>Jezabclem</strong></span> <span class='ocrx_word' id='word_1_583' title='bbox 1520 4719 1799 4785; x_wconf 85' lang='lat' dir='ltr'><strong>habuerit,</strong></span> <span class='ocrx_word' id='word_1_584' title='bbox 1847 4719 1923 4772; x_wconf 90' lang='lat' dir='ltr'><strong>uti</strong></span> <span class='ocrx_word' id='word_1_585' title='bbox 1972 4734 2122 4774; x_wconf 90' lang='lat' dir='ltr'><strong>nunc</strong></span> 
     </span>
    </p>
   </div>
   <div class='ocr_carea' id='block_1_78' title="bbox 533 4805 2123 4881">
    <p class='ocr_par' dir='ltr' id='par_1_78' title="bbox 533 4805 2123 4881">
     <span class='ocr_line' id='line_1_78' title="bbox 533 4805 2123 4881; baseline 0.004 -21"><span class='ocrx_word' id='word_1_586' title='bbox 533 4815 638 4860; x_wconf 79' lang='lat' dir='ltr'><strong>iste</strong></span> <span class='ocrx_word' id='word_1_587' title='bbox 696 4805 1068 4862; x_wconf 84' lang='lat' dir='ltr'><strong>Herodiadem</strong></span> <span class='ocrx_word' id='word_1_588' title='bbox 1127 4810 1450 4881; x_wconf 86' lang='lat' dir='ltr'><strong>magistram</strong></span> <span class='ocrx_word' id='word_1_589' title='bbox 1510 4810 1780 4865; x_wconf 85' lang='lat' dir='ltr'><strong>libidinis.</strong></span> <span class='ocrx_word' id='word_1_590' title='bbox 1832 4809 1968 4866; x_wconf 81' lang='lat' dir='ltr'><strong>Nam</strong></span> <span class='ocrx_word' id='word_1_591' title='bbox 2031 4811 2123 4867; x_wconf 87' lang='lat' dir='ltr'><strong>ille</strong></span> 
     </span>
    </p>
   </div>
   <div class='ocr_carea' id='block_1_79' title="bbox 533 4897 2125 4967">
    <p class='ocr_par' dir='ltr' id='par_1_79' title="bbox 533 4897 2125 4967">
     <span class='ocr_line' id='line_1_79' title="bbox 533 4897 2125 4967; baseline 0.003 -17"><span class='ocrx_word' id='word_1_592' title='bbox 533 4897 800 4967; x_wconf 86' lang='lat' dir='ltr'><strong>quidem,</strong></span> <span class='ocrx_word' id='word_1_593' title='bbox 857 4915 982 4954; x_wconf 91' lang='lat' dir='ltr'><strong>cum</strong></span> <span class='ocrx_word' id='word_1_594' title='bbox 1035 4901 1288 4964; x_wconf 79' lang='lat' dir='ltr'><strong>audisset</strong></span> <span class='ocrx_word' id='word_1_595' title='bbox 1343 4902 1413 4956; x_wconf 90' lang='lat' dir='ltr'><strong>ab</strong></span> <span class='ocrx_word' id='word_1_596' title='bbox 1473 4901 1590 4956; x_wconf 90' lang='lat' dir='ltr'><strong>Elia</strong></span> <span class='ocrx_word' id='word_1_597' title='bbox 1622 4902 1927 4967; x_wconf 87' lang='lat' dir='ltr'><strong>&#39;fhesbite,</strong></span> <span class='ocrx_word' id='word_1_598' title='bbox 1962 4904 2125 4967; x_wconf 89' lang='lat' dir='ltr'><strong>iram,</strong></span> 
     </span>
    </p>
   </div>
   <div class='ocr_carea' id='block_1_80' title="bbox 529 4990 2128 5060">
    <p class='ocr_par' dir='ltr' id='par_1_80' title="bbox 529 4990 2128 5060">
     <span class='ocr_line' id='line_1_80' title="bbox 529 4990 2128 5060; baseline 0.004 -18"><span class='ocrx_word' id='word_1_599' title='bbox 529 5005 656 5058; x_wconf 77' lang='lat' dir='ltr'><strong>qua:</strong></span> <span class='ocrx_word' id='word_1_600' title='bbox 702 4990 972 5045; x_wconf 83' lang='lat' dir='ltr'><strong>adversus</strong></span> <span class='ocrx_word' id='word_1_601' title='bbox 1033 5006 1159 5046; x_wconf 89' lang='lat' dir='ltr'><strong>eum</strong></span> <span class='ocrx_word' id='word_1_602' title='bbox 1212 5006 1453 5048; x_wconf 87' lang='lat' dir='ltr'><strong>accensa</strong></span> <span class='ocrx_word' id='word_1_603' title='bbox 1498 5002 1649 5048; x_wconf 87' lang='lat' dir='ltr'><strong>esset</strong></span> <span class='ocrx_word' id='word_1_604' title='bbox 1685 5009 1714 5046; x_wconf 90' lang='lat' dir='ltr'><strong>a</strong></span> <span class='ocrx_word' id='word_1_605' title='bbox 1763 4992 2017 5060; x_wconf 92' lang='lat' dir='ltr'><strong>Domino,</strong></span> <span class='ocrx_word' id='word_1_606' title='bbox 2062 5009 2128 5049; x_wconf 92' lang='lat' dir='ltr'><strong>ac</strong></span> 
     </span>
    </p>
   </div>
   <div class='ocr_carea' id='block_1_81' title="bbox 534 5081 2129 5152">
    <p class='ocr_par' dir='ltr' id='par_1_81' title="bbox 534 5081 2129 5152">
     <span class='ocr_line' id='line_1_81' title="bbox 534 5081 2129 5152; baseline 0.003 -19"><span class='ocrx_word' id='word_1_607' title='bbox 534 5081 679 5134; x_wconf 87' lang='lat' dir='ltr'><strong>mala</strong></span> <span class='ocrx_word' id='word_1_608' title='bbox 736 5097 858 5152; x_wconf 70' lang='lat' dir='ltr'><strong>quae</strong></span> <span class='ocrx_word' id='word_1_609' title='bbox 909 5092 1064 5138; x_wconf 90' lang='lat' dir='ltr'><strong>certo</strong></span> <span class='ocrx_word' id='word_1_610' title='bbox 1116 5085 1166 5139; x_wconf 93' lang='lat' dir='ltr'><strong>ei</strong></span> <span class='ocrx_word' id='word_1_611' title='bbox 1203 5099 1266 5140; x_wconf 91' lang='lat' dir='ltr'><strong>ac</strong></span> <span class='ocrx_word' id='word_1_612' title='bbox 1319 5083 1436 5139; x_wconf 89' lang='lat' dir='ltr'><strong>suis</strong></span> <span class='ocrx_word' id='word_1_613' title='bbox 1491 5094 1681 5140; x_wconf 89' lang='lat' dir='ltr'><strong>essent</strong></span> <span class='ocrx_word' id='word_1_614' title='bbox 1735 5095 2027 5149; x_wconf 86' lang='lat' dir='ltr'><strong>eventura,</strong></span> <span class='ocrx_word' id='word_1_615' title='bbox 2064 5100 2129 5139; x_wconf 87' lang='lat' dir='ltr'><strong>ac</strong></span> 
     </span>
    </p>
   </div>
   <div class='ocr_carea' id='block_1_82' title="bbox 535 5175 2130 5248">
    <p class='ocr_par' dir='ltr' id='par_1_82' title="bbox 535 5175 2130 5248">
     <span class='ocr_line' id='line_1_82' title="bbox 535 5175 2130 5248; baseline 0.003 -21"><span class='ocrx_word' id='word_1_616' title='bbox 535 5175 714 5244; x_wconf 90' lang='lat' dir='ltr'><strong>palam</strong></span> <span class='ocrx_word' id='word_1_617' title='bbox 754 5176 1280 5247; x_wconf 89' lang='lat' dir='ltr'><strong>reprehensionibus</strong></span> <span class='ocrx_word' id='word_1_618' title='bbox 1309 5175 1510 5232; x_wconf 87' lang='lat' dir='ltr'><strong>fuisset</strong></span> <span class='ocrx_word' id='word_1_619' title='bbox 1559 5178 1862 5248; x_wconf 90' lang='lat' dir='ltr'><strong>appetitus,</strong></span> <span class='ocrx_word' id='word_1_620' title='bbox 1901 5187 2130 5248; x_wconf 88' lang='lat' dir='ltr'><strong>propter</strong></span> 
     </span>
    </p>
   </div>
   <div class='ocr_carea' id='block_1_83' title="bbox 534 5269 2128 5340">
    <p class='ocr_par' dir='ltr' id='par_1_83' title="bbox 534 5269 2128 5340">
     <span class='ocr_line' id='line_1_83' title="bbox 534 5269 2128 5340; baseline 0.001 -17"><span class='ocrx_word' id='word_1_621' title='bbox 534 5269 702 5340; x_wconf 88' lang='lat' dir='ltr'><strong>impia</strong></span> <span class='ocrx_word' id='word_1_622' title='bbox 747 5284 812 5325; x_wconf 89' lang='lat' dir='ltr'><strong>ac</strong></span> <span class='ocrx_word' id='word_1_623' title='bbox 844 5269 1059 5326; x_wconf 87' lang='lat' dir='ltr'><strong>nefaria</strong></span> <span class='ocrx_word' id='word_1_624' title='bbox 1115 5270 1371 5325; x_wconf 87' lang='lat' dir='ltr'><strong>facinora</strong></span> <span class='ocrx_word' id='word_1_625' title='bbox 1427 5285 1550 5340; x_wconf 70' lang='lat' dir='ltr'><strong>qua:</strong></span> <span class='ocrx_word' id='word_1_626' title='bbox 1603 5278 1976 5338; x_wconf 86' lang='lat' dir='ltr'><strong>perpetrarat,</strong></span> <span class='ocrx_word' id='word_1_627' title='bbox 2019 5285 2128 5324; x_wconf 89' lang='lat' dir='ltr'><strong>non</strong></span> 
     </span>
    </p>
   </div>
   <div class='ocr_carea' id='block_1_84' title="bbox 610 5406 2075 5476">
    <p class='ocr_par' dir='ltr' id='par_1_84' title="bbox 610 5406 2075 5476">
     <span class='ocr_line' id='line_1_84' title="bbox 610 5406 2075 5476; baseline 0.003 -14"><span class='ocrx_word' id='word_1_628' title='bbox 610 5408 640 5449; x_wconf 71' lang='grc' dir='ltr'><strong>δ</strong></span> <span class='ocrx_word' id='word_1_629' title='bbox 672 5406 863 5464; x_wconf 82' lang='lat' dir='ltr'><strong>Matth.</strong></span> <span class='ocrx_word' id='word_1_630' title='bbox 897 5426 979 5476; x_wconf 89' lang='grc' dir='ltr'>ιιι,</span> <span class='ocrx_word' id='word_1_631' title='bbox 1015 5411 1102 5465; x_wconf 76' lang='lat' dir='ltr'><strong>ll.</strong></span> <span class='ocrx_word' id='word_1_632' title='bbox 1183 5419 1206 5447; x_wconf 75' lang='grc' dir='ltr'><strong>ο</strong></span> <span class='ocrx_word' id='word_1_633' title='bbox 1245 5409 1438 5467; x_wconf 86' lang='lat' dir='ltr'><strong>Matth.</strong></span> <span class='ocrx_word' id='word_1_634' title='bbox 1467 5406 1698 5473; x_wconf 74' lang='lat' dir='ltr'><strong>xtv,1,‘2.</strong></span> <span class='ocrx_word' id='word_1_635' title='bbox 1797 5409 1825 5450; x_wconf 71' lang='grc' dir='ltr'><em>δ</em></span> <span class='ocrx_word' id='word_1_636' title='bbox 1858 5410 1993 5464; x_wconf 90' lang='lat' dir='ltr'><strong>ibid.</strong></span> <span class='ocrx_word' id='word_1_637' title='bbox 2020 5411 2075 5467; x_wconf 75' lang='grc'>4.</span> 
     </span>
    </p>
   </div>
   <div class='ocr_carea' id='block_1_85' title="bbox 2155 4493 2203 4549">
    <p class='ocr_par' dir='ltr' id='par_1_85' title="bbox 2155 4493 2203 4549">
     <span class='ocr_line' id='line_1_85' title="bbox 2155 4493 2203 4549; baseline -0.063 0"><span class='ocrx_word' id='word_1_638' title='bbox 2155 4493 2203 4549; x_wconf 85' lang='lat' dir='ltr'><strong>D</strong></span> 
     </span>
    </p>
   </div>
   <div class='ocr_carea' id='block_1_86' title="bbox 2226 3339 3778 3410">
    <p class='ocr_par' dir='ltr' id='par_1_86' title="bbox 2226 3339 3778 3410">
     <span class='ocr_line' id='line_1_86' title="bbox 2226 3339 3778 3410; baseline -0.003 -20"><span class='ocrx_word' id='word_1_639' title='bbox 2226 3339 2404 3409; x_wconf 73' lang='grc' dir='ltr'>στῴνη</span> <span class='ocrx_word' id='word_1_640' title='bbox 2441 3339 2537 3410; x_wconf 78' lang='grc' dir='ltr'>τῆς</span> <span class='ocrx_word' id='word_1_641' title='bbox 2583 3340 2903 3410; x_wconf 84' lang='grc' dir='ltr'>παραλόγου</span> <span class='ocrx_word' id='word_1_642' title='bbox 2942 3339 3050 3393; x_wconf 85' lang='grc' dir='ltr'><strong>τῶν</strong></span> <span class='ocrx_word' id='word_1_643' title='bbox 3099 3339 3306 3410; x_wconf 79' lang='grc' dir='ltr'>ἡδονῶν</span> <span class='ocrx_word' id='word_1_644' title='bbox 3345 3339 3626 3410; x_wconf 79' lang='grc' dir='ltr'>ἐπιμιξίας</span> <span class='ocrx_word' id='word_1_645' title='bbox 3647 3352 3778 3389; x_wconf 73' lang='grc' dir='ltr'>κατα·</span> 
     </span>
    </p>
   </div>
   <div class='ocr_carea' id='block_1_87' title="bbox 2225 3426 3780 3502">
    <p class='ocr_par' dir='ltr' id='par_1_87' title="bbox 2225 3426 3780 3502">
     <span class='ocr_line' id='line_1_87' title="bbox 2225 3426 3780 3502; baseline 0.001 -19"><span class='ocrx_word' id='word_1_646' title='bbox 2225 3432 2589 3502; x_wconf 83' lang='grc' dir='ltr'>χωννύμενος,</span> <span class='ocrx_word' id='word_1_647' title='bbox 2637 3433 2746 3486; x_wconf 76' lang='grc' dir='ltr'>οὐδ’</span> <span class='ocrx_word' id='word_1_648' title='bbox 2779 3433 3064 3487; x_wconf 77' lang='grc' dir='ltr'>ἀνανεύειν</span> <span class='ocrx_word' id='word_1_649' title='bbox 3117 3432 3376 3502; x_wconf 64' lang='grc' dir='ltr'>ἡδύνατο,</span> <span class='ocrx_word' id='word_1_650' title='bbox 3413 3433 3534 3485; x_wconf 81' lang='grc' dir='ltr'>οὐδὲ</span> <span class='ocrx_word' id='word_1_651' title='bbox 3577 3430 3698 3500; x_wconf 75' lang='grc' dir='ltr'>πρὸς</span> <span class='ocrx_word' id='word_1_652' title='bbox 3738 3426 3780 3478; x_wconf 67' lang='grc' dir='ltr'><strong>τὺ</strong></span> 
     </span>
    </p>
   </div>
   <div class='ocr_carea' id='block_1_88' title="bbox 2223 3519 3780 3592">
    <p class='ocr_par' dir='ltr' id='par_1_88' title="bbox 2223 3519 3780 3592">
     <span class='ocr_line' id='line_1_88' title="bbox 2223 3519 3780 3592; baseline 0.003 -21"><span class='ocrx_word' id='word_1_653' title='bbox 2223 3521 2322 3587; x_wconf 73' lang='grc' dir='ltr'>τῆς</span> <span class='ocrx_word' id='word_1_654' title='bbox 2355 3519 2611 3590; x_wconf 81' lang='grc' dir='ltr'>ἀληθείας</span> <span class='ocrx_word' id='word_1_655' title='bbox 2659 3522 2970 3576; x_wconf 71' lang='grc' dir='ltr'>ἀπέϐλεπεν</span> <span class='ocrx_word' id='word_1_656' title='bbox 2995 3523 3144 3592; x_wconf 75' lang='grc' dir='ltr'>φῶςο</span> <span class='ocrx_word' id='word_1_657' title='bbox 3179 3522 3295 3576; x_wconf 81' lang='grc' dir='ltr'>ἀλλ’</span> <span class='ocrx_word' id='word_1_658' title='bbox 3335 3523 3536 3592; x_wconf 77' lang='grc' dir='ltr'>ἔμενεν</span> <span class='ocrx_word' id='word_1_659' title='bbox 3566 3521 3637 3591; x_wconf 81' lang='grc' dir='ltr'>τῷ</span> <span class='ocrx_word' id='word_1_660' title='bbox 3663 3519 3780 3590; x_wconf 72' lang='grc' dir='ltr'>βάρει</span> 
     </span>
    </p>
   </div>
   <div class='ocr_carea' id='block_1_89' title="bbox 2223 3610 3779 3685">
    <p class='ocr_par' dir='ltr' id='par_1_89' title="bbox 2223 3610 3779 3685">
     <span class='ocr_line' id='line_1_89' title="bbox 2223 3610 3779 3685; baseline -0.009 -10"><span class='ocrx_word' id='word_1_661' title='bbox 2223 3611 2324 3680; x_wconf 80' lang='grc' dir='ltr'>τῆς</span> <span class='ocrx_word' id='word_1_662' title='bbox 2369 3612 2679 3682; x_wconf 86' lang='grc' dir='ltr'>φιληδονίας</span> <span class='ocrx_word' id='word_1_663' title='bbox 2711 3615 3072 3685; x_wconf 77' lang='grc' dir='ltr'>καρηϐαρῶν.</span> <span class='ocrx_word' id='word_1_664' title='bbox 3129 3615 3188 3668; x_wconf 84' lang='lat'><strong>&#39;0</strong></span> <span class='ocrx_word' id='word_1_665' title='bbox 3223 3615 3302 3680; x_wconf 85' lang='grc' dir='ltr'>δὲ,</span> <span class='ocrx_word' id='word_1_666' title='bbox 3345 3615 3614 3682; x_wconf 79' lang='grc' dir='ltr'>ἐπέμενεν</span> <span class='ocrx_word' id='word_1_667' title='bbox 3634 3610 3779 3666; x_wconf 84' lang='grc' dir='ltr'>νουθε-</span> 
     </span>
    </p>
   </div>
   <div class='ocr_carea' id='block_1_90' title="bbox 2225 3702 3783 3776">
    <p class='ocr_par' dir='ltr' id='par_1_90' title="bbox 2225 3702 3783 3776">
     <span class='ocr_line' id='line_1_90' title="bbox 2225 3702 3783 3776; baseline 0.001 -21"><span class='ocrx_word' id='word_1_668' title='bbox 2225 3703 2334 3756; x_wconf 85' lang='grc' dir='ltr'><strong>τῶν</strong></span> <span class='ocrx_word' id='word_1_669' title='bbox 2355 3704 2623 3758; x_wconf 80' lang='grc' dir='ltr'>διδάσκων</span> <span class='ocrx_word' id='word_1_670' title='bbox 2643 3747 2658 3771; x_wconf 93' lang='grc'><strong>,</strong></span> <span class='ocrx_word' id='word_1_671' title='bbox 2700 3705 3110 3776; x_wconf 83' lang='grc' dir='ltr'>ὑποτιθέμενος,</span> <span class='ocrx_word' id='word_1_672' title='bbox 3143 3702 3233 3761; x_wconf 77' lang='grc' dir='ltr'>οἷα</span> <span class='ocrx_word' id='word_1_673' title='bbox 3276 3710 3367 3761; x_wconf 78' lang='grc' dir='ltr'>τὸν</span> <span class='ocrx_word' id='word_1_674' title='bbox 3407 3711 3505 3761; x_wconf 76' lang='grc' dir='ltr'>τοῦ</span> <span class='ocrx_word' id='word_1_675' title='bbox 3529 3705 3656 3760; x_wconf 78' lang='grc' dir='ltr'>Θεοῦ</span> <span class='ocrx_word' id='word_1_676' title='bbox 3680 3719 3783 3773; x_wconf 86' lang='grc' dir='ltr'>προ·</span> 
     </span>
    </p>
   </div>
   <div class='ocr_carea' id='block_1_91' title="bbox 2227 3797 3780 3870">
    <p class='ocr_par' dir='ltr' id='par_1_91' title="bbox 2227 3797 3780 3870">
     <span class='ocr_line' id='line_1_91' title="bbox 2227 3797 3780 3870; baseline 0.003 -23"><span class='ocrx_word' id='word_1_677' title='bbox 2227 3797 2408 3865; x_wconf 74' lang='grc' dir='ltr'>φήτην</span> <span class='ocrx_word' id='word_1_678' title='bbox 2438 3797 2606 3859; x_wconf 76' lang='grc' dir='ltr'>εἰκός.</span> <span class='ocrx_word' id='word_1_679' title='bbox 2649 3797 2708 3852; x_wconf 88' lang='lat'><strong>&#39;0</strong></span> <span class='ocrx_word' id='word_1_680' title='bbox 2739 3799 2816 3862; x_wconf 80' lang='grc' dir='ltr'>δὲ,</span> <span class='ocrx_word' id='word_1_681' title='bbox 2837 3799 3153 3868; x_wconf 80' lang='grc' dir='ltr'>καίπερ,ῶς</span> <span class='ocrx_word' id='word_1_682' title='bbox 3186 3816 3353 3870; x_wconf 78' lang='grc' dir='ltr'>φησιν</span> <span class='ocrx_word' id='word_1_683' title='bbox 3383 3801 3447 3854; x_wconf 82' lang='grc' dir='ltr'>τὸ</span> <span class='ocrx_word' id='word_1_684' title='bbox 3465 3797 3780 3866; x_wconf 76' lang='grc' dir='ltr'>Εὐαγγέλιον.</span> 
     </span>
    </p>
   </div>
   <div class='ocr_carea' id='block_1_92' title="bbox 2233 3887 3782 3960">
    <p class='ocr_par' dir='ltr' id='par_1_92' title="bbox 2233 3887 3782 3960">
     <span class='ocr_line' id='line_1_92' title="bbox 2233 3887 3782 3960; baseline -0.003 -22"><span class='ocrx_word' id='word_1_685' title='bbox 2233 3906 2250 3938; x_wconf 78' lang='grc' dir='ltr'><strong>ι</strong></span> <span class='ocrx_word' id='word_1_686' title='bbox 2296 3887 2465 3951; x_wconf 84' lang='grc' dir='ltr'>Εἰδὼς</span> <span class='ocrx_word' id='word_1_687' title='bbox 2496 3889 2660 3942; x_wconf 78' lang='grc' dir='ltr'>αὑτὸν</span> <span class='ocrx_word' id='word_1_688' title='bbox 2690 3889 2860 3960; x_wconf 79' lang='grc' dir='ltr'>ἄνδρα</span> <span class='ocrx_word' id='word_1_689' title='bbox 2893 3889 3104 3943; x_wconf 84' lang='grc' dir='ltr'>δίκαιον</span> <span class='ocrx_word' id='word_1_690' title='bbox 3129 3893 3224 3944; x_wconf 77' lang='grc' dir='ltr'>καὶ</span> <span class='ocrx_word' id='word_1_691' title='bbox 3257 3891 3440 3960; x_wconf 73' lang='grc' dir='ltr'>ἅγιον,</span> <span class='ocrx_word' id='word_1_692' title='bbox 3491 3892 3583 3944; x_wconf 78' lang='grc' dir='ltr'>καὶ</span> <span class='ocrx_word' id='word_1_693' title='bbox 3607 3887 3782 3942; x_wconf 78' lang='grc' dir='ltr'>ἀκούων</span> 
     </span>
    </p>
   </div>
   <div class='ocr_carea' id='block_1_93' title="bbox 2227 3976 3778 4053">
    <p class='ocr_par' dir='ltr' id='par_1_93' title="bbox 2227 3976 3778 4053">
     <span class='ocr_line' id='line_1_93' title="bbox 2227 3976 3778 4053; baseline 0.002 -26"><span class='ocrx_word' id='word_1_694' title='bbox 2227 3976 2418 4038; x_wconf 79' lang='grc' dir='ltr'>αὐτοῦ,</span> <span class='ocrx_word' id='word_1_695' title='bbox 2450 3978 2621 4032; x_wconf 84' lang='grc' dir='ltr'>πολλά</span> <span class='ocrx_word' id='word_1_696' title='bbox 2675 3979 2890 4032; x_wconf 81' lang='grc' dir='ltr'>ὲποίει’</span> <span class='ocrx_word' id='word_1_697' title='bbox 2945 3981 3042 4035; x_wconf 73' lang='grc' dir='ltr'>καὶ</span> <span class='ocrx_word' id='word_1_698' title='bbox 3103 3981 3276 4053; x_wconf 79' lang='grc' dir='ltr'>ἡδέως</span> <span class='ocrx_word' id='word_1_699' title='bbox 3325 3980 3496 4034; x_wconf 81' lang='grc' dir='ltr'>αὑτοῦ</span> <span class='ocrx_word' id='word_1_700' title='bbox 3544 3981 3778 4051; x_wconf 77' lang='grc' dir='ltr'>ἧκουεν,ι</span> 
     </span>
    </p>
   </div>
   <div class='ocr_carea' id='block_1_94' title="bbox 2227 4067 3783 4146">
    <p class='ocr_par' dir='ltr' id='par_1_94' title="bbox 2227 4067 3783 4146">
     <span class='ocr_line' id='line_1_94' title="bbox 2227 4067 3783 4146; baseline -0.001 -22"><span class='ocrx_word' id='word_1_701' title='bbox 2227 4071 2381 4124; x_wconf 80' lang='grc' dir='ltr'>οὐδὲν</span> <span class='ocrx_word' id='word_1_702' title='bbox 2410 4071 2614 4125; x_wconf 85' lang='grc' dir='ltr'>τούτων</span> <span class='ocrx_word' id='word_1_703' title='bbox 2645 4074 2881 4144; x_wconf 80' lang='grc' dir='ltr'>συνῆκεν</span> <span class='ocrx_word' id='word_1_704' title='bbox 2913 4075 3057 4141; x_wconf 82' lang='grc' dir='ltr'>τότε,</span> <span class='ocrx_word' id='word_1_705' title='bbox 3098 4074 3130 4145; x_wconf 84' lang='grc' dir='ltr'>ἢ</span> <span class='ocrx_word' id='word_1_706' title='bbox 3164 4075 3401 4130; x_wconf 85' lang='grc' dir='ltr'>συνιδεῖν</span> <span class='ocrx_word' id='word_1_707' title='bbox 3425 4075 3709 4146; x_wconf 76' lang='grc' dir='ltr'>προῄρητο.</span> <span class='ocrx_word' id='word_1_708' title='bbox 3729 4067 3783 4120; x_wconf 65' lang='lat' dir='ltr'><strong>Oti</strong></span> 
     </span>
    </p>
   </div>
   <div class='ocr_carea' id='block_1_95' title="bbox 2226 4163 3781 4238">
    <p class='ocr_par' dir='ltr' id='par_1_95' title="bbox 2226 4163 3781 4238">
     <span class='ocr_line' id='line_1_95' title="bbox 2226 4163 3781 4238; baseline 0.001 -23"><span class='ocrx_word' id='word_1_709' title='bbox 2226 4163 2316 4215; x_wconf 79' lang='grc' dir='ltr'><strong>τὸν</strong></span> <span class='ocrx_word' id='word_1_710' title='bbox 2348 4165 2641 4236; x_wconf 78' lang='grc' dir='ltr'>προφήτην</span> <span class='ocrx_word' id='word_1_711' title='bbox 2669 4168 2790 4227; x_wconf 84' lang='grc' dir='ltr'>ταῖς</span> <span class='ocrx_word' id='word_1_712' title='bbox 2828 4167 3248 4238; x_wconf 82' lang='grc' dir='ltr'>προσηκούσαις</span> <span class='ocrx_word' id='word_1_713' title='bbox 3281 4167 3698 4238; x_wconf 82' lang='grc' dir='ltr'>καταγεραίρειν</span> <span class='ocrx_word' id='word_1_714' title='bbox 3721 4179 3781 4212; x_wconf 81' lang='grc' dir='ltr'>τι·</span> 
     </span>
    </p>
   </div>
   <div class='ocr_carea' id='block_1_96' title="bbox 2233 4255 3780 4330">
    <p class='ocr_par' dir='ltr' id='par_1_96' title="bbox 2233 4255 3780 4330">
     <span class='ocr_line' id='line_1_96' title="bbox 2233 4255 3780 4330; baseline -0.012 -6"><span class='ocrx_word' id='word_1_715' title='bbox 2233 4261 2365 4328; x_wconf 80' lang='grc' dir='ltr'>μαῖς</span> <span class='ocrx_word' id='word_1_716' title='bbox 2386 4274 2398 4290; x_wconf 86' lang='grc'><strong><em>⁸</em></strong></span> <span class='ocrx_word' id='word_1_717' title='bbox 2423 4259 2484 4311; x_wconf 80' lang='grc' dir='ltr'>οὐ</span> <span class='ocrx_word' id='word_1_718' title='bbox 2506 4261 2568 4312; x_wconf 82' lang='grc' dir='ltr'>τὸ</span> <span class='ocrx_word' id='word_1_719' title='bbox 2604 4258 2742 4330; x_wconf 78' lang='grc' dir='ltr'>βαρὺ</span> <span class='ocrx_word' id='word_1_720' title='bbox 2778 4258 2876 4313; x_wconf 79' lang='grc' dir='ltr'>τοῦ</span> <span class='ocrx_word' id='word_1_721' title='bbox 2900 4261 3069 4330; x_wconf 81' lang='grc' dir='ltr'>νόμου</span> <span class='ocrx_word' id='word_1_722' title='bbox 3091 4259 3194 4314; x_wconf 83' lang='grc' dir='ltr'>κᾶν</span> <span class='ocrx_word' id='word_1_723' title='bbox 3239 4261 3317 4324; x_wconf 85' lang='grc' dir='ltr'><strong>ὡς</strong></span> <span class='ocrx_word' id='word_1_724' title='bbox 3343 4261 3405 4314; x_wconf 80' lang='grc' dir='ltr'>τὸ</span> <span class='ocrx_word' id='word_1_725' title='bbox 3429 4261 3588 4330; x_wconf 79' lang='grc' dir='ltr'>τυχὸν</span> <span class='ocrx_word' id='word_1_726' title='bbox 3605 4255 3780 4324; x_wconf 80' lang='grc' dir='ltr'>ὲνετρὰο</span> 
     </span>
    </p>
   </div>
   <div class='ocr_carea' id='block_1_97' title="bbox 2230 4348 3783 4423">
    <p class='ocr_par' dir='ltr' id='par_1_97' title="bbox 2230 4348 3783 4423">
     <span class='ocr_line' id='line_1_97' title="bbox 2230 4348 3783 4423; baseline -0.005 -18"><span class='ocrx_word' id='word_1_727' title='bbox 2230 4368 2306 4421; x_wconf 86' lang='grc' dir='ltr'><strong>πη</strong></span> <span class='ocrx_word' id='word_1_728' title='bbox 2329 4366 2342 4379; x_wconf 93' lang='grc'><strong>·</strong></span> <span class='ocrx_word' id='word_1_729' title='bbox 2376 4351 2498 4404; x_wconf 83' lang='grc' dir='ltr'>οὐδὲ</span> <span class='ocrx_word' id='word_1_730' title='bbox 2529 4351 2575 4402; x_wconf 89' lang='grc' dir='ltr'><strong>εί</strong></span> <span class='ocrx_word' id='word_1_731' title='bbox 2606 4354 2682 4422; x_wconf 87' lang='grc' dir='ltr'>μή</span> <span class='ocrx_word' id='word_1_732' title='bbox 2713 4369 2767 4405; x_wconf 88' lang='grc' dir='ltr'><strong>τι</strong></span> <span class='ocrx_word' id='word_1_733' title='bbox 2818 4353 2968 4418; x_wconf 80' lang='grc' dir='ltr'>ἄλλο,</span> <span class='ocrx_word' id='word_1_734' title='bbox 3006 4354 3110 4423; x_wconf 86' lang='grc' dir='ltr'>τήν</span> <span class='ocrx_word' id='word_1_735' title='bbox 3137 4370 3200 4422; x_wconf 89' lang='grc' dir='ltr'><strong>γε</strong></span> <span class='ocrx_word' id='word_1_736' title='bbox 3233 4353 3380 4407; x_wconf 80' lang='grc' dir='ltr'>κατὰ</span> <span class='ocrx_word' id='word_1_737' title='bbox 3435 4353 3542 4408; x_wconf 86' lang='grc' dir='ltr'><strong>τῶν</strong></span> <span class='ocrx_word' id='word_1_738' title='bbox 3567 4348 3783 4406; x_wconf 70' lang='grc' dir='ltr'>τοιούτοιν</span> 
     </span>
    </p>
   </div>
   <div class='ocr_carea' id='block_1_98' title="bbox 2229 4436 3783 4517">
    <p class='ocr_par' dir='ltr' id='par_1_98' title="bbox 2229 4436 3783 4517">
     <span class='ocr_line' id='line_1_98' title="bbox 2229 4436 3783 4517; baseline 0.004 -22"><span class='ocrx_word' id='word_1_739' title='bbox 2229 4443 2578 4514; x_wconf 76' lang='grc' dir='ltr'>ἐπαγομένην</span> <span class='ocrx_word' id='word_1_740' title='bbox 2609 4444 2824 4498; x_wconf 81' lang='grc' dir='ltr'>ἐκεῖθεν</span> <span class='ocrx_word' id='word_1_741' title='bbox 2861 4447 3064 4517; x_wconf 72' lang='grc' dir='ltr'>ᾐδέσθη</span> <span class='ocrx_word' id='word_1_742' title='bbox 3100 4454 3314 4517; x_wconf 78' lang='grc' dir='ltr'>ποινήν.</span> <span class='ocrx_word' id='word_1_743' title='bbox 3365 4445 3522 4500; x_wconf 83' lang='grc' dir='ltr'>Εἴπω</span> <span class='ocrx_word' id='word_1_744' title='bbox 3549 4462 3601 4497; x_wconf 87' lang='grc' dir='ltr'><strong>τι</strong></span> <span class='ocrx_word' id='word_1_745' title='bbox 3637 4436 3783 4513; x_wconf 71' lang='grc' dir='ltr'>μεῖζοδ</span> 
     </span>
    </p>
   </div>
   <div class='ocr_carea' id='block_1_99' title="bbox 2229 4527 3784 4610">
    <p class='ocr_par' dir='ltr' id='par_1_99' title="bbox 2229 4527 3784 4610">
     <span class='ocr_line' id='line_1_99' title="bbox 2229 4527 3784 4610; baseline -0.001 -22"><span class='ocrx_word' id='word_1_746' title='bbox 2229 4537 2321 4588; x_wconf 76' lang='grc' dir='ltr'>καὶ</span> <span class='ocrx_word' id='word_1_747' title='bbox 2347 4535 2801 4610; x_wconf 84' lang='grc' dir='ltr'>γνωριμώτερον;</span> <span class='ocrx_word' id='word_1_748' title='bbox 2843 4539 2968 4592; x_wconf 78' lang='grc' dir='ltr'>οὐδὲ</span> <span class='ocrx_word' id='word_1_749' title='bbox 2995 4542 3090 4592; x_wconf 70' lang='grc' dir='ltr'>τὸν</span> <span class='ocrx_word' id='word_1_750' title='bbox 3133 4538 3341 4609; x_wconf 78' lang='grc' dir='ltr'><strong>Ἀχαὰὀ</strong></span> <span class='ocrx_word' id='word_1_751' title='bbox 3389 4541 3634 4592; x_wconf 79' lang='grc' dir='ltr'>ἐκεῖνον’</span> <span class='ocrx_word' id='word_1_752' title='bbox 3677 4527 3784 4587; x_wconf 80' lang='grc' dir='ltr'><strong>ἀλλά</strong></span> 
     </span>
    </p>
   </div>
   <div class='ocr_carea' id='block_1_100' title="bbox 2229 4620 3785 4703">
    <p class='ocr_par' dir='ltr' id='par_1_100' title="bbox 2229 4620 3785 4703">
     <span class='ocr_line' id='line_1_100' title="bbox 2229 4620 3785 4703; baseline 0.002 -20"><span class='ocrx_word' id='word_1_753' title='bbox 2229 4630 2324 4683; x_wconf 66' lang='grc' dir='ltr'><strong>καλ⁵</strong></span> <span class='ocrx_word' id='word_1_754' title='bbox 2352 4633 2663 4699; x_wconf 84' lang='grc' dir='ltr'>γυναικεῖον</span> <span class='ocrx_word' id='word_1_755' title='bbox 2696 4631 3036 4703; x_wconf 82' lang='grc' dir='ltr'>ἀνδράποδον</span> <span class='ocrx_word' id='word_1_756' title='bbox 3073 4631 3414 4702; x_wconf 75' lang='grc' dir='ltr'>ἐμιμήσατο-</span> <span class='ocrx_word' id='word_1_757' title='bbox 3449 4631 3509 4695; x_wconf 78' lang='grc' dir='ltr'>ὃς</span> <span class='ocrx_word' id='word_1_758' title='bbox 3531 4629 3624 4700; x_wconf 79' lang='grc' dir='ltr'>τὴν</span> <span class='ocrx_word' id='word_1_759' title='bbox 3657 4620 3785 4686; x_wconf 67' lang='grc' dir='ltr'><strong>Ίεξά·</strong></span> 
     </span>
    </p>
   </div>
   <div class='ocr_carea' id='block_1_101' title="bbox 2229 4712 3783 4794">
    <p class='ocr_par' dir='ltr' id='par_1_101' title="bbox 2229 4712 3783 4794">
     <span class='ocr_line' id='line_1_101' title="bbox 2229 4712 3783 4794; baseline -0.003 -21"><span class='ocrx_word' id='word_1_760' title='bbox 2229 4721 2324 4774; x_wconf 80' lang='grc' dir='ltr'><strong>δελ</strong></span> <span class='ocrx_word' id='word_1_761' title='bbox 2357 4717 2468 4792; x_wconf 78' lang='grc' dir='ltr'>εἶχε</span> <span class='ocrx_word' id='word_1_762' title='bbox 2503 4723 2625 4776; x_wconf 84' lang='grc' dir='ltr'>τότε</span> <span class='ocrx_word' id='word_1_763' title='bbox 2653 4723 2756 4794; x_wconf 81' lang='grc' dir='ltr'>τῆς</span> <span class='ocrx_word' id='word_1_764' title='bbox 2809 4723 3128 4792; x_wconf 78' lang='grc' dir='ltr'>πολυθεϊας,</span> <span class='ocrx_word' id='word_1_765' title='bbox 3185 4727 3263 4788; x_wconf 84' lang='grc' dir='ltr'>ὡς</span> <span class='ocrx_word' id='word_1_766' title='bbox 3290 4723 3387 4777; x_wconf 81' lang='grc' dir='ltr'>νῦν</span> <span class='ocrx_word' id='word_1_767' title='bbox 3440 4722 3542 4792; x_wconf 82' lang='grc' dir='ltr'>τῆς</span> <span class='ocrx_word' id='word_1_768' title='bbox 3572 4712 3783 4785; x_wconf 75' lang='grc' dir='ltr'>λαγνείας</span> 
     </span>
    </p>
   </div>
   <div class='ocr_carea' id='block_1_102' title="bbox 2229 4803 3784 4889">
    <p class='ocr_par' dir='ltr' id='par_1_102' title="bbox 2229 4803 3784 4889">
     <span class='ocr_line' id='line_1_102' title="bbox 2229 4803 3784 4889; baseline -0.005 -25"><span class='ocrx_word' id='word_1_769' title='bbox 2229 4807 2383 4876; x_wconf 71' lang='grc' dir='ltr'>οὗτος</span> <span class='ocrx_word' id='word_1_770' title='bbox 2411 4815 2509 4885; x_wconf 82' lang='grc' dir='ltr'>τὴν</span> <span class='ocrx_word' id='word_1_771' title='bbox 2548 4813 2871 4885; x_wconf 79' lang='grc' dir='ltr'>Ἡρωδιάδα,</span> <span class='ocrx_word' id='word_1_772' title='bbox 2907 4817 3253 4874; x_wconf 78' lang='grc' dir='ltr'>διδάσκαλον,</span> <span class='ocrx_word' id='word_1_773' title='bbox 3293 4819 3354 4872; x_wconf 89' lang='lat'><strong>&#39;0</strong></span> <span class='ocrx_word' id='word_1_774' title='bbox 3383 4819 3484 4889; x_wconf 85' lang='grc' dir='ltr'>μὲν</span> <span class='ocrx_word' id='word_1_775' title='bbox 3529 4813 3634 4884; x_wconf 84' lang='grc' dir='ltr'>γὰρ</span> <span class='ocrx_word' id='word_1_776' title='bbox 3654 4803 3784 4862; x_wconf 74' lang='grc' dir='ltr'>ἀκού-</span> 
     </span>
    </p>
   </div>
   <div class='ocr_carea' id='block_1_103' title="bbox 2238 4903 3781 4981">
    <p class='ocr_par' dir='ltr' id='par_1_103' title="bbox 2238 4903 3781 4981">
     <span class='ocr_line' id='line_1_103' title="bbox 2238 4903 3781 4981; baseline -0.008 -25"><span class='ocrx_word' id='word_1_777' title='bbox 2238 4921 2338 4966; x_wconf 90' lang='grc' dir='ltr'><strong>σας</strong></span> <span class='ocrx_word' id='word_1_778' title='bbox 2363 4904 2716 4975; x_wconf 79' lang='grc' dir='ltr'>παράἮλιοῦ</span> <span class='ocrx_word' id='word_1_779' title='bbox 2737 4907 2833 4960; x_wconf 78' lang='grc' dir='ltr'>τοῦ</span> <span class='ocrx_word' id='word_1_780' title='bbox 2856 4908 3122 4963; x_wconf 79' lang='grc' dir='ltr'>Θεσόίτου</span> <span class='ocrx_word' id='word_1_781' title='bbox 3153 4911 3244 4964; x_wconf 79' lang='grc' dir='ltr'><strong>τὸν</strong></span> <span class='ocrx_word' id='word_1_782' title='bbox 3277 4910 3448 4981; x_wconf 72' lang='grc' dir='ltr'>θυμὸν</span> <span class='ocrx_word' id='word_1_783' title='bbox 3469 4908 3526 4968; x_wconf 83' lang='grc' dir='ltr'>ὃς</span> <span class='ocrx_word' id='word_1_784' title='bbox 3555 4903 3781 4972; x_wconf 82' lang='grc' dir='ltr'>ἀνήπτετο</span> 
     </span>
    </p>
   </div>
   <div class='ocr_carea' id='block_1_104' title="bbox 2232 4989 3782 5078">
    <p class='ocr_par' dir='ltr' id='par_1_104' title="bbox 2232 4989 3782 5078">
     <span class='ocr_line' id='line_1_104' title="bbox 2232 4989 3782 5078; baseline -0.003 -29"><span class='ocrx_word' id='word_1_785' title='bbox 2232 4998 2356 5050; x_wconf 86' lang='grc' dir='ltr'>κατ’</span> <span class='ocrx_word' id='word_1_786' title='bbox 2390 4997 2556 5052; x_wconf 80' lang='grc' dir='ltr'>αὐτοῦ</span> <span class='ocrx_word' id='word_1_787' title='bbox 2590 5000 2746 5072; x_wconf 86' lang='grc' dir='ltr'><strong>παρά</strong></span> <span class='ocrx_word' id='word_1_788' title='bbox 2774 5000 3004 5072; x_wconf 84' lang='grc' dir='ltr'>Κυρίου,</span> <span class='ocrx_word' id='word_1_789' title='bbox 3029 5003 3123 5056; x_wconf 75' lang='grc' dir='ltr'>καὶ</span> <span class='ocrx_word' id='word_1_790' title='bbox 3150 5001 3222 5055; x_wconf 80' lang='grc' dir='ltr'>τὰ</span> <span class='ocrx_word' id='word_1_791' title='bbox 3263 5002 3528 5078; x_wconf 82' lang='grc' dir='ltr'>μέλλοντα</span> <span class='ocrx_word' id='word_1_792' title='bbox 3552 4989 3782 5078; x_wconf 57' lang='grc' dir='ltr'>προῦπτον</span> 
     </span>
    </p>
   </div>
   <div class='ocr_carea' id='block_1_105' title="bbox 2233 5076 3782 5159">
    <p class='ocr_par' dir='ltr' id='par_1_105' title="bbox 2233 5076 3782 5159">
     <span class='ocr_line' id='line_1_105' title="bbox 2233 5076 3782 5159; baseline -0.005 -17"><span class='ocrx_word' id='word_1_793' title='bbox 2233 5091 2387 5159; x_wconf 82' lang='grc' dir='ltr'>αὐτῷ</span> <span class='ocrx_word' id='word_1_794' title='bbox 2424 5107 2482 5144; x_wconf 83' lang='grc' dir='ltr'><strong>τε</strong></span> <span class='ocrx_word' id='word_1_795' title='bbox 2515 5093 2750 5156; x_wconf 75' lang='grc' dir='ltr'>καὶτοῖς</span> <span class='ocrx_word' id='word_1_796' title='bbox 2782 5093 2950 5147; x_wconf 79' lang='grc' dir='ltr'>αὐτοῦ</span> <span class='ocrx_word' id='word_1_797' title='bbox 2988 5095 3203 5148; x_wconf 76' lang='grc' dir='ltr'>ἐπιέναι</span> <span class='ocrx_word' id='word_1_798' title='bbox 3237 5093 3408 5157; x_wconf 85' lang='grc' dir='ltr'>κακὰ,</span> <span class='ocrx_word' id='word_1_799' title='bbox 3445 5091 3536 5146; x_wconf 74' lang='grc' dir='ltr'>καὶ</span> <span class='ocrx_word' id='word_1_800' title='bbox 3577 5076 3782 5158; x_wconf 76' lang='grc' dir='ltr'>φανερῶς</span> 
     </span>
    </p>
   </div>
   <div class='ocr_carea' id='block_1_106' title="bbox 2233 5170 3780 5271">
    <p class='ocr_par' dir='ltr' id='par_1_106' title="bbox 2233 5170 3780 5271">
     <span class='ocr_line' id='line_1_106' title="bbox 2233 5170 3780 5271; baseline -0.02 -16"><span class='ocrx_word' id='word_1_801' title='bbox 2233 5187 2346 5246; x_wconf 70' lang='grc' dir='ltr'><strong>τοῖς</strong></span> <span class='ocrx_word' id='word_1_802' title='bbox 2378 5184 2624 5255; x_wconf 75' lang='grc' dir='ltr'>ἐλέγχοις</span> <span class='ocrx_word' id='word_1_803' title='bbox 2670 5185 2912 5256; x_wconf 73' lang='grc' dir='ltr'>βληθεὶς.</span> <span class='ocrx_word' id='word_1_804' title='bbox 2949 5186 3016 5239; x_wconf 80' lang='grc' dir='ltr'><strong>δι’</strong></span> <span class='ocrx_word' id='word_1_805' title='bbox 3045 5185 3112 5250; x_wconf 72' lang='grc' dir='ltr'>ἃς</span> <span class='ocrx_word' id='word_1_806' title='bbox 3153 5185 3515 5255; x_wconf 76' lang='grc' dir='ltr'>ἐξειργάσατο</span> <span class='ocrx_word' id='word_1_807' title='bbox 3543 5170 3780 5271; x_wconf 36' lang='grc' dir='ltr'>πονηρίαιςτ</span> 
     </span>
    </p>
   </div>
   <div class='ocr_carea' id='block_1_107' title="bbox 2236 5269 3783 5349">
    <p class='ocr_par' dir='ltr' id='par_1_107' title="bbox 2236 5269 3783 5349">
     <span class='ocr_line' id='line_1_107' title="bbox 2236 5269 3783 5349; baseline -0.008 -20"><span class='ocrx_word' id='word_1_808' title='bbox 2236 5278 2332 5329; x_wconf 72' lang='grc' dir='ltr'>καὶ</span> <span class='ocrx_word' id='word_1_809' title='bbox 2365 5277 2660 5348; x_wconf 84' lang='grc' dir='ltr'>ἀθεμίτους</span> <span class='ocrx_word' id='word_1_810' title='bbox 2692 5279 3101 5349; x_wconf 86' lang='grc' dir='ltr'>ἀνοσιουργίας,</span> <span class='ocrx_word' id='word_1_811' title='bbox 3131 5278 3230 5331; x_wconf 76' lang='grc' dir='ltr'>οὐκ</span> <span class='ocrx_word' id='word_1_812' title='bbox 3269 5276 3640 5347; x_wconf 71' lang='grc' dir='ltr'>ἠγανάκτησεν</span> <span class='ocrx_word' id='word_1_813' title='bbox 3663 5279 3674 5293; x_wconf 84' lang='grc'><em>’</em></span> <span class='ocrx_word' id='word_1_814' title='bbox 3709 5269 3783 5310; x_wconf 73' lang='grc' dir='ltr'><strong>ουκ</strong></span> 
     </span>
    </p>
   </div>
   <div class='ocr_carea' id='block_1_108' title="bbox 1877 5502 2543 5561">
    <p class='ocr_par' dir='ltr' id='par_1_108' title="bbox 1877 5502 2543 5561">
     <span class='ocr_line' id='line_1_108' title="bbox 1877 5502 2543 5561; baseline -0.006 -1"><span class='ocrx_word' id='word_1_815' title='bbox 1877 5504 2268 5561; x_wconf 79' lang='lat' dir='ltr'><strong>COMBEFISII</strong></span> <span class='ocrx_word' id='word_1_816' title='bbox 2306 5502 2543 5558; x_wconf 67' lang='lat' dir='ltr'><strong>NOTAE.</strong></span> 
     </span>
    </p>
   </div>
   <div class='ocr_carea' id='block_1_109' title="bbox 540 5594 2128 5662">
    <p class='ocr_par' dir='ltr' id='par_1_109' title="bbox 540 5594 2128 5662">
     <span class='ocr_line' id='line_1_109' title="bbox 540 5594 2128 5662; baseline 0.004 -16"><span class='ocrx_word' id='word_1_817' title='bbox 540 5594 905 5651; x_wconf 77' lang='lat' dir='ltr'><strong>sacerdotes?</strong></span> <span class='ocrx_word' id='word_1_818' title='bbox 941 5595 1150 5651; x_wconf 84' lang='lat' dir='ltr'><strong>Summi</strong></span> <span class='ocrx_word' id='word_1_819' title='bbox 1198 5613 1330 5651; x_wconf 86' lang='lat' dir='ltr'><strong>vero</strong></span> <span class='ocrx_word' id='word_1_820' title='bbox 1363 5597 1672 5654; x_wconf 89' lang='lat' dir='ltr'><strong>sacerdotis</strong></span> <span class='ocrx_word' id='word_1_821' title='bbox 1703 5597 1898 5662; x_wconf 90' lang='lat' dir='ltr'><strong>nostri,</strong></span> <span class='ocrx_word' id='word_1_822' title='bbox 1941 5611 2128 5653; x_wconf 85' lang='lat' dir='ltr'><strong>sacer-</strong></span> 
     </span>
    </p>
   </div>
   <div class='ocr_carea' id='block_1_110' title="bbox 542 5667 2125 5736">
    <p class='ocr_par' dir='ltr' id='par_1_110' title="bbox 542 5667 2125 5736">
     <span class='ocr_line' id='line_1_110' title="bbox 542 5667 2125 5736; baseline 0.004 -19"><span class='ocrx_word' id='word_1_823' title='bbox 542 5667 726 5720; x_wconf 79' lang='lat' dir='ltr'><strong>dotem</strong></span> <span class='ocrx_word' id='word_1_824' title='bbox 782 5667 976 5735; x_wconf 87' lang='lat' dir='ltr'><strong>fuisse,</strong></span> <span class='ocrx_word' id='word_1_825' title='bbox 1027 5682 1092 5720; x_wconf 88' lang='lat' dir='ltr'><strong>ac</strong></span> <span class='ocrx_word' id='word_1_826' title='bbox 1146 5669 1199 5722; x_wconf 94' lang='lat' dir='ltr'><strong>in</strong></span> <span class='ocrx_word' id='word_1_827' title='bbox 1238 5683 1405 5732; x_wconf 90' lang='lat' dir='ltr'><strong>eum,</strong></span> <span class='ocrx_word' id='word_1_828' title='bbox 1455 5669 1864 5724; x_wconf 90' lang='lat' dir='ltr'><strong>bierarchicum</strong></span> <span class='ocrx_word' id='word_1_829' title='bbox 1917 5667 2125 5736; x_wconf 86' lang='lat' dir='ltr'><strong>aliquid</strong></span> 
     </span>
    </p>
   </div>
   <div class='ocr_carea' id='block_1_111' title="bbox 545 5736 2128 5806">
    <p class='ocr_par' dir='ltr' id='par_1_111' title="bbox 545 5736 2128 5806">
     <span class='ocr_line' id='line_1_111' title="bbox 545 5736 2128 5806; baseline 0.003 -19"><span class='ocrx_word' id='word_1_830' title='bbox 545 5736 733 5806; x_wconf 74' lang='lat' dir='ltr'><strong>divina</strong></span> <span class='ocrx_word' id='word_1_831' title='bbox 771 5738 1042 5805; x_wconf 87' lang='lat' dir='ltr'><strong>peculiari</strong></span> <span class='ocrx_word' id='word_1_832' title='bbox 1076 5737 1430 5794; x_wconf 90' lang='lat' dir='ltr'><strong>ordinatione</strong></span> <span class='ocrx_word' id='word_1_833' title='bbox 1462 5741 1803 5802; x_wconf 89' lang='lat' dir='ltr'><strong>exercuisse,</strong></span> <span class='ocrx_word' id='word_1_834' title='bbox 1835 5739 1939 5793; x_wconf 89' lang='lat' dir='ltr'><strong>hoc</strong></span> <span class='ocrx_word' id='word_1_835' title='bbox 1966 5739 2128 5806; x_wconf 90' lang='lat' dir='ltr'><strong>plane</strong></span> 
     </span>
    </p>
   </div>
   <div class='ocr_carea' id='block_1_112' title="bbox 547 5803 2142 5880">
    <p class='ocr_par' dir='ltr' id='par_1_112' title="bbox 547 5803 2142 5880">
     <span class='ocr_line' id='line_1_112' title="bbox 547 5803 2142 5880; baseline 0.003 -20"><span class='ocrx_word' id='word_1_836' title='bbox 547 5803 791 5862; x_wconf 75' lang='lat' dir='ltr'><strong>Joannes</strong></span> <span class='ocrx_word' id='word_1_837' title='bbox 815 5808 1344 5876; x_wconf 81' lang='lat' dir='ltr'><strong>incomtnunicabUe</strong></span> <span class='ocrx_word' id='word_1_838' title='bbox 1377 5810 1587 5880; x_wconf 88' lang='lat' dir='ltr'><strong>habuit,</strong></span> <span class='ocrx_word' id='word_1_839' title='bbox 1617 5826 1743 5866; x_wconf 84' lang='lat' dir='ltr'><strong>cum</strong></span> <span class='ocrx_word' id='word_1_840' title='bbox 1772 5810 1892 5879; x_wconf 91' lang='lat' dir='ltr'><strong>ipso</strong></span> <span class='ocrx_word' id='word_1_841' title='bbox 1923 5803 2142 5878; x_wconf 83' lang='lat' dir='ltr'><strong>iubente</strong></span> 
     </span>
    </p>
   </div>
   <div class='ocr_carea' id='block_1_113' title="bbox 2236 5576 3774 5672">
    <p class='ocr_par' dir='ltr' id='par_1_113' title="bbox 2236 5576 3774 5672">
     <span class='ocr_line' id='line_1_113' title="bbox 2236 5576 3774 5672; baseline -0.008 -21"><span class='ocrx_word' id='word_1_842' title='bbox 2236 5597 2328 5672; x_wconf 85' lang='lat' dir='ltr'><strong>vix</strong></span> <span class='ocrx_word' id='word_1_843' title='bbox 2366 5597 2588 5672; x_wconf 80' lang='lat' dir='ltr'><strong>tandem</strong></span> <span class='ocrx_word' id='word_1_844' title='bbox 2622 5595 2846 5672; x_wconf 81' lang='lat' dir='ltr'><strong>cedens,</strong></span> <span class='ocrx_word' id='word_1_845' title='bbox 2885 5612 3108 5672; x_wconf 64' lang='lat' dir='ltr'><strong>sacrum</strong></span> <span class='ocrx_word' id='word_1_846' title='bbox 3143 5595 3262 5672; x_wconf 81' lang='lat' dir='ltr'><strong>ejus</strong></span> <span class='ocrx_word' id='word_1_847' title='bbox 3296 5596 3552 5672; x_wconf 78' lang='lat' dir='ltr'><strong>verticem</strong></span> <span class='ocrx_word' id='word_1_848' title='bbox 3585 5576 3774 5672; x_wconf 36' lang='lat' dir='ltr'><strong>solertia“</strong></span> 
     </span>
    </p>
   </div>
   <div class='ocr_carea' id='block_1_114' title="bbox 2238 5655 3774 5747">
    <p class='ocr_par' dir='ltr' id='par_1_114' title="bbox 2238 5655 3774 5747">
     <span class='ocr_line' id='line_1_114' title="bbox 2238 5655 3774 5747; baseline -0.012 -25"><span class='ocrx_word' id='word_1_849' title='bbox 2238 5669 2346 5747; x_wconf 85' lang='lat' dir='ltr'><strong>ritu</strong></span> <span class='ocrx_word' id='word_1_850' title='bbox 2380 5667 2743 5747; x_wconf 71' lang='lat' dir='ltr'><strong>baptismatis</strong></span> <span class='ocrx_word' id='word_1_851' title='bbox 2765 5655 2962 5747; x_wconf 82' lang='lat' dir='ltr'><strong>tinxit._</strong></span> <span class='ocrx_word' id='word_1_852' title='bbox 2986 5655 3310 5747; x_wconf 58' lang='lat' dir='ltr'><strong>Quam&#39;ipsj</strong></span> <span class='ocrx_word' id='word_1_853' title='bbox 3346 5660 3617 5738; x_wconf 69' lang='lat' dir='ltr'><strong>qumrcndi</strong></span> <span class='ocrx_word' id='word_1_854' title='bbox 3682 5655 3774 5708; x_wconf 82' lang='lat' dir='ltr'><strong>lou-</strong></span> 
     </span>
    </p>
   </div>
   <div class='ocr_carea' id='block_1_115' title="bbox 2237 5737 3302 5809">
    <p class='ocr_par' dir='ltr' id='par_1_115' title="bbox 2237 5737 3302 5809">
     <span class='ocr_line' id='line_1_115' title="bbox 2237 5737 3302 5809; baseline -0.003 -17"><span class='ocrx_word' id='word_1_855' title='bbox 2237 5746 2342 5802; x_wconf 89' lang='lat' dir='ltr'><strong>tes,</strong></span> <span class='ocrx_word' id='word_1_856' title='bbox 2378 5746 2438 5792; x_wconf 84' lang='lat' dir='ltr'><strong>ut</strong></span> <span class='ocrx_word' id='word_1_857' title='bbox 2460 5738 2588 5809; x_wconf 81' lang='lat' dir='ltr'><strong>quis</strong></span> <span class='ocrx_word' id='word_1_858' title='bbox 2624 5745 2885 5794; x_wconf 86' lang='lat' dir='ltr'><strong>auctores</strong></span> <span class='ocrx_word' id='word_1_859' title='bbox 2917 5739 3101 5795; x_wconf 80' lang='lat' dir='ltr'><strong>videre</strong></span> <span class='ocrx_word' id='word_1_860' title='bbox 3137 5737 3302 5792; x_wconf 84' lang='lat' dir='ltr'><strong>velit!</strong></span> 
     </span>
    </p>
   </div>
  </div>
