4012 6470
423 444 562 511 1119

1486 446 1493 459 ‘
1592 444 1654 503 S.
1699 440 2027 502 ANDREA“.
2068 436 2493 499 CRETENSIS

3578 427 3722 492 ΗΞ)

420 562 536 615 ﬁlia
591 560 769 631 ipsius
825 557 1181 621 Herodiadis,
1218 564 1272 611 et
1298 555 1581 619 saltasset,
1611 560 1669 608 et
1701 553 2009 623 placuisset

2119 550 2214 619 τῆς
2239 548 2555 611 Γαλιλαίας.
2594 546 2704 600 Καὶ
2729 545 3089 614 εἰσελθούσης
3114 543 3211 613 τῆς
3237 542 3514 616 θυγατρὸς
3541 542 3727 614 αὑτῆς

418 650 649 716 Herodi,
682 651 959 720 simulque
990 650 1483 709 recumbentibus,
1540 661 1635 699 rex
1664 646 1744 699 ait
1773 645 2006 715 puellae:

416 742 556 799 Pete
585 760 617 797 a
651 759 739 797 me
791 742 939 812 quod
971 742 1072 806 vis,
1106 749 1162 797 et
1194 741 1341 796 dabo
1381 741 1503 806 tibi,
1532 736 1814 813 usquead
1847 737 2013 791 dimi-

418 836 571 890 dium
634 834 791 905 regni
834 834 960 890 mei.
999 832 1159 889 Unde
1203 850 1333 888 cum
1370 834 1695 902 juramento
1726 832 2012 903 pollicitus

415 936 504 982 est
522 928 570 982 ei
594 928 724 981 dare
749 925 1024 995 quidquid
1073 927 1432 996 postulasset.
1469 927 1604 993 Quae
1627 942 1754 980 cum
1779 927 2010 991 exisset,

417 1018 559 1072 dixit
590 1020 751 1070 matri
788 1034 907 1074 sua:
933 1037 945 1073 ε
976 1017 1119 1084 Quid
1147 1018 1368 1088 petam?
1400 1021 1471 1072 At
1496 1018 1588 1071 illa
1619 1018 1761 1072 dixit
1795 1037 1807 1071 :
1834 1019 2015 1088 Caput

412 1107 646 1165 Joannis
678 1110 961 1180 Baptistae.
985 1109 1236 1179 Cumque
1272 1111 1562 1165 introisset
1582 1112 1767 1165 statim
1788 1126 1912 1165 cum
1935 1110 2016 1165 fe-

418 1201 723 1256 stinatione
744 1202 809 1256 ad
843 1218 1051 1271 regem,
1078 1203 1448 1273 petiitdicens
1478 1203 1648 1257 :Volo
1679 1203 2013 1274 utprotinus

417 1292 514 1347 des
548 1293 678 1347 mibi
717 1296 772 1347 in
806 1294 963 1348 disco
993 1302 1156 1361 caput
1182 1294 1420 1350 Joannis
1464 1294 1749 1365 Baptistae.
1780 1295 1845 1350 Et
1877 1311 2015 1351 con-

421 1384 678 1437 tristatus
713 1395 798 1438 est
833 1401 929 1438 rex
963 1401 975 1436 :
1013 1384 1653 1455 propterjusjuramlum
1686 1393 1743 1441 et
1783 1393 2014 1456 propter

417 1475 585 1528 simul
604 1464 1040 1540 discumbentes,
1072 1476 1253 1530 noluit
1272 1492 1406 1545 eam.
1423 1475 1661 1546 rejicere
1696 1495 1709 1531 :
1731 1477 2015 1546 missoque

423 1565 613 1618 statim
670 1566 1036 1634 spiculatore,
1073 1568 1338 1638 praecepit
1374 1567 1560 1624 aﬂerri
1602 1576 1767 1639 caput
1800 1568 1920 1637 ejus
1953 1568 2010 1623 in

416 1655 594 1710 disco.
658 1657 863 1727 llleque
899 1659 1092 1731 abiens
1141 1659 1448 1714 decollavit
1477 1676 1602 1716 eum
1654 1662 1709 1715 in
1760 1676 2009 1726 carcere,

417 1757 474 1803 et
502 1749 688 1803 attulit
709 1758 876 1819 caput
909 1749 1031 1820 ejus
1058 1751 1110 1804 in
1141 1751 1326 1818 disco;
1353 1761 1407 1807 et
1429 1752 1580 1807 dedit
1615 1753 1746 1806 iliud
1775 1752 1968 1822 puellae
1995 1747 2035 1807 τ’

417 1848 476 1895 et
522 1841 705 1911 puella
742 1841 897 1896 dedit
950 1842 1112 1896 matri
1146 1859 1264 1898 suae
1302 1845 1348 1896 ί.
1391 1863 1410 1896 ι
1446 1843 1491 1899 Ο
1532 1845 1768 1901 acerbos
1799 1846 2011 1900 natales

2114 640 2216 709 τῆς
2283 638 2635 711 Ἡρωδιάδος,
2696 639 2793 692 καὶ
2848 638 3265 709 ὀρχησαμένης.
3299 636 3395 688 καὶ
3431 635 3727 705 ἀρεσάσης

2112 730 2191 801 τῷ
2238 729 2475 802 Ἡρώδῃ,
2511 730 2609 782 καί¹
2638 731 2748 792 τοῖς
2781 728 3291 797 συνανακειμένοις,
3317 721 3471 778 εἶπεν
3501 728 3529 778 ό
3556 726 3725 795 βασι-

2113 824 2240 887 λεὺς
2269 823 2346 894 τῷ
2365 822 2630 894 κορασίῳο
2657 821 2892 892 Αἴτησόν
2918 837 2984 891 με
3018 820 3047 873 ὃ
3082 819 3178 873 ὲάν
3210 818 3389 890 θέλῃς,
3428 818 3526 871 καὶ
3554 815 3727 870 δώσω

2120 934 2226 982 σοι,
2252 915 2356 979 ἕως
2380 916 2615 984 ήμῖσους
2632 913 2732 983 τῆς
2753 913 3035 983 βασιλείας
3062 926 3186 981 μου.
3216 908 3380 961 Ὅθεν
3400 908 3522 978 μεθ’
3545 909 3722 979 ὅρκου

2115 1007 2476 1077 ὡμολόγησεν
2535 1007 2677 1077 αὐτῇ
2745 1004 2932 1059 δοῦναι
2992 1003 3021 1057 ὃ
3075 1006 3171 1057 ἐὰν
3199 1002 3518 1072 αἰτήσηται.
3561 1002 3723 1058 Ἡδδ

2116 1099 2434 1163 ἐξελθοῦσα,
2483 1094 2639 1151 εἶπεν
2698 1100 2765 1168 τῇ
2821 1095 2992 1167 μητρὶ
3034 1096 3235 1164 αὐτῆς.
3272 1095 3338 1149 Τί
3370 1096 3715 1165 αίτήσομαις

2128 1190 2191 1243 ΊΙ
2210 1191 2265 1243 δέ
2296 1186 2455 1243 εἶπεν
2477 1206 2491 1221 ·
2523 1189 2634 1260 Τήν
2662 1188 2909 1258 κεφαλὴν
2954 1186 3208 1240 Ἰωάννου
3241 1186 3337 1241 τοῦ
3373 1185 3716 1242 Βαπτιστοῦ.

2114 1284 2229 1337 Καὶ
2257 1281 2581 1336 εἰσελθοῦσα
2608 1277 2814 1344 εὐθέως
2869 1279 3009 1351 μετά
3042 1278 3280 1348 σπουδῆς
3309 1281 3448 1349 πρὸς
3482 1279 3575 1332 τον
3618 1277 3723 1348 βα-

2116 1378 2289 1441 σιλέα,
2326 1376 2570 1447 ᾐτήσατο
2597 1375 2859 1443 λέγουσα·
2887 1373 3040 1425 Θέλω
3069 1372 3156 1424 ἵνα
3208 1389 3301 1442 μοι
3331 1371 3438 1441 δῷς
3463 1369 3724 1438 ἐξαύτῆς

2115 1467 2210 1519 ἐπὶ
2263 1467 2458 1519 πίνακι
2517 1465 2620 1535 τὴν
2654 1463 2899 1533 κεφαλὴν
2936 1461 3188 1515 Ἰωάννου
3243 1460 3341 1513 τοῦ
3376 1461 3717 1515 Βαπτιστοῦ.

2114 1560 2227 1613 Καὶ
2261 1560 2565 1630 περίλυπος
2621 1558 2917 1627 γενόμενος
2962 1557 2989 1608 ὁ
3030 1554 3310 1625 βασιλεὺς,
3353 1553 3444 1606 διὰ
3472 1554 3603 1616 τοὺς
3623 1553 3725 1623 ὅρ-

2115 1670 2246 1717 κους
2276 1653 2526 1715 καὶτοὺς
2567 1648 3092 1719 συνανακειμένους,
3145 1647 3247 1699 οὐκ
3295 1645 3564 1715 ἠθέλησεν
3596 1646 3724 1700 ἀθε-

2113 1745 2280 1814 τῆσαι
2340 1746 2555 1815 αὐτήν·
2620 1742 2716 1796 καί⁵
2768 1741 2972 1804 εὐθέως
3029 1738 3362 1801 ἀποστείλας
3409 1736 3722 1791 σπεκουλά-

2114 1853 2287 1907 τωρα,
2350 1834 2614 1901 ἐπέταξεν
2662 1833 2950 1904 ἐνεχθῆναι
2983 1832 3083 1900 τήν
3115 1829 3367 1900 κεφαλὴν
3413 1828 3606 1882 αὐτοῦ.
3657 1830 3719 1882 ’0

419 1948 485 1986 ac
542 1949 758 1989 caenam
809 1933 957 1989 caede
1001 1936 1244 2004 plenam!
1292 1938 1453 1993 Hunc
1488 1938 1583 1992 tibi
1626 1938 1742 2008 ipse
1772 1934 2006 1993 servasti

2119 1929 2173 1982 δὲ
2196 1926 2451 1982 ἀπελθὼν
2482 1925 2891 1996 ἀπεκεφάλισεν
2925 1923 3097 1993 αὐτὴν
3133 1923 3193 1991 ἐν
3238 1924 3305 1992 τῇ
3341 1921 3584 1992 φυλακῇ,
3621 1922 3718 1974 καὶ

419 2025 725 2080 honorem?
756 2024 868 2082 llas
928 2035 1026 2082 tuo
1060 2028 1231 2082 natali
1298 2028 1538 2085 intulisti
1574 2030 1850 2085 delicias?
1877 2031 2009 2085 Tale

418 2118 517 2172 tibi
562 2119 768 2183 parasti
810 2120 1172 2174 convivium?
1213 2119 1359 2176 Iisne
1419 2120 1644 2177 ﬂuentis
1691 2122 2006 2192 sanguinis,

337 2232 342 2239 -
420 2224 636 2264 comam
670 2211 924 2265 convivis
960 2219 1274 2281 temperare
1308 2212 1602 2269 habuisti?
1642 2214 1735 2267 Sic
1768 2215 2009 2269 honora-

419 2301 491 2356 sti
542 2302 820 2364 tribunos,
871 2312 1096 2372 tamque
1128 2304 1365 2374 benigne
1422 2305 1692 2374 excepisti
1753 2307 2011 2359 amicos?

419 2388 612 2459 Neque
648 2390 910 2446 Davidem
945 2392 1221 2447 reveritus
1265 2410 1326 2448 es
1360 2390 1408 2460 i,
1449 2393 1545 2462 qui
1577 2394 1955 2463 reprehensus
1980 2410 2011 2448 a

418 2480 659 2546 Natban,
712 2495 1003 2552 peccatum
1036 2498 1063 2536 ο
1105 2499 1186 2549 se,
1236 2499 1345 2537 non
1390 2486 1735 2555 armgantia,
1765 2486 1861 2540 sed
1895 2503 2013 2557 poe-

420 2572 657 2626 nitentia
711 2573 960 2643 depulit?
1006 2572 1197 2644 Neque
1233 2583 1285 2631 te
1318 2573 1503 2631 Saulis
1553 2575 1820 2645 puduitk,
1852 2578 1944 2647 qui
1981 2595 2010 2632 a

423 2677 624 2728 magno
680 2662 969 2729 .Samuele,
1026 2680 1214 2720 coram
1265 2666 1385 2736 ipsa
1443 2664 1739 2721 lsraelitici
1814 2668 2010 2738 populi

422 2753 780 2809 multitudine
838 2757 1092 2812 severius
1142 2758 1480 2827 perstrictus
1530 2774 1599 2813 ac
1654 2760 2009 2830 obiurgatus,

422 2843 561 2896 nihil
599 2854 785 2899 tamen
839 2845 895 2899 in
935 2862 1086 2910 eum,
1133 2861 1233 2916 pro
1263 2860 1363 2902 sua
1416 2848 1472 2902 in
1503 2848 1830 2919 prophetam
1862 2864 2015 2904 reve-

423 2937 627 3001 rentia,
662 2937 890 3005 gravius
931 2940 1281 3009 perpetrarit.
1314 2939 1435 2995 Non
1474 2941 1939 3006 animadvertisti,
1978 2956 2013 2995 ο

423 3026 856 3083 miserlAchab
910 3036 963 3083 te
1022 3030 1204 3085 scelus
1268 3030 1326 3085 in
1381 3028 1602 3085 Naboth
1645 3032 2008 3102 duplicasse:

421 3116 569 3188 quod
601 3118 691 3173 ille
712 3119 934 3189 quidem
957 3120 1341 3190 deprehensus
1371 3121 1445 3176 sit
1487 3123 1670 3178 victus
1711 3123 2015 3194 cupiditate

421 3210 619 3276 vineas,
675 3224 739 3263 ac
766 3218 929 3265 terrae
969 3212 1230 3267 inanimis
1277 3213 2012 3284 plantarumque‘vinifera-
2038 3245 2084 3303 ο

422 3316 545 3356 rum
583 3311 678 3356 :tu
705 3311 888 3357 autem
945 3304 1199 3359 mulieris
1264 3304 1535 3361 adulterio
1600 3305 1818 3362 {cadatne
1859 3323 2007 3371 reus,

423 3394 871 3465 insidiarumque
900 3396 1072 3450 cubili
1104 3396 1354 3452 fraterno
1387 3399 1731 3467 positarum;
1761 3414 1827 3453 ac
1859 3399 2009 3468 quod

423 3487 694 3541 malorum
730 3489 980 3542 omnium
1012 3503 1339 3558 supremum
1393 3497 1500 3555 est,
1540 3489 1693 3545 necis
1730 3492 2011 3560 propheta:

421 3585 592 3648 atque
643 3578 923 3648 Baptistae,
970 3578 1138 3649 idque
1181 3579 1234 3634 in
1278 3579 1368 3635 die
1407 3578 1760 3646 deliciarum,
1796 3592 2008 3636 etcum

390 3669 804 3724 'natalitiorum
831 3677 1099 3740 ageretur
1124 3668 1266 3725 dies.

421 3764 591 3832 φικῆς
627 3768 816 3832 κοίτης
848 3761 1109 3833 ἐπιθουλῇ
1145 3778 1157 3792 ⁸
1189 3759 1431 3829 mth
1488 3762 1707 3816 πάντων
1762 3762 1951 3817 κακῶν
2022 3763 2280 3835 ἔσχατον,
2338 3768 2624 3839 προφήτου
2681 3767 2777 3820 καὶ
2828 3765 3141 3820 Βαπτιστοῢ
3223 3767 3535 3839 μιαιφονίᾳ·

420 3852 615 3916 ταῦτα,
642 3853 699 3904 ἐν
722 3853 940 3922 τρυφῆς
972 3851 1178 3923 ἡμέρᾳ,
1203 3851 1302 3904 καὶ
1330 3851 1594 3918 γενεσίων
1631 3851 1845 3924 τελετῇ.

446 3988 451 3995 ,
496 3943 718 3999 Utinam
743 3960 844 4000 nec
874 3960 1029 4001 esses
1047 3955 1234 4011 natus,
1262 3962 1443 4015 neque
1466 3948 1521 4001 in
1557 3947 1736 4002 lucem
1762 3949 2011 4003 venisses

422 4052 594 4107 super
655 4038 901 4091 terram!
972 4035 1196 4092 Utinam
1250 4039 1509 4108 periisset
1567 4055 1752 4094 semen
1786 4055 1851 4094 ex
1900 4056 2012 4107 quo

422 4126 770 4196 germinasti,
792 4141 858 4182 ac
888 4134 1080 4183 uterus
1111 4142 1175 4181 ex
1206 4142 1319 4196 quo
1345 4128 1631 4196 prodiislil
1663 4127 1822 4193 Nam,
1850 4143 2008 4200 rego,

421 4232 665 4289 quanam
716 4233 783 4273 ex
833 4233 1007 4274 causa
1070 4222 1417 4288 prophetam,
1479 4234 1603 4289 qua:
1665 4235 1792 4274 vera
1821 4230 2010 4276 essent

424 4311 841 4381 praedicantem,
901 4310 1252 4382 nefandoque
1310 4318 1407 4367 tua
1447 4324 1799 4384 arguentem,
1835 4315 2009 4379 inter-

424 4410 644 4466 fecisti?
703 4412 841 4467 Cum
900 4419 1050 4467 esset
1097 4410 1151 4467 in
1202 4422 1485 4482 promptu,
1526 4423 1587 4466 ut
1613 4413 1798 4469 scelus
1825 4421 2005 4467 tecum

423 4503 608 4557 animo
642 4504 916 4573 cogitans,
955 4507 1026 4561 ab
1050 4521 1117 4560 eo
1149 4507 1489 4569 declinares,
1522 4521 1587 4560 ac
1613 4505 2005 4575 resipisceres;

2112 2022 2349 2092 ήνεγκεν
2376 2020 2475 2091 τὴν
2505 2019 2753 2090 κεφαλὴν
2782 2015 2952 2072 αὐτοῦ
2981 2015 3106 2068 ἐπὶ
3132 2014 3348 2081 πίνακι,
3378 2015 3478 2068 καὶ
3512 2015 3720 2067 ἔδωκεν

2112 2109 2282 2180 αὐτὴν
2311 2108 2389 2180 τῷ
2411 2110 2657 2180 κορασίῳ
2688 2127 2701 2139 ·
2731 2108 2830 2162 καὶ
2862 2108 2923 2161 τὸ
2954 2108 3216 2178 κοράσιον
3234 2106 3513 2160 ἐπέδωκεν
3543 2106 3720 2177 αὐτὴν

2110 2204 2179 2275 τῇ
2213 2204 2384 2273 μητρὶ
2417 2204 2611 2274 αὐτῆς.
2648 2221 2666 2254 ›
2700 2203 2764 2254 Ὢ
2790 2188 3057 2269 γενέσεων
3094 2199 3342 2271 πικρῶν,
3364 2202 3463 2253 καὶ
3492 2198 3717 2252 δείπνου

2114 2294 2277 2363 φόνου
2306 2293 2509 2365 μεστοῦ
2539 2296 2552 2348 ι
2584 2293 2805 2364 Ταύτην
2828 2292 3044 2362 σεαυτῷ
3061 2295 3374 2363 τετήρηκας
3404 2291 3499 2360 τὴν
3523 2292 3721 2362 τιμὴν,

2114 2385 2320 2455 ταύτην
2367 2388 2482 2449 τοῖς
2536 2387 2652 2449 σοῖς
2712 2384 2982 2453 γενεσίοις
3037 2384 3392 2455 προσήγαγες
3422 2384 3522 2453 τὴν
3583 2400 3721 2454 τρν-

2115 2476 2258 2547 φήν;
2286 2476 2794 2546 Τοιοῦτονσεαυτῷ
2824 2473 3251 2547 παρεσκεύασας
3272 2474 3335 2527 τὸ
3368 2474 3720 2543 συμπόσιον;

2116 2568 2305 2631 Οὕτως
2331 2569 2564 2637 αἵματος
2589 2570 2798 2638 ὀχετοῖς
2833 2571 2940 2621 ἔδει
2969 2570 3205 2638 κεράσαι
3242 2569 3360 2630 τοῖς
3403 2568 3721 2635 συμπόταις

2113 2659 2174 2711 τὸ
2204 2660 2455 2725 δεῖπνονς
2504 2659 2662 2713 Οὕτω
2711 2662 2840 2723 τοὺς
2895 2666 3219 2731 χιλιάρχους
3252 2660 3587 2729 τετίμηκας,
3619 2661 3721 2711 καὶ

2114 2754 2241 2816 τοὺς
2273 2753 2464 2823 φίλους
2515 2754 3037 2825 πεφιλοφρόνηκας;
3093 2753 3229 2808 Οὗδέ
3286 2753 3379 2806 τὸν
3426 2752 3593 2806 Δαϐὶδ
3626 2754 3720 2804 ἑν-

2116 2847 2363 2915 ετράπης
2414 2844 2521 2898 ὑπὸ
2572 2845 2667 2898 τοῦ
2697 2846 2886 2898 Νάθαν
2937 2845 3285 2915 ἐλεγχθέντα,
3323 2845 3420 2898 καὶ
3456 2844 3721 2915 μετανοίᾳ

2120 2937 2344 3006 μᾶλλον,
2378 2937 2479 2990 ούκ
2510 2937 2761 3007 ἀπονοίᾳ,
2805 2938 2903 3006 τὴν
2944 2938 3222 3009 ἁμαρτίαν
3249 2936 3718 3007 ἀποσκευασάμε-

2117 3046 2245 3095 νον;
2275 3029 2411 3083 Οὐδὲ
2448 3029 2542 3082 τὸν
2574 3030 2749 3082 Σαοὺλ
2778 3029 3013 3099 ᾐδέσθης
3057 3030 3161 3082 ὑπὸ
3201 3029 3296 3082 τοῦ
3335 3030 3573 3097 μεγάλου
3608 3030 3720 3082 Σα-

2122 3120 2317 3192 μουὴλ,
2348 3121 2441 3175 ἐπὶ
2472 3120 2655 3191 πάσης
2686 3120 2821 3192 ὁμοῦ
2880 3121 2982 3190 τῆς
3029 3121 3439 3192 Ἰσραηλιτικῆς
3469 3120 3715 3192 πληθύος

2118 3217 2233 3276 τοῖς
2273 3215 2544 3285 ἐλέγχοις,
2619 3213 3030 3285 ἐπιπληχθέντα
3077 3214 3197 3283 μὲν,
3228 3212 3394 3285 ’πλὴν
3440 3214 3580 3268 αἰδοῖ
3647 3217 3715 3286 τῇ

2118 3308 2256 3377 πρὸς
2279 3306 2369 3359 τὸν
2398 3307 2712 3378 προφήτην,
2777 3306 2946 3376 μηδὲν
3008 3305 3174 3359 πλέον
3226 3306 3715 3377 διαπραξάμενον;

2117 3399 2365 3469 Λέληθας
2423 3400 2675 3465 σεαυτὸν,
2712 3399 2889 3464 ἄθλιε,
2918 3397 3018 3470 τὴν
3064 3397 3273 3468 Ἀχαάϐ
3320 3400 3419 3454 ἐπὶ
3465 3398 3720 3454 Ναόουθέ

2118 3491 2468 3561 παρανομίαν
2515 3490 2906 3553 διπλασιάσας.
2968 3492 3093 3543 ὅσον
3146 3492 3174 3543 6
3224 3490 3324 3561 μὲν
3389 3492 3720 3563 ἀμπελῶνος

2120 3582 2412 3654 ἐπιθυμίᾳ,
2447 3584 2549 3653 γῆς
2574 3600 2632 3636 τε
2664 3582 2899 3653 ἀψύχου,
2938 3583 3034 3635 καὶ
3075 3581 3258 3652 φυτῶν
3281 3584 3589 3654 οίνηφόρων
3619 3585 3719 3654 ήτ-

2116 3673 2303 3743 τηθεὶς
2329 3674 2592 3746 ἐφωράθη
2614 3691 2627 3705 ⁸
2668 3676 2731 3728 σὺ
2757 3674 2835 3739 δέ,
2867 3674 3131 3743 γυναικὸς
3163 3674 3404 3746 μοιχείᾳ,
3441 3676 3535 3729 καὶ
3559 3677 3718 3731 ἀδελ⁶

3621 3770 3720 3822 καὶ

2201 3948 2290 4011 Ὡς
2339 3945 2451 4000 εἴθε
2507 3945 2583 4017 μὴ
2628 3945 2951 4017 γεγέννησο,
2991 3945 3129 4017 μηδὲ
3169 3948 3251 4010 εἰς
3300 3947 3419 4016 φῶς
3467 3943 3631 4020 ἦλθες
3655 3950 3719 4003 τὸ

2121 4039 2262 4108 ὑπὲρ
2292 4038 2417 4109 γῆν.
2468 4038 2557 4101 Ὠς
2585 4038 2841 4091 ἀπόλοιτο
2884 4041 2916 4108 ὴ
2954 4037 3157 4110 σπορά,
3192 4033 3259 4111 ἧς
3298 4039 3462 4104 αὐτὸς
3495 4039 3719 4106 ἐξεϐλά-

2120 4146 2347 4200 στησας,
2383 4129 2478 4182 καί¹
2506 4131 2539 4199 ή
2576 4130 2761 4200 νηδὺς,
2798 4129 2856 4195 ἐξ
2886 4125 2953 4202 ἦς
2985 4130 3388 4201 προελήλυθας.
3428 4132 3570 4185 ⁹Ανθ’
3592 4134 3717 4186 ὅτου

2120 4221 2246 4292 γὰρ,
2278 4220 2421 4284 είπέ,
2447 4221 2541 4275 τὸν
2596 4223 2887 4293 προφήτην
2915 4222 3130 4285 ἀνεῖλες
3180 4222 3394 4293 τάληθῆ
3428 4224 3717 4296 διαγορεύ-

2118 4330 2308 4378 σαντα,
2333 4314 2429 4367 καὶ
2466 4313 2725 4384 περὶτῶν
2748 4315 2810 4366 ού
2845 4313 3141 4383 πρακτέων
3164 4313 3465 4380 ἐλέγξαντα
3490 4330 3505 4377 ;
3541 4315 3716 4383 παρδν

2115 4407 2252 4477 πρὸς
2279 4406 2380 4476 τὴν
2403 4407 2469 4460 ὲκ
2495 4387 2589 4459 τού
2650 4405 2821 4474 ἄγους
2872 4405 3258 4476 συστραφέντα
3303 4406 3549 4476 μνήμην,
3580 4406 3715 4460 ἀπο-

2112 4499 2290 4554 κλῖναι
2323 4498 2420 4551 τοῦ
2458 4497 2695 4568 μύσους·
2741 4498 2772 4569 ἢ
2831 4497 2971 4568 πρὸς
3006 4498 3108 4568 τὴν
3167 4499 3278 4551 τῶν
3309 4498 3551 4568 ἐλέγχων
3574 4503 3717 4570 παῤ-

422 4601 554 4647 utve
582 4594 649 4648 ad
688 4595 918 4649 liberam
953 4598 1443 4667 reprehensionem
1468 4597 1712 4650 animum
1735 4596 2006 4666 dirigens,

2119 4593 2313 4665 ρησίαν
2369 4592 2462 4646 τὸν
2524 4593 2648 4647 νοῦν
2703 4590 3110 4656 ἀπευθύναντα,
3182 4590 3423 4661 σώφρονι
3466 4591 3716 4661 λογισμῷ

423 4686 612 4741 sobria
642 4688 1008 4757 \cogitatione
1051 4701 1362 4761 assumpta,
1387 4689 1443 4744 id
1477 4690 1625 4759 quod
1654 4689 2009 4759 praestantius

422 4783 594 4840 esset,
642 4775 962 4845 obtineres;
1016 4778 1072 4832 in
1111 4778 1459 4834 contrarium
1521 4778 1683 4847 plane
1717 4780 2010 4848 prolapsus

423 4880 506 4928 es,
554 4865 756 4919 malum
793 4868 986 4938 utique
1034 4870 1179 4933 malo
1219 4870 1451 4932 addens,
1492 4885 1601 4924 non
1633 4871 1712 4923 uti
1743 4871 2011 4940 oportuit,

425 4956 709 5026 depellens
745 4974 758 5010 :
794 4974 858 5013 ac
900 4960 1175 5029 siquidem
1227 4976 1372 5031 aagre
1427 4961 1753 5030 reprehendi
1800 4962 2009 5025 ferens,

425 5064 494 5103 eo
544 5046 822 5105 deductus
882 5067 977 5119 es;
1012 5051 1141 5107 hinc
1181 5054 1345 5122 plane
1371 5052 1614 5107 alienum
1653 5069 1681 5106 a
1711 5053 2008 5123 disciplina

426 5140 698 5197 ostendis.
757 5141 1085 5212 Diligendus
1119 5143 1292 5207 enim,
1325 5159 1437 5197 non
1469 5143 1814 5200 occidendus
1865 5151 2008 5209 erat,

431 5231 521 5300 qui
552 5243 829 5302 argueret,
865 5236 940 5288 uti
972 5233 1286 5290 Salomonis
1318 5235 1598 5289 sententia
1627 5244 1711 5291 est
1749 5234 1768 5274 1
1795 5252 1811 5302 ;
1850 5245 1910 5290 ut
1946 5251 2014 5290 ne

428 5332 485 5377 et
539 5324 655 5393 ipse
681 5333 823 5376 esset
847 5326 1187 5382 auditurus:
1225 5347 1244 5379 ι
1292 5326 1546 5383 Oderunt
1601 5337 1923 5398 arguentem
1959 5327 2013 5381 in

434 5417 634 5485 portis.
663 5424 717 5472 et
741 5432 1057 5474 sermonem
1106 5427 1360 5473 sanetum
1396 5419 1713 5497 abominati
1730 5427 1864 5476 sunt
1890 5430 1953 5473 ω.
1993 5439 2011 5470 ι

435 5504 534 5559 Sin
559 5515 740 5559 autem
766 5522 893 5560 cum
921 5507 1311 5577 jusjurandum
1341 5524 1564 5564 scrvare
1592 5510 1781 5573 velles,
1813 5510 2014 5564 cmdem

436 5598 811 5666 praeposuisli,
895 5607 1159 5668 tanquam
1232 5601 1325 5671 qui
1397 5601 1628 5670 perjurii
1692 5600 2016 5655 barathrum

431 5686 665 5760 fugeres
699 5706 713 5742 :
744 5688 1025 5745 enimvero
1056 5706 1152 5762 par
1178 5699 1296 5747 erat
1335 5699 1395 5747 ut
1450 5707 1548 5762 pro
1569 5693 1737 5764 regali
1780 5692 2020 5762 pruden-

511 5856 523 5892 ί
578 5864 643 5920 Μ·
671 5881 747 5921 rc.
798 5883 869 5933 γι,
932 5857 1119 5923 91-23.
1202 5870 1216 5919 ι
1264 5870 1307 5924 Π
1359 5864 1507 5941 Reg.
1545 5886 1644 5937 xtl,
1690 5872 1736 5926 l.

1819 5872 1843 5912 ¹ί
1889 5871 1905 5926 1
1949 5872 2084 5945 Reg.
2114 5889 2207 5938 xv,
2255 5871 2350 5924 “li.

2117 4685 2209 4739 τοῦ
2236 4685 2546 4757 κρείττονος
2573 4682 2951 4755 περιέσεσθαι,
2983 4682 3119 4752 πρὸς
3153 4682 3465 4736 τούναντίον
3490 4682 3715 4749 ἐξώκει-

2117 4778 2241 4840 λας’
2267 4775 2424 4847 κακῷ
2453 4776 2515 4830 τὸ
2547 4776 2720 4830 κακὸν
2750 4775 3265 4847 προσκτησάμενος.
3304 4776 3404 4844 οὐχ
3434 4776 3512 4839 ὡς
3548 4776 3714 4847 ἐχρῆν

2118 4869 2521 4941 παρωσάμενος
2541 4883 2556 4897 °
2591 4867 2687 4921 καὶ
2719 4869 2769 4920 εἰ
2803 4866 3056 4937 μὲνπρὸς
3080 4865 3204 4929 τοὺς
3229 4865 3489 4936 ἐλέγχους
3519 4866 3718 4933 δυσφο-

2123 4961 2232 5033 ρῶν
2284 4962 2365 5024 εἰς
2416 4958 2578 5012 τοῦτο
2628 4958 2838 5035 τάξεως
2884 4957 3128 5028 ἦλασας·
3194 4958 3524 5012 ἀπαιδευσία
3558 4957 3716 5011 τοῦτο

2118 5053 2318 5122 σαφής.
2354 5050 2601 5121 Ἀγαπᾷν
2626 5050 2758 5120 γὰρ,
2777 5049 2839 5101 οὐ
2859 5049 3028 5119 φονᾷν
3051 5048 3181 5111 ἔδει,
3213 5047 3289 5111 ὡς
3310 5047 3387 5116 τῷ
3410 5047 3716 5117 Σολομῶντι

2117 5143 2285 5209 δοκεῖ,
2338 5142 2671 5212 ἐλέγχοντιν
2719 5141 2797 5204 ὡς
2852 5139 2918 5193 ἂν
2967 5139 3043 5210 μὴ
3101 5139 3199 5193 καὶ
3241 5140 3407 5202 αὐτὸς
3442 5138 3713 5210 ἀκούσῃς·

2124 5255 2145 5288 ι
2196 5235 2502 5305 Ἐμίσησαν
2533 5235 2592 5286 ἐν
2624 5232 2824 5295 πύλαις
2873 5232 3191 5303 ἐλέγχοντα,
3237 5232 3333 5285 καὶ
3382 5231 3544 5299 λόγον
3572 5232 3715 5283 ὅσιον

2123 5326 2501 5392 ἐϐδελύξαντο.
2543 5343 2561 5377 ι
2594 5325 2655 5378 Εἰ
2685 5324 2743 5377 δὲ
2772 5322 2868 5376 τοῦ
2917 5323 3168 5395 εὐορκεῖν
3207 5325 3621 5394 περιεχόμενος,
3657 5324 3714 5376 τὺ

2130 5422 2433 5493 μιαιφονεῖν
2469 5417 2876 5490 προετίμησας,
2932 5415 3007 5479 ὡς
3036 5416 3134 5486 τῆς
3171 5416 3462 5485 ἐπιορκίας
3499 5413 3713 5483 φεύγων

2125 5513 2186 5566 τὸ
2218 5511 2494 5584 βάραθρον
2518 5528 2532 5544 ο
2573 5510 2689 5565 ἀλλ’
2732 5511 2840 5563 ἔδει
2882 5508 3142 5580 βασιλείῳ
3171 5510 3507 5580 φρονήματι,
3532 5509 3714 5581 δικαίᾳ

2126 5605 2221 5658 τοῦ
2245 5603 2337 5658 νοῦ
2371 5604 2589 5675 στάθμῃ
2620 5600 3111 5656 ἀντιταλαντεῠσαι
3153 5602 3251 5671 τὴν
3285 5600 3593 5671 σύγκρισιν,
3623 5602 3714 5672 καὶ

2129 5697 2227 5767 τῆς
2249 5696 2459 5766 ἀμείνω
2489 5693 2744 5764 γενέσθαι
2777 5694 2974 5765 μοίρας
3002 5710 3016 5725 ·
3056 5693 3195 5763 ὅπερ
3219 5691 3303 5744 σοὶ⁵
3335 5689 3469 5762 πρὸς
3496 5691 3713 5744 τούναν-

2434 5868 2640 5926 lProv.
2679 5887 2756 5937 ix,
2816 5868 2868 5925 8.
2950 5877 2985 5900 ’⁸
3017 5869 3123 5925 lsa.
3165 5883 3317 5936 xm,
3376 5868 3464 5922 2L
