4012 6460
371 359 503 426 1121

1398 362 1484 424 ΙΝ
1527 364 1586 423 S.
1626 362 1952 425 JOANNIS
1982 360 2650 445 DECOLLATIONEM.

3505 359 3644 425 1122

363 480 476 530 τίον
507 477 572 531 ἐκ
590 475 907 549 παραλόγου
926 474 1426 547 πεπραγμάτευται
1449 476 1695 547 γνώμης.
1730 476 1826 537 Τίς
1838 478 1947 547 γὰρ

2057 477 2151 539 tia,
2208 475 2440 530 alterius
2491 489 2616 530 cum
2648 474 2824 543 altero
2882 474 3363 544 comparationem
3407 473 3645 545 iustitiae

358 570 389 622 ὸ
417 567 515 622 τῢν
539 570 715 640 ἀρχὴν
756 570 955 640 ὀμόσαι
1020 570 1525 637 προσαναγκάσαςς
1575 570 1641 623 Τί
1681 570 1739 622 δὲ
1770 569 1949 624 κοινὸν

365 660 623 730 μαινάδος
653 660 879 730 ὀρχήσει
910 661 1120 727 παιδὸς,
1157 661 1251 715 καὶ
1281 662 1565 732 προφήτου
1600 663 1781 731 σφαγῇ
1806 679 1821 728 ;
1854 662 1950 725 Τίς

352 750 417 805 δὲ
446 752 708 822 μετουσία
738 750 912 822 θυμοῦ
945 754 1064 822 μετ’
1094 753 1437 823 εὐφροσύνης
1467 768 1484 822 ;
1519 754 1582 807 Εἰ
1618 753 1676 806 δὲ
1700 753 1790 807 διὰ
1822 754 1952 816 τοὺς

361 848 580 916 ὅρκους,
638 845 715 908 ὼς
774 846 942 910 αὐτὸς
981 846 1116 900 οἴειυ
1143 847 1259 901 ἀλλ’
1302 847 1409 900 οὐδ’
1441 847 1615 910 οὕτως
1648 846 1817 917 ἐχρῆν
1850 847 1949 917 τὴν

357 939 543 1010 ψῆφον
573 938 866 1007 ἐπιτρέψαι
891 942 957 1010 τῇ
992 940 1152 1011 μέθῃ.
1207 939 1526 1010 Εὑφρασίας
1568 938 1699 1008 γάρ,
1732 940 1831 991 οὐκ
1858 939 1951 991 άν-

358 1028 678 1099 δροκτονίας
710 1022 778 1100 ἦν
807 1031 834 1082 ὁ
865 1030 1077 1100 καιρός.
1113 1030 1223 1082 Καὶ
1245 1031 1303 1082 τό
1337 1047 1400 1098 γε
1425 1031 1662 1101 πρᾶγμα
1691 1029 1952 1091 ἐπιεικῶς

357 1121 585 1185 ἄτοπον,
614 1120 710 1174 καὶ
740 1121 1083 1191 παράφορον.
1147 1122 1433 1188 Νήφοντος
1486 1120 1598 1191 γὰρ
1634 1121 1806 1174 ἐδεῖτο
1833 1138 1953 1175 και-

361 1212 481 1283 ροῦ,
512 1212 602 1264 καὶ
624 1210 888 1278 λογισμοῦ
923 1209 1237 1280 βεϐηκότος.
1286 1210 1358 1262 Οὐ
1391 1210 1499 1279 γάρ
1557 1209 1687 1279 περὶ
1719 1208 1813 1261 τοῦ
1858 1225 1954 1260 τυ-

358 1304 547 1373 χόντος
568 1304 601 1371 ἡ
637 1302 831 1372 βλάϐη.
863 1302 1032 1367 Πλὴν,
1065 1301 1182 1353 ἀλλ’
1212 1301 1266 1353 εἴ
1290 1318 1343 1354 τι
1389 1302 1485 1354 καὶ
1519 1301 1802 1371 κέκρυπτο
1826 1300 1952 1354 λαν-

361 1394 523 1446 θάνον
544 1393 681 1453 τέως
712 1390 821 1441 τῶν
848 1392 905 1442 ἐν
933 1389 1017 1441 σοὶ
1055 1387 1261 1451 κακῶν,
1294 1387 1452 1441 τοῦτο
1476 1388 1540 1440 σὺ
1574 1388 1717 1439 κατὰ
1750 1384 1949 1439 σαυτοῦ

360 1484 782 1556 πεφανέρωκας,
805 1482 1110 1553 μιαιφονία,
1134 1481 1233 1550 τῆς
1258 1479 1606 1551 παρανομίας
1623 1480 1952 1550 ἁπογυμνὼο

360 1594 464 1640 σας
491 1578 579 1630 τὸν
605 1577 850 1643 ἔλεγχον.
883 1574 979 1637 Τίς
1002 1575 1111 1644 γὰρ
1139 1573 1385 1643 ἀνάγκη,
1422 1572 1516 1625 τὸν
1558 1574 1618 1624 ἐν
1658 1572 1737 1643 τῷ
1769 1590 1950 1641 παρα-

356 1668 547 1738 ὁύστῳ
584 1666 861 1737 μοιχεύειν
919 1665 1280 1735 ἀπείργοντα,
1311 1664 1403 1716 ἐπὶ
1455 1662 1729 1733 θριάμϐου
1761 1665 1951 1734 φέρειν

357 1760 689 1830 ἐλέγχοντας
720 1760 791 1813 Σὺ
819 1758 877 1812 δὲ
909 1748 1215 1827 φιληδονῶν
1244 1756 1469 1829 ἐλέγχῃ,
1514 1758 1840 1826 μιαιφονῶν.

2055 566 2263 619 trutina
2322 566 2688 635 cxpenderes,
2754 580 2819 621 ac
2853 581 2884 620 a
2935 568 3150 621 meliori
3200 575 3360 637 parte
3414 576 3594 622 stares
3624 589 3648 643 ς.

2053 656 2199 727 quod
2256 673 2416 713 secus
2463 659 2692 713 omnino
2729 674 2794 714 ex
2820 660 2999 727 aliena
3036 675 3065 713 a
3098 661 3313 714 ratione
3353 661 3644 723 voluntate

2055 726 2287 806 molitus
2323 768 2404 808 cs.
2443 750 2579 817 Quis
2636 754 2783 806 enim
2825 726 2973 806 te‘ab
3007 752 3164 807 initio
3198 754 3373 823 coegit
3400 754 3592 823 jurarc
3618 752 3645 808 ?

2054 841 2197 907 Quid
2253 841 2528 897 Maiuadis
2597 844 2793 912 puellae
2845 843 3069 897 saltatio
3124 856 3424 897 commune
3474 842 3642 897 habet

2054 947 2181 986 cum
2230 948 2365 986 nece
2412 934 2742 1004 prophetae?
2777 934 3038 1000 Quaenam
3088 934 3185 988 ira:
3233 935 3473 989 societas
3514 950 3639 988 cum

2054 1025 2284 1078 lautitia?
2340 1022 2437 1078 Sin
2495 1041 2630 1079 vero
2696 1033 2923 1095 prepter
2982 1024 3405 1093 jusjurandum,
3445 1026 3643 1096 utipse

2055 1118 2354 1187 opinaris:
2399 1132 2462 1171 ac
2524 1134 2591 1172 ne
2632 1119 2716 1173 sic
2770 1118 2994 1187 quidem
3047 1118 3337 1173 sententiae
3394 1119 3644 1173 calculus

2054 1206 2326 1262 ebrietate
2382 1208 2785 1276 permittendus
2819 1217 2960 1262 erat.
3009 1209 3224 1278 Quippe
3274 1216 3395 1263 erat
3441 1209 3646 1263 laetitiae

2054 1306 2297 1368 tempus,
2332 1315 2442 1352 non
2469 1298 2657 1354 caedis.
2692 1302 2765 1353 Ac
2792 1301 2949 1369 plane
2975 1316 3063 1354 res
3086 1301 3384 1368 ejusmodi.
3404 1300 3645 1356 absurda

2060 1405 2123 1444 ac
2176 1391 2479 1460 prazcipitis
2541 1391 2764 1444 consilii
2823 1400 2964 1445 erat.
3029 1390 3162 1444 Erat
3194 1392 3468 1460 siquidem
3500 1406 3645 1461 opus

2060 1490 2306 1550 tempore
2337 1482 2547 1545 sobrio,
2580 1498 2643 1534 ac
2668 1482 2860 1535 sedata
2906 1483 3142 1536 ratione.
3182 1480 3301 1535 Non
3337 1484 3482 1536 enim
3512 1484 3647 1537 levis

2051 1572 2269 1642 jactura
2329 1573 2513 1627 futura
2548 1582 2689 1627 erat.
2728 1572 2834 1627 Sed
2877 1574 3187 1639 enimvero,
3235 1581 3293 1628 ut
3323 1575 3452 1644 quid
3478 1575 3646 1629 etiam

2056 1681 2085 1721 e
2115 1667 2227 1722 tuis
2266 1668 2395 1721 mali
2433 1668 2700 1722 hactenus
2727 1668 3007 1721 occultum
3053 1667 3271 1731 lateret,
3310 1668 3362 1720 id
3399 1667 3518 1736 ipse
3549 1666 3647 1720 ad.

2057 1774 2274 1815 versum
2322 1770 2374 1815 te
2424 1759 2780 1815 manifestum
2833 1759 3145 1822 reddidisti,
3196 1758 3344 1815 cmde
3390 1758 3648 1828 aperiens

359 1854 652 1923 ﬂagitium,
702 1852 861 1921 cujus
918 1850 1264 1918 arguebaris.
1320 1849 1465 1916 Quid
1503 1849 1649 1903 enim
1704 1864 1932 1905 necesse
1973 1859 2096 1905 erat
2128 1860 2188 1906 ut
2218 1867 2343 1906 eum
2370 1893 2384 1917 ,
2415 1851 2509 1923 qui
2549 1853 2602 1906 in
2670 1854 2892 1907 occulto
2939 1852 3206 1909 intecbari
3277 1852 3643 1924 prohibebat,

360 1945 852 2017 reprehendentem
891 1944 1174 2013 triumpho
1206 1944 1559 1999 traduceres?
1616 1943 1695 1998 Tu
1757 1944 1942 2014 igitur,
1982 1947 2113 2001 dum
2146 1948 2349 2002 caedem
2390 1957 2598 2014 patras,
2636 1950 2886 2020 argueris
2913 1949 3178 2004 libidinis.

429 2037 700 2107 Συνέχεας
753 2037 854 2107 τὴν
907 2034 1064 2100 τάξιν
1117 2036 1217 2105 τῆς
1266 2036 1596 2100 ἑστιάσεως,

365 2129 591 2200 Ἕστιᾷν
644 2128 1040 2201 προελόμενος,
1080 2131 1239 2201 ἁνιᾷν
1285 2130 1413 2192 τοὺς
1444 2130 1774 2202 δαιτυμόνας
1819 2149 1955 2201 προ-

356 2223 608 2291 έκρινας.
643 2221 709 2274 Τί
736 2223 937 2286 ποιεῖς,
975 2220 1165 2284 ἄθλιε;
1201 2221 1358 2274 ιἈντ’
1394 2222 1714 2292 ἐδέσματος,
1749 2223 1955 2296 ταύτην

358 2312 712 2383 προσεδωδὴν
740 2313 1005 2379 εἰσάγεις,
1025 2312 1126 2381 τὴν
1146 2310 1389 2382 κεφαλὴν
1419 2311 1511 2364 τοῦ
1541 2312 1910 2376 Βαπτίζοντος
1935 2332 1950 2380 ;

374 2405 524 2458 Ἀντὶ
555 2403 855 2476 κρατῆρος,
898 2402 1144 2456 τοιοῦτον
1187 2405 1452 2473 οίνοχοεῖς
1490 2406 1604 2466 τοῖς
1646 2405 1954 2475 συμπόταις

360 2501 454 2553 τὸν
475 2499 747 2570 ἄκρατον;
788 2498 1048 2551 Τοιοῦτον
1094 2498 1317 2568 κίρνησι
1354 2498 1613 2568 βασιλεὺς
1654 2501 1805 2569 πόμα
1841 2504 1954 2564 τοῖς

358 2592 696 2663 συμϐούλοις
721 2608 736 2657 ;
772 2592 842 2644 Ἦ
868 2592 967 2662 οὐχ
1000 2592 1134 2661 ὁρᾷς
1168 2592 1294 2644 ὅσον
1312 2592 1485 2644 κακόν
1512 2594 1660 2645 ἐστιν
1690 2593 1948 2665 ἀκρασία,

354 2687 456 2738 καὶ
480 2686 762 2756 φιλήδονος
784 2684 1018 2757 πράξιςς
1057 2683 1384 2754 Ἀνάνηψον,
1415 2686 1463 2737 εἰ
1494 2684 1705 2755 βούλει,
1731 2687 1950 2756 μικρὸν,

354 2778 451 2829 καὶ
471 2776 670 2839 σύνεςο
740 2778 816 2838 ὡς
875 2774 1032 2827 οὐδὲν
1082 2773 1258 2836 οὕτως
1304 2774 1646 2827 ἐπιλωϐᾶται
1678 2776 1770 2829 τὸν
1800 2776 1953 2839 ἐντὸς

354 2867 680 2939 ἄνθρωπον,
706 2867 738 2939 ἢ
770 2868 861 2921 τὸν
889 2866 1051 2930 ἐκτὸς
1088 2867 1465 2931 ἐπιὸὀσκεται,
1518 2866 1593 2930 ὡς
1624 2866 1795 2938 θυμὸς
1824 2866 1954 2921 ταύ-

351 2977 484 3024 ταις
511 2958 1038 3031 ὲξυπηρετούμενος.
1065 2959 1136 3012 Σὺ
1182 2958 1261 3021 δὲ,
1294 2957 1505 3021 τούτοις
1535 2959 1599 3011 ἐκ
1635 2960 1951 3028 περιουσίας

351 3048 665 3115 ὑποζεύξας
723 3048 816 3100 τὸν
847 3049 996 3110 νοῦν,
1059 3047 1119 3099 τὸ
1155 3048 1253 3116 τῆς
1287 3045 1466 3116 ψυχῆς
1528 3044 1950 3111 κατεδούλωσας

356 3140 637 3211 φρόνημα.
683 3140 878 3193 Καίτοι
916 3137 1010 3191 δύο
1044 3137 1387 3206 γενικώτατα
1421 3138 1571 3208 πάθη
1596 3138 1704 3190 τῶν
1733 3141 1789 3192 ἐν
1818 3141 1949 3209 ἡμῖν

353 3233 619 3286 ἁπάντων
678 3231 895 3298 παθῶν,
930 3232 979 3282 οἱ
1014 3230 1145 3301 περὶ
1166 3229 1339 3282 ταῦτα
1373 3229 1550 3299 σοφοὶ,
1579 3230 1906 3301 διορίζονται
1930 3248 1945 3263 ο

354 3324 552 3395 θυμὸν,
587 3326 684 3377 καὶ
720 3322 1019 3394 ἐπιθυμίαν
1041 3340 1055 3355 ·
1080 3316 1155 3375 ὧν
1177 3322 1438 3392 ἑκάτερον
1461 3323 1519 3373 ἐν
1539 3323 1622 3403 σοὶ
1649 3323 1949 3394 ἐπικρατῆ-

1670 2037 1951 2108 ᾶυθρωπε.
1988 2047 2027 2101 Β
2130 2038 2391 2096 Ordinem
2431 2042 2669 2095 convivii
2698 2042 3022 2105 confudisti,
3050 2057 3082 2096 o
3111 2042 3299 2096 homo.
3342 2041 3475 2096 Nam
3511 2058 3639 2098 cum

2059 2132 2354 2187 statuisses
2410 2134 2667 2186 convivio
2729 2134 3015 2202 excipere,
3093 2134 3338 2188 maluisti
3396 2134 3648 2190 convivis

2058 2224 2367 2278 molestiam
2405 2223 2606 2279 facere.
2631 2223 2771 2290 Quid
2807 2224 2964 2289 facis,
2984 2239 3017 2277 o
3052 2226 3266 2279 miser?
3294 2225 3398 2280 Pro
3423 2227 3645 2289 cibnne,

2056 2324 2223 2386 caput
2253 2316 2514 2386 Baptista:
2534 2319 2602 2370 ad
2638 2332 2794 2371 esum
2834 2317 3094 2371 inducis?
3127 2315 3232 2372 Pro
3262 2328 3502 2383 cratere,
3538 2320 3647 2373 tale

2056 2424 2270 2463 merum
2324 2407 2565 2464 aﬁttndis
2612 2410 2905 2465 convivis?
2936 2409 3122 2464 Talem
3173 2427 3267 2465 rex
3300 2420 3487 2481 potum
3526 2414 3647 2468 suis

2055 2509 2330 2571 temperat
2379 2502 2717 2556 consiliariis
2743 2503 2766 2554 Ἰ
2794 2503 2875 2555 An
2909 2518 3017 2556 non
3055 2504 3209 2558 vides
3239 2513 3506 2573 quantum
3531 2522 3648 2558 ma-

2057 2594 2168 2648 lum
2227 2596 2297 2649 sit
2338 2595 2789 2665 intemperantia,
2836 2602 2890 2649 et
2920 2598 3064 2650 actio
3112 2596 3450 2651 libidinosa?
3480 2597 3560 2650 Ad
3593 2606 3649 2651 te

2057 2702 2250 2756 parum
2295 2687 2436 2750 redi.
2475 2688 2521 2741 si
2565 2688 2670 2753 vis,
2703 2697 2752 2742 et
2819 2687 3082 2757 intellige,
3118 2694 3178 2741 ut
3226 2688 3362 2742 nihil
3399 2689 3469 2743 sit
3496 2689 3645 2759 quod

2056 2779 2337 2833 internum
2391 2778 2527 2832 adeo
2561 2779 2724 2833 laedat
2772 2780 3082 2845 hominum,
3136 2794 3201 2834 ac
3241 2781 3323 2834 sic
3351 2790 3645 2836 externum

2054 2866 2336 2936 depziscat,
2380 2869 2459 2922 uti
2494 2868 2561 2937 iis
2597 2871 2907 2937 obsequens
2968 2870 3048 2922 ira
3071 2864 3310 2934 (2|).Tu
3342 2879 3524 2925 autem
3577 2888 3647 2926 cx

2054 2958 2354 3012 abundanti
2410 2967 2648 3013 mentem
2679 2960 2788 3014 illis
2838 2960 3168 3031 subjugans,
3220 2961 3388 3015 animi
3420 2978 3644 3017 sensum

2054 3050 2330 3120 captivum
2359 3049 2613 3105 eﬁecisti.
2656 3051 2827 3120 Atqui
2854 3038 3099 3105 omnium
3127 3068 3319 3105 earnm
3353 3070 3475 3122 quae
3513 3064 3645 3109 sunt

2053 3144 2108 3198 in
2147 3143 2327 3208 nobis,
2371 3142 2746 3207 alTectionum,
2788 3147 2885 3197 has
2919 3144 3059 3200 duas
3093 3145 3329 3198 maxime
3356 3148 3644 3214 generales

2053 3231 2325 3287 deﬁniunt
2374 3234 2613 3287 morales
2661 3234 2998 3305 philosophi,
3031 3235 3171 3289 iram
3208 3237 3427 3291 scilicet
3451 3247 3504 3292 et
3544 3254 3644 3292 cu-

2054 3325 2358 3392 piditatem,
2394 3341 2627 3395 quarum
2660 3338 2895 3397 utraque
2938 3328 2990 3380 in
3030 3336 3082 3381 te
3106 3328 3451 3383 dominatum
3497 3331 3644 3385 obti-

353 3413 843 3486 σαν,.τυραννικῷ,
898 3414 997 3466 οὐκ
1043 3413 1303 3484 ἰδιωτικῷ
1333 3413 1409 3483 τῷ
1451 3414 1734 3485 ὁρμήματι
1758 3415 1943 3467 δυστυ·

2057 3435 2217 3484 nens,
2270 3423 2583 3491 tyrannico,
2636 3437 2747 3475 non
2794 3423 3012 3492 privato
3072 3422 3303 3491 impetu,
3338 3423 3642 3478 infeliciter

351 3506 468 3576 χῶς
496 3506 961 3577 ἐϐασίλευσεν·ή
1019 3506 1140 3575 μὲν,
1192 3506 1288 3559 καὶ
1348 3506 1481 3559 ἄνευ
1538 3508 1951 3577 μηχανημάτων

354 3602 510 3673 νόμῳ
538 3590 863 3669 πολιορκίας
893 3597 1092 3651 ἑλοῦσα
1123 3597 1233 3651 τῶν
1280 3599 1392 3652 σῶν
1427 3600 1641 3671 φρενῶν
1664 3599 1763 3670 τὴν
1786 3602 1952 3668 ἀκρό-

356 3692 539 3755 πολιν,
572 3690 667 3744 καὶ
698 3691 868 3742 οἱονεὶ
909 3690 1197 3761 πολιοῦχος
1242 3691 1343 3761 τῆς
1388 3692 1487 3761 σῆς
1530 3692 1948 3762 άπρυτανεύτου

355 3781 538 3861 ψυχῆς
573 3798 586 3812 ⁶
613 3784 641 3835 ὁ
662 3781 739 3846 δὲ,
771 3780 936 3851 μέχρι
967 3779 1125 3833 τοῦδέ
1158 3797 1217 3833 σε
1267 3780 1704 3849 δουλωσάμενος,
1740 3782 1846 3844 ἕως
1884 3775 1952 3834 ἂν

353 3875 440 3938 εἰς
474 3873 603 3945 ᾅδου
634 3872 931 3942 πέταυρον,
976 3870 1073 3923 καὶ
1101 3873 1182 3934 είς
1206 3871 1305 3939 τὴν
1359 3872 1597 3941 ἐσχάτην
1622 3871 1733 3924 τῶν
1759 3870 1949 3924 κακῶν

354 3965 728 4034 ἀπηκὸντισεν
787 3961 1091 4030 Χάρυϐδιν.
1135 3961 1204 4013 Ἦ
1258 3962 1382 4031 οὐχ).
1423 3962 1559 4032 αὕτη
1610 3963 1643 4031 ἡ
1689 3962 1814 4025 ὁδὸς
1841 3963 1948 4016 τῶν

354 4054 722 4109 ἐκτελούντων
752 4054 820 4107 τὰ
850 4053 1063 4123 ἄνομας
1100 4052 1171 4105 ’Ἠ
1221 4051 1428 4121 ἑτέρως
1462 4054 1564 4105 οἴει
1616 4053 1743 4114 τοὺς
1775 4052 1950 4115 οὕτως

356 4148 587 4210 ἁλόντας
615 4147 719 4199 ὑπὸ
741 4146 843 4215 τῆς
878 4146 1060 4214 δίκης,
1088 4145 1604 4216 κολασθησομένους
1627 4146 1944 4210 ἐτάζεσθαι;

354 4242 470 4311 Τῆς
526 4240 581 4293 δὲ
641 4238 1146 4307 τῶνΕύαγγελίων
1216 4237 1404 4306 φωνῆς
1479 4233 1636 4301 αὖθις
1696 4237 1960 4309 ἀκουσώοσ

360 4336 526 4406 μεθα.

437 4446 456 4478 ς
488 4426 757 4479 Γενεσίων
818 4425 949 4496 γάρ,
1004 4423 1190 4492 φησὶν,
1216 4421 1501 4493 ἀγομένων
1531 4420 1627 4474 τοῦ
1681 4420 1945 4489 Ἡρώδου,

353 4519 654 4589 ὠρχήσατο
712 4520 745 4588 ἡ
796 4518 1046 4588 θυγάτηρ
1074 4518 1172 4584 τῆς
1208 4514 1537 4586 Ἡρωδιάδος
1569 4515 1628 4566 ὲν
1657 4514 1736 4584 τῷ
1773 4515 1944 4585 μέσῳ,

356 4614 456 4666 καὶ
495 4614 690 4684 ἤρεσεν
726 4611 804 4681 τῷ
846 4611 1084 4682 Ἡρώδῃ.
1123 4629 1141 4660 ι
1185 4608 1360 4662 Βαϐαὶ
1406 4607 1509 4677 τῆς
1558 4608 1780 4670 ἀνοίαςι
1819 4609 1948 4677 Ὀρ-

358 4721 524 4776 χησις
577 4704 841 4769 νεάνιδος,
886 4702 985 4773 τὴν
1026 4701 1297 4772 βασιλέως
1346 4698 1617 4770 ἐθήρασεν
1657 4700 1943 4770 φρόνησιν.

355 4797 576 4868 Χειρῶν
606 4796 958 4860 ἀνακλάσεις,
998 4798 1091 4849 καὶ
1119 4794 1295 4847 ποδῶν
1324 4793 1602 4864 λυγισμοὶ,
1641 4795 1737 4846 καὶ
1768 4792 1947 4861 μελῶν

357 4887 634 4952 ἐκλύσεις,
701 4888 761 4941 τὸ
801 4885 1032 4959 στερῤὸν
1070 4885 1167 4939 τοῦ
1212 4884 1479 4953 βασιλέως
1521 4882 1783 4949 ὲξέλυσαν
1813 4884 1947 4952 φρό-

358 4999 532 5050 νημα.
569 4983 683 5035 Οὐκ
714 4982 957 5052 ἦκουσας
988 4979 1090 5041 τὸν,
1134 4977 1406 5031 Φιλίππου
1448 4977 1821 5046 Ἀλέξανδρον,
1854 4977 1947 5029 ἐπὶ

357 5075 482 5135 ταῖς
512 5073 738 5142 Δαρείου
769 5071 1106 5142 θυγατράσιν
1126 5068 1611 5140 προσενεχθείσαις
1638 5067 1785 5137 αὐτῷ
1809 5068 1946 5138 πρὸς

2055 3513 2325 3582 regnavit.
2352 3512 2637 3580 Cupiditas
2684 3512 2929 3581 quidem,
2972 3527 3041 3566 ne
3075 3512 3198 3566 ullis
3229 3512 3455 3581 quidem
3488 3513 3644 3567 adhi-

2054 3604 2186 3658 bitis
2242 3603 2537 3668 machinis,
2571 3605 2773 3658 mentis
2826 3614 2935 3658 tuae
2967 3619 3153 3658 arcem
3188 3605 3499 3659 obsidionis
3527 3606 3646 3675 lege

2053 3697 2297 3765 capiens,
2335 3710 2400 3749 ac
2452 3710 2554 3748 ceu
2589 3709 2795 3763 praeses
2842 3694 3013 3749 nescii
3048 3696 3162 3763 regi
3191 3696 3361 3749 animi
3406 3696 3510 3757 tui.
3545 3712 3645 3750 ex-

2055 3787 2259 3841 sistens
2290 3805 2303 3840 :
2331 3786 2412 3840 ira
2454 3798 2637 3840 autem
2690 3785 2881 3839 tandiu
2916 3787 3227 3856 captivans,
3256 3787 3430 3841 donec
3464 3787 3516 3841 in
3553 3788 3638 3841 in-

2055 3876 2193 3937 ferni
2229 3880 2506 3948 laqueum,
2538 3893 2604 3934 ac
2628 3894 2942 3949 supremam
2970 3880 3243 3933 malorum
3277 3880 3641 3950 charybdin),

2052 3969 2202 4022 dedit
2227 3971 2585 4040 p’razcipitem.
2628 3971 2710 4023 An
2745 3986 2856 4024 non
2890 3970 3007 4025 haec
3038 3970 3122 4024 via
3163 3972 3381 4023 illorum
3414 3980 3499 4025 est
3548 3970 3642 4041 qui

2054 4063 2291 4118 scelesta
2349 4063 2609 4131 patranti
2654 4060 2796 4117 Num
2862 4064 3044 4129 aliter,
3099 4063 3306 4118 divinae
3372 4063 3645 4118 obnoxius

2054 4155 2275 4219 ultioni,
2330 4157 2395 4209 ad
2460 4170 2679 4226 pinnam
2736 4154 3140 4211 examinandos
3186 4156 3382 4226 putas?
3430 4153 3642 4211 Rursus

2052 4262 2183 4302 vero
2209 4247 2581 4316 evangelicam
2613 4261 2801 4302 vocem
2838 4246 3155 4319 audiamus.

2129 4444 2147 4475 ι
2183 4424 2319 4481 Cum
2344 4423 2607 4490 Herodis,
2643 4424 2843 4495 inquit,
2875 4424 3127 4478 natalitia
3160 4404 3483 4494 agerentur,
3522 4425 3640 4480 sal-

2052 4518 2186 4571 tavit
2218 4515 2547 4571 llerodiadis
2584 4516 2691 4569 ﬁlia
2725 4516 2780 4570 in
2810 4516 3010 4579 medio,
3039 4524 3096 4570 et
3126 4517 3331 4586 placuit
3362 4516 3587 4572 Herodi.
3615 4535 3635 4568 ι

2051 4609 2392 4664 Atncntiam!
2437 4608 2671 4661 Saltatio
2716 4606 3162 4674 adolescentulre,
3206 4607 3349 4678 regis
3399 4606 3642 4677 pruden-

2053 4702 2183 4755 tiam
2224 4702 2389 4771 cepit.
2426 4701 2610 4756 Fracti
2651 4715 2913 4754 manuum
2948 4707 3163 4765 motus,
3196 4700 3507 4770 pedumque
3538 4700 3642 4753 im-

2056 4793 2241 4864 pudici
2289 4791 2486 4855 ﬂexus,
2514 4808 2579 4846 ac
2614 4792 2859 4846 membra
2910 4791 2975 4845 ad
3007 4786 3279 4845 luxuriam
3328 4792 3530 4856 soluta,
3559 4792 3644 4845 tir-

2054 4901 2202 4938 mum
2239 4899 2303 4938 ac
2355 4884 2590 4939 solidum
2625 4884 2773 4954 regis
2828 4898 3051 4937 sensum
3111 4894 3466 4937 enervarunt.
3518 4881 3637 4935 Non

2055 4972 2312 5027 audivisti
2375 4972 2747 5029 Alexandrum
2802 4971 3039 5043 Philippi
3106 4972 3278 5027 ﬁlium
3341 4973 3542 5026 oblatis
3571 4971 3640 5025 ad

2056 5066 2417 5121 concubitum
2457 5064 2600 5120 Darii
2638 5065 2855 5121 ﬁliabus
2899 5065 3050 5136 (‘21),
3083 5066 3254 5137 regali
3289 5064 3458 5118 animi
3496 5079 3640 5135 pra:-

1666 5241 2077 5299 ‘COMBEFISII
2113 5240 2340 5300 NO’I‘IE.

435 5385 548 5452 (‘21)
602 5384 689 5439 Uti
740 5386 825 5438 ira
879 5384 945 5436 iis
1004 5382 1309 5451 obsequens.
1355 5382 1440 5445 Ὡς
1486 5378 1659 5452 θυμὸς
1717 5382 1945 5444 ταύταις

352 5455 873 5526 ἑξυπηρετούμενος
905 5472 932 5526 -_
970 5454 1229 5526 nimirum
1274 5451 1633 5526 ’τῇ-ἀκρασίᾳ
1680 5456 1772 5505 καὶ
1824 5453 1944 5526 φιλ-

358 5506 793 5597 ἶςᾶνῷττὶρἇέέί.
834 5506 971 5578 ῶαιο
1007 5525 1279 5597 interpres
1315 5506 1624 5597 “pomarii,
1659 5506 1943 5597 pro/obse-

359 5591 396 5667 σί
423 5591 538 5651 deus
570 5591 634 5650 ac
667 5597 1011 5667 ministratus,
1038 5594 1295 5667 reddidit,
1326 5591 1649 5654 dominans;
1678 5594 1823 5667 quod
1855 5601 1942 5647 est

362 5664 605 5719 alituum
646 5681 771 5720 cum
811 5680 841 5717 a
881 5664 1247 5732 philosOphia,
1280 5673 1393 5717 tum
1436 5678 1466 5715 a
1506 5670 1652 5732 textu
1688 5664 1939 5717 Andreae.

364 5736 526 5792 Deest
584 5738 748 5791 etiam
800 5729 940 5804 apud
980 5729 1114 5790 cuni
1156 5734 1237 5795 τὸ,
1285 5736 1377 5804 τὸν
1419 5729 1569 5797 ἐντὸς
1618 5731 1937 5803 ἄνθρωπονι

362 5807 527 5877 quod
546 5806 773 5863 omnino
801 5802 1203 5860 restituendum
1235 5819 1302 5859 ex
1342 5802 1476 5874 Reg.

2125 5381 2235 5449 (ΞΕ)
2284 5380 2495 5437 Oblatis
2527 5379 2597 5434 ad
2648 5382 2985 5434 concubitum
3038 5378 3195 5433 Darii
3236 5376 3474 5449 ﬁliaﬁus.
3516 5377 3635 5430 ’i'nl

2050 5447 2169 5523 ταῖς
2203 5447 2449 5523 Δαρείου
2468 5452 2774 5523 Θυγατράσι
2810 5447 3315 5523 προσενεχθείσαις.
3363 5447 3639 5523 Interprcs

2051 5517 2336 5589 Lipomani
2373 5542 2386 5576 :
2420 5517 2627 5588 Septem
2650 5517 2829 5574 ‘Darii
2859 5517 3027 5590 ﬁlias.
3051 5517 3166 5574 etc.
3207 5517 3396 5572 Putem
3440 5518 3638 5590 legisse

2049 5593 2211 5652 ἑπτα,
2246 5593 2367 5646 ἀντὶ
2401 5593 2520 5657 τοῦ,
2546 5592 2668 5644 ἐπίο
2700 5589 3013 5659 quodsatis
3042 5606 3288 5642 crassum
3321 5602 3386 5642 ac
3422 5589 3638 5642 ridicu-

2050 5663 2163 5732 lum
2195 5672 2299 5716 est.
2328 5663 2475 5717 Duas
2498 5678 2600 5732 ego
2631 5662 2711 5717 sic
2739 5664 2957 5717 oblatas
2985 5663 3124 5730 lego,
3149 5669 3341 5732 castas
3363 5659 3637 5732 virginis,

2046 5749 2110 5786 ac
2138 5731 2313 5787 forma
2343 5730 2600 5795 decoras,
2631 5749 2868 5802 quarum
2914 5731 3224 5786 Alexander
3271 5730 3465 5797 pudori
3498 5744 3637 5783 can-

2045 5803 2279 5858 suluerit
2308 5821 2319 5857 :
2350 5819 2458 5875 qua
2491 5806 2558 5859 dc
2595 5820 2651 5857 re
2684 5805 2873 5858 multis
2909 5806 2961 5857 in
2997 5819 3062 5857 eo
3093 5802 3447 5857 Plutarchus.
