4012 6486
526 394 667 459 1123
1724 389 1787 447 S.
1829 382 2167 446 ANDREE
2204 380 2630 443 CRETENSIS
3634 378 3727 445 illi

522 502 756 570 stantia,
781 500 1009 574 indigne
1046 499 1268 563 tulisse,
1301 512 1367 552 ac
1397 510 1657 567 magnum
1693 493 1852 565 quid,
1878 493 2106 564 plenum

2152 498 2196 553 Α
2229 489 2541 556 συνουσίαν,
2601 489 2905 561 βασιλικῶς
2958 488 3400 560 δυσφορήσαντα,
3442 486 3528 542 καί
3558 504 3603 542 τι
3629 489 3733 560 μέγα

521 609 631 665 que
664 592 989 657 sobrietate,
1021 590 1169 646 istud
1200 588 1546 660 prolocutum
1576 601 1733 642 esse:
1763 604 1782 637 ι
1805 583 1992 654 Turpe
2015 591 2097 638 est

2228 582 2325 635 καὶ
2354 574 2711 653 σωφροσύνης
2744 580 2943 653 μεστὸν
2975 580 3446 651 έπιφθεγξάμενον
3468 580 3734 652 πρόσρημα·

524 692 585 739 ιιι
614 684 711 755 qui
767 683 919 739 viros
967 681 1230 745 vicimus,
1270 694 1301 732 a
1333 675 1667 733 mulieribus
1697 672 2068 745 superentur?
2099 691 2108 725 ι

2233 692 2252 725 ι
2289 672 2529 743 Aiaxpr
2563 674 2713 744 ἡμᾶς
2734 673 2938 745 ἄνδρας
2972 673 3329 744 νικήσαντας,
3373 670 3475 724 ὑπὸ
3524 671 3737 739 γυναικιῖιι

507 776 675 832 ’Διίρο
701 790 761 831 es
822 773 1132 830 incautus?
1170 770 1322 827 Adeo
1353 770 1736 839 intemperans
1761 767 1785 821 2
1818 766 1936 821 Non
1965 763 2091 821 audi

2226 764 2532 835 ἡττηθῆναι
2551 764 2799 831 ;ιοὓτως
2852 764 3167 835 ἀφύλακτος
3188 759 3241 817 εἴ
3263 779 3278 829 ;
3310 761 3494 827 Οὕτως
3516 764 3744 835 ἀκρατήςς

526 867 656 922 visti
681 864 924 921 divinam
954 870 1168 928 vocem,
1197 878 1323 933 quae
1368 860 1507 917 dicit
1539 878 1553 916 :
1590 878 1609 912 ι
1639 857 1837 914 Videte
1875 875 1944 914 ne
1974 873 2110 913 mori

2236 853 2344 906 υύκ
2368 854 2610 923 ήκουοας
2630 855 2728 926 τῆς
2752 853 2904 918 θείας
2934 855 3157 925 Γραφῆς
3177 853 3444 924 λεγούσης
3471 869 3485 884 ο
3520 871 3537 904 ι
3565 853 3749 907 Βλέπετε

521 957 788 1015 ascendat
810 972 907 1029 per
940 956 1213 1012 fenestras
1238 954 1303 1008 ιιι
1344 972 1363 1005 ι
1398 953 1525 1009 dico
1557 960 1743 1008 autem
1778 966 2001 1016 sensus,
2028 967 2105 1021 pel

2232 945 2310 1018 μὴ
2339 946 2572 1011 θάνατος
2605 947 2781 1019 ἀναϐῇ
2803 947 2892 1001 διὰ
2919 948 3031 1000 τῶν
3074 947 3309 1017 θυρίδων
3335 964 3352 1016 ;
3386 965 3404 999 ι
3443 946 3578 1014 λέγω
3595 945 3652 1016 δὴ
3671 945 3752 1000 τῶν

520 1047 662 1120 ques
727 1051 981 1105 internus
1036 1049 1200 1101 homo
1252 1047 1608 1115 illaqueatur.
1673 1043 1817 1110 Quid
1868 1047 2104 1113 volupta‘

2228 1036 2563 1108 αἰσθήσεων,
2628 1032 2717 1101 αἶς
2753 1040 2782 1091 ὁ
2823 1038 2977 1101 ἐντὸς
3021 1038 3312 1108 ἄνθρωπος
3353 1035 3691 1104 παγιδεύεται.
3708 1037 3753 1089 Τί

520 1143 597 1198 tis
647 1142 762 1212 (ΞΒ)
817 1142 987 1197 habet
1050 1141 1280 1198 saltatio
1333 1137 1736 1209 Corybantica,
1771 1143 1867 1191 aut
1910 1137 2104 1194 music:

2224 1128 2336 1183 τῶν
2364 1129 2502 1201 πρὸς
2534 1129 2732 1201 ἡδονὴν
2754 1128 2868 1200 ἔχει
2910 1127 3431 1200 Κορυϐαντιασμὺς,
3464 1127 3499 1199 ἢ
3540 1127 3755 1198 μουσικῶν

472 1292 489 1305 κ
520 1232 893 1290 instrumenta
923 1232 991 1287 ad
1011 1230 1442 1286 deuiulcendum
1462 1236 1807 1299 comparata,
1837 1229 2056 1284 saman

2227 1223 2482 1293 ὀργάνων
2530 1221 2849 1294 θέλγητρα·
2906 1221 3165 1294 συμϐύκη
3208 1240 3267 1276 τε
3319 1222 3418 1276 καὶ
3458 1220 3759 1292 κιθάραοκαὶ

523 1332 580 1380 et
608 1323 828 1380 cithara
854 1363 870 1390 ,
906 1331 961 1380 et
998 1323 1184 1387 nabla,
1221 1331 1275 1376 et
1309 1320 1481 1375 tibia?
1511 1319 1627 1385 Qua
1654 1330 1840 1375 autem
1876 1336 1987 1375 non
2013 1321 2107 1392 ple

2227 1314 2403 1368 νάϐλα
2428 1314 2526 1368 καὶ
2555 1314 2718 1379 αὐλός
2744 1332 2760 1382 ;
2784 1315 2850 1369 Τί
2875 1315 2933 1368 δὲ
2953 1315 3061 1368 τῶν
3091 1313 3340 1385 αἰσχρῶν
3370 1314 3431 1367 ού
3453 1313 3619 1382 νέμει,
3644 1313 3761 1383 σῶμα

523 1431 660 1472 num
715 1417 939 1472 exsistit
1001 1414 1350 1485 turpitudine
1370 1429 1597 1483 corpus,
1633 1413 1781 1483 quod
1831 1413 2107 1468 libidinosc

2227 1402 2607 1473 λυγιζόμενον,
2644 1403 2739 1456 καὶ
2758 1403 2905 1475 ’μέλη
2951 1403 3389 1475 στρεϐλούμενα,
3428 1402 3464 1457 ἃ
3488 1402 3590 1456 τῶν
3613 1401 3761 1473 δαιμο-

520 1509 769 1562 motibus
800 1506 1012 1577 agitur,
1042 1506 1209 1575 inque
1232 1521 1359 1560 eum
1404 1503 1626 1559 modum
1658 1514 1918 1560 contorta
1953 1521 2104 1559 mem!

2226 1495 2446 1550 νὼντων
2499 1497 2641 1551 εἰσίν
2697 1495 2917 1569 ἀληθῶς
2980 1500 3293 1568 εἰκάσματα
3353 1497 3451 1551 καὶ
3484 1495 3761 1568 μηνύματας

520 1600 642 1667 bra,
679 1617 805 1673 quae
838 1602 996 1671 plane
1046 1600 1413 1655 obsessorum
1458 1613 1489 1653 a
1528 1598 1777 1653 daemone
1823 1598 2104 1654 simulacr:

2228 1590 2301 1644 Σὺ
2335 1592 2391 1644 δὲ
2439 1591 2654 1656 τούτοις
2688 1586 2778 1646 οἷα
2807 1591 3002 1664 νεϐρὸς
3053 1591 3334 1659 τοξευθεὶς
3374 1591 3694 1662 adeo-4,le
3716 1589 3766 1654 ὡς

521 1693 772 1765 qutcdain
813 1695 1089 1765 signaque
1121 1692 1457 1748 videantur?
1495 1691 1575 1746 Tu
1607 1700 1816 1757 autem,
1876 1692 1963 1746 bis
1997 1702 2105 1745 tant

2229 1684 2434 1754 πτηνὸν
2459 1683 2715 1748 ίξευθεὶς,
2732 1683 2857 1739 οὔτε
2883 1685 2957 1749 ὡς
2979 1685 3464 1758 δορκὰςδιεσώθης
3493 1688 3555 1739 ἐκ
3585 1684 3764 1758 βρόχων,

521 1802 690 1860 quam
727 1791 874 1843 cervi
937 1787 1210 1842 binuulus
1272 1785 1593 1852 confossus,
1633 1781 1709 1838 ac
1746 1799 1850 1839 ceu
1882 1785 2105 1839 volucri:

2184 1854 2195 1860 _
2227 1774 2355 1830 οὔτε
2381 1776 2457 1841 ὡς
2484 1776 2676 1848 ὄρνεον
2722 1778 2789 1832 ἐκ
2848 1779 3079 1847 παγίδας
3119 1780 3401 1852 ἐρῤύσθης
3427 1797 3442 1811 ο
3479 1780 3609 1833 ἀλλὰ
3643 1781 3768 1847 παγίς

521 1880 678 1936 visco
709 1880 1026 1949 implicatus
1052 1917 1067 1943 ,
1102 1893 1284 1949 neque
1317 1886 1377 1933 ut
1415 1892 1617 1949 caprea
1648 1893 1716 1932 ex
1756 1877 1974 1932 retibus
2007 1893 2105 1932 seri

2184 1854 2200 1907 ⁵
2230 1888 2315 1925 σοι
2339 1871 2562 1941 γέγονεν
2583 1873 2684 1943 τῆς
2709 1873 3020 1945 μοιχαλίδος
3079 1876 3113 1946 ἡ
3152 1874 3452 1947 όρχηστρίς
3472 1891 3484 1903 ·
3516 1876 3607 1929 καὶ
3627 1873 3768 1946 βόθρος

520 1980 683 2027 vatus
731 1986 790 2027 es
824 1978 874 2036 °,
932 1986 1113 2042 neque
1184 1978 1244 2025 ut
1296 1971 1417 2025 avis
1452 1984 1484 2023 a
1536 1969 1737 2040 laqueo
1784 1968 2102 2025 liberatusp

2229 1964 2594 2036 ἐπίκρημνος,
2644 1968 2672 2019 ὁ
2723 1966 2865 2037 πρὸς
2893 1967 3114 2039 ἐκείνην
3143 1964 3387 2039 οἶστρος.
3433 1988 3453 2021 ι
3492 1969 3600 2022 Καὶ
3632 1968 3769 2038 ὠρχή-

522 2059 787 2129 Quinimo
845 2060 990 2117 facta
1059 2062 1157 2117 tibi
1216 2070 1303 2117 est
1357 2060 1591 2132 laqueus
1639 2060 1824 2131 puella
1868 2060 2106 2115 saltatrix

2229 2072 2384 2118 σατο.
2409 2058 2599 2128 φησιν,
2631 2057 2666 2128 ἡ
2688 2055 2938 2130 θυγάτηρ
2964 2060 3065 2131 τῆς
3099 2058 3458 2131 Ἡρωδιάδος,
3504 2059 3595 2114 καὶ
3621 2060 3771 2130 ἤρεσεν

520 2154 829 2211 meretricis
885 2154 1141 2220 feminae,
1214 2153 1487 2225 foveaque
1542 2152 1824 2225 profunda
1901 2153 2104 2210 amoris

2226 2149 2307 2221 τῷ
2349 2149 2587 2223 Ἡρώδῃ,
2618 2150 2715 2204 καὶ
2747 2146 2903 2207 εἶπεν
2924 2166 2939 2181 ⁸
2997 2152 3239 2221 Αἴτησόν
3261 2169 3330 2222 με
3362 2153 3391 2205 ὃ
3408 2152 3503 2206 ἐὰν
3519 2151 3684 2224 θέλῃς,
3709 2151 3774 2203 καὶ

520 2246 656 2302 illud
696 2249 754 2303 in
811 2262 937 2304 eum
990 2257 1251 2303 (nstrum.
1290 2264 1311 2299 ι
1341 2249 1407 2301 Et
1464 2248 1709 2317 saltavit,
1776 2246 1980 2317 inquit,
2015 2245 2104 2300 illi:

2224 2240 2385 2295 δώσω
2418 2257 2523 2295 σοι.
2559 2242 2672 2295 Καὶ
2714 2242 2837 2313 μεθ’
2870 2243 3037 2314 ὅρκου
3074 2242 3434 2315 ὡμολόγησεν
3464 2244 3598 2315 αὐτῇ
3616 2241 3773 2305 δοῦναι,

521 2335 877 2403 llerodiadis,
906 2345 963 2392 et
998 2338 1209 2409 placuit
1251 2335 1479 2400 llerodi,
1515 2347 1570 2391 et
1596 2335 1780 2391 dixit:
1811 2335 1944 2392 Pete
1971 2352 2002 2390 a
2037 2352 2105 2392 mi

2225 2333 2254 2387 δ
2284 2333 2381 2388 ἐὰν
2414 2335 2738 2407 αἰτήσηται,
2779 2334 2885 2400 ἕως
2911 2335 3148 2406 ἡμίσους
3170 2336 3269 2407 τῆς
3288 2336 3574 2407 βασιλείας
3599 2334 3770 2390 αὐτοῦ.»

517 2429 668 2500 quod
718 2430 993 2494 volueris,
1063 2438 1119 2484 et
1168 2431 1314 2484 dabo
1371 2429 1494 2483 tibi.
1544 2429 1612 2485 Et
1641 2444 1767 2483 cum
1803 2430 2101 2500 juramentt

2229 2428 2416 2480 Ἔστω
2448 2428 2645 2499 ἤρεσεν
2696 2428 2820 2482 τότε
2873 2428 3227 2500 ὀρχησαμένη
3266 2432 3302 2500 ἡ
3346 2431 3479 2493 παῖς
3502 2472 3516 2495 ,
3555 2429 3655 2484 ἔδει
3678 2429 3778 2482 δέτι

519 2522 805 2592 pollicitus
831 2529 917 2577 est
946 2521 994 2576 ei
1053 2520 1189 2575 dare
1243 2520 1518 2592 quidquid
1546 2522 1915 2591 postulasset,
1947 2538 2103 2592 usqui

2225 2523 2321 2575 καὶ
2352 2521 2669 2593 δωρηθῆναι
2700 2521 2843 2592 τάχα
2904 2522 3057 2592 παρὰ
3109 2523 3205 2576 σοῦ
3240 2525 3309 2595 τῇ
3343 2523 3529 2578 παιδί’
3560 2523 3684 2578 ἀλλὰ
3702 2521 3779 2574 τῶν

517 2613 589 2667 ad
638 2612 927 2668 dimidiunt
986 2613 1142 2683 regni
1208 2612 1315 2668 sui.
1351 2631 1369 2665 ι
1427 2611 1583 2676 Esto,
1643 2614 1924 2681 placuerit
1988 2622 2101 2669 tum

2224 2611 2617 2683 ἐνδεχομένων,
2646 2613 2708 2666 οὗ
2739 2612 2850 2665 τῶν
2879 2612 3261 2684 ὑπερεχόντων
3284 2630 3297 2644 ·
3322 2614 3433 2668 τῶν
3455 2614 3678 2683 ἡδόντων
3690 2611 3783 2674 τοὺς

520 2705 734 2760 saltans
787 2704 996 2775 puella,
1076 2702 1306 2773 forsque
1368 2704 1534 2759 etiam
1592 2703 1803 2773 aliquid
1872 2706 2104 2760 muneri:

2222 2704 2573 2775 δαιτυμόνας,
2602 2705 2662 2758 οὐ
2687 2704 2796 2758 τῶν
2818 2703 3097 2759 άνιώντων
3115 2722 3128 2736 ·
3165 2707 3296 2776 μήτι
3315 2705 3426 2776 γὰρ
3447 2706 3544 2778 τὴν
3558 2704 3645 2759 τοῦ
3664 2705 3785 2773 ἁγίου

520 2798 719 2869 puellm
748 2795 960 2852 donare
988 2796 1253 2852 debueris
1284 2810 1298 2849 :
1326 2802 1382 2850 at
1419 2805 1572 2851 certe
1600 2812 1791 2852 eorum
1819 2814 1941 2868 qua:
1990 2814 2104 2870 pos-

2225 2797 2323 2851 καὶ
2355 2798 2643 2868 προφήτου
2670 2795 2914 2867 κεφαλήν
2933 2814 2949 2864 ;
2974 2815 2993 2849 ι
3015 2796 3178 2850 Ἀλλὰ
3194 2797 3285 2851 διὰ
3296 2798 3427 2862 τοὺς
3444 2796 3781 2869 ὃρκους,φησ⁵.,

521 2906 646 2949 sent
669 2890 812 2955 dari,
845 2904 954 2945 non
986 2903 1108 2959 quae
1140 2888 1312 2943 nimia
1352 2902 1418 2944 ac
1466 2890 1862 2959 exsoperantia
1894 2900 2105 2958 essent;

2223 2890 2319 2942 καὶ
2345 2889 2473 2954 τοὺς
2504 2889 3022 2959 συνανακειμένους,
3072 2889 3176 2944 οὐκ
3206 2889 3479 2962 ἠθέλησεν
3503 2889 3665 2961 αὐτὴν
3689 2886 3785 2943 ἀθε-

519 2998 715 3041 eorum
755 2998 880 3054 quae
905 2983 1170 3037 convivas
1200 2981 1488 3052 voluptate
1516 2980 1823 3049 alficerent,
1857 2997 1970 3037 non
1996 2998 2103 3054 qua

2220 2981 2408 3052 τῆσαι.
2451 3002 2470 3036 ι
2498 2981 2605 3037 Φεῦ
2640 2983 2743 3054 τῆς
2763 2983 2954 3047 ἀνίαςι
2985 2981 3090 3052 φεῦ
3116 2984 3217 3055 τῆς
3247 2982 3586 3056 πωρώσεως,
3616 2983 3786 3051 καὶτῆς

520 3077 753 3133 molesta
783 3076 966 3132 forent
992 3092 1008 3131 :
1045 3091 1177 3130 num
1206 3076 1354 3131 enim
1374 3075 1556 3131 sancti
1586 3083 1757 3147 caput
1785 3080 1953 3148 atque
1990 3093 2104 3149 pro-

2223 3069 2519 3141 άνευλόγου
2574 3072 2938 3143 προφάσεωςί
2977 3073 3040 3125 Et
3084 3073 3196 3145 γὰρ
3230 3074 3328 3127 καὶ
3385 3077 3489 3145 τῆς
3552 3070 3788 3145 βασιλείας

518 3168 740 3242 pheta?
781 3187 797 3221 ι
834 3166 943 3223 Sed
976 3179 1201 3238 propter
1254 3165 1677 3237 jusjurandum,
1725 3167 1924 3237 inquit,
1968 3177 2024 3224 et
2053 3170 2100 3225 si

2227 3163 2579 3229 ἐξεστακέναι
2601 3182 2660 3218 σε
2678 3164 2903 3237 ⁴ᾔτησεν,
2929 3166 3047 3229 πῶς
3065 3166 3132 3220 ἂν
3151 3167 3278 3230 τοὺς
3295 3165 3499 3237 ὅρκους
3510 3165 3641 3237 πρὸς
3656 3163 3790 3234 αὐτὴν

524 3256 633 3311 tnul
668 3257 1075 3320 rccumbentes,
1102 3257 1282 3312 noluit
1310 3258 1361 3312 ei
1384 3258 1657 3313 abnuere.
1689 3275 1709 3310 ι
1729 3254 2090 3326 Osinentiam

2236 3255 2615 3327 ἐμεθώδευσας
2642 3275 2657 3326 ;
2683 3259 2743 3312 Et
2767 3258 2825 3313 δὲ
2857 3259 2953 3312 καλ⁵
3000 3259 3099 3328 τῆς
3131 3258 3339 3330 μητρὸς
3367 3255 3790 3329 ἐκκορακισθῆναι

521 3346 568 3402 ο
630 3349 964 3413 caecitatem,
1012 3340 1461 3419 praetextumque
1511 3348 1757 3403 alienum
1806 3364 1837 3402 a
1872 3351 2092 3407 ratione

2231 3347 2361 3410 τοὺς
2412 3347 2737 3418 ὀφθαλμοὺς
2795 3349 3120 3423 ἐξῃτήσατο,
3173 3350 3208 3422 ἢ
3241 3351 3337 3403 καὶ
3372 3350 3482 3422 τῆς
3531 3344 3793 3408 παντελοῦς

524 3439 595 3496 Ut
618 3443 767 3497 enim
801 3442 1053 3513 petiisset
1110 3452 1172 3496 ut
1198 3456 1230 3496 a
1262 3454 1437 3509 regno
1469 3439 1792 3506 excederes,
1854 3445 2108 3519 quomodi

2231 3439 2535 3509 ἀφεστάναι
2563 3440 2699 3512 πρὸς
2748 3442 2927 3514 αὐτὴν
2974 3444 3264 3510 συνουσίας
3301 3443 3623 3511 ἐπέταττεν,
3657 3438 3794 3508 ἐπλή·

522 3549 646 3589 eras
667 3545 1030 3590 exsecuturus
1043 3534 1191 3604 quod
1219 3533 1269 3588 ei
1291 3533 1625 3604 juraveras?
1655 3534 1724 3589 L‘t
1750 3542 1931 3589 autem
1961 3537 2106 3591 etian

2236 3547 2362 3602 ρους
2394 3528 2505 3604 ἆρα
2533 3532 2597 3586 τὸ
2630 3533 2856 3604 αἰτηθέν
2887 3552 2904 3602 ;
2942 3552 2964 3586 ι
3004 3534 3170 3589 Ἀλλὰ
3193 3535 3284 3590 διὰ
3314 3536 3448 3600 τοὺς
3472 3537 3678 3609 ὅρκους,
3712 3547 3793 3600 φη·

521 3624 775 3703 petiisset
832 3632 893 3679 ut
949 3624 1327 3681 eil‘odereutur
1369 3624 1568 3681 matris
1598 3626 1770 3692 oculi,
1807 3628 1891 3682 vel
1933 3628 2105 3699 utjus

2234 3623 2342 3687 σὶν,
2374 3626 2468 3679 καὶ
2490 3626 2616 3690 τοὺς
2649 3627 3170 3700 συνανακειμένους,
3217 3629 3320 3683 οὐκ
3350 3629 3617 3701 ἠθέλησεν
3653 3623 3793 3692 αὐτὴν

523 3716 689 3772 sisset
713 3723 773 3770 ut
803 3717 873 3771 ab
905 3716 1028 3786 ejus
1063 3718 1294 3771 omnino
1341 3716 1758 3774 consuetudine
1778 3720 2107 3775 ’rccederes.

2234 3715 2522 3786 ἀθετῆσαι.
2567 3736 2588 3769 ι
2620 3717 2695 3771 Τδ
2729 3717 2842 3791 γὰρ
2869 3719 3167 3791 λεγόμενον
3196 3721 3333 3791 πρὸς
3365 3724 3527 3775 τοῦτο
3549 3720 3695 3791 φέρει
3718 3717 3794 3785 τῆς

522 3804 943 3876 itnplevissesne
968 3807 1118 3876 quod
1142 3806 1437 3876 petiisset?
1474 3826 1492 3859 ι
1539 3807 1648 3862 Sed
1683 3818 1914 3879 pr0pter
1934 3810 2106 3880 jusju-

2231 3804 2482 3876 ἀνάγκης
2530 3804 2593 3859 τὸ
2644 3807 3045 3880 ἀπαραίτητον.
3096 3808 3162 3861 Τί
3214 3805 3309 3864 οὖν
3351 3809 3420 3863 ἂν
3472 3804 3794 3881 ἔπραξας.εὶ

520 3898 781 3966 randum,
829 3899 1033 3968 inquit,
1087 3908 1142 3955 et
1206 3899 1373 3954 simul
1418 3901 1831 3969 rccumbentes,
1864 3904 2046 3958 noluit
2075 3919 2104 3959 e

2232 3897 2340 3949 τῶν
2397 3898 2707 3968 είρημένων
2762 3899 2892 3970 μίαν
2957 3901 3254 3971 προΐσχετο
3313 3902 3626 3972 apd-ram;
3680 3894 3793 3951 Ἀλλ’

522 3991 787 4046 abnuere.
834 4010 853 4044 ι
893 3990 1052 4058 Quod
1105 3991 1254 4046 enim
1315 3992 1547 4056 dicitur,
1577 3994 1859 4064 ejusmodi
1893 3996 2106 4051 inevita

2230 3988 2522 4052 ὡςέοικεν,
2548 4009 2566 4041 ι
2602 3990 2764 4053 Πᾶςό
2804 3991 2974 4045 ποιῶν
3016 3992 3114 4064 τὴν
3154 3993 3456 4064 ἁμαρτίαν,
3483 3991 3662 4054 δοῦλός
3702 3990 3795 4042 ἐστι

522 4080 689 4149 bilem
720 4086 1105 4139 necessitatem
1137 4083 1325 4139 refert.
1349 4083 1494 4150 Quid
1530 4099 1663 4156 ergo
1688 4085 1944 4143 facturus
1977 4105 2103 4145 eras

2228 4084 2330 4152 τῆς
2363 4081 2696 4153 ἁμαρτίας.»
2732 4083 2790 4135 ’0
2822 4082 3013 4157 γὰρτῇ
3038 4085 3198 4155 ἡδονῇ
3220 4085 3311 4139 τὸν
3343 4084 3544 4140 ἑαυτοῦ
3570 4080 3797 4152 λογισμὸν

522 4185 584 4230 ut
613 4175 701 4229 illa
736 4192 907 4231 unum
940 4177 1074 4247 quid
1108 4177 1500 4247 praedictorum
1529 4173 1964 4249 proposuisset?
1995 4180 2101 4237 Sed

2232 4174 2537 4245 ὑποζεύξας
2566 4214 2582 4239 ,
2626 4174 2811 4240 δοῦλος
2866 4177 2967 4248 μὲν
3028 4177 3250 4246 ἀφανῶς
3304 4178 3520 4247 γίνεται
3562 4177 3666 4232 τῶν
3714 4189 3792 4227 πα·

522 4276 586 4324 ut
631 4268 876 4334 videtur,
936 4287 954 4320 ι
998 4268 1196 4326 Omnis
1246 4269 1342 4341 qui
1397 4268 1536 4325 facit
1576 4281 1899 4341 peccatum,
1928 4254 2106 4330 servu:

2230 4266 2361 4320 θῶνο
2387 4267 2465 4337 τῷ
2495 4266 2715 4338 θυμικῷ
2730 4267 2786 4321 δὲ
2809 4270 2946 4340 πρὸς
2966 4269 3275 4340 ὑπουργίαν
3291 4270 3581 4341 ὁρμήματι
3611 4265 3799 4338 χρώμε-

521 4368 610 4417 est
656 4361 867 4431 peccati
891 4370 941 4414 ει.
974 4379 992 4412 ι
1055 4358 1195 4415 Nam
1237 4361 1331 4432 qui
1359 4375 1517 4416 suam
1565 4363 1838 4434 voluptati
1889 4364 2100 4436 subieci

2228 4375 2319 4421 νος
2342 4358 2635 4430 προφαίνει
2663 4360 2960 4431 προφανῶς
2987 4363 3067 4423 είς
3089 4361 3403 4432 τούμφανὲς
3434 4361 3532 4433 τὴν
3549 4359 3768 4431 διάθεσιν
3785 4368 3796 4383 ·

442 4476 445 4481 ·
522 4453 797 4508 rationem
826 4495 842 4520 ,
880 4452 939 4507 fit
972 4452 1199 4523 quidem
1251 4452 1472 4508 occulte
1528 4453 1792 4509 vitiorum
1838 4470 1903 4510 ac
1953 4471 2021 4511 an

2230 4452 2408 4505 ἐκεῖνο
2460 4453 2525 4523 τῇ
2576 4451 2804 4506 ἐκϐάσει
2864 4453 2959 4506 τοῦ
2992 4455 3197 4524 τρόπου
3239 4455 3589 4524 φαινόμενος,
3626 4448 3799 4520 ὅπερή

508 4542 1007 4616 perturbationum
1041 4559 1236 4609 servus
1269 4564 1282 4599 :
1311 4545 1406 4600 ubi
1435 4553 1621 4602 autem
1644 4548 1999 4617 postmodum
2035 4550 2092 4606 ir:

2234 4542 2555 4596 δουλώσασα
2605 4544 2712 4614 πρὸ
2781 4544 2881 4615 τῆς
2921 4545 3121 4617 πείρας
3159 4546 3529 4601 ἐϐούλετο·οὺ
3564 4545 3801 4618 πρότερον

526 4648 678 4692 ιηοιιι
708 4638 1043 4692 administro
1077 4638 1282 4701 utitur,
1326 4651 1482 4691 suam
1515 4645 1710 4707 aperte
1742 4639 1797 4691 in
1840 4640 2110 4709 publicuu

2231 4634 2329 4688 τοῦ
2360 4633 2534 4707 θυμοῦ
2555 4634 2844 4705 λήξαντος,
2874 4636 2981 4701 ἓως
3014 4638 3080 4691 ἂν
3104 4638 3205 4708 τῆς
3227 4637 3426 4708 ἡδονῆς
3455 4641 3489 4709 ἡ
3526 4639 3707 4705 παγίς,
3726 4633 3802 4686 τὸν

525 4725 791 4798 producit
848 4726 1238 4794 aﬂ‘ectionem;
1294 4727 1431 4783 illud
1470 4742 1594 4783 sese
1645 4742 1864 4783 morum
1925 4739 2109 4785 eventi

2234 4728 2463 4800 ἐμπαθῆ
2496 4730 2880 4787 κατεδίκασεν.
2917 4732 3080 4803 Ὁρᾷς
3112 4734 3195 4796 είς
3238 4733 3307 4803 ἣν
3336 4733 3569 4797 ἀτοπίας
3593 4725 3802 4799 ὑπερδο-

524 4819 798 4889 prodens,
840 4817 989 4889 quod
1044 4818 1336 4888 captivans
1394 4817 1653 4888 voluptas
1694 4827 1825 4874 ante
1865 4822 1945 4875 rei
1981 4823 2108 4892 perii

2234 4822 2333 4893 λὴν
2365 4820 2678 4877 ὰπώλισθέν
2735 4840 2820 4877 σοι
2856 4822 2967 4877 τῶν
3018 4825 3200 4898 ὅρκων
3244 4828 3276 4897 ἡ
3315 4825 3600 4897 προφορᾶς
3643 4817 3802 4877 Μανία

528 4911 721 4967 culum
778 4910 1069 4982 exigebat;
1120 4927 1231 4966 non
1294 4911 1452 4981 prius
1503 4912 1797 4968 desinente
1831 4914 2109 4985 ira,quan

2231 4913 2408 4984 ’πολλή
2432 4931 2444 4943 ·
2476 4913 2739 4983 πώρωσις
2768 4914 2887 4981 νοῦ,
2926 4915 3024 4970 καὶ
3074 4916 3291 4987 φρενῶν
3331 4915 3695 4987 ἐξάμϐλωσις,
3723 4907 3804 4978 τὴν

529 5004 829 5077 voluptatis
862 5005 1119 5077 laqueus,
1154 5020 1218 5059 ea
1244 5003 1536 5059 affectione
1561 5005 1908 5061 laborantem
1947 5008 2113 5062 Ιιοιιιί·

2234 5004 2495 5077 τοιαύτην
2531 5005 2869 5079 άϐελτηρίαν
2912 5008 3215 5081 ἀπέτεκενπ
3245 5027 3264 5060 ι
3302 5007 3539 5081 Αἴτησόν
3585 5004 3699 5079 μεό
3724 5001 3805 5055 ἐὰν

526 5113 681 5161 nem,
738 5112 888 5151 reum
948 5095 1368 5151 demonstrarit.
1399 5095 1567 5150 Vides
1617 5097 1670 5150 in
1715 5105 1980 5167 quautam
2014 5100 2110 5153 tibl

2223 5096 2409 5169 θέλῃς,
2473 5099 2567 5152 καὶ
2616 5097 2775 5153 δώσω
2828 5100 3085 5166 σοι,ἓως
3131 5103 3366 5173 ἡμίσους
3421 5102 3520 5172 τῆς
3551 5096 3803 5172 βασιλείας

618 5267 648 5298 ³
675 5257 880 5322 Jerem.
913 5282 989 5335 ix,
1018 5266 1112 5323 2f.
1183 5276 1211 5308 ο
1238 5268 1404 5326 Eccli.
1441 5285 1613 5339 uvu,
1642 5271 1734 5327 2‘2.
1801 5280 1831 5324 Ρ
1856 5272 2005 5331 Psal.
2032 5290 2236 5344 cum,
2272 5279 2325 5337 Ἰ.
2403 5289 2431 5331 (ι
2458 5279 2619 5340 Joan.
2658 5296 2778 5343 vui,
2810 5282 2902 5339 3t.

1862 5416 2245 5474 COMBEFISH
2290 5418 2526 5481 NOTAE.

583 5584 595 5594 _
627 5508 912 5595 (‘25)_Qyid
946 5512 1252 5595 voluptatis.
1301 5515 1583 5586 lutei-pres
1632 5515 1915 5595 Lipomani
1967 5530 2128 5595 nega-
2241 5520 2313 5595 sit
2363 5520 2651 5595 Lipomnni
2711 5524 3011 5595 negativa;
3069 5539 3182 5595 nec
3238 5524 3439 5594 duplex
3493 5517 3801 5595 btec'lectio

557 5584 725 5666 tivam
752 5581 936 5666 liabet,
957 5581 1336 5666 sedvideatur
1364 5581 1566 5666 vacare
1592 5603 1610 5642 :
1642 5581 1708 5666 ut
1730 5581 2134 5666 VeliLAndreas
2239 5581 2460 5666 aliunde
2497 5596 2762 5666 prodierit
2786 5581 2816 5660 ξ’
2838 5581 3010 5663 ψιαιιί
3045 5609 3109 5666 ex
3140 5581 3348 5666 duplici
3381 5596 3471 5650 illa
3489 5594 3645 5666 vocis
3671 5590 3800 5665 ejus-

559 5650 990 5738 nullutnyeram
1046 5655 1383 5738 voluptatem
1437 5657 1638 5738 habere
1690 5658 1793 5738 ista
1842 5654 2134 5738 Corybyn-
2241 5650 3127 5738 [nodiacceptione,ac'forteilla
3152 5650 3801 5738 Lipoinanidebeatﬁrc-

561 5722 668 5795 tica
717 5722 810 5776 sed
859 5737 1071 5795 merum
1126 5722 1433 5795 probrum;
1483 5728 1569 5781 sin
1620 5736 1803 5781 autem
1855 5722 2131 5781 carnalem
2237 5729 2390 5787 ferri.

554 5791 884 5861 voluptatem
918 5808 985 5851 ac
1016 5791 1300 5855 libidinem
1334 5795 1585 5866 intelligit
1615 5837 1631 5865 ,
1683 5807 1811 5854 tunc
1853 5796 2131 5867 probanda
