4012 6456
338 392 481 464 1125

1376 413 1459 475 ΙΝ
1490 414 1553 477 S.
1590 414 1834 477 JOANN
1842 415 1914 476 IS
1951 415 2610 480 DECOLLATIONEM.

3470 425 3602 491 1126

333 536 467 587 μου.
491 534 512 570 ι
546 515 736 582 Οὕτως
763 516 1076 587 ἀφύλακτος
1106 515 1192 588 εἷς
1239 519 1413 586 οὕτως
1446 522 1699 595 εὐχερὴς,
1725 522 1799 587 ὡς
1845 524 1921 595 μὴ

2027 524 2283 594 prolapsa
2309 526 2381 581 sit
2407 528 2835 597 absurditatem,
2872 529 3232 604 jurisjurandl
3270 550 3403 593 voce
3445 547 3608 594 tenus

334 609 515 682 μέτρα
542 607 735 663 θέσθαι
761 611 874 674 σοῖς
899 611 1182 682 λογισμοῖς
1202 628 1217 642 ο
1256 612 1416 683 μηδὲ,
1446 613 1584 684 ὅπερ
1619 614 1720 671 οὐκ
1748 613 1917 684 ἐχρῆν

331 700 716 766 ἀϐασανίστως
769 702 1158 773 προσήκασθαι
1214 703 1487 772 συνιδεῖν;
1532 705 1736 761 Σκόπει
1779 705 1919 775 πρὸς

330 792 460 847 ὅσον
483 790 741 859 ἀϐουλίας
769 790 1032 863 ἐξηνέχθη
1059 809 1162 859 σοι,
1195 793 1257 847 τὸ
1278 794 1567 865 προπετῶς
1598 795 1816 864 ὀμόσαι·
1844 794 1919 850 Τὸ

329 882 393 939 δὲ
417 883 821 955 συνηρπάσθαι,
845 883 908 938 οὕ
939 903 1084 957 φημι
1116 885 1398 957 βασιλικὸν
1437 881 1580 941 εἶναι
1603 887 1917 958 γνώρισμα,

331 980 742 1054 ἀθυροστομίας
758 979 817 1033 δὲ
841 978 1013 1043 πάθος
1038 979 1277 1051 ἀκρατὲς
1290 997 1305 1010 ’
1321 981 1459 1052 ὅπερ
1477 979 1640 1043 αὐτὸς
1657 979 1920 1047 ὑποστὰς,

331 1072 398 1127 τδ
458 1071 537 1143 μὴ
585 1072 919 1144 κεκριμένον
968 1070 1137 1136 ἐδέξω
1173 1071 1249 1136 ὡς
1275 1070 1630 1143 κεκριμένον.
1667 1070 1923 1134 Τοιοῦτος

338 1163 451 1237 γὰρ
496 1164 645 1227 ἄπας
686 1161 812 1226 νοῦς
832 1162 1187 1233 ἀχαλίνωτος,
1220 1163 1317 1216 καὶ
1367 1163 1527 1232 λόγος
1566 1161 1881 1232 ἀφύλακτος
1905 1178 1920 1193 ·

340 1254 420 1326 μὴ
449 1253 547 1325 τῆς
596 1252 696 1308 τοῦ
746 1252 913 1307 καλοῦ
951 1253 1186 1324 κρίσεως
1217 1252 1622 1325 ἐπιστατούσης
1655 1255 1767 1317 τοῖς
1789 1252 1943 1323 λογι-

337 1348 522 1417 σμοῖς,
545 1345 681 1400 ἀλλά
691 1345 955 1400 τάναντία
977 1345 1109 1417 δρᾷν
1123 1344 1219 1399 τοῦ
1246 1346 1339 1400 νοῦ
1360 1345 1435 1418 μὴ
1451 1346 1774 1411 κωλύοντος,
1798 1365 1934 1420 προ-

339 1437 734 1511 σαφῃρημένου
752 1437 845 1490 τοῦ
857 1437 1004 1491 κατά
1024 1437 1186 1507 φύσιν
1209 1439 1579 1510 φρονήματος.
1617 1438 1756 1492 Ἀλλ’
1774 1441 1803 1492 ὁ
1832 1439 1931 1509 μὲν

350 1527 600 1603 Ἡρώδης
627 1527 788 1591 Δοὕτω
831 1528 1053 1598 κούφως
1095 1530 1338 1600 ἐνεχθεὶς
1356 1529 1452 1583 καὶ
1487 1529 1710 1597 ἀθλίως,
1736 1528 1928 1583 ἀθλίαν

335 1621 433 1684 καὶ
472 1619 571 1691 τὴν
602 1620 824 1692 μνήμην
838 1620 1136 1674 διαπαντὸς
1162 1619 1539 1689 ἀπηνέγκατο.

2023 616 2301 686 prolatio?
2324 617 2518 690 Magna
2543 622 2783 688 insania,
2825 627 3028 683 mentis
3046 631 3285 695 cazcitas,
3310 646 3609 687 sensuum-

2024 721 2131 774 que
2191 708 2492 776 hebetudo,
2548 713 2692 768 hanc
2743 717 2842 772 tibi
2897 719 3192 785 stultitiam
3251 728 3610 794 pepererunt.

2030 818 2050 851 ι
2086 798 2217 855 Pete
2246 815 2276 853 a
2307 817 2395 857 me
2422 804 2572 874 qbod
2606 806 2868 876 volueris,
2900 820 2955 866 et
2978 812 3123 868 dabo
3167 813 3288 877 tibi,
3322 831 3498 886 usque
3539 817 3609 870 ad

2026 890 2318 946 dimidium
2348 894 2499 964 regni
2546 897 2672 951 mei.
2729 917 2750 951 ι
2811 900 2966 957 Adeo
3033 891 3293 961 incautus
3333 922 3416 970 es,
3468 907 3609 972 adeo

2029 983 2168 1040 levis
2193 992 2250 1039 et
2286 983 2494 1053 facilis,
2518 996 2579 1043 ut
2606 1005 2717 1045 non
2758 995 3017 1061 posueris
3044 999 3269 1054 modum
3301 1002 3611 1059 rationibus

2028 1077 2161 1144 tuis,
2202 1092 2383 1149 neque
2413 1086 2486 1145 te,
2521 1081 2670 1151 quod
2693 1098 2804 1138 non
2836 1095 3142 1157 oporteret,
3170 1092 3292 1148 sine
3327 1094 3616 1164 probatio-
3717 1069 3720 1073 J

2028 1183 2099 1224 ne
2123 1183 2187 1223 ac
2208 1169 2422 1239 judicio
2460 1171 2754 1231 admittere
2782 1177 3145 1236 intellexeris.
3174 1182 3476 1242 Considera
3500 1202 3612 1258 quo

2028 1273 2120 1315 res
2175 1260 2431 1326 cesserit,
2467 1272 2520 1317 et
2562 1278 2726 1334 quam
2763 1281 2961 1335 parum
2995 1270 3051 1324 in
3087 1279 3141 1326 te
3171 1275 3388 1329 consilii
3416 1291 3613 1349 argue-

2028 1349 2121 1416 rit,
2144 1350 2293 1420 quod
2334 1358 2541 1407 temere
2570 1353 2871 1423 juraveris.
2902 1356 2995 1412 Sic
3018 1369 3198 1416 autem
3224 1361 3385 1420 facile
3416 1367 3611 1438 arripi,

2026 1454 2139 1496 non
2161 1443 2328 1512 regia:
2353 1445 2561 1500 mentis
2590 1445 2860 1502 indicium
2895 1449 3153 1516 dixerim,
3185 1458 3281 1509 sed
3326 1456 3613 1525 profusio-

2025 1533 2106 1589 ris
2140 1533 2417 1602 impotens
2440 1535 2672 1605 vitium;
2702 1540 2792 1593 cui
2830 1540 2948 1611 ipse
2976 1543 3285 1612 subjectus,
3324 1548 3473 1617 quod
3501 1565 3613 1605 non

2023 1632 2145 1680 erat
2191 1624 2404 1696 judicio
2462 1629 2760 1699 probatum
2795 1634 3117 1704 suscepisti,
3165 1644 3432 1708 tanquam
3461 1654 3608 1698 esset

327 1716 540 1787 judicio
579 1716 888 1787 probatum.
919 1715 1199 1786 Ejusmodi
1235 1716 1385 1771 enim
1418 1723 1506 1772 est
1542 1731 1701 1775 mens
1733 1716 1915 1774 omnis
1951 1718 2201 1786 effrenis,
2253 1730 2307 1777 et
2343 1722 2609 1780 incautus
2663 1740 2848 1780 sermo
2880 1766 2895 1789 ,
2965 1739 3023 1784 ut
3051 1745 3161 1785 non
3206 1732 3336 1786 boni
3399 1733 3614 1802 judicio

331 1805 700 1877 cogitationes
763 1806 1116 1871 moderante,
1182 1805 1277 1862 sed
1313 1807 1514 1863 mentis
1553 1806 1766 1878 judicio
1828 1809 1969 1864 nihil
2036 1812 2388 1882 prohibente,
2416 1825 2698 1870 contraria
2731 1816 2915 1884 faciat,
2944 1821 3166 1877 sublato
3199 1838 3366 1879 sensu
3401 1839 3615 1884 natura

329 1908 726 1957 consentaneo.
769 1898 860 1955 Sic
896 1915 1027 1956 vero
1071 1900 1320 1957 llerodes
1363 1902 1558 1958 leviter
1587 1917 1654 1958 ac
1698 1903 1899 1960 misere
1937 1914 2213 1978 arreptus,
2261 1909 2528 1965 miserum
2583 1925 2785 1965 nomen
2819 1911 2873 1965 in
2932 1923 3262 1983 perpetuum
3297 1917 3504 1975 retulit.

402 2020 469 2074 Τί
499 2019 557 2074 δὲ
581 2019 643 2073 τὸ
662 2018 764 2088 τῆς
824 2019 1053 2091 ἀνομίας
1102 2020 1391 2091 κοράσιον;
1419 2021 1520 2093 τῆς
1579 2021 1827 2094 μοιχείας
1858 2020 1919 2075 τὺ

2091 2026 2237 2093 Quid
2290 2040 2424 2082 vero
2472 2028 2709 2083 scelesta
2734 2027 2922 2097 puella
2953 2029 2977 2083 i
3013 2030 3280 2088 adulterii
3316 2047 3446 2089 esca
3496 2033 3613 2100 illa,

325 2112 522 2184 δέλεαρ
543 2154 560 2179 ,
587 2113 650 2166 τὸ
670 2111 767 2165 τοῦ
812 2112 1060 2183 Ἡρώδου
1102 2114 1444 2184 ,ἄγκιστρον
1480 2116 1514 2187 η
1550 2116 1716 2184 παγίς
1737 2114 1822 2184 ἐφ’
1849 2115 1917 2186 ἢν

342 2206 555 2268 ἐκεῖνος
623 2204 1032 2275 παρολισθήσας
1106 2205 1453 2276 προσέκοψε,
1494 2205 1602 2258 ’καὶ
1657 2204 1919 2279 θηραθεὶς

327 2302 433 2351 οὐκ
465 2297 748 2367 ἐξέφυγενς
787 2314 807 2348 ι
832 2290 1021 2362 Εἶπεν,
1074 2298 1261 2369 φησὶν,
1299 2300 1366 2369 τῇ
1400 2298 1569 2371 μητρὶ
1620 2299 1822 2368 αὐτῆς·
1852 2298 1919 2350 Τί

331 2389 664 2459 ait-ﬁmum;
704 2388 771 2442 'H
819 2388 876 2442 δὲ
930 2386 1364 2461 προϐιϐασθεῖσα
1404 2430 1419 2454 ,
1481 2390 1582 2455 Δός
1643 2407 1737 2463 μοι
1778 2386 1917 2456 ὦδε,

335 2482 523 2552 φησὶν,
546 2479 605 2546 ἐξ
632 2480 805 2551 αὐτῆς
835 2480 935 2551 τὴν
965 2480 1210 2552 κεφαλὴν
1266 2481 1516 2535 Ἰωάννου
1566 2480 1661 2536 τοῦ
1709 2482 1918 2536 Βαπτι-

334 2573 485 2628 στοῦ.
524 2593 544 2626 ι
595 2572 758 2646 Ὁρᾷς
793 2573 885 2626 τὸν
939 2572 1336 2644 εὒαγγελιστὴν
1377 2573 1588 2645 τάληθῆ
1634 2574 1918 2646 πανταχοῦ

328 2666 763 2737 προῖσχόμενον;
793 2665 859 2719 Τί
889 2664 993 2737 γάρ
1025 2681 1229 2737 φησιν;
1268 2682 1286 2716 ι
1317 2665 1384 2718 Ἡ
1412 2664 1471 2718 δὲ
1511 2665 1782 2737 Ἡρωδιὰς
1836 2669 1922 2720 ἐν-

329 2760 480 2828 εῖχεν
522 2757 694 2827 αὐτῷ,
722 2757 817 2813 καὶ
849 2756 1041 2828 ἢθελεν
1095 2756 1259 2809 αὑτὸν
1307 2756 1658 2819 ἀποκτεῖναι,
1694 2756 1789 2810 καὶ
1818 2756 1920 2810 οὐκ

329 2848 586 2920 ἠδύνατο.
640 2849 698 2904 '0
735 2848 847 2925 γᾲρ
891 2847 1140 2920 Ἡρώδης
1173 2847 1424 2916 ἐφοϐεῖτο
1482 2847 1576 2901 τὸν
1629 2847 1916 2916 Ἰωάννην,

322 2941 494 3007 una;
524 2942 690 2997 αὐτὸν
721 2942 892 3013 ἄνδρα
921 2940 1133 2996 δίκαιον
1176 2941 1273 2993 καὶ
1329 2939 1487 3009 ἅγιον
1512 2958 1525 2971 ·
1562 2942 1659 2995 καὶ
1704 2941 1922 2995 ἀκούων

328 3033 501 3089 αὐτοῦ
567 3033 738 3089 πολλά
783 3033 984 3101 ἐποίει,
1042 3033 1140 3088 καὶ
1201 3034 1373 3104 ἡδέως
1424 3033 1591 3087 αὐτοῦ
1630 3034 1913 3105 ,ἧκουενη

328 3127 566 3191 Βλέπεις
621 3128 717 3181 καὶ
765 3128 874 3198 πρὸ
929 3125 1039 3179 τῶν
1096 3128 1280 3198 ὅρκων
1309 3125 1409 3196 ήδη
1440 3125 1921 3197 προσεγκειμένην

328 3221 402 3291 τῇ
436 3218 690 3291 βδελυρᾷ,
717 3218 820 3290 τὴν
849 3218 991 3272 κατά
1018 3216 1114 3273 τοῦ
1146 3217 1438 3290 προφήτου
1470 3217 1921 3290 φιλαπεχθήμονα

328 3310 588 3384 γνώμην,
616 3311 728 3365 Καὶ
758 3312 812 3365 τί
850 3312 1058 3382 ταύτης
1115 3310 1514 3381 ἐναργέστερον
1552 3311 1656 3381 τῆς
1714 3328 1923 3382 μαρτυ-

329 3404 458 3477 ρίας
506 3402 706 3474 γένοιτ’
749 3401 853 3465 av;
910 3402 1027 3473 Τήν
1060 3419 1121 3457 τε
1151 3403 1259 3475 γὰρ
1287 3401 1627 3474 παρρησίαν,
1684 3403 1779 3455 καὶ
1829 3401 1921 3455 τὸν

328 3495 517 3566 ζῆλον,
546 3494 636 3549 διὰ
662 3495 755 3549 τὸν
790 3492 927 3567 πρὸς
953 3491 1208 3566 Ἡρώδην
1267 3494 1490 3565 ἔλεγχον
1540 3493 1634 3547 τοῦ
1669 3494 1918 3548 ’ῐωάννου

329 3586 657 3660 παρίστησι,
716 3586 814 3641 καὶ
844 3584 944 3658 τὴν
976 3585 1086 3640 ἀπὸ
1114 3586 1315 3657 χρόνου
1348 3585 1493 3640 κατά
1548 3584 1749 3655 βάθους
1789 3585 1921 3638 ὑπο-

328 3677 678 3750 τρεφομένην
701 3677 843 3748 αὐτῇ
887 3674 1070 3747 μῆνιν,
1124 3673 1217 3729 ὑπ’
1244 3675 1369 3746 ὄψιν
1402 3674 1527 3744 ἄγει
1554 3675 1666 3730 τῶν
1688 3676 1919 3729 ἀκουόν-

329 3786 462 3825 των.
494 3768 667 3823 Τοῦτο
684 3769 728 3802 ⁷⁸
783 3768 894 3840 γὰρ
921 3768 1002 3834 τὸ,
1038 3767 1296 3838 ἐνεῖχεν,
1326 3768 1565 3839 ὑπάρχει
1618 3784 1917 3838 προστατι-

331 3860 432 3915 κδν
465 3860 603 3931 ἅμα,
638 3860 733 3914 καὶ
761 3858 1035 3914 δεικτικόν
1056 3873 1071 3889 ⁶
1105 3859 1230 3912 ἐπεὶ
1254 3857 1348 3912 καὶ⁸
1376 3858 1460 3925 τὸ,
1490 3860 1602 3914 οὐκ
1629 3857 1918 3927 ἠδύνατο,

330 3952 614 4019 ἀπόδειξιν
670 3951 786 4022 ἔχει
845 3950 946 4021 τῆς
1013 3948 1258 4019 Ἡρώδου
1310 3950 1448 4022 πρὸς
1499 3951 1767 4022 Ἰωάννην,
1800 3950 1920 4022 μετ’

330 4043 621 4108 εὐλαϐείας
654 4043 824 4115 τιμῆς
850 4061 863 4074 ·
894 4043 974 4097 ὅτι
1025 4059 1086 4095 τε
1118 4042 1278 4111 ἅγιον
1338 4042 1434 4097 καὶ
1491 4043 1699 4098 δίκαιον
1757 4044 1920 4099 αὑτὸν

331 4133 501 4209 εἶχεν,
557 4136 654 4190 καὶ
689 4135 907 4189 ἀκούων
958 4134 1126 4188 αὑτοῦ
1189 4134 1362 4190 πολλά
1391 4136 1588 4200 ἐποίει,
1622 4138 1716 4189 καὶ
1747 4136 1920 4208 ἡδέως

331 4228 502 4283 αὐτοῦ
554 4229 774 4300 ηκουεν.
820 4229 885 4281 El
925 4228 1020 4281 καὶ
1072 4227 1168 4299 ἥδε
1192 4227 1301 4281 τῶν
1338 4227 1453 4282 ἀνω
1502 4228 1638 4300 πρὸς
1670 4228 1738 4280 τὰ
1769 4228 1921 4286 κάτω

333 4320 648 4392 σύγκρισις,
674 4320 813 4374 πολὺ
857 4320 995 4392 πρὸς
1026 4321 1231 4390 ἑαυτὴν
1258 4319 1320 4374 τὸ
1346 4320 1606 4391 διάφορον
1639 4320 1754 4391 ἔχει
1774 4339 1787 4352 ο
1825 4321 1921 4374 καὶ

330 4415 435 4468 οὐκ
472 4413 562 4467 ῐσα
589 4412 659 4464 τὰ
692 4412 1018 4483 πράγματα,
1051 4412 1150 4483 τὴν
1175 4411 1351 4475 ἄλλως
1377 4411 1422 4442 ⁷³
1453 4411 1593 4464 αὐτὰ
1620 4410 1716 4464 τοῦ
1780 4427 1921 4481 κρα-

331 4506 556 4571 τοῦντος
615 4504 865 4574 ἄγοντος.
899 4506 980 4559 Τά
1014 4504 1116 4577 μὲν
1170 4504 1280 4575 γὰρ
1331 4504 1526 4576 πρῶτα
1554 4522 1570 4537 ο
1627 4505 1919 4578 παρρησία

336 4598 433 4652 καὶ
480 4596 640 4669 ζῆλος
665 4614 675 4626 ·
703 4597 796 4650 καὶ
822 4597 1061 4669 ἔλεγχοι,
1089 4598 1189 4669 τὴν
1212 4595 1308 4651 τοῦ
1344 4597 1609 4668 βασιλέως
1646 4598 1922 4670 ἐπέπλητ-

328 4707 430 4744 ⁴τον
472 4689 696 4744 ἄνοιανσ
767 4688 1080 4759 ἀνομοῦντά
1126 4705 1186 4742 τε
1239 4689 1404 4743 αὐτόν
1438 4706 1451 4719 ·
1504 4692 1627 4743 κατ’
1685 4689 1919 4758 ἀδελφοῦ

336 4780 624 4853 φανερῶς,
694 4779 793 4851 τὴν
860 4779 1047 4851 κοίτην
1108 4778 1570 4845 ἐπιϐουλεύοντα,
1643 4780 1922 4850 προύργου

333 4873 642 4945 διήλεγχεν.
690 4871 856 4943 Ὁμοῦ
880 4872 940 4925 τὸ
967 4871 1035 4925 δι’
1061 4871 1245 4935 αἰδοῦς
1291 4871 1444 4943 ’ἔχειν
1498 4871 1594 4925 τοῦ
1660 4871 1798 4925 Θεοῦ
1833 4871 1925 4925 τὸν

334 4966 631 5037 προφήτην
663 5004 679 5031 ,
734 4965 831 5019 ἆτε
893 4963 1102 5018 δίκαιον
1164 4964 1259 5019 καὶ
1309 4964 1466 5032 ἆγιον
1534 4965 1721 5037 χώραν
1780 4959 1926 5036 εἶχεν

333 5057 508 5120 τέως
540 5056 611 5110 τά
654 5056 713 5109 δὲ
772 5056 922 5127 ἑξῆς,
978 5055 1215 5128 ἀνόμοια
1277 5057 1461 5127 πάντη
1514 5058 1609 5110 καὶ
1643 5059 1925 5127 ἀπεμφαί-

335 5162 520 5211 νοντα,
574 5148 669 5201 καὶ
722 5146 830 5201 τῶν
880 5148 1165 5219 προτέρων
1210 5147 1367 5202 οὐδὲν
1411 5148 1533 5202 κατ’
1564 5148 1756 5203 οὐδένα
1798 5148 1926 5221 τρό-

337 5255 444 5293 πον
469 5238 772 5310 ἐφάμιλλον
817 5238 1035 5311 ἔχοντα.
1069 5240 1237 5294 Ὅτου
1265 5240 1331 5313 δὴ
1362 5241 1545 5312 χάριν,
1594 5242 1690 5294 καὶ
1742 5241 1920 5309 διατί;

348 5330 658 5404 Ἑξετράπη
680 5332 789 5405 γὰρ
810 5332 1059 5398 οἰνωθεὶς
1080 5331 1219 5407 πρὸς
1235 5330 1297 5386 τὸ
1317 5333 1417 5405 τῆς
1445 5332 1617 5404 μέθης
1644 5332 1846 5402 κοῦφόν
1862 5350 1923 5388 τε

333 5425 439 5480 καὶ
494 5425 796 5496 ὑπηνέμιον
847 5425 1051 5498 ἐρυμα,
1122 5424 1245 5480 ὅθεν
1268 5424 1486 5496 ψυχρᾶς
1520 5424 1729 5479 εἵνεκεν
1763 5427 1921 5497 εὐορ-

413 5606 441 5638 ν
471 5600 643 5657 Marc.
715 5617 790 5668 vI,
824 5601 915 5668 l9,
947 5605 1033 5663 ΞΟ.

1948 3371 1992 3431 C

2020 2116 2258 2175 Herodis
2289 2119 2519 2186 hamus,
2562 2121 2795 2190 laqueus
2841 2120 2897 2175 in
2948 2137 3111 2192 quem
3165 2124 3259 2179 ille
3319 2126 3616 2196 prolapsus

2019 2211 2268 2278 offendit,
2323 2220 2378 2267 et
2432 2227 2544 2283 quo
2594 2220 2794 2284 captus
2828 2213 3057 2269 minime
3121 2214 3351 2286 effugit?
3381 2236 3401 2270 ι
3443 2217 3613 2283 Dixit,

2020 2304 2224 2374 inquit,
2256 2303 2423 2358 matri
2464 2318 2617 2360 suae:
2655 2303 2798 2370 Quid
2836 2305 3055 2375 petam?
3087 2305 3190 2361 Illa
3220 2316 3409 2364 autem
3460 2323 3617 2380 prte-

2021 2396 2232 2450 monita
2271 2410 2286 2447 :
2324 2394 2401 2450 Da
2440 2395 2578 2450 mihi
2637 2394 2751 2462 hic,
2823 2395 3031 2465 inquit,
3099 2398 3287 2453 statim
3348 2399 3405 2454 in
3457 2400 3618 2457 disco

2021 2492 2187 2554 caput
2224 2481 2456 2539 Joannis
2512 2482 2795 2555 Baptistae.
2846 2502 2865 2536 ι
2904 2482 3072 2540 Vides
3101 2486 3503 2555 evangelistam
3550 2501 3615 2545 ea

2024 2590 2241 2645 semper
2293 2591 2419 2646 quae
2475 2590 2605 2631 vera
2661 2585 2793 2633 sunt
2840 2576 3244 2632 adducentem?
3288 2578 3433 2645 Quid
3467 2579 3615 2634 enim

2023 2667 2139 2721 ait?
2171 2685 2189 2719 ι
2225 2665 2504 2725 Herodias
2557 2677 2743 2723 autem
2781 2668 2831 2723 ei
2873 2667 3267 2736 insidiabatur,
3306 2678 3360 2726 et
3401 2670 3620 2727 volebat

2035 2772 2162 2812 eum
2206 2757 2488 2823 occidere,
2514 2772 2618 2812 nec
2646 2763 2888 2828 poterat.
2939 2756 3185 2815 Herodes
3215 2758 3368 2814 enim
3405 2767 3621 2815 metue-

2024 2849 2119 2903 bat
2142 2846 2438 2923 Joannem,
2463 2849 2649 2905 sciens
2666 2863 2795 2903 eum
2824 2847 3232 2918 virumjustum
3253 2857 3309 2904 et
3332 2857 3620 2918 sanctum;

2023 2952 2078 2999 ct
2104 2942 2295 2998 audito
2322 2958 2391 2998 eo
2417 2943 2587 2997 multa
2627 2941 2889 3007 faciebat,
2919 2948 2975 2996 et
3005 2942 3238 3001 libenter
3263 2957 3388 2998 eum
3424 2941 3621 2999 audie-

2023 3036 2117 3092 bat
2151 3044 2198 3087 ι’.
2240 3052 2260 3085 ι
2305 3031 2475 3090 Vides
2503 3042 2632 3090 ante
2655 3032 2823 3101 etiam
2854 3031 3250 3103 jusjurandum
3287 3032 3463 3090 fuisse
3492 3048 3620 3089 sceo

2023 3126 2255 3181 leratam
2309 3122 2572 3180 feminam
2636 3122 2861 3179 infenso
2914 3123 3104 3177 animo
3141 3123 3196 3178 in
3248 3125 3621 3194 prophetam?

2024 3217 2168 3285 Quid
2187 3224 2376 3273 autem
2409 3215 2733 3271 testimonio
2764 3214 2871 3271 hoc
2898 3214 3220 3271 evidentius
3248 3230 3374 3271 esse
3396 3223 3566 3286 queat
3591 3216 3620 3271 ι

2022 3310 2159 3366 Cum
2192 3309 2338 3364 enim
2367 3307 2681 3363 libertatem
2714 3306 2979 3378 loquendi
3043 3321 3109 3363 ac
3152 3307 3334 3364 zelum
3384 3307 3618 3367 Joannis

2029 3401 2311 3465 ostendit,
2347 3415 2415 3456 eo
2450 3398 2597 3471 quod
2642 3399 2734 3455 ille
2796 3398 3074 3455 Herodem
3131 3400 3565 3470 reprehenderet
3597 3419 3616 3458 :

2028 3503 2145 3550 tum
2169 3493 2299 3548 olim
2340 3493 2452 3547 imo
2486 3499 2713 3563 pectore
2756 3500 2959 3560 satam,
2990 3504 3056 3546 ac
3086 3491 3449 3549 inveteratam
3495 3507 3617 3547 mu-

2031 3584 2276 3639 lierculae
2306 3582 2466 3647 iram,
2504 3582 2559 3635 in
2617 3580 2936 3636 auditorum
2995 3587 3281 3649 aspectum
3332 3580 3616 3650 producit.

2030 3676 2145 3731 Hoc
2213 3675 2360 3731 enim
2412 3672 2690 3744 signiﬁcat
2742 3673 2953 3743 pariter
2989 3679 3159 3742 atque
3208 3673 3456 3728 ostendit
3510 3688 3616 3727 vox

2029 3768 2146 3832 illa,
2170 3765 2554 3821 insidiabatur.
2586 3762 2725 3819 Nam
2744 3773 2798 3820 et
2817 3763 2978 3824 illud.
3003 3780 3107 3819 non
3120 3773 3353 3832 poterat,
3372 3764 3621 3819 ostendit

2029 3860 2276 3916 llerodis-
2318 3859 2378 3914 in
2424 3857 2697 3914 Joannem
2746 3859 3019 3914 honorem
3092 3868 3144 3913 et
3198 3857 3618 3913 reverentiam:

2027 3952 2179 4025 quod
2212 3953 2481 4007 nimirum
2522 3953 2571 4019 is
2622 3959 2878 4007 sanctum
2911 3944 3218 4020 acjustum
3269 3964 3396 4004 eum
3447 3949 3622 4003 habe-

2030 4055 2136 4113 rel,
2164 4056 2344 4114 eoque
2388 4043 2580 4098 audito
2626 4043 2802 4097 multa
2848 4042 3080 4107 faceret,
3117 4055 3181 4094 ac
3220 4039 3459 4094 libenter
3492 4052 3620 4092 eum

2029 4137 2266 4193 audiret.
2328 4134 2657 4213 Quanquam
2702 4144 2764 4188 ut
2821 4134 3006 4203 priora
3066 4148 3195 4188 cum
3254 4131 3622 4202 sequentibus

2030 4227 2467 4300 comparaveris,
2526 4241 2785 4294 maguum
2841 4225 3147 4281 discrimen
3203 4221 3313 4289 est,
3374 4237 3476 4276 nec
3530 4236 3622 4275 res

2030 4330 2161 4380 sunt
2188 4320 2455 4391 aequales,
2496 4319 2553 4373 in
2592 4319 2796 4388 quibus
2844 4333 2939 4372 rex
2977 4318 3174 4372 leviter
3199 4316 3451 4371 haberet.
3478 4310 3620 4369 Nam

2029 4415 2208 4485 prima
2235 4411 2460 4482 quidem
2482 4449 2499 4474 ,
2541 4425 2740 4480 nempe
2772 4408 3041 4480 loquendi
3071 4409 3303 4464 libertas
3341 4421 3407 4462 ac
3439 4407 3620 4473 zelus,
3673 4474 3686 4490 .

2029 4502 2632 4571 reprehensionesque,
2684 4498 2832 4569 regis
2882 4498 3243 4567 increpabant
3290 4497 3621 4561 amentiam,

2030 4596 2326 4667 ipsumque
2361 4591 2544 4662 palam
2597 4586 2870 4645 advers’us
2907 4589 3135 4645 fratrem
3190 4589 3384 4660 inique
3432 4604 3620 4660 agere,

2031 4689 2193 4757 cujus
2253 4685 2423 4740 cubili
2487 4682 2871 4749 insidiaretur,
2930 4681 3225 4737 commode
3286 4682 3621 4752 arguebant.

2027 4779 2307 4835 Hactenus
2335 4788 2520 4832 tamen
2571 4775 2811 4831 habebat
2844 4778 3048 4841 locum,
3077 4783 3140 4829 ut
3168 4773 3264 4830 Dei
3296 4776 3624 4846 prophetam

2027 4880 2379 4927 revereretur
2407 4877 2675 4938 tanquam
2705 4867 2923 4938 justum
2964 4882 3029 4922 ac
3061 4874 3321 4923 sanctum
3356 4883 3370 4920 :
3409 4868 3465 4921 at
3497 4881 3625 4937 quae

2027 4972 2341 5036 sequuntur
2379 4962 2680 5019 dissimilia
2709 4964 2938 5019 omnino
2962 4978 3027 5018 ac
3054 4963 3443 5034 discrepantia
3466 4972 3622 5028 sunt,

2028 5073 2130 5114 nec
2168 5057 2470 5129 quidquam
2505 5071 2741 5127 prorsus
2777 5056 2986 5111 habent
3016 5056 3162 5126 quod
3196 5054 3480 5126 prioribus
3535 5070 3627 5111 ra-

2032 5150 2325 5220 spondeat.
2366 5147 2650 5215 Quorsum
2701 5161 2859 5210 vero,
2917 5162 2983 5203 ac
3027 5161 3273 5218 quanam
3309 5162 3375 5202 ex
3409 5146 3628 5203 causa?

2032 5220 2393 5298 Temulentus
2425 5240 2598 5307 enim,
2625 5240 2694 5294 ad
2725 5239 2847 5295 leve
2876 5252 2942 5293 ac
2983 5236 3250 5294 frivolum
3299 5252 3623 5309 propugna-

2032 5335 2221 5391 culum
2267 5324 2555 5390 ebrietatis
2591 5347 2715 5389 sese
2760 5330 3043 5387 convertit
3075 5348 3089 5385 :
3146 5346 3262 5402 quo
3295 5331 3504 5385 factum
3536 5340 3622 5385 est

2032 5435 2094 5482 ut
2138 5433 2370 5498 propter
2400 5425 2661 5497 frigidum
2695 5424 3128 5496 jusjurandum,
3160 5432 3217 5480 et
3250 5423 3625 5480 convivarum

1600 5754 1840 5813 VARIE
1873 5754 2281 5814 LECTIONES.

419 5850 467 5884 ⁷⁸
490 5868 579 5922 γρ.
608 5850 826 5905 τούτου.
905 5850 949 5882 ⁷⁹
968 5866 1063 5918 γρ,
1094 5848 1193 5922 τὴν
1220 5848 1416 5912 ἄλλως.
