4012 6442
526 366 662 432 113⁸1

1717 369 1781 429 5.
1809 368 2142 430 ΑΝΒΒΕιἘ
2183 368 2609 428 CRETENSIS

3651 363 3763 430 1128

524 481 913 547 reverentiam,
965 481 1229 550 majorem
1281 479 1522 537 nefando
1553 482 1855 536 concubitu
1911 484 2106 552 nequi-

2212 480 2360 547 κίας,
2392 481 2486 535 καὶ
2509 481 2609 551 τῆς
2638 479 2778 551 πρὸς
2805 479 2929 544 τοὺς
2962 478 3252 551 συμπότας
3295 478 3496 545 αίδοῦς,
3526 480 3621 552 τὴν
3669 484 3767 553 μεί-

522 575 656 628 tiam
693 581 953 642 pareret;
1010 581 1271 643 tanquam
1324 572 1381 626 in
1413 586 1581 627 scena
1627 570 1845 626 luderet
1877 571 2113 627 simula-

522 666 756 730 tionem,
797 674 950 718 ratus
984 662 1105 717 fore
1132 670 1192 716 ut
1225 664 1446 718 oculum
1488 662 1736 727 falleret,
1775 677 1941 734 quem
1975 662 2114 718 nihil

524 762 707 825 potest
741 756 936 811 latere.
956 756 1077 822 Qua
1111 754 1164 808 id
1196 755 1447 809 ratione?
1478 773 1497 807 ι
1534 754 1913 810 Contristatus
1940 756 2109 819 enim,

523 847 729 916 inquit,
761 855 847 902 est
877 862 975 902 rex
1004 865 1017 900 :
1049 847 1145 903 sed
1176 847 1835 917 proltterjusjurandum,
1863 856 1919 903 et
1943 847 2114 903 simul

522 939 938 1004 recumbentes,
971 938 1150 993 noluit
1178 938 1228 992 ei
1259 939 1524 993 abnuere.
1572 957 1590 990 ι
1619 936 1762 1002 Quid
1800 938 1903 992 hac
1933 939 2111 993 simu-

525 1028 730 1084 latione
770 1030 948 1100 magis
977 1028 1455 1084 abominandum?
1484 1028 1627 1095 Quid
1660 1044 1790 1083 vero
1820 1029 2113 1083 miserabi-

522 1120 633 1176 lius
668 1121 975 1191 juramenti
1031 1119 1185 1174 illius
1232 1119 1537 1190 religione?
1581 1118 1718 1173 Nam
1758 1135 1884 1173 cum
1920 1119 2112 1175 liceret

522 1213 614 1282 pio
661 1212 835 1282 magis
882 1218 1186 1283 praetextu,
1217 1225 1281 1264 ac
1318 1226 1486 1264 sensu
1525 1210 1679 1278 regio
1712 1210 2109 1279 jusjurandum

522 1305 818 1374 depellere,
846 1306 1051 1358 malum
1090 1304 1235 1357 malo
1269 1303 1530 1357 confecit.
1573 1321 1592 1353 σ
1616 1302 1787 1358 Misso
1816 1303 1967 1358 enim
1998 1304 2112 1373 spi-

521 1399 775 1453 culatore
825 1397 998 1466 jussit
1051 1398 1329 1466 amputari
1380 1406 1545 1466 caput
1581 1394 1812 1450 Joannis
1840 1434 1855 1461 ,
1898 1403 1952 1449 et
1987 1395 2109 1450 dari

521 1489 743 1556 puellae.
789 1506 808 1539 ι
848 1485 1051 1541 Vidisti
1100 1487 1488 1540 hebetudinem
1518 1502 1821 1549 summam,
1865 1500 1930 1541 ac
1972 1486 2108 1542 levi-

520 1577 732 1632 tatem?
758 1578 954 1632 Nonne
984 1579 1282 1647 praestabat
1304 1577 1447 1631 bene
1472 1578 1750 1647 pejerarc,
1776 1593 1939 1647 quam
1965 1579 2110 1634 male

517 1669 914 1740 jusjurandum
952 1669 1212 1725 servare?
1249 1669 1452 1738 Aperte
1485 1670 1729 1736 mentiri,
1761 1685 1860 1725 nec
1884 1671 1938 1725 in
1974 1686 2105 1740 pro-

525 1761 747 1831 phetam
783 1777 1005 1814 manum
1047 1759 1301 1814 mittere?
1335 1760 1527 1815 Delicti
1551 1800 1567 1825 ,
1624 1750 2106 1831 ac‘imprudentis

2218 571 2349 636 ζονα
2378 572 2480 643 τῆς
2510 573 2772 644 ἀθεμίτου
2838 572 3041 643 μίξεως
3096 570 3327 641 ἀνομίαν
3373 568 3559 624 ὤδινεν
3585 588 3600 603 ·
3633 572 3701 635 ὡς
3721 577 3769 627 ὲν

2218 667 2393 735 σκηνῇ
2425 664 2626 730 παίξας
2646 664 2709 718 τὸ
2734 664 2918 735 δρᾶμα
2946 664 3047 734 τῆς
3100 661 3465 733 ὑποκρίσεως,
3516 661 3771 718 λανθάνειν

2216 759 2550 830 νομίσαςτδν
2568 759 2814 829 »ἄληστον
2837 756 3142 827 ὀφθαλμόν.
3175 755 3311 809 Τίνα
3338 756 3571 825 τρόπον;
3600 775 3618 807 ι
3636 757 3773 811 Ἐλυ-

2216 852 2366 923 πήθη
2408 852 2540 923 γὰρ,
2603 853 2790 921 φησὶν,
2821 853 2851 904 ὁ
2886 848 3144 920 βασιλεύς
3173 863 3187 878 ·
3224 847 3361 900 ἀλλά
3417 846 3507 900 διὰ
3538 846 3657 911 τοὺς
3694 849 3774 918 δρα

2215 963 2370 1009 κους.
2406 948 2649 1009 καὶτοὺς
2708 943 3227 1013 συνανακειμένους,
3255 942 3357 995 οὒκ
3390 939 3585 1011 ἢθελεν
3627 941 3773 1013 αὐτὴν

2213 1021 2505 1107 ἀθετῆσαιξ
2539 1056 2558 1090 ι
2601 1038 2666 1090 Τί
2689 1036 2894 1102 ταύτης
2924 1037 3024 1106 τῆς
3080 1033 3427 1106 ὑποκρίσεως
3456 1031 3775 1102 βδελυκτότε-

2217 1144 2348 1200 ρον;
2381 1129 2447 1181 Τί
2469 1129 2526 1182 δὲ
2551 1130 2650 1199 τῆς
2685 1128 2942 1199 εὐορκίας
2983 1128 3203 1197 ἐκείνης
3260 1124 3591 1193 ἀθλιώτερον
3616 1122 3774 1186 ςἙνδν

2214 1221 2324 1291 γὰρ
2352 1221 2503 1290 αὐτῷ
2526 1238 2601 1273 πα
2612 1218 2858 1291 ρωθῆσάι
2888 1221 3016 1282 τοὺς
3044 1221 3245 1290 ὅρκους
3267 1216 3642 1289 εὐσεϐεστέρῳ
3661 1235 3775 1288 προ.

2214 1312 2477 1383 ϐλήματι.
2513 1315 2606 1366 καὶ
2638 1313 2900 1384 βασιλείῳ
2959 1314 3296 1383 φρονήματι,
3357 1310 3517 1380 κακῷ
3536 1311 3597 1363 τὸ
3630 1313 3774 1366 κακὸν

2229 1404 2621 1474 συνεπέρανεν.
2687 1425 2705 1457 ι
2741 1405 3097 1467 ’Δττοστείλας
3156 1404 3264 1474 γάρ
3313 1401 3731 1474 σπεκουλὰτωρα
3760 1446 3772 1470 ,
3861 1414 3869 1431 ·

2212 1493 2500 1547 ἐκέλευσεν
2549 1495 2944 1565 ἀποτμηθῆναι
2982 1494 3084 1563 τὴν
3117 1492 3363 1562 κεφαλὴν
3406 1491 3671 1558 Ἰωάννου,
3699 1495 3774 1547 καὶ

2211 1581 2436 1652 δοθῆναι
2467 1583 2545 1654 τῷ
2576 1577 2839 1654 κορασίῳ.
2877 1603 2897 1637 ι
2957 1578 3112 1645 Εἶδες
3165 1581 3400 1645 νωθείας
3455 1582 3551 1635 καὶ
3601 1583 3774 1651 κουφό-

2210 1693 2372 1745 τητος
2433 1678 2746 1749 ὑπερϐολήν
2796 1695 2812 1744 ;
2871 1678 2986 1731 Ούκ
3045 1677 3153 1731 ἔδει
3219 1676 3422 1745 μᾶλλον
3477 1676 3771 1749 ἐπιορκῆσαι

2212 1767 2470 1837 καλῶς,ῆ
2511 1769 2698 1832 κακῶς
2738 1769 3076 1841 εὐορκῆσαι,
3109 1767 3427 1837 ψεύσασθαι
3485 1768 3769 1837 προφανῶς,

517 1853 941 1922 pollicitationis
973 1854 1191 1906 veniam
1228 1860 1433 1922 petere,
1471 1868 1634 1921 quam
1666 1852 1817 1922 juste
1861 1869 1989 1908 vera
2021 1854 2104 1909 di-

2210 1860 2303 1913 καὶ
2356 1859 2455 1912 τοῦ
2504 1859 2790 1929 προφήτου
2855 1859 2930 1928 μὴ
2980 1858 3277 1927 ἀψασθαις
3335 1856 3669 1927 συγγνώμην
3706 1858 3772 1911 αἱ·

519 1955 733 2000 centem
770 1984 785 2009 ,
866 1946 1135 2013 injustum
1198 1944 1338 1998 eilici
1403 1946 1685 2014 propheta:
1741 1949 2049 2001 occisorem
2084 1987 2100 2012 ,

513 2034 838 2105 justumque
871 2036 975 2091 sibi
1008 2051 1274 2105 reponere
1300 2037 1573 2105 judicium
1601 2077 1616 2101 ,
1658 2052 1722 2090 ac
1755 2036 1893 2092 emci
1929 2039 2100 2093 lilium

518 2128 821 2196 gehennae?
850 2129 907 2181 Si
942 2129 1167 2198 quidem
1194 2130 1339 2183 enim
1376 2128 1716 2197 postulasset
1751 2138 1810 2182 ut
1841 2132 1894 2183 in
1929 2130 2100 2186 Deum

516 2228 773 2288 peccaret
810 2229 865 2273 et
889 2219 1038 2273 idola
1069 2223 1332 2290 erigeret,
1365 2222 1558 2290 eisque
1595 2222 1947 2276 subditorum
1977 2239 2103 2279 san-

517 2313 739 2382 guinem
773 2313 1010 2378 libaret;
1046 2312 1320 2382 tlliosque,
1357 2329 1422 2367 ac
1469 2314 1646 2380 tilias,
1675 2324 2015 2385 matresque,
2047 2327 2104 2370 et

518 2403 744 2466 fratres,
783 2412 839 2459 et
870 2418 1071 2459 uxores
1096 2405 1326 2473 insuper
1356 2413 1623 2471 mactaret
1653 2422 1668 2460 :
1700 2407 1979 2477 quomodo
2021 2409 2106 2462 vir

517 2496 723 2550 stultus
739 2495 1136 2565 jusjurandum
1161 2511 1327 2566 super
1345 2497 1432 2552 his
1450 2498 1787 2567 depelleret?
1811 2500 2102 2565 Quomodo

516 2598 700 2644 autem
738 2589 791 2643 id
815 2589 1045 2643 auderet
1073 2590 1322 2659 implere,
1355 2605 1481 2643 eum
1513 2590 1701 2645 Judaea
1730 2603 1877 2647 esset
1900 2591 2102 2646 Roma-

516 2681 605 2735 nis
641 2674 969 2745 tribu‘taria,
1032 2680 1192 2750 cujus
1243 2681 1363 2751 ipse
1401 2681 1772 2738 'tetrarcltiam
1824 2684 1963 2739 male
2009 2698 2102 2736 rex

515 2769 986 2826 administrabat?
1019 2771 1087 2823 At
1146 2772 1238 2826 ille
1289 2773 1515 2843 quidem
1570 2774 1625 2827 in
1679 2775 1829 2829 hunc
1876 2778 2099 2832 modum

2204 1950 2371 2021 τῆσαι
2396 1948 2491 2003 τοῦ
2523 1950 2941 2020 παροράματος,
2974 1950 3121 2019 ἤπερ
3147 1947 3533 2019 ἀληθεύσαντα
3555 1948 3771 2013 δικαίως,

2206 2041 2390 2095 ἄδικον
2416 2041 2683 2112 φονευτὴν
2716 2040 3107 2111 ἀποδειχθῆναι
3139 2042 3429 2112 προφήτου
3450 2081 3467 2104 ,
3519 2040 3613 2093 καὶ
3673 2038 3772 2110 κρί-

2207 2149 2291 2185 σιν
2312 2131 2520 2186 ἔνδικον
2549 2130 2727 2202 ἑαυτῷ
2760 2130 3184 2202 ταμιεύσασθαι,
3236 2132 3330 2184 καί⁵
3392 2129 3620 2199 γεέννης
3648 2128 3773 2197 γενέο

2208 2222 2333 2275 σθαι
2390 2222 2631 2289 υίόν;Εί
2670 2216 2793 2292 ’γὰρ
2865 2221 3071 2292 ᾔτησεν
3147 2220 3484 2291 ἐξαμαρτεῖν
3527 2223 3605 2284 είς
3645 2220 3770 2286 Θεὸν,

2206 2314 2304 2365 καὶ
2350 2312 2546 2366 εἴδωλα
2579 2312 2800 2381 στῆσαι,
2828 2314 2923 2366 καὶ
2954 2300 3189 2365 σπεῖσαι
3208 2312 3423 2375 τούτοις
3455 2311 3661 2381 αἵματα
3688 2310 3773 2363 τῶν

2205 2404 2493 2476 ὑπηκόωνο
2547 2406 2701 2468 υίούς
2728 2420 2809 2467 τε,
2839 2403 2936 2458 καὶ
2979 2403 3306 2474 θυγατέρας,
3366 2404 3469 2456 καὶ
3530 2403 3768 2473 μητέρας.

2205 2496 2299 2550 καὶ
2351 2494 2633 2565 ἀδελφοὺς,
2695 2496 2792 2550 καὶ
2840 2497 3109 2563 γυναῖκας
3169 2491 3603 2565 προσεπιθῦσαι,
3654 2491 3769 2557 πῶς,

2206 2588 2274 2643 ἂν
2303 2588 2432 2650 τοὺς
2456 2589 2548 2641 ἐπὶ
2572 2587 2785 2650 τούτοις
2809 2588 3006 2658 ὅρκους
3034 2589 3063 2640 ὁ
3095 2585 3324 2657 μάταιος
3376 2586 3729 2658 ὲξεκρούσατο
3756 2601 3769 2652 ;

2207 2680 2330 2743 Πῶς
2389 2679 2435 2731 δ’
2472 2678 2538 2733 ἂν
2610 2679 2709 2732 κα)⁵
2761 2678 3008 2749 πληροῦν
3079 2679 3280 2742 αὐτοὺς
3344 2677 3766 2748 κατετόλμησεν,

2216 2771 2508 2841 Ῥωμαίων
2568 2769 2737 2843 οὔσης
2766 2771 3046 2843 ύτξοφόρου
3069 2769 3173 2839 τῆς
3220 2769 3510 2834 Ἰουδαίας,
3535 2765 3601 2841 ἧς
3632 2767 3767 2830 αὐτὸς

516 2864 804 2933 deeeptus,
844 2864 1041 2934 puelta:
1087 2865 1304 2919 misera;
1352 2867 1551 2936 laqueo
1604 2875 1803 2937 captus
1858 2878 1966 2922 est.
2003 2870 2103 2923 llla

2210 2863 2523 2935 τετραρχῶν
2567 2863 2753 2927 κακῶς
2804 2862 3163 2928 ὲὸασίλευεν;
3216 2859 3359 2913 Ἀλλ’
3392 2863 3424 2914 ὁ
3500 2862 3597 2932 μὲν
3648 2859 3765 2912 οὕτω

517 2964 701 3011 autem
734 2971 862 3010 cum
914 2964 1066 3011 esset
1107 2958 1546 3012 instrumentum
1599 2956 1668 3012 a‘d
1704 2960 2099 3030 malignitatem

2210 2955 2519 3024 κεπφωθεὶς
2538 2956 2623 3021 ⁸⁸,
2681 2954 2787 3007 ὑπὸ
2844 2956 3015 3025 κόρης
3069 2952 3260 3015 ἀθλίας
3320 2951 3679 3024 ἐσαγηνεύθη.
3717 2949 3768 3003 Ἦ

518 3050 827 3112 inventum,
860 3056 1151 3119 totamque
1191 3049 1246 3103 in
1306 3065 1365 3104 se
1401 3052 1600 3104 matris
1648 3053 1983 3107 malitiosum
2037 3069 2103 3107 ac

2210 3049 2280 3112 δὲ,
2321 3047 2458 3117 πρὸς
2521 3047 2860 3117 κακουργίαν
2910 3046 3144 3117 ὄργανον
3199 3044 3580 3117 ὲξηυρημένον
3623 3042 3769 3112 ύπάρι

517 3140 845 3195 sceleratam
882 3150 1118 3193 mentem
1158 3141 1553 3208 expressisset,
1601 3157 1892 3211 personam
1924 3142 2101 3197 induit

2210 3158 2400 3217 χουσα,
2466 3140 2597 3210 ὃλην
2625 3157 2685 3192 τε
2720 3140 2819 3209 τῆς
2890 3138 3096 3210 μητρὸς
3144 3139 3230 3208 ἐφ’
3270 3138 3478 3209 ἑαυτὴν
3521 3134 3770 3207 ἀναμαξα-

516 3223 838 3295 creditoris,
901 3245 963 3284 ac
1047 3239 1308 3300 tanquam
1368 3232 1776 3301 indeprecabile
1856 3234 2104 3293 debitum

517 3322 772 3391 exigens,
812 3321 951 3376 solvi
991 3325 1125 3392 petit
1160 3338 1190 3375 a
1222 3338 1350 3392 rege
1385 3342 1397 3378 :
1441 3342 1459 3373 ι
1495 3325 1571 3377 Da
1604 3325 1737 3378 milii
1792 3326 1882 3380 hic
1920 3327 2106 3380 statim

519 3414 575 3466 in
625 3414 780 3468 disco
821 3422 993 3484 caput
1045 3414 1278 3470 Joannis
1314 3416 1597 3486 Baptista).
1640 3437 1659 3469 ι
1696 3418 1778 3471 Da
1831 3420 1982 3483 mihi,
2031 3421 2109 3473 in-

518 3505 665 3573 quit,
726 3503 845 3570 Iu'c;
889 3506 1056 3574 idque
1103 3508 1312 3573 statim,
1374 3516 1429 3561 et
1469 3509 1522 3561 in
1566 3509 1732 3562 disco.
1761 3510 1901 3575 Quid
1945 3526 2109 3579 porro

519 3600 704 3655 dabo?
742 3599 863 3655 Non
897 3617 1128 3667 aurum,
1166 3604 1368 3672 inquit,
1423 3620 1531 3657 non
1584 3620 1829 3673 gemmas
1874 3606 2109 3675 pelluci-

519 3691 656 3759 das;
693 3709 801 3747 non
838 3695 883 3748 si
912 3695 1044 3764 quid
1080 3697 1229 3764 regia
1268 3706 1656 3764 sumptuosum
1692 3697 1860 3752 habet
1885 3714 2107 3768 ae-pre-

518 3783 765 3849 tiosum;
804 3785 899 3839 scd
931 3796 1088 3851 caput
1119 3784 1351 3839 Joarmt's
1405 3786 1691 3856 Baptism.
1731 3788 1874 3854 Quid
1927 3790 2108 3844 dicis?

519 3873 629 3927 Das
659 3883 847 3941 caput,
880 3874 1026 3942 quod
1063 3876 1148 3930 vel
1192 3876 1296 3945 ipsi
1356 3885 1684 3930 reverentur
1729 3879 1945 3948 angeli?
1999 3878 2107 3935 Das

458 3978 463 3985 '
519 3977 686 4034 Cnpttl
720 3967 880 4032 illud,
910 3982 1077 4037 super
1110 3970 1406 4038 quodcum
1437 3967 1679 4023 Verbum
1706 3971 2104 4041 baptizaretur,

524 4056 765 4125 Spiritus
814 4058 869 4110 in
917 4058 1104 4126 specie
1152 4058 1424 4112 columbae
1465 4058 1811 4114 descendens
1859 4062 2108 4115 volavit?

521 4148 631 4204 Das
683 4164 783 4218 pro
845 4165 1015 4220 parva
1073 4150 1375 4219 voluptatis
1430 4153 1882 4207 remuneratione
1938 4163 2105 4224 caput

520 4243 680 4303 illud,
715 4243 878 4311 cujus
937 4242 1164 4297 dextera
1204 4258 1329 4298 eum
1383 4243 1674 4314 baptizans
1742 4247 1836 4315 qui
1885 4248 2039 4302 sedet
2073 4263 2103 4302 a

520 4335 738 4392 dextris
764 4335 970 4401 Patris,
1004 4337 1351 4392 sanctiﬁcata
1372 4338 1497 4393 est?
1526 4336 1704 4407 Caput
1740 4339 1875 4393 illud
1903 4341 2100 4395 nefarii

520 4427 635 4482 ludi
693 4428 963 4497 persolvis
1001 4431 1334 4496 mercedem,
1372 4430 1534 4499 cujus
1573 4431 1762 4500 lingua
1793 4432 1847 4486 in
1878 4433 2101 4487 hodier-

2216 3233 2353 3303 μένη
2404 3232 2505 3303 τὴν
2549 3232 2882 3285 κακότεκνον
2912 3229 3163 3301 γνώμην,
3191 3230 3600 3302 χρεωφειλέτου
3635 3227 3770 3295 δῆθεν

2212 3324 2564 3395 ὑποκρίνεται
2624 3324 2916 3395 πρόσωπον
2948 3340 2963 3355 ο
2997 3325 3093 3376 καὶ
3123 3323 3314 3393 ὥσπερ
3360 3324 3523 3394 χρέος
3554 3321 3766 3391 ἀπαραί-

2210 3431 2391 3481 τητον,
2425 3416 2569 3465 αἰτεῖ
2622 3415 2773 3486 παρά
2806 3394 3071 3485 βέσιλέως
3097 3415 3196 3485 τὴν
3232 3413 3450 3467 ἔκτισιν
3476 3432 3490 3445 ·
3530 3433 3548 3465 ι
3580 3415 3670 3477 Δός
3699 3429 3770 3481 μοι

2210 3500 2313 3559 ὧδε
2355 3506 2413 3584 εξ
2448 3506 2617 3575 αὐτῆς
2678 3506 2773 3558 ἐπὶ
2824 3506 3037 3572 πίνακι,
3097 3505 3196 3577 τὴν
3252 3506 3502 3576 κεφαλὴν
3556 3507 3768 3560 Ἰωάννου

2209 3596 2303 3651 τοῦ
2337 3596 2665 3650 Βαπτιστοῦ.
2688 3597 2797 3663 Δός
2821 3614 2944 3666 μοι,
2969 3598 3159 3667 φησὶν,
3189 3592 3329 3662 ὦδε,
3363 3600 3463 3652 καί
3482 3599 3550 3662 ἐξ
3587 3595 3769 3664 αὐτῆς,

2210 3689 2305 3742 καὶ
2363 3689 2462 3742 ἐπὶ
2519 3690 2752 3743 πίνακι.
2821 3690 2885 3742 Τί
2914 3689 3106 3755 δώσω;
3142 3692 3218 3744 Οὐ
3244 3691 3470 3763 χρυσὸν,
3524 3688 3769 3761 (meimei

2209 3779 2391 3843 λίθους
2447 3782 2772 3847 διαφανεῖςο
2823 3782 2925 3836 οὐκ
2981 3782 3120 3836 εἴτι
3175 3781 3285 3836 τῶν
3315 3784 3373 3835 ὲν
3426 3781 3703 3853 βασιλείοις
3725 3779 3771 3831 τὸ

2209 3869 2500 3934 πολυτελὲς
2551 3872 2685 3943 ἔχει,
2751 3875 2846 3926 καὶ
2892 3874 3076 3943 τίμιον
3113 3891 3126 3904 ·
3182 3873 3320 3927 ἀλλὰ
3365 3873 3469 3946 τὴν
3525 3871 3772 3942 κεφαλὴν

2221 3964 2508 4019 Ἰωάννου
2538 3967 2647 4020 τοῦ
2681 3968 3050 4022 Βαπτιστοῦ.
3082 3968 3149 4022 Τί
3202 3968 3415 4036 λέγεις;
3481 3969 3578 4038 τὴν
3624 3982 3770 4033 κεφα·

2206 4056 2305 4128 λὴν
2356 4057 2516 4121 δίδως
2546 4059 2613 4129 ἢν
2638 4060 2917 4114 αἰδοῦνται
2970 4061 3068 4114 καὶ
3126 4059 3397 4129 ἄγγελοι;
3451 4062 3684 4130 Ἐκείνην
3717 4059 3768 4109 σὺ

2205 4151 2362 4216 δίδως
2414 4152 2513 4223 τὴν
2548 4151 2816 4223 κεφαλὴν,
2844 4147 2913 4223 ἧς
2943 4152 3204 4222 ὑπεράνω
3250 4152 3648 4224 βαπτιζομένου
3692 4147 3767 4201 τοῦ

2205 4244 2400 4311 Λόγου,
2435 4243 2494 4296 τὸ
2521 4243 2746 4313 Πνεῦμα
2797 4245 2857 4296 ὲν
2897 4242 3032 4296 εῖδει
3089 4245 3429 4315 περιστερᾶς
3473 4242 3766 4311 καθιέμενον

2206 4336 2399 4389 ἵπτατο
2454 4353 2468 4399 ;
2526 4335 2747 4406 Ταύτην
2817 4324 3054 4406 ἀμοιϐὴν
3112 4338 3318 4407 μικρᾶς
3377 4336 3577 4405 ἡδονῆς
3635 4332 3767 4391 δίδως

2202 4429 2301 4500 τὴν
2331 4428 2597 4498 κεφαλὴν,
2628 4422 2695 4499 ἦς
2727 4430 2760 4498 ἡ
2783 4428 2957 4494 δεξιὰ,
2988 4429 3084 4480 τὸν
3106 4429 3171 4481 ὲκ
3200 4426 3393 4492 δεξιῶν
3445 4426 3541 4480 τοῦ
3581 4421 3765 4492 Πατρδς

520 4533 654 4570 num
707 4534 884 4586 usque
924 4518 1068 4572 diem
1128 4528 1241 4594 stat
1293 4519 1580 4573 clamans:
1616 4538 1634 4568 ι
1676 4519 1793 4573 Non
1837 4522 1963 4575 licet
2001 4524 2100 4575 tibi

2210 4521 2577 4590 καθεζόμενον
2611 4560 2626 4583 ,
2678 4519 2919 4589 ἡγιάσθη
2978 4518 3363 4589 βαπτίζουσα;
3420 4519 3631 4588 ἐκείνην
3683 4513 3764 4581 τὴν

521 4604 728 4658 habere
762 4620 988 4659 uxorem
1022 4592 1255 4676 Philippi
1293 4606 1483 4663 fratris
1521 4608 1642 4662 tui?
1670 4628 1688 4659 ι
1725 4608 1837 4664 Hoc
1872 4619 1929 4663 tu
1947 4622 2106 4682 caput

2212 4608 2456 4679 κεφαλὴν
2498 4609 2691 4680 μισθὸν
2718 4608 2976 4679 ἀθεμίτου
3037 4609 3261 4672 παιδιᾶς
3314 4607 3675 4668 ἁποτιννύεις,
3709 4596 3764 4673 ἧς

521 4693 622 4748 das
661 4695 715 4748 in
774 4696 934 4749 disro
987 4698 1207 4766 puella',
1242 4699 1388 4766 quod
1430 4698 1521 4752 illa
1560 4709 1712 4753 tuum
1748 4716 1992 4755 amorem
2045 4704 2113 4757 ad

523 4786 821 4839 mtechiam
861 4789 1200 4852 accenderit,
1235 4799 1290 4843 et
1319 4805 1417 4843 cor
1452 4790 1842 4847 saltationibus
1893 4794 2110 4847 saucia-

525 4874 706 4928 verit?
740 4873 882 4939 Quid
920 4876 1079 4941 lacis,
1129 4879 1343 4932 miser?
1384 4878 1752 4947 Ejusmodine
1810 4880 1921 4936 fers
1967 4884 2113 4952 leges

522 4978 660 5031 quas
693 4966 783 5034 qui
814 4975 1021 5030 servat,
1057 4968 1265 5038 inique,
1300 4985 1364 5023 ac
1386 4971 1523 5038 legis
1548 4978 1933 5040 transgressor
1957 4976 2106 5044 agit?

523 5056 675 5110 Eane
731 5059 915 5112 sancis
950 5075 1073 5129 quae
1121 5072 1381 5129 separant
1434 5077 1463 5114 a
1520 5061 1645 5121 Deo.
1697 5071 1750 5116 et
1781 5064 1986 5132 quibus
2010 5064 2103 5134 jus

525 5148 783 5203 lzeditur?
817 5150 975 5206 Unde
1008 5151 1103 5205 tibi
1152 5154 1383 5222 impium
1431 5154 1535 5208 hoc
1581 5170 1644 5207 ac
1677 5155 1949 5210 nefarium
1998 5160 2103 5211 sci-

522 5240 684 5294 tum?
724 5241 984 5307 Quaenam
1023 5244 1189 5314 impia
1228 5245 1310 5299 lex
1343 5246 1460 5300 hmc
1508 5247 1826 5317 suggessit?
1873 5251 2058 5320 Apage
2086 5293 2102 5316 ,

523 5348 633 5388 non
667 5343 800 5389 sunt
837 5339 953 5389 hanc
990 5335 1085 5391 Dei
1119 5337 1222 5391 mei
1258 5337 1398 5409 legis
1435 5378 1450 5401 ,
1502 5349 1598 5394 aut
1648 5339 1924 5397 Mosaicae.
1982 5341 2101 5397 Non

524 5423 1228 5483 audivistiProverbiorum
1253 5432 1880 5507 scriptorem’dicentem
1907 5454 1921 5490 :
1953 5454 1970 5485 ι
2008 5436 2102 5489 Li-

523 5514 653 5569 bera
694 5532 790 5572 eos
829 5518 921 5588 qui
977 5520 1333 5577 abducuntur
1385 5524 1451 5577 ad
1508 5533 1761 5592 mortem,
1789 5539 1848 5582 et
1882 5542 1979 5581 eos
2014 5530 2106 5597 qui

2209 4702 2242 4770 ἡ
2265 4700 2486 4769 γλῶσσα
2551 4700 2714 4772 μέχρι
2755 4702 2846 4753 καὶ
2878 4701 2972 4753 νῦν
3012 4701 3211 4771 ἕστηκε
3265 4700 3544 4772 κράζουσα
3575 4717 3589 4732 ·
3624 4718 3641 4749 ι
3670 4696 3762 4750 Οὐκ

2206 4793 2417 4858 ἔξεστίν
2449 4810 2530 4846 σοι
2554 4794 2700 4863 ἔχειν
2743 4793 2840 4863 τὴν
2865 4796 3101 4862 γυναῖκα
3125 4793 3399 4847 Φιλίππου
3428 4793 3520 4847 τοῦ
3560 4787 3759 4858 ἀδελφοῦ

2208 4899 2344 4949 σου;
2378 4901 2396 4934 ι
2443 4882 2664 4953 Ταύτην
2728 4884 2885 4947 δίδως
2926 4885 2988 4936 σὺ
3017 4884 3115 4952 τὴν
3174 4884 3417 4954 κεφαλὴν
3470 4884 3559 4935 ἐπὶ
3600 4881 3761 4933 πίνακι

2212 4970 2291 5042 τῷ
2320 4973 2588 5042 κορασίῳ,
2655 4972 2845 5041 ἐπειδή
2898 4989 2994 5025 σου
3057 4972 3194 5043 πρὸς
3239 4972 3488 5044 μοιχείαν
3544 4966 3759 5035 ὲπανῆψε

2210 5064 2301 5117 τὸν
2332 5064 2530 5133 ἔρωτα,
2562 5063 2657 5116 καὶ
2683 5063 2782 5133 τὴν
2810 5062 3041 5132 καρδίαν
3066 5063 3274 5135 ἔτρωσε
3305 5066 3425 5127 ταῖς
3457 5063 3755 5133 ὀρχήσεσιν,

2211 5156 2277 5209 Τί
2306 5158 2504 5221 ποιεῖς,
2532 5139 2696 5209 ’ἄθλιε
2722 5173 2736 5221 ;
2769 5154 3010 5209 Τοιαῦτα
3033 5150 3367 5226 νομοθετεῖς,
3404 5155 3588 5226 ἀπερό
3614 5147 3758 5203 ποιῶν

2211 5250 2435 5319 ἀνομεί;
2490 5245 2713 5299 τοιαῦτα
2775 5245 3079 5311 θεσπίζεις,
3112 5246 3261 5301 διτοῦ
3320 5247 3456 5301 Θεοῦ
3511 5241 3753 5317 χωρίζει;

2214 5339 2307 5393 καὶ
2370 5336 2613 5391 λωϐᾶται
2660 5337 2722 5390 τὸ
2775 5337 2985 5391 δίκαιον
3039 5354 3055 5403 ;
3110 5338 3286 5393 Πόθεν
3347 5355 3429 5392 σοι
3482 5337 3542 5389 τὸ
3588 5329 3756 5390 ἀσεϐῂ
3786 5339 3800 5347 '

2211 5429 2371 5482 τοῦτο
2400 5428 2495 5481 καὶ
2523 5426 2784 5497 ἀθέμιτον
2811 5428 3143 5500 πρόσταγμα
3165 5447 3180 5493 ;
3208 5431 3367 5494 Ποῖος
3389 5427 3584 5498 ἀσεϐὴς
3605 5421 3755 5477 ταῦτα

2215 5521 2593 5592 ὑπηγόρευσεν
2648 5521 2854 5591 νόμος;
2901 5523 3139 5592 Ἀπαγε.
3198 5524 3273 5577 Οὐ
3322 5520 3415 5576 τοῦ
3458 5518 3586 5592 ἐμοῦ
3636 5507 3753 5567 θεοῦ

1805 5701 2039 5757 VARUS
2070 5700 2476 5756 LECTIONES.

593 5785 637 5816 "’
669 5783 739 5837 το*
760 5830 769 5845 ,
792 5804 849 5840 κε
862 5789 1083 5858 κωςιςωθ.
