4012 6452
374 382 516 450 1129

1374 395 1454 454 ΙΝ
1490 396 1549 457 S.
1593 388 1837 458 JOANN
1848 398 1918 457 IS
1951 399 2608 461 DECOLLATIONEM.

3430 428 3439 437 θ
3512 404 3651 472 1130

366 498 568 566 ταῦτα,
619 502 653 571 ἢ
707 502 802 571 τῆς
857 495 1105 568 Μωσέως
1152 506 1498 576 νομοθεσίας.
1551 508 1665 562 Οὐκ
1718 510 1952 580 ἤκουσας

2067 512 2402 567 occiduntur
2445 514 2659 568 redime
2688 511 2751 565 9?
2813 530 2832 564 ι
2892 511 2950 567 Si
3013 512 3212 570 dicas:
3258 499 3459 572 Nescio
3510 518 3650 586 hoc;

364 590 464 644 τοῦ
511 591 926 663 Παροιμιαστοῦ
996 594 1245 664 λέγοντος
1280 613 1293 626 ·
1358 616 1377 648 ι
1417 596 1608 650 Ῥὖσαι
1671 599 1959 670 ἀπαγομέ-

367 704 496 750 νους
539 688 622 751 εἰς
683 688 947 755 θάνατον,
1018 692 1112 745 καὶ
1180 691 1412 764 ὲκπρίου
1475 694 1953 765 κτεινομένουςςι

382 776 511 832 Ἐὰν
563 764 726 852 εἴπῃς
763 796 777 811 ·
833 783 950 835 Οὐκ
1004 779 1122 836 οἴδα
1174 782 1335 837 τοῦτο
1365 799 1380 815 ⁸
1416 764 1671 852 γίνωσκε
1715 785 1800 838 ὅτι
1846 786 1961 838 Κύ-

370 873 487 945 ριος
536 875 772 943 καρδίας
845 876 1064 929 πάντων
1128 874 1435 944 γινώσκει,
1495 876 1555 940 ὃς
1631 894 1649 927 ι
1685 875 1959 930 ἀποδώσει

369 965 589 1038 ἑκάστῳ
640 967 783 1021 κατά
805 965 874 1020 τὰ
905 967 1042 1036 ἔργα
1082 968 1269 1022 αὐτοῦ.
1303 988 1321 1017 ι
1358 948 1425 1020 Τί
1479 966 1663 1036 σαυτῷ
1705 968 1961 1036 συνάγεις

301 1072 307 1077 ’
369 1057 509 1131 ὕλην
531 1058 671 1131 πρὸς
693 1059 891 1114 καῦσιν
920 1060 1140 1128 αἰωνίου
1177 1060 1348 1130 πυρός
1375 1078 1390 1126 ;
1435 1058 1617 1124 Ἀλλὰ,
1654 1076 1673 1109 ι
1702 1058 1805 1112 Διά
1829 1059 1959 1122 τοὺς

365 1152 569 1222 ὅρκους
602 1191 618 1218 ,
679 1151 846 1221 φησὶν
874 1193 889 1218 ,
919 1152 1014 1205 καὶ
1048 1153 1178 1216 τοὺς
1243 1155 1740 1225 συνανακειμένους
1800 1154 1959 1208 τοῦτο

368 1241 534 1297 ποιῶ.
565 1256 585 1294 )
664 1238 888 1307 Καλῶς.
953 1244 1063 1297 Καὶ
1106 1238 1192 1309 τίς
1225 1245 1254 1297 ὁ
1312 1228 1645 1316 βιασάμενος
1688 1246 1748 1312 ἐξ
1779 1248 1959 1317 ἀρχῆς

364 1328 525 1391 τοῦτό
593 1352 654 1389 σε
699 1336 1176 1407 καθυποσχέσθαι;
1218 1338 1314 1400 Τίς
1346 1337 1392 1391 δ’
1439 1338 1505 1393 ἄν
1549 1356 1609 1391 σε
1646 1337 1751 1392 κᾶν
1781 1340 1956 1391 ὀπωσι

365 1412 464 1484 οὖν
497 1428 839 1494 ἀποδέξαιτο,
936 1429 1013 1493 ὡς
1038 1429 1101 1482 τὸ
1147 1430 1313 1501 τυχὸν
1357 1428 1703 1486 ἐπαινέσειεν
1754 1431 1957 1502 δήπου-

365 1526 497 1591 θενς
550 1525 918 1597 Ἀπροόρατον
974 1525 1082 1597 γάρ
1120 1526 1214 1578 ἐπὶ
1256 1527 1365 1579 τῶν
1399 1526 1613 1598 ἀδήλων
1715 1525 1834 1596 μεθ’
1865 1527 1958 1597 ὅρ-

363 1638 468 1675 κου
514 1620 829 1689 ὑπόσχεσις,
877 1618 1005 1671 ὅταν
1040 1618 1281 1689 ἀκρίτως
1341 1618 1644 1689 ἐκφέρηται
1681 1617 1777 1672 τοῦ
1806 1617 1957 1687 λογι-

365 1713 510 1785 σμοῦ
542 1714 641 1786 τὴν
704 1712 797 1766 ἐπὶ
856 1712 1063 1784 θάτερα
1110 1710 1344 1782 βάσανον
1374 1714 1434 1765 οὐ
1489 1713 1769 1777 λαϐόντος,
1819 1713 1957 1784 πρὸς

365 1806 718 1871 συνεξέτασιν
741 1804 838 1858 τοῦ
870 1803 1037 1859 καλοῦ
1068 1806 1165 1860 καὶ
1180 1804 1294 1858 ’τοῦ
1324 1806 1588 1877 χείρονος.
1634 1794 1797 1880 Ὃδὴ
1828 1807 1957 1879 πρό-

2066 601 2213 658 scias
2292 601 2440 673 quod
2486 602 2756 667 Dominus
2816 602 2973 658 novit
3024 602 3191 658 corda
3226 605 3477 661 omnium
3518 608 3559 674 ί,
3597 618 3653 662 et

2071 711 2090 745 ι
2147 694 2343 750 reddet
2392 695 2695 766 unicuique
2724 695 3033 751 secundum
3068 710 3235 767 Opera
3268 698 3446 767 ejus.u
3467 713 3486 746 ι
3509 697 3652 766 Quid

2064 786 2168 840 tibi
2195 787 2482 842 materiam
2513 788 2798 857 congeris,
2824 788 2889 843 ad
2923 790 3119 845 aeterni
3153 789 3300 860 ignis
3344 783 3661 863 conflagra?

2063 878 2306 932 tionem?
2337 874 2566 942 Verum,
2601 898 2620 932 ι
2651 878 2883 950 Propter
2909 881 3328 951 jusjurandum,
3365 884 3577 956 inquit,
3602 896 3653 941 ct

2064 974 2231 1029 simul
2264 974 2682 1041 recumbentes,
2729 993 2748 1028 ι
2776 977 2882 1032 hoc
2914 975 3080 1032 facio.
3112 976 3281 1035 Bene.
3308 978 3445 1046 Quis
3475 982 3655 1038 enim-

2062 1077 2192 1121 vero
2222 1065 2291 1121 ab
2313 1065 2475 1120 initio
2517 1068 2701 1138 coegit
2747 1068 2854 1125 hoc
2886 1068 3179 1138 polliceri?
3208 1070 3344 1138 Quis
3378 1082 3428 1129 te
3469 1083 3652 1130 autem

2066 1157 2177 1212 ulla
2237 1159 2455 1214 ratione
2509 1160 2820 1226 admiserit,
2879 1170 2975 1216 aut
3040 1164 3237 1219 leviter
3300 1166 3658 1221 laudaverit?

2063 1250 2370 1321 improvisa
2418 1252 2569 1307 enim
2614 1268 2705 1309 res
2755 1263 2863 1319 est,
2910 1255 2965 1309 in
3016 1256 3246 1313 incertis
3289 1258 3655 1328 obscurisque

2062 1359 2186 1398 cum
2220 1344 2588 1414 jurejurando
2632 1347 2878 1417 praestita
2934 1350 3267 1418 promissio,
3326 1353 3375 1407 si
3428 1353 3654 1423 quando

2057 1438 2276 1509 judicio
2308 1455 2420 1495 non
2452 1440 2806 1498 discernente
2853 1444 3127 1513 proferas,
3176 1445 3326 1514 quod
3366 1448 3511 1501 ratio
3544 1462 3655 1503 non

2062 1533 2327 1605 utrinque
2359 1546 2616 1601 examen,
2660 1537 2729 1591 ad
2764 1538 2903 1592 boni
2958 1551 3024 1591 ac
3085 1538 3211 1591 mali
3266 1540 3652 1606 probationem

2061 1628 2365 1698 acceperit.
2387 1626 2503 1683 Hoc
2532 1630 2690 1698 prius
2719 1644 3061 1700 quoquensu
3094 1630 3247 1685 venit
3268 1630 3499 1701 Jephtaz,
3532 1646 3651 1685 ma-

2059 1735 2173 1791 gno
2225 1720 2308 1776 illi
2364 1736 2430 1777 ac
2482 1720 2687 1777 celebri
2742 1723 2888 1778 inter
2923 1722 3184 1787 Judices,
3244 1724 3653 1780 inconsiderate

2059 1814 2285 1869 voventi
2322 1828 2387 1870 ac
2416 1813 2553 1869 illud
2593 1814 2876 1883 pollicenti
2918 1814 3031 1869 Deo
3063 1815 3212 1886 quod
3265 1814 3483 1872 defectu
3517 1830 3652 1892 cog-

358 1915 525 1969 τερον
573 1898 668 1952 καὶ
711 1896 932 1982 Ἰεφθάε
974 1897 1267 1963 πέπονθεν,
1317 1901 1359 1952 ὁ-
1391 1899 1570 1968 μέγας
1616 1900 1674 1952 ὲν
1719 1901 1952 1971 Κριταῖς

2061 1905 2193 1970 silii,
2212 1921 2277 1960 ac
2310 1906 2563 1963 absentia
2592 1905 2859 1975 judicatus
2886 1896 3147 1972 ratioiris,
3173 1909 3652 1979 discretionisque

361 1996 598 2060 ἐκεῖνος,
643 1995 737 2047 καὶ
788 1973 1073 2063 διαϐὅητος
1100 2033 1118 2060 ,
1170 1992 1572 2059 ἀσυλλογίστως
1629 1992 1951 2061 εὐξάμενος,

361 2090 589 2143 κάκεῖνο
635 2086 756 2157 Θεῷ
798 2084 1324 2156 καθυποσχόμενος,
1373 2084 1403 2138 ὃ
1471 2085 1546 2156 μὴ
1601 2086 1844 2157 προϊδεῖν
1886 2086 1953 2139 δι’

358 2181 628 2244 ἀϐουλίας
672 2180 981 2250 δεδύνηται,
1008 2178 1076 2231 δι’
1099 2178 1340 2249 ἐρημίαν
1385 2177 1481 2231 τοῦ
1505 2178 1835 2249 κεκριμένου
1865 2177 1954 2231 λό-

358 2291 489 2344 γου,
548 2273 767 2342 καὶτῆς
805 2273 935 2342 περὶ
970 2269 1041 2324 τά
1070 2270 1327 2341 πρακτέα
1351 2269 1445 2323 τοῦ
1476 2269 1568 2323 νοῦ
1598 2270 1949 2341 διακρίσεως.

367 2368 521 2434 Ἔδει
576 2360 667 2420 οὖν
725 2382 785 2418 σε
813 2367 878 2435 τῇ
905 2364 1044 2436 κόρῃ
1093 2362 1449 2434 ὀμομωκὸτα,
1514 2363 1864 2434 προδιορίσαι
1901 2381 1953 2417 τι

363 2460 468 2530 τῆς
524 2458 804 2529 ὀρχήσεως
834 2455 1005 2522 ’ἄξιον
1030 2468 1047 2486 ο
1071 2454 1149 2526 μὴ
1178 2455 1289 2526 γὰρ
1345 2454 1446 2525 τὴν
1476 2453 1572 2507 τοῦ
1630 2454 1951 2527 Προδρόμου

360 2554 625 2624 κεφαλὴν,
663 2552 763 2623 τὴν
796 2549 985 2621 μηδενὶ
1020 2548 1425 2619 παρισουμὲνην
1456 2546 1693 2617 πλούτῳ,
1726 2545 1953 2618 μισθαρ·

356 2648 455 2720 νίᾳ.
511 2646 777 2717 ἀθεμίτου
822 2643 952 2707 θέας
980 2640 1274 2712 προέσθαι.
1319 2640 1385 2693 Ti
1432 2639 1544 2711 γάρ
1589 2656 1672 2692 σοι
1734 2638 1954 2709 βασιλεῖ

350 2740 707 2810 τυγχάνοντι,
768 2734 880 2788 τῶν
925 2733 1144 2804 τιμίων,
1195 2732 1229 2803 ἥ
1276 2727 1636 2803 κομψοτέρων
1703 2730 1953 2783 ἐλείπετο

352 2833 690 2903 ἀντιστῆσαι
722 2834 790 2902 τῇ
821 2827 1142 2900 ὀρχηστρίδι
1168 2827 1259 2880 τὸν
1293 2825 1485 2895 μισθὸν
1513 2825 1612 2894 τῆς
1629 2825 1948 2895 ὀρχήσεωςς

368 2924 538 2979 Ἀλλά
588 2922 791 2993 τρόπον
835 2922 1024 2991 ἓτερον
1058 2917 1287 2971 σεαυτοῦ
1315 2918 1404 2970 τὸν
1423 2916 1665 2986 ἔλεγχον,
1691 2920 1792 2986 τῆς
1819 2916 1950 2969 ἀθε-

357 3021 525 3091 μίτου
575 3015 776 3088 μίξεως
820 3012 1293 3076 ἀποσκυϐαλίςειν
1339 3010 1565 3076 ἐθέλων,
1619 3011 1833 3061 ἀνεῖναι
1879 3011 1948 3078 τῇ

354 3114 500 3187 κόρῃ
547 3113 882 3184 προέκρινας
930 3109 1141 3191 ἐκεῖνον
1193 3104 1522 3173 αἰτήσασθαι
1573 3102 1665 3175 τρν
1715 3102 1946 3172 μισθὸν,

352 3208 475 3270 τὸν,
503 3205 579 3269 ὡς
606 3204 670 3257 σὺ
702 3202 883 3264 δοκεῖς
910 3240 926 3265 ,
967 3196 1302 3268 ἀναιροῦντα
1355 3196 1447 3248 τὸν
1488 3195 1709 3265 ἔλεγχον
1740 3212 1753 3225 ·
1799 3194 1858 3248 τὸ
1888 3196 1946 3248 δὲ

2062 1999 2233 2054 animi
2275 2000 2422 2055 circa
2464 2000 2698 2072 agenda.
2734 2001 3037 2070 praevidere
3067 2002 3429 2072 nequivisset.
3472 2001 3648 2072 Opor-

2061 2090 2216 2166 tebat
2248 2107 2382 2163 ergo
2431 2099 2519 2157 te,
2565 2092 2813 2161 jurando
2867 2094 3086 2163 puellae,
3143 2095 3375 2164 dignum
3438 2094 3647 2164 aliquid

2059 2182 2358 2240 saltatione
2402 2183 2702 2254 prmfmire,
2750 2199 2816 2239 ac
2867 2194 2996 2240 ante
3041 2186 3229 2241 animo
3270 2188 3645 2248 constituere;

2058 2272 2263 2328 nedum
2312 2273 2686 2330 Praecursoris
2742 2283 2915 2345 caput
2946 2316 2961 2338 ,
3022 2277 3192 2332 nullis
3243 2279 3645 2349 exaequandum

2057 2362 2310 2430 divitiis,
2371 2364 2568 2420 nefarii
2632 2366 2942 2435 spectaculi
3018 2368 3331 2423 mercedem
3387 2371 3645 2440 prodere.

2058 2451 2202 2518 Quid
2234 2452 2381 2508 enim
2425 2454 2548 2521 tibi,
2586 2455 2684 2526 qui
2711 2470 2808 2510 rex
2839 2471 3016 2521 esses,
3053 2459 3362 2527 pretiosum
3406 2471 3500 2514 ant
3531 2477 3648 2515 mn-

2055 2542 2321 2615 gniﬁcum
2353 2545 2564 2609 deerat,
2596 2546 2744 2616 quod
2777 2547 3050 2603 saltatrici
3084 2550 3141 2602 in
3191 2551 3496 2605 mercedem
3537 2555 3649 2606 sal-

2055 2635 2289 2697 tationis
2324 2636 2926 2705 rependeres?Verum
2973 2653 3101 2693 cum
3155 2641 3265 2694 alio
3316 2642 3481 2697 modo
3513 2658 3544 2696 a
3594 2653 3648 2698 te

2056 2725 2229 2810 velles
2256 2727 2541 2797 projicere
2568 2729 2768 2783 nefarii
2800 2732 3138 2786 concubitus
3158 2732 3603 2791 criminationem
3628 2779 3644 2799 ,

2056 2818 2299 2874 maluisti
2327 2822 2646 2889 permittere
2672 2823 2869 2892 puella:
2903 2832 2963 2877 ut
2986 2840 3107 2879 eam
3149 2825 3459 2881 mercedem
3494 2836 3646 2898 pete-

2054 2919 2160 2978 ret,
2231 2927 2353 2982 qme
2411 2920 2508 2967 tuo
2555 2914 2771 2981 judicio
2832 2918 3328 2985 reprehensionem
3388 2920 3642 2975 ablatura

2054 3012 2203 3060 esset
2234 3024 2248 3058 :
2280 3015 2443 3076 caput
2490 3006 2749 3060 nimirum
2782 3006 3015 3062 Joannis
3047 3008 3346 3080 Baptistae,
3385 3014 3545 3082 cujus
3582 3022 3641 3066 tu

2054 3095 2336 3165 prophetae
2365 3097 2586 3150 occisor
2625 3095 2780 3150 fuisti
2811 3115 2826 3163 ;
2865 3106 3065 3167 praeter
3092 3101 3319 3168 quidem
3348 3114 3643 3175 exspecta-

2056 3192 2302 3255 tionem;
2333 3199 2387 3244 ιιι
2421 3206 2529 3246 nou
2566 3191 2888 3247 inconsulto
2935 3192 3070 3263 (24),
3117 3192 3359 3263 duplicis
3416 3197 3644 3255 sceleris

352 3296 453 3372 ἦν,
483 3300 518 3370 ἡ
542 3296 638 3351 τοῦ
677 3292 989 3349 Βαπτιστοῦ
1026 3291 1236 3362 κεφαλή
1260 3306 1275 3321 ο
1308 3283 1371 3343 οὗ
1401 3290 1466 3342 σὺ
1506 3287 1949 3359 προφητοκτόνος

2061 3280 2286 3336 effectus
2337 3296 2491 3346 rcus,
2542 3281 2801 3337 adulterii
2850 3283 3058 3338 scilicet
3094 3300 3160 3339 ac
3194 3287 3519 3355 homicidii;
3577 3307 3643 3345 ac

353 3396 627 3465 γέγονας,
672 3387 1101 3460 ἀπροσδοκήτως
1155 3385 1252 3454 μὲν
1284 3422 1299 3448 ,
1363 3382 1463 3435 οὐκ
1521 3381 1838 3451 ἀϐουλήτως
1872 3380 1948 3444 δὲ,
1989 3382 2003 3390 ’

354 3489 516 3542 δυσὶν
547 3549 551 3552 η
587 3484 750 3547 ἁλοὺς
800 3481 1175 3551 ἀτοπήμασιν,
1233 3476 1454 3547 μοιχείᾳ
1502 3476 1597 3528 καὶ
1643 3474 1950 3544 μιαιφονίᾳ,

354 3582 460 3637 καὶ
488 3579 566 3650 τῷ
600 3578 806 3648 χείρονι
868 3569 1296 3634 συναντεισάξας
1340 3568 1402 3621 τὸ
1444 3568 1772 3640 χείριστον.·
1798 3566 1889 3628 Τίς
1918 3567 1951 3635 ἡ

356 3674 603 3742 τοσαύτη
654 3666 996 3739 παραφοράς
1056 3665 1152 3726 Τίς
1204 3680 1287 3715 σοι
1330 3664 1357 3714 ὁ
1389 3660 1451 3713 τὸ
1496 3659 1671 3722 οὕτως
1715 3674 1952 3729 προσκε-

358 3765 659 3838 κρουκέναι
718 3759 859 3828 Θεῷ,
896 3757 993 3811 καὶ
1046 3756 1213 3825 φονᾷν
1246 3756 1303 3807 ἐν
1339 3753 1459 3824 ὥρα
1490 3751 1703 3821 τρυφῆς
1746 3748 1949 3802 ὑποθέ-

360 3877 524 3933 μενος
547 3876 567 3928 ;

398 3980 403 3983 >
435 3952 545 4005 Καὶ
577 3949 640 4001 σὺ
678 3946 775 4018 μὲν
820 3944 928 4014 (pou
971 3941 1063 3994 τὸν
1101 3936 1416 4004 Βαπτιστὴν
1468 3932 1717 4004 ἀναιρῶν
1751 3947 1949 3985 συναν-

356 4048 616 4118 αιρήσειν
680 4039 831 4109 αὐτῷ
859 4038 954 4091 καὶ
998 4035 1093 4088 τὸν
1152 4033 1407 4101 ἔλεγχον·
1441 4030 1469 4081 ὁ
1502 4028 1579 4118 δε,
1630 4027 1724 4081 καὶ
1778 4026 1950 4094 τάφον

356 4115 551 4204 ciuilia,
593 4135 696 4190 κᾶν
720 4132 826 4188 ὑπὸ
855 4131 963 4201 γῆν
990 4127 1324 4199 κρύπτηται,
1361 4121 1514 4175 οὐδὲν
1541 4115 1949 4192 ἦττονὺποφω-

360 4236 446 4289 νεῖ
480 4247 562 4284 σοι
581 4228 673 4281 τὸν
698 4226 941 4294 ἔλεγχον.
975 4219 1181 4280 Διττῶς
1217 4216 1309 4268 ἐπὶ
1353 4214 1550 4276 διττοίς
1604 4213 1717 4273 τοῖς
1754 4208 1950 4278 ἐγκλή-

359 4335 533 4400 μασιν
561 4315 852 4374 καταϐοῶν
884 4328 979 4366 σου
1008 4311 1113 4379 τῆς
1154 4306 1541 4400 ματαιότητος.
1568 4303 1710 4400 -ᾭου
1739 4300 1818 4364 δὲ,
1854 4299 1950 4400 καὶ

354 4395 421 4475 τὸ
454 4415 625 4478 πάθος
653 4412 916 4466 ἀνάπτειν
969 4403 1327 4473 σφοδρότερον
1360 4401 1427 4468 τῇ
1462 4396 1673 4450 ἐκείνου
1738 4395 1945 4463 σφαγῇ,

355 4512 452 4567 τόν
480 4526 540 4562 τε
562 4502 780 4576 οἶστρον
826 4496 1108 4563 ὲπαύξειν,
1136 4494 1230 4547 καὶ
1262 4492 1360 4562 τὴν
1392 4490 1588 4561 ἡδονὴν
1616 4486 1947 4556 ἀναφλέγειν

355 4603 559 4675 ἀϐρότε
569 4615 678 4673 ρονι

430 4779 543 4845 Καὶ
593 4782 783 4838 τούτου
836 4778 1002 4845 δεῖξις
1056 4772 1263 4844 ἀληθὴς
1306 4811 1320 4836 ,
1362 4768 1424 4821 τὸ
1468 4765 1542 4837 μὴ
1607 4761 1806 4818 αὐτίκα
1849 4763 1949 4831 μὲν

355 4881 647 4953 ἀπομύσαι
699 4875 768 4929 τὰ
828 4867 945 4926 ὦτα
1006 4867 1144 4939 πρὸς
1187 4860 1302 4935 ’τὴν
1383 4858 1680 4953 ἀπευκτὴν⁸
1730 4858 1946 4953 εκείνην

352 4948 678 5041 ἀπαίτησιν,
714 4968 808 5021 καὶ
853 4963 1049 5016 θᾶττον
1097 4955 1477 5025 ἀποπηδῆσαι,
1537 4948 1853 5020 σχετλιάσαι
1886 4965 1945 5000 τε

349 5071 434 5143 τῷ
464 5062 909 5138 ἁσκαρδαμὺκτῳ
959 5059 1060 5126 τῆς
1105 5050 1459 5143 ὀρχηστρίδρς
1496 5046 1782 5143 ὁρμηματι
1808 5043 1943 5143 ,δυσ-

351 5135 683 5235 φορήσαντα
710 5173 725 5187 ο
790 5152 935 5225 μέγα
969 5166 1029 5203 τε
1070 5138 1554 5217 προσανοιμῶξαι,
1599 5138 1701 5190 Ἰοὺ
1736 5178 1751 5201 ,
1808 5135 1889 5188 ἰοὺ
1926 5174 1940 5198 ,

348 5230 622 5322 λέγοντα*
653 5244 989 5313 εἱ-τοιαύτης
1038 5238 1150 5308 ἐγὼ
1194 5234 1455 5308 βραχείας
1512 5232 1607 5285 καὶ
1655 5230 1945 5300 οὖτιδανῆς

344 5344 625 5415 τέρψεως,
656 5339 846 5413 μισθὸν
900 5331 1220 5407 τηλικοῦτον
1276 5326 1628 5398 προήτομαιο
1661 5315 1722 5374 οὗ
1777 5320 1946 5389 μηδὲν

978 5513 997 5549 ί
1034 5512 1150 5564 Act.
1195 5523 1234 5571 ι,
1267 5507 1359 5560 24.
1472 5507 1495 5533 υ
1524 5500 1682 5555 Rom.
1752 5514 1814 5561 ιι,
1847 5495 1900 5550 6.

406 5539 427 5563 ι
452 5525 604 5577 I’rov.
627 5535 771 5581 xxrv,
806 5517 896 5570 Η.

1982 4619 2029 4674 D

2058 3387 2167 3427 una
2206 3388 2331 3427 cum
2365 3375 2530 3440 malo,
2567 3369 2619 3427 id
2651 3374 2924 3428 inducens
2954 3374 3103 3445 quod
3137 3376 3298 3447 longe
3337 3380 3641 3448 pessimum

2055 3473 2226 3520 esset.
2261 3464 2526 3530 Quaenam
2559 3472 2713 3518 tanta
2758 3465 2872 3519 haec
2917 3465 3240 3521 dementia?
3274 3466 3415 3532 Quis
3461 3477 3512 3523 te
3555 3470 3643 3523 in«

2057 3557 2212 3612 duxit
2240 3566 2305 3610 ut
2344 3556 2431 3611 sic
2464 3555 2632 3611 Deum
2663 3555 2996 3623 offenderes,
3032 3559 3353 3628 caedemque
3390 3568 3644 3630 patrares
3740 3567 3752 3580 ⁸

2057 3660 2302 3721 tempore
2335 3650 2578 3705 laetitiae?

2131 3926 2208 3979 Ac
2257 3923 2315 3978 lu
2364 3923 2583 3994 quidem
2611 3910 2996 3989 arbitrabaris,
3030 3921 3280 3976 tollendo
3336 3920 3407 3976 de
3463 3921 3645 3977 medio

2055 4017 2383 4087 Baptistam,
2411 4030 2520 4071 una
2556 4029 2683 4069 cum
2714 4028 2782 4069 eo
2816 4012 3312 4083 reprehensionem
3343 4027 3564 4082 quoque
3591 4022 3646 4067 te

2054 4111 2407 4168 sublaturum
2434 4123 2556 4178 esse
2584 4127 2597 4161 :
2630 4116 2686 4161 at
2718 4106 2810 4162 ille
2847 4105 3068 4161 tametsi
3114 4105 3427 4174 sepulcrum
3488 4104 3648 4159 habi~

2054 4214 2218 4267 tans;
2263 4200 2483 4257 tani‘etsi
2517 4201 2651 4255 latet
2693 4200 2796 4255 sub
2835 4206 3011 4261 terra,
3051 4198 3192 4251 nihil
3233 4204 3287 4251 te
3334 4197 3519 4251 minus
3560 4213 3643 4249 rc-

2056 4295 2383 4369 prehendit;
2454 4292 2666 4362 duplici
2742 4290 2905 4344 titulo
2960 4304 3062 4359 pro
3136 4288 3346 4358 duplici
3406 4289 3644 4342 crimine

2056 4390 2322 4445 adversus
2358 4396 2509 4441 tuam
2536 4383 2893 4439 conclamans
2917 4379 3243 4433 vanitatem.
3268 4378 3644 4433 Existimabas

2054 4498 2187 4539 vero
2221 4464 2371 4534 illius
2413 4488 2465 4533 te
2506 4475 2677 4540 crede,
2712 4471 3102 4529 vehementius
3138 4485 3503 4527 accensurum
3558 4472 3645 4524 vi-

2060 4579 2186 4636 tiosi
2213 4576 2442 4632 affectus
2474 4574 2776 4637 flammam,
2825 4576 3175 4637 castrumque
3209 4567 3416 4623 amoris
3448 4575 3647 4622 auctu-

2060 4688 2208 4735 rum,
2243 4684 2308 4723 ae
2341 4668 2681 4736 voluptatem
2715 4662 2900 4717 acrius
2930 4659 3430 4715 inflammaturum.

2130 4763 2308 4833 Hujus
2337 4768 2521 4814 autem
2546 4759 2623 4811 rei
2662 4765 2917 4826 apertum
2952 4752 3221 4808 indicium
3250 4761 3335 4807 est
3363 4751 3508 4821 quod
3534 4767 3642 4807 non

2058 4856 2251 4912 statim
2287 4853 2354 4908 ad
2396 4847 2825 4905 abominandam
2884 4846 3031 4899 illam
3083 4844 3414 4914 petitionem
3477 4856 3644 4895 aures

2056 4944 2429 5007 obstruxeris,
2460 4956 2639 5011 neque
2672 4940 2784 4994 cito
2809 4936 3104 5001 resilieris,
3125 4933 3640 5004 deploraverisqne,

2054 5054 2200 5111 aegre
2237 5037 2426 5093 ferens
2457 5033 2833 5103 impudentem
2866 5027 3170 5087 saltatricis
3218 5026 3639 5097 appetitionem,

2055 5148 2159 5190 nec
2208 5128 2367 5185 valde
2421 5125 2742 5197 ejulaveris,
2790 5123 3034 5177 dicens:
3068 5120 3208 5185 Heu,
3256 5119 3396 5173 eheu
3437 5131 3548 5182 me,
3593 5117 3642 5171 si

2053 5234 2164 5280 tam
2194 5223 2400 5288 brevis,
2430 5229 2655 5289 tamque
2685 5216 2893 5270 nullius
2926 5212 3195 5269 momenti
3229 5208 3637 5269 delectationis.

2056 5325 2265 5371 tantam
2304 5311 2587 5367 tradidero
2626 5308 2980 5372 mercedem;
3020 5305 3113 5359 cui
3156 5304 3367 5358 nullius
3397 5302 3452 5355 in
3488 5297 3641 5368 regia

1675 5587 2066 5649 COMBEFISH
2108 5585 2343 5643 NOT/E.

427 5714 543 5789 (ει)
581 5714 649 5766 At
698 5700 1335 5789 no».in.conw!'9--_93¥
1372 5688 1942 5789 sieiiﬁfa’ifitfl‘

349 5761 1019 5851 {ueri-tica-‘promissione
1060 5770 1334 5851 ignoratio
1361 5781 1538 5851 quam
1567 5761 1942 5851 mostritheo:

347 5833 954 5929 logi-concaluitautem
1009 5833 1227 5896 vocant.
1274 5833 1504 5893 Volebat
1537 5833 1835 5906 siquidem,
1878 5843 1942 5885 ac

641 5952 906 6012 PATROL.
938 5942 1054 6003 GR.
1085 5937 1321 6001 XCVII.

2052 5682 2593 5752 modurn-quaarehat
2631 5677 2996 5752 interficiendi
3031 5674 3337 5752 Joannem;
3365 5672 3512 5728 haud
3550 5677 3633 5725 ta-

2054 5771 2178 5811 men
2212 5770 2274 5810 ea
2306 5745 2604 5809 occasione
2636 5748 3077 5806 interficiendum
3110 5745 3362 5817 putabat.

3168 5910 3248 5972 36
