4012 6450
348 406 489 473 1133

1351 414 1434 475 IN
1479 415 1541 474 s.
1579 402 1905 475 JOANNIS
1940 412 2607 474 DECOLLATIONEM.

3494 414 3633 486 113i

345 526 456 597 γὰρ
487 523 658 597 ἄνδρα
694 524 1046 597 ἀγρεύουσιν.
1093 543 1110 575 ι
1172 523 1387 595 Ἐκείνη
1419 525 1499 589 δὲ,
1545 512 1682 597 πρὸς
1718 526 1796 597 τῷ
1832 529 1931 597 τῆς

2051 526 2194 594 piunt
2224 526 2401 580 virum
2434 542 2480 580 κ.
2515 545 2534 578 ι
2572 524 2669 580 llla
2706 537 2910 592 autem,
2947 536 3142 598 prmter
3177 526 3443 601 ﬂagitium
3471 533 3633 587 adul-

347 616 599 688 μοιχείας
653 619 948 687 μιάσματι,
1006 618 1103 671 καὶ
1149 617 1212 670 τὸ
1261 618 1359 688 τῆς
1416 620 1731 689 μιαιφονίας
1765 636 1936 689 προσ-

343 711 621 781 εκτήσατο
657 709 848 780 μῦσος.
881 729 898 761 ι
938 709 1081 780 Γυνὴ
1106 709 1214 779 γὰρ
1240 710 1453 780 ἄφρων,
1489 714 1676 781 φησὶν,
1703 712 1802 763 οἰκ
1822 710 1939 763 ἐπί-

343 819 541 857 σταται
573 801 859 872 αἰσχύνην,
895 802 1012 857 ἀλλ’
1044 802 1139 853 ἐπὶ
1161 802 1435 870 πέταυρον
1468 802 1599 873 ᾅδου
1631 803 1887 873 συναντᾷ.
1916 822 1933 853 ι

355 893 423 947 Ἦ
478 893 538 947 δὲ
570 893 670 962 τῆς
725 891 1025 964 μαχλώσης
1083 892 1418 963 μαστρωπὸς
1473 892 1796 963 ὀρχηστρὶς,
1832 908 1940 963 μη-

342 983 543 1056 τρῴοις
615 984 1117 1055 συμπαροινήσασα
1181 984 1391 1054 φόνοις,
1461 982 1613 1035 οὐδὲν
1682 980 1941 1037 ἀπώνατο

345 1076 511 1131 πλέον
547 1077 647 1146 τῆς
688 1076 748 1126 ὲν
800 1074 998 1144 γεέννῃ
1038 1075 1262 1143 φλογὸς,
1296 1073 1421 1127 καθ’
1466 1075 1534 1144 ἢν
1568 1074 1797 1136 ἐνδίκως
1844 1074 1943 1136 τὰς

342 1167 575 1231 εὐθύνας
619 1165 1036 1236 εἰσπράττεται.
1090 1185 1110 1219 ι
1159 1166 1271 1237 Τῆς
1323 1165 1640 1236 ἀφροσύνης
1680 1164 1731 1218 oi
1785 1164 1944 1227 πόδες

344 1260 651 1328 κατάγουσι
688 1258 816 1322 τοὺς
862 1258 1183 1328 χρωμένους
1219 1258 1358 1326 αὐτῇ
1403 1255 1547 1325 μετά
1585 1255 1822 1309 θανάτου
1861 1258 1943 1319 εἰς

342 1354 437 1407 τὸν
469 1352 630 1425 ᾅδην,
654 1351 726 1403 τὰ
751 1346 808 1402 δὲ
836 1351 956 1419 ἴχνη
991 1349 1164 1418 αὐτῆς
1193 1349 1294 1403 οὐκ
1319 1351 1611 1421 ἐρείδεται.
1650 1368 1669 1399 ι
1703 1347 1946 1402 Τοιαῦτα

341 1441 459 1499 τῶν
505 1442 853 1513 ἀνομούντων
908 1443 978 1496 τά
1028 1442 1307 1512 δράματα⁸
1357 1440 1568 1512 ταύτην
1621 1440 1808 1493 δίδωσι
1843 1440 1945 1509 τὴν

344 1536 687 1606 ἐπικαρπίαν
724 1538 838 1597 τοῖς
873 1534 1045 1604 αὐτῆς
1074 1535 1336 1603 ἐρασταῖς
1382 1536 1415 1603 ἡ
1460 1532 1688 1601 λαγνεία
1712 1548 1730 1565 ο
1767 1531 1945 1585 ταῦτα

318 1631 456 1693 ,τοῖς
488 1628 811 1690 ἀκολάστοις
842 1628 876 1698 ἡ
909 1625 1167 1696 ἐμπαθὴς
1194 1625 1308 1679 τῶν
1331 1625 1539 1697 ἡδονῶν
1565 1625 1811 1697 ἀκρασία
1843 1642 1947 1695 χα-

344 1721 562 1793 ρίζεται
582 1719 651 1772 τὰ
680 1719 961 1790 ἐπίχειρα.

416 1813 635 1867 Τούτων
668 1812 919 1875 ἀκούετε,
950 1813 1064 1865 ὅσοι
1089 1829 1146 1865 τε
1174 1812 1422 1882 μιγάδες,
1452 1812 1547 1865 καὶ
1575 1814 1624 1865 oi
1647 1813 1709 1865 τὸ
1738 1811 1943 1882 ἄζυγον

2042 618 2194 682 terii,
2227 619 2393 699 eat-dis
2424 634 2647 699 quoque
2676 620 2893 677 facinus
2925 621 3143 693 adjecit.
3184 643 3203 676 ι
3244 625 3438 681 Mulier
3485 628 3633 682 enim

2043 698 2575 783 insipiens,'inquit,
2628 716 2894 784 pudorem
2944 719 3147 781 nescit,
3185 719 3280 775 sed
3324 720 3395 774 ad
3429 720 3634 777 inferni

2044 803 2381 873 profundum
2407 806 2653 861 occurrit
2690 813 2740 860 δ’.
2784 827 2801 858 ι
2835 807 3168 864 Libidinosa:
3202 820 3386 865 autem
3416 811 3634 867 femina:

2047 897 2173 950 lena
2221 898 2497 961 saltatrix,
2528 914 2635 953 una
2684 915 2809 953 cum
2847 908 3021 955 matre
3066 902 3121 955 iu
3177 904 3324 959 caede
3357 902 3631 974 petulans,

2046 989 2186 1043 nihil
2209 989 2337 1043 hinc
2370 991 2610 1061 amplius
2640 993 2913 1047 commodi
2966 974 3289 1064 reportavit,
3313 1014 3501 1066 quam
3542 1016 3636 1066 ge~

2046 1080 2243 1136 heuna:
2270 1080 2575 1148 ﬂammam,
2608 1082 2664 1136 in
2690 1098 2799 1152 qua
2825 1085 3019 1138 merito
3062 1101 3256 1154 poenas
3290 1087 3391 1141 luit
3419 1108 3431 1142 :
3468 1108 3485 1139 ι
3530 1088 3637 1141 Im-

2048 1170 2354 1242 prudentia:
2401 1174 2566 1242 pedes
2615 1175 2897 1230 deducunt
2948 1185 3167 1234 utentes
3201 1195 3265 1234 ea
3307 1196 3430 1235 cum
3464 1194 3640 1236 morte

2049 1264 2116 1317 ad
2153 1264 2430 1320 infernum
2468 1281 2481 1317 :
2515 1274 2579 1321 et;
2619 1268 2851 1338 veStigia
2901 1269 3023 1337 ejus
3074 1285 3182 1325 non
3217 1270 3508 1325 ﬁrmantur
3535 1281 3580 1324 ι.
3615 1291 3633 1323 ι

2049 1356 2212 1414 Tales
2262 1369 2391 1413 sunt
2436 1360 2835 1415 sceleratorum
2895 1360 3092 1415 fabula:
3135 1378 3150 1415 :
3208 1362 3354 1417 hunc
3419 1360 3639 1418 luxuria

2050 1449 2294 1506 fructum
2341 1452 2459 1508 Suis
2505 1453 2704 1507 tribuit
2756 1455 3144 1509 amatoribus:
3199 1454 3313 1507 haec
3350 1456 3639 1524 impudicis

2051 1542 2299 1610 praemia,
2353 1544 2551 1600 vitiosa
2625 1545 2974 1612 voluptatum
3050 1544 3479 1615 intemperantia
3535 1549 3643 1600 lar-

2049 1633 2217 1703 gitur.

2126 1811 2251 1868 Haac
2281 1812 2488 1880 audite,
2545 1822 2819 1886 quotquot
2863 1816 3069 1871 saeculo
3122 1816 3248 1872 aliis
3288 1819 3640 1874 commistum

344 1904 723 1976 περιέποντες,
758 1904 853 1956 καὶ
886 1902 1073 1971 λόγοις
1124 1877 1525 1972 Παροιμιακοῖς
1577 1877 1943 1972 ὲστιαθῶμεν,

2053 1903 2255 1967 vivitis,
2293 1918 2359 1958 ac
2387 1903 2435 1959 si
2461 1904 2557 1972 qui
2587 1904 2755 1958 vitam
2790 1903 3038 1959 czelibem
3070 1904 3252 1974 agitis,
3296 1905 3644 1975 sumptisqu

345 1999 445 2050 καὶ
468 1997 682 2059 τούτοις
729 1994 931 2065 μᾶλλον
966 1993 1065 2064 τὴν
1096 1993 1266 2064 ἀκοὴν
1306 1993 1765 2064 καταυλήσωμεν.
1802 1994 1868 2046 Τί
1892 1993 1950 2046 δὲ

339 2092 425 2144 δεῖ
454 2089 590 2162 πρὸς
639 2088 851 2151 εἰδότας
895 2089 1098 2151 εἰπεῖν,
1152 2087 1189 2141 ἀ
1232 2088 1307 2157 μὴ
1347 2087 1663 2155 πεφύκασιν
1702 2088 1947 2155 ἀγνοεῖν;

341 2185 550 2247 Πάντες
576 2185 686 2254 γάρ
719 2185 887 2253 ἐσμεν
912 2181 1153 2236 διδακτοὶ
1182 2180 1318 2234 Θεοῦ
1338 2183 1396 2233 ὲν
1424 2179 1670 2253 Χριστῷ,
1690 2178 1834 2234 κατὰ
1858 2179 1948 2233 τὸν

358 2271 710 2328 ’Δπόστολον.
754 2272 843 2334 Ὠς
866 2269 1079 2340 ὤφελον
1109 2271 1206 2325 καὶ
1244 2271 1431 2342 ἡμεῖς,
1455 2272 1482 2323 ὁ
1509 2270 1637 2340 τῇδε
1667 2269 1947 2337 συνειλεγ-

348 2369 515 2440 μένος
546 2365 896 2437 ἱερότευκτος
925 2364 1210 2434 σύλλογος,
1228 2364 1327 2432 τῆς
1351 2364 1521 2434 αὐτῆς
1549 2361 1837 2433 ἡξιώμεθα
1852 2361 1949 2431 χά-

346 2476 520 2530 ριτος,
551 2457 626 2521 ὡς
667 2457 743 2528 μὴ
775 2456 989 2511 δεῖσθαι
1039 2455 1136 2509 τοῦ
1175 2454 1506 2521 διδάξαντος,
1545 2454 1581 2524 ἢ
1616 2451 1947 2531 ἐπιπλήξον-

341 2566 458 2614 τοςο
483 2550 600 2604 ἀλλ’
645 2548 938 2621 ἀρκεῖσθαι
980 2548 1129 2619 μόνῳ
1155 2548 1234 2618 τῷ
1262 2546 1649 2616 ὑποδείγματι,
1692 2546 1831 2613 πρὸς
1886 2544 1947 2597 τὸ

339 2646 527 2698 πᾶσαν
562 2644 829 2712 ἐκφυγεῖν
869 2643 972 2712 τῆς
1016 2640 1260 2712 Ἡρώδου
1294 2639 1690 2710 παραπληξίας
1719 2639 1822 2708 τὴν
1857 2637 1946 2707 μί-

339 2753 536 2809 μησιν,
561 2737 659 2790 καὶ
698 2736 841 2807 μήτε
880 2732 1140 2805 ῥᾳστώνῃ
1181 2732 1291 2787 τινί
1322 2748 1427 2784 που
1462 2735 1582 2796 ταῖς
1617 2730 1946 2793 ἀκαθέκτοις

333 2830 452 2884 τῶν
486 2829 752 2901 ὲμπαθῶν
795 2827 1032 2900 ὀρέξεων
1063 2828 1265 2897 ὁρμαῖς
1320 2827 1620 2894 ἐπαφεῖναι
1645 2823 1740 2876 τὸν
1789 2821 1940 2885 νοῦν,

339 2924 487 2995 μήτε
519 2920 598 2993 τῷ
633 2920 762 2990 λείῳ
805 2921 916 2973 τῶν
965 2918 1171 2989 ἡδονῶν
1200 2918 1504 2990 συληθέντα
1542 2917 1633 2970 τὸν
1658 2914 1940 2985 λογισμὸν,

337 3014 692 3085 ὑποσυρῆναι
720 3013 857 3085 πρὸς
904 3011 1314 3081 συγκατάθεσιν
1339 3028 1353 3043 ’
1383 3012 1506 3081 ἥτις
1542 3009 1811 3064 ὠδίνουσα
1842 3006 1942 3076 τῆς

337 3107 621 3177 ἁμαρτίας
667 3105 730 3158 τὸ
786 3103 1106 3176 φάρμακον,
1166 3102 1503 3156 συναποκύει
1550 3095 1953 3159 τὸνθάνατονυ.

339 3199 525 3270 νοπερ
557 3199 645 3252 ἵνα
682 3197 757 3268 μὴ
784 3197 1054 3267 πάθωμεν
1094 3197 1280 3267 ἡμεῖς,
1321 3191 1938 3294 τηρήσωμενᾳὲαμτοὺς,
1969 3237 2013 3294 C

334 3289 621 3359 ὀφθαλμὸς
650 3288 718 3341 δι’
743 3288 866 3341 ὅλου
904 3287 1204 3357 γινόμενοι,
1241 3283 1545 3356 νυσταγμῷ
1578 3283 1773 3354 μηδενὶ
1806 3297 1941 3351 συγ-

337 3383 682 3453 κλειόμενος,
719 3382 809 3435 ἵνα
842 3382 919 3453 μὴ
945 3379 1128 3434 λαθὼν
1164 3383 1193 3434 ὁ
1223 3380 1466 3452 δράκων,
1504 3380 1832 3454 ύποσυλήσῃ
1855 3378 1946 3433 τὸν

338 3475 641 3547 θησαυρόν.
667 3474 941 3544 Λάὀωμεν
974 3473 1069 3527 οὖν
1094 3476 1249 3544 κοινῇ
1279 3473 1487 3537 πάντες
1505 3472 1833 3526 διδάσκαλον
1857 3472 1949 3526 τόν

338 3566 765 3638 Παροιμιαστὴν
813 3566 1080 3638 σήμερον,
1123 3567 1595 3636 προφυλακτικοῖς
1630 3567 1783 3637 ἡμᾶς
1816 3583 1949 3620 κατε

339 3660 787 3732 ασφαλιζὸμενον
835 3660 1039 3726 λδγοις,
1088 3660 1181 3712 καὶ
1215 3659 1663 3729 διεξοδικώτερόν
1703 3676 1818 3721 πως
1846 3659 1950 3712 ὐπ-

339 3754 561 3821 εξιόντα
590 3745 659 3807 τὰ
708 3753 770 3817 ἐξ
794 3753 1097 3819 ἐπιϐουλῆς
1128 3752 1413 3820 γυναικῶν
1441 3753 1815 3823 ὑποτιθέμενα
1837 3755 1949 3818 τοῖς

341 3846 749 3919 ἁπλουστέροις
773 3846 988 3915 ἐνεδρα.
1010 3844 1181 3915 Φησὶν
1196 3844 1348 3913 γοῦν⁶
1379 3863 1398 3895 ι
1428 3845 1519 3913 Μὴ
1545 3846 1778 3915 πρόσεχε
1810 3844 1950 3914 φαύ-

337 3939 413 4013 λῃ
445 3939 688 4009 γυναικί.
725 3938 875 3992 Μέλι
900 3938 1009 4008 γὰρ
1040 3937 1340 4002 ἀποστάζει
1371 3935 1479 3991 ἀπὸ
1508 3937 1732 4008 χειλέων
1760 3952 1949 4004 γυναι-

338 4031 440 4094 ub;
464 4030 693 4101 πόρνης,
738 4029 772 4099 ἦ
808 4029 945 4099 πρὸς
985 4027 1179 4098 καιρὸν
1229 4026 1473 4081 λιπαίνει
1528 4026 1619 4079 σὸν
1665 4027 1944 4096 φάρυγγα·

339 4124 577 4195 ὕστερον
628 4123 855 4191 μέντοι,
907 4106 1238 4191 πικρότερον
1298 4118 1459 4189 χολῆς
1507 4120 1761 4191 εὑρήσεις
1792 4135 1805 4147 .
1854 4120 1948 4173 καὶ

335 4215 683 4286 ἠκονημένον
712 4212 915 4284 μᾶλλον
947 4213 1225 4282 μαχαίρας
1248 4211 1530 4281 διστόμου.
1560 4229 1577 4260 ι

432 4394 587 4451 Ἀλλῒ
605 4393 680 4457 ὠς
733 4392 801 4447 ἂν
850 4393 924 4464 μὴ
968 4394 1287 4465 προσκορὴς
1322 4394 1351 4445 ὁ
1411 4390 1570 4460 λόγος
1616 4394 1647 4465 ἢ
1688 4396 1947 4465 φορτικὸς

335 4488 629 4557 φαίνηται,
685 4489 859 4556 μικρά
915 4487 1054 4540 ἄττα
1098 4484 1394 4554 προσθήσω
1444 4490 1557 4550 τοῖς
1606 4488 1943 4558 εἰρημένοις

2050 2009 2081 2049 e
2119 1992 2543 2049 Proverbiorum
2601 1993 2743 2049 libro
2782 1994 2966 2051 verbis
3017 1997 3327 2066 epulemur,
3375 2006 3544 2067 atque
3576 1996 3642 2050 iis

2050 2086 2287 2142 maxime
2322 2100 2484 2143 aures
2511 2086 2875 2143 mulceamus.
2907 2087 3048 2151 Quid
3090 2103 3259 2158 porro
3284 2089 3353 2142 ad
3387 2104 3483 2143 eos
3513 2089 3643 2142 atti-

2048 2188 2141 2235 net
2170 2179 2373 2243 dicere,
2400 2177 2493 2248 qui
2522 2178 2728 2233 seiuut.
2748 2178 2953 2235 Omnes
2975 2180 3121 2234 enim
3149 2180 3450 2236 didicimus
3475 2196 3505 2235 a
3535 2178 3643 2235 Deo

2049 2270 2104 2326 in
2152 2269 2397 2334 Christo,
2443 2270 2602 2340 juxta
2667 2270 2991 2341 Apostolum
3023 2282 3048 2309 ι
3081 2269 3216 2342 (26).
3264 2271 3490 2326 Utinam
3541 2287 3643 2327 nos

2046 2378 2290 2433 qucque,
2316 2363 2408 2418 hic
2444 2363 2551 2418 loci
2568 2362 2836 2418 collectus
2864 2377 3025 2418 sacer
3054 2374 3383 2427 conventus,
3407 2364 3639 2434 gratiam

2046 2455 2319 2525 ejusmodi
2358 2456 2882 2527 promeruissemus,
2907 2464 2966 2510 ut
2997 2472 3106 2510 non
3139 2457 3471 2514 haberemus
3501 2452 3641 2528 opus

2045 2549 2297 2613 docente,
2324 2557 2421 2604 aut
2456 2547 2931 2619 increpante;sed
2965 2550 3125 2605 nobis
3148 2548 3420 2605 subiceret
3456 2564 3643 2605 exem-

2044 2643 2218 2713 plum,
2254 2650 2315 2696 ut
2346 2656 2566 2697 omnem
2601 2640 2835 2698 Herodis
2861 2644 3117 2697 amentiae
3150 2641 3513 2697 imitationem
3557 2644 3645 2695 l'u-

2043 2750 2321 2806 geremus,
2355 2750 2421 2790 ac
2458 2750 2638 2806 neque
2694 2736 3027 2791 remissione
3079 2735 3191 2790 ulla
3241 2737 3644 2806 impotentibus

2047 2827 2375 2883 vitiosarum
2426 2827 2793 2898 cupiditatqu
2839 2827 3086 2884 motibus
3126 2828 3372 2883 animum
3414 2828 3645 2883 dedere-

2044 2932 2208 2988 mus;
2242 2934 2425 2990 neque
2454 2920 2798 2989 voluptatum
2855 2919 3146 2975 blanditiis
3197 2921 3482 2975 inescatus
3520 2922 3645 2973 ani-

2044 3026 2192 3078 mus,
2234 3011 2290 3066 in
2319 3024 2654 3066 consensum
2713 3012 2938 3067 sinistre
2969 3010 3371 3081 agereturzqni
3423 3010 3643 3079 quidem

2044 3104 2173 3158 dum
2225 3103 2437 3174 peccati
2476 3103 2787 3159 remedium
2840 3104 3080 3173 parturit
3121 3103 3258 3173 (:27),
3314 3116 3422 3156 una
3474 3103 3643 3155 etiam

2046 3205 2279 3253 mortem
2332 3198 2497 3267 parit.
2542 3196 2702 3263 Quod
2748 3212 2816 3251 ne
2867 3196 3029 3252 nobis
3065 3195 3351 3260 acciderit,
3402 3209 3503 3248 nos
3538 3191 3642 3262 ipsi

2050 3302 2469 3350 conservemus,
2507 3285 2640 3343 facti
2676 3287 2909 3342 omnino
2945 3287 3161 3351 oculus,
3198 3287 3292 3357 qui
3332 3285 3481 3340 nulla
3514 3287 3649 3344 duas

2050 3378 2339 3435 mitatione
2378 3378 2696 3444 claudatur,
2728 3388 2787 3433 ut
2825 3394 2897 3435 ne
2947 3379 3091 3433 clam
3125 3378 3286 3434 nobis
3325 3377 3496 3432 draco
3527 3377 3643 3431 the-

2052 3485 2279 3525 saurum
2322 3468 2557 3526 furetur.
2590 3468 2888 3525 Communi
2922 3484 3055 3540 ergo
3109 3484 3303 3525 omnes
3353 3471 3644 3539 conspira.

2051 3563 2223 3629 tione,
2260 3563 2541 3619 doctorem
2598 3564 2762 3620 hodie
2812 3563 3233 3620 Parwmiastem
3264 3578 3642 3627 assumamus,

2053 3657 2145 3727 qui
2183 3673 2285 3711 nos
2332 3656 2514 3713 verbis
2541 3656 2607 3711 ad
2653 3654 2759 3711 huc
2794 3657 3122 3727 compdsitis
3155 3656 3357 3725 pt'mvie
3407 3656 3641 3718 muniat.

2053 3747 2346 3818 fusiusque
2378 3756 2619 3813 enarret,
2654 3760 2793 3818 quas
2822 3763 2889 3802 ex
2923 3747 3217 3802 mulierum
3251 3748 3469 3802 insidiis
3517 3748 3644 3803 sim-

2050 3839 2311 3908 pliciores
2341 3839 2595 3894 homines
2644 3838 2981 3894 olfensiones
3022 3840 3326 3908 accipiunt.
3362 3839 3504 3893 Dicit
3536 3840 3642 3894 ita-

2020 3946 2200 4000 Aquc:
2243 3950 2261 3982 ι
2315 3930 2435 3986 Νοιί
2496 3932 2787 3987 attemlcre
2838 3931 3059 3986 mulieri
3117 3930 3322 3985 fallaci.
3354 3924 3452 3984 Mel
3496 3936 3642 3986 enim

2052 4023 2285 4078 distillat
2324 4040 2353 4078 a
2383 4024 2548 4079 labiis
2592 4024 2844 4080 mulieris
2888 4024 3221 4087 meretricis.
3256 4040 3378 4094 qua:
3406 4025 3473 4079 ad
3513 4024 3643 4081 tent-

2053 4132 2157 4185 pus
2192 4117 2502 4188 impingunt
2533 4116 2722 4172 fauces
2761 4125 2887 4172 tuas
2933 4135 2945 4171 :
3002 4127 3196 4188 postea
3230 4134 3361 4173 vero
3403 4119 3637 4173 amario-

2055 4224 2167 4263 rem
2202 4208 2330 4265 felle
2363 4210 2634 4276 invenies,
2669 4218 2723 4265 ct
2773 4220 2989 4266 acutam
3046 4212 3222 4281 magis
3272 4212 3454 4280 gladio
3507 4211 3641 4265 hici-

2051 4303 2149 4374 piti
2178 4303 2224 4354 δ.
2260 4321 2277 4353 ›

2124 4394 2233 4450 Sed
2270 4410 2336 4449 ne
2365 4400 2457 4447 aut
2489 4394 2798 4449 satietatem
2822 4392 3032 4458 aﬂ‘crat,
3066 4402 3162 4446 aut
3193 4392 3424 4449 molesta
3459 4394 3641 4448 videa-

2053 4499 2144 4543 tur
2177 4488 2378 4551 oratio,
2414 4502 2589 4557 pauca
2628 4486 2879 4557 quzedam
2917 4486 3174 4556 adjiciam
3228 4486 3295 4540 iis
3328 4502 3450 4556 qua:
3493 4486 3637 4541 dicta

332 4581 456 4641 τοῖς
512 4578 609 4648 μὲν
657 4578 859 4630 εἰδόσιν
893 4577 1227 4647 ὑπόμνησιν,
1265 4578 1378 4638 τοῖς
1430 4577 1484 4629 δὲ
1524 4577 1810 4645 ἀγνοοῦσιν
1839 4582 1937 4633 ἀσ-

2051 4592 2203 4645 sunt;
2239 4580 2358 4649 ipsa
2405 4577 2652 4646 quidem,
2703 4577 2775 4632 iis
2810 4578 2903 4648 qui
2935 4587 3164 4641 norunt,
3218 4577 3285 4632 ad
3315 4578 3639 4631 memoriam

334 4669 571 4738 φάλειαν
602 4669 663 4722 οὐ
686 4671 783 4738 τὴν
814 4667 1088 4738 τυχοῦσαν
1115 4668 1489 4736 προσάγοντα.
1523 4689 1539 4719 ι
1582 4670 1732 4733 Πίνε,
1762 4674 1947 4741 φησὶν,

312 4762 524 4821 .,ὓ3ατα
553 4761 663 4813 ἀπὸ
694 4762 806 4814 σῶν
846 4760 1114 4831 ἀγγείων,
1141 4759 1234 4811 καὶ
1259 4760 1365 4812 ἀπὸ
1408 4760 1516 4813 σῶν
1555 4763 1808 4831 φρεάτων
1840 4782 1945 4834 πη-

423 4959 450 4985 ι
492 4944 708 4997 l’rov.v
738 4926 879 5006 [22.
958 4949 988 4988 y
1024 4939 1184 4996 Prov.
1233 4931 1313 5007 ιχ,
1350 4945 1439 5009 15,
1504 4944 1594 5009 18,
1675 4955 1698 4983 ι
1739 4944 1901 5002 υτον,
1933 4964 1985 5013 ν,

418 5172 459 5201 ¹¹¹
491 5172 695 5241 lntcrp.
727 5169 941 5239 Lipom.
970 5169 1219 5234 θάνατον,
1251 5186 1358 5226 non
1394 5162 1554 5228 bene.

2052 4672 2260 4736 futura,
2296 4669 2365 4724 iis
2388 4677 2572 4724 autem
2607 4668 2699 4740 qui
2734 4671 3016 4734 nesciunt,
3061 4684 3170 4721 non
3214 4668 3385 4723 levem
3417 4667 3640 4722 cautio-

2054 4780 2179 4819 nem
2220 4762 2541 4832 praebitura.
2570 4779 2589 4813 ι
2626 4760 2783 4827 Bibe,
2813 4762 3017 4832 inquit,
3053 4776 3227 4831 aquas
3252 4759 3319 4816 de
3351 4759 3462 4814 tuis
3488 4760 3639 4813 vasis

2143 4961 2167 4989 α
2208 4948 2226 5001 1
2308 4947 2503 5004 Thess.
2553 4962 2620 5008 ιν,
2657 4944 2710 4997 9.
2786 4944 2813 4982 ι’
2841 4941 3002 4997 Prov.
3043 4959 3094 5004 v,
3131 4942 3269 5001 ΞΞ-ί.

1636 5081 1870 5138 VARUS
1894 5045 2325 5142 caenosus.-

1649 5312 2048 5374 COMBEFISII
2086 5320 2322 5377 ΝΟΤᾸΞ.

420 5427 532 5498 (26)
569 5425 739 5481 Juxta
779 5426 1115 5495 Apostolum.
1178 5425 1459 5495 luterpres
1502 5425 1718 5496 Lipom.
1774 5427 1945 5483 Joan-

338 5515 470 5554 nem
516 5499 966 5567 evangelistam:
1025 5498 1169 5563 apud
1228 5513 1391 5566 quem
1448 5498 1615 5552 etiam
1664 5500 1945 5566 reperitur

340 5572 442 5626 illa
478 5576 797 5623 sanctorum
835 5584 863 5620 a
908 5568 1015 5622 Deo
1045 5567 1338 5638 doctrina:
1396 5582 1576 5638 eoque
1609 5584 1720 5621 non
1768 5569 1943 5638 liquet

340 5652 535 5696 utrum
566 5638 818 5693 Andreas
837 5639 1070 5690 Paulum
1102 5645 1198 5690 aut
1230 5634 1502 5691 Joannem
1545 5638 1827 5691 citaverit.

418 5709 534 5777 (27)
574 5709 715 5764 Dum
757 5709 962 5777 peccati
1011 5709 1305 5761 remedium
1349 5708 1623 5777 parturit.
1665 5708 1944 5762 Ὠδίνουσα

338 5776 446 5848 ’τῆς
488 5776 765 5849 ἁμαρτία-τ
814 5779 876 5830 τδ
929 5779 1259 5849 φάρμακον·
1320 5776 1497 5847 palam
1542 5776 1812 5841 referens,
1858 5780 1943 5840 τὸ,

346 5848 719 5917 συγκάθεσιν,
781 5862 1115 5904 consensum.
1182 5848 1321 5904 Velit
1386 5848 1573 5905 dicere
1637 5848 1760 5918 ejus
1821 5864 1946 5904 esse

2048 5437 2259 5505 peccati
2295 5449 2547 5501 mortem,
2580 5451 2644 5489 ac
2687 5434 2990 5491 remedium
3027 5438 3237 5504 peccati
3271 5455 3283 5493 :
3312 5439 3450 5503 sive,
3494 5454 3640 5492 mor-

2050 5515 2160 5561 tem
2191 5524 2256 5563 ae
2285 5508 2453 5561 vitam
2490 5525 2502 5561 :
2537 5507 2686 5575 quod
2722 5507 2802 5562 sic
2837 5506 2997 5575 plane
3032 5508 3212 5569 habet,
3240 5524 3303 5563 ac
3338 5508 3641 5564 formaliter

2051 5586 2110 5649 ut
2145 5588 2397 5649 voeantt
2430 5578 2716 5649 supposita
2770 5592 2991 5649 semper
3041 5579 3373 5632 excitatione
3426 5578 3636 5649 divina.

2050 5648 2329 5719 lnterprcs
2384 5647 2600 5709 Linum.
2644 5650 2804 5701 aliter
2849 5648 2980 5719 legit
3024 5650 3108 5703 vel
3152 5649 3383 5705 habuit:
3424 5647 3640 5704 Peccati

2052 5718 2271 5791 mortem
2338 5721 2574 5790 cupiens,
2610 5731 2828 5773 mortem
2872 5718 3040 5786 ipsum
3094 5721 3273 5789 parit,
3329 5722 3476 5791 quod
3530 5738 3640 5776 non

2052 5790 2190 5845 satis
2233 5791 2505 5861 intelligo.
