4012 6440
462 370 605 435 n35
1664 377 1729 441 s.
1754 381 2095 443 ANDREE
2129 383 2554 451 CRETENSIS
2998 380 3003 387 ’
3604 400 3732 468 1136

453 486 606 541 etde
637 493 926 556 puteorum
965 492 1183 539 tuorum
1216 483 1389 541 fonte.
1430 484 1580 543 Fons
1629 504 1787 560 aquae
1822 494 1897 549 sit
1945 497 2025 549 tib

2152 498 2278 567 γῆς.
2321 479 2582 576 Ἐ’πηγὴ
2620 504 2715 558 τοῦ
2744 505 3136 573 ὔδατος,,ἐστω
3164 528 3247 566 σοι
3269 514 3396 579 lata,
3421 517 3516 570 καὶ
3544 535 3733 577 συνευ-

451 577 737 647 proprius,
775 584 828 631 et
848 576 1159 645 jucundare
1182 593 1307 632 cum
1333 594 1527 646 uxore,
1554 595 1677 651 quae
1700 598 1731 636 a
1753 584 2028 653 juventutt

2152 590 2381 659 φραίνου
2424 597 2565 664 μετὰ
2608 599 2892 667 γυναικὸς,
2938 601 3042 670 τῆς
3087 605 3175 657 ἐκ.
3206 576 3457 678 νεότητός
3488 626 3606 666 σου.
3651 576 3736 671 Ἓν

451 678 545 722 tua
580 688 594 724 :
633 669 691 723 in
722 668 844 737 ejus
877 670 1027 724 enim
1058 670 1302 726 amicitia
1331 682 1713 739 conversatus,
1751 676 2028 733 diuturna:

2150 679 2260 770 γὰρ
2289 684 2356 753 τῇ
2395 684 2601 755 ταύτης
2640 687 2796 760 φιλίᾳ
2836 668 3410 764 συμπεριφερόμενος,
3435 668 3735 770 ⁷πολλοστὸς

450 758 562 813 eris
599 769 649 813 ε.
691 777 709 810 ι
749 757 816 812 Ει
844 758 1042 815 iterum
1079 776 1093 812 :
1141 778 1161 813 ι
1202 759 1282 816 Ne
1322 767 1533 818 multus
1573 764 1652 820 sis
1678 766 1746 819 ad
1781 768 2020 822 alienam

2147 769 2271 861 Esq.
2303 790 2322 822 ι
2363 774 2473 827 Καὶ
2510 771 2667 840 αὖθις
2688 793 2702 808 ο
2737 757 3240 849 ινΜὴνπολῦςνῐσθιί
3264 757 3732 861 πρδςνάλλοτρίανζ

449 863 629 919 neque
662 856 717 904 te
764 850 908 903 ulna:
952 851 1411 922 complectantur
1460 868 1572 908 non
1605 856 1869 926 promite.
1906 858 2028 912 Sun

2151 858 2285 957 μτβὲ
2316 863 2542 957 συνέχον
2565 866 2836 934 ἀγκάλαις
2859 872 2980 932 ταῖς
3022 871 3097 941 μὴ
3124 850 3321 938 ίδίαιςί
3348 850 3611 936 Ἐνώπιον
3630 850 3735 957 γάρ

447 941 595 995 enim
624 955 809 995 coram
844 941 940 997 Dei
960 943 1141 998 oculis
1171 943 1274 997 viae
1290 944 1509 999 viri.l\'e
1537 946 1756 1002 dederis
1785 963 2028 1004 somnnn

2146 949 2286 1043 εἰσιν
2316 952 2431 1007 τῶν
2458 956 2553 1043 «co/'3
2585 958 2720 1010 Θεοῦ
2766 959 3083 1031 ὀφθαλμῶν,
3113 965 3225 1017 ὁδοὶ
3254 968 3471 1039 ἀνδρός.
3502 974 3596 1043 Μὴ

448 1035 630 1090 oculis
660 1035 796 1101 tuis,
829 1050 1013 1106 neque
1073 1036 1403 1093 indormites
1452 1039 1730 1109 palpebris
1758 1042 1871 1097 tuis
1905 1058 1921 1095 :
1986 1058 2028 1098 lli

2147 1037 2461 1139 timor—603;
2498 1018 2764 1139 ζμμασιν,
2806 1018 2959 1121 μηδὲ,
2984 1018 3381 1130 ὲιιτινυστέιέηςΓ
3397 1018 3734 1139 σοίςτρλεφῖἶ

446 1127 677 1183 salveris
708 1134 969 1198 tauquam
1027 1127 1251 1183 damula
1295 1145 1327 1184 e
1388 1131 1623 1200 laqueis,
1679 1140 1735 1186 et
1778 1140 2028 1203 tanquau

2146 1148 2285 1232 ροις·
2323 1134 2412 1232 ἵνα
2451 1113 2613 1232 σώση
2638 1113 2829 1212 ὥσπερ
2852 1113 3058 1214 δορκὰς
3085 1148 3148 1200 ἐκ
3166 1113 3403 1220 βρόὲών,
3433 1113 3735 1232 ἐξιᾘξζεξρ

445 1217 565 1270 avis
602 1233 632 1271 e
667 1215 843 1271 retid.
887 1235 919 1268 ι.
939 1215 1004 1269 Et
1055 1218 1256 1271 iterum
1298 1235 1311 1270 :
1358 1237 1376 1268 ι
1412 1217 1491 1273 Ne
1519 1226 1573 1273 te
1604 1219 1791 1273 vincat
1848 1220 2028 1278 forma

2143 1222 2335 1320 ὄρνεον
2359 1226 2705 1320 ὲκ-παγίδσς.
2741 1250 2761 1283 ι
2820 1234 2934 1289 Καὶ
2959 1231 3135 1300 αὖθις
3355 1215 3417 1297 σε
3458 1215 3734 1320 νικησάτώ

442 1307 925 1378 concupiscentia,
958 1322 1140 1378 neque
1188 1307 1423 1376 capiaris
1457 1308 1639 1364 oculis
1684 1309 1817 1375 tuis,
1856 1326 2028 1382 nequr

2143 1312 2373 1409 κάλλους
2426 1316 2717 1388 ἐπιθυμία,
2766 1322 2902 1393 μηδὲ
2950 1324 3228 1399 ἀγρευθῇς
3267 1307 3382 1397 σοῖς
3414 1307 3731 1409 ὀφθαλμοῖς,

442 1400 736 1470 abripiaris
763 1401 832 1454 ab
860 1399 983 1469 ejus
1008 1399 1289 1469 palpebris
1315 1416 1329 1452 :
1366 1397 1560 1453 Mulier
1586 1400 1732 1455 enim
1789 1401 2039 1456 virorum

444 1494 724 1564 pretiosas
775 1499 1011 1547 venatur
1046 1491 1289 1545 animas.
1335 1488 1454 1544 Viae
1502 1498 1684 1545 autem
1726 1490 2037 1546 inferorum

444 1583 815 1652 domus-ejus,
847 1582 1193 1639 deducentes
1222 1584 1275 1637 in
1308 1600 1564 1639 secessus
1588 1585 1806 1640 mortis.
1828 1584 1913 1640 Tu
1940 1601 2040 1642 au-

443 1686 581 1742 tem,
616 1677 713 1740 ﬁli,
750 1675 876 1730 audi
913 1691 1003 1730 me
1035 1693 1048 1729 :
1076 1691 1257 1745 neque
1285 1675 1529 1731 declinet
1566 1676 1621 1730 in
1644 1677 1762 1732 vias
1785 1678 1908 1747 ejus
1939 1692 2039 1733 cor

443 1778 637 1836 tuum;
671 1784 772 1824 nec
805 1764 1199 1837 deeipiarisin
1234 1767 1448 1823 semitis
1478 1769 1623 1837 ejus.
1660 1767 1856 1824 Multos
1887 1770 2032 1825 enim

2146 1403 2285 1502 μηδὲ
2318 1409 2710 1502 συναρπασθῇς
2751 1412 2862 1466 ἀπὸ
2888 1414 3000 1466 τῶν
3031 1417 3206 1487 αὐτῆς
3235 1420 3553 1494 βλεφάρων..
3592 1403 3733 1502 Ῡυνη

2143 1492 2277 1592 γὰρ,
2315 1497 2527 1592 ἀνδρῶν
2570 1503 2757 1573 τιμίας
2796 1504 2978 1576 ψυχὰς
3013 1509 3261 1580 ἀγρεύει.
3306 1492 3450 1570 Ὀδοὶ
3485 1518 3544 1573 δὲ

2139 1585 2169 1636 ὁ
2201 1581 2354 1651 οἶκος
2392 1591 2587 1661 αὐτῆς,
2621 1594 2960 1664 κατάγουσαι
2989 1601 3067 1664 εἰς
3112 1601 3181 1655 τὰ
3210 1610 3438 1675 ταμιεῖα
3478 1581 3730 1669 θανάτου.

2244 1677 2321 1772 δὲ,
2342 1680 2446 1772 υίὲ,
2469 1681 2636 1737 ἄκουέ
2653 1703 2778 1755 μου,
2810 1689 2904 1741 καὶ
2927 1691 3003 1761 μὴ
3024 1693 3332 1751 ἐκκλινάτω
3354 1700 3437 1764 είς
3458 1703 3558 1766 τὰς
3579 1706 3745 1772 ὀδοὺς

2138 1767 2311 1863 αῦτῇς
2351 1771 2384 1841 ή
2415 1772 2613 1843 καρδία
2650 1792 2768 1841 σου,
2817 1780 2911 1832 καὶ
2941 1780 3018 1852 μὴ
3059 1783 3344 1858 πλανηθῇς
3372 1791 3433 1842 ἐν
3464 1767 3730 1863 ἀτραποξ

439 1860 787 1917 vulnerando
814 1859 1024 1931 dejicit,
1056 1868 1110 1913 et
1140 1858 1575 1917 innumerabiles
1606 1871 1736 1917 sunt
1754 1877 1898 1932 quos
1922 1871 2028 1917 tru-

2141 1860 2340 1959 αὐτῆς..
2377 1864 2615 1959 ῌολλοὺς
2652 1869 2914 1940 τρώσασα
2941 1842 3382 1951 καταϐέϐληκεν,

440 1953 648 2007 cidavit
684 1963 728 2006 ο.
775 1971 794 2004 ι
854 1980 926 1989 ——
971 1970 990 2001 ι
1029 1948 1111 2004 Tu
1155 1959 1341 2007 autem
1401 1967 1472 2008 ne
1530 1952 1754 2023 injicias
1812 1955 2034 2009 oculum

441 2055 596 2099 tuum
624 2042 691 2098 ad
732 2058 889 2106 eam,
923 2039 1019 2097 sed
1041 2041 1195 2096 resili
1217 2081 1235 2108 ,
1258 2056 1329 2097 ne
1372 2042 1609 2101 moreris
1639 2042 1697 2098 in
1751 2044 1877 2101 loco
1910 2060 1925 2099 :
1961 2045 2035 2099 ita

437 2142 584 2196 enim
626 2139 895 2195 transibis
944 2154 1147 2209 aquam
1208 2137 1470 2193 alienam.
1522 2138 1607 2194 Ab
1657 2155 1801 2210 aqua
1851 2151 2032 2197 autem

437 2233 618 2287 aliena
655 2231 975 2311 abstinete,
1017 2240 1069 2286 et
1107 2230 1174 2286 de
1208 2230 1357 2285 fonte
1384 2230 1568 2286 alieno
1594 2245 1662 2286 ne
1694 2232 1943 2288 biberis:
1975 2242 2034 2287 ut

434 2324 662 2393 longum
691 2324 843 2378 vivas
876 2331 1153 2393 tempus;
1177 2333 1231 2377 et
1272 2320 1611 2390 adjicientur
1643 2323 1741 2376 tibi
1783 2323 1915 2377 anni
1946 2323 2030 2377 vi-

436 2428 507 2470 ιιιι
540 2414 586 2470 ί.
638 2435 656 2468 ι
695 2416 876 2485 Atque
910 2413 1200 2470 sufﬁciunt
1230 2412 1349 2467 haec
1385 2413 1608 2483 quidem
1637 2414 1706 2469 ad
1748 2415 2034 2486 castigan—

434 2509 565 2562 dum
594 2522 713 2573 eos,
747 2507 844 2577 qui
896 2514 1026 2563 sunt
1079 2504 1388 2577 segniores.
1419 2505 1624 2575 quibus
1672 2522 1772 2561 nos
1812 2506 2033 2564 abunde

435 2598 771 2653 communiit
802 2597 1165 2667 depromptus
1214 2611 1400 2652 sermo
1442 2611 1509 2651 ex
1540 2595 1885 2665 Proverbiis,
1934 2614 2029 2655 so—

432 2691 568 2746 briae
595 2691 798 2762 lingua:
832 2689 1003 2745 divini
1052 2688 1201 2743 illius
1241 2689 1347 2741 viri
1374 2703 1597 2743 causam
1630 2704 1831 2758 agens;
1865 2705 2029 2745 vene-

432 2784 619 2850 randi,
654 2783 903 2853 iuqnam,
935 2781 1223 2850 Baptistw,
1261 2780 1357 2851 qui
1388 2780 1531 2835 hanc
1578 2781 1741 2837 nobis
1771 2783 2028 2853 apposuit

435 2891 683 2931 uiensam
717 2892 731 2929 :
762 2889 871 2929 non
910 2873 1183 2945 sanguine
1218 2882 1531 2937 cruentam,
1558 2887 1753 2928 recens
1792 2873 2027 2943 jugulati

432 2978 601 3039 caput
634 2975 1001 3037 apponentem
1037 2976 1096 3020 ut
1128 2980 1332 3029 escam,
1370 2980 1479 3020 non
1508 2966 1823 3023 crateribus
1858 2981 2025 3021 cruo-

432 3074 549 3113 rem
580 3073 732 3112 mcro
762 3049 1240 3112 commiscentem.
1284 3053 1410 3110 Hmc
1450 3049 1777 3111 llerodianae
1815 3057 2022 3126 iniqui-

433 3151 567 3204 tatis
599 3149 983 3219 manupretia;
1027 3148 1097 3203 iis
1130 3148 1221 3202 ille
1264 3147 1580 3203 convivium
1619 3147 1866 3213 instruit,
1894 3149 2023 3203 talia
2051 3180 2094 3239 ο

432 3244 526 3297 ille
580 3242 834 3298 convivis
884 3241 1080 3297 miscet
1109 3240 1332 3311 pocula.
1376 3239 1483 3295 Sed
1533 3256 1645 3295 non
1686 3241 1761 3295 ita
1817 3242 1865 3298 is
1927 3243 2023 3312 qui

431 3346 622 3390 nostro
658 3343 857 3403 praeest
890 3333 1190 3399 convivio;
1248 3332 1427 3385 absit!
1463 3329 1669 3387 Contra
1716 3335 1886 3399 enim,
1915 3333 2025 3389 for-

434 3426 696 3481 titudinis
732 3442 797 3481 ac
823 3425 1165 3490 sobrietatis,
1200 3423 1592 3494 pudicitiacquc
1625 3414 1787 3479 nobis
1818 3426 2024 3481 instru-

429 3523 511 3575 xit
553 3535 790 3585 cmnam,
841 3518 1003 3589 cujus
1060 3516 1386 3587 ingurgitati
1444 3517 1717 3603 obsoniis,
1764 3517 2024 3573 meliores

429 3627 737 3668 cvasunus.

504 3795 777 3863 Quoniam
810 3802 991 3849 autem
1034 3807 1234 3862 magno
1265 3791 1497 3848 Joannis
1539 3792 1805 3845 adversus
1852 3788 2024 3845 Hero-

427 3889 550 3959 dem
597 3885 842 3940 convivii
875 3885 1208 3939 transmisso
1236 3885 1451 3953 pelago,
1498 3884 1551 3935 in
1597 3891 1816 3950 portum
1872 3891 2025 3936 tran-

348 3986 359 3990 ”
428 3981 691 4047 ouillum,
737 3978 1002 4034 secundis
1057 3978 1180 4046 ejus
1241 3976 1306 4029 ad
1360 3974 1527 4028 Deum
1591 3988 1814 4044 precum
1872 3975 2023 4030 auris

424 4072 823 4145 pervenimus;
875 4083 1090 4140 tempus
1120 4075 1208 4124 est
1251 4081 1310 4122 ut
1354 4069 1475 4121 vela
1506 4067 1876 4132 demittentes,
1907 4084 2025 4123 ser-

425 4164 608 4217 monis
632 4161 1047 4233 remigationem
1069 4159 1214 4213 intra
1242 4168 1458 4228 portum
1478 4159 1759 4214 sistamus.
1779 4158 2020 4229 [Equum

424 4265 607 4310 autem
644 4254 886 4308 arbitror
914 4271 928 4320 ;
962 4266 1087 4306 nam
1121 4261 1173 4305 ct
1199 4259 1379 4304 nauta:
1412 4250 1463 4305 id
1502 4251 1675 4305 moris
1703 4250 1927 4315 habent,
1964 4260 2023 4305 ut

426 4364 528 4402 nos
563 4361 783 4417 quoque
817 4343 968 4415 quod
996 4351 1253 4397 sanctum
1298 4341 1550 4397 videatur
1576 4340 1866 4405 facientes,
1897 4356 2026 4411 par-

424 4453 548 4490 vam
600 4436 818 4507 epilogo
887 4434 1195 4488 orationem
1262 4441 1684 4495 connectamus,
1755 4431 2022 4502 lectisque

2140 1951 2340 2046 θμητοί
2369 1957 2526 2022 εἰσιν,
2561 1958 2655 2023 οὓς
2695 1963 3053 2030 πεφόνευκεν.
3087 1985 3105 2018 ι
3146 1998 3212 2007 -
3238 1989 3258 2021 ι
3299 1972 3370 2025 Σὺ
3400 1974 3456 2027 δὲ
3494 1976 3575 2046 μὴ
3609 1951 3729 2033 ἑπι-

2140 2044 2348 2137 στήσῃς
2372 2046 2433 2099 τὸ
2473 2048 2564 2101 σὸν
2592 2049 2751 2121 ὄμμα
2779 2053 2917 2124 πρὸς
2954 2055 3145 2127 αὑτήνι
3184 2058 3322 2113 ἀλλὰ
3350 2044 3726 2137 ἀποπήδησονο

2246 2139 2505 2232 χρονίσῃς
2528 2141 2588 2194 ὲν
2621 2142 2699 2212 τῷ
2732 2144 2906 2214 τόπῳ·
2939 2145 3117 2212 οὕτως
3149 2151 3259 2222 γὰρ
3298 2134 3539 2230 διαϐήση
3590 2134 3729 2232 “inp

2135 2228 2437 2301 ἀλλότριον.
2496 2232 2629 2286 ’Λπὺ
2668 2234 2725 2287 δὲ
2767 2234 2962 2302 ὓδατος
2999 2238 3284 2312 ἀλλοτρίου
3325 2228 3596 2317 ἀπόσχου,
3639 2228 3730 2307 καί

2134 2319 2243 2373 ἀπὸ
2271 2322 2456 2393 πηγῆς
2501 2322 2787 2394 ἀλλοτρίας
2820 2326 2896 2399 μὴ
2920 2330 3073 2401 πίῃς,
3102 2332 3189 2385 ἵνα
3215 2334 3383 2393 πολὺν
3412 2336 3729 2412 ζήσῃςχρόο

2133 2430 2244 2478 νον,
2273 2416 2367 2503 καὶ
2400 2416 2841 2488 προστεθήσεταί
2876 2438 2961 2475 σοι
3004 2422 3101 2494 ἐτη
3135 2424 3302 2493 ζωῆς.
3344 2447 3363 2481 ι
3404 2424 3593 2487 Ἱκαιᾶ
3630 2435 3726 2503 μὲν

2134 2505 2231 2559 καὶ
2280 2499 2455 2561 ταῦτα
2504 2512 2839 2581 σωφρονίσαι
2876 2516 3004 2579 τοὺς
3035 2518 3429 2590 νωθεστέρους,
3470 2520 3556 2589 οἷς
3593 2527 3725 2581 ἀπο-

2131 2596 2375 2667 χρόντως
2403 2599 2550 2669 ἡμᾶς
2586 2603 2614 2654 ὁ
2645 2603 3023 2675 Παροιμιακὸς
3049 2612 3504 2680 κατησφαλίσατο
3530 2615 3689 2686 λόγος
3707 2635 3722 2649 ν

2128 2689 2158 2741 ό
2182 2688 2281 2759 τῆς
2322 2689 2600 2761 σώφρονος
2627 2693 2883 2766 γλώσσης
2916 2698 3134 2753 ἐκείνου
3156 2701 3249 2755 τοῦ
3272 2705 3571 2761 θεσπεσίου
3603 2726 3722 2763 συν-

2129 2780 2350 2852 ηγορος·
2385 2782 2481 2835 τοῦ
2510 2782 2835 2855 σεϐασμίου,
2872 2790 3038 2858 φημὶ,
3074 2789 3408 2847 Βαπτιστοῦ·
3435 2796 3497 2860 ὃς
3518 2798 3720 2871 ταύτην

2128 2873 2262 2943 ἡμῖν
2309 2874 2625 2947 παρέθηκεν
2671 2876 2770 2948 τὴν
2800 2882 3085 2949 τράπεζαν
3131 2884 3393 2954 σήμερον·
3426 2889 3489 2941 οὐ
3527 2904 3715 2960 πεφοι-

2128 2964 2391 3036 νιγμένην
2422 2967 2668 3038 αἵμασιν·
2692 2970 2754 3022 οὗ
2786 2974 3061 3044 νεοσφαγῆ
3098 2975 3345 3046 κεφαλὴν
3383 2982 3715 3053 προτιθεμέ-

2126 3070 2225 3125 νην
2252 3055 2328 3119 ὡς
2348 3056 2570 3127 ἕδεσμα’
2598 3060 2660 3113 οὐ
2691 3062 3090 3131 συνεκχέουσαν
3123 3064 3203 3134 τῷ
3237 3064 3423 3139 λύθρῳ
3448 3072 3564 3133 τοῖς
3588 3087 3718 3142 κρα-

2126 3148 2294 3218 τῆρσι
2326 3150 2416 3204 τὸν
2468 3151 2729 3223 ἄκρατον.
2786 3156 2976 3211 Ταῦτα
3023 3159 3123 3229 τῆς
3170 3162 3415 3232 Ἡρώδου
3468 3182 3713 3238 παρανο-

2129 3240 2261 3310 μίας
2285 3241 2333 3273 ⁸³
2374 3242 2445 3296 τὰ
2481 3246 2759 3318 ἐπίχειρα’
2789 3249 3005 3314 τούτοις
3033 3253 3239 3318 ἐκεῖνος
3281 3255 3437 3328 ἑστιᾷ
3474 3258 3540 3311 τό
3580 3276 3714 3329 συμ-

2127 3332 2339 3386 πόσιον·
2368 3337 2597 3392 τοιαῦτα
2646 3339 2865 3411 κίρνησι
2904 3345 3020 3407 τοῖς
3064 3346 3375 3415 συμπόταις
3415 3350 3628 3414 ἐκεῖνος
3649 3350 3713 3404 τὰ

2126 3426 2369 3497 πόματα.
2433 3431 2544 3501 Οὐχ
2599 3434 2627 3484 ό
2677 3434 2952 3505 ἡμέτερος
3006 3440 3448 3511 συμποσιάρχης·
3500 3444 3709 3511 ἄπαγεί

2126 3518 2455 3572 Τοὺναντίον
2508 3522 2629 3591 μὲν,
2693 3524 2949 3593 ἀνδρείας
3003 3529 3099 3580 καὶ
3156 3531 3519 3601 σωφροσύνης
3588 3535 3713 3603 ἡμῖν

2125 3607 2416 3663 ἑστιάσατο
2458 3610 2694 3679 δεῖπνον,
2730 3607 2792 3667 οὗ
2824 3614 2931 3669 τῶν
2960 3616 3108 3686 ὄψων
3138 3618 3569 3690 ὲμφορηθέντες,
3593 3622 3712 3692 βελ-

2124 3699 2275 3763 τίους
2309 3702 2641 3773 γεγόναμεν.

2209 3792 2363 3846 Ἐπεὶ
2385 3791 2479 3849 οὖν
2522 3796 2582 3849 τὸ
2627 3797 2770 3868 μέγα
2822 3799 2924 3868 τῆς
2986 3801 3229 3856 Ἰωάννου
3281 3805 3418 3876 πρὸς
3467 3806 3709 3879 Ἡρώδην

2125 3884 2422 3950 ἑστιάσεως
2444 3886 2673 3958 διαπορο
2683 3890 2980 3960 μεύσαντες
3016 3894 3274 3963 πέλαγος,
3300 3898 3386 3965 ἐφ’
3415 3898 3590 3969 ὅρμον
3613 3917 3708 3968 γα·

2124 3976 2307 4047 λήνιον
2347 3982 2470 4042 ταῖς
2516 3981 2688 4034 ἀὐτοῦ
2723 3983 2863 4052 πρὸς
2900 3984 3035 4038 Θεὸν
3059 3988 3345 4052 εὐκτικαῖς
3367 3994 3711 4060 κατηντήκα-

2128 4084 2228 4136 μεν
2256 4067 2476 4139 αὔραις,
2512 4071 2707 4142 καιρὸς
2740 4073 2838 4143 ἤδη
2869 4073 2937 4127 τὰ
2970 4076 3119 4131 ἱστία
3167 4079 3537 4147 χαλάσαντας,
3582 4083 3708 4136 εἴσω

2124 4158 2359 4229 λιμένων
2380 4162 2750 4218 διαναπαῦσαι
2772 4164 2864 4217 τοῦ
2901 4167 3063 4236 λόγου
3084 4168 3181 4240 τὴν
3212 4172 3471 4241 εἰρεσίαν.
3492 4175 3707 4229 Δίκαιον

2123 4251 2178 4303 δὲ
2210 4249 2364 4322 οἶμαι
2399 4254 2517 4319 (καὶ
2552 4254 2660 4326 γὰρ
2689 4256 2816 4318 τοὺς
2844 4257 3143 4330 πλωτῆρας
3168 4260 3288 4325 ἔθος
3307 4262 3466 4317 τοῦτο
3489 4267 3704 4336 ποιεῖν),

2124 4345 2217 4396 καὶ
2235 4345 2382 4414 ἡμᾶς
2411 4346 2538 4399 ὅσιά
2564 4364 2627 4415 γε
2659 4349 3023 4418 πράττοντας,
3054 4352 3247 4423 μικρὸν
3266 4359 3589 4431 παρενείραι
3620 4358 3706 4412 λό-

2076 4484 2081 4490 .
2124 4453 2219 4503 γον
2248 4436 2327 4507 τῷ
2364 4437 2604 4509 ἐπιλόγῳ
2629 4479 2643 4502 ,
2678 4438 2772 4493 καὶ
2807 4440 3108 4511 Γραφικοῖς
3137 4443 3321 4498 ἄνθεσι
3363 4448 3705 4516 στεφανῶσαι

424 4531 728 4600 Scriptum
779 4527 1028 4581 ﬂosculis
1085 4526 1263 4581 virum
1315 4539 1699 4582 coronemus:
1749 4524 2018 4594 siquidem

2128 4526 2215 4579 τὸν
2247 4526 2433 4599 ἄνδρα·
2464 4530 2516 4582 εἴ
2557 4546 2621 4598 γε
2652 4533 2747 4585 καὶ
2779 4531 2950 4601 ἄνδρα
2981 4532 3088 4604 χρὴ
3119 4534 3325 4604 λέγειν,
3362 4537 3457 4591 τὸν
3490 4540 3703 4594 πάντων

428 4635 611 4676 tamen
649 4623 825 4674 virum
857 4633 1189 4688 nuncupare
1214 4618 1405 4672 deceat
1444 4631 1567 4672 eum
1592 4617 1683 4685 qui
1720 4617 1870 4671 omni
1903 4632 2019 4669 ma-

423 4714 510 4784 jor
546 4715 786 4777 homine,
844 4713 988 4766 inter
1036 4720 1196 4766 natos
1255 4710 1549 4764 mulierum
1603 4708 1876 4778 apparuit.
1921 4709 2021 4763 llic

425 4793 574 4858 enim
600 4812 684 4858 est
714 4819 875 4873 quem
913 4802 1103 4856 nmltis
1147 4800 1449 4868 Scriptura:
1481 4798 1618 4852 locis
1669 4797 1818 4852 varie
1869 4797 2020 4851 desi-

426 4903 657 4964 gnatum
704 4892 1104 4957 invenerimus,
1156 4890 1322 4943 modo
1373 4896 1435 4941 ut
1483 4886 1602 4957 apis
1634 4897 2022 4955 argumentosa

425 4984 721 5055 diligenter
746 4985 1069 5039 lustremus.
1098 4981 1297 5036 Multas
1326 4980 1471 5034 enim
1503 4979 1663 5033 nobis
1691 4980 1811 5047 ejus
1836 4981 2022 5050 appel-

349 5125 357 5139 ,
427 5074 666 5127 lationes
720 5088 906 5128 rerum
949 5070 1329 5125 consideratio
1379 5068 1586 5131 attulit,
1640 5084 1874 5139 quarum
1911 5070 2063 5125 εἰη-ι

427 5165 575 5233 gulis
603 5180 908 5232 congruum
952 5162 1333 5217 testimonium
1364 5154 1863 5231 adliihens,‘quam
1904 5162 2022 5219 fue-

425 5256 536 5309 rint
570 5256 972 5313 rationabilitcr
1005 5254 1246 5321 ascripta
1273 5254 1518 5318 nomina,
1553 5255 1802 5309 ostendo.

497 5328 617 5401 Est
652 5349 839 5416 itaque
894 5346 1064 5415 prima
1127 5345 1247 5412 ejus
1295 5345 1607 5413 appellatio,
1652 5346 1848 5401 Filius.
1884 5366 1900 5395 ι
1938 5345 2015 5401 Nc

426 5435 617 5490 timeas
648 5436 816 5497 enim,
861 5433 1062 5501 inquit,
1100 5430 1405 5497 Zacharia;
1440 5449 1571 5489 ecce
1616 5434 1888 5490 Elisabcth
1925 5452 2015 5505 pa-

2128 4618 2434 4689 ἁνθρώπων
2476 4622 2534 4673 ἐν
2573 4625 2857 4692 γεννητοῖς
2895 4627 3172 4692 γυναικῶν
3215 4618 3561 4696 ἅναφανέντα
3588 4630 3701 4701 μείη
3746 4660 3749 4661 ν

2128 4710 2277 4775 ζονα.
2308 4704 2475 4775 Οὗτος
2499 4712 2607 4784 γάρ
2629 4715 2799 4780 ἐστιν,
2823 4714 2883 4767 ὃν
2914 4715 3187 4786 πολλαχοῦ
3219 4717 3319 4787 τῆς
3351 4718 3576 4789 Γραφῆς
3605 4738 3699 4791 φε-

2129 4803 2361 4873 ρόμενον
2410 4802 2746 4874 πολυσήμως
2794 4806 3124 4877 εὑρήσομεν,
3171 4808 3250 4880 τῷ
3293 4809 3571 4881 φιλοπόνῳ
3604 4811 3697 4881 τῆς

2126 4894 2390 4965 μελίσσης
2421 4895 2626 4967 ταύτην
2683 4899 3197 4970 ὲμπεριερχόμενοι.
3238 4901 3446 4966 Πολλὰς
3471 4903 3580 4973 γὰρ
3602 4904 3695 4956 αὺ-

2123 4984 2217 5038 τοῦ
2264 4987 2363 5049 τὰς
2410 4989 2787 5059 προσηγορίας
2819 4991 2955 5060 ἡμῖν
2995 4992 3314 5062 ἐνεποίησεν
3351 4996 3384 5064 ἡ
3412 4995 3520 5048 τῶν
3559 5012 3694 5065 πραο

2123 5077 2352 5146 γμάτων
2414 5082 2695 5151 περιωπή·
2752 5074 2846 5134 ὧν
2883 5083 3096 5155 ἑκάστῃ
3155 5083 3256 5155 τὴν
3317 5089 3694 5156 προσήκουσαν

2125 5162 2435 5233 μαρτυρίαν
2488 5166 2781 5234 παραθεὶς,
2829 5166 2891 5220 τὸ
2940 5167 3223 5238 ἀξιόλογον
3268 5171 3375 5226 τῶν
3421 5172 3693 5243 ὀνομάτων

2125 5255 2395 5324 δείκνυμι.

2203 5348 2359 5400 Ἔστι
2391 5348 2521 5415 γοῦν
2571 5349 2738 5402 αὑτοῦ
2786 5353 2819 5421 ἡ
2876 5350 3069 5422 πρώτη
3106 5353 3315 5424 κλῆσις,
3370 5355 3515 5418 Υἱός.
3551 5372 3567 5405 ι
3604 5352 3688 5416 Μὴ

2123 5438 2287 5509 φοϐοῦ
2314 5440 2444 5510 γὰρ,
2483 5436 2748 5510 Ζαχαρία,
2780 5441 3109 5512 φησίνοίδοὺ
3146 5444 3427 5497 Ἐλισάεετ
3451 5444 3688 5512 γεννήσει

497 5585 521 5616 c
562 5575 698 5629 Prov
756 5590 806 5637 v,
838 5570 1020 5627 l5-l7.
1097 5573 1122 5611 ἀ
1147 5573 1304 5625 Prov.
1339 5590 1413 5637 vr,
1446 5575 1500 5637 4,
1536 5575 1589 5641 5,
1633 5575 1725 5638 25,
1752 5575 1843 5629 ‘26.
1925 5585 1947 5612 θ
1984 5576 2022 5630 Ρ

2132 5619 2145 5633 .
2207 5595 2303 5641 vn,
2363 5581 2557 5635 24-27.
2640 5581 2660 5619 τ
2696 5581 2857 5641 Prov.
2900 5599 2976 5652 ις,
3011 5583 3100 5650 19,
3146 5600 3256 5640 sec.
3294 5583 3455 5639 LXX.

1710 5688 1941 5743 VAR‘AZ
1972 5690 2384 5747 LECTIONI‘LS.

494 5775 790 5845 "Interpr.
825 5770 1035 5849 Liprm.
1096 5779 1242 5849 legit.
1297 5779 1596 5848 παροινίας.

678 5860 688 5879 ι
