4012 6470
365 427 498 495 1137
1362 443 1442 507 ΙΝ
1472 446 1533 508 S.
1572 448 1898 514 JOANNIS
1941 457 1942 461 “

2044 454 2598 528 COLLATIONEM.
2842 481 2845 484 ‘
3498 464 3633 534 1133

366 556 451 594 σοι
483 541 618 604 υίδν,
656 541 751 596 καὶ
778 540 966 598 πολλοὶ
999 543 1057 599 ἐν
1091 547 1159 617 τῇ
1189 550 1443 620 γεννήσει
1486 554 1652 608 αὐτοῦ
1677 559 1942 629 χαρήσον-

2051 564 2154 617 riet
2182 566 2279 619 tibi
2339 569 2535 633 illium.
2578 582 2632 627 et
2665 573 2823 629 multi
2865 574 2918 629 in
2947 576 3234 632 nativitate
3263 577 3387 649 ejus
3429 584 3635 650 gaude-

362 647 478 685 ται.
522 648 541 679 ι
572 659 641 671 —-
674 650 693 684 ι
735 634 812 705 Τῇ
845 635 902 688 δὲ
952 635 1232 690 Ἐλισάόετ
1276 640 1528 714 ἐπλήσθη
1558 647 1586 698 6
1630 647 1823 717 χρόνος
1855 650 1942 704 τοῦ

2051 652 2209 709 bunt.
2249 675 2268 707 ι
2304 687 2375 698 -
2403 678 2422 712 ι
2450 661 2729 718 Elisabeth
2766 673 2952 720 autem
2990 634 3634 740 impletum'estteniptrs

359 722 545 776 τεκεῖν
579 722 771 795 αὐτὴν,
803 726 900 781 καὶ
933 729 1226 799 ἐγέννησεν
1256 731 1391 787 υἱόν.
1436 751 1455 785 ι
1493 735 1704 807 Βρέφος
1729 757 1744 773 ο
1781 757 1799 791 ι
1838 742 1942 795 Kal

2048 746 2323 815 pariendi,
2364 759 2418 804 et
2455 755 2667 823 peperit
2702 755 2870 811 filium
2906 759 2952 811 ⁸.
2976 777 2993 810 ι
3024 722 3248 814 Infans:
3287 722 3403 814 «γει

360 814 584 882 ἐγένετο
617 814 693 882 ὡς
727 818 962 889 ἤκουσεν
995 824 1028 894 ή
1081 825 1362 885 Ἐλισάσετ
1409 833 1502 889 τὸν
1529 835 1821 910 ἀσπασμὸν
1848 841 1942 912 τῆς

2046 814 2483 912 est,-postquam
2527 814 2742 900 audivit
2789 847 3174 903 salutationem
3214 849 3401 907 Mariae
3453 852 3633 908 Elisa-

360 907 607 977 Μαρίας,
645 911 976 983 ἐσκίρτησεν
1006 918 1065 972 τὸ
1110 920 1313 993 βρέφος
1350 927 1408 980 ἐν
1423 931 1488 1000 τῇ
1535 907 1942 1004 κοιλίᾳ-αὑτῆς,

2047 907 2535 999 bella—exsultavit
2576 939 2760 995 infans
2814 942 2869 995 in
2904 949 3060 998 utero
3100 942 3220 1013 ejus
3266 962 3279 997 :
3326 950 3381 997 et
3423 945 3631 1015 repleta

360 1000 460 1106 καὶ
508 1002 761 1106 ἐπλήσθη
807 1008 1131 1080 Πνεύματος
1167 1017 1323 1086 ἁγίου
1378 1023 1410 1090 ή
1460 1000 1767 1081 Ἐλισάϐετ.
1813 1000 1942 1082 Ἰδοῦ

2047 1032 2134 1080 est
2167 1025 2381 1096 Spiritu
2405 1035 2601 1084 sancto
2634 1028 2917 1085 Elisabeth
2956 1030 3003 1088 ιι.
3045 1050 3063 1084 ι
3091 1000 3162 1074 —'-
3194 1051 3211 1084 ι
3240 1032 3381 1091 Ecce
3404 1036 3547 1089 enim
3575 1043 3645 1106 ut.

356 1089 468 1161 γὰρ
491 1091 567 1157 ὡς
590 1095 810 1163 ἐγένετο
837 1101 869 1170 ή
899 1103 1051 1175 φωνὴ
1074 1106 1168 1161 τοῦ
1187 1089 1481 1182 ἀσπασμοῦ
1515 1132 1609 1170 σου
1635 1116 1713 1181 είς
1741 1117 1810 1172 τὰ
1831 1113 1942 1174 ὦτά

2048 1115 2193 1171 facta
2220 1126 2305 1174 est
2336 1135 2439 1175 vox
2484 1120 2834 1176 salutationis
2867 1130 2973 1177 tute
2998 1123 3053 1177 in
3098 1124 3334 1179 auribus
3361 1125 3523 1190 meis,
3551 1125 3635 1179 in-

358 1199 487 1251 μου,
509 1188 699 1257 φησὶν,
716 1191 1043 1263 ἐσκίρτησεν
1067 1196 1127 1250 τὸ
1149 1197 1349 1269 βρέτος
1374 1203 1431 1253 ἐν
1455 1204 1775 1272 ἀγαλλιάσει
1805 1211 1860 1264 ἐν
1874 1214 1941 1283 τῇ

2046 1207 2186 1275 quit,
2218 1209 2519 1264 exsultavit
2544 1211 2597 1263 in
2637 1211 2840 1281 gaudio
2877 1212 3063 1266 infans
3092 1213 3146 1266 in
3179 1221 3335 1270 utero
3364 1229 3486 1269 meo
3522 1216 3565 1266 ί.
3610 1234 3627 1265 ι

354 1277 540 1365 κοιλίᾳ
560 1296 717 1349 μου.ι
741 1284 992 1340 Παιδίον·
1016 1307 1034 1339 ι
1057 1290 1168 1343 Kal
1188 1292 1253 1344 σὺ
1280 1293 1357 1359 δὲ,
1374 1295 1585 1350 παιδίον
1605 1277 1941 1376 [προφήτης]

2046 1297 2188 1352 Puer
2219 1317 2234 1354 :
2290 1318 2310 1352 ‹
2347 1299 2414 1355 Et
2445 1308 2504 1356 tu
2540 1277 2677 1371 puer
2721 1301 2994 1372 Propheta
3023 1303 3292 1359 Altissimi
3323 1303 3630 1359 vocaberis.

364 1350 628 1438 ’Ὑψίστου
668 1374 937 1449 κληθήσῃ.
972 1379 1045 1433 Τδ
1085 1381 1143 1434 δὲ
1173 1350 1386 1438 παιδίον
1408 1350 1633 1459 ηὔξανεῖ
1657 1350 1942 1466 ,ξσζίὲιέᾷἆί

2099 1350 2175 1352 η-
2221 1350 2234 1354 _
2296 1350 2307 1352 ι
2349 1350 2412 1355 _-
2448 1350 2504 1356 __
2542 1350 2668 1371 Γ---
2721 1350 2994 1372 __-r__--_
3336 1350 3630 1359 “ww---”

2044 1386 2188 1443 Puer
2221 1398 2400 1446 autem
2432 1394 2736 1458 crescebat,
2776 1401 2830 1449 et
2880 1392 3298 1450 confortabatur
3333 1396 3553 1465 spiritu,
3579 1403 3635 1450 et

352 1459 575 1515 ταιοῦτο
615 1467 911 1537 πνεύματι,
941 1471 1036 1524 καὶ
1062 1467 1130 1542 ἦν
1162 1475 1219 1527 ἐν
1247 1479 1368 1541 ταῖς
1399 1479 1654 1551 ἐρήμοις,
1697 1503 1717 1535 ι
1752 1487 1846 1539 καὶ
1874 1474 1942 1540 τὰ

352 1551 483 1584 ιτα,
534 1554 729 1584 ΠΧ..--
755 1574 770 1584 .
803 1578 819 1584 -
856 1556 1027 1584 n1---
1061 1563 1150 1584 πίω
1296 1569 1308 1584 ρ
1453 1571 1464 1584 .
1529 1571 1541 1584 ι
1707 1576 1750 1584 --
1842 1577 1853 1584 .

2044 1489 2163 1535 erat
2199 1482 2255 1535 in
2299 1483 2536 1541 desertis
2573 1484 2619 1549 ἱ,
2664 1504 2683 1537 ι
2722 1493 2830 1540 etc.
2864 1486 3137 1556 Magnus:
3174 1506 3193 1539 ι
3223 1488 3324 1542 Hie
3358 1489 3462 1542 erit
3513 1503 3634 1541 ma-

350 1551 502 1622 ἑξῆς.
534 1554 729 1623 Μέγας
755 1574 770 1589 ⁶
800 1578 819 1611 ι
856 1556 1028 1626 Οὗτος
1059 1563 1213 1619 ἔσται
1242 1569 1418 1638 μέγας
1449 1571 1681 1628 ἐνώπιον
1707 1576 1938 1658 Κυρίου,

2045 1587 2186 1640 gnus
2210 1587 2395 1629 coram
2447 1574 2679 1631 Domino
2711 1591 2725 1627 :
2772 1582 2828 1629 et
2858 1575 3047 1628 vinum
3077 1584 3129 1629 et
3154 1576 3388 1630 siceram
3422 1590 3529 1629 non
3555 1574 3635 1628 bi-

350 1646 450 1698 xal
479 1643 622 1700 οἶνον
646 1650 743 1703 καὶ
773 1650 966 1724 σίκερα
988 1656 1050 1708 οὐ
1077 1656 1153 1728 μὴ
1171 1659 1293 1730 πίῃ·
1321 1661 1417 1714 καὶ
1438 1662 1753 1735 Πνεύματος
1781 1643 1941 1736 alyn»;

2045 1664 2157 1729 bet,
2199 1676 2252 1721 et
2288 1667 2496 1737 Spiritu
2549 1677 2747 1723 sancto
2799 1669 3121 1739 replebitur,
3154 1667 3338 1724 adhuc
3367 1682 3431 1723 ex
3482 1674 3636 1721 utero

348 1742 754 1816 πλησθήσεται,
789 1749 869 1803 ἔτι
891 1752 955 1804 ἐκ
989 1754 1202 1819 κοιλίας
1235 1758 1448 1830 μητρὸς
1477 1760 1667 1814 αὐτοῦ.
1704 1783 1723 1815 ι
1759 1764 1943 1820 Ἰωάν-

346 1849 484 1906 νης⁶
507 1854 526 1888 ι
557 1838 666 1891 Καὶ
692 1840 912 1929 ἐγένετο
930 1847 995 1914 τῇ
1021 1846 1184 1918 ὀγδόῃ
1204 1851 1410 1921 ήμέρᾳ,
1432 1848 1596 1923 ἦλθον
1623 1861 1942 1929 περιτεμεῖν

344 1926 413 1980 τὺ
444 1928 685 1995 παιδίον,
738 1926 855 1986 καῖ’
883 1934 1117 1989 ἐκάλουν
1149 1939 1283 1993 αὐτὸ
1327 1942 1420 1995 ἐπὶ
1464 1944 1542 2014 τῷ
1576 1926 1801 2017 ὀνόματι
1822 1926 1945 2005 ’τοῦ

346 2021 560 2091 πατρὸς
616 2024 810 2090 αὑτοῦ,
845 2028 1153 2099 Ζαχαρίαν.
1208 2032 1322 2086 Kal
1375 2036 1653 2110 ἀπεκρίθη
1690 2043 1722 2111 ή
1764 2043 1950 2116 μήτηρ

345 2114 541 2207 αὐτοῦ,
573 2117 668 2170 καὶ
699 2113 876 2172 εἷπενο
913 2120 1084 2191 Οὐχί·
1131 2123 1270 2178 ἀλλὰ
1297 2126 1634 2200 κληθήσεται
1668 2113 1947 2207 Ἰωάννης.

346 2189 466 2260 Kal
519 2208 800 2279 Ζαχαρίας
831 2212 861 2264 6
895 2189 1085 2285 πατήρ
1123 2216 1290 2271 αὐτοῦ
1338 2189 1572 2290 αίτήισας
1620 2189 1947 2281 πινακίδιονί
1990 2241 2000 2259 ·

348 2292 617 2368 ἔγραψεν·
664 2302 921 2374 Ἰωάννης
950 2303 1107 2359 ἐσται
1137 2307 1197 2361 τὸ
1225 2307 1398 2380 ὄνομα
1420 2311 1612 2367 αὑτοῦ.
1647 2331 1667 2365 ι
1706 2315 1951 2386 Ἀνθρω-

351 2406 463 2455 πος
481 2407 495 2420 ·
518 2410 538 2443 ι
563 2394 810 2462 Ἐγένετο
836 2396 1129 2470 ἄνθρωπος
1161 2402 1581 2475 ἀπεσταλμένος
1609 2407 1761 2477 παρὰ
1786 2409 1947 2477 Θεοῦ,

351 2480 528 2550 Ενομα
556 2484 704 2554 αὐτῷ
760 2486 1038 2559 Ἰωάννης.
1079 2508 1097 2542 ι
1150 2492 1469 2564 Προφήτης⁸
1529 2512 1549 2546 ι
1588 2495 1653 2547 Τί
1692 2496 1948 2568 ἐξήλθετε

351 2571 441 2633 είς
470 2572 567 2642 τὴν
614 2572 822 2646 ἔρημον
867 2577 1205 2647 θεάσασθαι;
1256 2584 1578 2654 προφήτην;
1620 2582 1750 2653 Ναί,
1806 2588 1949 2657 λέγω

349 2660 488 2733 ὑμῖν
533 2665 632 2719 καί
679 2669 1078 2741 ,περισσότερον
1133 2676 1442 2746 προφήτου.
1494 2675 1706 2741 Πάντες
1756 2678 1864 2749 γὰρ
1898 2682 1977 2733 οί

348 2755 641 2827 προφῆται
674 2762 771 2815 καὶ
798 2763 827 2815 6
848 2764 1034 2834 νόμος,
1062 2764 1171 2830 ἕως
1187 2766 1434 2822 Ἰωάννου
1472 2772 1943 2841 προεφήτευσαν.»

366 2845 576 2910 Ἠλίας·
595 2851 796 2906 «Καὶεί
828 2852 1013 2908 θέλετε
1033 2856 1313 2924 δέξασθαιο
1351 2878 1370 2911 ι
1398 2860 1571 2924 Αὐτός
1599 2863 1747 2915 ἐστιν
1763 2862 1948 2928 ’Πλίας

348 2939 384 2991 ὁ
409 2940 626 3008 μέλλων
659 2943 940 3016 ἔρχεσθαι.
984 2967 1004 3001 ι
1048 2980 1119 2990 -
1161 2970 1180 3003 ι
1212 2953 1322 3006 Καὶ
1353 2953 1516 3018 αὐτὸς
1556 2955 1946 3026 προελεύσεται

349 3029 590 3084 ἐνώπιον
621 3034 827 3103 Κυρίου
862 3038 920 3089 ἐν
961 3042 1237 3109 πνεύματι
1276 3043 1370 3096 καὶ
1406 3043 1631 3114 δυνάμει
1668 3046 1875 3104 Ἠλιοῦ.
1920 3067 1938 3100 ι

347 3117 714 3187 Διδάσκαλος·
753 3145 773 3178 ι
804 3120 1011 3183 Ἦλθον
1048 3131 1108 3184 δέ
1149 3132 1245 3186 καὶ
1288 3133 1521 3188 τελῶναι
1555 3136 1941 3209 βαπτισθῆναι,

349 3212 454 3264 καὶ
477 3207 633 3268 εἷπον
662 3216 799 3287 πρὸς
827 3220 1025 3274 αὐτόν’

350 3302 454 3358 καὶ
502 3304 570 3358 τὰ
612 3306 693 3373 ἐξ.
735 3307 1099 3384 Ἑτοιμαστής
1135 3331 1150 3346 ο
1188 3335 1231 3368 ι.
1260 3317 1624 3391 Προπορεύσῃ
1673 3322 1784 3393 γὰρ
1835 3324 1941 3396 πρὸ

350 3396 654 3465 προσώπου
682 3402 892 3472 Κυρίου
929 3404 1220 3477 ἑτοιμάσαι
1252 3410 1409 3475 ὀδοὺς
1439 3412 1630 3467 αὐτοῦ’.
1669 3432 1689 3467 ι
1726 3415 1936 3487 Κῆρυξ

354 3504 380 3539 α
432 3487 684 3558 Ἐγένετο
731 3494 985 3569 Ἰωάννης
1026 3498 1311 3569 βαπτίζων
1353 3505 1411 3558 ἐν
1456 3508 1524 3578 τῇ
1575 3508 1791 3581 ἐρήμῳ,
1847 3513 1943 3566 καὶ

350 3579 647 3650 κηρύσσων
665 3585 950 3660 βάπτισμα
979 3594 1274 3661 μετανοίας
1292 3597 1376 3659 είς
1405 3579 1937 3674 ἄφεσινίὰμαρτιῶν.

349 3672 471 3726 Kal
514 3675 782 3747 ἐκήρυξεν
819 3681 1016 3751 λέγων·
1058 3686 1385 3759 Ἔρχεταιὸ
1433 3672 1784 3763 ίσχυρότερός
1836 3713 1942 3766 μου

349 3765 530 3822 ὀπίσω
563 3787 689 3841 μου,
721 3791 741 3824 ι
785 3776 883 3829 καὶ
927 3776 997 3830 τὰ
1037 3777 1116 3845 ἐξ.
1149 3781 1306 3852 Φωνή
1333 3797 1347 3811 ·
1379 3800 1398 3835 ι
1444 3783 1540 3846 Τίς
1570 3780 1640 3852 εἴ,
1687 3786 1773 3840 ἵνα
1801 3765 1941 3842 ἀπό-

351 3876 537 3930 κρισιν
566 3862 748 3934 δῶμεν
792 3870 904 3932 τοῖς
953 3869 1237 3940 πέμψασιν
1263 3874 1440 3944 ἡμᾶς
1481 3874 1535 3928 τί
1584 3876 1765 3947 λέγεις
1809 3883 1941 3953 περὶ

350 3952 616 4019 aeaut-0'3;
652 3955 816 4029 Ἐφηο
862 3958 1003 4028 Ἐγὼ
1033 3962 1185 4035 φωνή
1220 3963 1451 4034 βοῶντος
1478 3967 1536 4023 ἐν
1581 3971 1646 4042 τῇ
1675 3952 1935 4045 ἐρήμῳ.»

347 4042 668 4116 Βαπτιστής
690 4063 707 4079 ·
744 4066 764 4100 ε
804 4051 1173 4121 Παραγίνεται
1209 4058 1237 4110 6
1273 4057 1482 4129 Ἰησοῦς
1505 4061 1612 4116 ἀπὸ
1650 4042 1942 4134 τῆςήΓαλι-

348 4134 514 4199 λαίας
550 4137 645 4191 ἐπὶ
673 4140 765 4193 τὸν
813 4141 1111 4216 Ἰορδάνην,
1152 4146 1248 4201 τοῦ
1303 4150 1669 4224 βαπτισθῆναι
1717 4157 1808 4212 ὑπ’
1842 4159 1940 4211 αὐ-

348 4223 473 4279 τοῦ.
513 4222 622 4281 Ἦν
668 4229 725 4284 δὲ
781 4232 1036 4305 Ἰωάννης
1069 4236 1372 4307 βαπτίζων,
1431 4243 1525 4296 καὶ
1567 4222 1939 4315 παρεγένοντο

347 4318 581 4388 πάντες,
630 4323 724 4376 καὶ
784 4324 1167 4392 ἐϐαπτίζοντο.
1218 4350 1238 4383 ι
1306 4333 1703 4409 Ὀμολογητήςο
1770 4358 1791 4392 ι
1827 4340 1938 4394 Kal

347 4411 727 4486 ὡμολόγησεν,
762 4419 855 4472 xal
881 4420 981 4475 οὒκ
1002 4423 1302 4494 ἠρνήσατο,
1330 4426 1426 4480 καὶ
1449 4427 1821 4501 ὡμολόγησεν,
1852 4432 1940 4486 ὅτι

347 4501 468 4556 Οὐκ
499 4504 616 4575 είμὶ
648 4507 759 4574 ἐγὼ
793 4509 1050 4580 Χριστός.
1088 4532 1107 4565 ι
1141 4515 1401 4582 Μάρτυςο
1437 4523 1469 4571 ι’
1491 4519 1606 4573 Οὐκ
1631 4515 1701 4592 ῆν
1727 4521 1941 4586 ἐκεῖνος

2046 1757 2240 1812 matris
2283 1774 2399 1814 suae
2433 1759 2482 1811 Ιί.
2537 1781 2555 1813 ι
2591 1759 2834 1817 Joannes
2871 1779 2885 1815 :
2924 1780 2942 1813 ι
2978 1760 3291 1815 Et-factum
3346 1767 3431 1815 est
3461 1760 3515 1813 in
3548 1758 3636 1812 die

2051 1858 2271 1916 octavo,
2306 1862 2577 1908 venerunt
2616 1854 3019 1909 circumcidere
3068 1867 3323 1924 puerum,
3373 1862 3425 1906 et
3469 1866 3637 1906 voea-

2054 1942 2187 1999 bant
2245 1960 2370 2000 eum
2424 1948 2651 2001 nomine
2700 1947 2870 2015 patris
2917 1947 3026 2012 sui,
3076 1943 3517 1999 Zachariam.Et
3550 1959 3634 1998 re-

2055 2035 2338 2105 spondens
2392 2048 2567 2094 mater
2622 2039 2766 2108 ejus,
2823 2039 2965 2093 dixit
3015 2057 3027 2091 :
3087 2038 3494 2107 Nequaquam:
3535 2034 3632 2091 sed

2053 2126 2346 2182 vocabitur
2367 2128 2632 2185 Joannes.
2662 2129 2727 2183 Et
2759 2128 3058 2184 Zacharias
3082 2137 3239 2198 pater
3266 2127 3411 2197 ejus,
3445 2133 3632 2196 postu-

2053 2216 2173 2272 lans
2236 2219 2847 2292 pugillarem,scripsit
2904 2239 2917 2273 :
2980 2219 3223 2275 Joannes
3293 2225 3377 2274 est
3428 2232 3628 2271 nomen

2051 2308 2174 2377 ejus
2209 2306 2253 2362 1.
2287 2328 2304 2360 ι
2351 2310 2529 2366 Homo
2563 2326 2576 2363 :
2639 2328 2657 2362 ι
2694 2309 2822 2364 Fuit
2875 2311 3040 2366 homo
3085 2311 3292 2365 missus
3319 2324 3349 2363 a
3380 2307 3512 2371 Deo,
3538 2308 3630 2361 cui

2052 2413 2251 2454 nomen
2278 2406 2399 2453 erat
2428 2397 2672 2456 Joannes
2696 2412 2758 2458 ιιι.
2795 2421 2814 2454 ι
2854 2401 3128 2472 PrOpheta
3155 2421 3167 2456 :
3212 2420 3231 2453 ι
3260 2399 3402 2466 Quid
3434 2400 3631 2456 existis

2053 2491 2108 2545 in
2144 2491 2423 2547 desertum
2455 2493 2679 2548 videre?
2702 2493 3080 2563 Pr0phetam?
3103 2494 3281 2549 Etiam
3305 2493 3433 2548 dico
3448 2492 3627 2559 vobis,

2051 2589 2104 2635 et
2129 2583 2254 2651 plus
2284 2598 2448 2650 quam
2484 2586 2831 2654 prephetam.
2856 2584 3059 2641 Omnes
3084 2586 3233 2641 enim
3272 2586 3550 2656 prophetae
3575 2591 3632 2637 et

2053 2674 2164 2736 lex,
2197 2689 2374 2745 usque
2400 2677 2465 2730 ad
2495 2675 2764 2732 Joannem
2791 2678 3265 2748 prophetaveruut
3296 2685 3347 2731 ιι.
3383 2695 3401 2729 ι
3438 2675 3627 2731 Elias:

2056 2784 2075 2816 ι
2116 2765 2182 2819 Et
2213 2768 2259 2821 si
2319 2768 2489 2824 vultis
2528 2755 2695 2836 seire,
2723 2770 2840 2840 ipse
2881 2776 2965 2826 est
3018 2769 3168 2825 Elias
3215 2771 3312 2838 qui
3364 2779 3630 2824 venturus

2054 2865 2137 2914 est
2167 2868 2215 2915 ο.
2245 2879 2355 2912 ιη
2414 2881 2434 2913 ‹
2471 2861 2534 2915 Ει
2575 2863 2693 2933 ipse
2739 2864 3011 2934 praecedet
3053 2872 3182 2918 ante
3229 2863 3521 2919 Dominum
3571 2863 3628 2917 in

2050 2953 2251 3022 spiritu
2272 2963 2326 3011 et
2355 2957 2559 3012 virtute
2616 2956 2747 3013 Elia}
2773 2967 2821 3014 ι).
2856 2977 2874 3010 ι
2914 2957 3178 3030 Magister
3213 2975 3227 3011 :
3285 2976 3304 3010 ι
3343 2955 3629 3012 Venerunt

2049 3053 2229 3101 autem
2264 3055 2320 3102 et
2345 3046 2635 3105 Publieani
2686 3059 2749 3104 ut
2788 3050 3233 3121 baptizarentur,
3270 3058 3326 3104 et
3368 3048 3628 3104 dixerunt

2049 3136 2114 3191 ad
2149 3136 2301 3191 illum
2334 3154 2351 3193 :
2390 3138 2670 3210 Magister,
2703 3140 2836 3211 quid
2891 3140 3157 3197 faciemus
3191 3150 3240 3208 ιι,
3274 3158 3294 3192 ι
3341 3134 3628 3195 ete."Prae-

1114 3223 1440 3292 Διδάσκαλε,
1459 3226 1513 3280 τί
1541 3229 1857 3302 ποιήσωμεν
1877 3249 1891 3298 ;
1915 3251 1933 3281 ι

2050 3239 2320 3301 parator.
2353 3250 2372 3282 ι
2405 3231 2635 3290 Praeibis
2668 3234 2814 3289 enim
2847 3242 2974 3288 ante
3021 3232 3218 3290 faciem
3278 3231 3492 3287 Domini
3527 3245 3628 3301 pa-

2044 3338 2171 3380 rare
2196 3323 2319 3381 vias
2363 3324 2486 3395 ejus
2538 3335 2587 3380 τ.
2627 3344 2647 3378 ι
2698 3325 3036 3381 Praedicator
3090 3342 3105 3380 :
3153 3343 3172 3377 ι
3215 3323 3341 3379 Fuit
3384 3321 3626 3378 Joannes

2044 3416 2332 3488 baptizans
2363 3417 2420 3472 in
2455 3418 2697 3487 deserto,
2726 3426 2781 3472 et
2812 3419 3120 3489 praedicans
3144 3418 3479 3489 baptismum
3513 3429 3627 3485 pm-

2044 3508 2292 3564 nitentite
2341 3509 2397 3563 in
2437 3508 2823 3565 remissionem
2858 3519 3233 3579 peccatorum.
3265 3508 3330 3563 Et
3356 3504 3626 3578 praedica»

2045 3601 2121 3655 vit
2145 3601 2375 3658 dicens:
2401 3600 2564 3658 Venit
2595 3601 2793 3658 fortior
2821 3617 2906 3657 me
2926 3610 3051 3673 post
3072 3616 3161 3656 me
3192 3602 3239 3667 ',
3273 3618 3293 3653 ι
3328 3607 3435 3655 etc.
3464 3598 3581 3653 Vox
3607 3610 3621 3648 :

2050 3714 2068 3748 ι
2107 3696 2244 3763 Quis
2282 3712 2366 3762 es,
2397 3703 2458 3751 ut
2482 3710 2811 3768 responsum
2844 3696 3037 3752 demus
3096 3695 3186 3762 iis,
3217 3693 3311 3765 qui
3353 3693 3629 3748 miserunt

2043 3786 2175 3843 nos?
2203 3787 2334 3842 Ait:
2362 3787 2477 3858 Ego
2529 3804 2638 3844 vox
2678 3786 2973 3843 clamantis
3015 3785 3071 3840 in
3104 3784 3328 3841 deserto
3362 3782 3408 3836 ⁸.
3448 3800 3467 3834 ι
3517 3780 3625 3835 Ba-

2041 3880 2213 3951 ptista
2249 3896 2262 3934 :
2304 3897 2325 3931 ι
2373 3878 2540 3937 Venit
2564 3878 2726 3936 Jesus
2768 3895 2799 3935 a
2831 3878 3059 3935 Galiltea
3094 3877 3153 3932 in
3192 3874 3514 3939 Jordanem,
3567 3880 3629 3928 ut

2041 3967 2419 4039 baptizaretur
2444 3969 2513 4024 ab
2531 3984 2598 4025 eo
2637 3970 2687 4023 ιι.
2736 3987 2756 4021 ι
2792 3997 2866 4010 —-
2919 3987 2938 4021 ‹
2976 3967 3108 4022 Erat
3146 3976 3329 4022 autem
3384 3962 3629 4020 Joannes

2042 4059 2355 4131 baptizans,
2390 4070 2447 4117 et
2477 4062 2774 4118 veniebant
2803 4068 3094 4126 omnes,et
3125 4058 3574 4131 baptizabantur.
3598 4074 3619 4109 ι

2041 4152 2346 4210 Coufessor
2380 4173 2393 4209 :
2425 4173 2444 4206 ι
2492 4152 2559 4208 Ει
2603 4153 2895 4210 confessus
2923 4161 3030 4220 est,
3062 4162 3116 4209 et
3142 4167 3257 4208 non
3282 4154 3503 4222 negavit
3530 4169 3543 4204 :
3569 4158 3627 4205 et

2041 4244 2329 4301 confessus
2361 4255 2461 4308 est,
2495 4247 2622 4316 quia
2651 4261 2761 4301 non
2790 4262 2913 4300 sum
2947 4260 3046 4317 ego
3072 4244 3330 4300 Christus
3346 4252 3395 4298 ν.
3441 4262 3460 4294 ι
3486 4241 3627 4295 Mar-

2041 4344 2129 4408 tyr
2160 4352 2225 4392 ac
2250 4338 2409 4393 testis
2446 4356 2460 4393 :
2509 4355 2528 4390 ι
2574 4336 2694 4392 Non
2721 4345 2838 4394 erat
2868 4338 2959 4394 ille
3010 4339 3132 4403 lux;
3162 4335 3257 4392 sed
3292 4343 3353 4389 ut
3382 4335 3626 4390 testimo-

2040 4428 2189 4482 nium
2219 4428 2534 4497 perhiberet
2565 4429 2631 4484 de
2661 4429 2867 4484 lumine
2890 4437 2939 4497 ι,
2972 4448 2991 4481 ι
3031 4438 3140 4483 etc.
3167 4426 3453 4482 Trinitatis
3490 4426 3626 4481 sub-

2040 4519 2279 4589 scriptor
2311 4532 2326 4572 :
2355 4537 2376 4570 ι
2408 4517 2516 4574 Sed
2540 4519 2635 4589 qui
2681 4519 2834 4575 misit
2867 4534 2977 4584 me,
3006 4518 3209 4589 inquit,
3241 4516 3525 4587 baptizare
3568 4516 3626 4570 in

345 4592 413 4646 τὸ
438 4593 576 4660 φῶς·
609 4596 725 4650 ἀλλ’
761 4598 848 4654 ἵνα
880 4604 1208 4677 μαρτυρήσῃ
1240 4607 1368 4676 περὶ
1396 4608 1494 4661 τοῦ
1532 4611 1710 4679 φωτός
1737 4629 1752 4645 ·
1783 4632 1802 4665 ι
1838 4613 1933 4668 καὶ

2044 4626 2202 4682 aqua,
2227 4612 2320 4666 ille
2339 4611 2472 4665 mihi
2499 4611 2638 4667 dixit
2669 4630 2682 4666 :
2717 4610 2895 4682 Super
2923 4627 3087 4682 quem
3111 4610 3320 4666 videris
3355 4608 3625 4680 Spiritum

345 4682 421 4738 τὰ
448 4684 527 4749 ἐξ.
562 4686 791 4758 Τριάδος
840 4690 1195 4764 ύπογραφεύς
1220 4715 1233 4728 ·
1270 4716 1291 4749 t
1337 4698 1479 4753 Ἀλλ’
1510 4702 1537 4754 6
1582 4702 1804 4772 πέμψας
1838 4723 1930 4774 με,

346 4777 540 4845 φησὶν,
572 4777 859 4848 βαπτίζειν
908 4785 967 4837 ἐν
1010 4784 1185 4851 ὕδατι,
1221 4789 1432 4855 ἐκεῖνός
1473 4810 1564 4863 μοι
1600 4790 1772 4849 εἶπεν
1816 4797 1933 4867 Ἐφ’

343 4864 409 4919 ὃν
436 4865 505 4921 ἂν
532 4868 651 4941 ἴδῃς
676 4872 737 4924 τὸ
767 4873 994 4943 Πνεῦμα
1033 4878 1380 4945 καταϐαῖνον,
1413 4883 1507 4935 καὶ
1537 4885 1702 4953 μένον
1728 4888 1815 4941 ἐπ’
1845 4864 1938 4942 a6-

341 4958 465 5026 τὸν,
505 4954 660 5025 οὗτός
697 4964 847 5017 ἐστιν
903 4968 932 5020 6
980 4965 1265 5037 βαπτίζων
1314 4973 1374 5026 ἐν
1439 4974 1720 5045 Πνεύματι
1770 4980 1931 5052 ἁγίῳ.

344 5051 522 5121 Κάγὼ
547 5052 792 5127 ἑώρακα,
841 5059 934 5112 καὶ
983 5062 1408 5135 μεμαρτύρηκα,
1435 5067 1519 5122 ὅτι
1542 5061 1696 5134 οὗτός
1733 5051 1937 5128 ἐστινὸ

343 5141 478 5208 Υἱὸς
507 5144 603 5199 τοῦ
631 5146 789 5204 Θεοῦ.
820 5168 840 5201 ι
872 5149 1090 5217 Δίκαιος
1128 5154 1223 5208 καὶ
1253 5155 1410 5225 am;
1438 5175 1452 5189 ·
1494 5177 1513 5212 ι
1557 5161 1616 5214 '0
1650 5161 1708 5215 δὲ
1752 5163 1932 5235 Ἦρὼ-

342 5237 445 5308 δης
469 5239 717 5307 ἐφοϐεῖτο
731 5242 822 5297 τδν
838 5245 1112 5318 Ἰωάννην,
1143 5248 1300 5312 εἰδὼς
1330 5251 1495 5305 αὐτὸν
1524 5253 1693 5325 ἄνδρα
1720 5255 1937 5312 δίκαιον

343 5329 444 5383 καὶ
466 5331 642 5399 ἅγιον,
678 5352 696 5386 ι
746 5336 1068 5401 Ἀπόστολος
1088 5354 1101 5370 ο
1134 5359 1153 5392 ι
1183 5342 1349 5395 Αὐτοὶ
1375 5344 1532 5414 ὑμεῖς
1576 5352 1931 5420 μαρτυρεῖτε,

341 5421 438 5474 ὅτι
456 5416 630 5476 sla-0v
658 5425 773 5478 Οὐκ
792 5427 910 5497 εἰμὶ
926 5427 1039 5496 ἐγὼ
1057 5430 1085 5481 6
1101 5431 1360 5502 Χριστόςο
1388 5432 1508 5487 ἀλλ’
1526 5416 1606 5489 ὅτι
1631 5416 1931 5494 ’Ᾰπε-σταλξ

345 5512 514 5584 μένος
526 5516 645 5587 είμ¹ι
660 5516 973 5590 ἔμπροσθεν
994 5523 1261 5577 ἐκείνου.»
1291 5525 1719 5599 Εὐαγγελιστήςθ
1750 5549 1770 5583 ι
1793 5532 1930 5588 Πολ-

428 5640 455 5713 5_
485 5639 616 5713 Luc.
647 5657 684 5703 I,
718 5643 807 5713 15,
847 5644 934 5713 14,
968 5646 1060 5703 57.
1131 5651 1157 5690 ιι
1192 5650 1328 5708 ibid.
1361 5654 1451 5709 41.

2034 4703 2484 4769 descendentem,
2533 4715 2587 4761 et
2619 4711 2940 4758 manentem
2986 4717 3153 4772 super
3194 4716 3345 4767 eum,
3394 4702 3510 4770 ipse
3540 4709 3631 4754 est-

2035 4794 2127 4865 qui
2182 4794 2427 4864 baptizat
2484 4795 2542 4849 in
2587 4793 2802 4864 Spiritu
2860 4806 3053 4850 saneto
3093 4811 3107 4850 :
3144 4791 3212 4846 Et
3266 4807 3366 4864 ego
3403 4791 3541 4856 vidi,
3572 4802 3627 4845 et

2035 4887 2416 4943 testimonium
2469 4888 2749 4957 perhibui,
2783 4889 2917 4958 quia
2947 4887 3041 4942 hic
3073 4894 3156 4943 est
3191 4885 3368 4941 Filius
3394 4884 3488 4940 Dei
3512 4894 3563 4939 γ.
3599 4903 3619 4937 ι

2034 4978 2227 5037 Justus
2265 4988 2322 5036 et
2369 4990 2601 5037 sanctus
2663 4998 2680 5034 :
2744 5001 2763 5034 ι
2820 4980 3063 5037 Herodes
3115 4987 3298 5035 autem
3345 4976 3625 5033 metuebat

2034 5070 2326 5140 Joannem,
2353 5075 2535 5131 sciens
2568 5089 2693 5131 eum
2731 5075 2912 5131 virum
2938 5075 3147 5145 justum
3172 5081 3229 5130 et
3257 5081 3511 5129 sanctum
3540 5081 3618 5128 ι.»

2034 5166 2361 5234 Apostolus,
2390 5166 2442 5221 id
2473 5175 2581 5233 est,
2612 5167 2837 5224 missus.
2876 5186 2896 5219 ι
2935 5168 3044 5238 Ipsi
3079 5183 3179 5223 vos
3206 5168 3341 5222 mihi
3371 5167 3623 5248 testimo-

2040 5261 2192 5314 nium
2251 5258 2578 5327 perhibetis,
2633 5259 2780 5329 quod
2828 5259 3059 5315 dixerim
3112 5302 3124 5314 .
3177 5259 3295 5315 Non
3344 5275 3465 5314 sum
3521 5275 3623 5330 ego

2039 5348 2332 5416 Christus;
2394 5351 2491 5406 sed
2539 5350 2669 5421 quia
2724 5351 2930 5418 missus
2983 5368 3105 5407 sum
3160 5359 3293 5407 ante
3344 5351 3616 5409 illumt'u

2038 5441 2390 5513 Evangelista
2437 5462 2449 5498 :
2493 5461 2512 5495 ι
2559 5442 2731 5498 Multa
2762 5444 2985 5514 quidem
3032 5452 3086 5500 et
3139 5445 3248 5500 alia
3291 5444 3616 5511 exhortans,

2037 5534 2456 5605 evangelizabat
2510 5536 2713 5605 populo
2744 5537 2797 5590 ι).
2836 5557 2854 5589 ι
2887 5536 3175 5591 Pronuhus
3214 5556 3227 5591 :
3260 5555 3278 5589 ι
3308 5537 3410 5604 Qui
3455 5537 3621 5593 habet

1538 5658 1549 5696 ί
1586 5656 1722 5716 ibid.
1753 5660 1846 5716 44.
1923 5661 1937 5711 ι

2044 5663 2113 5717 id.
2142 5664 2232 5722 76.
2313 5666 2337 5704 ι
2372 5666 2506 5721 ibid.
2565 5668 2650 5721 15.
2741 5668 2753 5706 ι
2787 5668 2921 5722 ibid.
2954 5666 3143 5720 59-63.
3189 5616 3207 5643 .
3233 5674 3269 5696 "
3300 5665 3459 5719 Joau.
3492 5680 3531 5727 I,
3561 5663 3617 5718 6.

342 5706 598 5801 etiam»
631 5706 802 5801 x207,
832 5706 935 5801 13;;
978 5706 1495 5801 Δξηιιειιιιιιεςιέιῇι.
1577 5706 1865 5801 {inici}
1912 5706 1936 5785 ι

2044 5706 2113 5784 ’”ἓι’
2141 5706 2274 5791 ﬁt}.
2332 5706 2664 5801 ..'.f'“.‘<2.‘"'r
2696 5706 3028 5795 ιυὲῗῖῗῆἴ,
3056 5706 3143 5772 Ὺ
3167 5706 3531 5800 ιιειιηοῗῖῗίἶ
3563 5706 3620 5788 ἰ

351 5780 371 5874 ἒ
602 5796 640 5842 ι,
667 5782 771 5874 ἓξὸ
832 5784 1078 5874 “Lhialth.
1116 5793 1296 5874 ιιι..ξὸ
1323 5776 1540 5861 ξ’Μει-ιῖε.
1580 5776 1942 5867 ﬁliive-ina:

2050 5776 2560 5872 ,ἐό”.“”ἒιίίὶὲἔι.’ἑ’.’
2627 5817 2654 5856 γ
2695 5776 3070 5874 anxias}.
3155 5776 3620 5871 έ’ϊὶἰιῑὲε.”νι,”εόζ

255 5906 264 5929 ἢ
346 5859 372 5888 ι
398 5846 554 5901 Joau.
591 5866 674 5915 ιιι,
702 5851 790 5907 28.
862 5856 890 5895 ιι
918 5855 1152 5915 Lutum.
1184 5846 1271 5918 l8.
