4012 6432
438 332 463 347 ’
514 387 654 456 1139

1707 401 1764 462 S.
1806 401 2135 463 ANDREA’.
2172 401 2595 462 CRETENSlS

3646 401 3760 470 Ῑίίθ

511 519 794 576 sponsam,
820 519 1061 576 sponsus
1087 515 1172 564 est
1206 508 1469 566 :amicus
1505 516 1689 567 autem
1737 514 1949 584 sponsi,
2001 529 2073 583 qu

2198 512 2266 564 λὰ
2292 513 2392 581 μὲν
2424 509 2517 567 οὖν
2560 514 2650 566 καί
2681 514 2844 583 ἕτερα
2872 515 3229 586 παρακαλῶν,
3278 515 3661 588 εὐηγγελίζετο
3693 521 3767 576 τὸν

512 608 643 666 stat,
676 610 731 656 et
760 601 915 657 audit
952 618 1103 670 eum,
1139 604 1343 674 gaudio
1383 606 1586 675 gaudet
1624 618 1855 678 propter
1906 622 2099 663 vocem

513 695 726 763 sponsi.
755 693 866 751 lloc
882 711 1014 766 ergo
1041 698 1303 768 gaudium
1331 715 1511 755 meum
1543 700 1831 777 impletum
1862 709 1947 756 est
1987 710 2033 755 ο.
2075 720 2131 752 ις

514 785 801 842 Lucerna:
842 805 863 841 ‹
908 783 1020 844 llle'
1057 799 1179 844 erat
1230 792 1460 849 lucerna
1501 793 1729 857 ardens,
1770 801 1826 847 et
1863 782 2094 848 lucens:

512 873 625 929 Vos
668 887 850 933 autem
888 878 1149 936 voluistis
1204 882 1271 936 ad
1316 882 1507 937 horam
1554 885 1835 939 exsultare
1884 884 1939 937 in
1976 885 2100 939 luce

510 964 634 1036 ejus
663 966 713 1021 δ.
754 988 773 1020 ι
813 968 1202 1040 Reprehensio
1242 975 1516 1031 Herodis:
1558 994 1577 1026 ι
1619 975 1849 1030 Dicebat
1868 976 2015 1030 enim
2046 976 2096 1031 ei

508 1054 753 1113 Joannes
789 1074 805 1110 :
839 1058 958 1115 Non
1011 1061 1140 1117 licet
1189 1063 1289 1118 tibi
1322 1064 1527 1120 habere
1570 1080 1801 1134 uxorem
1856 1065 2095 1136 Philippi

512 1144 704 1201 fratris
729 1147 808 1202 tui
830 1159 874 1201 ε.
926 1168 947 1202 ι
985 1148 1231 1208 Herodes
1262 1165 1468 1219 autem,
1516 1169 1642 1209 cum
1677 1156 1724 1210 is
1758 1171 1881 1210 eum
1908 1173 2097 1227 τρυε-οι

512 1237 777 1294 henderet
807 1250 1039 1313 propter
1088 1242 1474 1315 Herodiadem,
1530 1248 1759 1309 inclusit
1810 1250 1988 1318 ipsum
2038 1252 2094 1305 in

508 1343 572 1391 ΟΩ
581 1343 751 1384 rcere.

583 1591 683 1649 His
706 1592 957 1652 Joannes
982 1609 1210 1658 vocatus
1237 1610 1323 1659 est
1351 1602 1671 1663 neminibus
1710 1626 1723 1661 :
1768 1607 1922 1664 hisce
1959 1609 2095 1663 titu—

512 1683 582 1737 lis
608 1684 712 1739 fuit
744 1685 1051 1746 honoratus
1070 1709 1094 1757 λ
1114 1692 1425 1765 habuitque
1446 1698 1698 1756 actiones
1721 1701 1790 1756 iis
1818 1716 2092 1774 congruas

2202 600 2353 657 λαόν.
2379 622 2400 655 ι
2434 604 2828 674 Νυμφαγωγός
2850 623 2863 637 ·
2905 624 2925 658 ι
2990 608 3049 661 Ὀ
3076 608 3217 678 ἔχων
3250 609 3349 678 τὴν
3383 609 3625 680 νύμφην,
3653 630 3771 682 νυμ-

2202 694 2324 761 φίος
2356 695 2527 750 ἐστίν.
2570 697 2628 749 '0
2656 697 2714 750 δὲ
2752 697 2906 767 φίλος
2939 697 3036 751 τοῦ
3070 700 3335 770 νυμφίου,
3365 702 3396 753 6
3427 700 3669 772 ἑστηκὼς
3696 705 3775 759 καὶ

2200 785 2421 840 ἀκούων
2452 788 2640 853 αὐτοῦ,
2684 792 2828 861 χαρᾷ
2856 791 3041 861 χαίρει
3069 792 3157 846 διὰ
3190 793 3290 863 τὴν
3324 793 3517 865 φωνὴν
3547 794 3637 847 τοῦ
3661 814 3776 867 νυμο

2201 876 2348 946 φίου.
2390 876 2540 948 Αΰτη
2586 876 2680 934 οὖν
2724 883 2756 949 ή
2789 883 2934 952 χαρὰ
2969 885 3003 952 ἠ
3045 884 3155 954 ἐμὴ
3207 885 3597 957 πεπλήρωται.
3633 906 3651 940 ι
3684 889 3777 943 Λύ-

2199 985 2356 1037 χνος*
2388 988 2407 1022 ι
2430 970 2670 1035 Ἐκεῖνος
2697 969 2766 1043 ἦν
2789 977 2815 1026 6
2844 973 3037 1044 λύχνος
3062 977 3091 1028 6
3109 976 3425 1045 καιόμενος,
3453 980 3547 1032 καὶ
3571 966 3776 1049 φαίνῖον·

2200 1061 2442 1141 ὑμεῖςιδὲ
2466 1063 2769 1134 ἠθελήσατε
2808 1064 3246 1136 ἀγαλλιασθῆναι
3279 1070 3425 1139 πρὸς
3453 1071 3610 1139 ὥραν
3636 1073 3692 1125 ὲν

2202 1155 2343 1222 φωτὶ
2366 1134 2562 1209 ἀὺτοῦ.
2610 1174 2630 1208 ι
2679 1156 2944 1227 Ἔλεγχος
2996 1134 3243 1228 Ἡρώδου
3401 1134 3640 1230 Ἔλεγεν
3688 1134 3781 1238 τάξ)

2199 1244 2348 1312 αὐτῷ
2374 1246 2402 1297 6
2443 1246 2721 1318 Ἰωάννηςο
2756 1249 2871 1302 Οὐκ
2901 1249 3117 1314 ἔξεστίν
3150 1268 3233 1305 σοι
3267 1252 3415 1323 ἔχειν
3446 1254 3551 1326 τὴν
3568 1260 3781 1323 γυναῖκα

2196 1333 2464 1387 Φιλίππου
2504 1335 2599 1390 τοῦ
2631 1336 2864 1407 ἀδελφοῦ
2900 1355 3016 1392 σου.
3051 1358 3069 1391 ι
3115 1340 3174 1393 ’0
3211 1340 3269 1393 δὲ
3300 1341 3559 1412 Ἡρώδης
3587 1343 3774 1413 ἐλεγχό-

2200 1440 2363 1491 μενος
2397 1426 2489 1483 ὑπ’
2516 1428 2682 1480 αὑτοῦ
2705 1429 2772 1482 δι’
2807 1429 3135 1499 Ἡρωδιάδα,
3164 1433 3527 1486 κατέκλεισεν
3557 1435 3713 1488 αὐτὸν
3728 1441 3780 1492 ἐν

2195 1517 2264 1584 τῇ
2299 1514 2539 1586 φυλακῇ.

2266 1603 2493 1668 Τούτοις
2530 1606 2787 1676 Ἰωάννης
2815 1609 2931 1671 τοῖς
2967 1610 3198 1680 ὀνόμασι
3227 1612 3502 1683 κέκληται
3534 1630 3551 1645 ο
3594 1615 3784 1680 τούτοις

2194 1694 2517 1766 τετίμηται·
2534 1697 2742 1752 τούτων
2767 1698 2866 1762 τὰς
2886 1702 3117 1770 πράξεις
3138 1705 3509 1775 καταλλήλως
3520 1709 3642 1767 ταῖς
3665 1710 3780 1779 κλή-

510 1778 1000 1846 appellationibus.
1034 1786 1150 1852 Ille,
1190 1788 1439 1858 inquam,
1465 1790 1726 1853 Joannes.
1756 1811 1867 1865 quo
1911 1816 1930 1849 ‹
1979 1812 2078 1853 non

2201 1805 2317 1841 σεσι
2343 1794 2781 1861 προσεκτήσατο.
2800 1794 3056 1866 Ἰωάννης
3080 1798 3313 1862 ἐκεῖνος.
3344 1793 3410 1853 οὗ
3446 1817 3467 1852 ι
3511 1801 3711 1871 μείζων
3734 1804 3783 1857 ἓν

507 1872 754 1924 surrexit
786 1874 965 1943 major
1005 1880 1148 1933 inter
1170 1891 1332 1937 natos
1367 1883 1663 1939 mulierum
1700 1884 1742 1939 τ.
1776 1906 1795 1939 ›
1834 1889 1939 1943 Hic
1963 1906 2078 1946 vere

2193 1856 2475 1950 γεννητοῖς
2533 1856 2818 1952 γυναικῶν
2847 1887 2967 1941 οίικ⁸
3000 1856 3327 1960 ἐγήγερται.
3363 1911 3383 1942 ι
3426 1856 3781 1958 Οὗτός-ἑστιν

504 1968 615 2021 est.
669 1961 738 2017 de
786 1980 899 2034 quo
953 1966 1124 2023 David
1176 1979 1437 2043 tauquam
1475 1991 1538 2031 ex
1592 1993 1829 2046 persona
1869 1978 1989 2045 Dei,
2036 1989 2092 2038 et

504 2048 686 2107 Patris
718 2056 964 2121 psallittc
984 2057 1183 2116 Paravi
1220 2062 1505 2120 lucernam
1553 2066 1781 2125 Christo
1810 2086 1969 2127 meo:
1999 2087 2093 2128 su-

501 2158 603 2212 per
639 2147 821 2215 ipsum
856 2159 1042 2207 autem
1086 2154 1361 2211 emorebit
1415 2160 1787 2221 sanctiﬁcatio
1829 2178 1947 2218 mea
1978 2166 2020 2218 ε.
2064 2182 2086 2216 ›

413 2278 420 2283 .
503 2231 605 2289 llic
631 2244 718 2292 est
753 2250 993 2309 magnus
1032 2241 1199 2310 Elias,
1239 2260 1347 2300 non
1386 2247 1719 2317 Thesbites;
1749 2252 1842 2306 sed
1879 2252 1972 2322 qui
2010 2252 2090 2308 le-

500 2340 622 2394 gem
677 2328 829 2382 inter
876 2333 1261 2404 gratiamque,
1291 2336 1507 2392 medius
1548 2338 1904 2407 intercessit;
1960 2342 2091 2397 luit-

500 2430 609 2485 que
659 2420 887 2497 prioris,
939 2439 1258 2495 quanquam
1312 2428 1433 2496 ipse
1492 2432 1769 2499 posterior
1820 2441 2089 2503 tempore,

500 2510 775 2568 adventus
817 2513 1088 2570 Dominici
1126 2534 1649 2587 prrecursorrcum
1688 2525 1882 2579 eodem
1922 2534 2088 2596 atque

503 2603 594 2657 ille
628 2605 854 2673 spiritu,
888 2622 953 2661 ac
983 2609 1187 2666 virtute
1225 2614 1564 2682 praecedens,
1598 2618 1673 2670 uti
1704 2616 2087 2690 Areltangelus

428 2698 437 2707 ‘
500 2696 760 2763 praedixit
794 2697 1078 2757 Zachariae
1115 2700 1166 2758 ιι.
1197 2703 1297 2759 Cui
1332 2704 1654 2764 Zachariae?
1688 2709 1771 2764 Illi
1821 2711 2083 2767 nimirum

498 2787 669 2857 cujus.
690 2791 921 2862 sanguis
951 2794 1157 2849 clamat
1194 2796 1307 2867 (‘28)
1338 2798 1627 2869 plusquam
1677 2802 1866 2858 Abelis
1906 2806 1949 2858 ἱ.
1984 2804 2085 2861 llic

496 2889 585 2935 est
620 2884 715 2950 qui
748 2884 911 2952 prius
957 2887 1295 2955 exsultavit,
1332 2899 1388 2946 et
1432 2900 1728 2963 antequam
1780 2896 1853 2968 in
1895 2897 2080 2953 lucem

495 2972 764 3039 prodiret,
795 2974 1092 3032 Dominum
1130 2994 1293 3036 suum
1339 2984 1563 3053 agnovit
1613 2987 1671 3040 in
1729 2994 1944 3043 ventre.
1979 2987 2081 3043 Hic

496 3070 746 3117 materna
781 3065 968 3136 lingua
1018 3069 1398 3128 instrumento
1458 3081 1660 3143 utens,
1694 3079 1908 3147 prolem
1960 3081 2082 3137 sine

380 3230 393 3239 ἱ
495 3159 651 3216 patre
677 3152 955 3210 allocutus
993 3166 1100 3220 est,
1131 3174 1258 3213 cum
1296 3159 1389 3215 illa
1420 3162 1603 3222 adhuc
1627 3173 1792 3223 utero
1822 3177 2075 3240 gestare-
2103 3204 2147 3263 ο

495 3253 584 3296 ιιιι·
620 3261 632 3296 :
689 3263 708 3295 Ι
739 3245 897 3303 Unde
935 3248 1041 3305 hoc
1076 3252 1233 3319 mihi,
1287 3254 1518 3325 dicens,
1554 3265 1616 3314 ut
1662 3262 1851 3317 veniat
1901 3264 2077 3321 Mater

492 3333 708 3391 Domini
740 3338 870 3392 mihi
905 3341 972 3394 ad
1009 3357 1096 3398 me
1131 3342 1182 3397 i?
1217 3363 1235 3397 ι
1268 3377 1337 3387 -
1373 3366 1391 3399 ι
1432 3348 1533 3405 llic
1562 3366 1689 3408 cum
1713 3358 2078 3413 convertisset

492 3424 665 3479 corda
707 3433 929 3494 patrum
963 3430 1018 3483 in
1063 3430 1228 3498 ﬁlios,
1258 3445 1313 3489 et
1348 3436 1673 3496 incredulos
1715 3442 1785 3497 ad
1832 3446 2076 3514 pruden-

489 3514 621 3567 tiam
667 3516 991 3586 iustorum,
1043 3528 1259 3592 paravit
1316 3526 1551 3585 Domino
1618 3533 1831 3602 plebem
1895 3537 2074 3605 ραι-ἴοι

488 3615 635 3661 ctam
670 3608 736 3661 ιιι
768 3629 789 3661 ι
848 3613 1241 3681 promissionis
1303 3620 1541 3690 fructus,
1575 3623 1752 3688 fausta
1797 3627 2075 3689 Gabrielis

488 3701 866 3768 annuntiatio,
902 3720 1129 3774 germen
1162 3709 1379 3768 defecta
1429 3724 1614 3785 aetate,
1663 3720 1924 3787 genitalis
1973 3722 2075 3780 llos

488 3791 734 3855 sterilis,
766 3797 1037 3863 propheta
1088 3808 1251 3859 ortus
1292 3807 1593 3874 propheta,
1641 3809 1849 3866 deserti
1892 3814 2071 3882 civis,

487 3880 688 3950 aliptes
714 3882 868 3939 orbis
912 3894 1210 3957 terrarum,
1243 3894 1385 3950 solis
1425 3898 1606 3965 stella,
1640 3900 1865 3958 lucerna
1909 3905 2071 3973 lucis,

487 3974 632 4043 regis
664 3975 845 4041 miles,
876 3980 1067 4048 sponsi
1102 3985 1409 4051 pronubus,
1448 3988 1669 4048 Domini
1711 4009 1929 4063 servus,
1963 4014 2069 4054 vos

487 4061 690 4118 Verbi:
756 4065 879 4135 ejus
939 4070 1237 4141 sacerdos,
1304 4077 1399 4145 qui
1462 4080 1769 4138 secundum
1814 4061 2067 4145 ordinem

484 4154 852 4214 Melrhisedec
880 4164 1252 4220 sacerdotium
1282 4170 1471 4239 gessit,
1502 4176 1725 4243 quando
1753 4178 1917 4234 etiam
1953 4197 2072 4235 me»

483 4248 599 4301 ruit
628 4249 844 4319 operari
875 4265 1036 4307 sacro
1065 4254 1187 4324 ejus
1225 4256 1549 4327 baptismati
1586 4281 1601 4318 :
1635 4279 1733 4333 per
1769 4281 1827 4321 se
1851 4269 2073 4323 auditor

482 4339 685 4404 Patris,
721 4341 973 4413 Baptista.
998 4342 1149 4407 Filii,
1178 4361 1243 4402 ac
1269 4358 1551 4419 spectator
1585 4353 1830 4423 Spiritus
1864 4362 2067 4427 sancti,

481 4434 622 4503 legis
662 4434 968 4498 silentium.
994 4446 1283 4508 sequester
1314 4443 1530 4512 gratire,
1564 4450 1789 4505 coronis
1832 4454 2069 4523 prophe-

2194 1972 2411 2045 ἀληθῶς
2436 1976 2564 2046 περὶ
2591 1970 2652 2030 οὗ
2672 1978 2698 2029 6
2728 1979 2907 2047 μέγας
2935 1980 3131 2049 ψάλλει
3179 1984 3352 2037 Δαόὶδ
3368 2024 3383 2049 ,
3427 1985 3510 2050 ὡς
3536 1989 3602 2040 ὲκ
3634 2006 3761 2060 προσ

2192 2064 2342 2117 ὡηπου
2364 2065 2460 2119 τοῦ
2476 2066 2615 2121 Θεοῦ
2636 2071 2730 2122 καὶ
2753 2071 2969 2141 Πατρὸς
2986 2073 3160 2142 λέγων
3184 2092 3199 2106 ’
3222 2095 3241 2127 ι
3263 2078 3585 2149 Ἠτοίμασα
3608 2081 3780 2163 λύχνον

2191 2159 2268 2227 τῷ
2300 2159 2524 2230 Χριστῷ
2562 2177 2696 2230 μου·
2725 2164 2821 2215 ἐπὶ
2845 2163 2903 2217 δὲ
2933 2166 3098 2220 αὐτὸν
3129 2168 3424 2239 ὲξανθήσει
3456 2171 3525 2224 τὸ
3554 2159 3779 2244 ἁγίασμά

2194 2264 2319 2317 μου.
2359 2267 2377 2300 ι
2423 2245 2593 2314 Οὗτός
2636 2252 2789 2305 ἐστιν
2828 2253 3018 2334 ’βλίας
3050 2257 3255 2321 ἐκεῖνος
3302 2262 3331 2312 6
3365 2261 3553 2330 μέγας
3577 2280 3593 2293 ’
3640 2265 3779 2334 ούχό

2190 2338 2461 2408 Θεσόίτης
2486 2356 2499 2369 ·
2530 2340 2648 2394 ἀλλ’
2693 2343 2722 2394 6
2777 2323 3009 2416 με’σίτης
3050 2347 3222 2418 νόμου
3272 2323 3378 2403 καί
3402 2323 3672 2423 χάριτος,
3699 2323 3779 2408 καὶ

2188 2431 2288 2500 τῆς
2321 2432 2597 2502 προτέρας
2617 2473 2631 2495 ,
2662 2437 2712 2487 εἰ
2750 2435 2845 2488 καὶ
2872 2436 2950 2507 τῷ
2982 2439 3161 2509 χρόνῳ
3194 2439 3458 2513 δεύτερος
3483 2484 3501 2509 ,
3528 2445 3632 2514 τῆς
3663 2448 3776 2517 Χρι-

2190 2521 2317 2574 στοῦ
2342 2523 2649 2591 παρουσίας
2685 2527 3019 2598 πρόδρομος,
3046 2529 3076 2581 6
3099 2530 3239 2600 μετὰ
3263 2534 3365 2602 τῆς
3394 2534 3578 2605 αὐτῆς
3599 2538 3777 2607 ἐκείνῳ

2189 2612 2470 2682 προελθὼν
2519 2616 2878 2684 ὲμπνεύσεως
2925 2620 3022 2674 καὶ
3057 2621 3383 2693 δυνάμεως,
3419 2626 3504 2690 ὡς
3532 2629 3774 2699 669161-

2184 2704 2343 2772 γελος
2370 2704 2449 2776 τῷ
2477 2709 2726 2780 Ζαχαρία
2747 2711 3083 2783 προέφησεν.
3114 2715 3367 2786 Ζαχαρία
3399 2718 3553 2789 ποίῳ
3578 2737 3595 2784 ;
3627 2713 3700 2771 Οὗ
3725 2720 3774 2772 τὸ

2183 2791 2327 2865 αἷμα
2358 2798 2551 2868 κράζει
2584 2800 2750 2854 πλέον
2789 2802 2885 2856 τοῦ
2936 2804 3123 2858 Ἀϐελ.
3167 2800 3341 2870 Οὗτός
3372 2809 3532 2862 ἐστιν
3573 2812 3603 2863 6
3652 2826 3770 2879 προο

2184 2890 2508 2960 σκιρτήσας,
2540 2892 2639 2945 καὶ
2667 2893 2797 2963 πρὶν
2828 2896 2908 2958 είς
2929 2895 3048 2964 φῶς
3077 2898 3365 2966 προελθεῖν
3400 2901 3667 2969 ἐπιγνοὺς
3691 2901 3775 2954 τόν

2182 2980 2378 3034 ἑαυτοῦ
2406 2984 2688 3056 Δεσπότην
2723 2986 3074 3059 ἑγγάστριον.
3110 2981 3282 3053 Οὗτος
3320 2992 3549 3065 ὀργάνῳ
3574 2997 3641 3065 τῇ
3686 2994 3768 3062 τῆς

2180 3073 2453 3143 τεκούσης
2481 3075 2699 3148 γλώττῃ
2723 3082 3097 3151 χρησάμενος,
3114 3082 3204 3137 τὸν
3228 3084 3494 3155 ἀπάτορα
3518 3086 3676 3140 τόκον
3700 3084 3770 3138 ἔτι

2181 3165 2623 3237 κυοφορούμενος
2678 3172 3095 3243 προηγόρευσεν
3121 3214 3137 3240 ,
3176 3194 3196 3227 ι
3231 3176 3408 3232 Πόθεν
3467 3196 3562 3250 μοι
3601 3180 3761 3243 τοῦτο,

2179 3254 2376 3323 λέγων,
2403 3256 2490 3311 ἵνα
2520 3259 2553 3329 ἡ
2585 3260 2769 3331 μήτηρ
2795 3262 2891 3317 τοῦ
2918 3264 3130 3335 Κυρίου
3163 3284 3267 3337 μου
3295 3268 3430 3342 ἔλθῃ
3464 3274 3610 3344 πρός
3641 3289 3762 3342 μεςι

2177 3364 2277 3397 -ι
2298 3341 2466 3411 Οὗτος
2483 3349 2807 3423 ἐπιστρέψει
2823 3354 3052 3425 καρδίας
3075 3359 3334 3431 πατέρων
3360 3341 3461 3416 ἐπὶ
3482 3341 3668 3426 τέκνα,
3683 3365 3766 3418 καὶ

2177 3438 2428 3502 ἀπειθεῖς
2455 3440 2513 3493 ἐν
2540 3445 2804 3513 φρονήσει
2828 3445 3071 3513 δικαίων,
3102 3450 3398 3521 ἑτοιμάσαι
3425 3455 3624 3527 Κυρίῳ
3653 3456 3764 3511 λαδν

2177 3531 2685 3600 κατεσκευασμένον
2710 3550 2722 3564 ·
2759 3552 2779 3586 ι
2811 3536 2841 3588 6
2870 3535 2930 3601 ἐξ
2956 3539 3295 3607 ἐπαγγελίας
3324 3545 3569 3613 καρπὸς,
3594 3547 3654 3599 τὸ
3682 3544 3761 3599 τοῦ

2179 3621 2423 3693 Γαϐριὴλ
2453 3623 2799 3693 εὐαγγέλιον,
2833 3631 2863 3681 6
2887 3632 3018 3700 παρ’
3049 3632 3273 3703 ἠλικίαν
3298 3634 3560 3705 βλαστὸς,
3592 3639 3652 3693 τδ
3676 3639 3760 3708 τῆς

2178 3717 2403 3786 στείρας
2434 3717 2659 3790 γόνιμον
2678 3772 2691 3779 ,
2711 3718 2892 3784 ἄνθος,
2925 3723 2953 3775 6
2983 3722 3048 3776 ὲκ
3083 3726 3370 3796 προφήτου
3401 3731 3709 3802 προφήτης,
3736 3730 3761 3781 6

2175 3808 2276 3876 τῆς
2319 3806 2534 3876 ἐρήμου
2585 3808 2812 3880 πολίτης
2832 3851 2845 3875 ,
2886 3813 2915 3864 6
2940 3815 3039 3882 τῆς
3063 3816 3401 3887 οἰκουμένης
3424 3821 3711 3889 ἀλείπτης,
3736 3822 3761 3872 6

2175 3897 2269 3952 τοῦ
2302 3899 2453 3969 ήλίου
2487 3901 2688 3973 ἀστήρ,
2731 3901 2827 3955 τοῦ
2858 3904 3043 3971 φωτὸς
3084 3908 3112 3960 6
3136 3907 3350 3979 λύχνος,
3375 3911 3477 3965 τοῦ
3508 3911 3760 3982 βασιλέως

2175 3991 2203 4044 6
2233 3990 2597 4064 στρατιώτης,
2632 3994 2660 4045 ὀ
2692 3996 3065 4064 νυμφαγωγὸς
3097 3997 3193 4052 τοῦ
3224 4001 3490 4070 νυμφίου,
3528 4003 3558 4055 6
3589 4001 3757 4063 δοῦλος

2174 4082 2269 4135 τοῦ
2299 4084 2596 4149 Δεσπότου,
2625 4085 2658 4156 ή
2702 4088 2857 4158 φωνὴ
2895 4087 2992 4140 τοῦ
3023 4090 3223 4159 Λόγου,
3254 4091 3347 4146 τοῦ
3376 4096 3524 4151 κατὰ
3549 4097 3648 4166 τὴν
3675 4095 3756 4148 τά·

2177 4174 2259 4238 ξιν
2287 4176 2624 4247 Μελχισεδὲκ
2656 4178 3096 4251 ίερατεύσαντος,
3132 4184 3161 4236 6
3191 4185 3395 4256 ἱερεὺς,
3424 4190 3542 4260 ὅσῳ
3570 4189 3663 4243 καὶ
3688 4188 3755 4240 Ξε-

2177 4268 2477 4338 ρουργῆσαι
2506 4268 2674 4323 αὐτοῦ
2706 4270 2785 4342 τῷ
2826 4270 3173 4349 βαπτίσματι
3205 4277 3571 4346 κατηξίωται,
3610 4280 3639 4331 6
3663 4277 3751 4330 τοῦ

2173 4361 2387 4431 Πατρὸς
2438 4361 2727 4432 αὐτήκοος,
2770 4364 2799 4416 6
2841 4364 2938 4416 τοῦ
2992 4365 3124 4430 Υἱοῦ
3186 4366 3534 4443 βαπτιστὴς,
3589 4375 3619 4425 6
3667 4371 3749 4425 τοῦ

2173 4453 2495 4525 Πνεύματος
2521 4453 2715 4525 θεατής
2739 4496 2754 4520 ,
2781 4457 2815 4526 ή
2845 4454 2939 4509 τοῦ
2963 4457 3133 4529 νόμου
3163 4462 3315 4530 σιγὴ,
3348 4462 3377 4513 6
3411 4465 3643 4535 μεσίτης
3662 4464 3751 4531 τῆς

480 4534 592 4597 tiae,
628 4520 1020 4605 prophetarum
1080 4538 1206 4594 ﬁnis
1230 4579 1245 4603 ,
1282 4541 1438 4610 regni
1488 4557 1669 4610 primo
1693 4581 1709 4609 ,
1750 4559 2066 4613 przecursor

2184 4520 2393 4616 (ἀριτος
2411 4586 2425 4607 ,
2461 4545 2562 4616 τῆς
2583 4520 2931 4618 προφητείας
2956 4520 3208 4622 κορωνὶς,
3382 4520 3677 4625 προφητόύν

480 4626 749 4693 veritatis,
808 4639 960 4696 porta
1015 4631 1378 4714 pmnitentize,
1427 4635 1773 4704 virginitatis
1808 4646 2065 4715 ornatur,

482 4718 678 4772 salutis
736 4730 1101 4791 pratparator,
1135 4706 1413 4782 castitatis
1445 4729 1750 4800 legislator,
1786 4708 2066 4801 improbo-

482 4826 603 4866 rum
641 4810 879 4879 lrenunt,
912 4815 1027 4875 dux
1053 4830 1247 4878 eorum
1274 4821 1368 4889 qui
1395 4820 1567 4891 probe
1592 4821 1760 4878 vitam
1799 4830 1990 4890 agunt.

550 5072 789 5130 Ioannes
848 5076 940 5133 ille
988 5059 1253 5149 magnus:
1291 5095 1325 5135 a
1362 5079 1474 5136 Deo
1526 5094 1778 5137 vocatum
1832 5101 2053 5153 nomen,

477 5168 640 5222 allata
688 5168 758 5221 de.
807 5169 966 5225 caelis
994 5184 1092 5240 per
1129 5170 1464 5244 Archangeli
1501 5190 1690 5229 vocem
1743 5184 2056 5234 nomencla-

551 5357 755 5436 {Joam
780 5376 866 5425 ιιι,
895 5362 1137 5436 Ξξζμῦθη
1162 5362 1210 5436 ,ὅ
1255 5362 1415 5418 Joan.
1449 5378 1500 5430 v,
1520 5363 1621 5436 755.
1646 5434 1654 5436 _
1681 5376 1727 5436 κο
1756 5364 1927 5436 Marc.
1954 5384 2029 5436 vt,
2055 5370 2076 5424 l

479 5427 495 5466 ε
534 5427 726 5483 Matth.
753 5446 915 5498 χχιιι,
950 5434 1042 5489 55.
1126 5429 1436 5499 iLuc.t.,65.
1487 5427 1543 5474 ’κ
1583 5434 1721 5491 ibid.
1761 5434 1847 5493 17.

2175 4636 2572 4708 συμπέρασμα,
2603 4641 2701 4709 τῆς
2743 4638 3023 4708 βασιλείας
3068 4643 3098 4694 ὀ
3124 4642 3324 4714 κῆρυξ,
3357 4645 3464 4714 τῆς
3507 4645 3745 4716 ἀληθείας

2170 4729 2199 4780 6
2232 4729 2567 4800 πρόδρομος,
2609 4732 2706 4803 τῆς
2739 4733 3037 4802 μετανοίας
3065 4736 3098 4804 ἠ
3137 4735 3299 4806 θύρα,
3330 4739 3431 4808 τῆς
3461 4740 3745 4810 παρθενίας

2169 4820 2197 4871 6
2223 4819 2526 4891 στολιστής,
2559 4822 2585 4874 6
2609 4823 2706 4893 τῆς
2732 4825 3009 4895 σωτηρίας
3033 4827 3394 4899 ἐτοιμαστὴς,
3424 4831 3525 4903 τῆς
3546 4846 3742 4901 σωφρο-

2183 4910 2347 4982 σύνης
2372 4913 2399 4963 ὁ
2436 4912 2756 4984 νομοθέτης,
2798 4915 2908 4969 τῶν
2948 4917 3298 4989 ὰνομούντων
3325 4923 3353 4975 6
3373 4923 3611 4993 χαλινὸς,
3644 4922 3739 4975 τῶν

2168 5002 2550 5071 Δεὐνομούντων
2581 5007 2608 5058 ό
2640 5008 3006 5076 χειραγωγός.

2247 5084 2501 5165 Ἰωάννης
2529 5098 2557 5148 6
2587 5092 2761 5165 μέγας
2787 5115 2800 5128 ·
2828 5098 2890 5151 τὸ
2916 5098 3213 5169 θεόκλητον
3233 5102 3432 5174 ὄνομα,
3457 5107 3489 5174 ή
3514 5105 3572 5168 ἐξ
3591 5105 3735 5171 ούρα-

2164 5185 2270 5240 νῶν
2301 5186 2368 5240 δι’
2402 5188 2746 5258 ἀρχαγγέλου
2778 5189 2967 5260 φωνῆς
3003 5192 3587 5269 ὀνοματογραφηοεῖσα
3615 5195 3732 5263 κλῇ.

2087 5369 2140 5425 8.
2223 5371 2243 5410 ἲ
2269 5374 2558 5445 Manium,
2590 5380 2670 5434 ll.
2752 5386 2777 5422 ε
2805 5382 2953 5439 Psal.
2982 5400 3171 5450 cxxxr.
3206 5389 3291 5444 l7.
3367 5392 3395 5432 ιι
3423 5391 3555 5446 Luc.
3581 5406 3620 5458 ι,
3646 5384 3721 5439 l7-

1819 5605 2214 5667 COMBEFISH
2255 5612 2488 5670 ΝΟΤᾸΞ.

546 5688 661 5759 (‘23)
690 5689 870 5773 .Cujus
904 5693 1118 5783 sanguis
1152 5693 1371 5775 clamat.
1417 5695 1486 5750 Ut
1519 5695 1780 5783 Dominus
1810 5699 2046 5783 primum
2156 5684 2697 5783 palam_dccl:trar_et.
2742 5709 2835 5783 Sic
2877 5712 3119 5783 plerique
3151 5714 3347 5773 Patres
3385 5717 3449 5771 de
3473 5711 3709 5769 Zacliaria

473 5776 538 5831 ac
566 5762 940 5831 novissimum
970 5762 1188 5819 Justum
1218 5766 1436 5819 occisos
1469 5767 1735 5831 referens,
1774 5762 1907 5823 nihil
1941 5786 2046 5824 non

472 5829 528 5896 in
557 5829 735 5900 iustos
767 5833 1122 5890 commissum
1151 5851 1179 5889 ει
1206 5834 1410 5891 Julia-is
1438 5838 1668 5893 inultum
1700 5829 1947 5895 relictum
1983 5842 2047 5895 iri

2159 5785 2316 5845 patre
2348 5776 2578 5835 Joannis
2611 5776 2944 5837 Dominicam
2979 5776 3311 5842 sententiam
3342 5788 3624 5858 explicant.
