4012 6452
316 406 442 470 liii

1491 403 1573 462 IN
1622 403 2073 464 APOSTOLUM
2116 403 2385 463 TITUM.

3448 396 3585 462 1142

312 539 421 585 τις,
453 521 486 590 ἠ
519 520 583 572 ἐκ
604 515 864 585 σι’γῶντος
890 515 1062 587 φωνὴ,
1094 516 1121 568 6
1145 517 1210 587 τῇ
1240 514 1453 586 ἀφωνία
1473 516 1566 569 τοῦ
1604 517 1807 588 πατρδς
1838 517 1899 570 τὸ

2024 533 2160 581 ura;
2193 533 2296 570 vox
2326 525 2450 573 orta
2481 530 2543 570 ex
2583 522 2739 571 muto
2759 557 2775 582 ,
2800 513 2898 586 qui
2949 514 3173 571 silentio
3204 523 3437 584 paterno
3468 525 3585 571 ste-

306 615 507 682 ἄγονον
530 608 743 679 ὑφελὼν
778 610 876 679 τῆς
908 606 1249 681 στειρώσεως
1267 647 1284 673 ,
1310 609 1338 661 6
1368 609 1460 663 τὸν
1482 609 1654 679 ἀμνὸν
1677 608 1898 664 ὑποδεί-

309 703 435 768 ξας,
462 700 541 771 τῷ
566 699 823 753 λαλοῦντι
850 696 1121 766 δακτύλῳ,
1148 695 1212 749 τὺ
1263 695 1404 765 μέγα
1434 696 1534 766 τῆς
1570 695 1901 765 ἐγκρατείας

306 792 547 863 αὔχημα
570 833 585 858 ,
623 791 653 843 6
685 791 744 843 ὲν
775 788 989 859 σώματι
1013 790 1272 859 ἄσαρκος.
1306 790 1334 841 6
1358 790 1415 840 ὲν
1439 787 1596 858 πηλῷ
1625 788 1899 859 μαργαρί-

303 901 439 953 της,
470 886 499 937 6
525 885 582 935 ὲν
624 881 938 952 ὀστρακίνῳ
970 880 1155 933 σκεύει
1197 877 1492 949 πολυτελὴς
1523 878 1794 949 θησαυρδς
1817 919 1832 943 ,
1872 879 1901 931 6

305 979 384 1047 τῇ
408 975 569 1046 ἀξίνῃ
584 975 686 1044 τὴν
707 974 883 1043 τομὴν
909 971 1277 1043 προσεπάγων
1295 973 1363 1041 τῇ
1386 970 1495 1024 τῶν
1511 969 1699 1040 ψυχῶν
1725 970 1902 1038 ἀκαρρ

307 1067 441 1136 πία,
478 1068 509 1134 ἡ
541 1064 847 1135 φιλέρημος
871 1064 970 1134 τῆς
1005 1062 1330 1132 Ἐκκλησίας
1353 1062 1592 1133 τρυγὼν,
1624 1060 1685 1113 τὸ
1710 1060 1905 1131 ἀσίγη-

304 1174 411 1213 τον
434 1156 631 1225 στόμα,
662 1156 696 1225 ἡ
725 1154 1003 1223 πανταχοῦ
1059 1154 1342 1224 βροντῶσα
1377 1174 1395 1206 ι
1425 1153 1576 1222 φωνὴ
1607 1151 1701 1204 τοῦ
1741 1151 1906 1222 βοῶν-

305 1267 411 1312 τος
444 1252 500 1301 ὲν
521 1250 588 1318 τῇ
613 1248 809 1318 ἐρήμῳ
832 1264 844 1277 ·
866 1247 1228 1315 Ἑτοιμάσατε
1259 1247 1357 1314 τὴν
1394 1245 1512 1298 ὁδὸν
1541 1244 1636 1298 τοῦ
1670 1244 1902 1314 Κυρίου·

306 1341 541 1403 εὐθείας
594 1342 800 1393 ποιεῖτε
833 1340 935 1402 τὰς
972 1338 1195 1409 τρίϐους
1238 1338 1433 1391 αὐτοῦ’
1475 1358 1492 1390 ι
1523 1340 1555 1409 ἡ
1581 1338 1904 1408 θεορῤήμων

307 1433 568 1504 γλῶσσα,
593 1427 713 1505 ἦςη
741 1433 915 1504 φωνὴ,
947 1433 1044 1485 καὶ
1080 1433 1220 1503 μετὰ
1250 1432 1311 1484 τὸ
1341 1431 1495 1495 τέλος
1521 1432 1612 1483 τὸν
1659 1429 1906 1501 Ἡρώδην

310 1524 559 1594 ἐλέγχει,
596 1524 691 1578 καὶ
716 1525 806 1576 τὸν
838 1523 1134 1595 ἐρχόμενον
1164 1523 1460 1596 κηρύττει·
1500 1540 1517 1571 ι
1552 1523 1904 1585 Μετανοεῖτε,

312 1615 582 1684 λέγουσα,
617 1616 846 1686 ἤγγικεν
871 1617 904 1685 ἡ
931 1614 1183 1685 βασιλεία
1213 1614 1323 1667 τῶν
1345 1612 1611 1684 οὐρανῶν.
1637 1630 1655 1663 ι
1691 1610 1849 1680 Αὐτῷ
1874 1611 1908 1681 ἡ

316 1707 478 1773 δόξα,
534 1709 630 1761 καὶ
667 1707 729 1761 τὸ
776 1707 976 1779 κράτος
1020 1709 1100 1770 εἰς
1124 1707 1249 1769 τοὺς
1283 1705 1487 1768 αἰῶνας
1534 1702 1642 1757 τῶν
1671 1702 1908 1758 αἰώνων.

338 1798 538 1870 ’Λμήν.

922 1933 1141 1986 ΛΟΓΟΣ
1203 1931 1317 1999 ις’.

322 2042 439 2109 Εἷς
462 2042 569 2097 τόν
590 2044 780 2114 ἅγιον,
800 2043 897 2098 καί
920 2044 1235 2113 μακάριον,
1257 2044 1355 2098 καὶ
1382 2044 1782 2112 πανεύερημον
1803 2040 1910 2095 τοῦ

686 2117 944 2184 Χριστοῦ
977 2116 1327 2170 ἀπόστολον
1365 2116 1554 2169 Τίτον.

2000 608 2232 663 rilitatis
2291 606 2520 665 ahstulit
2591 606 3093 673 infecunditatem,
3162 605 3260 675 qui
3325 604 3586 675 loquente

2000 701 2173 769 digito
2224 699 2438 769 Agnum
2496 700 2778 766 ostendit;
2832 714 3030 769 magna
3086 698 3178 753 illa
3230 699 3590 755 continentia:

2001 788 2276 860 gloriatio,
2309 789 2498 843 carnis
2548 803 2747 858 espers
2798 790 2852 842 in
2902 804 3167 856 corpore,
3201 790 3500 858 margarita
3532 788 3587 842 in

2002 896 2203 946 coeno,
2237 882 2512 949 pretiosus
2564 883 2618 936 in
2670 881 2889 936 ﬁctihili
2934 896 3066 936 vase
3120 881 3434 946 thesaurus,
3492 881 3588 950 qui

2003 971 2214 1036 securi,
2246 972 2553 1026 animarum
2581 980 2828 1041 amputat
2857 973 3206 1028 sterilitatem
3230 990 3245 1039 ;
3271 971 3589 1027 solitudinis

2004 1079 2199 1119 amans
2230 1064 2494 1118 Ecclesiae
2539 1072 2762 1128 turtur;
2794 1079 2891 1120 eos
2926 1065 3094 1120 silere
3134 1064 3386 1119 nescium
3420 1081 3434 1116 :
3472 1062 3591 1118 Vox

2006 1156 2210 1224 ubique
2241 1163 2443 1211 tonans
2475 1156 2766 1211 clamantis
2792 1155 2846 1209 in
2871 1155 3095 1210 deserto
3132 1174 3145 1208 :
3174 1173 3192 1206 ι
3220 1154 3419 1209 Parate
3444 1155 3588 1208 viam

2010 1248 2267 1303 Domini:
2307 1256 2489 1303 rectas
2539 1245 2704 1302 facite
2748 1247 2978 1301 semitas
3026 1246 3147 1315 ejus
3192 1244 3237 1311 ις
3276 1265 3297 1298 ι
3333 1246 3592 1315 deiloqua

2006 1338 2219 1409 lingua,
2258 1338 2418 1405 cujus
2456 1354 2559 1393 vox
2598 1344 2726 1408 post
2757 1338 2926 1392 etiam
2957 1337 3163 1391 obitum
3205 1335 3475 1391 llerodem
3507 1349 3596 1390 rc-

2007 1431 2328 1505 preheridit,
2379 1437 2435 1486 et
2486 1446 2612 1485 eum
2679 1428 2967 1499 praedicat,
3020 1427 3114 1496 qui
3168 1434 3253 1480 est
3304 1434 3595 1489 venturus.

2009 1520 2252 1577 dicens:
2287 1540 2306 1573 ι
2352 1519 2747 1579 Paenitentiam
2774 1520 2956 1589 agite;
3003 1517 3468 1589 appropinquavit
3506 1530 3594 1570 re-

2011 1628 2176 1683 gnum
2195 1613 2466 1667 caelorum
2487 1622 2548 1665 ιιι.
2580 1632 2598 1665 ι
2629 1611 2737 1683 lpsi
2766 1611 2940 1683 gloria
2968 1617 3022 1666 et
3047 1616 3295 1681 potestas
3317 1609 3371 1661 in
3395 1607 3597 1662 saecula

2011 1705 2363 1760 saeculorum.
2390 1704 2586 1760 Amen.

2578 1925 2843 1982 ORATIO
2881 1926 3022 1982 XVI.

2015 2026 2078 2094 ιιέ
2121 2049 2366 2094 sanctum
2396 2047 2446 2093 et
2484 2037 2695 2091 beatum
2718 2078 2750 2113 ,_
2777 2037 3351 2113 εείεένταιίδδίιιιιιιηᾳιιε
3394 2032 3602 2091 Christi

2540 2108 2841 2176 apostolum
2870 2108 3067 2161 Titum.

1640 2250 1959 2313 (Galland.,t.
1987 2247 2118 2307 xui,
2156 2247 2286 2308 156,)

426 2355 821 2410 Ἀποστολικῶν
874 2358 1168 2428 ἐγκωμίων
1225 2357 1567 2426 ἐφάπτεσθαι
1625 2357 1912 2426 μέλλοντι,

339 2449 573 2522 παρήτω
609 2466 698 2520 μοι
719 2451 778 2504 τὸ
805 2450 1049 2521 Πνεῦμα,
1076 2451 1172 2503 καὶ
1201 2450 1391 2504 διδότω
1415 2452 1575 2520 λόγον
1601 2451 1798 2504 ὁπόσον
1820 2450 1917 2503 καὶ

334 2538 619 2612 βούλομαι.
644 2542 792 2595 Φιλεί
835 2543 943 2612 γὰρ
982 2544 1069 2597 ἀεὶ
1111 2546 1478 2613 συμπαρεῖναι
1512 2546 1625 2607 τοῖς
1646 2544 1712 2596 δι’
1744 2541 1914 2597 αὐτοῦ

328 2632 517 2688 λαλεῖν
575 2634 893 2706 ᾑρημένοις,
942 2634 1131 2705 ὥσπερ
1174 2635 1276 2705 ἢδη
1327 2635 1591 2706 πρότερον
1644 2635 1919 2705 γλώσσαις

330 2722 544 2778 ἄνωθεν
574 2724 951 2793 καθιεμέναις,
990 2725 1075 2792 ἐφ’
1115 2724 1211 2778 ἕνα
1254 2725 1484 2778 ἕκαστον
1508 2726 1915 2795 καταφοιτῆσαν

326 2811 447 2865 τῶν
471 2812 709 2882 Χριστοῦ
762 2813 1023 2885 μαθητῶν
1072 2814 1393 2869 ὲπεκάθισε.
1441 2814 1680 2886 Παρήτω
1723 2813 1802 2879 δὲ,
1840 2815 1915 2884 μὴ

328 2903 436 2973 ’τὴν
459 2905 616 2968 ἀξίαν
639 2905 740 2975 τῆς
768 2906 908 2976 ἐμῆς
948 2906 1254 2977 ὲκμετροῦν
1298 2905 1642 2971 ἀναϐάσεως,
1675 2906 1812 2959 ἀλλά
1840 2906 1917 2977 τῷ

340 2995 567 3067 μεγέθει
596 2998 694 3067 τῆς
722 2998 801 3060 είς
836 2998 986 3067 ἡμᾶς
1017 2990 1438 3067 ἁγαθοπρεποῦς
1475 2997 1784 3067 θεουργίας,
1819 2999 1918 3069 τὴν

333 3087 765 3157 ἀπειροπλάσιον
791 3089 956 3143 αὑτοῦ
995 3089 1155 3160 χάριν
1183 3090 1311 3157 ἡμῖν
1344 3088 1782 3158 ὲπιδαψιλεῦσον.
1817 3090 1917 3158 Eii]

335 3174 402 3228 δὲ
448 3178 540 3231 καὶ
590 3179 717 3249 ὑμῖν
756 3181 869 3242 τοῖς
930 3180 1156 3234 αὐτόθεν
1212 3179 1459 3249 ἀφθόνως
1514 3179 1919 3250 ὲκῢλυζομένης

2092 2354 2439 2425 Aggressuro
2461 2349 2595 2406 mihi
2624 2349 2873 2405 cncomia
2896 2347 3230 2425 apostolica,
3251 2345 3399 2401 adsit
3426 2344 3601 2415 Spiri-

2024 2454 2113 2502 tus
2145 2436 2401 2510 sauctus,
2434 2455 2667 2513 eamque
2706 2440 2981 2495 sermonis
3020 2440 3130 2494 vim
3165 2438 3394 2503 tribuat,
3434 2450 3603 2505 quam

2023 2545 2078 2593 et
2107 2544 2257 2606 opto.
2278 2536 2484 2591 Libens
2503 2534 2708 2605 quippe
2733 2532 2803 2588 iis
2836 2546 3054 2602 semper
3075 2530 3253 2594 adest,
3270 2530 3364 2599 qui
3386 2528 3606 2586 amante
3670 2556 3684 2569 -

2024 2630 2145 2699 ipso
2175 2628 2404 2696 cupiunt
2438 2626 2591 2696 loqui
2623 2642 2639 2680 :
2672 2623 3138 2694 quemadmodum
3163 2622 3276 2693 jam
3307 2621 3462 2685 olim,
3499 2619 3607 2673 lin-

2021 2724 2146 2793 guis
2177 2721 2246 2777 de
2278 2720 2420 2775 coelo
2451 2718 2663 2781 missis,
2704 2732 2870 2788 supra
2905 2715 3156 2786 singulos
3193 2712 3405 2769 Christi
3434 2709 3605 2767 disci-

2023 2814 2187 2884 pulos
2218 2811 2564 2867 descendens
2594 2809 2758 2864 sedit.
2800 2809 2960 2866 Adsit
3001 2822 3157 2873 vero,
3207 2820 3317 2860 non
3350 2818 3449 2874 pro
3496 2800 3607 2856 inci

2023 2919 2293 2960 ascensus
2324 2904 2558 2967 ratione,
2591 2901 2684 2956 sed
2713 2917 2812 2970 pro
2831 2901 3030 2955 divina:
3061 2899 3114 2953 in
3145 2913 3250 2953 nos
3276 2897 3431 2951 bona:
3460 2893 3607 2948 illius

2024 2994 2365 3065 operationis
2401 2993 2819 3063 magnitudine,
2869 2991 3205 3044 immensum
3239 2985 3602 3056 multiplicem

2026 3084 2261 3153 gratiam
2296 3097 2452 3138 suam
2492 3081 2643 3150 large
2674 3078 2837 3134 nobis
2853 3077 3228 3133 exhibiturus.
3259 3073 3451 3143 Opera:
3478 3086 3606 3127 vero

2027 3176 2263 3246 pretium
2311 3174 2513 3239 fuerit,
2566 3182 2624 3227 ut
2668 3182 2723 3229 et
2771 3186 2908 3235 vos,
2963 3170 3056 3240 qui
3094 3167 3381 3236 copiosum
3421 3168 3489 3219 ab
3537 3178 3606 3219 eo

339 3267 686 3337 ιιμωτοχυσίας
715 3271 899 3338 τυχεῖν
944 3269 1277 3347 ἐφιεμένοις,
1308 3268 1375 3321 τὰ
1413 3268 1556 3321 αὐτά
1600 3284 1692 3338 μοι
1728 3267 1918 3321 συνεύ-

2028 3267 2178 3321 fonte
2242 3280 2476 3321 manans
2530 3265 2716 3319 lumen
2771 3262 2993 3331 assequi
3055 3259 3352 3321 studi-alis,
3408 3254 3602 3311 eadem

335 3356 536 3421 ξασθαι
568 3359 661 3411 καὶ
690 3360 869 3412 εἰπεῖν
890 3377 902 3391 ·
937 3360 1132 3429 Κύριε,
1161 3359 1436 3430 γνώρισόν
1454 3376 1565 3429 μοι,
1598 3359 1695 3412 καὶ
1718 3358 1923 3427 γνώσο-

336 3465 467 3517 μαι,
496 3448 590 3502 τοῦ
627 3450 831 3519 γνῶναι
869 3451 1031 3522 ἡνίκα
1058 3453 1138 3505 δεῖ
1182 3453 1362 3505 εἰπεῖν
1405 3451 1563 3520 λόγον
1591 3468 1604 3482 ·
1645 3471 1663 3504 ι
1708 3452 1821 3506 Καὶ
1848 3451 1927 3522 μὴ

330 3539 600 3613 περιέλῃς
625 3544 690 3594 ὲκ
724 3541 823 3595 τοῦ
872 3542 1141 3613 στόματός
1181 3559 1284 3613 μου
1325 3542 1483 3611 λόγον
1516 3543 1778 3613 ἀληθείας
1816 3542 1923 3607 ἕως

333 3632 568 3703 σφόδρα.
601 3651 620 3684 ι
649 3632 807 3688 Οὕτω
836 3635 935 3705 μὲν
960 3629 1052 3688 οὖν
1077 3636 1216 3706 πρὶς
1246 3635 1308 3688 τὸ
1341 3634 1572 3706 μέγεθος
1602 3624 1924 3706 ἀφορῶντας

327 3726 435 3779 τοῦ
463 3729 825 3799 προκειμένου
854 3730 1080 3797 σκοποῦ,
1118 3731 1199 3783 δεῖ
1232 3731 1450 3794 πάντως
1478 3731 1622 3800 ἡμᾶς
1652 3729 1926 3793 εὐκτικῶς

330 3821 693 3890 ἐντυγχάνειν
736 3820 815 3891 τῷ
842 3821 1146 3892 Πνεύματι,
1187 3824 1280 3875 καί
1322 3824 1453 3892 παρ’
1485 3822 1652 3875 αὐτοῦ
1700 3821 1767 3876 τὰ
1801 3822 1924 3875 κατ’

330 3909 504 3975 ἀξίαν
522 3911 704 3981 λέγειν
725 3912 783 3964 ὲν
805 3911 880 3983 τῷ
905 3913 1046 3984 ὑπὲρ
1074 3914 1231 3978 ἀξίαν
1261 3913 1454 3979 αίτεῖν,
1483 3914 1557 3978 ὡς
1586 3912 1651 3966 ἂν
1683 3914 1758 3983 μὴ
1781 3912 1928 3985 λόγῳ

328 4001 738 4074 καθυϐρισθείη
773 4002 831 4055 τὸ
859 4003 1298 4075 εὐφημούμενον.
1342 4002 1565 4055 Ποθεῖτε
1602 4001 1660 4054 δὲ
1706 4001 1926 4063 πάντως

335 4093 561 4163 μαθεῖν,
594 4093 646 4145 τί
674 4094 804 4146 ποτέ
841 4096 987 4147 ἐστιν
1016 4094 1126 4164 ἄρα
1155 4095 1216 4149 τὸ
1244 4093 1337 4147 νῦν
1375 4092 1819 4165 εὐφημούμενον.
1853 4091 1927 4144 Τὸ

328 4184 402 4238 δὲ
436 4186 719 4256 προδήλως
759 4187 906 4239 ἐστὶν
945 4188 973 4238 6
1012 4185 1302 4249 θεσπέσιος
1331 4186 1487 4248 Τίτος
1521 4187 1549 4237 6
1584 4185 1799 4255 πρῶτος
1825 4182 1926 4252 τῆς

331 4271 585 4341 Κρητῶν
626 4273 956 4340 Ἐκκλησίας
999 4270 1274 4341 θεμέλιος,
1320 4273 1421 4334 τῆς
1458 4270 1718 4340 ἀληθείας
1748 4270 1775 4322 6
1809 4268 1929 4321 στύ-

329 4361 459 4424 λος,
487 4362 548 4413 τὸ
577 4361 677 4433 τῆς
704 4361 940 4424 πίστεως
976 4360 1209 4430 ἔρειο-μα
1253 4357 1362 4411 τῶν
1396 4357 1613 4426 ἀληθῶν
1641 4356 1928 4425 δογμάτων

327 4454 374 4506 ὁ
408 4453 692 4524 πρόϐολος.
728 4453 887 4514 Τίτος
920 4451 1029 4523 τῷν
1075 4448 1451 4518 εὐαγγελικῶν
1487 4447 1867 4518 κηρυγμάτων
1892 4447 1928 4515 ή

328 4547 610 4614 ἁσίγητος
642 4543 902 4610 σάλπιγξ,
941 4543 1000 4595 τὸ
1040 4540 1243 4610 ὑψηλὸν
1279 4540 1377 4609 τῆς
1425 4538 1643 4592 Παύλου
1679 4536 1929 4607 γλώττης

2026 3373 2241 3414 mecum
2287 3355 2616 3428 precemiui,
2653 3370 2718 3408 ac
2744 3354 2946 3409 dicatis
2980 3371 2994 3405 :
3041 3353 3185 3406 Doce
3216 3366 3325 3416 me,
3351 3348 3603 3409 Domine.

2025 3454 2081 3501 et
2128 3446 2302 3501 sciam
2355 3444 2495 3515 (29);
2552 3455 2611 3499 ut
2652 3444 2899 3498 noverim
2952 3442 3179 3514 quando
3225 3446 3476 3510 Oporteat
3514 3452 3609 3493 me

2026 3538 2173 3608 loqui
2203 3537 2429 3592 verbum
2458 3556 2471 3590 :
2509 3555 2529 3588 ‹
2571 3536 2635 3591 Ει
2668 3552 2736 3591 ne
2760 3535 2982 3590 auferas
3005 3534 3229 3588 verbum
3265 3531 3512 3586 veritatis
3540 3546 3607 3584 ex

2025 3642 2122 3683 ore
2153 3641 2273 3681 meo
2304 3641 2483 3696 usque
2514 3626 2673 3680 valde
2706 3636 2757 3680 ιι.
2796 3643 2816 3677 ι
2856 3624 2949 3678 Sic
2978 3618 3112 3679 sane
3146 3621 3393 3676 animum
3427 3621 3611 3674 inten-

2027 3716 2285 3774 dentibus
2320 3719 2376 3771 in
2413 3717 2654 3788 subjecti
2675 3717 2982 3789 argumenti
3008 3713 3410 3786 praestantiam,
3446 3711 3610 3766 fuerit

2026 3809 2255 3863 omnino
2291 3809 2583 3863 adeundus
2613 3824 2738 3863 cum
2774 3808 3038 3877 precibus
3080 3807 3303 3861 divinus
3340 3803 3606 3874 Spiritus,

2027 3909 2191 3971 atque
2229 3902 2297 3955 ab
2330 3918 2397 3957 eo
2430 3902 2771 3970 petendum,
2809 3911 2870 3954 ut
2932 3915 3035 3970 pro
3074 3898 3342 3970 dignitate
3378 3911 3612 3951 conces-

2027 3993 2161 4048 serit
2190 3991 2403 4055 dicere,
2432 3992 2487 4045 in
2525 4008 2591 4046 eo
2617 3990 2766 4062 quod
2797 3991 3124 4062 dignitatem
3158 3996 3408 4059 supcrat,
3451 3996 3509 4041 ut
3541 4001 3612 4042 ne

2027 4085 2171 4155 quod
2215 4086 2499 4155 praeconio
2516 4084 2918 4140 celebrandum
2955 4083 3319 4145 assumimus,
3351 4095 3612 4136 sermone

2028 4179 2331 4233 infametur
2396 4180 2759 4249 vilescatque.
2828 4177 2998 4233 Plane
3070 4193 3205 4233 vero
3272 4174 3611 4230 desideratis

2028 4271 2177 4327 scire
2224 4271 2488 4340 quidnam
2526 4271 2666 4325 lictis
2722 4270 3021 4340 praeconiis
3076 4267 3467 4324 celebrandum
3526 4265 3613 4319 in-

2028 4340 2290 4415 cumb’ai?
2332 4358 2537 4430 Utique
2568 4360 2920 4414 admirabilis
2960 4360 3054 4414 ille
3084 4367 3140 4413 et
3170 4358 3389 4412 divinus
3426 4357 3611 4420 Titus,

2029 4455 2267 4524 primum
2333 4452 2469 4507 illud
2522 4450 2805 4507 Cretensis
2844 4450 3106 4507 Ecclesia:
3160 4449 3607 4521 fundamentum,

2029 4546 2289 4599 columna
2322 4544 2418 4598 illa
2446 4544 2724 4610 veritatis,
2757 4543 2879 4597 ﬁdei
2917 4543 3349 4607 ﬁrmamentum,
3386 4542 3615 4610 dogma-

332 4639 644 4710 ἁπήχημα,
688 4638 787 4708 τῆς
841 4637 1081 4691 ἀπλάνου
1129 4635 1382 4703 γνώσεως
1424 4636 1452 4688 ὁ
1503 4634 1707 4688 κανών.
1755 4626 1918 4694 Οῦτος

2034 4642 2145 4688 ιιιιιι
2179 4633 2431 4687 veritatis
2467 4632 2804 4703 praesidium.
2826 4631 3010 4697 Titus,
3039 4632 3289 4703 inquam,
3326 4630 3617 4700 Evangeli-

334 4726 498 4800 ἦμᾶς
538 4732 565 4783 6
603 4731 777 4800 μέγας
819 4728 1089 4798 ἑστιάτωρ
1127 4726 1225 4797 τὴν
1277 4726 1662 4796 πνευματικὴν
1700 4724 1932 4778 πανδαι-

338 4822 474 4876 σίαν
501 4821 608 4876 τῶν
639 4822 814 4887 λόγων
851 4819 1181 4873 συνεκάλεσε
1215 4819 1459 4889 τήμερον
1483 4831 1499 4848 ⁶
1523 4816 1632 4886 ὄψα
1665 4815 1765 4886 μὲν
1797 4832 1933 4885 προ·

337 4914 464 4977 Θεὶς
491 4913 558 4967 τὰ
598 4912 838 4985 μυστικά
863 4914 963 4982 τῆς
992 4912 1243 4983 ἀγράφου
1276 4908 1468 4979 σοφίας
1488 4926 1502 4940 ·
1542 4908 1651 4961 εἴτε
1673 4906 1932 4977 θαύματα

337 5007 457 5079 χρὴ
486 5005 692 5075 λέγειν,
714 5004 822 5057 εἴτε
852 5003 1134 5073 δόγματα·
1160 5001 1416 5073 κρατῆρα
1436 5001 1492 5053 δὲ
1514 4999 1808 5071 ὑπερφερῆ
1835 4999 1931 5052 κατ,

341 5099 481 5168 θείῳ
512 5096 847 5168 κιρνὼμενον
879 5095 1105 5165 πόματι,
1147 5094 1237 5146 τὸν
1281 5093 1600 5147 συνεκτικὸν
1639 5091 1737 5162 τῆς
1777 5090 1931 5153 θείας

336 5186 700 5250 διδασκαλίας
725 5185 882 5253 λόγον
915 5184 1078 5237 οἱονεὶ
1103 5181 1468 5251 προχεόμενόν
1501 5197 1559 5232 τε
1585 5180 1678 5234 καὶ
1709 5179 1933 5251 μετεχόο

343 5295 534 5349 μενον.
559 5277 730 5345 Λόγον
757 5276 811 5329 δὲ
845 5276 933 5327 τὸν
963 5274 1086 5338 ὀξὺν
1121 5274 1211 5326 καὶ
1246 5272 1557 5342 τομώτατον
1580 5270 1721 5342 ὑπὲρ
1749 5272 1929 5325 πᾶσαν

424 5457 452 5496 οι
489 5456 649 5514 Joan.
681 5476 722 5525 ι,
769 5458 858 5511 9.5.

2031 4740 2219 4780 carum
2244 4725 2701 4795 praedicationum
2734 4727 2924 4781 nescia
2969 4725 3178 4779 silentii
3229 4725 3398 4789 tuha,
3440 4716 3616 4779 subii;

2030 4817 2136 4873 mis
2163 4815 2413 4871 Paulinae
2454 4818 2655 4888 lingua:
2687 4817 3007 4873 resonantia
3031 4859 3046 4884 ,
3081 4832 3223 4873 vera:
3255 4815 3502 4870 scientiae
3528 4829 3618 4871 re-

2029 4907 2178 4978 gula.
2217 4906 2313 4963 Hic
2344 4924 2446 4964 nos
2491 4924 2728 4978 magnus
2760 4908 2988 4963 conviva
3034 4908 3099 4961 ad
3148 4907 3397 4977 spiritale
3429 4905 3615 4976 spieu-

2033 4997 2386 5053 didissimum
2448 4999 2717 5053 hodierna
2780 5000 2871 5054 die
2908 5000 3236 5054 convocavit
3291 5012 3613 5053 sermonum

2032 5090 2259 5159 epulum
2288 5107 2301 5144 :
2332 5105 2433 5145 ceu
2465 5089 2688 5161 quidem
2737 5091 2921 5145 edulia
2969 5090 3201 5162 mystica
3246 5104 3357 5145 non
3391 5089 3617 5161 scriptae

2035 5184 2345 5254 sapientiae,
2389 5185 2506 5241 sive
2544 5185 2813 5241 miracula
2850 5192 3070 5257 oportet
3107 5187 3291 5242 dicere
3330 5186 3466 5243 ‘sive
3517 5184 3617 5241 do-

2037 5277 2304 5347 gmatica;
2337 5291 2437 5333 ceu
2473 5287 2653 5333 autem
2684 5279 3013 5349 praclarum
3070 5289 3364 5345 craterem,
3403 5294 3466 5333 ac
3523 5278 3615 5334 di-

937 5465 973 5486 "‘
1005 5455 1202 5509 Matth.
1237 5470 1320 5519 ιιι,
1352 5454 1407 5506 2.
1486 5462 1513 5490 ι
1554 5452 1700 5507 l’sal.
1721 5467 1910 5515 οιινιιι,
1941 5450 2030 5505 45.

1639 5590 2033 5650 COMBEFISII
2062 5589 2297 5647 NOTAE.

427 5693 543 5765 (29)
586 5693 723 5748 Doce
740 5694 1115 5765 Vmetllomine,
1142 5703 1191 5746 et
1210 5693 1397 5757 sciam,
1424 5700 1531 5765 etc.
1552 5690 1780 5765 Vidi-tur
1805 5690 1942 5744 allu-

252 5754 296 5787 ⁸
352 5754 491 5819 dere
528 5754 603 5817 'ad
641 5764 803 5819 verba
838 5754 1013 5818 'Pauli
1075 5754 1275 5830 Ephes.
1315 5754 1391 5825 iv,
1442 5764 1533 5818 20.
1592 5760 1757 5815 Forte
1804 5775 1938 5814 vero

358 5834 586 5903 respicit
620 5836 801 5889 locum
845 5836 1082 5907 aliquem
1122 5833 1544 5890 Proverhiorum
1571 5833 1726 5902 juxta
1768 5832 1936 5885 aliam

432 6004 463 6037 δ

2046 5689 2343 5743 lectionem
2380 5686 2454 5739 illi
2491 5684 2723 5747 aii'inem,
2753 5682 2904 5738 Mala
2936 5699 3098 5737 aurea
3142 5684 3195 5735 in
3238 5682 3386 5736 lectis
3426 5697 3614 5750 argen-

2047 5760 2183 5901 ξείδ,
2231 5758 2322 5881 hic
2376 5759 2473 5827 qui.
2554 5756 2788 5826 loquitur
2840 5754 3052 5808 verbum
3108 5755 3162 5807 in
3226 5762 3461 5819 tempore
3515 5766 3613 5803 suo

2074 5844 2196 5891 xxv,
2298 5867 2347 5895 μ

2182 5868 2196 5891 ’
2234 5867 2347 5895 II}.
