4012 6448
2742 376 2779 398 ’4.

487 399 624 465 1143
1674 397 2098 462 3.1»:me
2127 368 2546 464 CRETENSIS
2742 376 2779 398 ⁴
2820 404 2827 415 ‘
3625 403 3740 470 1m

481 516 614 571 vino
654 524 1015 585 temperatum
1051 522 1184 587 potu
1213 555 1228 578 ,
1267 514 1514 569 divinam
1555 515 1868 572 doctrinam
1911 517 2034 571 velu

2168 516 2446 587 μάχαιραν
2472 518 2752 588 δίστομον,
2785 517 2882 571 καὶ
2914 515 3292 589 διικνούμενον
3312 519 3449 589 ἄχρι
3483 528 3741 592 μερισμοῦ

482 620 705 660 summa
733 607 1082 675 complexum
1112 620 1449 671 sermonem,
1493 605 1587 675 qui
1642 605 2039 676 participanda:

2169 609 2374 677 σαρκὸς
2414 611 2506 662 καὶ
2533 609 2866 679 πνεύματος,
2886 611 2962 689 ᾡς
2991 610 3057 682 δὴ
3085 612 3283 681 μικρὸν
3312 611 3570 683 ὕστερον,
3601 615 3673 676 ὼς
3696 616 3744 667 ἐν

479 707 846 768 proponatur,
878 698 1208 769 propinans.
1235 697 1584 762 Sermonem,
1609 698 1858 767 inquam,
1900 697 2039 751 illun

2166 700 2419 768 ὲπιλόγου
2443 701 2595 767 τάξει
2635 704 2744 764 τοῖς
2791 701 3063 771 φιλοθέοις
3103 703 3436 773 ἐκθήσομαι.
3481 703 3596 757 Νῦν
3623 704 3746 772 δὲ,ἃ

476 800 724 860 acutum,
765 792 1452 862 penetrabilissimumque
1485 807 1657 861 supra
1687 805 1907 845 omnem
1938 789 2039 859 gla-

2166 791 2319 858 φίλον
2348 792 2487 855 τέως
2521 794 2647 863 ὑμῖν
2691 793 2789 863 μὲν
2826 793 3070 861 ἀκούειν,
3100 795 3226 866 ἐμοὶ
3269 795 3324 849 δὲ
3372 795 3562 863 λέγειν
3593 798 3743 864 εἰκὸς,

473 882 622 937 dium
653 885 969 954 ancipitem,
1002 895 1055 941 et
1087 887 1492 957 pertingcntem
1524 899 1701 954 usque
1727 883 1795 938 ad
1831 883 2039 936 divisio

2164 882 2336 936 ταῦτα
2361 883 2656 950 λελέξεται.

472 989 598 1027 nem
645 976 832 1031 carnis
862 984 916 1031 et
941 977 1173 1045 spiritus
1195 1017 1209 1041 ,
1246 984 1307 1031 ut
1330 975 1514 1047 'paulo
1564 974 1795 1030 inferius
1837 974 1987 1028 velut
2026 987 2121 1041 per
2152 975 2424 1031 orationis
2456 978 2697 1047 speciem
2734 977 2825 1033 Dei
2856 977 3173 1032 amantibus
3194 991 3259 1031 ac
3286 976 3556 1047 religioso
3586 978 3741 1032 C(Bltti

470 1082 593 1120 sum
612 1070 990 1138 expositurus.
1018 1072 1240 1125 interim
1262 1085 1411 1134 vero,
1431 1085 1553 1140 quae
1574 1079 1627 1123 et
1646 1084 1746 1123 vos
1773 1074 2025 1121 amanter
2058 1065 2372 1147 audieritis,
2406 1080 2459 1125 et
2498 1071 2626 1124 mihi
2670 1072 2854 1125 dicere
2895 1080 3203 1141 congruum
3248 1079 3356 1133 est,
3401 1070 3523 1147 haec
3551 1068 3742 1124 dicam.

541 1163 767 1220 Maximi
804 1165 995 1237 itaque
1027 1167 1202 1237 patris
1231 1168 1350 1222 dies
1385 1165 1562 1221 festus
1581 1165 1827 1220 advenit.
1853 1163 2059 1217 Adeste

466 1274 622 1324 vero,
654 1269 823 1331 atque
850 1270 910 1315 ut
951 1262 1205 1316 benevoli
1240 1261 1358 1325 ﬁlii,
1392 1259 1537 1330 patri
1575 1260 1813 1312 filiorum
1848 1256 2055 1309 amanti

467 1351 695 1406 laudum
756 1354 978 1407 cantica
1039 1353 1364 1409 oﬁ‘eramus.
1424 1351 1541 1405 Hoc
1598 1351 1744 1405 enim
1797 1357 2052 1405 nostrum

466 1442 521 1495 in
559 1442 737 1511 ipsum
773 1444 1018 1499 debitum
1037 1454 1145 1499 cst.
1182 1445 1265 1499 Sit
1288 1444 1450 1500 nobis
1484 1443 1748 1512 templum
1776 1443 1876 1496 hoc
1900 1456 2053 1496 com-

465 1533 656 1589 munis
699 1536 766 1588 ad
817 1535 1195 1590 submittenda
1248 1535 1439 1590 divina
1491 1535 1712 1590 cantica
1749 1535 1905 1589 locus
1932 1575 1947 1599 ,
1986 1548 2050 1588 ac

462 1626 615 1681 velut
635 1639 927 1697 organum.
950 1628 1222 1683 Cancrum
1243 1628 1337 1683 det
1358 1628 1518 1682 nobis
1542 1641 1853 1682 sermonem
1891 1626 2051 1681 Pater

464 1718 561 1772 ille
587 1718 896 1787 Sermonis,
919 1736 1230 1776 sermonem
1270 1728 1527 1776 nostrum
1557 1720 1623 1775 ad
1655 1719 2046 1775 inveniendam

462 1811 752 1865 veritatem
780 1810 1048 1880 dirigens.
1080 1810 1273 1866 Merito
1293 1820 1477 1865 autem
1511 1826 1818 1880 congruum
1856 1809 2044 1873 fuerit,

462 1908 523 1953 ut
555 1902 654 1971 qui
712 1903 890 1970 patris
947 1912 1135 1972 partes
1188 1903 1534 1968 sustineam,
1582 1902 1814 1971 apicula:
1865 1901 2048 1955 instar

459 1985 751 2058 operosius
774 1994 1244 2055 circumlustratis
1291 1994 1643 2064 spiritalibus
1688 1993 1886 2061 pratis,
1919 1992 2047 2053 inde

457 2085 619 2141 vobis
670 2100 836 2142 sacro
894 2088 963 2142 ab
1011 2087 1188 2143 sacris
1234 2088 1474 2158 eloquiis
1519 2098 1669 2142 serto
1718 2094 2044 2140 coronatum

456 2179 638 2232 virum
675 2180 987 2236 exhibeam.
1028 2179 1241 2235 Vereor
1289 2189 1474 2235 autem
1507 2196 1574 2235 ne
1604 2195 1632 2233 a
1677 2180 1811 2233 recti
1844 2193 2045 2232 cursus

457 2272 783 2327 carceribus
812 2273 1130 2327 clanculum
1185 2288 1494 2339 excurrens
1549 2287 1734 2325 sermo
1771 2267 2044 2339 propositi

457 2364 785 2419 certaminis
844 2372 1024 2419 metas
1089 2365 1360 2429 excedat;
1424 2379 1486 2418 ac
1522 2379 1590 2417 ne
1651 2362 2045 2416 tumultuarius

458 2464 835 2525 spectatorum
868 2473 1080 2525 rumor,
1117 2459 1228 2512 alio
1262 2473 1427 2526 quam
1464 2456 1659 2510 tendat
1691 2471 1893 2510 cursus
1918 2470 2038 2525 spe-

394 2548 416 2569 ‘
457 2549 738 2603 ctaculum
818 2560 1192 2612 convertens,
1261 2550 1450 2607 eadem
1513 2557 1857 2619 spectatores
1918 2562 2046 2616 spes

457 2650 714 2695 coerceat
752 2641 1035 2712 edantque
1087 2642 1311 2698 inanem
1344 2651 1398 2697 et
1442 2641 1778 2696 inclIicat-cm
1830 2654 2043 2693 sermo-

458 2747 609 2802 nem,
645 2732 744 2804 qui
772 2734 1051 2790 sermonis
1080 2750 1357 2790 sessorem
1390 2743 1717 2804 provocant.
1746 2732 2042 2787 Enimvero

456 2839 778 2894 quanquam
804 2840 1034 2882 necesse
1065 2835 1175 2891 est,
1216 2835 1274 2881 ut
1306 2827 1494 2881 multis
1525 2836 1673 2882 retro
1706 2826 1900 2894 spatiis
1931 2824 2036 2879 viri

454 2917 783 2988 dignitatem
829 2928 1098 2989 sequatur
1124 2921 1303 2975 oratio
1340 2921 1440 2990 (ita
1481 2921 1629 2973 enim
1662 2918 2041 2974 encomiorum

452 3011 625 3082 exigit
651 3012 799 3083 lex);
832 3013 1013 3067 sancti
1045 3013 1418 3068 nihilominus
1451 3014 1518 3066 ad
1554 3011 1722 3067 Deum
1772 3012 2044 3065 interces-

452 3101 737 3169 sionibus,
773 3117 876 3159 ceu
913 3104 1249 3175 quibusdam
1287 3105 1621 3160 inl‘renatum
1656 3104 1811 3169 loris,
1844 3103 1936 3158 ubi
1972 3102 2040 3157 ad

2231 1144 2507 1232 Μεγίστου
2560 1167 2742 1219 τοίνυν
2793 1166 3004 1236 πατρὸς
3048 1165 3358 1234 ἐφέστηκεν
3402 1144 3600 1234 έορτή.
3648 1166 3745 1217 Καὶ

2156 1257 2318 1329 δεῦρο
2345 1301 2356 1322 ,
2415 1259 2675 1328 καθάπερ
2712 1259 2902 1321 παῖδες
2960 1258 3308 1328 εὐγνώμονες
3350 1255 3436 1327 τῷ
3483 1257 3745 1324 φιλόπαιδι

2158 1351 2327 1417 πατρὶ
2370 1351 2495 1414 τοὺς
2532 1349 2739 1419 ὕμνους
2787 1349 3172 1420 προσάξωμεν.
3225 1348 3401 1403 Τοῦτο
3460 1349 3573 1419 γὰρ
3612 1348 3745 1418 αὑτῷ

2157 1444 2288 1512 παρ’
2309 1445 2339 1512 ἠ
2351 1442 2467 1511 μῶν
2505 1442 2850 1510 ὲποφείλεται
2889 1442 3072 1512 χρέος.
3105 1441 3357 1495 Γενέσθω
3390 1441 3577 1504 κοινὸς
3605 1435 3747 1503 οὗτος

2157 1536 2288 1603 ἡμῖν
2320 1537 2348 1587 ό
2370 1534 2505 1597 νεὼς
2530 1536 2638 1587 τῶν
2664 1534 2821 1588 θείων
2848 1533 3035 1605 ὕμνων
3063 1535 3455 1604 ἐπιϐατήριος.
3477 1532 3591 1586 Καὶ
3622 1532 3745 1586 δότω

2155 1628 2313 1697 λόγον
2343 1632 2474 1699 ἡμῖν
2507 1631 2535 1681 ὁ
2562 1628 2656 1682 τοῦ
2690 1630 2863 1697 Λόγου
2896 1630 3118 1700 Πατὴρ,
3164 1628 3255 1682 τὸν
3284 1628 3567 1699 ἡμέτερον
3606 1644 3745 1697 χειρ·

2155 1723 2389 1789 αγωγῶν
2419 1723 2555 1790 πρὸς
2582 1723 2680 1787 τὴν
2702 1722 2799 1792 τῆς
2823 1723 3082 1792 ἀληθείας
3103 1720 3343 1792 εὕρεσιν.
3376 1720 3598 1791 Πρέποι
3622 1721 3665 1773 δ’
3688 1720 3743 1773 ἂν

2153 1816 2379 1879 εἰκότως
2408 1818 2532 1886 ἐμοὶ
2557 1817 2764 1886 πατρδς
2794 1817 3051 1885 ἐπέχοντι
3074 1816 3250 1881 τάξιν,
3280 1814 3413 1876 τοὺς
3451 1830 3743 1881 πνευματι-

2080 1865 2123 1919 B
2155 1908 2284 1970 κοὺς
2317 1865 2592 1977 λειμιῶνας
2622 1865 3076 1977 μέλίνσσηςΛδίκην
3129 1865 3564 1976 ὲτμπεριελθόντι
3599 1865 3745 1971 ξαρ.

2152 1998 2483 2067 πονώτερον,
2510 2000 2738 2052 αὐτόθεν
2768 2000 2899 2067 ὑμῖν
2939 1998 3250 2068 ὑποστῆσαι
3273 1997 3366 2049 τὸν
3383 1997 3587 2067 ἄνδρα,
3617 1997 3741 2065 πρὸς

2150 2090 2259 2144 τῶν
2290 2090 2454 2161 ἱερῶν
2488 2090 2685 2158 λογίων
2713 2092 2874 2160 ίερῶς
2910 2090 3374 2158 στεφανούμενον.
3410 2088 3643 2141 Δέδοικα
3668 2088 3738 2151 δὲ,

2153 2183 2227 2255 μὴ
2263 2183 2358 2236 τοῦ
2393 2185 2515 2239 κατ’
2538 2183 2667 2234 εὐθὺ
2692 2183 2894 2251 δρόμου
2940 2184 3039 2252 τῆς
3072 2181 3327 2251 βαλϐῖδος
3372 2178 3740 2249 ὑπεκδραμὼν

2148 2278 2176 2329 ό
2207 2274 2389 2342 λόγος,
2420 2274 2717 2342 ὲξαγώνιος
2741 2275 2995 2343 γένηται·
3035 2275 3129 2327 καὶ
3156 2277 3183 2326 ό
3214 2274 3369 2343 παρὰ
3401 2274 3517 2326 τῶν
3542 2272 3738 2325 θεατῶν

2149 2368 2532 2438 ἀπηχούμενος
2568 2368 2755 2437 θροῦς,
2803 2370 2889 2421 ἐπ’
2919 2369 3059 2422 ἄλλα
3100 2367 3194 2421 τοῦ
3246 2369 3458 2439 δρόμου
3490 2366 3592 2438 τὴν
3621 2366 3738 2419 θέαν

2153 2460 2427 2529 μετάγων,
2459 2460 2561 2527 τῆς
2586 2460 2803 2522 ἐλπίδος
2832 2461 2958 2522 τοὺς
2988 2459 3187 2523 Θεατὰς
3208 2460 3582 2513 ἐπικόπτοιτο
3605 2476 3617 2489 ⁸
3648 2459 3737 2527 τήν

2149 2569 2206 2604 τε
2251 2552 2501 2620 κραυγὴν
2545 2551 2723 2622 ἀργὴν
2776 2555 3019 2606 ποιοῖντο
3064 2552 3161 2605 καὶ
3203 2553 3523 2623 ἄπρακτον,
3561 2554 3609 2605 οί
3652 2550 3736 2603 τοῦ

2148 2644 2309 2712 λόγου
2330 2644 2419 2697 τδν
2446 2644 3086 2717 ὲπιϐάτηνέρεθίζοντες.
3110 2644 3253 2716 Πλὴν
3277 2645 3401 2699 ἀλλ’
3418 2648 3470 2699 εί
3495 2645 3591 2698 καὶ
3612 2643 3735 2696 πολὺ

2149 2753 2252 2788 που
2286 2736 2385 2805 τῆς
2411 2734 2505 2788 τοῦ
2529 2735 2724 2805 ἀνδρὸς
2764 2736 2922 2802 ἀξίας
2954 2736 3188 2789 κατόπιν
3215 2736 3439 2807 ἀνάγκη
3468 2734 3564 2788 τὸν
3588 2735 3736 2802 λόγον

2143 2825 2540 2909 ὲλθείνοίτοῦτο
2575 2829 2683 2898 γὰρ
2712 2830 2741 2880 ό
2774 2828 2882 2882 τῶν
2930 2828 3226 2898 ἐγκωμίων
3258 2828 3522 2897 βούλεται
3550 2827 3729 2896 νόμος·

2143 2921 2267 2982 ταῖς
2297 2919 2429 2986 γοῦν
2457 2919 2554 2972 τοῦ
2600 2920 2757 2988 ἁγίου
2796 2920 2935 2991 πρὸς
2971 2921 3032 2974 τὸ
3072 2920 3217 2974 θεῖον
3248 2920 3597 2989 ὲντεύξεσιν,
3629 2918 3730 2970 olo-

2142 3012 2225 3066 νεί
2250 3030 2362 3066 τισι
2394 3013 2625 3083 ῥυτῆρσι
2649 3012 2840 3066 τοῦτον
2873 3016 3292 3085 ἀναστομώσας,
3313 3011 3443 3068 εἶτα
3476 3015 3613 3086 πρὸς
3643 3013 3731 3082 τὴν

2142 3103 2264 3157 κατ’
2305 3102 2434 3155 εὐθὺ
2474 3103 2699 3171 πορείαν
2728 3103 2915 3174 ᾄττειν
2950 3102 3197 3173 σφοδρῶς
3243 3104 3603 3174 παραθήξας,
3649 3098 3730 3153 ἐπὶ

449 3194 587 3249 recti
627 3194 849 3253 itineris
878 3211 1106 3252 cursum
1158 3196 1542 3252 vehementius
1578 3196 1934 3267 instigavero,
1970 3195 2036 3249 ad

2146 3194 2239 3266 τὴν
2269 3194 2474 3247 νύσσαν
2506 3190 2662 3258 αὖθις
2688 3195 3006 3265 μετάγοιμι.
3038 3194 3175 3249 Φίλα
3199 3194 3309 3266 γὰρ
3333 3196 3502 3250 ἔσται
3525 3193 3728 3253 πάντως

451 3294 650 3341 metam
690 3288 953 3359 deinceps
1006 3289 1296 3344 reducam.
1352 3289 1522 3344 Plane
1565 3289 1712 3343 enim
1748 3295 2037 3357 acceptum

447 3378 556 3433 erit
597 3380 745 3451 quod
800 3378 1081 3436 facultatis
1123 3388 1230 3436 est.
1277 3379 1414 3434 Nam
1459 3392 1517 3436 et
1563 3370 1716 3436 novit
1751 3396 1782 3434 a
1832 3389 2038 3435 natura

448 3470 696 3531 modeste
721 3486 908 3545 agere,
939 3492 959 3527 ι
994 3489 1059 3529 ac
1080 3490 1141 3530 se
1165 3474 1471 3529 humilibus
1498 3471 1925 3529 accommodare
1948 3477 2031 3541 ’,ι

448 3565 505 3618 in
536 3563 641 3619 hoc
680 3580 903 3636 quoque
934 3568 1169 3622 Paulum
1208 3567 1483 3622 imitatus.
1515 3566 1628 3638 Age
1670 3566 1842 3637 igitur
1878 3564 2035 3619 dica-

445 3669 596 3719 mus,
646 3656 692 3711 si
739 3657 871 3735 quid
932 3658 1097 3731 nobis
1165 3672 1500 3714 concessum
1558 3665 1667 3713 est.
1732 3653 1844 3712 Nec
1899 3670 2035 3712 vero

445 3750 741 3818 quisquam
758 3750 1194 3821 vituperandum
1215 3752 1516 3823 putaverit,
1537 3749 1688 3807 velut
1709 3765 1773 3805 ex
1795 3749 2033 3806 adverso

444 3841 833 3896 excellentium
858 3842 963 3897 viri
995 3842 1378 3899 encomiorum
1409 3850 1679 3905 nostrum
1715 3857 2031 3905 sermonem

444 3934 795 4013 ingeramus.
828 3934 949 3990 Non
982 3935 1128 3991 enim
1147 3935 1298 3992 velut
1326 3941 1587 4006 suppetat
1618 3934 1704 3991 vis
1731 3934 2028 4000 orationis;

444 4025 542 4083 scd
580 4026 755 4099 magis
779 4025 1055 4082 desiderio
1086 4028 1141 4081 in
1171 4035 1450 4092 sanctum,
1472 4041 1593 4096 qua:
1627 4026 1733 4080 vim
1764 4035 2033 4098 superant

443 4118 858 4193 praesumimus.
895 4118 999 4174 Ubi
1029 4127 1215 4183 autem
1245 4127 1332 4176 est
1363 4119 1720 4183 desiderium,
1746 4119 1922 4188 palam
1945 4125 2032 4172 est

443 4211 729 4271 sublatum
760 4226 888 4267 esse
918 4213 1175 4268 timorem
1206 4227 1427 4267 omnem
1465 4228 1479 4266 :
1514 4219 1678 4281 atque
1712 4211 1806 4267 ubi
1854 4210 2029 4266 libera

440 4310 527 4367 cst
554 4318 878 4361 sermonum
909 4304 1170 4367 libertas.
1204 4319 1275 4365 ne
1308 4304 1550 4361 minimae
1587 4303 1905 4368 timiditatis
1940 4320 2031 4359 re-

440 4398 628 4467 liquiae
651 4399 1000 4454 consistunt.
1027 4398 1346 4456 Cavendum
1378 4412 1511 4468 ergo
1552 4412 1621 4463 ne
1665 4398 1822 4452 nullo
1862 4397 2027 4452 modo

438 4490 695 4547 dicanms
733 4506 858 4569 quae
908 4488 1151 4549 facultas.
1204 4490 1497 4555 concedit,
1538 4504 1602 4545 ac
1658 4503 1726 4544 ne
1761 4490 2026 4545 sileamus

2141 3283 2292 3353 αὐτῷ
2324 3283 2394 3338 τά
2442 3284 2582 3337 κατὰ
2611 3283 2842 3355 δύναμιν
2863 3302 2876 3315 ·
2915 3286 2997 3338 ὅτι
3021 3302 3083 3338 τε
3131 3286 3459 3357 μετριάζειν
3499 3281 3638 3340 οἶδεν
3671 3285 3729 3336 ἐκ

2141 3376 2380 3445 φύσεως,
2445 3394 2466 3427 ι
2530 3376 2787 3439 καὶτοῖς
2848 3379 3129 3440 ταπεινοῖς
3186 3377 3647 3445 συναπάγεσθαι,
3704 3391 3720 3424 ι

2139 3467 2355 3523 Παῦλον
2381 3469 2664 3524 κάνταῦθα
2689 3470 3054 3541 μιμούμενος.
3082 3470 3221 3541 Φέρε
3249 3470 3306 3524 δὲ
3335 3472 3436 3527 οὖν
3460 3471 3722 3540 λέγωμεν,

2137 3563 2239 3616 ὅσα
2288 3561 2475 3631 λέγειν
2520 3564 2653 3633 ἡμῖν
2686 3563 3106 3634 ἐπιτέτραπται.
3171 3564 3282 3618 Καὶ
3331 3565 3410 3636 μή
3442 3581 3530 3627 τις
3584 3561 3724 3632 ἡμᾶς

2140 3656 2461 3726 μωμήσοιτο
2508 3655 2585 3726 τῷ
2628 3655 2873 3726 περιόντι
2908 3656 3019 3709 τῶν
3056 3656 3157 3725 ,τοῦ
3199 3656 3398 3728 ἀνδρὸς
3440 3652 3721 3725 ἐγκωμίων

2135 3747 2228 3800 τὸν
2253 3747 2524 3818 ἡμέτερον
2552 3747 3025 3816 ἀντεπεξάγοντας
3046 3766 3060 3779 ·
3089 3749 3171 3802 ὃτι
3199 3748 3274 3820 μὴ
3299 3748 3467 3817 λόγου
3495 3744 3719 3813 δύναμιν

2136 3839 2375 3910 ἔχοντες,
2406 3842 2557 3912 πόθῳ
2587 3843 2643 3895 δὲ
2673 3841 2752 3912 τῷ
2776 3843 2915 3914 πρὸς
2939 3844 3029 3898 τὸν
3052 3843 3232 3913 ἆγιον,
3259 3843 3371 3899 τῶν
3402 3844 3548 3915 ὑπὲρ
3570 3840 3720 3896 δύνα-

2138 3951 2231 4005 μιν
2289 3934 2665 4005 ὲιραπτόμεθα.
2723 3934 2892 3989 Ἔνθα
2931 3935 2985 3988 δὲ
3035 3936 3222 4001 πόθος,
3270 3938 3394 3989 ἐκεῖ
3442 3933 3717 4005 προδήλως

2134 4024 2303 4096 φόϐος
2331 4025 2476 4090 ἄπας
2523 4026 2824 4098 ἀφῄρηται·
2875 4028 2965 4081 καὶ
3017 4030 3154 4082 ὅπου
3205 4028 3383 4097 λόγων
3434 4024 3716 4095 ἐλευθερία

2133 4118 2595 4189 παρρησιάζεται.
2627 4117 2832 4182 δειλίας
2869 4118 2931 4171 οὐ
2973 4120 3393 4188 παρυφίσταται
3434 4117 3743 4199 λείψανον..

2132 4210 2505 4282 Παραιτητέον
2521 4210 2615 4263 οὖν
2636 4210 2893 4280 οὐδαμῶς
2918 4213 3092 4264 εἰπεῖν
3118 4211 3184 4265 τὰ
3202 4214 3283 4275 εἰς
3312 4211 3569 4281 δύναμιν,
3596 4205 3712 4260 οὐδὲ

2133 4303 2456 4372 σιωπητέον,
2472 4301 2508 4355 ἃ
2525 4301 2817 4373 κηρύττειν
2838 4303 3003 4356 ὅσιονο
3034 4304 3115 4356 ὅτι
3135 4304 3211 4374 μὴ
3233 4303 3410 4375 λήθης
3436 4301 3609 4355 ταῦτα
3632 4298 3709 4368 βυ·

2131 4394 2244 4459 θοτς
2283 4394 2343 4447 τὸ
2383 4395 2607 4465 Πνεῦμα
2637 4394 3117 4463 συγκαλύπτεσθαι
3148 4395 3419 4465 βούλεται.
3455 4392 3706 4448 Βούλεται

2133 4487 2243 4558 γὰρ
2275 4487 2516 4558 μετρίως
2541 4486 2605 4553 γέ
2642 4503 2758 4549 πως
2798 4486 2939 4540 αὐτὰ
2983 4489 3097 4550 τοῖς
3135 4489 3236 4540 οὐκ
3277 4486 3478 4540 εἰδόσιν
3512 4488 3707 4551 ἐκφαν-

438 4596 564 4650 quze
626 4559 883 4647 sanetum
936 4580 1106 4635 fuerit
1146 4580 1483 4657 praedicare,
1535 4578 1755 4635 nolente
1812 4578 2023 4650 Spiritu

2146 4580 2293 4649 ὶῆναι
2317 4597 2331 4609 ο
2362 4578 2571 4633 δίκαιον
2599 4577 2707 4648 γάρ
2731 4594 2744 4607 ο
2772 4577 2848 4641 ὡς
2883 4577 2949 4631 ἂν
2976 4578 3115 4649 πρὸς
3140 4577 3303 4648 ζῆλον
3341 4578 3438 4632 καὶ
3478 4576 3704 4648 μίμησιν

438 4670 740 4725 oblivionis
768 4669 1048 4740 profundo
1072 4670 1202 4738 tegi.
1227 4668 1358 4723 Vult
1387 4668 1661 4738 siquidem
1693 4679 1752 4723 ut
1779 4671 2027 4726 modeste

2146 4670 2323 4732 ιύτοίις
2352 4666 2742 4738 προτροπάδην
2781 4667 3048 4735 ὲνάγοιεν.
3105 4667 3271 4720 Ὥστε
3307 4685 3403 4737 μοι
3449 4666 3550 4736 τὴν
3581 4678 3701 4717 σιω-

438 4766 495 4814 et
517 4758 602 4813 vel
627 4759 811 4829 aliqua
827 4767 983 4830 parte
1007 4758 1390 4815 nescientibus
1407 4758 1760 4823 declarentur
1780 4779 1793 4815 :
1821 4761 2025 4830 quippe

2146 4762 2234 4835 τὴν
2258 4763 2361 4815 οὐκ
2382 4760 2693 4829 ἀναγκαίαν
2718 4755 2859 4813 εἶναι
2911 4760 2971 4811 ὲν
3018 4758 3096 4830 τῷ
3125 4760 3353 4831 παρόντι
3400 4758 3562 4813 δοκῶ.
3598 4753 3701 4808 Καὶ

435 4852 646 4921 justum
678 4859 784 4915 est,
815 4865 927 4921 quo
961 4851 1029 4906 ad
1060 4849 1373 4906 aemulanda
1406 4850 1787 4925 imitandaque
1815 4868 1916 4910 ceu
1955 4838 2024 4909 ex

2146 4857 2229 4926 ’ἀρ
2262 4849 2399 4927 ἧκεν
2429 4856 2458 4908 ὁ
2494 4853 2656 4921 λόγος
2685 4855 2821 4925 ἡμῖν
2860 4852 2949 4906 ἐπ’
2987 4853 3119 4906 αὐτὸ
3147 4851 3241 4905 τοῦ
3290 4852 3497 4905 σκοποῦ
3525 4849 3583 4902 τὸ
3611 4862 3698 4899 κε-

437 4935 743 5001 ιιοιιιηιὶεεο
775 4942 1138 5009 inducantur.
1165 4941 1541 5009 Quamobrem
1590 4943 2022 5015 haudquaquam

2146 4947 2369 5011 ›ἁλαιον,
2419 4946 2505 5015 ἐφ’
2547 4947 2576 5000 ὃ
2620 4944 2707 5001 καὶ
2753 4945 2822 4999 δι’
2864 4945 3003 5015 ὅπερ
3044 4945 3177 5015 ἡμῖν
3224 4946 3254 4997 ό
3300 4946 3408 5008 πᾶς
3449 4942 3694 5013 ὥρμηται

439 5036 894 5103 silentiummihi
927 5037 981 5091 in
1025 5035 1451 5107 praesentiarum
1517 5052 1549 5092 e
1587 5052 1647 5092 re
1671 5037 1882 5108 judico.
1928 5040 2020 5103 Et-
2129 5040 2312 5102 πόθος.

438 5131 587 5184 enim
638 5129 754 5196 jam
802 5129 953 5186 venit
986 5129 1169 5186 oratio
1233 5126 1299 5183 ad
1350 5128 1529 5205 ipsum
1589 5129 1670 5187 rei
1700 5132 1997 5207 prapositae
2023 5142 2213 5206 caput,
2240 5131 2306 5185 ad
2342 5131 2513 5201 quod,
2540 5140 2594 5186 et
2625 5130 2785 5200 cujus
2814 5129 2991 5200 gratia
3036 5137 3292 5184 nostrum
3355 5144 3517 5184 omne
3547 5120 3684 5180 desi-

442 5218 651 5275 derium
682 5232 788 5280 est.

511 5309 648 5377 Quis
689 5311 876 5383 itaque
916 5325 1151 5381 magnus
1186 5311 1278 5366 hrc
1325 5320 1381 5366 et
1436 5313 1775 5383 conspicuus
1829 5314 2012 5383 Titus,

438 5420 601 5475 quem
632 5409 825 5461 nostra
853 5403 1149 5460 duodecim
1183 5404 1426 5479 glorians
1460 5406 1685 5463 sedibus
1712 5406 1845 5479 (50),
1873 5410 2020 5465 velut

513 5522 539 5551 °
580 5521 742 5579 Rom.
778 5540 873 5590 xu,
909 5523 993 5578 16.

2194 5315 2543 5387 Τοιγαροῦνό
2570 5315 2745 5384 μέγας
2784 5309 2939 5378 οὗτος
2978 5315 3072 5369 καὶ⁸
3111 5314 3473 5385 περίϐλεπτος
3516 5309 3683 5368 Τίτος,

2127 5409 2186 5463 ὃν
2233 5411 2266 5478 ἡ
2323 5408 2447 5464 καθ’
2485 5408 2635 5479 ἡμᾶς
2694 5406 2964 5477 ἠνέγκατο
3024 5407 3425 5480 δωδεκάθρονος
3477 5402 3681 5473 Κρήτη,

1752 5647 2144 5709 (ΣΟΜΒΕΡΙΒΠ
2181 5649 2414 5707 ΝΟΤιΕ.

517 5734 630 5810 (ὅθ)
678 5734 961 5791 Duodecim
994 5732 1252 5810 εἰμι-ιονιξ
1307 5737 1556 5810 sedibus.
1586 5739 2017 5810 Δωδεκάορονος.

441 5806 741 5873 rauciores
797 5824 944 5862 nunc
993 5807 1173 5869 habet,
1209 5817 1266 5863 ut
1303 5806 1408 5863 fuit
1437 5808 1594 5863 valde
1644 5806 1888 5865 minutus
1932 5828 2024 5868 ur-

2132 5742 2283 5799 bium
2315 5724 2580 5802 num‘erus
2616 5764 2630 5800 :
2668 5760 2776 5814 qua
2799 5747 2865 5798 de
2890 5758 2948 5799 re
2972 5740 3215 5799 Ortelius
3244 5751 3292 5797 et
3327 5739 3415 5796 alii
3447 5738 3496 5792 in
3520 5732 3677 5788 Creta:

2130 5815 2333 5871 tabulis
2360 5823 2414 5871 et
2444 5815 2932 5887 descriptionibus.
