  <div class='ocr_page' id='page_1' title='image "/cluster/home/n/w/nwhite01/storage/ocr_20150623/97/coo.31924054870013/604.png"; bbox 0 0 4012 6458; ppageno 0'>
   <div class='ocr_carea' id='block_1_1' title="bbox 366 432 509 499">
    <p class='ocr_par' dir='ltr' id='par_1_1' title="bbox 366 432 509 499">
     <span class='ocr_line' id='line_1_1' title="bbox 366 432 509 499; baseline 0.021 -3"><span class='ocrx_word' id='word_1_1' title='bbox 366 432 509 499; x_wconf 75' lang='grc'><strong>1145</strong></span> 
     </span>
    </p>
   </div>
   <div class='ocr_carea' id='block_1_2' title="bbox 1569 440 2438 501">
    <p class='ocr_par' dir='ltr' id='par_1_2' title="bbox 1569 440 2438 501">
     <span class='ocr_line' id='line_1_2' title="bbox 1569 440 2438 501; baseline -0.001 -2"><span class='ocrx_word' id='word_1_2' title='bbox 1569 441 1653 500; x_wconf 90' lang='grc' dir='ltr'>ΙΝ</span> <span class='ocrx_word' id='word_1_3' title='bbox 1682 440 2140 500; x_wconf 80' lang='lat' dir='ltr'><strong>APOSTOLUM</strong></span> <span class='ocrx_word' id='word_1_4' title='bbox 2174 440 2438 501; x_wconf 84' lang='lat' dir='ltr'><strong>TITUM.</strong></span> 
     </span>
    </p>
   </div>
   <div class='ocr_carea' id='block_1_3' title="bbox 3499 432 3638 499">
    <p class='ocr_par' dir='ltr' id='par_1_3' title="bbox 3499 432 3638 499">
     <span class='ocr_line' id='line_1_3' title="bbox 3499 432 3638 499; baseline 0 -2"><span class='ocrx_word' id='word_1_5' title='bbox 3499 432 3638 499; x_wconf 69' lang='grc'>1146</span> 
     </span>
    </p>
   </div>
   <div class='ocr_carea' id='block_1_4' title="bbox 359 524 1945 617">
    <p class='ocr_par' dir='ltr' id='par_1_4' title="bbox 359 524 1945 617">
     <span class='ocr_line' id='line_1_4' title="bbox 359 524 1945 617; baseline 0.001 -21"><span class='ocrx_word' id='word_1_6' title='bbox 359 540 710 613; x_wconf 82' lang='grc' dir='ltr'>ἀποστολικῷ</span> <span class='ocrx_word' id='word_1_7' title='bbox 755 524 1096 615; x_wconf 79' lang='grc' dir='ltr'>τετιμημένη</span> <span class='ocrx_word' id='word_1_8' title='bbox 1164 545 1511 615; x_wconf 71' lang='grc' dir='ltr'>συμϐολικῶς</span> <span class='ocrx_word' id='word_1_9' title='bbox 1566 544 1807 617; x_wconf 79' lang='grc' dir='ltr'>ἀριθμῷ.</span> <span class='ocrx_word' id='word_1_10' title='bbox 1853 547 1945 609; x_wconf 90' lang='grc' dir='ltr'>Τίς</span> 
     </span>
    </p>
   </div>
   <div class='ocr_carea' id='block_1_5' title="bbox 2050 524 3635 617">
    <p class='ocr_par' dir='ltr' id='par_1_5' title="bbox 2054 544 3635 617">
     <span class='ocr_line' id='line_1_5' title="bbox 2054 544 3635 617; baseline -0.001 -17"><span class='ocrx_word' id='word_1_11' title='bbox 2054 547 2361 616; x_wconf 87' lang='lat' dir='ltr'><strong>apostolico</strong></span> <span class='ocrx_word' id='word_1_12' title='bbox 2409 546 2715 617; x_wconf 84' lang='lat' dir='ltr'><strong>symbolice</strong></span> <span class='ocrx_word' id='word_1_13' title='bbox 2773 546 3108 601; x_wconf 80' lang='lat' dir='ltr'><strong>honestante</strong></span> <span class='ocrx_word' id='word_1_14' title='bbox 3165 560 3422 611; x_wconf 85' lang='lat' dir='ltr'><strong>numero,</strong></span> <span class='ocrx_word' id='word_1_15' title='bbox 3472 544 3635 600; x_wconf 87' lang='lat' dir='ltr'><strong>Creta</strong></span> 
     </span>
    </p>
   </div>
   <div class='ocr_carea' id='block_1_6' title="bbox 366 630 1944 706">
    <p class='ocr_par' dir='ltr' id='par_1_6' title="bbox 366 630 1944 706">
     <span class='ocr_line' id='line_1_6' title="bbox 366 630 1944 706; baseline 0.001 -19"><span class='ocrx_word' id='word_1_16' title='bbox 366 633 469 704; x_wconf 77' lang='grc' dir='ltr'>μὲν</span> <span class='ocrx_word' id='word_1_17' title='bbox 497 630 590 688; x_wconf 79' lang='grc' dir='ltr'><strong>οὖν</strong></span> <span class='ocrx_word' id='word_1_18' title='bbox 623 632 890 703; x_wconf 87' lang='grc' dir='ltr'>ἐτύγχανε</span> <span class='ocrx_word' id='word_1_19' title='bbox 920 636 997 688; x_wconf 76' lang='grc' dir='ltr'><strong>τὰ-</strong></span> <span class='ocrx_word' id='word_1_20' title='bbox 1027 636 1241 705; x_wconf 77' lang='grc' dir='ltr'>πρῶτα,</span> <span class='ocrx_word' id='word_1_21' title='bbox 1274 637 1370 688; x_wconf 75' lang='grc' dir='ltr'><strong>καὶ</strong></span> <span class='ocrx_word' id='word_1_22' title='bbox 1398 637 1527 691; x_wconf 80' lang='grc' dir='ltr'>οἴων</span> <span class='ocrx_word' id='word_1_23' title='bbox 1564 636 1667 706; x_wconf 77' lang='grc' dir='ltr'><strong>ἔφυ</strong></span> <span class='ocrx_word' id='word_1_24' title='bbox 1720 637 1944 704; x_wconf 79' lang='grc' dir='ltr'><strong>γονέων,</strong></span> 
     </span>
    </p>
   </div>
   <div class='ocr_carea' id='block_1_7' title="bbox 358 724 1949 798">
    <p class='ocr_par' dir='ltr' id='par_1_7' title="bbox 358 724 1949 798">
     <span class='ocr_line' id='line_1_7' title="bbox 358 724 1949 798; baseline 0.001 -20"><span class='ocrx_word' id='word_1_25' title='bbox 358 724 465 780; x_wconf 78' lang='grc' dir='ltr'>καὶ</span> <span class='ocrx_word' id='word_1_26' title='bbox 499 725 601 795; x_wconf 79' lang='grc' dir='ltr'>τῆς</span> <span class='ocrx_word' id='word_1_27' title='bbox 627 725 918 779; x_wconf 83' lang='grc' dir='ltr'>ὁποιασοῦν</span> <span class='ocrx_word' id='word_1_28' title='bbox 950 726 1106 797; x_wconf 76' lang='grc' dir='ltr'>ῥίζης</span> <span class='ocrx_word' id='word_1_29' title='bbox 1140 726 1500 798; x_wconf 78' lang='grc' dir='ltr'>ἐξεϐλάστησε</span> <span class='ocrx_word' id='word_1_30' title='bbox 1531 728 1709 798; x_wconf 85' lang='grc' dir='ltr'>ὅρπηξ</span> <span class='ocrx_word' id='word_1_31' title='bbox 1728 769 1742 793; x_wconf 96' lang='grc'><strong>,</strong></span> <span class='ocrx_word' id='word_1_32' title='bbox 1771 729 1949 796; x_wconf 84' lang='grc' dir='ltr'>λέγειν</span> 
     </span>
    </p>
   </div>
   <div class='ocr_carea' id='block_1_8' title="bbox 354 818 1948 892">
    <p class='ocr_par' dir='ltr' id='par_1_8' title="bbox 354 818 1948 892">
     <span class='ocr_line' id='line_1_8' title="bbox 354 818 1948 892; baseline 0.001 -22"><span class='ocrx_word' id='word_1_33' title='bbox 354 818 468 873; x_wconf 84' lang='grc' dir='ltr'><strong>οὐκ</strong></span> <span class='ocrx_word' id='word_1_34' title='bbox 494 819 798 885; x_wconf 81' lang='grc' dir='ltr'>ἀναγκαῖον</span> <span class='ocrx_word' id='word_1_35' title='bbox 835 819 992 888; x_wconf 83' lang='grc' dir='ltr'>ἐμοί·</span> <span class='ocrx_word' id='word_1_36' title='bbox 1021 819 1103 872; x_wconf 84' lang='grc' dir='ltr'><strong>ὅτι</strong></span> <span class='ocrx_word' id='word_1_37' title='bbox 1142 819 1216 890; x_wconf 82' lang='grc' dir='ltr'>μὴ</span> <span class='ocrx_word' id='word_1_38' title='bbox 1265 821 1407 873; x_wconf 85' lang='grc' dir='ltr'>κατὰ</span> <span class='ocrx_word' id='word_1_39' title='bbox 1443 822 1559 890; x_wconf 86' lang='grc' dir='ltr'>βίου</span> <span class='ocrx_word' id='word_1_40' title='bbox 1603 822 1882 892; x_wconf 84' lang='grc' dir='ltr'>διήγησιν,</span> <span class='ocrx_word' id='word_1_41' title='bbox 1914 822 1948 892; x_wconf 84' lang='grc' dir='ltr'>ἢ</span> 
     </span>
    </p>
   </div>
   <div class='ocr_carea' id='block_1_9' title="bbox 358 909 1949 981">
    <p class='ocr_par' dir='ltr' id='par_1_9' title="bbox 358 909 1949 981">
     <span class='ocr_line' id='line_1_9' title="bbox 358 909 1949 981; baseline 0.001 -19"><span class='ocrx_word' id='word_1_42' title='bbox 358 910 490 964; x_wconf 78' lang='grc' dir='ltr'>κὰθ’</span> <span class='ocrx_word' id='word_1_43' title='bbox 542 910 785 980; x_wconf 81' lang='grc' dir='ltr'><strong>ἱστορίας</strong></span> <span class='ocrx_word' id='word_1_44' title='bbox 846 909 1033 980; x_wconf 86' lang='grc' dir='ltr'>νόμον,</span> <span class='ocrx_word' id='word_1_45' title='bbox 1085 910 1113 963; x_wconf 85' lang='grc' dir='ltr'>ὁ</span> <span class='ocrx_word' id='word_1_46' title='bbox 1174 910 1366 981; x_wconf 84' lang='grc' dir='ltr'>παρών</span> <span class='ocrx_word' id='word_1_47' title='bbox 1436 929 1538 980; x_wconf 88' lang='grc' dir='ltr'><strong>μου</strong></span> <span class='ocrx_word' id='word_1_48' title='bbox 1594 912 1949 965; x_wconf 84' lang='grc' dir='ltr'>συντέτακται</span> 
     </span>
    </p>
   </div>
   <div class='ocr_carea' id='block_1_10' title="bbox 354 999 1948 1073">
    <p class='ocr_par' dir='ltr' id='par_1_10' title="bbox 354 999 1948 1073">
     <span class='ocr_line' id='line_1_10' title="bbox 354 999 1948 1073; baseline 0 -19"><span class='ocrx_word' id='word_1_49' title='bbox 354 1000 545 1070; x_wconf 73' lang='grc' dir='ltr'>λόγος,</span> <span class='ocrx_word' id='word_1_50' title='bbox 581 1000 722 1071; x_wconf 84' lang='grc' dir='ltr'>πλὴν</span> <span class='ocrx_word' id='word_1_51' title='bbox 770 1003 819 1052; x_wconf 82' lang='grc' dir='ltr'>εἰ</span> <span class='ocrx_word' id='word_1_52' title='bbox 870 999 947 1069; x_wconf 82' lang='grc' dir='ltr'>μὴ</span> <span class='ocrx_word' id='word_1_53' title='bbox 990 1000 1109 1053; x_wconf 81' lang='grc' dir='ltr'>κατ’</span> <span class='ocrx_word' id='word_1_54' title='bbox 1150 1002 1425 1070; x_wconf 83' lang='grc' dir='ltr'>ἐγκωμίου</span> <span class='ocrx_word' id='word_1_55' title='bbox 1464 1002 1691 1069; x_wconf 78' lang='grc' dir='ltr'>δύναμιν</span> <span class='ocrx_word' id='word_1_56' title='bbox 1722 1002 1948 1073; x_wconf 88' lang='grc' dir='ltr'>παροδι-</span> 
     </span>
    </p>
   </div>
   <div class='ocr_carea' id='block_1_11' title="bbox 356 1092 1950 1163">
    <p class='ocr_par' dir='ltr' id='par_1_11' title="bbox 356 1092 1950 1163">
     <span class='ocr_line' id='line_1_11' title="bbox 356 1092 1950 1163; baseline 0.001 -18"><span class='ocrx_word' id='word_1_57' title='bbox 356 1092 483 1155; x_wconf 62' lang='lat' dir='ltr'><strong>uti);</strong></span> <span class='ocrx_word' id='word_1_58' title='bbox 515 1093 884 1163; x_wconf 82' lang='grc' dir='ltr'>ἐσχεδίασται.</span> <span class='ocrx_word' id='word_1_59' title='bbox 922 1092 1072 1144; x_wconf 82' lang='grc' dir='ltr'><strong>Φιλεῖ</strong></span> <span class='ocrx_word' id='word_1_60' title='bbox 1094 1093 1204 1163; x_wconf 76' lang='grc' dir='ltr'><strong>γὰρ</strong></span> <span class='ocrx_word' id='word_1_61' title='bbox 1229 1093 1302 1154; x_wconf 71' lang='grc' dir='ltr'>ὡς</span> <span class='ocrx_word' id='word_1_62' title='bbox 1336 1093 1403 1145; x_wconf 85' lang='grc' dir='ltr'>τὰ</span> <span class='ocrx_word' id='word_1_63' title='bbox 1434 1093 1604 1146; x_wconf 86' lang='grc' dir='ltr'>πολλὰ</span> <span class='ocrx_word' id='word_1_64' title='bbox 1633 1094 1741 1145; x_wconf 78' lang='grc' dir='ltr'><strong>τῶν</strong></span> <span class='ocrx_word' id='word_1_65' title='bbox 1773 1096 1950 1161; x_wconf 82' lang='grc' dir='ltr'>ἐγκω-</span> 
     </span>
    </p>
   </div>
   <div class='ocr_carea' id='block_1_12' title="bbox 358 1171 1951 1253">
    <p class='ocr_par' dir='ltr' id='par_1_12' title="bbox 358 1171 1951 1253">
     <span class='ocr_line' id='line_1_12' title="bbox 358 1171 1951 1253; baseline 0 -19"><span class='ocrx_word' id='word_1_66' title='bbox 358 1182 674 1253; x_wconf 76' lang='grc' dir='ltr'>μιαζόντων</span> <span class='ocrx_word' id='word_1_67' title='bbox 719 1184 747 1237; x_wconf 87' lang='grc' dir='ltr'>ὁ</span> <span class='ocrx_word' id='word_1_68' title='bbox 787 1182 962 1250; x_wconf 86' lang='grc' dir='ltr'>λόγος,</span> <span class='ocrx_word' id='word_1_69' title='bbox 1000 1182 1126 1245; x_wconf 67' lang='grc' dir='ltr'>τοὺς</span> <span class='ocrx_word' id='word_1_70' title='bbox 1170 1183 1510 1251; x_wconf 80' lang='grc' dir='ltr'>πολυσχιδεῖς</span> <span class='ocrx_word' id='word_1_71' title='bbox 1562 1182 1670 1235; x_wconf 84' lang='grc' dir='ltr'><strong>τῶν</strong></span> <span class='ocrx_word' id='word_1_72' title='bbox 1724 1171 1951 1253; x_wconf 74' lang='grc' dir='ltr'>μακρῶν</span> 
     </span>
    </p>
   </div>
   <div class='ocr_carea' id='block_1_13' title="bbox 357 1271 1952 1343">
    <p class='ocr_par' dir='ltr' id='par_1_13' title="bbox 357 1271 1952 1343">
     <span class='ocr_line' id='line_1_13' title="bbox 357 1271 1952 1343; baseline -0.001 -17"><span class='ocrx_word' id='word_1_73' title='bbox 357 1273 660 1340; x_wconf 75' lang='grc' dir='ltr'>ἐκφεύγειν</span> <span class='ocrx_word' id='word_1_74' title='bbox 715 1271 1101 1341; x_wconf 78' lang='grc' dir='ltr'>άφηγημάτων</span> <span class='ocrx_word' id='word_1_75' title='bbox 1152 1271 1425 1334; x_wconf 80' lang='grc' dir='ltr'>διαύλους,</span> <span class='ocrx_word' id='word_1_76' title='bbox 1478 1272 1552 1334; x_wconf 77' lang='grc' dir='ltr'>ὼς</span> <span class='ocrx_word' id='word_1_77' title='bbox 1604 1271 1670 1325; x_wconf 86' lang='grc' dir='ltr'><strong>ἂν</strong></span> <span class='ocrx_word' id='word_1_78' title='bbox 1720 1272 1796 1343; x_wconf 83' lang='grc' dir='ltr'>μὴ</span> <span class='ocrx_word' id='word_1_79' title='bbox 1842 1272 1952 1325; x_wconf 85' lang='grc' dir='ltr'><strong>τῶν</strong></span> 
     </span>
    </p>
   </div>
   <div class='ocr_carea' id='block_1_14' title="bbox 357 1363 1952 1435">
    <p class='ocr_par' dir='ltr' id='par_1_14' title="bbox 357 1363 1952 1435">
     <span class='ocr_line' id='line_1_14' title="bbox 357 1363 1952 1435; baseline -0.001 -18"><span class='ocrx_word' id='word_1_80' title='bbox 357 1363 676 1417; x_wconf 82' lang='grc' dir='ltr'>ἀκουόντων</span> <span class='ocrx_word' id='word_1_81' title='bbox 744 1363 1207 1426; x_wconf 86' lang='grc' dir='ltr'>ἀποκναισθέντες</span> <span class='ocrx_word' id='word_1_82' title='bbox 1273 1364 1452 1427; x_wconf 78' lang='grc' dir='ltr'>τινὲς,</span> <span class='ocrx_word' id='word_1_83' title='bbox 1518 1367 1798 1435; x_wconf 84' lang='grc' dir='ltr'>προσκορῆ</span> <span class='ocrx_word' id='word_1_84' title='bbox 1858 1364 1952 1417; x_wconf 86' lang='grc' dir='ltr'><strong>τὸν</strong></span> 
     </span>
    </p>
   </div>
   <div class='ocr_carea' id='block_1_15' title="bbox 359 1453 1952 1527">
    <p class='ocr_par' dir='ltr' id='par_1_15' title="bbox 359 1453 1952 1527">
     <span class='ocr_line' id='line_1_15' title="bbox 359 1453 1952 1527; baseline -0.001 -20"><span class='ocrx_word' id='word_1_85' title='bbox 359 1453 526 1522; x_wconf 79' lang='grc' dir='ltr'>λόγον</span> <span class='ocrx_word' id='word_1_86' title='bbox 561 1456 800 1524; x_wconf 76' lang='grc' dir='ltr'>ἡγοῖντο,</span> <span class='ocrx_word' id='word_1_87' title='bbox 824 1456 890 1524; x_wconf 83' lang='grc' dir='ltr'>τῇ</span> <span class='ocrx_word' id='word_1_88' title='bbox 928 1454 1091 1525; x_wconf 69' lang='grc' dir='ltr'>ἀηδίᾳ</span> <span class='ocrx_word' id='word_1_89' title='bbox 1121 1455 1221 1522; x_wconf 83' lang='grc' dir='ltr'>τῆς</span> <span class='ocrx_word' id='word_1_90' title='bbox 1250 1455 1635 1527; x_wconf 81' lang='grc' dir='ltr'>μακρηγορίας</span> <span class='ocrx_word' id='word_1_91' title='bbox 1676 1454 1952 1524; x_wconf 83' lang='grc' dir='ltr'>βαρούμε-</span> 
     </span>
    </p>
   </div>
   <div class='ocr_carea' id='block_1_16' title="bbox 358 1540 1952 1616">
    <p class='ocr_par' dir='ltr' id='par_1_16' title="bbox 358 1540 1952 1616">
     <span class='ocr_line' id='line_1_16' title="bbox 358 1540 1952 1616; baseline -0.001 -16"><span class='ocrx_word' id='word_1_92' title='bbox 358 1562 471 1600; x_wconf 80' lang='grc' dir='ltr'>νοι.</span> <span class='ocrx_word' id='word_1_93' title='bbox 515 1544 658 1613; x_wconf 85' lang='grc' dir='ltr'>Ἐγὼ</span> <span class='ocrx_word' id='word_1_94' title='bbox 708 1545 764 1597; x_wconf 85' lang='grc' dir='ltr'><strong>δὲ</strong></span> <span class='ocrx_word' id='word_1_95' title='bbox 797 1543 833 1598; x_wconf 81' lang='grc' dir='ltr'>ἂ</span> <span class='ocrx_word' id='word_1_96' title='bbox 871 1545 1137 1599; x_wconf 86' lang='grc' dir='ltr'>συνοίσειν</span> <span class='ocrx_word' id='word_1_97' title='bbox 1169 1540 1287 1600; x_wconf 79' lang='grc' dir='ltr'>οἶδα.</span> <span class='ocrx_word' id='word_1_98' title='bbox 1333 1550 1446 1610; x_wconf 83' lang='grc' dir='ltr'>τοῖς</span> <span class='ocrx_word' id='word_1_99' title='bbox 1485 1563 1546 1599; x_wconf 84' lang='grc' dir='ltr'><strong>τε</strong></span> <span class='ocrx_word' id='word_1_100' title='bbox 1595 1545 1952 1616; x_wconf 84' lang='grc' dir='ltr'>συνειλεγμέ-</span> 
     </span>
    </p>
   </div>
   <div class='ocr_carea' id='block_1_17' title="bbox 358 1635 1954 1709">
    <p class='ocr_par' dir='ltr' id='par_1_17' title="bbox 358 1635 1954 1709">
     <span class='ocr_line' id='line_1_17' title="bbox 358 1635 1954 1709; baseline 0.003 -22"><span class='ocrx_word' id='word_1_101' title='bbox 358 1650 501 1698; x_wconf 84' lang='grc' dir='ltr'>νοις,</span> <span class='ocrx_word' id='word_1_102' title='bbox 524 1637 689 1703; x_wconf 76' lang='grc' dir='ltr'>κάμοὶ</span> <span class='ocrx_word' id='word_1_103' title='bbox 704 1636 780 1705; x_wconf 86' lang='grc' dir='ltr'><strong>τῷ</strong></span> <span class='ocrx_word' id='word_1_104' title='bbox 801 1635 901 1707; x_wconf 80' lang='grc' dir='ltr'><strong>τὴν</strong></span> <span class='ocrx_word' id='word_1_105' title='bbox 929 1639 1303 1709; x_wconf 76' lang='grc' dir='ltr'>πνευματικὴν</span> <span class='ocrx_word' id='word_1_106' title='bbox 1320 1638 1428 1690; x_wconf 82' lang='grc' dir='ltr'><strong>τῶν</strong></span> <span class='ocrx_word' id='word_1_107' title='bbox 1459 1638 1630 1709; x_wconf 81' lang='grc' dir='ltr'>λόγων</span> <span class='ocrx_word' id='word_1_108' title='bbox 1656 1639 1784 1708; x_wconf 87' lang='grc' dir='ltr'>ὑμῖν</span> <span class='ocrx_word' id='word_1_109' title='bbox 1818 1656 1954 1692; x_wconf 84' lang='grc' dir='ltr'>παν-</span> 
     </span>
    </p>
   </div>
   <div class='ocr_carea' id='block_1_18' title="bbox 356 1707 1952 1802">
    <p class='ocr_par' dir='ltr' id='par_1_18' title="bbox 356 1707 1952 1802">
     <span class='ocr_line' id='line_1_18' title="bbox 356 1707 1952 1802; baseline 0.003 -20"><span class='ocrx_word' id='word_1_110' title='bbox 356 1727 582 1782; x_wconf 84' lang='grc' dir='ltr'>δαισίαν</span> <span class='ocrx_word' id='word_1_111' title='bbox 605 1729 963 1799; x_wconf 80' lang='grc' dir='ltr'>προτείνοντι,</span> <span class='ocrx_word' id='word_1_112' title='bbox 984 1731 1157 1785; x_wconf 81' lang='grc' dir='ltr'>ταῦτά</span> <span class='ocrx_word' id='word_1_113' title='bbox 1188 1748 1350 1801; x_wconf 82' lang='grc' dir='ltr'>φημι,</span> <span class='ocrx_word' id='word_1_114' title='bbox 1367 1729 1461 1788; x_wconf 70' lang='grc' dir='ltr'><strong>τ(ιῦ</strong></span> <span class='ocrx_word' id='word_1_115' title='bbox 1481 1707 1639 1798; x_wconf 58' lang='lat' dir='ltr'><strong>Myso</strong></span> <span class='ocrx_word' id='word_1_116' title='bbox 1664 1731 1762 1802; x_wconf 84' lang='grc' dir='ltr'>τὴν</span> <span class='ocrx_word' id='word_1_117' title='bbox 1779 1732 1952 1801; x_wconf 83' lang='grc' dir='ltr'>ἀρχὴν</span> 
     </span>
    </p>
   </div>
   <div class='ocr_carea' id='block_1_19' title="bbox 359 1820 1949 1895">
    <p class='ocr_par' dir='ltr' id='par_1_19' title="bbox 359 1820 1949 1895">
     <span class='ocr_line' id='line_1_19' title="bbox 359 1820 1949 1895; baseline 0.003 -22"><span class='ocrx_word' id='word_1_118' title='bbox 359 1820 593 1874; x_wconf 78' lang='grc' dir='ltr'>αὐτόθεν</span> <span class='ocrx_word' id='word_1_119' title='bbox 626 1821 969 1893; x_wconf 78' lang='grc' dir='ltr'>ποιούμενος,</span> <span class='ocrx_word' id='word_1_120' title='bbox 998 1824 1121 1875; x_wconf 81' lang='grc' dir='ltr'>ὅθεν</span> <span class='ocrx_word' id='word_1_121' title='bbox 1157 1823 1321 1875; x_wconf 69' lang='grc' dir='ltr'>αὐτὸν</span> <span class='ocrx_word' id='word_1_122' title='bbox 1351 1825 1481 1894; x_wconf 79' lang='grc' dir='ltr'>ἡμῖν</span> <span class='ocrx_word' id='word_1_123' title='bbox 1518 1825 1550 1894; x_wconf 78' lang='grc' dir='ltr'><strong>ἠ</strong></span> <span class='ocrx_word' id='word_1_124' title='bbox 1578 1824 1739 1895; x_wconf 82' lang='grc' dir='ltr'>χάρις</span> <span class='ocrx_word' id='word_1_125' title='bbox 1774 1823 1949 1893; x_wconf 83' lang='grc' dir='ltr'>ἐγνώ-</span> 
     </span>
    </p>
   </div>
   <div class='ocr_carea' id='block_1_20' title="bbox 367 1927 542 1982">
    <p class='ocr_par' dir='ltr' id='par_1_20' title="bbox 367 1927 542 1982">
     <span class='ocr_line' id='line_1_20' title="bbox 367 1927 542 1982; baseline 0.011 -17"><span class='ocrx_word' id='word_1_126' title='bbox 367 1927 542 1982; x_wconf 85' lang='grc' dir='ltr'>ρισεν.</span> 
     </span>
    </p>
   </div>
   <div class='ocr_carea' id='block_1_21' title="bbox 451 1998 1953 2075">
    <p class='ocr_par' dir='ltr' id='par_1_21' title="bbox 451 1998 1953 2075">
     <span class='ocr_line' id='line_1_21' title="bbox 451 1998 1953 2075; baseline 0.003 -19"><span class='ocrx_word' id='word_1_127' title='bbox 451 2002 754 2074; x_wconf 81' lang='grc' dir='ltr'>’Υπεριδὼν</span> <span class='ocrx_word' id='word_1_128' title='bbox 784 2004 893 2075; x_wconf 81' lang='grc' dir='ltr'>γὰρ</span> <span class='ocrx_word' id='word_1_129' title='bbox 927 1998 1083 2067; x_wconf 72' lang='grc' dir='ltr'>οὗτος</span> <span class='ocrx_word' id='word_1_130' title='bbox 1112 2007 1205 2060; x_wconf 69' lang='grc' dir='ltr'>καὶ</span> <span class='ocrx_word' id='word_1_131' title='bbox 1239 2004 1430 2074; x_wconf 79' lang='grc' dir='ltr'>γένους</span> <span class='ocrx_word' id='word_1_132' title='bbox 1476 2007 1570 2059; x_wconf 71' lang='grc' dir='ltr'><strong>καὶ</strong></span> <span class='ocrx_word' id='word_1_133' title='bbox 1598 2007 1826 2060; x_wconf 82' lang='grc' dir='ltr'>πλούτου</span> <span class='ocrx_word' id='word_1_134' title='bbox 1861 2010 1953 2061; x_wconf 76' lang='grc' dir='ltr'><strong>καὶ</strong></span> 
     </span>
    </p>
   </div>
   <div class='ocr_carea' id='block_1_22' title="bbox 363 2095 1952 2169">
    <p class='ocr_par' dir='ltr' id='par_1_22' title="bbox 363 2095 1952 2169">
     <span class='ocr_line' id='line_1_22' title="bbox 363 2095 1952 2169; baseline 0.003 -22"><span class='ocrx_word' id='word_1_135' title='bbox 363 2095 725 2164; x_wconf 62' lang='grc' dir='ltr'>περιφανείας</span> <span class='ocrx_word' id='word_1_136' title='bbox 762 2096 1003 2165; x_wconf 82' lang='grc' dir='ltr'>ἁπάσης,</span> <span class='ocrx_word' id='word_1_137' title='bbox 1034 2096 1132 2166; x_wconf 75' lang='grc' dir='ltr'>ὅση</span> <span class='ocrx_word' id='word_1_138' title='bbox 1166 2113 1223 2147; x_wconf 85' lang='grc' dir='ltr'><strong>τε</strong></span> <span class='ocrx_word' id='word_1_139' title='bbox 1262 2096 1384 2149; x_wconf 85' lang='grc' dir='ltr'>καθ’</span> <span class='ocrx_word' id='word_1_140' title='bbox 1420 2096 1691 2166; x_wconf 82' lang='grc' dir='ltr'>’Έλληνας</span> <span class='ocrx_word' id='word_1_141' title='bbox 1724 2098 1952 2169; x_wconf 73' lang='grc' dir='ltr'>ἐκράτει</span> 
     </span>
    </p>
   </div>
   <div class='ocr_carea' id='block_1_23' title="bbox 356 2187 1953 2260">
    <p class='ocr_par' dir='ltr' id='par_1_23' title="bbox 356 2187 1953 2260">
     <span class='ocr_line' id='line_1_23' title="bbox 356 2187 1953 2260; baseline 0.003 -21"><span class='ocrx_word' id='word_1_142' title='bbox 356 2188 510 2250; x_wconf 78' lang='grc' dir='ltr'>τότε,</span> <span class='ocrx_word' id='word_1_143' title='bbox 542 2189 640 2239; x_wconf 69' lang='grc' dir='ltr'><strong>καὶ</strong></span> <span class='ocrx_word' id='word_1_144' title='bbox 668 2189 768 2256; x_wconf 85' lang='grc' dir='ltr'>ὅση</span> <span class='ocrx_word' id='word_1_145' title='bbox 801 2187 953 2256; x_wconf 76' lang='grc' dir='ltr'>παρὰ</span> <span class='ocrx_word' id='word_1_146' title='bbox 995 2187 1106 2240; x_wconf 85' lang='grc' dir='ltr'><strong>τῶν</strong></span> <span class='ocrx_word' id='word_1_147' title='bbox 1149 2188 1418 2240; x_wconf 79' lang='grc' dir='ltr'>σεϐόντων</span> <span class='ocrx_word' id='word_1_148' title='bbox 1465 2188 1534 2241; x_wconf 83' lang='grc' dir='ltr'><strong>τὰ</strong></span> <span class='ocrx_word' id='word_1_149' title='bbox 1562 2189 1757 2243; x_wconf 81' lang='grc' dir='ltr'>εἴδωλα</span> <span class='ocrx_word' id='word_1_150' title='bbox 1797 2207 1953 2260; x_wconf 87' lang='grc' dir='ltr'>περι-</span> 
     </span>
    </p>
   </div>
   <div class='ocr_carea' id='block_1_24' title="bbox 358 2278 1950 2351">
    <p class='ocr_par' dir='ltr' id='par_1_24' title="bbox 358 2278 1950 2351">
     <span class='ocr_line' id='line_1_24' title="bbox 358 2278 1950 2351; baseline 0.003 -20"><span class='ocrx_word' id='word_1_151' title='bbox 358 2279 595 2349; x_wconf 79' lang='grc' dir='ltr'>εκέχυτο</span> <span class='ocrx_word' id='word_1_152' title='bbox 624 2278 753 2343; x_wconf 77' lang='grc' dir='ltr'>δόξα</span> <span class='ocrx_word' id='word_1_153' title='bbox 773 2296 784 2308; x_wconf 92' lang='grc'><strong>·</strong></span> <span class='ocrx_word' id='word_1_154' title='bbox 810 2278 1030 2332; x_wconf 86' lang='grc' dir='ltr'>πάντων</span> <span class='ocrx_word' id='word_1_155' title='bbox 1053 2296 1110 2331; x_wconf 86' lang='grc' dir='ltr'><strong>τε</strong></span> <span class='ocrx_word' id='word_1_156' title='bbox 1137 2281 1465 2348; x_wconf 77' lang='grc' dir='ltr'><strong>καταφανῶς</strong></span> <span class='ocrx_word' id='word_1_157' title='bbox 1486 2280 1785 2351; x_wconf 72' lang='grc' dir='ltr'>ἀλογήσας,</span> <span class='ocrx_word' id='word_1_158' title='bbox 1820 2284 1950 2351; x_wconf 85' lang='grc' dir='ltr'>μιᾶς</span> 
     </span>
    </p>
   </div>
   <div class='ocr_carea' id='block_1_25' title="bbox 362 2352 1951 2442">
    <p class='ocr_par' dir='ltr' id='par_1_25' title="bbox 362 2352 1951 2442">
     <span class='ocr_line' id='line_1_25' title="bbox 362 2352 1951 2442; baseline 0.003 -19"><span class='ocrx_word' id='word_1_159' title='bbox 362 2369 828 2439; x_wconf 75' lang='grc' dir='ltr'>ἐπεθύμειδόξης,</span> <span class='ocrx_word' id='word_1_160' title='bbox 859 2369 955 2424; x_wconf 86' lang='grc' dir='ltr'><strong>τοῦ</strong></span> <span class='ocrx_word' id='word_1_161' title='bbox 989 2372 1165 2424; x_wconf 81' lang='grc' dir='ltr'>πᾶσαν</span> <span class='ocrx_word' id='word_1_162' title='bbox 1198 2352 1298 2440; x_wconf 68' lang='grc' dir='ltr'><strong>μέν</strong></span> <span class='ocrx_word' id='word_1_163' title='bbox 1336 2373 1558 2439; x_wconf 79' lang='grc' dir='ltr'>ἁ-ρεῖναι</span> <span class='ocrx_word' id='word_1_164' title='bbox 1587 2373 1685 2442; x_wconf 80' lang='grc' dir='ltr'>τὴν</span> <span class='ocrx_word' id='word_1_165' title='bbox 1717 2374 1951 2442; x_wconf 83' lang='grc' dir='ltr'>πάτριον</span> 
     </span>
    </p>
   </div>
   <div class='ocr_carea' id='block_1_26' title="bbox 365 2463 1951 2537">
    <p class='ocr_par' dir='ltr' id='par_1_26' title="bbox 365 2463 1951 2537">
     <span class='ocr_line' id='line_1_26' title="bbox 365 2463 1951 2537; baseline 0.003 -22"><span class='ocrx_word' id='word_1_166' title='bbox 365 2463 662 2516; x_wconf 78' lang='grc' dir='ltr'>πολυθεῖαν</span> <span class='ocrx_word' id='word_1_167' title='bbox 711 2465 807 2516; x_wconf 71' lang='grc' dir='ltr'><strong>καὶ</strong></span> <span class='ocrx_word' id='word_1_168' title='bbox 854 2463 1229 2534; x_wconf 80' lang='grc' dir='ltr'>δεισιδαίμονα</span> <span class='ocrx_word' id='word_1_169' title='bbox 1271 2464 1502 2535; x_wconf 80' lang='grc' dir='ltr'>πλάνην,</span> <span class='ocrx_word' id='word_1_170' title='bbox 1553 2466 1723 2536; x_wconf 84' lang='grc' dir='ltr'>μόνης</span> <span class='ocrx_word' id='word_1_171' title='bbox 1755 2467 1811 2519; x_wconf 81' lang='grc' dir='ltr'>δὲ</span> <span class='ocrx_word' id='word_1_172' title='bbox 1852 2468 1951 2537; x_wconf 83' lang='grc' dir='ltr'>τῆς</span> 
     </span>
    </p>
   </div>
   <div class='ocr_carea' id='block_1_27' title="bbox 362 2554 1951 2629">
    <p class='ocr_par' dir='ltr' id='par_1_27' title="bbox 362 2554 1951 2629">
     <span class='ocr_line' id='line_1_27' title="bbox 362 2554 1951 2629; baseline 0.002 -21"><span class='ocrx_word' id='word_1_173' title='bbox 362 2554 490 2608; x_wconf 80' lang='grc' dir='ltr'>καθ’</span> <span class='ocrx_word' id='word_1_174' title='bbox 531 2557 679 2625; x_wconf 79' lang='grc' dir='ltr'>ἡμᾶς</span> <span class='ocrx_word' id='word_1_175' title='bbox 728 2554 903 2623; x_wconf 81' lang='grc' dir='ltr'>Ἰησοῦ</span> <span class='ocrx_word' id='word_1_176' title='bbox 943 2555 1232 2624; x_wconf 72' lang='grc' dir='ltr'>θεοσοερίας</span> <span class='ocrx_word' id='word_1_177' title='bbox 1271 2556 1413 2609; x_wconf 86' lang='grc' dir='ltr'>κατά</span> <span class='ocrx_word' id='word_1_178' title='bbox 1460 2557 1675 2627; x_wconf 81' lang='grc' dir='ltr'>μέθεξιν</span> <span class='ocrx_word' id='word_1_179' title='bbox 1710 2558 1951 2629; x_wconf 70' lang='grc' dir='ltr'>ἄρρητον</span> 
     </span>
    </p>
   </div>
   <div class='ocr_carea' id='block_1_28' title="bbox 360 2648 1950 2718">
    <p class='ocr_par' dir='ltr' id='par_1_28' title="bbox 360 2648 1950 2718">
     <span class='ocr_line' id='line_1_28' title="bbox 360 2648 1950 2718; baseline 0.003 -19"><span class='ocrx_word' id='word_1_180' title='bbox 360 2648 729 2718; x_wconf 82' lang='grc' dir='ltr'>μεγαλοφυῶς</span> <span class='ocrx_word' id='word_1_181' title='bbox 771 2648 1200 2718; x_wconf 80' lang='grc' dir='ltr'>ἐπιδράξασθαι,</span> <span class='ocrx_word' id='word_1_182' title='bbox 1249 2650 1341 2701; x_wconf 66' lang='grc' dir='ltr'><strong>καλ⁵</strong></span> <span class='ocrx_word' id='word_1_183' title='bbox 1374 2651 1492 2712; x_wconf 80' lang='grc' dir='ltr'>ὅλος</span> <span class='ocrx_word' id='word_1_184' title='bbox 1522 2649 1645 2702; x_wconf 84' lang='grc' dir='ltr'>ὅλου</span> <span class='ocrx_word' id='word_1_185' title='bbox 1690 2650 1950 2717; x_wconf 85' lang='grc' dir='ltr'>γενέσθαι</span> 
     </span>
    </p>
   </div>
   <div class='ocr_carea' id='block_1_29' title="bbox 358 2736 1949 2810">
    <p class='ocr_par' dir='ltr' id='par_1_29' title="bbox 358 2736 1949 2810">
     <span class='ocr_line' id='line_1_29' title="bbox 358 2736 1949 2810; baseline 0.001 -18"><span class='ocrx_word' id='word_1_186' title='bbox 358 2738 456 2799; x_wconf 79' lang='grc' dir='ltr'><strong>τοῦ</strong></span> <span class='ocrx_word' id='word_1_187' title='bbox 491 2736 748 2807; x_wconf 80' lang='grc' dir='ltr'>ἐραστοῦ,</span> <span class='ocrx_word' id='word_1_188' title='bbox 780 2740 878 2792; x_wconf 71' lang='grc' dir='ltr'><strong>καὶ</strong></span> <span class='ocrx_word' id='word_1_189' title='bbox 915 2739 1015 2809; x_wconf 83' lang='grc' dir='ltr'>τῆς</span> <span class='ocrx_word' id='word_1_190' title='bbox 1044 2740 1441 2810; x_wconf 80' lang='grc' dir='ltr'>Χριστιανικῆς</span> <span class='ocrx_word' id='word_1_191' title='bbox 1475 2739 1711 2810; x_wconf 85' lang='grc' dir='ltr'>μερίδος.</span> <span class='ocrx_word' id='word_1_192' title='bbox 1748 2742 1856 2793; x_wconf 76' lang='grc' dir='ltr'>Καὶ</span> <span class='ocrx_word' id='word_1_193' title='bbox 1886 2741 1949 2806; x_wconf 83' lang='grc' dir='ltr'>δὴ</span> 
     </span>
    </p>
   </div>
   <div class='ocr_carea' id='block_1_30' title="bbox 355 2830 1951 2903">
    <p class='ocr_par' dir='ltr' id='par_1_30' title="bbox 355 2830 1951 2903">
     <span class='ocr_line' id='line_1_30' title="bbox 355 2830 1951 2903; baseline -0.001 -17"><span class='ocrx_word' id='word_1_194' title='bbox 355 2831 460 2887; x_wconf 74' lang='grc' dir='ltr'>καὶ</span> <span class='ocrx_word' id='word_1_195' title='bbox 491 2830 757 2900; x_wconf 83' lang='grc' dir='ltr'>γεγένητο</span> <span class='ocrx_word' id='word_1_196' title='bbox 782 2869 798 2892; x_wconf 96' lang='grc'><strong>,</strong></span> <span class='ocrx_word' id='word_1_197' title='bbox 830 2831 1309 2903; x_wconf 85' lang='grc' dir='ltr'>προσκεκληκότος</span> <span class='ocrx_word' id='word_1_198' title='bbox 1345 2832 1509 2887; x_wconf 80' lang='grc' dir='ltr'>αὐτὸν</span> <span class='ocrx_word' id='word_1_199' title='bbox 1533 2833 1630 2886; x_wconf 86' lang='grc' dir='ltr'><strong>τοῦ</strong></span> <span class='ocrx_word' id='word_1_200' title='bbox 1667 2832 1827 2898; x_wconf 85' lang='grc' dir='ltr'>Θεοῦ,</span> <span class='ocrx_word' id='word_1_201' title='bbox 1858 2832 1951 2885; x_wconf 73' lang='grc' dir='ltr'><strong>καὶ</strong></span> 
     </span>
    </p>
   </div>
   <div class='ocr_carea' id='block_1_31' title="bbox 352 2918 1949 2992">
    <p class='ocr_par' dir='ltr' id='par_1_31' title="bbox 352 2918 1949 2992">
     <span class='ocr_line' id='line_1_31' title="bbox 352 2918 1949 2992; baseline 0.002 -21"><span class='ocrx_word' id='word_1_202' title='bbox 352 2918 440 2989; x_wconf 83' lang='grc' dir='ltr'>τῷ</span> <span class='ocrx_word' id='word_1_203' title='bbox 471 2918 649 2972; x_wconf 85' lang='grc' dir='ltr'>πάντα</span> <span class='ocrx_word' id='word_1_204' title='bbox 668 2918 957 2988; x_wconf 74' lang='grc' dir='ltr'>φωτίζοντι</span> <span class='ocrx_word' id='word_1_205' title='bbox 992 2920 1267 2990; x_wconf 86' lang='grc' dir='ltr'>πνεύματι</span> <span class='ocrx_word' id='word_1_206' title='bbox 1298 2921 1397 2984; x_wconf 84' lang='grc' dir='ltr'>τὰς</span> <span class='ocrx_word' id='word_1_207' title='bbox 1420 2922 1641 2992; x_wconf 76' lang='grc' dir='ltr'>τρίϐους</span> <span class='ocrx_word' id='word_1_208' title='bbox 1672 2923 1819 2991; x_wconf 84' lang='grc' dir='ltr'>αύτῴ</span> <span class='ocrx_word' id='word_1_209' title='bbox 1851 2922 1949 2990; x_wconf 79' lang='grc' dir='ltr'>τῆς</span> 
     </span>
    </p>
   </div>
   <div class='ocr_carea' id='block_1_32' title="bbox 356 3008 1945 3081">
    <p class='ocr_par' dir='ltr' id='par_1_32' title="bbox 356 3008 1945 3081">
     <span class='ocr_line' id='line_1_32' title="bbox 356 3008 1945 3081; baseline 0 -20"><span class='ocrx_word' id='word_1_210' title='bbox 356 3008 627 3080; x_wconf 78' lang='grc' dir='ltr'>ἀληθεὶας</span> <span class='ocrx_word' id='word_1_211' title='bbox 645 3011 737 3062; x_wconf 74' lang='grc' dir='ltr'>ἐπὶ</span> <span class='ocrx_word' id='word_1_212' title='bbox 756 3011 816 3063; x_wconf 78' lang='grc' dir='ltr'><strong>τὸ</strong></span> <span class='ocrx_word' id='word_1_213' title='bbox 847 3010 1209 3080; x_wconf 74' lang='grc' dir='ltr'>εύαγγελικὸν</span> <span class='ocrx_word' id='word_1_214' title='bbox 1228 3010 1640 3080; x_wconf 79' lang='grc' dir='ltr'>διομαλίσαντος</span> <span class='ocrx_word' id='word_1_215' title='bbox 1663 3013 1945 3081; x_wconf 82' lang='grc' dir='ltr'>κήρυγμα.</span> 
     </span>
    </p>
   </div>
   <div class='ocr_carea' id='block_1_33' title="bbox 375 3102 1947 3174">
    <p class='ocr_par' dir='ltr' id='par_1_33' title="bbox 375 3102 1947 3174">
     <span class='ocr_line' id='line_1_33' title="bbox 375 3102 1947 3174; baseline -0.001 -18"><span class='ocrx_word' id='word_1_216' title='bbox 375 3102 663 3156; x_wconf 83' lang='grc' dir='ltr'>Ἐντεῦθεν</span> <span class='ocrx_word' id='word_1_217' title='bbox 707 3102 787 3174; x_wconf 79' lang='grc' dir='ltr'>τῷ</span> <span class='ocrx_word' id='word_1_218' title='bbox 835 3103 1043 3173; x_wconf 87' lang='grc' dir='ltr'>φαεινῷ</span> <span class='ocrx_word' id='word_1_219' title='bbox 1101 3103 1389 3174; x_wconf 81' lang='grc' dir='ltr'>λαμπτῆρι</span> <span class='ocrx_word' id='word_1_220' title='bbox 1434 3104 1532 3173; x_wconf 77' lang='grc' dir='ltr'>τῆς</span> <span class='ocrx_word' id='word_1_221' title='bbox 1578 3103 1947 3172; x_wconf 83' lang='grc' dir='ltr'>ἀποστολικῆς</span> 
     </span>
    </p>
   </div>
   <div class='ocr_carea' id='block_1_34' title="bbox 355 3193 2020 3299">
    <p class='ocr_par' dir='ltr' id='par_1_34' title="bbox 355 3193 2020 3299">
     <span class='ocr_line' id='line_1_34' title="bbox 355 3193 2020 3299; baseline -0.016 -32"><span class='ocrx_word' id='word_1_222' title='bbox 355 3193 708 3265; x_wconf 76' lang='grc' dir='ltr'>ὁμηγύρεως.</span> <span class='ocrx_word' id='word_1_223' title='bbox 730 3194 931 3264; x_wconf 83' lang='grc' dir='ltr'>Παύλῳ</span> <span class='ocrx_word' id='word_1_224' title='bbox 958 3194 1022 3266; x_wconf 85' lang='grc' dir='ltr'>δὴ</span> <span class='ocrx_word' id='word_1_225' title='bbox 1044 3194 1208 3264; x_wconf 85' lang='grc' dir='ltr'>λέγω,</span> <span class='ocrx_word' id='word_1_226' title='bbox 1236 3194 1314 3264; x_wconf 83' lang='grc' dir='ltr'>τῷ</span> <span class='ocrx_word' id='word_1_227' title='bbox 1338 3194 1479 3248; x_wconf 84' lang='grc' dir='ltr'>κατὰ</span> <span class='ocrx_word' id='word_1_228' title='bbox 1502 3195 1663 3265; x_wconf 90' lang='grc' dir='ltr'>νόμον</span> <span class='ocrx_word' id='word_1_229' title='bbox 1680 3195 1943 3264; x_wconf 79' lang='grc' dir='ltr'>ἐννόμως,</span> <span class='ocrx_word' id='word_1_230' title='bbox 1977 3240 2020 3299; x_wconf 78' lang='lat' dir='ltr'>c</span> 
     </span>
    </p>
   </div>
   <div class='ocr_carea' id='block_1_35' title="bbox 359 3285 1946 3358">
    <p class='ocr_par' dir='ltr' id='par_1_35' title="bbox 359 3285 1946 3358">
     <span class='ocr_line' id='line_1_35' title="bbox 359 3285 1946 3358; baseline 0.001 -21"><span class='ocrx_word' id='word_1_231' title='bbox 359 3287 463 3349; x_wconf 73' lang='grc' dir='ltr'><strong>καὶ</strong></span> <span class='ocrx_word' id='word_1_232' title='bbox 494 3285 636 3339; x_wconf 86' lang='grc' dir='ltr'><strong>κατὰ</strong></span> <span class='ocrx_word' id='word_1_233' title='bbox 668 3286 829 3358; x_wconf 81' lang='grc' dir='ltr'>χάριν</span> <span class='ocrx_word' id='word_1_234' title='bbox 850 3287 909 3340; x_wconf 88' lang='grc' dir='ltr'><strong>ἐν</strong></span> <span class='ocrx_word' id='word_1_235' title='bbox 937 3287 1123 3358; x_wconf 87' lang='grc' dir='ltr'>χάριτι</span> <span class='ocrx_word' id='word_1_236' title='bbox 1153 3287 1537 3357; x_wconf 77' lang='grc' dir='ltr'>διαπρέψαντι,</span> <span class='ocrx_word' id='word_1_237' title='bbox 1579 3287 1946 3358; x_wconf 73' lang='grc' dir='ltr'>συμπλακεὶς,</span> 
     </span>
    </p>
   </div>
   <div class='ocr_carea' id='block_1_36' title="bbox 355 3378 1947 3450">
    <p class='ocr_par' dir='ltr' id='par_1_36' title="bbox 355 3378 1947 3450">
     <span class='ocr_line' id='line_1_36' title="bbox 355 3378 1947 3450; baseline 0.001 -20"><span class='ocrx_word' id='word_1_238' title='bbox 355 3378 562 3442; x_wconf 79' lang='grc' dir='ltr'>ὀπαδὺς</span> <span class='ocrx_word' id='word_1_239' title='bbox 620 3378 719 3431; x_wconf 75' lang='grc' dir='ltr'>καὶ</span> <span class='ocrx_word' id='word_1_240' title='bbox 776 3378 1113 3450; x_wconf 81' lang='grc' dir='ltr'>συνέκδημος</span> <span class='ocrx_word' id='word_1_241' title='bbox 1160 3378 1374 3447; x_wconf 85' lang='grc' dir='ltr'>γίνεται</span> <span class='ocrx_word' id='word_1_242' title='bbox 1398 3395 1414 3412; x_wconf 79' lang='grc' dir='ltr'><strong><em>ο</em></strong></span> <span class='ocrx_word' id='word_1_243' title='bbox 1461 3379 1556 3432; x_wconf 73' lang='grc' dir='ltr'><strong>καὶ</strong></span> <span class='ocrx_word' id='word_1_244' title='bbox 1602 3378 1695 3433; x_wconf 82' lang='grc' dir='ltr'><strong>τὸν</strong></span> <span class='ocrx_word' id='word_1_245' title='bbox 1735 3379 1947 3432; x_wconf 81' lang='grc' dir='ltr'>ἐκείνου</span> 
     </span>
    </p>
   </div>
   <div class='ocr_carea' id='block_1_37' title="bbox 353 3468 1949 3543">
    <p class='ocr_par' dir='ltr' id='par_1_37' title="bbox 353 3468 1949 3543">
     <span class='ocr_line' id='line_1_37' title="bbox 353 3468 1949 3543; baseline 0.001 -21"><span class='ocrx_word' id='word_1_246' title='bbox 353 3469 523 3543; x_wconf 77' lang='grc' dir='ltr'>ζῆλον</span> <span class='ocrx_word' id='word_1_247' title='bbox 556 3468 635 3540; x_wconf 84' lang='grc' dir='ltr'><strong>τῷ</strong></span> <span class='ocrx_word' id='word_1_248' title='bbox 661 3469 763 3541; x_wconf 85' lang='grc' dir='ltr'>ι’σῳ</span> <span class='ocrx_word' id='word_1_249' title='bbox 795 3469 941 3541; x_wconf 78' lang='grc' dir='ltr'><strong>ζήλῳ</strong></span> <span class='ocrx_word' id='word_1_250' title='bbox 979 3469 1341 3542; x_wconf 84' lang='grc' dir='ltr'>μιμούμενος,</span> <span class='ocrx_word' id='word_1_251' title='bbox 1383 3468 1633 3541; x_wconf 78' lang='grc' dir='ltr'>ζηλωτὴς</span> <span class='ocrx_word' id='word_1_252' title='bbox 1660 3469 1756 3524; x_wconf 74' lang='grc' dir='ltr'><strong>καὶ</strong></span> <span class='ocrx_word' id='word_1_253' title='bbox 1785 3471 1949 3533; x_wconf 74' lang='grc' dir='ltr'>αὐτὸς</span> 
     </span>
    </p>
   </div>
   <div class='ocr_carea' id='block_1_38' title="bbox 354 3559 1948 3633">
    <p class='ocr_par' dir='ltr' id='par_1_38' title="bbox 354 3559 1948 3633">
     <span class='ocr_line' id='line_1_38' title="bbox 354 3559 1948 3633; baseline 0 -19"><span class='ocrx_word' id='word_1_254' title='bbox 354 3560 769 3621; x_wconf 81' lang='grc' dir='ltr'>ἀναδείκνυται.</span> <span class='ocrx_word' id='word_1_255' title='bbox 801 3561 913 3616; x_wconf 73' lang='grc' dir='ltr'><strong>Καὶ</strong></span> <span class='ocrx_word' id='word_1_256' title='bbox 934 3561 1018 3631; x_wconf 81' lang='grc' dir='ltr'>δὴ</span> <span class='ocrx_word' id='word_1_257' title='bbox 1061 3562 1408 3631; x_wconf 78' lang='grc' dir='ltr'>μεταστάτης</span> <span class='ocrx_word' id='word_1_258' title='bbox 1438 3559 1532 3614; x_wconf 86' lang='grc' dir='ltr'><strong>τοῦ</strong></span> <span class='ocrx_word' id='word_1_259' title='bbox 1565 3561 1825 3633; x_wconf 82' lang='grc' dir='ltr'>πατρῴου</span> <span class='ocrx_word' id='word_1_260' title='bbox 1856 3561 1948 3614; x_wconf 82' lang='grc' dir='ltr'><strong>νό-</strong></span> 
     </span>
    </p>
   </div>
   <div class='ocr_carea' id='block_1_39' title="bbox 359 3651 1949 3724">
    <p class='ocr_par' dir='ltr' id='par_1_39' title="bbox 359 3651 1949 3724">
     <span class='ocr_line' id='line_1_39' title="bbox 359 3651 1949 3724; baseline 0.002 -20"><span class='ocrx_word' id='word_1_261' title='bbox 359 3668 471 3722; x_wconf 87' lang='grc' dir='ltr'><strong>μου</strong></span> <span class='ocrx_word' id='word_1_262' title='bbox 489 3651 805 3723; x_wconf 85' lang='grc' dir='ltr'>λεγόμενος,</span> <span class='ocrx_word' id='word_1_263' title='bbox 832 3652 927 3707; x_wconf 76' lang='grc' dir='ltr'>καὶ</span> <span class='ocrx_word' id='word_1_264' title='bbox 952 3655 1052 3724; x_wconf 83' lang='grc' dir='ltr'>τῆς</span> <span class='ocrx_word' id='word_1_265' title='bbox 1086 3652 1307 3724; x_wconf 85' lang='grc' dir='ltr'>ἐθνικῆς</span> <span class='ocrx_word' id='word_1_266' title='bbox 1338 3653 1551 3717; x_wconf 85' lang='grc' dir='ltr'>ἐννοίας</span> <span class='ocrx_word' id='word_1_267' title='bbox 1574 3653 1675 3724; x_wconf 84' lang='grc' dir='ltr'><strong>τὴν</strong></span> <span class='ocrx_word' id='word_1_268' title='bbox 1699 3652 1949 3707; x_wconf 85' lang='grc' dir='ltr'>διάκενον</span> 
     </span>
    </p>
   </div>
   <div class='ocr_carea' id='block_1_40' title="bbox 352 3742 1946 3816">
    <p class='ocr_par' dir='ltr' id='par_1_40' title="bbox 352 3742 1946 3816">
     <span class='ocr_line' id='line_1_40' title="bbox 352 3742 1946 3816; baseline 0.003 -22"><span class='ocrx_word' id='word_1_269' title='bbox 352 3742 812 3816; x_wconf 75' lang='grc' dir='ltr'>ἐθελοθρησκείαν</span> <span class='ocrx_word' id='word_1_270' title='bbox 854 3743 1419 3813; x_wconf 82' lang='grc' dir='ltr'>ἀποσκευασάμενος,</span> <span class='ocrx_word' id='word_1_271' title='bbox 1461 3745 1543 3808; x_wconf 87' lang='grc' dir='ltr'>εἰς</span> <span class='ocrx_word' id='word_1_272' title='bbox 1570 3744 1946 3816; x_wconf 77' lang='grc' dir='ltr'>οὐρανὸν,ὃλον</span> 
     </span>
    </p>
   </div>
   <div class='ocr_carea' id='block_1_41' title="bbox 349 3833 1945 3908">
    <p class='ocr_par' dir='ltr' id='par_1_41' title="bbox 349 3833 1945 3908">
     <span class='ocr_line' id='line_1_41' title="bbox 349 3833 1945 3908; baseline 0.001 -19"><span class='ocrx_word' id='word_1_273' title='bbox 349 3833 427 3897; x_wconf 75' lang='grc' dir='ltr'>δι’</span> <span class='ocrx_word' id='word_1_274' title='bbox 466 3834 588 3891; x_wconf 80' lang='grc' dir='ltr'>ὅλου</span> <span class='ocrx_word' id='word_1_275' title='bbox 640 3833 912 3905; x_wconf 81' lang='grc' dir='ltr'>μετέθηκε</span> <span class='ocrx_word' id='word_1_276' title='bbox 949 3835 1010 3889; x_wconf 80' lang='grc' dir='ltr'><strong>τὸ</strong></span> <span class='ocrx_word' id='word_1_277' title='bbox 1058 3835 1390 3906; x_wconf 84' lang='grc' dir='ltr'>πολίτευμα.</span> <span class='ocrx_word' id='word_1_278' title='bbox 1426 3836 1492 3889; x_wconf 88' lang='grc' dir='ltr'><strong>Ὃ</strong></span> <span class='ocrx_word' id='word_1_279' title='bbox 1528 3836 1587 3889; x_wconf 84' lang='grc' dir='ltr'><strong>δὲ</strong></span> <span class='ocrx_word' id='word_1_280' title='bbox 1633 3837 1831 3908; x_wconf 89' lang='grc' dir='ltr'>μικροῦ</span> <span class='ocrx_word' id='word_1_281' title='bbox 1876 3842 1945 3908; x_wconf 82' lang='grc' dir='ltr'><strong>με</strong></span> 
     </span>
    </p>
   </div>
   <div class='ocr_carea' id='block_1_42' title="bbox 349 3926 1946 3999">
    <p class='ocr_par' dir='ltr' id='par_1_42' title="bbox 349 3926 1946 3999">
     <span class='ocr_line' id='line_1_42' title="bbox 349 3926 1946 3999; baseline 0.003 -21"><span class='ocrx_word' id='word_1_282' title='bbox 349 3926 609 3995; x_wconf 84' lang='grc' dir='ltr'>διέφυγε,</span> <span class='ocrx_word' id='word_1_283' title='bbox 637 3927 1020 3998; x_wconf 85' lang='grc' dir='ltr'>παραδραμεῖν</span> <span class='ocrx_word' id='word_1_284' title='bbox 1050 3928 1146 3999; x_wconf 81' lang='grc' dir='ltr'><strong>οὐχ</strong></span> <span class='ocrx_word' id='word_1_285' title='bbox 1183 3929 1352 3983; x_wconf 78' lang='grc' dir='ltr'>ὅσιον.</span> <span class='ocrx_word' id='word_1_286' title='bbox 1386 3930 1588 3999; x_wconf 87' lang='grc' dir='ltr'>Ἔτυχε</span> <span class='ocrx_word' id='word_1_287' title='bbox 1618 3931 1829 3983; x_wconf 75' lang='grc' dir='ltr'>τουτονὶ</span> <span class='ocrx_word' id='word_1_288' title='bbox 1854 3930 1946 3983; x_wconf 79' lang='grc' dir='ltr'><strong>τὸν</strong></span> 
     </span>
    </p>
   </div>
   <div class='ocr_carea' id='block_1_43' title="bbox 345 4015 1944 4091">
    <p class='ocr_par' dir='ltr' id='par_1_43' title="bbox 345 4015 1944 4091">
     <span class='ocr_line' id='line_1_43' title="bbox 345 4015 1944 4091; baseline 0.004 -22"><span class='ocrx_word' id='word_1_289' title='bbox 345 4015 587 4087; x_wconf 67' lang='grc' dir='ltr'>διαφανῆ</span> <span class='ocrx_word' id='word_1_290' title='bbox 614 4017 707 4070; x_wconf 79' lang='grc' dir='ltr'><strong>τοῦ</strong></span> <span class='ocrx_word' id='word_1_291' title='bbox 732 4017 971 4088; x_wconf 83' lang='grc' dir='ltr'>Χριστοῦ</span> <span class='ocrx_word' id='word_1_292' title='bbox 1005 4019 1375 4089; x_wconf 71' lang='grc' dir='ltr'>μαργαρίτην,</span> <span class='ocrx_word' id='word_1_293' title='bbox 1394 4019 1485 4072; x_wconf 78' lang='grc' dir='ltr'><strong>τὸν</strong></span> <span class='ocrx_word' id='word_1_294' title='bbox 1510 4020 1781 4091; x_wconf 77' lang='grc' dir='ltr'>πολυτελῆ</span> <span class='ocrx_word' id='word_1_295' title='bbox 1800 4021 1944 4089; x_wconf 82' lang='grc' dir='ltr'>λέγω</span> 
     </span>
    </p>
   </div>
   <div class='ocr_carea' id='block_1_44' title="bbox 343 4103 1945 4181">
    <p class='ocr_par' dir='ltr' id='par_1_44' title="bbox 343 4103 1945 4181">
     <span class='ocr_line' id='line_1_44' title="bbox 343 4103 1945 4181; baseline 0.005 -21"><span class='ocrx_word' id='word_1_296' title='bbox 343 4107 523 4174; x_wconf 72' lang='grc' dir='ltr'>λίθον,</span> <span class='ocrx_word' id='word_1_297' title='bbox 563 4109 660 4179; x_wconf 82' lang='grc' dir='ltr'><strong>ούχ</strong></span> <span class='ocrx_word' id='word_1_298' title='bbox 701 4103 865 4181; x_wconf 78' lang='grc' dir='ltr'>ἦττον</span> <span class='ocrx_word' id='word_1_299' title='bbox 912 4109 945 4178; x_wconf 84' lang='grc' dir='ltr'>ἢ</span> <span class='ocrx_word' id='word_1_300' title='bbox 994 4109 1085 4162; x_wconf 74' lang='grc' dir='ltr'><strong>τὸν</strong></span> <span class='ocrx_word' id='word_1_301' title='bbox 1127 4109 1220 4163; x_wconf 82' lang='grc' dir='ltr'><strong>τοῦ</strong></span> <span class='ocrx_word' id='word_1_302' title='bbox 1280 4110 1589 4180; x_wconf 83' lang='grc' dir='ltr'>Ζοροϐάϐελ</span> <span class='ocrx_word' id='word_1_303' title='bbox 1626 4112 1774 4165; x_wconf 87' lang='grc' dir='ltr'>λίθον</span> <span class='ocrx_word' id='word_1_304' title='bbox 1801 4114 1945 4168; x_wconf 78' lang='grc' dir='ltr'>ἑπτά</span> 
     </span>
    </p>
   </div>
   <div class='ocr_carea' id='block_1_45' title="bbox 344 4197 1943 4273">
    <p class='ocr_par' dir='ltr' id='par_1_45' title="bbox 344 4197 1943 4273">
     <span class='ocr_line' id='line_1_45' title="bbox 344 4197 1943 4273; baseline 0.004 -22"><span class='ocrx_word' id='word_1_305' title='bbox 344 4197 655 4270; x_wconf 60' lang='grc' dir='ltr'>ὀρθαλμοῖς</span> <span class='ocrx_word' id='word_1_306' title='bbox 687 4199 1087 4270; x_wconf 77' lang='grc' dir='ltr'>κοσμούμενον,</span> <span class='ocrx_word' id='word_1_307' title='bbox 1121 4201 1231 4270; x_wconf 84' lang='grc' dir='ltr'><strong>ὅσῳ</strong></span> <span class='ocrx_word' id='word_1_308' title='bbox 1259 4203 1354 4254; x_wconf 71' lang='grc' dir='ltr'><strong>καὶ</strong></span> <span class='ocrx_word' id='word_1_309' title='bbox 1388 4202 1498 4256; x_wconf 84' lang='grc' dir='ltr'><strong>τῶν</strong></span> <span class='ocrx_word' id='word_1_310' title='bbox 1526 4203 1767 4273; x_wconf 88' lang='grc' dir='ltr'>χαρίτων</span> <span class='ocrx_word' id='word_1_311' title='bbox 1805 4220 1943 4257; x_wconf 80' lang='grc' dir='ltr'>κατ-</span> 
     </span>
    </p>
   </div>
   <div class='ocr_carea' id='block_1_46' title="bbox 238 4289 1943 4366">
    <p class='ocr_par' dir='ltr' id='par_1_46' title="bbox 238 4289 1943 4366">
     <span class='ocr_line' id='line_1_46' title="bbox 238 4289 1943 4366; baseline 0.006 -27"><span class='ocrx_word' id='word_1_312' title='bbox 238 4324 247 4333; x_wconf 84' lang='grc'><strong>.</strong></span> <span class='ocrx_word' id='word_1_313' title='bbox 346 4289 583 4360; x_wconf 68' lang='grc' dir='ltr'>εκόσμει</span> <span class='ocrx_word' id='word_1_314' title='bbox 615 4290 708 4342; x_wconf 83' lang='grc' dir='ltr'>τὸν</span> <span class='ocrx_word' id='word_1_315' title='bbox 756 4291 1045 4358; x_wconf 78' lang='grc' dir='ltr'>στέφανον,</span> <span class='ocrx_word' id='word_1_316' title='bbox 1093 4293 1366 4361; x_wconf 81' lang='grc' dir='ltr'>συγγενέα</span> <span class='ocrx_word' id='word_1_317' title='bbox 1411 4294 1504 4346; x_wconf 73' lang='grc' dir='ltr'>τὸν</span> <span class='ocrx_word' id='word_1_318' title='bbox 1534 4294 1787 4364; x_wconf 81' lang='grc' dir='ltr'>τηνικάδε</span> <span class='ocrx_word' id='word_1_319' title='bbox 1842 4298 1943 4366; x_wconf 82' lang='grc' dir='ltr'>τῆς</span> 
     </span>
    </p>
   </div>
   <div class='ocr_carea' id='block_1_47' title="bbox 346 4378 1941 4455">
    <p class='ocr_par' dir='ltr' id='par_1_47' title="bbox 346 4378 1941 4455">
     <span class='ocr_line' id='line_1_47' title="bbox 346 4378 1941 4455; baseline 0.006 -23"><span class='ocrx_word' id='word_1_320' title='bbox 346 4378 536 4451; x_wconf 76' lang='grc' dir='ltr'>χώρας</span> <span class='ocrx_word' id='word_1_321' title='bbox 570 4381 881 4436; x_wconf 71' lang='grc' dir='ltr'>ἀνθύπατον</span> <span class='ocrx_word' id='word_1_322' title='bbox 907 4382 1075 4453; x_wconf 78' lang='grc' dir='ltr'>ἔχειν,</span> <span class='ocrx_word' id='word_1_323' title='bbox 1120 4385 1215 4437; x_wconf 78' lang='grc' dir='ltr'><strong>καὶ</strong></span> <span class='ocrx_word' id='word_1_324' title='bbox 1245 4386 1372 4447; x_wconf 76' lang='grc' dir='ltr'>τοὺς</span> <span class='ocrx_word' id='word_1_325' title='bbox 1406 4386 1548 4438; x_wconf 76' lang='grc' dir='ltr'>κατὰ</span> <span class='ocrx_word' id='word_1_326' title='bbox 1580 4386 1736 4453; x_wconf 86' lang='grc' dir='ltr'>γένος</span> <span class='ocrx_word' id='word_1_327' title='bbox 1770 4404 1941 4455; x_wconf 86' lang='grc' dir='ltr'>προσ-</span> 
     </span>
    </p>
   </div>
   <div class='ocr_carea' id='block_1_48' title="bbox 342 4458 1940 4543">
    <p class='ocr_par' dir='ltr' id='par_1_48' title="bbox 342 4458 1940 4543">
     <span class='ocr_line' id='line_1_48' title="bbox 342 4458 1940 4543; baseline 0.004 -20"><span class='ocrx_word' id='word_1_328' title='bbox 342 4458 619 4540; x_wconf 77' lang='grc' dir='ltr'>ήκοντας,</span> <span class='ocrx_word' id='word_1_329' title='bbox 666 4465 750 4535; x_wconf 73' lang='grc' dir='ltr'>οἷς</span> <span class='ocrx_word' id='word_1_330' title='bbox 800 4471 990 4536; x_wconf 80' lang='grc' dir='ltr'>Μίνως</span> <span class='ocrx_word' id='word_1_331' title='bbox 1034 4468 1136 4526; x_wconf 58' lang='grc' dir='ltr'>’καὶ</span> <span class='ocrx_word' id='word_1_332' title='bbox 1203 4472 1580 4543; x_wconf 84' lang='grc' dir='ltr'>Ῥαδάμανθυς</span> <span class='ocrx_word' id='word_1_333' title='bbox 1623 4476 1671 4528; x_wconf 79' lang='lat' dir='ltr'><strong>oi</strong></span> <span class='ocrx_word' id='word_1_334' title='bbox 1708 4477 1773 4528; x_wconf 89' lang='grc' dir='ltr'><strong>ἐκ</strong></span> <span class='ocrx_word' id='word_1_335' title='bbox 1816 4476 1940 4541; x_wconf 84' lang='grc' dir='ltr'>Διὸς</span> 
     </span>
    </p>
   </div>
   <div class='ocr_carea' id='block_1_49' title="bbox 343 4563 912 4635">
    <p class='ocr_par' dir='ltr' id='par_1_49' title="bbox 343 4563 912 4635">
     <span class='ocr_line' id='line_1_49' title="bbox 343 4563 912 4635; baseline 0.005 -20"><span class='ocrx_word' id='word_1_336' title='bbox 343 4563 524 4635; x_wconf 73' lang='grc' dir='ltr'>ἧστην</span> <span class='ocrx_word' id='word_1_337' title='bbox 555 4563 912 4634; x_wconf 82' lang='grc' dir='ltr'>πρωτόγονοι.</span> 
     </span>
    </p>
   </div>
   <div class='ocr_carea' id='block_1_50' title="bbox 423 4652 1935 4729">
    <p class='ocr_par' dir='ltr' id='par_1_50' title="bbox 423 4652 1935 4729">
     <span class='ocr_line' id='line_1_50' title="bbox 423 4652 1935 4729; baseline 0.004 -23"><span class='ocrx_word' id='word_1_338' title='bbox 423 4654 530 4706; x_wconf 79' lang='grc' dir='ltr'>Καὶ</span> <span class='ocrx_word' id='word_1_339' title='bbox 561 4653 633 4724; x_wconf 79' lang='grc' dir='ltr'>δὴ</span> <span class='ocrx_word' id='word_1_340' title='bbox 661 4652 739 4722; x_wconf 84' lang='grc' dir='ltr'>τῷ</span> <span class='ocrx_word' id='word_1_341' title='bbox 786 4654 979 4725; x_wconf 85' lang='grc' dir='ltr'>κράτει</span> <span class='ocrx_word' id='word_1_342' title='bbox 1034 4654 1130 4721; x_wconf 80' lang='grc' dir='ltr'><strong>τοῦ</strong></span> <span class='ocrx_word' id='word_1_343' title='bbox 1189 4656 1488 4724; x_wconf 84' lang='grc' dir='ltr'>συγγενέος</span> <span class='ocrx_word' id='word_1_344' title='bbox 1536 4658 1935 4729; x_wconf 80' lang='grc' dir='ltr'>ἐπιθαρσήσας,</span> 
     </span>
    </p>
   </div>
   <div class='ocr_carea' id='block_1_51' title="bbox 338 4745 1938 4820">
    <p class='ocr_par' dir='ltr' id='par_1_51' title="bbox 338 4745 1938 4820">
     <span class='ocr_line' id='line_1_51' title="bbox 338 4745 1938 4820; baseline 0.001 -19"><span class='ocrx_word' id='word_1_345' title='bbox 338 4745 613 4817; x_wconf 70' lang='grc' dir='ltr'>οὐμενοῦν</span> <span class='ocrx_word' id='word_1_346' title='bbox 644 4747 700 4800; x_wconf 78' lang='grc' dir='ltr'>εἴ</span> <span class='ocrx_word' id='word_1_347' title='bbox 730 4764 781 4805; x_wconf 85' lang='grc' dir='ltr'><strong>τι</strong></span> <span class='ocrx_word' id='word_1_348' title='bbox 811 4749 908 4801; x_wconf 70' lang='grc' dir='ltr'><strong>καὶ</strong></span> <span class='ocrx_word' id='word_1_349' title='bbox 931 4747 1040 4800; x_wconf 82' lang='grc' dir='ltr'>δέοι</span> <span class='ocrx_word' id='word_1_350' title='bbox 1080 4747 1274 4813; x_wconf 80' lang='grc' dir='ltr'>παθεῖν</span> <span class='ocrx_word' id='word_1_351' title='bbox 1302 4747 1506 4812; x_wconf 83' lang='grc' dir='ltr'>δείσας,</span> <span class='ocrx_word' id='word_1_352' title='bbox 1551 4748 1725 4817; x_wconf 80' lang='grc' dir='ltr'>καλὴν</span> <span class='ocrx_word' id='word_1_353' title='bbox 1758 4749 1938 4820; x_wconf 82' lang='grc' dir='ltr'>ἐαυτῷ</span> 
     </span>
    </p>
   </div>
   <div class='ocr_carea' id='block_1_52' title="bbox 259 4838 1938 4921">
    <p class='ocr_par' dir='ltr' id='par_1_52' title="bbox 259 4838 1938 4921">
     <span class='ocr_line' id='line_1_52' title="bbox 259 4838 1938 4921; baseline 0.002 -30"><span class='ocrx_word' id='word_1_354' title='bbox 259 4848 271 4860; x_wconf 90' lang='lat'><strong>‘</strong></span> <span class='ocrx_word' id='word_1_355' title='bbox 337 4838 450 4908; x_wconf 81' lang='grc' dir='ltr'>τῆς</span> <span class='ocrx_word' id='word_1_356' title='bbox 478 4839 561 4902; x_wconf 81' lang='grc' dir='ltr'>εἰς</span> <span class='ocrx_word' id='word_1_357' title='bbox 587 4839 822 4921; x_wconf 65' lang='grc' dir='ltr'>Χριστὸν</span> <span class='ocrx_word' id='word_1_358' title='bbox 853 4838 1087 4902; x_wconf 85' lang='grc' dir='ltr'>πίστεως</span> <span class='ocrx_word' id='word_1_359' title='bbox 1107 4881 1122 4903; x_wconf 92' lang='grc'><strong>,</strong></span> <span class='ocrx_word' id='word_1_360' title='bbox 1158 4839 1257 4909; x_wconf 74' lang='grc' dir='ltr'>τὴν</span> <span class='ocrx_word' id='word_1_361' title='bbox 1284 4841 1342 4892; x_wconf 78' lang='grc' dir='ltr'><strong>ἐν</strong></span> <span class='ocrx_word' id='word_1_362' title='bbox 1379 4841 1669 4911; x_wconf 85' lang='grc' dir='ltr'>γράμματι</span> <span class='ocrx_word' id='word_1_363' title='bbox 1709 4841 1938 4911; x_wconf 81' lang='grc' dir='ltr'>νομοθε-</span> 
     </span>
    </p>
   </div>
   <div class='ocr_carea' id='block_1_53' title="bbox 269 4928 1937 5000">
    <p class='ocr_par' dir='ltr' id='par_1_53' title="bbox 269 4928 1937 5000">
     <span class='ocr_line' id='line_1_53' title="bbox 269 4928 1937 5000; baseline 0.002 -17"><span class='ocrx_word' id='word_1_364' title='bbox 269 4950 275 4955; x_wconf 86' lang='grc'><strong>·</strong></span> <span class='ocrx_word' id='word_1_365' title='bbox 343 4928 470 4983; x_wconf 80' lang='grc' dir='ltr'>σίαν</span> <span class='ocrx_word' id='word_1_366' title='bbox 498 4928 818 4999; x_wconf 84' lang='grc' dir='ltr'>ύποϐάθραν</span> <span class='ocrx_word' id='word_1_367' title='bbox 848 4928 1152 4998; x_wconf 72' lang='grc' dir='ltr'>προύθηκε.</span> <span class='ocrx_word' id='word_1_368' title='bbox 1177 4929 1499 5000; x_wconf 84' lang='grc' dir='ltr'>Περιτυχὼν</span> <span class='ocrx_word' id='word_1_369' title='bbox 1534 4929 1641 5000; x_wconf 82' lang='grc' dir='ltr'>γὰρ</span> <span class='ocrx_word' id='word_1_370' title='bbox 1670 4931 1779 4985; x_wconf 84' lang='grc' dir='ltr'><strong>τῶν</strong></span> <span class='ocrx_word' id='word_1_371' title='bbox 1804 4932 1937 4985; x_wconf 91' lang='grc' dir='ltr'><strong>Μω-</strong></span> 
     </span>
    </p>
   </div>
   <div class='ocr_carea' id='block_1_54' title="bbox 343 5019 1930 5092">
    <p class='ocr_par' dir='ltr' id='par_1_54' title="bbox 343 5019 1930 5092">
     <span class='ocr_line' id='line_1_54' title="bbox 343 5019 1930 5092; baseline 0.003 -20"><span class='ocrx_word' id='word_1_372' title='bbox 343 5019 552 5073; x_wconf 77' lang='grc' dir='ltr'><strong>σαῖκῶν</strong></span> <span class='ocrx_word' id='word_1_373' title='bbox 591 5019 837 5090; x_wconf 86' lang='grc' dir='ltr'>βιϐλίων,</span> <span class='ocrx_word' id='word_1_374' title='bbox 871 5021 967 5074; x_wconf 75' lang='grc' dir='ltr'>καὶ</span> <span class='ocrx_word' id='word_1_375' title='bbox 996 5021 1097 5090; x_wconf 84' lang='grc' dir='ltr'>τῆς</span> <span class='ocrx_word' id='word_1_376' title='bbox 1137 5020 1406 5091; x_wconf 73' lang='grc' dir='ltr'>Ἐϐραίων</span> <span class='ocrx_word' id='word_1_377' title='bbox 1435 5022 1656 5092; x_wconf 82' lang='grc' dir='ltr'>ἀπάσης</span> <span class='ocrx_word' id='word_1_378' title='bbox 1686 5023 1930 5092; x_wconf 80' lang='grc' dir='ltr'>Γραφῆς,</span> 
     </span>
    </p>
   </div>
   <div class='ocr_carea' id='block_1_55' title="bbox 340 5112 1933 5186">
    <p class='ocr_par' dir='ltr' id='par_1_55' title="bbox 340 5112 1933 5186">
     <span class='ocr_line' id='line_1_55' title="bbox 340 5112 1933 5186; baseline 0 -19"><span class='ocrx_word' id='word_1_379' title='bbox 340 5112 446 5167; x_wconf 78' lang='grc' dir='ltr'><strong>καὶ</strong></span> <span class='ocrx_word' id='word_1_380' title='bbox 481 5112 695 5176; x_wconf 82' lang='grc' dir='ltr'>τούτοις</span> <span class='ocrx_word' id='word_1_381' title='bbox 718 5112 797 5176; x_wconf 83' lang='grc' dir='ltr'><strong>ὡς</strong></span> <span class='ocrx_word' id='word_1_382' title='bbox 848 5112 1083 5183; x_wconf 86' lang='grc' dir='ltr'>μάλιστα</span> <span class='ocrx_word' id='word_1_383' title='bbox 1127 5112 1440 5182; x_wconf 83' lang='grc' dir='ltr'>φιλομαθῶς</span> <span class='ocrx_word' id='word_1_384' title='bbox 1484 5115 1933 5186; x_wconf 80' lang='grc' dir='ltr'>ἐναπασχολήσας</span> 
     </span>
    </p>
   </div>
   <div class='ocr_carea' id='block_1_56' title="bbox 338 5200 1933 5274">
    <p class='ocr_par' dir='ltr' id='par_1_56' title="bbox 338 5200 1933 5274">
     <span class='ocr_line' id='line_1_56' title="bbox 338 5200 1933 5274; baseline 0.002 -19"><span class='ocrx_word' id='word_1_385' title='bbox 338 5200 440 5257; x_wconf 79' lang='grc' dir='ltr'><strong>τὸν</strong></span> <span class='ocrx_word' id='word_1_386' title='bbox 465 5202 621 5268; x_wconf 89' lang='grc' dir='ltr'>νοῦν,</span> <span class='ocrx_word' id='word_1_387' title='bbox 657 5202 753 5257; x_wconf 76' lang='grc' dir='ltr'><strong>καὶ</strong></span> <span class='ocrx_word' id='word_1_388' title='bbox 781 5202 902 5267; x_wconf 85' lang='grc' dir='ltr'>ὅλος</span> <span class='ocrx_word' id='word_1_389' title='bbox 927 5202 1034 5274; x_wconf 81' lang='grc' dir='ltr'>ὅλῳ</span> <span class='ocrx_word' id='word_1_390' title='bbox 1065 5203 1432 5272; x_wconf 75' lang='grc' dir='ltr'>στοιχειωοεὶς</span> <span class='ocrx_word' id='word_1_391' title='bbox 1455 5243 1469 5267; x_wconf 88' lang='grc'><strong>,</strong></span> <span class='ocrx_word' id='word_1_392' title='bbox 1505 5203 1677 5269; x_wconf 65' lang='grc' dir='ltr'>οὔτως</span> <span class='ocrx_word' id='word_1_393' title='bbox 1712 5204 1771 5256; x_wconf 85' lang='grc' dir='ltr'><strong>ἐν</strong></span> <span class='ocrx_word' id='word_1_394' title='bbox 1801 5203 1933 5273; x_wconf 52' lang='grc' dir='ltr'>βραγ</span> 
     </span>
    </p>
   </div>
   <div class='ocr_carea' id='block_1_57' title="bbox 422 5377 913 5451">
    <p class='ocr_par' dir='ltr' id='par_1_57' title="bbox 422 5377 913 5451">
     <span class='ocr_line' id='line_1_57' title="bbox 422 5377 913 5451; baseline 0.014 -23"><span class='ocrx_word' id='word_1_395' title='bbox 422 5387 448 5428; x_wconf 80' lang='lat' dir='ltr'><strong>P</strong></span> <span class='ocrx_word' id='word_1_396' title='bbox 475 5377 709 5437; x_wconf 82' lang='lat' dir='ltr'><strong>Zachar.</strong></span> <span class='ocrx_word' id='word_1_397' title='bbox 744 5398 827 5449; x_wconf 83' lang='lat' dir='ltr'><strong>ut,</strong></span> <span class='ocrx_word' id='word_1_398' title='bbox 858 5381 913 5451; x_wconf 59' lang='lat'><strong>9,</strong></span> 
     </span>
    </p>
   </div>
   <div class='ocr_carea' id='block_1_58' title="bbox 2054 637 3640 708">
    <p class='ocr_par' dir='ltr' id='par_1_58' title="bbox 2054 637 3640 708">
     <span class='ocr_line' id='line_1_58' title="bbox 2054 637 3640 708; baseline -0.002 -15"><span class='ocrx_word' id='word_1_399' title='bbox 2054 640 2227 693; x_wconf 87' lang='lat' dir='ltr'><strong>tulit?</strong></span> <span class='ocrx_word' id='word_1_400' title='bbox 2274 640 2412 704; x_wconf 83' lang='lat' dir='ltr'><strong>Quis</strong></span> <span class='ocrx_word' id='word_1_401' title='bbox 2447 654 2475 691; x_wconf 89' lang='lat' dir='ltr'><strong>a</strong></span> <span class='ocrx_word' id='word_1_402' title='bbox 2510 639 2684 708; x_wconf 87' lang='lat' dir='ltr'><strong>prima</strong></span> <span class='ocrx_word' id='word_1_403' title='bbox 2717 648 2877 692; x_wconf 64' lang='lat' dir='ltr'><strong>attate</strong></span> <span class='ocrx_word' id='word_1_404' title='bbox 2913 638 3118 702; x_wconf 83' lang='lat' dir='ltr'><strong>fuerit,</strong></span> <span class='ocrx_word' id='word_1_405' title='bbox 3155 637 3432 707; x_wconf 81' lang='lat' dir='ltr'><strong>quibusve</strong></span> <span class='ocrx_word' id='word_1_406' title='bbox 3475 644 3640 690; x_wconf 83' lang='lat' dir='ltr'><strong>natus</strong></span> 
     </span>
    </p>
   </div>
   <div class='ocr_carea' id='block_1_59' title="bbox 2052 726 3637 799">
    <p class='ocr_par' dir='ltr' id='par_1_59' title="bbox 2052 726 3637 799">
     <span class='ocr_line' id='line_1_59' title="bbox 2052 726 3637 799; baseline -0.004 -16"><span class='ocrx_word' id='word_1_407' title='bbox 2052 730 2402 799; x_wconf 87' lang='lat' dir='ltr'><strong>parentibus,</strong></span> <span class='ocrx_word' id='word_1_408' title='bbox 2434 743 2497 782; x_wconf 88' lang='lat' dir='ltr'><strong>ac</strong></span> <span class='ocrx_word' id='word_1_409' title='bbox 2525 743 2592 782; x_wconf 73' lang='lat' dir='ltr'><strong>ex</strong></span> <span class='ocrx_word' id='word_1_410' title='bbox 2624 743 2730 796; x_wconf 89' lang='lat' dir='ltr'><strong>qua</strong></span> <span class='ocrx_word' id='word_1_411' title='bbox 2761 727 2980 783; x_wconf 91' lang='lat' dir='ltr'><strong>demum</strong></span> <span class='ocrx_word' id='word_1_412' title='bbox 3009 726 3195 781; x_wconf 90' lang='lat' dir='ltr'><strong>radice</strong></span> <span class='ocrx_word' id='word_1_413' title='bbox 3229 726 3485 781; x_wconf 83' lang='lat' dir='ltr'><strong>surculus</strong></span> <span class='ocrx_word' id='word_1_414' title='bbox 3516 739 3637 795; x_wconf 82' lang='lat' dir='ltr'><strong>ger-</strong></span> 
     </span>
    </p>
   </div>
   <div class='ocr_carea' id='block_1_60' title="bbox 2052 817 3635 889">
    <p class='ocr_par' dir='ltr' id='par_1_60' title="bbox 2052 817 3635 889">
     <span class='ocr_line' id='line_1_60' title="bbox 2052 817 3635 889; baseline -0.003 -15"><span class='ocrx_word' id='word_1_415' title='bbox 2052 820 2374 884; x_wconf 82' lang='lat' dir='ltr'><strong>minaverit,</strong></span> <span class='ocrx_word' id='word_1_416' title='bbox 2425 820 2852 889; x_wconf 81' lang='lat' dir='ltr'><strong>haudquaquam</strong></span> <span class='ocrx_word' id='word_1_417' title='bbox 2900 818 3187 872; x_wconf 78' lang='lat' dir='ltr'><strong>habuerim</strong></span> <span class='ocrx_word' id='word_1_418' title='bbox 3225 832 3363 887; x_wconf 88' lang='lat' dir='ltr'><strong>opus</strong></span> <span class='ocrx_word' id='word_1_419' title='bbox 3408 817 3635 881; x_wconf 86' lang='lat' dir='ltr'><strong>dicere;</strong></span> 
     </span>
    </p>
   </div>
   <div class='ocr_carea' id='block_1_61' title="bbox 2052 909 3639 981">
    <p class='ocr_par' dir='ltr' id='par_1_61' title="bbox 2052 909 3639 981">
     <span class='ocr_line' id='line_1_61' title="bbox 2052 909 3639 981; baseline -0.004 -14"><span class='ocrx_word' id='word_1_420' title='bbox 2052 913 2148 981; x_wconf 90' lang='lat' dir='ltr'><strong>qui</strong></span> <span class='ocrx_word' id='word_1_421' title='bbox 2187 928 2296 968; x_wconf 90' lang='lat' dir='ltr'><strong>non</strong></span> <span class='ocrx_word' id='word_1_422' title='bbox 2348 912 2495 967; x_wconf 85' lang='lat' dir='ltr'><strong>velut</strong></span> <span class='ocrx_word' id='word_1_423' title='bbox 2524 911 2841 966; x_wconf 90' lang='lat' dir='ltr'><strong>enarrando</strong></span> <span class='ocrx_word' id='word_1_424' title='bbox 2873 912 3067 974; x_wconf 89' lang='lat' dir='ltr'><strong>vitam,</strong></span> <span class='ocrx_word' id='word_1_425' title='bbox 3102 925 3165 963; x_wconf 89' lang='lat' dir='ltr'><strong>ac</strong></span> <span class='ocrx_word' id='word_1_426' title='bbox 3194 909 3353 980; x_wconf 74' lang='lat' dir='ltr'><strong>juxta</strong></span> <span class='ocrx_word' id='word_1_427' title='bbox 3390 909 3639 963; x_wconf 77' lang='lat' dir='ltr'><strong>historiae</strong></span> 
     </span>
    </p>
   </div>
   <div class='ocr_carea' id='block_1_62' title="bbox 2052 999 3636 1075">
    <p class='ocr_par' dir='ltr' id='par_1_62' title="bbox 2052 999 3636 1075">
     <span class='ocr_line' id='line_1_62' title="bbox 2052 999 3636 1075; baseline -0.005 -16"><span class='ocrx_word' id='word_1_428' title='bbox 2052 1006 2251 1075; x_wconf 87' lang='lat' dir='ltr'><strong>legem,</strong></span> <span class='ocrx_word' id='word_1_429' title='bbox 2289 1005 2510 1058; x_wconf 87' lang='lat' dir='ltr'><strong>huncce</strong></span> <span class='ocrx_word' id='word_1_430' title='bbox 2546 1017 2855 1058; x_wconf 82' lang='lat' dir='ltr'><strong>sermonem</strong></span> <span class='ocrx_word' id='word_1_431' title='bbox 2898 1001 3335 1071; x_wconf 91' lang='lat' dir='ltr'><strong>composuerim,</strong></span> <span class='ocrx_word' id='word_1_432' title='bbox 3380 1014 3480 1054; x_wconf 91' lang='lat' dir='ltr'><strong>nec</strong></span> <span class='ocrx_word' id='word_1_433' title='bbox 3528 999 3636 1053; x_wconf 85' lang='lat' dir='ltr'><strong>nisi</strong></span> 
     </span>
    </p>
   </div>
   <div class='ocr_carea' id='block_1_63' title="bbox 2052 1092 3615 1166">
    <p class='ocr_par' dir='ltr' id='par_1_63' title="bbox 2052 1092 3615 1166">
     <span class='ocr_line' id='line_1_63' title="bbox 2052 1092 3615 1166; baseline -0.004 -16"><span class='ocrx_word' id='word_1_434' title='bbox 2052 1111 2153 1166; x_wconf 93' lang='lat' dir='ltr'><strong>pro</strong></span> <span class='ocrx_word' id='word_1_435' title='bbox 2185 1095 2424 1150; x_wconf 88' lang='lat' dir='ltr'><strong>encomii</strong></span> <span class='ocrx_word' id='word_1_436' title='bbox 2454 1095 2671 1147; x_wconf 76' lang='lat' dir='ltr'><strong>ratione</strong></span> <span class='ocrx_word' id='word_1_437' title='bbox 2702 1093 2885 1148; x_wconf 89' lang='lat' dir='ltr'><strong>obiter</strong></span> <span class='ocrx_word' id='word_1_438' title='bbox 2916 1094 3238 1148; x_wconf 76' lang='lat' dir='ltr'><strong>erutlierim.</strong></span> <span class='ocrx_word' id='word_1_439' title='bbox 3259 1092 3472 1161; x_wconf 83' lang='lat' dir='ltr'><strong>Quippe</strong></span> <span class='ocrx_word' id='word_1_440' title='bbox 3496 1092 3615 1145; x_wconf 88' lang='lat' dir='ltr'><strong>sole</strong></span> 
     </span>
    </p>
   </div>
   <div class='ocr_carea' id='block_1_64' title="bbox 2054 1180 3638 1256">
    <p class='ocr_par' dir='ltr' id='par_1_64' title="bbox 2054 1180 3638 1256">
     <span class='ocr_line' id='line_1_64' title="bbox 2054 1180 3638 1256; baseline -0.004 -17"><span class='ocrx_word' id='word_1_441' title='bbox 2054 1188 2377 1256; x_wconf 89' lang='lat' dir='ltr'><strong>plerumque</strong></span> <span class='ocrx_word' id='word_1_442' title='bbox 2395 1184 2788 1239; x_wconf 88' lang='lat' dir='ltr'><strong>encomiastica</strong></span> <span class='ocrx_word' id='word_1_443' title='bbox 2817 1185 2993 1236; x_wconf 89' lang='lat' dir='ltr'><strong>oratio</strong></span> <span class='ocrx_word' id='word_1_444' title='bbox 3021 1197 3337 1251; x_wconf 86' lang='lat' dir='ltr'><strong>magnarum</strong></span> <span class='ocrx_word' id='word_1_445' title='bbox 3364 1180 3638 1234; x_wconf 88' lang='lat' dir='ltr'><strong>narratio-</strong></span> 
     </span>
    </p>
   </div>
   <div class='ocr_carea' id='block_1_65' title="bbox 2054 1269 3634 1341">
    <p class='ocr_par' dir='ltr' id='par_1_65' title="bbox 2054 1269 3634 1341">
     <span class='ocr_line' id='line_1_65' title="bbox 2054 1269 3634 1341; baseline -0.008 -7"><span class='ocrx_word' id='word_1_446' title='bbox 2054 1293 2182 1334; x_wconf 91' lang='lat' dir='ltr'><strong>num</strong></span> <span class='ocrx_word' id='word_1_447' title='bbox 2214 1277 2383 1332; x_wconf 88' lang='lat' dir='ltr'><strong>veluti</strong></span> <span class='ocrx_word' id='word_1_448' title='bbox 2420 1276 2738 1339; x_wconf 71' lang='lat' dir='ltr'><strong>reciprocos</strong></span> <span class='ocrx_word' id='word_1_449' title='bbox 2767 1290 2830 1329; x_wconf 89' lang='lat' dir='ltr'><strong>ac</strong></span> <span class='ocrx_word' id='word_1_450' title='bbox 2861 1274 3196 1341; x_wconf 86' lang='lat' dir='ltr'><strong>multiplices</strong></span> <span class='ocrx_word' id='word_1_451' title='bbox 3219 1272 3398 1325; x_wconf 90' lang='lat' dir='ltr'><strong>vitare</strong></span> <span class='ocrx_word' id='word_1_452' title='bbox 3431 1269 3634 1324; x_wconf 88' lang='lat' dir='ltr'><strong>circui-</strong></span> 
     </span>
    </p>
   </div>
   <div class='ocr_carea' id='block_1_66' title="bbox 2053 1363 3635 1438">
    <p class='ocr_par' dir='ltr' id='par_1_66' title="bbox 2053 1363 3635 1438">
     <span class='ocr_line' id='line_1_66' title="bbox 2053 1363 3635 1438; baseline -0.006 -14"><span class='ocrx_word' id='word_1_453' title='bbox 2053 1378 2166 1435; x_wconf 90' lang='lat' dir='ltr'><strong>tus,</strong></span> <span class='ocrx_word' id='word_1_454' title='bbox 2226 1379 2286 1422; x_wconf 86' lang='lat' dir='ltr'><strong>ut</strong></span> <span class='ocrx_word' id='word_1_455' title='bbox 2352 1384 2422 1423; x_wconf 90' lang='lat' dir='ltr'><strong>ne</strong></span> <span class='ocrx_word' id='word_1_456' title='bbox 2468 1369 2560 1438; x_wconf 89' lang='lat' dir='ltr'><strong>qui</strong></span> <span class='ocrx_word' id='word_1_457' title='bbox 2617 1368 2904 1421; x_wconf 80' lang='lat' dir='ltr'><strong>auditores</strong></span> <span class='ocrx_word' id='word_1_458' title='bbox 2958 1365 3256 1433; x_wconf 75' lang='lat' dir='ltr'><strong>injucunda</strong></span> <span class='ocrx_word' id='word_1_459' title='bbox 3315 1363 3635 1432; x_wconf 82' lang='lat' dir='ltr'><strong>prolixitate</strong></span> 
     </span>
    </p>
   </div>
   <div class='ocr_carea' id='block_1_67' title="bbox 2054 1451 3635 1530">
    <p class='ocr_par' dir='ltr' id='par_1_67' title="bbox 2054 1451 3635 1530">
     <span class='ocr_line' id='line_1_67' title="bbox 2054 1451 3635 1530; baseline -0.007 -15"><span class='ocrx_word' id='word_1_460' title='bbox 2054 1460 2245 1516; x_wconf 73' lang='lat' dir='ltr'><strong>offensi</strong></span> <span class='ocrx_word' id='word_1_461' title='bbox 2279 1461 2628 1530; x_wconf 85' lang='lat' dir='ltr'><strong>gravatique,</strong></span> <span class='ocrx_word' id='word_1_462' title='bbox 2657 1457 2951 1513; x_wconf 63' lang='lat' dir='ltr'><strong>tatdiosum</strong></span> <span class='ocrx_word' id='word_1_463' title='bbox 3004 1469 3315 1511; x_wconf 78' lang='lat' dir='ltr'><strong>sermonem</strong></span> <span class='ocrx_word' id='word_1_464' title='bbox 3351 1451 3635 1507; x_wconf 74' lang='lat' dir='ltr'><strong>existima-</strong></span> 
     </span>
    </p>
   </div>
   <div class='ocr_carea' id='block_1_68' title="bbox 2054 1544 3631 1620">
    <p class='ocr_par' dir='ltr' id='par_1_68' title="bbox 2054 1544 3631 1620">
     <span class='ocr_line' id='line_1_68' title="bbox 2054 1544 3631 1620; baseline -0.008 -14"><span class='ocrx_word' id='word_1_465' title='bbox 2054 1555 2256 1608; x_wconf 90' lang='lat' dir='ltr'><strong>verint.</strong></span> <span class='ocrx_word' id='word_1_466' title='bbox 2290 1551 2559 1620; x_wconf 88' lang='lat' dir='ltr'><strong>Equidem</strong></span> <span class='ocrx_word' id='word_1_467' title='bbox 2594 1551 2638 1606; x_wconf 89' lang='lat' dir='ltr'><strong>si</strong></span> <span class='ocrx_word' id='word_1_468' title='bbox 2670 1565 2780 1620; x_wconf 84' lang='lat' dir='ltr'><strong>qua</strong></span> <span class='ocrx_word' id='word_1_469' title='bbox 2812 1565 3019 1603; x_wconf 81' lang='lat' dir='ltr'><strong>novero</strong></span> <span class='ocrx_word' id='word_1_470' title='bbox 3061 1544 3462 1606; x_wconf 71' lang='lat' dir='ltr'><strong>conducibilia,</strong></span> <span class='ocrx_word' id='word_1_471' title='bbox 3516 1552 3631 1595; x_wconf 90' lang='lat' dir='ltr'><strong>tum</strong></span> 
     </span>
    </p>
   </div>
   <div class='ocr_carea' id='block_1_69' title="bbox 2056 1634 3637 1710">
    <p class='ocr_par' dir='ltr' id='par_1_69' title="bbox 2056 1634 3637 1710">
     <span class='ocr_line' id='line_1_69' title="bbox 2056 1634 3637 1710; baseline -0.008 -10"><span class='ocrx_word' id='word_1_472' title='bbox 2056 1647 2291 1700; x_wconf 86' lang='lat' dir='ltr'><strong>collecto</strong></span> <span class='ocrx_word' id='word_1_473' title='bbox 2318 1645 2510 1709; x_wconf 62' lang='lat' dir='ltr'><strong>coetui,</strong></span> <span class='ocrx_word' id='word_1_474' title='bbox 2552 1654 2663 1697; x_wconf 90' lang='lat' dir='ltr'><strong>tum</strong></span> <span class='ocrx_word' id='word_1_475' title='bbox 2710 1643 2845 1697; x_wconf 92' lang='lat' dir='ltr'><strong>mihi</strong></span> <span class='ocrx_word' id='word_1_476' title='bbox 2896 1642 2999 1709; x_wconf 83' lang='lat' dir='ltr'><strong>ipsi</strong></span> <span class='ocrx_word' id='word_1_477' title='bbox 3046 1640 3136 1710; x_wconf 90' lang='lat' dir='ltr'><strong>qui</strong></span> <span class='ocrx_word' id='word_1_478' title='bbox 3187 1636 3432 1707; x_wconf 91' lang='lat' dir='ltr'><strong>spiritale</strong></span> <span class='ocrx_word' id='word_1_479' title='bbox 3477 1634 3637 1689; x_wconf 81' lang='lat' dir='ltr'><strong>vobis</strong></span> 
     </span>
    </p>
   </div>
   <div class='ocr_carea' id='block_1_70' title="bbox 2056 1724 3634 1802">
    <p class='ocr_par' dir='ltr' id='par_1_70' title="bbox 2056 1724 3634 1802">
     <span class='ocr_line' id='line_1_70' title="bbox 2056 1724 3634 1802; baseline -0.01 -12"><span class='ocrx_word' id='word_1_480' title='bbox 2056 1750 2373 1790; x_wconf 78' lang='lat' dir='ltr'><strong>sermonum</strong></span> <span class='ocrx_word' id='word_1_481' title='bbox 2427 1735 2743 1789; x_wconf 82' lang='lat' dir='ltr'><strong>convivium</strong></span> <span class='ocrx_word' id='word_1_482' title='bbox 2806 1747 3046 1802; x_wconf 88' lang='lat' dir='ltr'><strong>appono,</strong></span> <span class='ocrx_word' id='word_1_483' title='bbox 3095 1731 3209 1784; x_wconf 63' lang='lat' dir='ltr'><strong>haec</strong></span> <span class='ocrx_word' id='word_1_484' title='bbox 3249 1729 3453 1791; x_wconf 90' lang='lat' dir='ltr'><strong>dicam,</strong></span> <span class='ocrx_word' id='word_1_485' title='bbox 3506 1724 3634 1777; x_wconf 79' lang='lat' dir='ltr'><strong>inde</strong></span> 
     </span>
    </p>
   </div>
   <div class='ocr_carea' id='block_1_71' title="bbox 2057 1814 3728 1885">
    <p class='ocr_par' dir='ltr' id='par_1_71' title="bbox 2057 1814 3728 1885">
     <span class='ocr_line' id='line_1_71' title="bbox 2057 1814 3728 1885; baseline -0.009 -5"><span class='ocrx_word' id='word_1_486' title='bbox 2057 1826 2330 1880; x_wconf 83' lang='lat' dir='ltr'><strong>sermonis</strong></span> <span class='ocrx_word' id='word_1_487' title='bbox 2382 1824 2531 1878; x_wconf 91' lang='lat' dir='ltr'><strong>dicto</strong></span> <span class='ocrx_word' id='word_1_488' title='bbox 2572 1822 2838 1885; x_wconf 83' lang='lat' dir='ltr'><strong>exordio,</strong></span> <span class='ocrx_word' id='word_1_489' title='bbox 2881 1822 3027 1876; x_wconf 90' lang='lat' dir='ltr'><strong>unde</strong></span> <span class='ocrx_word' id='word_1_490' title='bbox 3077 1835 3200 1874; x_wconf 90' lang='lat' dir='ltr'><strong>eum</strong></span> <span class='ocrx_word' id='word_1_491' title='bbox 3251 1818 3414 1872; x_wconf 89' lang='lat' dir='ltr'><strong>nobis</strong></span> <span class='ocrx_word' id='word_1_492' title='bbox 3458 1814 3632 1885; x_wconf 87' lang='lat' dir='ltr'><strong>gratia</strong></span> <span class='ocrx_word' id='word_1_493' title='bbox 3719 1864 3728 1873; x_wconf 79' lang='grc'><strong>,</strong></span> 
     </span>
    </p>
   </div>
   <div class='ocr_carea' id='block_1_72' title="bbox 2057 1917 2436 1972">
    <p class='ocr_par' dir='ltr' id='par_1_72' title="bbox 2057 1917 2436 1972">
     <span class='ocr_line' id='line_1_72' title="bbox 2057 1917 2436 1972; baseline -0.003 -1"><span class='ocrx_word' id='word_1_494' title='bbox 2057 1927 2249 1971; x_wconf 90' lang='lat' dir='ltr'><strong>notum</strong></span> <span class='ocrx_word' id='word_1_495' title='bbox 2288 1917 2436 1972; x_wconf 80' lang='lat' dir='ltr'><strong>fecit.</strong></span> 
     </span>
    </p>
   </div>
   <div class='ocr_carea' id='block_1_73' title="bbox 2125 2001 3633 2078">
    <p class='ocr_par' dir='ltr' id='par_1_73' title="bbox 2125 2001 3633 2078">
     <span class='ocr_line' id='line_1_73' title="bbox 2125 2001 3633 2078; baseline -0.007 -16"><span class='ocrx_word' id='word_1_496' title='bbox 2125 2009 2224 2065; x_wconf 89' lang='lat' dir='ltr'><strong>llic</strong></span> <span class='ocrx_word' id='word_1_497' title='bbox 2258 2011 2425 2075; x_wconf 89' lang='lat' dir='ltr'><strong>enim,</strong></span> <span class='ocrx_word' id='word_1_498' title='bbox 2458 2019 2514 2064; x_wconf 90' lang='lat' dir='ltr'><strong>et</strong></span> <span class='ocrx_word' id='word_1_499' title='bbox 2546 2024 2748 2078; x_wconf 85' lang='lat' dir='ltr'><strong>genere</strong></span> <span class='ocrx_word' id='word_1_500' title='bbox 2790 2016 2974 2077; x_wconf 88' lang='lat' dir='ltr'><strong>spreto</strong></span> <span class='ocrx_word' id='word_1_501' title='bbox 3006 2015 3060 2059; x_wconf 82' lang='lat' dir='ltr'><strong>et</strong></span> <span class='ocrx_word' id='word_1_502' title='bbox 3095 2004 3329 2065; x_wconf 89' lang='lat' dir='ltr'><strong>divitiis,</strong></span> <span class='ocrx_word' id='word_1_503' title='bbox 3371 2001 3633 2069; x_wconf 90' lang='lat' dir='ltr'><strong>omnique</strong></span> 
     </span>
    </p>
   </div>
   <div class='ocr_carea' id='block_1_74' title="bbox 2053 2092 3635 2172">
    <p class='ocr_par' dir='ltr' id='par_1_74' title="bbox 2053 2092 3635 2172">
     <span class='ocr_line' id='line_1_74' title="bbox 2053 2092 3635 2172; baseline -0.008 -16"><span class='ocrx_word' id='word_1_504' title='bbox 2053 2103 2370 2172; x_wconf 91' lang='lat' dir='ltr'><strong>splendore,</strong></span> <span class='ocrx_word' id='word_1_505' title='bbox 2422 2116 2486 2153; x_wconf 90' lang='lat' dir='ltr'><strong>ac</strong></span> <span class='ocrx_word' id='word_1_506' title='bbox 2536 2100 2581 2154; x_wconf 90' lang='lat' dir='ltr'><strong>si</strong></span> <span class='ocrx_word' id='word_1_507' title='bbox 2629 2117 2735 2169; x_wconf 86' lang='lat' dir='ltr'><strong>qua</strong></span> <span class='ocrx_word' id='word_1_508' title='bbox 2792 2100 2842 2153; x_wconf 89' lang='lat' dir='ltr'><strong>id</strong></span> <span class='ocrx_word' id='word_1_509' title='bbox 2898 2098 3160 2167; x_wconf 89' lang='lat' dir='ltr'><strong>temporis</strong></span> <span class='ocrx_word' id='word_1_510' title='bbox 3218 2095 3361 2165; x_wconf 87' lang='lat' dir='ltr'><strong>apud</strong></span> <span class='ocrx_word' id='word_1_511' title='bbox 3409 2092 3635 2148; x_wconf 68' lang='lat' dir='ltr'><strong>Graecos</strong></span> 
     </span>
    </p>
   </div>
   <div class='ocr_carea' id='block_1_75' title="bbox 2051 2184 3632 2263">
    <p class='ocr_par' dir='ltr' id='par_1_75' title="bbox 2051 2184 3632 2263">
     <span class='ocr_line' id='line_1_75' title="bbox 2051 2184 3632 2263; baseline -0.008 -15"><span class='ocrx_word' id='word_1_512' title='bbox 2051 2196 2323 2249; x_wconf 88' lang='lat' dir='ltr'><strong>obtineret</strong></span> <span class='ocrx_word' id='word_1_513' title='bbox 2349 2191 2482 2263; x_wconf 77' lang='lat'>(3|),</span> <span class='ocrx_word' id='word_1_514' title='bbox 2515 2194 2558 2247; x_wconf 92' lang='lat' dir='ltr'><strong>si</strong></span> <span class='ocrx_word' id='word_1_515' title='bbox 2592 2209 2698 2262; x_wconf 88' lang='lat' dir='ltr'><strong>qua</strong></span> <span class='ocrx_word' id='word_1_516' title='bbox 2726 2192 2891 2246; x_wconf 86' lang='lat' dir='ltr'><strong>etiam</strong></span> <span class='ocrx_word' id='word_1_517' title='bbox 2917 2192 2983 2243; x_wconf 88' lang='lat' dir='ltr'><strong>ab</strong></span> <span class='ocrx_word' id='word_1_518' title='bbox 3018 2190 3289 2243; x_wconf 88' lang='lat' dir='ltr'><strong>idolormu</strong></span> <span class='ocrx_word' id='word_1_519' title='bbox 3318 2184 3632 2241; x_wconf 84' lang='lat' dir='ltr'><strong>cultoribus</strong></span> 
     </span>
    </p>
   </div>
   <div class='ocr_carea' id='block_1_76' title="bbox 2053 2276 3678 2356">
    <p class='ocr_par' dir='ltr' id='par_1_76' title="bbox 2053 2276 3678 2356">
     <span class='ocr_line' id='line_1_76' title="bbox 2053 2276 3678 2356; baseline -0.008 -15"><span class='ocrx_word' id='word_1_520' title='bbox 2053 2288 2298 2356; x_wconf 87' lang='lat' dir='ltr'><strong>undique</strong></span> <span class='ocrx_word' id='word_1_521' title='bbox 2322 2284 2499 2340; x_wconf 73' lang='lat' dir='ltr'><strong>aliusa</strong></span> <span class='ocrx_word' id='word_1_522' title='bbox 2535 2285 2712 2356; x_wconf 80' lang='lat' dir='ltr'><strong>gloria</strong></span> <span class='ocrx_word' id='word_1_523' title='bbox 2737 2294 2906 2348; x_wconf 87' lang='lat' dir='ltr'><strong>esset,</strong></span> <span class='ocrx_word' id='word_1_524' title='bbox 2941 2284 3309 2350; x_wconf 88' lang='lat' dir='ltr'><strong>omnibusque</strong></span> <span class='ocrx_word' id='word_1_525' title='bbox 3338 2276 3634 2348; x_wconf 85' lang='lat' dir='ltr'><strong>perspicue</strong></span> <span class='ocrx_word' id='word_1_526' title='bbox 3669 2305 3678 2315; x_wconf 78' lang='lat'><strong><em>~</em></strong></span> 
     </span>
    </p>
   </div>
   <div class='ocr_carea' id='block_1_77' title="bbox 2052 2370 3630 2445">
    <p class='ocr_par' dir='ltr' id='par_1_77' title="bbox 2052 2370 3630 2445">
     <span class='ocr_line' id='line_1_77' title="bbox 2052 2370 3630 2445; baseline -0.008 -12"><span class='ocrx_word' id='word_1_527' title='bbox 2052 2379 2338 2445; x_wconf 72' lang='lat' dir='ltr'><strong>neglectis,</strong></span> <span class='ocrx_word' id='word_1_528' title='bbox 2383 2378 2523 2431; x_wconf 89' lang='lat' dir='ltr'><strong>hanc</strong></span> <span class='ocrx_word' id='word_1_529' title='bbox 2558 2393 2721 2431; x_wconf 85' lang='lat' dir='ltr'><strong>unam</strong></span> <span class='ocrx_word' id='word_1_530' title='bbox 2768 2377 2996 2445; x_wconf 79' lang='lat' dir='ltr'><strong>gloriam</strong></span> <span class='ocrx_word' id='word_1_531' title='bbox 3032 2373 3386 2428; x_wconf 72' lang='lat' dir='ltr'><strong>desiderabat</strong></span> <span class='ocrx_word' id='word_1_532' title='bbox 3415 2388 3428 2424; x_wconf 92' lang='lat'>:</span> <span class='ocrx_word' id='word_1_533' title='bbox 3459 2378 3516 2422; x_wconf 91' lang='lat' dir='ltr'><strong>nt</strong></span> <span class='ocrx_word' id='word_1_534' title='bbox 3548 2370 3630 2421; x_wconf 86' lang='lat' dir='ltr'><strong>ni—</strong></span> 
     </span>
    </p>
   </div>
   <div class='ocr_carea' id='block_1_78' title="bbox 2054 2462 3631 2541">
    <p class='ocr_par' dir='ltr' id='par_1_78' title="bbox 2054 2462 3631 2541">
     <span class='ocr_line' id='line_1_78' title="bbox 2054 2462 3631 2541; baseline -0.007 -18"><span class='ocrx_word' id='word_1_535' title='bbox 2054 2471 2250 2525; x_wconf 88' lang='lat' dir='ltr'><strong>mirtun</strong></span> <span class='ocrx_word' id='word_1_536' title='bbox 2281 2480 2569 2541; x_wconf 84' lang='lat' dir='ltr'><strong>paternam</strong></span> <span class='ocrx_word' id='word_1_537' title='bbox 2592 2484 2807 2522; x_wconf 86' lang='lat' dir='ltr'><strong>omnem</strong></span> <span class='ocrx_word' id='word_1_538' title='bbox 2836 2468 3072 2537; x_wconf 88' lang='lat' dir='ltr'><strong>plurium</strong></span> <span class='ocrx_word' id='word_1_539' title='bbox 3100 2466 3324 2520; x_wconf 84' lang='lat' dir='ltr'><strong>deorum</strong></span> <span class='ocrx_word' id='word_1_540' title='bbox 3351 2462 3631 2530; x_wconf 87' lang='lat' dir='ltr'><strong>deceptio-</strong></span> 
     </span>
    </p>
   </div>
   <div class='ocr_carea' id='block_1_79' title="bbox 2054 2553 3631 2627">
    <p class='ocr_par' dir='ltr' id='par_1_79' title="bbox 2054 2553 3631 2627">
     <span class='ocr_line' id='line_1_79' title="bbox 2054 2553 3631 2627; baseline -0.008 -14"><span class='ocrx_word' id='word_1_541' title='bbox 2054 2576 2217 2627; x_wconf 87' lang='lat' dir='ltr'><strong>nem,</strong></span> <span class='ocrx_word' id='word_1_542' title='bbox 2289 2576 2352 2613; x_wconf 88' lang='lat' dir='ltr'><strong>ac</strong></span> <span class='ocrx_word' id='word_1_543' title='bbox 2419 2558 2866 2626; x_wconf 80' lang='lat' dir='ltr'><strong>superstitiosum</strong></span> <span class='ocrx_word' id='word_1_544' title='bbox 2934 2570 3179 2611; x_wconf 83' lang='lat' dir='ltr'><strong>errorem</strong></span> <span class='ocrx_word' id='word_1_545' title='bbox 3245 2553 3631 2620; x_wconf 84' lang='lat' dir='ltr'><strong>relinqueret.</strong></span> 
     </span>
    </p>
   </div>
   <div class='ocr_carea' id='block_1_80' title="bbox 2054 2641 3634 2716">
    <p class='ocr_par' dir='ltr' id='par_1_80' title="bbox 2054 2641 3634 2716">
     <span class='ocr_line' id='line_1_80' title="bbox 2054 2641 3634 2716; baseline -0.004 -16"><span class='ocrx_word' id='word_1_546' title='bbox 2054 2657 2300 2705; x_wconf 89' lang='lat' dir='ltr'><strong>nostram</strong></span> <span class='ocrx_word' id='word_1_547' title='bbox 2329 2656 2509 2703; x_wconf 86' lang='lat' dir='ltr'><strong>autem</strong></span> <span class='ocrx_word' id='word_1_548' title='bbox 2535 2647 2663 2703; x_wconf 80' lang='lat' dir='ltr'><strong>Jesu</strong></span> <span class='ocrx_word' id='word_1_549' title='bbox 2700 2647 3023 2716; x_wconf 82' lang='lat' dir='ltr'><strong>religionem</strong></span> <span class='ocrx_word' id='word_1_550' title='bbox 3055 2644 3316 2699; x_wconf 82' lang='lat' dir='ltr'><strong>inell&#39;abili</strong></span> <span class='ocrx_word' id='word_1_551' title='bbox 3338 2641 3634 2712; x_wconf 88' lang='lat' dir='ltr'><strong>participio</strong></span> 
     </span>
    </p>
   </div>
   <div class='ocr_carea' id='block_1_81' title="bbox 2051 2735 3624 2809">
    <p class='ocr_par' dir='ltr' id='par_1_81' title="bbox 2051 2735 3624 2809">
     <span class='ocr_line' id='line_1_81' title="bbox 2051 2735 3624 2809; baseline -0.006 -15"><span class='ocrx_word' id='word_1_552' title='bbox 2051 2741 2475 2809; x_wconf 80' lang='lat' dir='ltr'><strong>magnanimiler</strong></span> <span class='ocrx_word' id='word_1_553' title='bbox 2502 2739 2960 2808; x_wconf 72' lang='lat' dir='ltr'><strong>apprehenileret,</strong></span> <span class='ocrx_word' id='word_1_554' title='bbox 3005 2744 3262 2804; x_wconf 88' lang='lat' dir='ltr'><strong>totusque</strong></span> <span class='ocrx_word' id='word_1_555' title='bbox 3295 2735 3467 2787; x_wconf 88' lang='lat' dir='ltr'><strong>totius</strong></span> <span class='ocrx_word' id='word_1_556' title='bbox 3492 2746 3624 2802; x_wconf 69' lang='lat' dir='ltr'><strong>prte-</strong></span> 
     </span>
    </p>
   </div>
   <div class='ocr_carea' id='block_1_82' title="bbox 2050 2823 3635 2899">
    <p class='ocr_par' dir='ltr' id='par_1_82' title="bbox 2050 2823 3635 2899">
     <span class='ocr_line' id='line_1_82' title="bbox 2050 2823 3635 2899; baseline -0.006 -14"><span class='ocrx_word' id='word_1_557' title='bbox 2050 2831 2251 2899; x_wconf 88' lang='lat' dir='ltr'><strong>cupide</strong></span> <span class='ocrx_word' id='word_1_558' title='bbox 2286 2831 2475 2895; x_wconf 88' lang='lat' dir='ltr'><strong>amati,</strong></span> <span class='ocrx_word' id='word_1_559' title='bbox 2511 2844 2577 2884; x_wconf 89' lang='lat' dir='ltr'><strong>ac</strong></span> <span class='ocrx_word' id='word_1_560' title='bbox 2608 2829 3053 2884; x_wconf 86' lang='lat' dir='ltr'><strong>Christianorum</strong></span> <span class='ocrx_word' id='word_1_561' title='bbox 3083 2827 3324 2896; x_wconf 80' lang='lat' dir='ltr'><strong>partium</strong></span> <span class='ocrx_word' id='word_1_562' title='bbox 3360 2825 3531 2879; x_wconf 81' lang='lat' dir='ltr'><strong>ﬁeret.</strong></span> <span class='ocrx_word' id='word_1_563' title='bbox 3557 2823 3635 2876; x_wconf 85' lang='lat' dir='ltr'><strong>Ac</strong></span> 
     </span>
    </p>
   </div>
   <div class='ocr_carea' id='block_1_83' title="bbox 2051 2914 3629 2995">
    <p class='ocr_par' dir='ltr' id='par_1_83' title="bbox 2051 2914 3629 2995">
     <span class='ocr_line' id='line_1_83' title="bbox 2051 2914 3629 2995; baseline -0.006 -21"><span class='ocrx_word' id='word_1_564' title='bbox 2051 2923 2215 2990; x_wconf 87' lang='lat' dir='ltr'><strong>plane</strong></span> <span class='ocrx_word' id='word_1_565' title='bbox 2259 2923 2332 2975; x_wconf 88' lang='lat' dir='ltr'><strong>ita</strong></span> <span class='ocrx_word' id='word_1_566' title='bbox 2380 2922 2583 2995; x_wconf 84' lang='lat' dir='ltr'><strong>evenit,</strong></span> <span class='ocrx_word' id='word_1_567' title='bbox 2625 2928 2864 2975; x_wconf 89' lang='lat' dir='ltr'><strong>vocante</strong></span> <span class='ocrx_word' id='word_1_568' title='bbox 2916 2918 3049 2982; x_wconf 88' lang='lat' dir='ltr'><strong>Deo,</strong></span> <span class='ocrx_word' id='word_1_569' title='bbox 3086 2932 3151 2971; x_wconf 87' lang='lat' dir='ltr'><strong>ac</strong></span> <span class='ocrx_word' id='word_1_570' title='bbox 3185 2916 3394 2985; x_wconf 91' lang='lat' dir='ltr'><strong>Spiritu</strong></span> <span class='ocrx_word' id='word_1_571' title='bbox 3446 2914 3629 2969; x_wconf 83' lang='lat' dir='ltr'><strong>omnia</strong></span> 
     </span>
    </p>
   </div>
   <div class='ocr_carea' id='block_1_84' title="bbox 2052 3004 3629 3075">
    <p class='ocr_par' dir='ltr' id='par_1_84' title="bbox 2052 3004 3629 3075">
     <span class='ocr_line' id='line_1_84' title="bbox 2052 3004 3629 3075; baseline -0.008 -9"><span class='ocrx_word' id='word_1_572' title='bbox 2052 3014 2407 3075; x_wconf 85' lang='lat' dir='ltr'><strong>illustrante,</strong></span> <span class='ocrx_word' id='word_1_573' title='bbox 2462 3012 2713 3066; x_wconf 90' lang='lat' dir='ltr'><strong>veritatis</strong></span> <span class='ocrx_word' id='word_1_574' title='bbox 2753 3010 2801 3062; x_wconf 83' lang='lat' dir='ltr'><strong>ei</strong></span> <span class='ocrx_word' id='word_1_575' title='bbox 2837 3009 3066 3064; x_wconf 87' lang='lat' dir='ltr'><strong>semitas</strong></span> <span class='ocrx_word' id='word_1_576' title='bbox 3120 3007 3188 3059; x_wconf 89' lang='lat' dir='ltr'><strong>ad</strong></span> <span class='ocrx_word' id='word_1_577' title='bbox 3244 3004 3629 3072; x_wconf 81' lang='lat' dir='ltr'><strong>Evangelicam</strong></span> 
     </span>
    </p>
   </div>
   <div class='ocr_carea' id='block_1_85' title="bbox 2050 3094 3633 3175">
    <p class='ocr_par' dir='ltr' id='par_1_85' title="bbox 2050 3094 3633 3175">
     <span class='ocr_line' id='line_1_85' title="bbox 2050 3094 3633 3175; baseline -0.009 -18"><span class='ocrx_word' id='word_1_578' title='bbox 2050 3104 2499 3175; x_wconf 60' lang='lat' dir='ltr'><strong>przedieationem</strong></span> <span class='ocrx_word' id='word_1_579' title='bbox 2537 3102 2949 3171; x_wconf 86' lang='lat' dir='ltr'><strong>complanan:e.</strong></span> <span class='ocrx_word' id='word_1_580' title='bbox 2986 3099 3123 3151; x_wconf 90' lang='lat' dir='ltr'><strong>lliuc</strong></span> <span class='ocrx_word' id='word_1_581' title='bbox 3174 3094 3468 3165; x_wconf 84' lang='lat' dir='ltr'><strong>splendido</strong></span> <span class='ocrx_word' id='word_1_582' title='bbox 3502 3108 3633 3162; x_wconf 85' lang='lat' dir='ltr'><strong>apo-</strong></span> 
     </span>
    </p>
   </div>
   <div class='ocr_carea' id='block_1_86' title="bbox 2051 3182 3633 3255">
    <p class='ocr_par' dir='ltr' id='par_1_86' title="bbox 2051 3182 3633 3255">
     <span class='ocr_line' id='line_1_86' title="bbox 2051 3182 3633 3255; baseline -0.009 -6"><span class='ocrx_word' id='word_1_583' title='bbox 2051 3195 2232 3251; x_wconf 87' lang='lat' dir='ltr'><strong>stolici</strong></span> <span class='ocrx_word' id='word_1_584' title='bbox 2265 3201 2442 3249; x_wconf 65' lang='lat' dir='ltr'><strong>celatus</strong></span> <span class='ocrx_word' id='word_1_585' title='bbox 2476 3192 2762 3254; x_wconf 88' lang='lat' dir='ltr'><strong>luminari,</strong></span> <span class='ocrx_word' id='word_1_586' title='bbox 2793 3189 2993 3254; x_wconf 90' lang='lat' dir='ltr'><strong>Paulo,</strong></span> <span class='ocrx_word' id='word_1_587' title='bbox 3023 3190 3272 3255; x_wconf 86' lang='lat' dir='ltr'><strong>inquam,</strong></span> <span class='ocrx_word' id='word_1_588' title='bbox 3306 3186 3399 3253; x_wconf 88' lang='lat' dir='ltr'><strong>qui</strong></span> <span class='ocrx_word' id='word_1_589' title='bbox 3425 3183 3479 3237; x_wconf 91' lang='lat' dir='ltr'><strong>in</strong></span> <span class='ocrx_word' id='word_1_590' title='bbox 3516 3182 3633 3250; x_wconf 85' lang='lat' dir='ltr'><strong>lege</strong></span> 
     </span>
    </p>
   </div>
   <div class='ocr_carea' id='block_1_87' title="bbox 2052 3282 3633 3357">
    <p class='ocr_par' dir='ltr' id='par_1_87' title="bbox 2052 3282 3633 3357">
     <span class='ocr_line' id='line_1_87' title="bbox 2052 3282 3633 3357; baseline -0.009 -16"><span class='ocrx_word' id='word_1_591' title='bbox 2052 3302 2150 3357; x_wconf 86' lang='lat' dir='ltr'><strong>pro</strong></span> <span class='ocrx_word' id='word_1_592' title='bbox 2207 3286 2344 3356; x_wconf 82' lang='lat' dir='ltr'><strong>legis</strong></span> <span class='ocrx_word' id='word_1_593' title='bbox 2396 3285 2632 3347; x_wconf 87' lang='lat' dir='ltr'><strong>ratione,</strong></span> <span class='ocrx_word' id='word_1_594' title='bbox 2683 3286 2737 3337; x_wconf 90' lang='lat' dir='ltr'><strong>in</strong></span> <span class='ocrx_word' id='word_1_595' title='bbox 2787 3282 2964 3351; x_wconf 85' lang='lat' dir='ltr'><strong>gratia</strong></span> <span class='ocrx_word' id='word_1_596' title='bbox 3009 3288 3191 3334; x_wconf 90' lang='lat' dir='ltr'><strong>autem</strong></span> <span class='ocrx_word' id='word_1_597' title='bbox 3256 3282 3633 3331; x_wconf 82' lang='lat' dir='ltr'><strong>consentanee</strong></span> 
     </span>
    </p>
   </div>
   <div class='ocr_carea' id='block_1_88' title="bbox 2050 3366 3632 3446">
    <p class='ocr_par' dir='ltr' id='par_1_88' title="bbox 2050 3366 3632 3446">
     <span class='ocr_line' id='line_1_88' title="bbox 2050 3366 3632 3446; baseline -0.008 -15"><span class='ocrx_word' id='word_1_598' title='bbox 2050 3366 2248 3432; x_wconf 88' lang='lat' dir='ltr'><strong>enituit</strong></span> <span class='ocrx_word' id='word_1_599' title='bbox 2285 3377 2497 3446; x_wconf 68' lang='lat' dir='ltr'><strong>gratim,</strong></span> <span class='ocrx_word' id='word_1_600' title='bbox 2534 3375 2824 3429; x_wconf 69' lang='lat' dir='ltr'><strong>adhaerens</strong></span> <span class='ocrx_word' id='word_1_601' title='bbox 2847 3375 3008 3441; x_wconf 90' lang='lat' dir='ltr'><strong>eique</strong></span> <span class='ocrx_word' id='word_1_602' title='bbox 3043 3371 3386 3441; x_wconf 83' lang='lat' dir='ltr'><strong>implicatus.</strong></span> <span class='ocrx_word' id='word_1_603' title='bbox 3416 3366 3632 3421; x_wconf 83' lang='lat' dir='ltr'><strong>itineris</strong></span> 
     </span>
    </p>
   </div>
   <div class='ocr_carea' id='block_1_89' title="bbox 2051 3461 3633 3538">
    <p class='ocr_par' dir='ltr' id='par_1_89' title="bbox 2051 3461 3633 3538">
     <span class='ocr_line' id='line_1_89' title="bbox 2051 3461 3633 3538; baseline -0.006 -14"><span class='ocrx_word' id='word_1_604' title='bbox 2051 3469 2235 3524; x_wconf 84' lang='lat' dir='ltr'><strong>socius</strong></span> <span class='ocrx_word' id='word_1_605' title='bbox 2265 3467 2498 3523; x_wconf 86' lang='lat' dir='ltr'><strong>ellieitur</strong></span> <span class='ocrx_word' id='word_1_606' title='bbox 2527 3483 2589 3522; x_wconf 89' lang='lat' dir='ltr'><strong>ac</strong></span> <span class='ocrx_word' id='word_1_607' title='bbox 2618 3467 3125 3538; x_wconf 77' lang='lat' dir='ltr'><strong>peregrinationum</strong></span> <span class='ocrx_word' id='word_1_608' title='bbox 3156 3477 3343 3518; x_wconf 90' lang='lat' dir='ltr'><strong>eomes</strong></span> <span class='ocrx_word' id='word_1_609' title='bbox 3367 3479 3380 3515; x_wconf 90' lang='lat'><strong>:</strong></span> <span class='ocrx_word' id='word_1_610' title='bbox 3404 3461 3633 3530; x_wconf 85' lang='lat' dir='ltr'><strong>ejusque</strong></span> 
     </span>
    </p>
   </div>
   <div class='ocr_carea' id='block_1_90' title="bbox 2048 3551 3632 3628">
    <p class='ocr_par' dir='ltr' id='par_1_90' title="bbox 2048 3551 3632 3628">
     <span class='ocr_line' id='line_1_90' title="bbox 2048 3551 3632 3628; baseline -0.007 -14"><span class='ocrx_word' id='word_1_611' title='bbox 2048 3559 2481 3620; x_wconf 74' lang='lat' dir='ltr'><strong>aemulationem,</strong></span> <span class='ocrx_word' id='word_1_612' title='bbox 2513 3558 2633 3628; x_wconf 89' lang='lat' dir='ltr'><strong>pari</strong></span> <span class='ocrx_word' id='word_1_613' title='bbox 2652 3557 3006 3611; x_wconf 52' lang='lat' dir='ltr'><strong>aemulatione</strong></span> <span class='ocrx_word' id='word_1_614' title='bbox 3027 3556 3298 3618; x_wconf 87' lang='lat' dir='ltr'><strong>imitatus,</strong></span> <span class='ocrx_word' id='word_1_615' title='bbox 3327 3554 3491 3606; x_wconf 90' lang='lat' dir='ltr'><strong>etiam</strong></span> <span class='ocrx_word' id='word_1_616' title='bbox 3516 3551 3632 3619; x_wconf 88' lang='lat' dir='ltr'><strong>ipse</strong></span> 
     </span>
    </p>
   </div>
   <div class='ocr_carea' id='block_1_91' title="bbox 2048 3642 3633 3719">
    <p class='ocr_par' dir='ltr' id='par_1_91' title="bbox 2048 3642 3633 3719">
     <span class='ocr_line' id='line_1_91' title="bbox 2048 3642 3633 3719; baseline -0.006 -13"><span class='ocrx_word' id='word_1_617' title='bbox 2048 3654 2337 3706; x_wconf 71' lang='lat' dir='ltr'><strong>temulator</strong></span> <span class='ocrx_word' id='word_1_618' title='bbox 2366 3650 2699 3706; x_wconf 86' lang='lat' dir='ltr'><strong>ostenditur.</strong></span> <span class='ocrx_word' id='word_1_619' title='bbox 2734 3650 2915 3719; x_wconf 84' lang='lat' dir='ltr'><strong>Atque</strong></span> <span class='ocrx_word' id='word_1_620' title='bbox 2947 3664 2977 3702; x_wconf 90' lang='lat' dir='ltr'><strong>a</strong></span> <span class='ocrx_word' id='word_1_621' title='bbox 3009 3642 3235 3719; x_wconf 76' lang='lat' dir='ltr'><strong>paterna</strong></span> <span class='ocrx_word' id='word_1_622' title='bbox 3260 3644 3633 3713; x_wconf 81' lang='lat' dir='ltr'><strong>commigrans</strong></span> 
     </span>
    </p>
   </div>
   <div class='ocr_carea' id='block_1_92' title="bbox 2048 3734 3632 3811">
    <p class='ocr_par' dir='ltr' id='par_1_92' title="bbox 2048 3734 3632 3811">
     <span class='ocr_line' id='line_1_92' title="bbox 2048 3734 3632 3811; baseline -0.004 -17"><span class='ocrx_word' id='word_1_623' title='bbox 2048 3742 2188 3810; x_wconf 86' lang='lat' dir='ltr'><strong>lege,</strong></span> <span class='ocrx_word' id='word_1_624' title='bbox 2212 3741 2585 3811; x_wconf 81' lang='lat' dir='ltr'><strong>gentilitiique</strong></span> <span class='ocrx_word' id='word_1_625' title='bbox 2613 3756 2813 3796; x_wconf 88' lang='lat' dir='ltr'><strong>sensus</strong></span> <span class='ocrx_word' id='word_1_626' title='bbox 2843 3738 2997 3794; x_wconf 90' lang='lat' dir='ltr'><strong>inani</strong></span> <span class='ocrx_word' id='word_1_627' title='bbox 3033 3736 3435 3809; x_wconf 80' lang='lat' dir='ltr'><strong>superstitione</strong></span> <span class='ocrx_word' id='word_1_628' title='bbox 3479 3734 3632 3788; x_wconf 61' lang='grc' dir='ltr'>θοις-</span> 
     </span>
    </p>
   </div>
   <div class='ocr_carea' id='block_1_93' title="bbox 2047 3827 3630 3903">
    <p class='ocr_par' dir='ltr' id='par_1_93' title="bbox 2047 3827 3630 3903">
     <span class='ocr_line' id='line_1_93' title="bbox 2047 3827 3630 3903; baseline -0.005 -18"><span class='ocrx_word' id='word_1_629' title='bbox 2047 3840 2215 3903; x_wconf 86' lang='lat' dir='ltr'><strong>gata,</strong></span> <span class='ocrx_word' id='word_1_630' title='bbox 2278 3840 2446 3886; x_wconf 88' lang='lat' dir='ltr'><strong>totam</strong></span> <span class='ocrx_word' id='word_1_631' title='bbox 2500 3832 3262 3902; x_wconf 54' lang='lat' dir='ltr'><strong>prorsus‘conversationem</strong></span> <span class='ocrx_word' id='word_1_632' title='bbox 3318 3829 3372 3882; x_wconf 93' lang='lat' dir='ltr'><strong>in</strong></span> <span class='ocrx_word' id='word_1_633' title='bbox 3431 3827 3630 3881; x_wconf 60' lang='lat' dir='ltr'><strong>coelum</strong></span> 
     </span>
    </p>
   </div>
   <div class='ocr_carea' id='block_1_94' title="bbox 2048 3919 3631 3994">
    <p class='ocr_par' dir='ltr' id='par_1_94' title="bbox 2048 3919 3631 3994">
     <span class='ocr_line' id='line_1_94' title="bbox 2048 3919 3631 3994; baseline -0.005 -16"><span class='ocrx_word' id='word_1_634' title='bbox 2048 3924 2361 3980; x_wconf 85' lang='lat' dir='ltr'><strong>transtulit.</strong></span> <span class='ocrx_word' id='word_1_635' title='bbox 2406 3922 2602 3979; x_wconf 84' lang='lat' dir='ltr'><strong>Verum</strong></span> <span class='ocrx_word' id='word_1_636' title='bbox 2651 3924 2795 3979; x_wconf 84' lang='lat' dir='ltr'><strong>haud</strong></span> <span class='ocrx_word' id='word_1_637' title='bbox 2856 3939 3071 3994; x_wconf 69' lang='lat' dir='ltr'><strong>mqnum</strong></span> <span class='ocrx_word' id='word_1_638' title='bbox 3132 3921 3325 3982; x_wconf 84' lang='lat' dir='ltr'><strong>luerit,</strong></span> <span class='ocrx_word' id='word_1_639' title='bbox 3381 3929 3440 3973; x_wconf 89' lang='lat' dir='ltr'><strong>ut</strong></span> <span class='ocrx_word' id='word_1_640' title='bbox 3483 3919 3631 3989; x_wconf 83' lang='lat' dir='ltr'><strong>quod</strong></span> 
     </span>
    </p>
   </div>
   <div class='ocr_carea' id='block_1_95' title="bbox 2046 4011 3631 4086">
    <p class='ocr_par' dir='ltr' id='par_1_95' title="bbox 2046 4011 3631 4086">
     <span class='ocr_line' id='line_1_95' title="bbox 2046 4011 3631 4086; baseline -0.005 -17"><span class='ocrx_word' id='word_1_641' title='bbox 2046 4015 2161 4072; x_wconf 80' lang='lat' dir='ltr'><strong>fere</strong></span> <span class='ocrx_word' id='word_1_642' title='bbox 2190 4015 2481 4086; x_wconf 75' lang='lat' dir='ltr'><strong>eﬂ‘ugerat,</strong></span> <span class='ocrx_word' id='word_1_643' title='bbox 2528 4023 2912 4086; x_wconf 71' lang='lat' dir='ltr'><strong>praetereatur.</strong></span> <span class='ocrx_word' id='word_1_644' title='bbox 2949 4015 3196 4085; x_wconf 81' lang='lat' dir='ltr'><strong>Contigit</strong></span> <span class='ocrx_word' id='word_1_645' title='bbox 3241 4020 3302 4067; x_wconf 93' lang='lat' dir='ltr'><strong>ut</strong></span> <span class='ocrx_word' id='word_1_646' title='bbox 3338 4011 3631 4082; x_wconf 77' lang='lat' dir='ltr'><strong>&#39;pellttcida</strong></span> 
     </span>
    </p>
   </div>
   <div class='ocr_carea' id='block_1_96' title="bbox 2045 4103 3629 4178">
    <p class='ocr_par' dir='ltr' id='par_1_96' title="bbox 2045 4103 3629 4178">
     <span class='ocr_line' id='line_1_96' title="bbox 2045 4103 3629 4178; baseline -0.005 -16"><span class='ocrx_word' id='word_1_647' title='bbox 2045 4108 2160 4164; x_wconf 70' lang='lat' dir='ltr'><strong>haec</strong></span> <span class='ocrx_word' id='word_1_648' title='bbox 2197 4108 2407 4164; x_wconf 88' lang='lat' dir='ltr'><strong>Christi</strong></span> <span class='ocrx_word' id='word_1_649' title='bbox 2474 4107 2812 4178; x_wconf 83' lang='lat' dir='ltr'><strong>margarita;</strong></span> <span class='ocrx_word' id='word_1_650' title='bbox 2842 4107 3140 4176; x_wconf 81' lang='lat' dir='ltr'><strong>pretiosus,</strong></span> <span class='ocrx_word' id='word_1_651' title='bbox 3185 4109 3435 4175; x_wconf 90' lang='lat' dir='ltr'><strong>inquam,</strong></span> <span class='ocrx_word' id='word_1_652' title='bbox 3463 4103 3629 4169; x_wconf 87' lang='lat' dir='ltr'><strong>lapis,</strong></span> 
     </span>
    </p>
   </div>
   <div class='ocr_carea' id='block_1_97' title="bbox 2044 4193 3627 4265">
    <p class='ocr_par' dir='ltr' id='par_1_97' title="bbox 2044 4193 3627 4265">
     <span class='ocr_line' id='line_1_97' title="bbox 2044 4193 3627 4265; baseline -0.004 -15"><span class='ocrx_word' id='word_1_653' title='bbox 2044 4212 2153 4250; x_wconf 89' lang='lat' dir='ltr'><strong>non</strong></span> <span class='ocrx_word' id='word_1_654' title='bbox 2187 4195 2375 4250; x_wconf 86' lang='lat' dir='ltr'><strong>minus</strong></span> <span class='ocrx_word' id='word_1_655' title='bbox 2402 4210 2568 4265; x_wconf 88' lang='lat' dir='ltr'><strong>quam</strong></span> <span class='ocrx_word' id='word_1_656' title='bbox 2591 4197 2734 4265; x_wconf 87' lang='lat' dir='ltr'><strong>lapis</strong></span> <span class='ocrx_word' id='word_1_657' title='bbox 2765 4196 2853 4250; x_wconf 92' lang='lat' dir='ltr'><strong>ille</strong></span> <span class='ocrx_word' id='word_1_658' title='bbox 2882 4193 3185 4252; x_wconf 87' lang='lat' dir='ltr'><strong>Zorobabel</strong></span> <span class='ocrx_word' id='word_1_659' title='bbox 3210 4194 3387 4247; x_wconf 86' lang='lat' dir='ltr'><strong>oculis</strong></span> <span class='ocrx_word' id='word_1_660' title='bbox 3417 4200 3627 4261; x_wconf 85' lang='lat' dir='ltr'><strong>septem</strong></span> 
     </span>
    </p>
   </div>
   <div class='ocr_carea' id='block_1_98' title="bbox 2042 4285 3625 4358">
    <p class='ocr_par' dir='ltr' id='par_1_98' title="bbox 2042 4285 3625 4358">
     <span class='ocr_line' id='line_1_98' title="bbox 2042 4285 3625 4358; baseline -0.007 -15"><span class='ocrx_word' id='word_1_661' title='bbox 2042 4295 2273 4343; x_wconf 89' lang='lat' dir='ltr'><strong>ornatus</strong></span> <span class='ocrx_word' id='word_1_662' title='bbox 2307 4298 2353 4352; x_wconf 76' lang='grc' dir='ltr'>ρ,</span> <span class='ocrx_word' id='word_1_663' title='bbox 2396 4302 2507 4357; x_wconf 83' lang='lat' dir='ltr'><strong>quo</strong></span> <span class='ocrx_word' id='word_1_664' title='bbox 2534 4296 2589 4341; x_wconf 90' lang='lat' dir='ltr'><strong>et</strong></span> <span class='ocrx_word' id='word_1_665' title='bbox 2626 4289 2934 4358; x_wconf 83' lang='lat' dir='ltr'><strong>gratiarum</strong></span> <span class='ocrx_word' id='word_1_666' title='bbox 2964 4285 3625 4357; x_wconf 82' lang='lat' dir='ltr'><strong>perornabatcoronam;</strong></span> 
     </span>
    </p>
   </div>
   <div class='ocr_carea' id='block_1_99' title="bbox 2041 4355 3707 4451">
    <p class='ocr_par' dir='ltr' id='par_1_99' title="bbox 2041 4355 3707 4451">
     <span class='ocr_line' id='line_1_99' title="bbox 2041 4355 3707 4451; baseline -0.005 -16"><span class='ocrx_word' id='word_1_667' title='bbox 2041 4380 2287 4451; x_wconf 76' lang='lat' dir='ltr'><strong>regionis</strong></span> <span class='ocrx_word' id='word_1_668' title='bbox 2333 4396 2432 4449; x_wconf 90' lang='lat' dir='ltr'><strong>per</strong></span> <span class='ocrx_word' id='word_1_669' title='bbox 2483 4379 2537 4433; x_wconf 92' lang='lat' dir='ltr'><strong>id</strong></span> <span class='ocrx_word' id='word_1_670' title='bbox 2587 4390 2804 4449; x_wconf 89' lang='lat' dir='ltr'><strong>tempus</strong></span> <span class='ocrx_word' id='word_1_671' title='bbox 2850 4377 3238 4448; x_wconf 83' lang='lat' dir='ltr'><strong>proconsulem</strong></span> <span class='ocrx_word' id='word_1_672' title='bbox 3295 4375 3628 4445; x_wconf 86' lang='lat' dir='ltr'><strong>cognatione</strong></span> <span class='ocrx_word' id='word_1_673' title='bbox 3691 4355 3707 4371; x_wconf 75' lang='grc'><em>’</em></span> 
     </span>
    </p>
   </div>
   <div class='ocr_carea' id='block_1_100' title="bbox 2041 4465 3630 4542">
    <p class='ocr_par' dir='ltr' id='par_1_100' title="bbox 2041 4465 3630 4542">
     <span class='ocr_line' id='line_1_100' title="bbox 2041 4465 3630 4542; baseline -0.004 -17"><span class='ocrx_word' id='word_1_674' title='bbox 2041 4472 2354 4542; x_wconf 81' lang='lat' dir='ltr'><strong>attingeret,</strong></span> <span class='ocrx_word' id='word_1_675' title='bbox 2372 4471 2712 4539; x_wconf 87' lang='lat' dir='ltr'><strong>haberetque</strong></span> <span class='ocrx_word' id='word_1_676' title='bbox 2727 4486 2925 4541; x_wconf 84' lang='lat' dir='ltr'><strong>genere</strong></span> <span class='ocrx_word' id='word_1_677' title='bbox 2939 4468 3277 4540; x_wconf 90' lang='lat' dir='ltr'><strong>propinquos</strong></span> <span class='ocrx_word' id='word_1_678' title='bbox 3290 4467 3513 4536; x_wconf 86' lang='lat' dir='ltr'><strong>,quihus</strong></span> <span class='ocrx_word' id='word_1_679' title='bbox 3528 4465 3597 4519; x_wconf 78' lang='lat' dir='ltr'><strong>Mi</strong></span> <span class='ocrx_word' id='word_1_680' title='bbox 3611 4491 3630 4504; x_wconf 66' lang='grc' dir='ltr'><strong>η</strong></span> 
     </span>
    </p>
   </div>
   <div class='ocr_carea' id='block_1_101' title="bbox 1967 4560 3623 4631">
    <p class='ocr_par' dir='ltr' id='par_1_101' title="bbox 1967 4560 3623 4631">
     <span class='ocr_line' id='line_1_101' title="bbox 1967 4560 3623 4631; baseline -0.005 -10"><span class='ocrx_word' id='word_1_681' title='bbox 1967 4572 2013 4627; x_wconf 90' lang='lat' dir='ltr'><strong>D</strong></span> <span class='ocrx_word' id='word_1_682' title='bbox 2042 4581 2145 4621; x_wconf 89' lang='lat' dir='ltr'><strong>nos</strong></span> <span class='ocrx_word' id='word_1_683' title='bbox 2160 4564 2705 4629; x_wconf 82' lang='lat' dir='ltr'><strong>etRhadamanthus,</strong></span> <span class='ocrx_word' id='word_1_684' title='bbox 2728 4562 2881 4618; x_wconf 85' lang='lat' dir='ltr'><strong>Jovis</strong></span> <span class='ocrx_word' id='word_1_685' title='bbox 2902 4562 3021 4626; x_wconf 88' lang='lat' dir='ltr'><strong>lilii,</strong></span> <span class='ocrx_word' id='word_1_686' title='bbox 3048 4560 3238 4631; x_wconf 78' lang='lat' dir='ltr'><strong>proavi</strong></span> <span class='ocrx_word' id='word_1_687' title='bbox 3257 4560 3623 4615; x_wconf 77' lang='lat' dir='ltr'><strong>exstitissent.</strong></span> 
     </span>
    </p>
   </div>
   <div class='ocr_carea' id='block_1_102' title="bbox 2113 4652 3628 4726">
    <p class='ocr_par' dir='ltr' id='par_1_102' title="bbox 2113 4652 3628 4726">
     <span class='ocr_line' id='line_1_102' title="bbox 2113 4652 3628 4726; baseline -0.004 -14"><span class='ocrx_word' id='word_1_688' title='bbox 2113 4655 2344 4726; x_wconf 82' lang='lat' dir='ltr'><strong>Cognati</strong></span> <span class='ocrx_word' id='word_1_689' title='bbox 2392 4656 2581 4720; x_wconf 84' lang='lat' dir='ltr'><strong>itaque</strong></span> <span class='ocrx_word' id='word_1_690' title='bbox 2611 4662 2886 4723; x_wconf 87' lang='lat' dir='ltr'><strong>potestate</strong></span> <span class='ocrx_word' id='word_1_691' title='bbox 2937 4652 3089 4718; x_wconf 87' lang='lat' dir='ltr'><strong>lisus,</strong></span> <span class='ocrx_word' id='word_1_692' title='bbox 3124 4666 3226 4708; x_wconf 90' lang='lat' dir='ltr'><strong>nec</strong></span> <span class='ocrx_word' id='word_1_693' title='bbox 3259 4666 3395 4706; x_wconf 89' lang='lat' dir='ltr'><strong>sane</strong></span> <span class='ocrx_word' id='word_1_694' title='bbox 3418 4652 3628 4706; x_wconf 85' lang='lat' dir='ltr'><strong>veritus</strong></span> 
     </span>
    </p>
   </div>
   <div class='ocr_carea' id='block_1_103' title="bbox 2041 4744 3630 4817">
    <p class='ocr_par' dir='ltr' id='par_1_103' title="bbox 2041 4744 3630 4817">
     <span class='ocr_line' id='line_1_103' title="bbox 2041 4744 3630 4817; baseline -0.001 -15"><span class='ocrx_word' id='word_1_695' title='bbox 2041 4748 2088 4803; x_wconf 91' lang='lat' dir='ltr'><strong>si</strong></span> <span class='ocrx_word' id='word_1_696' title='bbox 2121 4745 2255 4817; x_wconf 91' lang='lat' dir='ltr'><strong>quid</strong></span> <span class='ocrx_word' id='word_1_697' title='bbox 2281 4747 2448 4800; x_wconf 90' lang='lat' dir='ltr'><strong>etiam</strong></span> <span class='ocrx_word' id='word_1_698' title='bbox 2473 4754 2618 4801; x_wconf 91' lang='lat' dir='ltr'><strong>esset</strong></span> <span class='ocrx_word' id='word_1_699' title='bbox 2648 4745 3043 4815; x_wconf 77' lang='lat' dir='ltr'><strong>perferendum</strong></span> <span class='ocrx_word' id='word_1_700' title='bbox 3068 4762 3083 4813; x_wconf 89' lang='lat'><strong>;</strong></span> <span class='ocrx_word' id='word_1_701' title='bbox 3112 4744 3341 4816; x_wconf 86' lang='lat' dir='ltr'><strong>pulchre</strong></span> <span class='ocrx_word' id='word_1_702' title='bbox 3372 4744 3480 4800; x_wconf 89' lang='lat' dir='ltr'><strong>sibi</strong></span> <span class='ocrx_word' id='word_1_703' title='bbox 3513 4745 3630 4813; x_wconf 89' lang='lat' dir='ltr'><strong>ipse</strong></span> 
     </span>
    </p>
   </div>
   <div class='ocr_carea' id='block_1_104' title="bbox 2039 4838 3627 4909">
    <p class='ocr_par' dir='ltr' id='par_1_104' title="bbox 2039 4838 3627 4909">
     <span class='ocr_line' id='line_1_104' title="bbox 2039 4838 3627 4909; baseline -0.001 -16"><span class='ocrx_word' id='word_1_704' title='bbox 2039 4839 2214 4909; x_wconf 84' lang='lat' dir='ltr'><strong>legem</strong></span> <span class='ocrx_word' id='word_1_705' title='bbox 2236 4839 2303 4893; x_wconf 27' lang='lat' dir='ltr'><strong>sin</strong></span> <span class='ocrx_word' id='word_1_706' title='bbox 2342 4839 2524 4893; x_wconf 88' lang='lat' dir='ltr'><strong>littera</strong></span> <span class='ocrx_word' id='word_1_707' title='bbox 2560 4839 2799 4908; x_wconf 88' lang='lat' dir='ltr'><strong>positam</strong></span> <span class='ocrx_word' id='word_1_708' title='bbox 2844 4839 2911 4894; x_wconf 89' lang='lat' dir='ltr'><strong>ad</strong></span> <span class='ocrx_word' id='word_1_709' title='bbox 2942 4838 3149 4893; x_wconf 90' lang='lat' dir='ltr'><strong>Christi</strong></span> <span class='ocrx_word' id='word_1_710' title='bbox 3187 4838 3346 4893; x_wconf 87' lang='lat' dir='ltr'><strong>tidem</strong></span> <span class='ocrx_word' id='word_1_711' title='bbox 3397 4838 3627 4909; x_wconf 88' lang='lat' dir='ltr'><strong>gradum</strong></span> 
     </span>
    </p>
   </div>
   <div class='ocr_carea' id='block_1_105' title="bbox 2041 4927 3627 4998">
    <p class='ocr_par' dir='ltr' id='par_1_105' title="bbox 2041 4927 3627 4998">
     <span class='ocr_line' id='line_1_105' title="bbox 2041 4927 3627 4998; baseline 0.001 -14"><span class='ocrx_word' id='word_1_712' title='bbox 2041 4929 2363 4985; x_wconf 86' lang='lat' dir='ltr'><strong>substravit.</strong></span> <span class='ocrx_word' id='word_1_713' title='bbox 2420 4927 2629 4985; x_wconf 87' lang='lat' dir='ltr'><strong>Nactus</strong></span> <span class='ocrx_word' id='word_1_714' title='bbox 2667 4930 2812 4985; x_wconf 83' lang='lat' dir='ltr'><strong>enim</strong></span> <span class='ocrx_word' id='word_1_715' title='bbox 2865 4930 3039 4986; x_wconf 84' lang='lat' dir='ltr'><strong>libros</strong></span> <span class='ocrx_word' id='word_1_716' title='bbox 3074 4928 3278 4996; x_wconf 73' lang='lat' dir='ltr'><strong>Mosis,</strong></span> <span class='ocrx_word' id='word_1_717' title='bbox 3340 4937 3627 4998; x_wconf 85' lang='lat' dir='ltr'><strong>totamque</strong></span> 
     </span>
    </p>
   </div>
   <div class='ocr_carea' id='block_1_106' title="bbox 2040 5018 3623 5091">
    <p class='ocr_par' dir='ltr' id='par_1_106' title="bbox 2040 5018 3623 5091">
     <span class='ocr_line' id='line_1_106' title="bbox 2040 5018 3623 5091; baseline -0.001 -18"><span class='ocrx_word' id='word_1_718' title='bbox 2040 5019 2401 5074; x_wconf 75' lang='lat' dir='ltr'><strong>Hebraeorum</strong></span> <span class='ocrx_word' id='word_1_719' title='bbox 2442 5018 2813 5088; x_wconf 89' lang='lat' dir='ltr'><strong>Scripturam,</strong></span> <span class='ocrx_word' id='word_1_720' title='bbox 2852 5029 3018 5091; x_wconf 91' lang='lat' dir='ltr'><strong>atque</strong></span> <span class='ocrx_word' id='word_1_721' title='bbox 3049 5020 3102 5074; x_wconf 91' lang='lat' dir='ltr'><strong>in</strong></span> <span class='ocrx_word' id='word_1_722' title='bbox 3136 5019 3206 5075; x_wconf 89' lang='lat' dir='ltr'><strong>iis</strong></span> <span class='ocrx_word' id='word_1_723' title='bbox 3249 5019 3499 5074; x_wconf 89' lang='lat' dir='ltr'><strong>studiose</strong></span> <span class='ocrx_word' id='word_1_724' title='bbox 3523 5018 3623 5072; x_wconf 89' lang='lat' dir='ltr'><strong>ad-</strong></span> 
     </span>
    </p>
   </div>
   <div class='ocr_carea' id='block_1_107' title="bbox 2043 5096 3618 5182">
    <p class='ocr_par' dir='ltr' id='par_1_107' title="bbox 2043 5096 3618 5182">
     <span class='ocr_line' id='line_1_107' title="bbox 2043 5096 3618 5182; baseline -0.001 -16"><span class='ocrx_word' id='word_1_725' title='bbox 2043 5111 2265 5167; x_wconf 90' lang='lat' dir='ltr'><strong>modum</strong></span> <span class='ocrx_word' id='word_1_726' title='bbox 2305 5096 2484 5182; x_wconf 78' lang='lat' dir='ltr'><strong>posita</strong></span> <span class='ocrx_word' id='word_1_727' title='bbox 2518 5127 2709 5181; x_wconf 87' lang='lat' dir='ltr'><strong>opera,</strong></span> <span class='ocrx_word' id='word_1_728' title='bbox 2747 5120 3010 5182; x_wconf 91' lang='lat' dir='ltr'><strong>totusque</strong></span> <span class='ocrx_word' id='word_1_729' title='bbox 3047 5121 3230 5169; x_wconf 88' lang='lat' dir='ltr'><strong>mente</strong></span> <span class='ocrx_word' id='word_1_730' title='bbox 3260 5119 3372 5166; x_wconf 92' lang='lat' dir='ltr'><strong>tota</strong></span> <span class='ocrx_word' id='word_1_731' title='bbox 3414 5111 3618 5166; x_wconf 90' lang='lat' dir='ltr'><strong>instru-</strong></span> 
     </span>
    </p>
   </div>
   <div class='ocr_carea' id='block_1_108' title="bbox 2039 5203 3623 5274">
    <p class='ocr_par' dir='ltr' id='par_1_108' title="bbox 2039 5203 3623 5274">
     <span class='ocr_line' id='line_1_108' title="bbox 2039 5203 3623 5274; baseline 0.003 -21"><span class='ocrx_word' id='word_1_732' title='bbox 2039 5212 2205 5268; x_wconf 81' lang='lat' dir='ltr'><strong>ctus,</strong></span> <span class='ocrx_word' id='word_1_733' title='bbox 2259 5204 2338 5258; x_wconf 86' lang='lat' dir='ltr'><strong>ita</strong></span> <span class='ocrx_word' id='word_1_734' title='bbox 2390 5203 2544 5258; x_wconf 87' lang='lat' dir='ltr'><strong>brevi</strong></span> <span class='ocrx_word' id='word_1_735' title='bbox 2600 5203 2795 5259; x_wconf 82' lang='lat' dir='ltr'><strong>didicit</strong></span> <span class='ocrx_word' id='word_1_736' title='bbox 2846 5204 3094 5274; x_wconf 86' lang='lat' dir='ltr'><strong>linguam</strong></span> <span class='ocrx_word' id='word_1_737' title='bbox 3147 5203 3510 5271; x_wconf 82' lang='lat' dir='ltr'><strong>Ilebraicam,</strong></span> <span class='ocrx_word' id='word_1_738' title='bbox 3562 5210 3623 5257; x_wconf 83' lang='lat' dir='ltr'><strong>ut</strong></span> 
     </span>
    </p>
   </div>
   <div class='ocr_carea' id='block_1_109' title="bbox 1681 5530 2354 5597">
    <p class='ocr_par' dir='ltr' id='par_1_109' title="bbox 1681 5530 2354 5597">
     <span class='ocr_line' id='line_1_109' title="bbox 1681 5530 2354 5597; baseline 0.009 -7"><span class='ocrx_word' id='word_1_739' title='bbox 1681 5530 2078 5593; x_wconf 80' lang='lat' dir='ltr'><strong>COMBEFISII</strong></span> <span class='ocrx_word' id='word_1_740' title='bbox 2119 5536 2354 5597; x_wconf 77' lang='grc' dir='ltr'><strong>ΝΟΤᾸΞ.</strong></span> 
     </span>
    </p>
   </div>
   <div class='ocr_carea' id='block_1_110' title="bbox 415 5674 3611 5751">
    <p class='ocr_par' dir='ltr' id='par_1_110' title="bbox 415 5674 3611 5751">
     <span class='ocr_line' id='line_1_110' title="bbox 415 5674 3611 5751; baseline 0.002 -23"><span class='ocrx_word' id='word_1_741' title='bbox 415 5674 778 5751; x_wconf 36' lang='grc' dir='ltr'>(διλξξμιίιια</span> <span class='ocrx_word' id='word_1_742' title='bbox 807 5675 948 5751; x_wconf 72' lang='lat' dir='ltr'><strong>apud</strong></span> <span class='ocrx_word' id='word_1_743' title='bbox 993 5674 1210 5751; x_wconf 71' lang='lat' dir='ltr'><strong>Crazcos</strong></span> <span class='ocrx_word' id='word_1_744' title='bbox 1241 5676 1415 5745; x_wconf 80' lang='lat' dir='ltr'><strong>gloria</strong></span> <span class='ocrx_word' id='word_1_745' title='bbox 1452 5675 1731 5751; x_wconf 64' lang='lat' dir='ltr'><strong>obtineret.</strong></span> <span class='ocrx_word' id='word_1_746' title='bbox 1775 5675 1921 5751; x_wconf 66' lang='lat' dir='ltr'><strong>:Os&#39;q</strong></span> <span class='ocrx_word' id='word_1_747' title='bbox 2034 5680 2203 5751; x_wconf 84' lang='lat' dir='ltr'><strong>laris&#39;,</strong></span> <span class='ocrx_word' id='word_1_748' title='bbox 2273 5681 2602 5737; x_wconf 74' lang='lat' dir='ltr'><strong>Christiana:</strong></span> <span class='ocrx_word' id='word_1_749' title='bbox 2654 5681 2935 5751; x_wconf 72' lang='lat' dir='ltr'><strong>religionis</strong></span> <span class='ocrx_word' id='word_1_750' title='bbox 2985 5697 3174 5745; x_wconf 84' lang='lat' dir='ltr'><strong>causa,</strong></span> <span class='ocrx_word' id='word_1_751' title='bbox 3230 5688 3611 5750; x_wconf 86' lang='lat' dir='ltr'><strong>contemptam</strong></span> 
     </span>
    </p>
   </div>
   <div class='ocr_carea' id='block_1_111' title="bbox 334 5744 1922 5815">
    <p class='ocr_par' dir='ltr' id='par_1_111' title="bbox 334 5744 1922 5815">
     <span class='ocr_line' id='line_1_111' title="bbox 334 5744 1922 5815; baseline 0.002 -19"><span class='ocrx_word' id='word_1_752' title='bbox 334 5760 401 5797; x_wconf 70' lang='grc' dir='ltr'><strong>τε</strong></span> <span class='ocrx_word' id='word_1_753' title='bbox 436 5744 557 5799; x_wconf 86' lang='grc' dir='ltr'>καθ’</span> <span class='ocrx_word' id='word_1_754' title='bbox 588 5744 858 5815; x_wconf 81' lang='grc' dir='ltr'>’Έλληνας</span> <span class='ocrx_word' id='word_1_755' title='bbox 892 5746 1117 5815; x_wconf 82' lang='grc' dir='ltr'>ἐκράτει</span> <span class='ocrx_word' id='word_1_756' title='bbox 1152 5744 1303 5798; x_wconf 80' lang='grc' dir='ltr'>τότε·</span> <span class='ocrx_word' id='word_1_757' title='bbox 1339 5762 1534 5813; x_wconf 86' lang='lat' dir='ltr'><strong>nempe</strong></span> <span class='ocrx_word' id='word_1_758' title='bbox 1564 5744 1688 5809; x_wconf 78' lang='grc' dir='ltr'>δόξα</span> <span class='ocrx_word' id='word_1_759' title='bbox 1716 5761 1744 5799; x_wconf 91' lang='lat' dir='ltr'><strong>a</strong></span> <span class='ocrx_word' id='word_1_760' title='bbox 1771 5744 1922 5799; x_wconf 46' lang='lat' dir='ltr'><strong>Crte;</strong></span> 
     </span>
    </p>
   </div>
   <div class='ocr_carea' id='block_1_112' title="bbox 339 5814 1920 5885">
    <p class='ocr_par' dir='ltr' id='par_1_112' title="bbox 339 5814 1920 5885">
     <span class='ocr_line' id='line_1_112' title="bbox 339 5814 1920 5885; baseline 0.001 -18"><span class='ocrx_word' id='word_1_761' title='bbox 339 5815 555 5885; x_wconf 69' lang='lat' dir='ltr'><strong>cauit-is</strong></span> <span class='ocrx_word' id='word_1_762' title='bbox 593 5814 904 5878; x_wconf 79' lang='lat' dir='ltr'><strong>disciplinis</strong></span> <span class='ocrx_word' id='word_1_763' title='bbox 945 5814 1008 5870; x_wconf 84' lang='lat' dir='ltr'><strong>&#39;et</strong></span> <span class='ocrx_word' id='word_1_764' title='bbox 1054 5822 1281 5870; x_wconf 71' lang='lat' dir='ltr'><strong>externa</strong></span> <span class='ocrx_word' id='word_1_765' title='bbox 1344 5816 1633 5885; x_wconf 87' lang='lat' dir='ltr'><strong>sapientia,</strong></span> <span class='ocrx_word' id='word_1_766' title='bbox 1688 5832 1794 5885; x_wconf 87' lang='lat' dir='ltr'><strong>qua</strong></span> <span class='ocrx_word' id='word_1_767' title='bbox 1843 5815 1920 5869; x_wconf 93' lang='lat' dir='ltr'><strong>illi</strong></span> 
     </span>
    </p>
   </div>
   <div class='ocr_carea' id='block_1_113' title="bbox 340 5884 1918 5959">
    <p class='ocr_par' dir='ltr' id='par_1_113' title="bbox 340 5884 1918 5959">
     <span class='ocr_line' id='line_1_113' title="bbox 340 5884 1918 5959; baseline 0.004 -24"><span class='ocrx_word' id='word_1_768' title='bbox 340 5884 637 5951; x_wconf 77' lang='lat' dir='ltr'><strong>plurimum</strong></span> <span class='ocrx_word' id='word_1_769' title='bbox 672 5886 1046 5957; x_wconf 81' lang='lat' dir='ltr'><strong>gloriabantur</strong></span> <span class='ocrx_word' id='word_1_770' title='bbox 1082 5904 1093 5940; x_wconf 89' lang='lat'><strong>:</strong></span> <span class='ocrx_word' id='word_1_771' title='bbox 1165 5900 1329 5956; x_wconf 83' lang='lat' dir='ltr'><strong>quam</strong></span> <span class='ocrx_word' id='word_1_772' title='bbox 1403 5884 1715 5959; x_wconf 68' lang='lat' dir='ltr'><strong>sapientiae</strong></span> <span class='ocrx_word' id='word_1_773' title='bbox 1745 5902 1918 5942; x_wconf 62' lang='lat' dir='ltr'><strong>smcu~</strong></span> 
     </span>
    </p>
   </div>
   <div class='ocr_carea' id='block_1_114' title="bbox 683 6018 709 6033">
    <p class='ocr_par' dir='ltr' id='par_1_114' title="bbox 683 6018 709 6033">
     <span class='ocr_line' id='line_1_114' title="bbox 683 6018 709 6033; baseline 0 0"><span class='ocrx_word' id='word_1_774' title='bbox 683 6018 709 6033; x_wconf 69' lang='grc' dir='ltr'><em>σ</em></span> 
     </span>
    </p>
   </div>
   <div class='ocr_carea' id='block_1_115' title="bbox 2031 5750 3691 5822">
    <p class='ocr_par' dir='ltr' id='par_1_115' title="bbox 2031 5750 3691 5822">
     <span class='ocr_line' id='line_1_115' title="bbox 2031 5750 3691 5822; baseline 0.002 -22"><span class='ocrx_word' id='word_1_775' title='bbox 2031 5750 2287 5822; x_wconf 75' lang='lat' dir='ltr'><strong>gloriam,</strong></span> <span class='ocrx_word' id='word_1_776' title='bbox 2342 5753 2543 5809; x_wconf 85' lang='lat' dir='ltr'><strong>merito</strong></span> <span class='ocrx_word' id='word_1_777' title='bbox 2587 5751 2960 5822; x_wconf 69' lang='lat' dir='ltr'><strong>dept&#39;atdicant</strong></span> <span class='ocrx_word' id='word_1_778' title='bbox 3016 5754 3070 5808; x_wconf 95' lang='lat' dir='ltr'><strong>in</strong></span> <span class='ocrx_word' id='word_1_779' title='bbox 3112 5752 3319 5807; x_wconf 84' lang='lat' dir='ltr'><strong>Basilio</strong></span> <span class='ocrx_word' id='word_1_780' title='bbox 3352 5762 3403 5809; x_wconf 87' lang='lat' dir='ltr'><strong>et</strong></span> <span class='ocrx_word' id='word_1_781' title='bbox 3454 5752 3612 5807; x_wconf 82' lang='lat' dir='ltr'><strong>simi-</strong></span> <span class='ocrx_word' id='word_1_782' title='bbox 3682 5785 3691 5793; x_wconf 86' lang='lat'><strong>-</strong></span> 
     </span>
    </p>
   </div>
   <div class='ocr_carea' id='block_1_116' title="bbox 2036 5821 3004 5893">
    <p class='ocr_par' dir='ltr' id='par_1_116' title="bbox 2036 5821 3004 5893">
     <span class='ocr_line' id='line_1_116' title="bbox 2036 5821 3004 5893; baseline 0.007 -22"><span class='ocrx_word' id='word_1_783' title='bbox 2036 5821 2197 5891; x_wconf 81' lang='lat' dir='ltr'><strong>libus,</strong></span> <span class='ocrx_word' id='word_1_784' title='bbox 2227 5824 2318 5893; x_wconf 89' lang='lat' dir='ltr'><strong>qui</strong></span> <span class='ocrx_word' id='word_1_785' title='bbox 2355 5838 2443 5879; x_wconf 89' lang='lat' dir='ltr'><strong>res</strong></span> <span class='ocrx_word' id='word_1_786' title='bbox 2479 5821 2666 5879; x_wconf 85' lang='lat' dir='ltr'><strong>eorum</strong></span> <span class='ocrx_word' id='word_1_787' title='bbox 2701 5822 3004 5878; x_wconf 81' lang='lat' dir='ltr'><strong>celebrant.</strong></span> 
     </span>
    </p>
   </div>
  </div>
