4012 6442
554 399 684 467 I151

1726 412 1789 473 S.
1818 409 2150 473 ANDREAE
2188 408 2614 473 CRETENSIS

3673 408 3777 476 115?.

542 519 748 588 inquit,
788 521 1033 591 requiem
1064 522 1284 592 spiritui
1322 539 1466 589 meo,
1495 540 1561 580 eo
1594 527 1738 596 quod
1777 544 1883 583 non
1914 529 2108 582 iuvene

2241 526 2543 594 ἀνάψυξινς
2595 544 2615 577 ι
2659 523 2774 579 Οὑκ
2814 524 3027 596 ἔσχηκα
3081 519 3212 594 γὰρ,
3269 518 3465 591 φησὶν,
3521 519 3686 576 ἄνεσιν
3721 527 3779 594 τῷ

540 613 646 666 rim
674 612 854 667 Titum
881 614 1109 670 fratrem
1155 633 1359 671 meum.
1400 637 1418 669 ι
1456 616 1554 673 Vis
1585 628 1637 672 et
1673 620 1784 673 alio
1840 620 2125 674 ostendam

538 706 916 760 testimonium
980 708 1027 761 ei
1092 708 1365 765 detulisse
1422 725 1681 778 magnum
1756 713 2128 778 Apostolum?

542 814 564 845 ε
600 792 861 862 Repletus
887 813 1030 860 sum,
1053 799 1253 868 inquit,
1282 802 1687 865 consolatione,
1730 807 2125 872 superabundo

534 886 735 952 gaudio
776 888 819 941 ί.
857 906 876 938 ι
914 887 1226 954 Quomodo,
1259 906 1441 959 quave
1475 908 1665 958 quasso
1698 895 1951 949 ratione?
1977 915 1995 946 ι
2022 897 2126 962 Qui

533 978 680 1031 enim
736 982 1061 1036 consolatur
1105 983 1370 1049 humiles,
1424 985 1628 1054 inquit,
1671 990 1991 1045 constilatus
2043 1000 2127 1045 est

532 1085 636 1125 nos
668 1072 725 1125 in
761 1071 998 1127 adventu
1041 1074 1174 1129 Titi.
1206 1075 1327 1129 Non
1381 1078 1560 1131 solum
1592 1089 1773 1133 autem
1804 1081 1857 1134 in
1885 1081 2124 1137 adventu

533 1160 673 1231 ejus,
701 1155 798 1220 sed
831 1166 997 1220 etiam
1030 1167 1086 1221 in
1111 1169 1517 1237 consolatione,
1554 1188 1662 1241 qua
1687 1175 2011 1231 consolatus
2042 1189 2126 1234 est

533 1255 652 1324 ipse
682 1256 737 1310 in
784 1258 946 1314 vobis
989 1268 1041 1311 ιι.
1084 1278 1103 1310 ι
1134 1259 1410 1327 ,Vidistin'
1452 1266 1822 1321 excellentem
1869 1270 2124 1325 dilectio-

531 1348 701 1402 nem?
734 1348 999 1405 Vidistin’
1040 1352 1357 1409 concordiae
1402 1356 1707 1422 vinculum,
1745 1369 1807 1414 ut
1854 1362 2018 1415 etiam
2058 1365 2124 1418 il-

530 1440 641 1496 lius
686 1444 1153 1508 consolationem,
1218 1462 1373 1502 suam
1429 1449 1605 1519 ipsius
1642 1452 1937 1517 definierit,
1991 1474 2124 1525 gau-

530 1531 796 1603 diumque
829 1536 976 1605 ejus,
1023 1539 1311 1606 proprium
1358 1556 1517 1595 suum
1566 1550 1947 1614 reputaverit?
1979 1551 2119 1603 Audi

529 1636 661 1678 vero
682 1626 812 1695 quid
848 1627 916 1681 ad
938 1629 1161 1684 eosdem
1186 1648 1380 1685 rursus
1408 1634 1685 1695 scribens.
1721 1638 1797 1692 ait
1834 1658 1845 1692 :
1884 1657 1901 1689 ι
1929 1639 2119 1694 Abun--

530 1714 754 1773 dantius
794 1726 975 1774 autem
1028 1724 1202 1789 magis
1236 1725 1408 1794 gavisi
1459 1742 1653 1782 sumus
1705 1746 1872 1798 super
1917 1735 2120 1802 gaudio

527 1804 662 1869 Titi,
695 1807 822 1875 quia
876 1810 1119 1865 refectus
1169 1822 1254 1867 est
1305 1816 1534 1883 spiritus
1591 1818 1712 1885 ejus
1747 1820 1814 1872 al)
1860 1823 2118 1877 omnibus

2238 617 2515 686 πνεύματί
2545 635 2668 683 μου,
2699 616 2796 670 τοῦ
2837 617 2912 686 μὴ
2944 616 3126 687 εὑρεῖν
3165 632 3233 685 με
3264 614 3427 667 Τίτον
3470 613 3562 667 τδν
3591 615 3781 684 ἀδελφόν

2240 725 2363 777 μου.
2409 727 2426 758 ι
2457 707 2647 761 Βούλει
2670 710 2766 762 καὶ
2793 707 2939 778 ἄλλῳ
2973 725 3058 761 σοι
3098 705 3259 771 δείξω
3296 707 3396 776 τὴν
3428 705 3575 776 αὑτῷ
3611 725 3783 777 μαρτν-

2238 800 2362 870 ρίαν
2410 800 2835 871 προσαγαγόντα
2890 800 2983 853 τὸν
3026 800 3203 870 μέγαν
3251 799 3606 863 Ἀπόστολον;
3647 790 3783 853 ill:-

2234 892 2556 962 πλήρωμαι,
2588 894 2745 962 φησὶ,
2777 895 2842 963 τῇ
2873 892 3246 962 παρακλήσει,
3278 891 3781 962 ὑπερπερισσεύομαι

2232 986 2299 1053 τῇ
2349 985 2513 1054 χαρᾷ.
2555 1002 2573 1034 ι
2621 985 2748 1047 Πῶς
2787 986 2883 1037 καὶ
2920 986 3043 1037 τίνα
3083 984 3312 1053 τρόπον,
3350 983 3512 1050 sim-5;
3542 1001 3560 1034 ι
3604 983 3659 1036 '0
3698 987 3784 1055 γὰρ

2234 1077 2572 1146 παρακαλῶν
2626 1078 2755 1140 τοὺς
2813 1080 3143 1140 ταπεινοὺς,
3207 1077 3380 1145 φησι,
3446 1076 3781 1145 παρεκάλεσεν

2232 1171 2382 1239 ἡμᾶς
2412 1172 2471 1223 ἐν
2504 1171 2573 1241 τῇ
2606 1170 2880 1242 παρουσίᾳ
2909 1171 3093 1223 Τίτου.
3125 1169 3241 1221 Οὑκ
3264 1169 3321 1221 ἐν
3351 1171 3417 1239 τῇ
3462 1167 3721 1239 παρουσία
3741 1170 3781 1222 δὲ

2237 1262 2397 1330 μόνον
2429 1263 2630 1329 αὑτοῦ,
2670 1264 2806 1317 ἀλλὰ
2839 1264 2939 1317 καίΔ
2969 1264 3029 1316 ἐν
3061 1265 3127 1334 τῇ
3167 1262 3519 1332 παρακλήσει
3544 1303 3559 1326 ,
3664 1279 3781 1333 παρ-

2232 1354 2646 1425 εκλήθηαὺτὸς
2677 1357 2734 1408 ἐν
2766 1357 2916 1425 ὑμῖν.
2957 1374 2975 1407 ι
3011 1351 3168 1418 Εἶδες
3207 1354 3434 1423 ἀγάπης
3471 1353 3780 1423 ὑπερϐολὴν;

2230 1444 2390 1510 Εἶδες
2439 1448 2747 1517 ὁμοψυχίας
2814 1447 3147 1517 σύνδεσμον,
3196 1446 3273 1511 ὡς
3317 1447 3416 1500 καὶ
3459 1446 3560 1516 τὴν
3605 1446 3781 1499 ἐκείνου

2231 1540 2581 1611 παράκλησιν
2629 1541 2838 1594 οίκείαν
2879 1539 3193 1610 ὁρίσασθαι,
3244 1539 3341 1592 καὶ
3382 1538 3487 1608 τὴν
3538 1539 3622 1591 ἔπ’
3664 1539 3783 1608 αὐτῷ

2229 1629 2393 1699 χάριν
2444 1630 2581 1683 ίδίαν
2638 1616 2991 1700 ἡγήσασθαις
3058 1631 3264 1683 ’Ἀκουε
3320 1628 3375 1681 τί
3429 1627 3569 1698 πρὸς
3619 1629 3781 1691 αὐτοὺς

2229 1722 2392 1775 πάλιν
2426 1723 2672 1785 ἐκείνους
2717 1724 2951 1793 γράφων
3007 1722 3181 1791 φησί·
3241 1740 3261 1773 r
3296 1720 3708 1790 Περισσοτέρως
3738 1719 3780 1773 δὲ

2231 1816 2431 1883 μᾶλλον
2456 1817 2733 1886 ἐχάρημεν
2752 1817 2844 1868 ἐπὶ
2869 1818 2933 1886 τῇ
2960 1816 3107 1886 χαρᾷ
3132 1813 3779 1874 Τίτου,ὂτιὰναπέπαυται

526 1895 703 1951 vobis.
741 1896 806 1950 Et
857 1899 903 1953 si
945 1901 1076 1969 quid
1131 1902 1274 1971 apud
1322 1903 1477 1956 illum
1530 1906 1598 1959 de
1647 1906 1803 1961 vobis
1849 1909 2108 1976 gloriatus

2223 1907 2284 1959 τδ
2323 1907 2541 1978 πνεῦμα
2579 1908 2746 1961 αὑτοῦ
2785 1908 2892 1961 ἀπὸ
2923 1908 3145 1961 πάντων
3176 1906 3333 1977 ὑμῶν
3357 1923 3370 1937 ·
3406 1907 3491 1959 ὅτι
3521 1908 3572 1959 εί
3601 1923 3641 1958 ιι
3664 1904 3778 1973 αὐτῷ

524 2001 671 2048 sum,
705 2004 817 2043 non
846 2006 966 2045 sum
1000 1992 1267 2049 confusus
1301 2013 1312 2049 :
1346 1996 1439 2050 sed
1471 1998 1615 2052 sicut
1654 2002 1841 2055 omnia
1873 2005 2033 2059 vobis
2062 2006 2115 2059 in

524 2083 761 2135 veritate
801 2076 973 2137 loeuii
1010 2101 1228 2150 sumus,
1271 2087 1345 2141 ita
1379 2096 1433 2142 et
1468 2090 1725 2159 gloriatio
1754 2104 1963 2164 nostra,
1995 2114 2117 2167 qua:

524 2172 628 2225 fuit
658 2174 724 2227 ad
762 2173 968 2237 Titum,
1027 2178 1239 2233 veritas
1276 2179 1416 2234 facta
1469 2190 1552 2237 est
1585 2201 1598 2237 :
1649 2194 1704 2239 et
1734 2186 1947 2243 viscera
1993 2189 2141 2269 ejus.

522 2262 899 2321 abundantius
956 2267 1009 2320 iu
1048 2267 1207 2323 vobis
1236 2279 1365 2324 sunt
1415 2281 1464 2325 ν.
1521 2291 1539 2322 ι
1589 2272 1653 2327 Et
1717 2288 1840 2345 post
1890 2294 2111 2347 pauca:

529 2375 547 2403 σ
580 2352 798 2411 Gratias
831 2367 1015 2413 autem
1052 2359 1183 2425 Deo,
1222 2362 1317 2430 qui
1349 2361 1501 2419 dedit
1548 2366 1797 2421 eamdem
1838 2373 2115 2427 sollicitu-

520 2445 706 2501 dinem
751 2464 850 2518 pro
878 2451 1035 2505 vobis
1075 2452 1128 2506 in
1164 2455 1332 2509 corde
1363 2456 1475 2510 Titi
1504 2475 1518 2516 :
1557 2461 1817 2528 quoniam
1850 2465 2112 2521 exhorta-

522 2540 727 2594 tionem
757 2542 981 2611 quidem
1015 2547 1294 2617 suscepit;
1322 2549 1418 2604 sed
1447 2566 1571 2605 cum
1610 2554 1906 2611 sollicitior
1936 2569 2107 2628 esset,

522 2645 623 2684 sua
650 2632 931 2687 voluntate
963 2636 1247 2704 profectus
1275 2648 1357 2694 est
1388 2641 1456 2695 ad
1509 2659 1608 2698 vos
1661 2660 1710 2703 ι.
1770 2668 1789 2700 ι
1830 2650 1993 2707 Vides
2053 2662 2110 2707 ut

519 2722 642 2786 ejus
700 2725 903 2794 ubique
955 2728 1319 2785 sollicitudini
1398 2734 1780 2791 testimonium
1846 2740 2110 2803 deferat?

2221 2000 2603 2069 κεκαύχημαι,
2653 2001 2712 2053 ού
2764 1998 3168 2071 κατῃσχύνθην.
3230 1998 3374 2051 Ἀλλ’
3419 1998 3499 2061 ὡς
3541 1998 3705 2050 πάντα
3737 1998 3779 2048 ἐν

2218 2092 2446 2163 ἀληθείᾳ
2493 2093 2837 2162 ἐλαλήσαμεν
2889 2092 3043 2161 ὑμῖν,
3100 2090 3246 2145 οῦτω
3308 2091 3407 2144 καὶ
3454 2092 3489 2160 ἡ
3542 2088 3778 2158 καύχησις

2218 2184 2375 2253 ἡμῶν
2403 2187 2434 2253 ἠ
2462 2186 2553 2236 ἐπὶ
2582 2184 2745 2237 Τίτου
2774 2185 3003 2254 ἀλήθεια
3037 2183 3273 2254 ἐγενήθη
3292 2201 3308 2216 ο
3359 2183 3463 2236 καὶ
3501 2184 3571 2235 τὰ
3605 2182 3776 2248 σπλάγε

2217 2293 2317 2343 χνα
2348 2273 2513 2327 αὑτοῦ
2558 2275 2966 2346 περισσοτέρως
2998 2274 3079 2337 είς
3108 2275 3255 2343 ὑμᾶς
3287 2275 3430 2326 ἐστι.
3484 2292 3501 2325 ι
3543 2274 3643 2325 Καὶ
3686 2269 3775 2341 μετ’

2214 2368 2371 2437 όλίγα
2392 2386 2405 2399 ο
2444 2387 2462 2419 ι
2502 2369 2679 2440 Χάρις
2712 2369 2767 2423 δὲ
2794 2369 2915 2439 Θεῷ
2940 2368 3017 2439 τῷ
3053 2368 3248 2421 διδόντι
3294 2368 3398 2438 τὴν
3444 2367 3618 2435 αὐτὴν
3640 2382 3774 2418 σπου·

2214 2462 2309 2532 δὴν
2340 2463 2482 2532 ὑπὲρ
2508 2463 2661 2532 ὑμῶν
2714 2466 2771 2515 ὲν
2819 2465 2884 2534 τῇ
2927 2462 3126 2534 καρδία
3166 2463 3331 2516 Τίτου
3360 2479 3375 2494 ·
3420 2463 3507 2515 ὅτι
3560 2460 3656 2529 τὴν
3699 2460 3772 2529 μὲν

2214 2553 2567 2624 παράκλησιν
2614 2555 2870 2619 ἐδέξατο·
2927 2555 3351 2626 σπουδαιότερος
3405 2555 3464 2609 δὲ
3508 2554 3770 2625 ὑπάρχων,

2213 2645 2556 2715 αὐθαιρέτως
2600 2647 2793 2717 ἐξῆλθε
2851 2647 2989 2718 πρὸς
3042 2648 3206 2718 ὑμᾶς.
3260 2666 3279 2699 ι
3346 2646 3589 2709 Βλέπεις
3637 2642 3771 2697 αὑτὸν

2213 2738 2494 2809 πανταχοῦ
2527 2738 2584 2791 τὸ
2614 2739 2903 2792 σπουδαῖον
2932 2738 3083 2809 αὐτῷ
3109 2738 3640 2810 προσμαρτύροντας
3670 2734 3771 2787 Βλέ-

2214 2848 2333 2894 πεις
2363 2832 2480 2895 πῶς
2510 2831 2623 2885 dm)
2648 2833 2741 2885 καὶ
2765 2833 2918 2885 κάτω
2943 2832 3192 2903 στρέφων
3211 2832 3398 2895 αὑτὸν,
3415 2833 3533 2895 τοῖς
3558 2830 3767 2889 ἐπαίνοις

2211 2923 2394 2992 βάλλει
2422 2925 2516 2977 καὶ
2538 2923 2830 2995 ὑπεραίρει
2858 2940 2872 2988 ;
2908 2925 3020 2977 ἄνω
3049 2924 3167 2994 μὲν,
3193 2923 3275 2975 ὅτι
3315 2940 3334 2972 ι
3360 2923 3432 2975 Εἴ
3456 2940 3510 2975 τι
3538 2919 3679 2990 αὐτῷ
3697 2936 3767 2970 κε-

2207 3016 2515 3086 καύχημαι,
2538 3016 2599 3069 οὑ
2624 3015 3005 3087 κατῃσχύνθην
3026 3031 3040 3045 ο
3077 3033 3093 3065 ι
3118 3013 3237 3075 καὶ,
3264 3014 3346 3067 ὅτι
3380 3032 3398 3065 ι
3434 3013 3502 3066 Ἢ
3533 3011 3766 3080 καύχησις

376 5045 383 5051 .
486 5022 706 5065 manam
738 5014 993 5087 scientia,
1040 5031 1230 5093 raptus
1283 5035 1387 5083 est.
1438 5028 1571 5099 Ejus
1625 5034 1785 5095 Titus
1827 5014 2072 5113 socius,

514 3089 602 3156 Et,
628 3111 659 3169 ,ι
687 3092 958 3152 Gloriatio
1001 3108 1214 3164 nostra,
1253 3119 1375 3173 quae
1424 3105 1528 3161 fuit
1562 3110 1629 3163 ad
1666 3110 1874 3177 Titum,
1900 3117 2103 3173 veritas

2214 3106 2396 3177 ἡμῶν,
2427 3108 2460 3179 ἡ
2496 3107 2588 3161 ἐπὶ
2618 3100 2802 3173 Τίτου,
2836 3108 3072 3185 ,ἀλήθεια
3102 3105 3360 3178 ἐγενήθη.
3405 3125 3425 3158 ι
3454 3105 3620 3159 Κᾶτω
3649 3102 3697 3155 δὲ
3712 3100 3763 3163 ⁸⁸.

515 3180 662 3236 facta
684 3192 788 3238 est.
841 3204 858 3237 ι
897 3185 1045 3241 Infra
1085 3205 1214 3244 vero
1241 3206 1524 3263 exponens
1559 3208 1763 3263 quanta
1804 3184 1949 3255 esset
1980 3203 2102 3269 ejus

2214 3200 2306 3268 τὴν
2361 3201 2597 3269 σπουδὴν
2644 3200 2778 3271 ὅσην
2827 3184 2944 3272 εἶχε
2980 3201 3110 3271 περὶ
3150 3199 3250 3268 τὴν
3283 3200 3565 3253 διακονίαν
3586 3195 3684 3251 τῶν
3704 3197 3764 3257 είς

510 3273 826 3331 sollicitudo
861 3277 917 3333 in
966 3280 1339 3338 ministerium
1382 3287 1623 3356 gentium
1662 3305 1783 3358 quae
1828 3294 2101 3350 credidis-

2214 3263 2444 3362 Χριστὸν
2498 3263 2949 3347 πεπιστευκότων
3007 3263 3219 3344 ὲθνῶν;
3282 3311 3302 3344 ‹
3367 3290 3765 3358 Σπουδαιότερος

509 3368 709 3422 sentin
737 3369 1025 3427 Christum
1066 3390 1081 3428 :
1118 3393 1138 3426 ι
1173 3374 1310 3430 Cum
1349 3378 1497 3433 enim
1527 3389 1696 3447 esset,
1747 3384 1949 3455 inquit,
1982 3388 2096 3443 sol-

2214 3383 2331 3454 γὰρ,
2383 3384 2583 3454 φησὶν,
2641 3384 2949 3456 ὑπάρχων,
3003 3382 3350 3455 αὐθαιρέτως
3412 3382 3605 3453 ἐξῆλθε
3654 3378 3764 3452 πρὸς

509 3459 736 3525 licitior,
768 3478 867 3518 sua
899 3466 1186 3523 voluntate
1217 3469 1502 3537 profectus
1536 3481 1618 3527 est
1654 3472 1722 3529 ad
1751 3492 1872 3533 vos.
1912 3496 1931 3530 ι
2203 3474 2368 3543 ὖμᾶςο
2418 3492 2437 3526 ι

578 3550 727 3607 Ades
761 3569 915 3619 vero,
966 3556 1135 3611 etiam
1194 3558 1351 3615 Pauli
1396 3563 1610 3618 socium
1665 3569 1956 3625 ostendam
2003 3571 2098 3628 Ti-

504 3648 647 3709 tum,
677 3654 731 3699 et
764 3645 1096 3724 adjutorem,
1137 3661 1192 3708 et
1224 3654 1454 3718 gloriam
1485 3657 1717 3724 Christi,
1748 3674 1801 3716 et
1822 3662 2097 3723 Ecclesia-

504 3746 628 3785 rum
656 3722 991 3801 apostolum.
1030 3739 1319 3811 Compleat
1355 3761 1525 3813 porro
1565 3722 1923 3811 mihiPaulus
1954 3757 2092 3825 ipse,

504 3835 569 3874 os
601 3821 734 3876 illud
765 3822 998 3892 Christi,
1039 3834 1316 3890 sermonis
1353 3852 1709 3895 consensum.
1771 3843 1948 3901 Unius
1996 3864 2094 3903 eo-

503 3925 626 3964 rum
652 3928 793 3981 quos
832 3931 943 3969 una
975 3934 1099 3973 cum
1174 3922 1296 3990 ipso
1334 3925 1581 3982 misisset
1617 3930 1671 3985 in
1722 3933 2089 3995 ministerium

502 3996 623 4065 ipse
666 4000 964 4069 creditum,
1016 4013 1489 4078 comparationem
1538 4023 1851 4079 accuratius
1882 4029 2093 4086 edisse-

504 4105 631 4145 rens
666 4108 680 4145 τ
718 4112 736 4145 ι
780 4094 907 4150 Sive
935 4100 1081 4153 enim
1119 4118 1219 4171 pro
1246 4103 1395 4172 Tito,
1435 4109 1632 4179 inquit,
1659 4116 1749 4185 qui
1783 4129 1867 4175 est
1902 4125 2089 4180 socius

2214 4115 2378 4179 Γίτου,
2416 4114 2575 4186 φησὶ,
2609 4116 2869 4179 κοινωνὸς
2903 4116 3037 4184 Eph;
3069 4116 3165 4169 xui.
3198 4118 3280 4180 εἰς
3319 4118 3469 4188 ὑμᾶς
3493 4094 3754 4182 συνεργός·

501 4197 681 4244 meus,
744 4193 798 4240 ct
851 4188 903 4242 in
952 4193 1107 4247 vobis
1145 4196 1404 4266 adjutor:
1458 4203 1571 4261 sive
1633 4207 1830 4268 fratres
1888 4223 2085 4281 nostri,

2214 4209 2303 4262 ;ίτε
2349 4209 2570 4279 ἀδελφοὶ
2619 4209 2778 4279 ἡμῶν
2803 4250 2818 4274 ,
2872 4210 3168 4263 ἀπόστολοι
3234 4210 3596 4280 Ἐκκλησιῶν,
3652 4202 3755 4266 δόξα

498 4275 732 4342 apostoli
776 4276 1172 4349 Ecclesiarum,
1222 4289 1397 4357 gloria
1435 4293 1643 4353 Christi
1676 4308 1728 4356 3'.
1776 4322 1794 4355 ›
1829 4275 2089 4364 Vidistin;

2214 4300 2451 4373 (ριστοῦ.
2566 4275 2722 4366 Εἶδες
2754 4302 3062 4373 ἰσομοιρίαν
3098 4303 3370 4369 πίστεωςς
3403 4275 3519 4356 (ibi:
3560 4297 3662 4371 ἆρά
3687 4311 3753 4348 σοι

497 4368 802 4435 aqualem?
835 4372 970 4429 Num
1006 4377 1103 4433 tibi
1138 4379 1363 4438 videtur
1392 4401 1676 4457 magnum,
1712 4404 1771 4450 ut
1808 4399 1953 4467 quod
2000 4412 2086 4459 est

2214 4368 2505 4465 ἀυμαστδν
2532 4368 2958 4465 καταφαίνεται,
2985 4394 3124 4466 μετὰ
3154 4368 3373 4449 Παύλου
3393 4394 3455 4448 τὸ
3478 4368 3612 4465 μετᾶ
3632 4386 3755 4444 Παῦ-

497 4460 773 4523 posterius
806 4460 997 4532 Paulo,
1038 4483 1165 4525 cum
1209 4471 1383 4551 Paulo
1423 4478 1748 4548 eolioeetur,
1796 4460 1979 4558 sitque
2020 4508 2084 4548 ac

2214 4502 2279 4538 ,ov
2308 4487 2566 4557 τετάχθαι
2597 4528 2611 4553 ,
2631 4488 2913 4541 σκοινωνόν
2943 4504 3001 4541 τε
3036 4487 3231 4541 τούτου
3261 4487 3357 4541 καὶ
3390 4485 3648 4557 συνεργὸν
3672 4478 3751 4534 καὶ

495 4548 710 4605 dicatur
748 4551 871 4622 ejus
923 4560 1109 4615 socius
1165 4577 1231 4617 ac
1278 4548 1538 4633 adjtitor?
1585 4572 1779 4641 Cujus,
1830 4548 2078 4651 inquam,

495 4636 650 4660 II---"
683 4659 689 4660 ,
715 4658 730 4660 _
759 4644 791 4660 ,0
947 4647 983 4660 ιο
1041 4659 1046 4660 ,
1248 4656 1266 4660 _
1293 4656 1352 4660 _-

2214 4572 2328 4630 ἷναι
2369 4548 2476 4631 καλ..
2503 4548 2906 4650 ὀνομάζεσθαις
2952 4579 3170 4633 Παύλου
3194 4594 3208 4610 ’
3262 4579 3465 4644 ποίου;
3509 4548 3602 4630 τοῦ
3635 4570 3750 4635 ὑπὲρ

494 4636 651 4694 Pauli
676 4644 865 4699 socius
897 4647 1269 4722 adjutorque?
1293 4656 1427 4727 Ejus
1452 4665 1557 4731 qui
1576 4636 1776 4721 volatu-
1797 4636 2093 4741 trarisccn:

2214 4670 2375 4741 τρίτον
2414 4636 2647 4744 οὐρανόν
2691 4636 3075 4740 όιναπτιίιντοςο
3129 4677 3226 4730 καὶ
3256 4674 3498 4739 διακαῶς
3534 4672 3580 4705 ⁸⁸
3620 4666 3749 4732 δεξα·

492 4730 574 4783 dit
604 4734 825 4790 tertium
853 4741 1075 4808 caelum,
1109 4746 1408 4820 audituque
1426 4730 1486 4808 ea
1522 4760 1767 4829 suscepit
1799 4781 1922 4832 quae
1952 4733 2093 4823 nul;

2214 4730 2356 4823 LIéVOU
2381 4767 2453 4821 τὰ
2481 4730 2648 4821 πᾶσιν
2677 4768 2963 4839 ἀνέκιρορα
2985 4786 2999 4800 ο
3020 4730 3135 4823 ’καὶ
3178 4768 3284 4837 πρὸ
3315 4768 3416 4838 τῆς
3443 4763 3745 4820 ἀναλύσεως,

492 4821 579 4877 lus
611 4827 784 4892 possit
828 4830 1048 4889 eﬂ‘erre.
1099 4836 1204 4903 Qui
1232 4840 1473 4913 denique
1507 4856 1636 4904 ante
1682 4855 2077 4916 resolutionem

2214 4821 2437 4928 :ipsi-crov
2457 4859 2810 4930 ἀσυγκρίτως
2896 4821 3021 4912 καθ’
3047 4821 3328 4929 ἡμετέραν
3359 4821 3580 4927 γνῶσιν,
3603 4853 3747 4918 ἀναρ-

489 4928 520 4967 a
557 4929 752 4985 morte,
784 4925 999 4982 meliori
1046 4930 1188 4987 citra
1237 4940 1706 5005 comparationem
1755 4960 1922 5019 supra
1973 4952 2080 5008 htt-

2214 4925 2493 5013 εάσθέντος
2546 4925 2759 5016 είςντδν
2792 4925 3143 5022 παράδεισον.
3187 4925 3392 5005 Τούτου
3444 4945 3683 5005 κοινωνὸς
3721 4939 3743 4990 δ

2186 5042 2367 5108 Τίτος,
2403 5043 2503 5097 καὶ
2536 5046 2802 5117 συνεργὸς
2848 5048 2946 5100 καὶ
2982 5047 3344 5116 συνέκδημος.
3388 5046 3495 5099 Καὶ
3524 5043 3584 5096 οὐ
3608 5035 3742 5093 τοῦτο

2177 5137 2237 5192 δὲ
2290 5139 2474 5210 μόνον,
2522 5141 2661 5197 ἀλλὰ
2712 5144 2809 5198 καὶ
2844 5143 2974 5209 δόξα
3024 5144 3289 5217 Χριστοῦ,
3339 5145 3436 5199 καὶ
3477 5135 3737 5198 ἀπόστολος

2188 5231 2553 5303 Ἐκκλησιῶν.
2616 5236 2760 5304 Ὅρα
2824 5236 2891 5308 δὴ
2938 5232 3033 5292 οὖν
3092 5239 3294 5305 αὑτὸν,
3350 5241 3446 5294 καὶ
3488 5237 3564 5308 τῷ
3613 5227 3738 5298 dim-:3

2180 5324 2454 5395 πνεύματι
2500 5327 2716 5381 Παύλου
2763 5332 3248 5403 περιπατήσαντα,
3299 5334 3360 5387 τό
3407 5351 3469 5387 τε
3506 5330 3595 5385 τοῦ
3631 5324 3769 5405 τρό·,

2179 5436 2282 5472 που
2326 5422 2387 5474 τὸ
2431 5424 2811 5497 ἀφιλάργυρον
2875 5430 3353 5502 μαρτυρούμενον.
3396 5434 3588 5486 Ἀκουε
3621 5420 3732 5493 γοῦν

2180 5513 2363 5582 σαφῶς
2395 5516 2534 5569 αὐτὰ
2566 5517 2783 5573 Παύλου
2816 5520 2886 5575 τὰ
2913 5523 3140 5594 ῥήματα
3166 5542 3179 5556 ·
3212 5545 3229 5577 ι
3260 5529 3441 5585 Ἔστω
3461 5528 3536 5592 δὲ,
3565 5522 3723 5596 φησὶν»

2271 3564 2445 3636 Δεῦρό
2476 3583 2566 3636 μοι
2600 3566 2695 3620 καὶ
2731 3566 2992 3620 κοινωνὸν
3037 3564 3196 3632 δείξω
3239 3565 3462 3621 Παύλου
3495 3565 3586 3620 τὸν
3610 3563 3760 3625 Τίτον,

2200 3657 2294 3710 καὶ
2325 3657 2588 3727 συνεργὸν
2609 3698 2624 3722 ,
2657 3656 2751 3711 καλ⁸
2784 3656 2945 3723 δόξαν
2966 3658 3237 3727 Χριστοῦ,
3266 3659 3373 3710 ’καὶ
3403 3657 3515 3710 τῶν
3559 3654 3761 3723 Ἐκκλη·

2200 3747 2333 3802 σιῶν
2364 3745 2679 3802 ἀπόστολον.
2710 3750 2782 3801 Συ
2794 3748 3131 3820 μπληρούτω
3151 3749 3208 3803 δέ
3236 3767 3327 3821 μοι
3361 3748 3579 3812 Παῦλος
3602 3744 3759 3806 αὐτὸς,

2197 3839 2437 3910 Χριστοῦ
2465 3840 2528 3894 τὸ
2558 3841 2756 3911 στόμα,
2794 3840 2889 3894 τοῦ
2929 3843 3090 3910 λόγου
3119 3842 3219 3912 τὴν
3254 3843 3592 3913 σύμφρασιν.
3637 3837 3760 3899 Ἐνὸς

2198 3930 2640 4003 κατασύγκρισιν
2659 3931 2915 3997 ἐπεξιὼν,
2945 3932 3039 3996 οὒς
3068 3932 3219 4012 αὑτῷ
3250 3922 3671 3987 συναπέστειλεν
3696 3927 3759 3989 είς

2193 4022 2294 4093 τὴν
2348 4022 2630 4077 διακονίαν
2682 4024 2751 4093 ἢν
2809 4024 3172 4077 πεπίστευκ’
3235 4043 3253 4074 ι
3298 4025 3428 4078 Είτε
3473 4024 3583 4095 γὰρ
3643 4020 3757 4090 ὑπὲρ

484 5095 816 5192 adjutorque
839 5114 894 5161 et
950 5124 1139 5168 comes
1185 5124 1289 5171 est.
1348 5095 1561 5176 Nec-id
1617 5095 2071 5192 solumaverim;

483 5186 672 5257 etiam,
710 5211 730 5244 ι
768 5195 955 5253 Gloria
994 5201 1199 5259 Christi
1248 5213 1609 5285 ctappstolus
1631 5217 2066 5283 Ecelesiarum.»

484 5275 620 5375 iiide
649 5281 836 5352 igitur,
870 5297 930 5343 ut
952 5293 1143 5354 eodem
1175 5312 1299 5351 cum
1329 5275 1501 5359 Paulo
1524 5307 1725 5375 spiritu
1753 5316 2072 5375 ambulave-

482 5367 575 5431 rit,
605 5385 898 5444 moresque
935 5380 1003 5431 ab
1030 5385 1278 5441 avaritiae
1312 5393 1569 5450 sordibus
1603 5400 1919 5460 testimonio
1951 5408 2071 5463 vin-

482 5458 913 5528 dieatos.,Audi
955 5488 1088 5530 vero
1143 5478 1258 5547 ipsa
1312 5488 1605 5557 perspicue
1647 5489 1802 5548 Pauli
1859 5458 2068 5558 verba:

560 5617 576 5653 ⁸
618 5622 666 5679 ll
697 5627 823 5685 Cor.
864 5649 961 5699 vn,
997 5636 1050 5691 4.
1133 5653 1158 5682 ιι
1206 5645 1318 5700 ibid
1383 5649 1494 5712 6,7.
1574 5665 1600 5692 '
1636 5657 1768 5714 ibid.
1821 5662 2005 5720 I345.
2086 5679 2108 5708 ι

2216 5676 2269 5732 d.
2307 5680 2398 5735 25.
2476 5693 2503 5734 5'
2533 5685 2577 5739 ll
2616 5687 2747 5744 Cor.
2785 5705 2906 5756 vm,
2939 5693 3026 5748 95.

1769 5778 2005 5839 VARI/IS
2053 5785 2459 5858 LECTlONES.

542 5831 587 5863 ³⁸
622 5833 787 5899 Forte
817 5846 968 5907 deest
992 5851 1186 5924 λέγων.
1266 5861 1314 5895 ⁸³
1340 5862 1498 5920 Ι⁴ὀιἸο
1533 5866 1602 5920 δι’
1632 5869 1823 5942 ἀκοῆς.
