  <div class='ocr_page' id='page_1' title='image "/cluster/home/n/w/nwhite01/storage/ocr_20150623/97/coo.31924054870013/608.png"; bbox 0 0 4012 6448; ppageno 0'>
   <div class='ocr_carea' id='block_1_1' title="bbox 324 400 464 466">
    <p class='ocr_par' dir='ltr' id='par_1_1' title="bbox 324 400 464 466">
     <span class='ocr_line' id='line_1_1' title="bbox 324 400 464 466; baseline -0.007 -1"><span class='ocrx_word' id='word_1_1' title='bbox 324 400 464 466; x_wconf 80' lang='grc'><strong>1153</strong></span> 
     </span>
    </p>
   </div>
   <div class='ocr_carea' id='block_1_2' title="bbox 1518 397 2379 459">
    <p class='ocr_par' dir='ltr' id='par_1_2' title="bbox 1518 397 2379 459">
     <span class='ocr_line' id='line_1_2' title="bbox 1518 397 2379 459; baseline 0.002 -3"><span class='ocrx_word' id='word_1_2' title='bbox 1518 398 1607 457; x_wconf 80' lang='grc' dir='ltr'><strong>ΙΝ</strong></span> <span class='ocrx_word' id='word_1_3' title='bbox 1641 397 2098 459; x_wconf 80' lang='lat' dir='ltr'><strong>APOSTOLUM</strong></span> <span class='ocrx_word' id='word_1_4' title='bbox 2130 397 2379 458; x_wconf 81' lang='lat' dir='ltr'><strong>TITUM</strong></span> 
     </span>
    </p>
   </div>
   <div class='ocr_carea' id='block_1_3' title="bbox 3449 399 3593 468">
    <p class='ocr_par' dir='ltr' id='par_1_3' title="bbox 3449 399 3593 468">
     <span class='ocr_line' id='line_1_3' title="bbox 3449 399 3593 468; baseline 0.007 -4"><span class='ocrx_word' id='word_1_5' title='bbox 3449 399 3593 468; x_wconf 71' lang='grc'><strong>1151.</strong></span> 
     </span>
    </p>
   </div>
   <div class='ocr_carea' id='block_1_4' title="bbox 319 476 1914 583">
    <p class='ocr_par' dir='ltr' id='par_1_4' title="bbox 319 476 1906 583">
     <span class='ocr_line' id='line_1_4' title="bbox 319 476 1906 583; baseline -0.003 -17"><span class='ocrx_word' id='word_1_6' title='bbox 319 513 434 583; x_wconf 75' lang='grc' dir='ltr'><strong>ἐγὼ</strong></span> <span class='ocrx_word' id='word_1_7' title='bbox 451 513 513 567; x_wconf 86' lang='grc' dir='ltr'><strong>οὐ</strong></span> <span class='ocrx_word' id='word_1_8' title='bbox 541 476 901 582; x_wconf 63' lang='grc' dir='ltr'>κατεῖάρησα</span> <span class='ocrx_word' id='word_1_9' title='bbox 924 511 1067 581; x_wconf 81' lang='grc' dir='ltr'>ὑμᾶς</span> <span class='ocrx_word' id='word_1_10' title='bbox 1088 528 1102 544; x_wconf 89' lang='grc'><strong>·</strong></span> <span class='ocrx_word' id='word_1_11' title='bbox 1130 511 1243 565; x_wconf 84' lang='grc' dir='ltr'>ἀλλ’</span> <span class='ocrx_word' id='word_1_12' title='bbox 1275 509 1538 580; x_wconf 78' lang='grc' dir='ltr'><strong>ὑπάρχων</strong></span> <span class='ocrx_word' id='word_1_13' title='bbox 1575 510 1906 580; x_wconf 82' lang='grc' dir='ltr'>πανοῦργος,</span> 
     </span>
    </p>
   </div>
   <div class='ocr_carea' id='block_1_5' title="bbox 2018 476 3597 583">
    <p class='ocr_par' dir='ltr' id='par_1_5' title="bbox 2020 492 3597 582">
     <span class='ocr_line' id='line_1_5' title="bbox 2020 492 3597 582; baseline 0.006 -23"><span class='ocrx_word' id='word_1_14' title='bbox 2020 527 2038 559; x_wconf 78' lang='grc' dir='ltr'><strong>ι</strong></span> <span class='ocrx_word' id='word_1_15' title='bbox 2073 507 2182 565; x_wconf 86' lang='lat' dir='ltr'><strong>Sed</strong></span> <span class='ocrx_word' id='word_1_16' title='bbox 2217 492 2359 573; x_wconf 86' lang='lat' dir='ltr'><strong>esto,</strong></span> <span class='ocrx_word' id='word_1_17' title='bbox 2390 508 2591 577; x_wconf 88' lang='lat' dir='ltr'><strong>inquit,</strong></span> <span class='ocrx_word' id='word_1_18' title='bbox 2624 525 2723 581; x_wconf 86' lang='lat' dir='ltr'><strong>ego</strong></span> <span class='ocrx_word' id='word_1_19' title='bbox 2748 525 2849 567; x_wconf 87' lang='lat' dir='ltr'><strong>vos</strong></span> <span class='ocrx_word' id='word_1_20' title='bbox 2899 524 3008 565; x_wconf 88' lang='lat' dir='ltr'><strong>non</strong></span> <span class='ocrx_word' id='word_1_21' title='bbox 3039 510 3285 582; x_wconf 76' lang='lat' dir='ltr'><strong>gravavi;</strong></span> <span class='ocrx_word' id='word_1_22' title='bbox 3337 510 3433 567; x_wconf 87' lang='lat' dir='ltr'><strong>sed</strong></span> <span class='ocrx_word' id='word_1_23' title='bbox 3463 527 3597 569; x_wconf 89' lang='lat' dir='ltr'><strong>eum</strong></span> 
     </span>
    </p>
   </div>
   <div class='ocr_carea' id='block_1_6' title="bbox 318 601 1912 677">
    <p class='ocr_par' dir='ltr' id='par_1_6' title="bbox 318 601 1912 677">
     <span class='ocr_line' id='line_1_6' title="bbox 318 601 1912 677; baseline -0.003 -18"><span class='ocrx_word' id='word_1_24' title='bbox 318 606 458 677; x_wconf 82' lang='grc' dir='ltr'>δόλῳ</span> <span class='ocrx_word' id='word_1_25' title='bbox 485 606 631 675; x_wconf 78' lang='grc' dir='ltr'>ὑμᾶς</span> <span class='ocrx_word' id='word_1_26' title='bbox 652 604 864 677; x_wconf 78' lang='grc' dir='ltr'>ἐλαὸον.</span> <span class='ocrx_word' id='word_1_27' title='bbox 905 623 923 655; x_wconf 72' lang='grc' dir='ltr'><strong>ι</strong></span> <span class='ocrx_word' id='word_1_28' title='bbox 958 604 1023 657; x_wconf 84' lang='grc' dir='ltr'>Τί</span> <span class='ocrx_word' id='word_1_29' title='bbox 1054 604 1269 673; x_wconf 85' lang='grc' dir='ltr'>λέγεις;</span> <span class='ocrx_word' id='word_1_30' title='bbox 1302 603 1451 673; x_wconf 86' lang='grc' dir='ltr'>Δόλῳ</span> <span class='ocrx_word' id='word_1_31' title='bbox 1471 601 1778 673; x_wconf 82' lang='grc' dir='ltr'>πανοῦργος</span> <span class='ocrx_word' id='word_1_32' title='bbox 1808 604 1912 655; x_wconf 83' lang='grc' dir='ltr'>ὐπ-</span> 
     </span>
    </p>
   </div>
   <div class='ocr_carea' id='block_1_7' title="bbox 318 694 1909 770">
    <p class='ocr_par' dir='ltr' id='par_1_7' title="bbox 318 694 1909 770">
     <span class='ocr_line' id='line_1_7' title="bbox 318 694 1909 770; baseline -0.003 -18"><span class='ocrx_word' id='word_1_33' title='bbox 318 698 509 770; x_wconf 88' lang='grc' dir='ltr'>ἀρχων</span> <span class='ocrx_word' id='word_1_34' title='bbox 536 694 682 760; x_wconf 83' lang='grc' dir='ltr'>εἷλες</span> <span class='ocrx_word' id='word_1_35' title='bbox 707 735 721 761; x_wconf 92' lang='grc'><strong>,</strong></span> <span class='ocrx_word' id='word_1_36' title='bbox 758 696 852 759; x_wconf 83' lang='grc' dir='ltr'><strong>οὓς</strong></span> <span class='ocrx_word' id='word_1_37' title='bbox 907 696 997 749; x_wconf 72' lang='grc' dir='ltr'><strong>διὰ</strong></span> <span class='ocrx_word' id='word_1_38' title='bbox 1045 695 1284 766; x_wconf 82' lang='grc' dir='ltr'>Χριστὸν</span> <span class='ocrx_word' id='word_1_39' title='bbox 1315 696 1731 766; x_wconf 77' lang='grc' dir='ltr'>έσαγήνευσας;</span> <span class='ocrx_word' id='word_1_40' title='bbox 1779 695 1909 758; x_wconf 75' lang='grc' dir='ltr'>Ναὶ,</span> 
     </span>
    </p>
   </div>
   <div class='ocr_carea' id='block_1_8' title="bbox 318 785 1910 861">
    <p class='ocr_par' dir='ltr' id='par_1_8' title="bbox 318 785 1910 861">
     <span class='ocr_line' id='line_1_8' title="bbox 318 785 1910 861; baseline -0.003 -18"><span class='ocrx_word' id='word_1_41' title='bbox 318 790 478 861; x_wconf 84' lang='grc' dir='ltr'>φησί.</span> <span class='ocrx_word' id='word_1_42' title='bbox 513 788 626 860; x_wconf 83' lang='grc' dir='ltr'>Τὴν</span> <span class='ocrx_word' id='word_1_43' title='bbox 660 788 831 859; x_wconf 86' lang='grc' dir='ltr'>καλὴν</span> <span class='ocrx_word' id='word_1_44' title='bbox 856 788 1075 857; x_wconf 80' lang='grc' dir='ltr'><strong>ἀπάτην</strong></span> <span class='ocrx_word' id='word_1_45' title='bbox 1104 789 1387 859; x_wconf 81' lang='grc' dir='ltr'>ὴπάτησα,</span> <span class='ocrx_word' id='word_1_46' title='bbox 1421 788 1653 857; x_wconf 82' lang='grc' dir='ltr'><strong>μιμήσει</strong></span> <span class='ocrx_word' id='word_1_47' title='bbox 1672 785 1910 857; x_wconf 82' lang='grc' dir='ltr'><strong>Χριστοῦ</strong></span> 
     </span>
    </p>
   </div>
   <div class='ocr_carea' id='block_1_9' title="bbox 317 875 1913 949">
    <p class='ocr_par' dir='ltr' id='par_1_9' title="bbox 317 875 1913 949">
     <span class='ocr_line' id='line_1_9' title="bbox 317 875 1913 949; baseline -0.003 -16"><span class='ocrx_word' id='word_1_48' title='bbox 317 878 415 933; x_wconf 81' lang='grc' dir='ltr'>τοῦ</span> <span class='ocrx_word' id='word_1_49' title='bbox 443 880 535 933; x_wconf 83' lang='grc' dir='ltr'><strong>τὸν</strong></span> <span class='ocrx_word' id='word_1_50' title='bbox 559 878 755 949; x_wconf 76' lang='grc' dir='ltr'>ἐχθρὸν</span> <span class='ocrx_word' id='word_1_51' title='bbox 777 879 1194 948; x_wconf 81' lang='grc' dir='ltr'>φενακίσαντος.</span> <span class='ocrx_word' id='word_1_52' title='bbox 1220 879 1331 931; x_wconf 77' lang='grc' dir='ltr'><strong>Καὶ</strong></span> <span class='ocrx_word' id='word_1_53' title='bbox 1356 876 1466 947; x_wconf 74' lang='grc' dir='ltr'>γὰρ</span> <span class='ocrx_word' id='word_1_54' title='bbox 1492 878 1699 930; x_wconf 74' lang='grc' dir='ltr'>ἐκεῖνον</span> <span class='ocrx_word' id='word_1_55' title='bbox 1728 875 1913 929; x_wconf 71' lang='grc' dir='ltr'><strong>δελεά⁴</strong></span> 
     </span>
    </p>
   </div>
   <div class='ocr_carea' id='block_1_10' title="bbox 219 967 1913 1045">
    <p class='ocr_par' dir='ltr' id='par_1_10' title="bbox 219 967 1913 1045">
     <span class='ocr_line' id='line_1_10' title="bbox 219 967 1913 1045; baseline -0.002 -22"><span class='ocrx_word' id='word_1_56' title='bbox 219 1036 231 1045; x_wconf 27' lang='grc' dir='ltr'><strong>θ</strong></span> <span class='ocrx_word' id='word_1_57' title='bbox 319 987 422 1034; x_wconf 84' lang='grc' dir='ltr'><strong>σας</strong></span> <span class='ocrx_word' id='word_1_58' title='bbox 467 969 546 1041; x_wconf 79' lang='grc' dir='ltr'>τῷ</span> <span class='ocrx_word' id='word_1_59' title='bbox 583 971 682 1039; x_wconf 83' lang='grc' dir='ltr'>τῆς</span> <span class='ocrx_word' id='word_1_60' title='bbox 716 969 921 1040; x_wconf 76' lang='grc' dir='ltr'>σαρκὸς</span> <span class='ocrx_word' id='word_1_61' title='bbox 960 968 1416 1040; x_wconf 86' lang='grc' dir='ltr'>προκαλύμματι,</span> <span class='ocrx_word' id='word_1_62' title='bbox 1466 967 1718 1035; x_wconf 78' lang='grc' dir='ltr'><strong>θεότητος</strong></span> <span class='ocrx_word' id='word_1_63' title='bbox 1754 967 1913 1036; x_wconf 85' lang='grc' dir='ltr'>ἀγκί-</span> 
     </span>
    </p>
   </div>
   <div class='ocr_carea' id='block_1_11' title="bbox 288 1058 1913 1134">
    <p class='ocr_par' dir='ltr' id='par_1_11' title="bbox 288 1058 1913 1134">
     <span class='ocr_line' id='line_1_11' title="bbox 288 1058 1913 1134; baseline -0.003 -18"><span class='ocrx_word' id='word_1_64' title='bbox 288 1080 472 1134; x_wconf 83' lang='grc' dir='ltr'>-στρῳ</span> <span class='ocrx_word' id='word_1_65' title='bbox 503 1063 535 1134; x_wconf 81' lang='grc' dir='ltr'>ἢ</span> <span class='ocrx_word' id='word_1_66' title='bbox 573 1063 669 1116; x_wconf 74' lang='grc' dir='ltr'><strong>καὶ</strong></span> <span class='ocrx_word' id='word_1_67' title='bbox 690 1063 737 1095; x_wconf 74' lang='grc'><strong>⁸⁸</strong></span> <span class='ocrx_word' id='word_1_68' title='bbox 769 1061 1140 1132; x_wconf 76' lang='grc' dir='ltr'>προϐλήματι.</span> <span class='ocrx_word' id='word_1_69' title='bbox 1176 1061 1249 1113; x_wconf 74' lang='grc' dir='ltr'>Τὸ</span> <span class='ocrx_word' id='word_1_70' title='bbox 1288 1060 1344 1113; x_wconf 83' lang='grc' dir='ltr'>δὲ</span> <span class='ocrx_word' id='word_1_71' title='bbox 1377 1058 1743 1129; x_wconf 57' lang='grc' dir='ltr'>πανοῦργος,</span> <span class='ocrx_word' id='word_1_72' title='bbox 1791 1060 1913 1113; x_wconf 77' lang='grc' dir='ltr'>ἀντὶ</span> 
     </span>
    </p>
   </div>
   <div class='ocr_carea' id='block_1_12' title="bbox 316 1146 1913 1223">
    <p class='ocr_par' dir='ltr' id='par_1_12' title="bbox 316 1146 1913 1223">
     <span class='ocr_line' id='line_1_12' title="bbox 316 1146 1913 1223; baseline -0.003 -16"><span class='ocrx_word' id='word_1_73' title='bbox 316 1154 438 1220; x_wconf 83' lang='grc' dir='ltr'>τοῦ,</span> <span class='ocrx_word' id='word_1_74' title='bbox 464 1155 682 1223; x_wconf 68' lang='grc' dir='ltr'>σοφὸς,</span> <span class='ocrx_word' id='word_1_75' title='bbox 721 1154 1166 1223; x_wconf 79' lang='grc' dir='ltr'>ἐκλαμϐάνομεν.</span> <span class='ocrx_word' id='word_1_76' title='bbox 1200 1171 1219 1204; x_wconf 86' lang='grc'><strong>‹</strong></span> <span class='ocrx_word' id='word_1_77' title='bbox 1263 1153 1445 1205; x_wconf 83' lang='grc' dir='ltr'><strong>Ἔστω</strong></span> <span class='ocrx_word' id='word_1_78' title='bbox 1475 1146 1591 1219; x_wconf 80' lang='grc' dir='ltr'>οὖν,</span> <span class='ocrx_word' id='word_1_79' title='bbox 1615 1152 1768 1221; x_wconf 79' lang='grc' dir='ltr'>φησὶ,</span> <span class='ocrx_word' id='word_1_80' title='bbox 1802 1150 1913 1219; x_wconf 75' lang='grc' dir='ltr'><strong>ἐγὼ</strong></span> 
     </span>
    </p>
   </div>
   <div class='ocr_carea' id='block_1_13' title="bbox 316 1238 1910 1313">
    <p class='ocr_par' dir='ltr' id='par_1_13' title="bbox 316 1238 1910 1313">
     <span class='ocr_line' id='line_1_13' title="bbox 316 1238 1910 1313; baseline -0.003 -18"><span class='ocrx_word' id='word_1_81' title='bbox 316 1242 383 1295; x_wconf 85' lang='grc' dir='ltr'>οὺ</span> <span class='ocrx_word' id='word_1_82' title='bbox 446 1244 804 1313; x_wconf 79' lang='grc' dir='ltr'>κατεϐάρησα</span> <span class='ocrx_word' id='word_1_83' title='bbox 863 1244 1042 1311; x_wconf 81' lang='grc' dir='ltr'>ὑμᾶς·</span> <span class='ocrx_word' id='word_1_84' title='bbox 1107 1241 1224 1296; x_wconf 88' lang='grc' dir='ltr'>ἀλλ’</span> <span class='ocrx_word' id='word_1_85' title='bbox 1272 1240 1535 1312; x_wconf 85' lang='grc' dir='ltr'><strong>ὑπάρχων</strong></span> <span class='ocrx_word' id='word_1_86' title='bbox 1583 1238 1910 1310; x_wconf 78' lang='grc' dir='ltr'>πανοῦργος,</span> 
     </span>
    </p>
   </div>
   <div class='ocr_carea' id='block_1_14' title="bbox 317 1330 1913 1403">
    <p class='ocr_par' dir='ltr' id='par_1_14' title="bbox 317 1330 1913 1403">
     <span class='ocr_line' id='line_1_14' title="bbox 317 1330 1913 1403; baseline -0.002 -17"><span class='ocrx_word' id='word_1_87' title='bbox 317 1333 457 1402; x_wconf 85' lang='grc' dir='ltr'>δόλῳ</span> <span class='ocrx_word' id='word_1_88' title='bbox 483 1333 627 1403; x_wconf 79' lang='grc' dir='ltr'>ὑμᾶς</span> <span class='ocrx_word' id='word_1_89' title='bbox 648 1332 865 1386; x_wconf 77' lang='grc' dir='ltr'>ἔλαϐον.</span> <span class='ocrx_word' id='word_1_90' title='bbox 897 1333 990 1403; x_wconf 83' lang='grc' dir='ltr'><strong>Μή</strong></span> <span class='ocrx_word' id='word_1_91' title='bbox 1034 1348 1160 1386; x_wconf 83' lang='grc' dir='ltr'>τινα</span> <span class='ocrx_word' id='word_1_92' title='bbox 1194 1331 1254 1385; x_wconf 81' lang='grc' dir='ltr'>ὃν</span> <span class='ocrx_word' id='word_1_93' title='bbox 1282 1330 1582 1385; x_wconf 81' lang='grc' dir='ltr'>ἀπέστειλα</span> <span class='ocrx_word' id='word_1_94' title='bbox 1598 1331 1745 1403; x_wconf 73' lang='grc' dir='ltr'>,πρὸς</span> <span class='ocrx_word' id='word_1_95' title='bbox 1768 1330 1913 1401; x_wconf 78' lang='grc' dir='ltr'>ὑμᾶς</span> 
     </span>
    </p>
   </div>
   <div class='ocr_carea' id='block_1_15' title="bbox 319 1421 1913 1495">
    <p class='ocr_par' dir='ltr' id='par_1_15' title="bbox 319 1421 1913 1495">
     <span class='ocr_line' id='line_1_15' title="bbox 319 1421 1913 1495; baseline 0.001 -20"><span class='ocrx_word' id='word_1_96' title='bbox 319 1421 751 1494; x_wconf 74' lang='grc' dir='ltr'><strong>ἐπλεονέκτησεν</strong></span> <span class='ocrx_word' id='word_1_97' title='bbox 773 1423 951 1493; x_wconf 74' lang='grc' dir='ltr'>ὕμᾶςς</span> <span class='ocrx_word' id='word_1_98' title='bbox 988 1423 1351 1495; x_wconf 86' lang='grc' dir='ltr'>Παρεκάλεσα</span> <span class='ocrx_word' id='word_1_99' title='bbox 1374 1423 1555 1493; x_wconf 87' lang='grc' dir='ltr'>Τίτον,</span> <span class='ocrx_word' id='word_1_100' title='bbox 1587 1425 1683 1477; x_wconf 78' lang='grc' dir='ltr'>καὶ</span> <span class='ocrx_word' id='word_1_101' title='bbox 1707 1441 1913 1477; x_wconf 88' lang='grc' dir='ltr'>συναπ-</span> 
     </span>
    </p>
   </div>
   <div class='ocr_carea' id='block_1_16' title="bbox 319 1513 1911 1587">
    <p class='ocr_par' dir='ltr' id='par_1_16' title="bbox 319 1513 1911 1587">
     <span class='ocr_line' id='line_1_16' title="bbox 319 1513 1911 1587; baseline 0.001 -21"><span class='ocrx_word' id='word_1_102' title='bbox 319 1514 448 1567; x_wconf 86' lang='grc' dir='ltr'>έστε</span> <span class='ocrx_word' id='word_1_103' title='bbox 457 1513 541 1568; x_wconf 84' lang='grc' dir='ltr'><strong>ιλα</strong></span> <span class='ocrx_word' id='word_1_104' title='bbox 558 1515 649 1569; x_wconf 73' lang='grc' dir='ltr'><strong>τὸν</strong></span> <span class='ocrx_word' id='word_1_105' title='bbox 668 1515 918 1584; x_wconf 89' lang='grc' dir='ltr'>ἀδελφόν.</span> <span class='ocrx_word' id='word_1_106' title='bbox 936 1517 1028 1586; x_wconf 83' lang='grc' dir='ltr'><strong>Μή</strong></span> <span class='ocrx_word' id='word_1_107' title='bbox 1047 1533 1099 1568; x_wconf 90' lang='grc' dir='ltr'><strong>τι</strong></span> <span class='ocrx_word' id='word_1_108' title='bbox 1121 1515 1551 1587; x_wconf 80' lang='grc' dir='ltr'>ἐπλεονέκτησεν</span> <span class='ocrx_word' id='word_1_109' title='bbox 1571 1516 1715 1586; x_wconf 84' lang='grc' dir='ltr'>ὑμᾶς</span> <span class='ocrx_word' id='word_1_110' title='bbox 1731 1515 1911 1581; x_wconf 85' lang='grc' dir='ltr'>Τίτος;</span> 
     </span>
    </p>
   </div>
   <div class='ocr_carea' id='block_1_17' title="bbox 322 1606 1914 1679">
    <p class='ocr_par' dir='ltr' id='par_1_17' title="bbox 322 1606 1914 1679">
     <span class='ocr_line' id='line_1_17' title="bbox 322 1606 1914 1679; baseline 0.003 -20"><span class='ocrx_word' id='word_1_111' title='bbox 322 1607 401 1659; x_wconf 84' lang='grc' dir='ltr'><strong>Οὐ</strong></span> <span class='ocrx_word' id='word_1_112' title='bbox 425 1607 503 1677; x_wconf 83' lang='grc' dir='ltr'>τῷ</span> <span class='ocrx_word' id='word_1_113' title='bbox 534 1606 685 1677; x_wconf 83' lang='grc' dir='ltr'>αὐτῷ</span> <span class='ocrx_word' id='word_1_114' title='bbox 717 1608 992 1676; x_wconf 83' lang='grc' dir='ltr'>πνεύματι</span> <span class='ocrx_word' id='word_1_115' title='bbox 1022 1609 1548 1679; x_wconf 81' lang='grc' dir='ltr'>περιεπατήσαμεν;</span> <span class='ocrx_word' id='word_1_116' title='bbox 1574 1608 1649 1662; x_wconf 77' lang='grc' dir='ltr'><strong>Οὐ</strong></span> <span class='ocrx_word' id='word_1_117' title='bbox 1679 1610 1790 1670; x_wconf 86' lang='grc' dir='ltr'>τοῖς</span> <span class='ocrx_word' id='word_1_118' title='bbox 1816 1608 1914 1663; x_wconf 80' lang='grc' dir='ltr'>αὐ-</span> 
     </span>
    </p>
   </div>
   <div class='ocr_carea' id='block_1_18' title="bbox 319 1695 1912 1771">
    <p class='ocr_par' dir='ltr' id='par_1_18' title="bbox 319 1695 1912 1771">
     <span class='ocr_line' id='line_1_18' title="bbox 319 1695 1912 1771; baseline 0.002 -20"><span class='ocrx_word' id='word_1_119' title='bbox 319 1701 437 1761; x_wconf 86' lang='grc' dir='ltr'>τοῖς</span> <span class='ocrx_word' id='word_1_120' title='bbox 469 1700 708 1769; x_wconf 84' lang='grc' dir='ltr'>ῖχνεσιν;</span> <span class='ocrx_word' id='word_1_121' title='bbox 755 1719 774 1752; x_wconf 71' lang='grc' dir='ltr'><strong>ι</strong></span> <span class='ocrx_word' id='word_1_122' title='bbox 812 1695 957 1767; x_wconf 82' lang='grc' dir='ltr'>Εὖγε</span> <span class='ocrx_word' id='word_1_123' title='bbox 1002 1699 1103 1769; x_wconf 84' lang='grc' dir='ltr'>τῆς</span> <span class='ocrx_word' id='word_1_124' title='bbox 1132 1698 1424 1770; x_wconf 84' lang='grc' dir='ltr'>ἀληθείαςί</span> <span class='ocrx_word' id='word_1_125' title='bbox 1465 1699 1770 1771; x_wconf 84' lang='grc' dir='ltr'>Ὑπέρευγε</span> <span class='ocrx_word' id='word_1_126' title='bbox 1818 1698 1912 1754; x_wconf 83' lang='grc' dir='ltr'>τοῦ</span> 
     </span>
    </p>
   </div>
   <div class='ocr_carea' id='block_1_19' title="bbox 2010 600 3598 671">
    <p class='ocr_par' dir='ltr' id='par_1_19' title="bbox 2010 600 3598 671">
     <span class='ocr_line' id='line_1_19' title="bbox 2010 600 3598 671; baseline 0.003 -17"><span class='ocrx_word' id='word_1_127' title='bbox 2010 614 2207 654; x_wconf 85' lang='lat' dir='ltr'><strong>essem.</strong></span> <span class='ocrx_word' id='word_1_128' title='bbox 2227 607 2443 655; x_wconf 89' lang='lat' dir='ltr'><strong>astutus</strong></span> <span class='ocrx_word' id='word_1_129' title='bbox 2475 600 2603 655; x_wconf 91' lang='lat' dir='ltr'><strong>dolo</strong></span> <span class='ocrx_word' id='word_1_130' title='bbox 2651 616 2747 655; x_wconf 83' lang='lat' dir='ltr'><strong>vos</strong></span> <span class='ocrx_word' id='word_1_131' title='bbox 2801 602 2920 671; x_wconf 86' lang='lat' dir='ltr'><strong>cepi</strong></span> <span class='ocrx_word' id='word_1_132' title='bbox 2957 611 3003 655; x_wconf 76' lang='grc' dir='ltr'><strong>ι.</strong></span> <span class='ocrx_word' id='word_1_133' title='bbox 3053 620 3073 654; x_wconf 72' lang='grc' dir='ltr'><strong>ι</strong></span> <span class='ocrx_word' id='word_1_134' title='bbox 3120 600 3264 669; x_wconf 85' lang='lat' dir='ltr'><strong>Quid</strong></span> <span class='ocrx_word' id='word_1_135' title='bbox 3312 600 3598 658; x_wconf 81' lang='lat' dir='ltr'><strong>ais?Cum</strong></span> 
     </span>
    </p>
   </div>
   <div class='ocr_carea' id='block_1_20' title="bbox 2012 692 3596 763">
    <p class='ocr_par' dir='ltr' id='par_1_20' title="bbox 2012 692 3596 763">
     <span class='ocr_line' id='line_1_20' title="bbox 2012 692 3596 763; baseline 0 -18"><span class='ocrx_word' id='word_1_136' title='bbox 2012 704 2167 745; x_wconf 85' lang='lat' dir='ltr'><strong>esses</strong></span> <span class='ocrx_word' id='word_1_137' title='bbox 2202 697 2446 757; x_wconf 90' lang='lat' dir='ltr'><strong>astutus,</strong></span> <span class='ocrx_word' id='word_1_138' title='bbox 2477 706 2574 747; x_wconf 89' lang='lat' dir='ltr'><strong>eos</strong></span> <span class='ocrx_word' id='word_1_139' title='bbox 2602 692 2731 747; x_wconf 87' lang='lat' dir='ltr'><strong>dolo</strong></span> <span class='ocrx_word' id='word_1_140' title='bbox 2762 693 2980 762; x_wconf 90' lang='lat' dir='ltr'><strong>cepisti,</strong></span> <span class='ocrx_word' id='word_1_141' title='bbox 3014 708 3156 763; x_wconf 83' lang='lat' dir='ltr'><strong>quos</strong></span> <span class='ocrx_word' id='word_1_142' title='bbox 3186 700 3414 763; x_wconf 84' lang='lat' dir='ltr'><strong>propter</strong></span> <span class='ocrx_word' id='word_1_143' title='bbox 3439 693 3596 747; x_wconf 86' lang='lat' dir='ltr'><strong>Chri-</strong></span> 
     </span>
    </p>
   </div>
   <div class='ocr_carea' id='block_1_21' title="bbox 2012 781 3599 854">
    <p class='ocr_par' dir='ltr' id='par_1_21' title="bbox 2012 781 3599 854">
     <span class='ocr_line' id='line_1_21' title="bbox 2012 781 3599 854; baseline 0.004 -18"><span class='ocrx_word' id='word_1_144' title='bbox 2012 790 2155 836; x_wconf 92' lang='lat' dir='ltr'><strong>stum</strong></span> <span class='ocrx_word' id='word_1_145' title='bbox 2192 781 2439 851; x_wconf 79' lang='lat' dir='ltr'><strong>piscatus</strong></span> <span class='ocrx_word' id='word_1_146' title='bbox 2486 784 2588 838; x_wconf 85' lang='lat' dir='ltr'><strong>es?</strong></span> <span class='ocrx_word' id='word_1_147' title='bbox 2620 783 2721 847; x_wconf 88' lang='lat' dir='ltr'><strong>lta,</strong></span> <span class='ocrx_word' id='word_1_148' title='bbox 2772 785 2994 854; x_wconf 88' lang='lat' dir='ltr'><strong>inquit:</strong></span> <span class='ocrx_word' id='word_1_149' title='bbox 3060 784 3214 839; x_wconf 86' lang='lat' dir='ltr'><strong>Bono</strong></span> <span class='ocrx_word' id='word_1_150' title='bbox 3262 801 3362 842; x_wconf 89' lang='lat' dir='ltr'><strong>vos</strong></span> <span class='ocrx_word' id='word_1_151' title='bbox 3406 799 3599 843; x_wconf 81' lang='lat' dir='ltr'><strong>erro;e</strong></span> 
     </span>
    </p>
   </div>
   <div class='ocr_carea' id='block_1_22' title="bbox 2012 871 3598 945">
    <p class='ocr_par' dir='ltr' id='par_1_22' title="bbox 2012 871 3598 945">
     <span class='ocr_line' id='line_1_22' title="bbox 2012 871 3598 945; baseline 0.005 -20"><span class='ocrx_word' id='word_1_152' title='bbox 2012 871 2224 941; x_wconf 88' lang='lat' dir='ltr'><strong>decepi,</strong></span> <span class='ocrx_word' id='word_1_153' title='bbox 2266 871 2476 929; x_wconf 86' lang='lat' dir='ltr'><strong>Christi</strong></span> <span class='ocrx_word' id='word_1_154' title='bbox 2521 876 2774 945; x_wconf 77' lang='lat' dir='ltr'><strong>exemplo</strong></span> <span class='ocrx_word' id='word_1_155' title='bbox 2803 877 2897 944; x_wconf 88' lang='lat' dir='ltr'><strong>qui</strong></span> <span class='ocrx_word' id='word_1_156' title='bbox 2932 876 3077 929; x_wconf 90' lang='lat' dir='ltr'><strong>hosti</strong></span> <span class='ocrx_word' id='word_1_157' title='bbox 3136 877 3328 932; x_wconf 80' lang='lat' dir='ltr'><strong>illusit.</strong></span> <span class='ocrx_word' id='word_1_158' title='bbox 3364 877 3499 931; x_wconf 88' lang='lat' dir='ltr'><strong>Nam</strong></span> <span class='ocrx_word' id='word_1_159' title='bbox 3542 887 3598 933; x_wconf 89' lang='lat' dir='ltr'><strong>et</strong></span> 
     </span>
    </p>
   </div>
   <div class='ocr_carea' id='block_1_23' title="bbox 2013 961 3597 1031">
    <p class='ocr_par' dir='ltr' id='par_1_23' title="bbox 2013 961 3597 1031">
     <span class='ocr_line' id='line_1_23' title="bbox 2013 961 3597 1031; baseline 0.004 -17"><span class='ocrx_word' id='word_1_160' title='bbox 2013 961 2168 1016; x_wconf 91' lang='lat' dir='ltr'><strong>illum</strong></span> <span class='ocrx_word' id='word_1_161' title='bbox 2192 964 2384 1019; x_wconf 89' lang='lat' dir='ltr'><strong>carnis</strong></span> <span class='ocrx_word' id='word_1_162' title='bbox 2417 963 2707 1019; x_wconf 89' lang='lat' dir='ltr'><strong>involucro</strong></span> <span class='ocrx_word' id='word_1_163' title='bbox 2738 980 2836 1020; x_wconf 91' lang='lat' dir='ltr'><strong>ceu</strong></span> <span class='ocrx_word' id='word_1_164' title='bbox 2868 981 2994 1020; x_wconf 82' lang='lat' dir='ltr'><strong>esca</strong></span> <span class='ocrx_word' id='word_1_165' title='bbox 3028 964 3248 1031; x_wconf 83' lang='lat' dir='ltr'><strong>fallens,</strong></span> <span class='ocrx_word' id='word_1_166' title='bbox 3286 968 3597 1021; x_wconf 80' lang='lat' dir='ltr'><strong>divinitatis</strong></span> 
     </span>
    </p>
   </div>
   <div class='ocr_carea' id='block_1_24' title="bbox 2012 1040 3596 1124">
    <p class='ocr_par' dir='ltr' id='par_1_24' title="bbox 2012 1040 3596 1124">
     <span class='ocr_line' id='line_1_24' title="bbox 2012 1040 3596 1124; baseline 0.004 -23"><span class='ocrx_word' id='word_1_167' title='bbox 2012 1048 2180 1104; x_wconf 88' lang='lat' dir='ltr'><strong>hamo</strong></span> <span class='ocrx_word' id='word_1_168' title='bbox 2244 1052 2361 1107; x_wconf 85' lang='lat' dir='ltr'><strong>sive</strong></span> <span class='ocrx_word' id='word_1_169' title='bbox 2421 1052 2586 1106; x_wconf 90' lang='lat' dir='ltr'><strong>etiam</strong></span> <span class='ocrx_word' id='word_1_170' title='bbox 2649 1054 2904 1123; x_wconf 65' lang='lat' dir='ltr'><strong>prtesidio</strong></span> <span class='ocrx_word' id='word_1_171' title='bbox 2963 1055 3132 1124; x_wconf 88' lang='lat' dir='ltr'><strong>cepit.</strong></span> <span class='ocrx_word' id='word_1_172' title='bbox 3185 1040 3322 1110; x_wconf 86' lang='lat' dir='ltr'><strong>Illud</strong></span> <span class='ocrx_word' id='word_1_173' title='bbox 3378 1065 3596 1123; x_wconf 87' lang='lat' dir='ltr'><strong>autem,</strong></span> 
     </span>
    </p>
   </div>
   <div class='ocr_carea' id='block_1_25' title="bbox 2012 1147 3597 1217">
    <p class='ocr_par' dir='ltr' id='par_1_25' title="bbox 2012 1147 3597 1217">
     <span class='ocr_line' id='line_1_25' title="bbox 2012 1147 3597 1217; baseline 0.005 -24"><span class='ocrx_word' id='word_1_174' title='bbox 2012 1150 2245 1205; x_wconf 78' lang='lat' dir='ltr'><strong>astutus,</strong></span> <span class='ocrx_word' id='word_1_175' title='bbox 2306 1158 2406 1212; x_wconf 90' lang='lat' dir='ltr'><strong>pro</strong></span> <span class='ocrx_word' id='word_1_176' title='bbox 2448 1158 2517 1199; x_wconf 92' lang='lat' dir='ltr'><strong>eo</strong></span> <span class='ocrx_word' id='word_1_177' title='bbox 2571 1147 2925 1214; x_wconf 81' lang='lat' dir='ltr'><strong>exponimus,</strong></span> <span class='ocrx_word' id='word_1_178' title='bbox 2980 1147 3129 1216; x_wconf 85' lang='lat' dir='ltr'><strong>quod</strong></span> <span class='ocrx_word' id='word_1_179' title='bbox 3192 1155 3298 1214; x_wconf 91' lang='lat' dir='ltr'><strong>est,</strong></span> <span class='ocrx_word' id='word_1_180' title='bbox 3358 1149 3597 1217; x_wconf 73' lang='lat' dir='ltr'><strong>sapiens.</strong></span> 
     </span>
    </p>
   </div>
   <div class='ocr_carea' id='block_1_26' title="bbox 2017 1230 3595 1309">
    <p class='ocr_par' dir='ltr' id='par_1_26' title="bbox 2017 1230 3595 1309">
     <span class='ocr_line' id='line_1_26' title="bbox 2017 1230 3595 1309; baseline 0.008 -27"><span class='ocrx_word' id='word_1_181' title='bbox 2017 1250 2036 1282; x_wconf 76' lang='grc' dir='ltr'><strong>ε</strong></span> <span class='ocrx_word' id='word_1_182' title='bbox 2076 1230 2183 1287; x_wconf 86' lang='lat' dir='ltr'><strong>Sed</strong></span> <span class='ocrx_word' id='word_1_183' title='bbox 2210 1242 2352 1299; x_wconf 87' lang='lat' dir='ltr'><strong>esto,</strong></span> <span class='ocrx_word' id='word_1_184' title='bbox 2385 1236 2590 1305; x_wconf 87' lang='lat' dir='ltr'><strong>inquit.</strong></span> <span class='ocrx_word' id='word_1_185' title='bbox 2635 1252 2738 1307; x_wconf 94' lang='lat' dir='ltr'><strong>ego</strong></span> <span class='ocrx_word' id='word_1_186' title='bbox 2769 1253 2868 1291; x_wconf 89' lang='lat' dir='ltr'><strong>vos</strong></span> <span class='ocrx_word' id='word_1_187' title='bbox 2904 1253 3014 1292; x_wconf 92' lang='lat' dir='ltr'><strong>non</strong></span> <span class='ocrx_word' id='word_1_188' title='bbox 3036 1241 3285 1309; x_wconf 88' lang='lat' dir='ltr'><strong>gravavi,</strong></span> <span class='ocrx_word' id='word_1_189' title='bbox 3329 1241 3424 1295; x_wconf 88' lang='lat' dir='ltr'><strong>sed</strong></span> <span class='ocrx_word' id='word_1_190' title='bbox 3468 1255 3595 1295; x_wconf 93' lang='lat' dir='ltr'><strong>cum</strong></span> 
     </span>
    </p>
   </div>
   <div class='ocr_carea' id='block_1_27' title="bbox 2011 1325 3597 1400">
    <p class='ocr_par' dir='ltr' id='par_1_27' title="bbox 2011 1325 3597 1400">
     <span class='ocr_line' id='line_1_27' title="bbox 2011 1325 3597 1400; baseline 0.004 -22"><span class='ocrx_word' id='word_1_191' title='bbox 2011 1338 2192 1378; x_wconf 88' lang='lat' dir='ltr'><strong>essem</strong></span> <span class='ocrx_word' id='word_1_192' title='bbox 2245 1333 2487 1390; x_wconf 83' lang='lat' dir='ltr'><strong>astutus,</strong></span> <span class='ocrx_word' id='word_1_193' title='bbox 2517 1327 2648 1381; x_wconf 88' lang='lat' dir='ltr'><strong>dolo</strong></span> <span class='ocrx_word' id='word_1_194' title='bbox 2672 1342 2770 1382; x_wconf 89' lang='lat' dir='ltr'><strong>vos</strong></span> <span class='ocrx_word' id='word_1_195' title='bbox 2797 1327 2939 1397; x_wconf 90' lang='lat' dir='ltr'><strong>cepi.</strong></span> <span class='ocrx_word' id='word_1_196' title='bbox 2980 1327 3241 1399; x_wconf 79' lang='lat' dir='ltr'><strong>Nunquid</strong></span> <span class='ocrx_word' id='word_1_197' title='bbox 3278 1325 3479 1400; x_wconf 84' lang='lat' dir='ltr'><strong>aliquis</strong></span> <span class='ocrx_word' id='word_1_198' title='bbox 3500 1346 3597 1385; x_wconf 86' lang='lat' dir='ltr'><strong>eo-</strong></span> 
     </span>
    </p>
   </div>
   <div class='ocr_carea' id='block_1_28' title="bbox 2013 1416 3599 1491">
    <p class='ocr_par' dir='ltr' id='par_1_28' title="bbox 2013 1416 3599 1491">
     <span class='ocr_line' id='line_1_28' title="bbox 2013 1416 3599 1491; baseline 0.004 -24"><span class='ocrx_word' id='word_1_199' title='bbox 2013 1428 2134 1467; x_wconf 91' lang='lat' dir='ltr'><strong>rum</strong></span> <span class='ocrx_word' id='word_1_200' title='bbox 2168 1430 2309 1485; x_wconf 88' lang='lat' dir='ltr'><strong>quos</strong></span> <span class='ocrx_word' id='word_1_201' title='bbox 2357 1417 2488 1470; x_wconf 90' lang='lat' dir='ltr'><strong>misi</strong></span> <span class='ocrx_word' id='word_1_202' title='bbox 2535 1416 2603 1471; x_wconf 85' lang='lat' dir='ltr'><strong>ad</strong></span> <span class='ocrx_word' id='word_1_203' title='bbox 2648 1432 2769 1482; x_wconf 90' lang='lat' dir='ltr'><strong>vos,</strong></span> <span class='ocrx_word' id='word_1_204' title='bbox 2804 1418 3068 1487; x_wconf 79' lang='lat' dir='ltr'><strong>expilavit</strong></span> <span class='ocrx_word' id='word_1_205' title='bbox 3102 1420 3240 1474; x_wconf 84' lang='lat' dir='ltr'><strong>vos?</strong></span> <span class='ocrx_word' id='word_1_206' title='bbox 3278 1421 3479 1491; x_wconf 81' lang='lat' dir='ltr'><strong>Rogavi</strong></span> <span class='ocrx_word' id='word_1_207' title='bbox 3503 1420 3599 1474; x_wconf 89' lang='lat' dir='ltr'><strong>Ti-</strong></span> 
     </span>
    </p>
   </div>
   <div class='ocr_carea' id='block_1_29' title="bbox 2014 1506 3592 1579">
    <p class='ocr_par' dir='ltr' id='par_1_29' title="bbox 2014 1506 3592 1579">
     <span class='ocr_line' id='line_1_29' title="bbox 2014 1506 3592 1579; baseline 0.006 -22"><span class='ocrx_word' id='word_1_208' title='bbox 2014 1511 2149 1567; x_wconf 87' lang='lat' dir='ltr'><strong>tum,</strong></span> <span class='ocrx_word' id='word_1_209' title='bbox 2180 1514 2234 1560; x_wconf 88' lang='lat' dir='ltr'><strong>et</strong></span> <span class='ocrx_word' id='word_1_210' title='bbox 2263 1506 2387 1561; x_wconf 90' lang='lat' dir='ltr'><strong>misi</strong></span> <span class='ocrx_word' id='word_1_211' title='bbox 2418 1522 2545 1561; x_wconf 88' lang='lat' dir='ltr'><strong>cum</strong></span> <span class='ocrx_word' id='word_1_212' title='bbox 2585 1508 2679 1563; x_wconf 88' lang='lat' dir='ltr'><strong>illo</strong></span> <span class='ocrx_word' id='word_1_213' title='bbox 2708 1507 2957 1563; x_wconf 79' lang='lat' dir='ltr'><strong>fratrem.</strong></span> <span class='ocrx_word' id='word_1_214' title='bbox 2999 1507 3259 1579; x_wconf 87' lang='lat' dir='ltr'><strong>Nunquid</strong></span> <span class='ocrx_word' id='word_1_215' title='bbox 3295 1511 3457 1566; x_wconf 87' lang='lat' dir='ltr'><strong>Titus</strong></span> <span class='ocrx_word' id='word_1_216' title='bbox 3490 1526 3592 1567; x_wconf 87' lang='lat' dir='ltr'><strong>vos</strong></span> 
     </span>
    </p>
   </div>
   <div class='ocr_carea' id='block_1_30' title="bbox 2012 1596 3599 1669">
    <p class='ocr_par' dir='ltr' id='par_1_30' title="bbox 2012 1596 3599 1669">
     <span class='ocr_line' id='line_1_30' title="bbox 2012 1596 3599 1669; baseline 0.004 -19"><span class='ocrx_word' id='word_1_217' title='bbox 2012 1596 2312 1663; x_wconf 79' lang='lat' dir='ltr'><strong>expilavit?</strong></span> <span class='ocrx_word' id='word_1_218' title='bbox 2376 1596 2569 1652; x_wconf 88' lang='lat' dir='ltr'><strong>Nonne</strong></span> <span class='ocrx_word' id='word_1_219' title='bbox 2632 1599 2826 1654; x_wconf 91' lang='lat' dir='ltr'><strong>eodem</strong></span> <span class='ocrx_word' id='word_1_220' title='bbox 2892 1600 3090 1669; x_wconf 87' lang='lat' dir='ltr'><strong>spiritu</strong></span> <span class='ocrx_word' id='word_1_221' title='bbox 3148 1602 3599 1657; x_wconf 66' lang='lat' dir='ltr'><strong>ambulaximus?</strong></span> 
     </span>
    </p>
   </div>
   <div class='ocr_carea' id='block_1_31' title="bbox 2010 1686 3599 1763">
    <p class='ocr_par' dir='ltr' id='par_1_31' title="bbox 2010 1686 3599 1763">
     <span class='ocr_line' id='line_1_31' title="bbox 2010 1686 3599 1763; baseline 0.006 -23"><span class='ocrx_word' id='word_1_222' title='bbox 2010 1686 2207 1743; x_wconf 91' lang='lat' dir='ltr'><strong>Nonne</strong></span> <span class='ocrx_word' id='word_1_223' title='bbox 2240 1688 2436 1744; x_wconf 84' lang='lat' dir='ltr'><strong>iisdem</strong></span> <span class='ocrx_word' id='word_1_224' title='bbox 2469 1690 2720 1760; x_wconf 83' lang='lat' dir='ltr'><strong>vestigiis</strong></span> <span class='ocrx_word' id='word_1_225' title='bbox 2750 1691 2810 1743; x_wconf 66' lang='grc' dir='ltr'><strong>’ἲ</strong></span> <span class='ocrx_word' id='word_1_226' title='bbox 2845 1709 2864 1743; x_wconf 74' lang='grc' dir='ltr'><strong>ι</strong></span> <span class='ocrx_word' id='word_1_227' title='bbox 2904 1692 3055 1761; x_wconf 71' lang='lat' dir='ltr'><strong>Euge.</strong></span> <span class='ocrx_word' id='word_1_228' title='bbox 3093 1693 3413 1747; x_wconf 75' lang='lat' dir='ltr'><strong>veritatem!</strong></span> <span class='ocrx_word' id='word_1_229' title='bbox 3445 1693 3599 1763; x_wconf 79' lang='lat' dir='ltr'><strong>Euge</strong></span> 
     </span>
    </p>
   </div>
   <div class='ocr_carea' id='block_1_32' title="bbox 324 1779 1914 1861">
    <p class='ocr_par' dir='ltr' id='par_1_32' title="bbox 324 1784 1910 1861">
     <span class='ocr_line' id='line_1_32' title="bbox 324 1784 1910 1861; baseline 0.005 -24"><span class='ocrx_word' id='word_1_230' title='bbox 324 1784 666 1856; x_wconf 77' lang='grc' dir='ltr'>Πνεῦματος,</span> <span class='ocrx_word' id='word_1_231' title='bbox 695 1786 839 1839; x_wconf 77' lang='grc' dir='ltr'>οὕτω</span> <span class='ocrx_word' id='word_1_232' title='bbox 864 1787 1308 1857; x_wconf 85' lang='grc' dir='ltr'>συναρμόσαντος</span> <span class='ocrx_word' id='word_1_233' title='bbox 1332 1788 1500 1859; x_wconf 80' lang='grc' dir='ltr'>ἄμφω</span> <span class='ocrx_word' id='word_1_234' title='bbox 1520 1791 1646 1853; x_wconf 83' lang='grc' dir='ltr'>τοὺς</span> <span class='ocrx_word' id='word_1_235' title='bbox 1675 1791 1910 1861; x_wconf 84' lang='grc' dir='ltr'>Χριστο-</span> 
     </span>
    </p>
   </div>
   <div class='ocr_carea' id='block_1_33' title="bbox 2018 1779 3600 1861">
    <p class='ocr_par' dir='ltr' id='par_1_33' title="bbox 2018 1779 3600 1853">
     <span class='ocr_line' id='line_1_33' title="bbox 2018 1779 3600 1853; baseline 0.005 -20"><span class='ocrx_word' id='word_1_236' title='bbox 2018 1780 2188 1850; x_wconf 89' lang='lat' dir='ltr'><strong>magis</strong></span> <span class='ocrx_word' id='word_1_237' title='bbox 2237 1779 2530 1851; x_wconf 88' lang='lat' dir='ltr'><strong>Spiritum,</strong></span> <span class='ocrx_word' id='word_1_238' title='bbox 2576 1782 2668 1850; x_wconf 92' lang='lat' dir='ltr'><strong>qui</strong></span> <span class='ocrx_word' id='word_1_239' title='bbox 2722 1783 2796 1837; x_wconf 87' lang='lat' dir='ltr'><strong>ita</strong></span> <span class='ocrx_word' id='word_1_240' title='bbox 2836 1783 3030 1837; x_wconf 88' lang='lat' dir='ltr'><strong>ambos</strong></span> <span class='ocrx_word' id='word_1_241' title='bbox 3057 1782 3265 1838; x_wconf 85' lang='lat' dir='ltr'><strong>Christi</strong></span> <span class='ocrx_word' id='word_1_242' title='bbox 3316 1799 3600 1853; x_wconf 61' lang='lat' dir='ltr'><strong>praecones</strong></span> 
     </span>
    </p>
   </div>
   <div class='ocr_carea' id='block_1_34' title="bbox 325 1861 1914 1949">
    <p class='ocr_par' dir='ltr' id='par_1_34' title="bbox 325 1872 1907 1949">
     <span class='ocr_line' id='line_1_34' title="bbox 325 1872 1907 1949; baseline 0.004 -22"><span class='ocrx_word' id='word_1_243' title='bbox 325 1873 574 1945; x_wconf 78' lang='grc' dir='ltr'>κήρυκας</span> <span class='ocrx_word' id='word_1_244' title='bbox 601 1875 614 1927; x_wconf 83' lang='lat' dir='ltr'><strong>l</strong></span> <span class='ocrx_word' id='word_1_245' title='bbox 641 1875 783 1945; x_wconf 85' lang='grc' dir='ltr'><strong>Ἤδη</strong></span> <span class='ocrx_word' id='word_1_246' title='bbox 818 1876 916 1947; x_wconf 85' lang='grc' dir='ltr'>μὲν</span> <span class='ocrx_word' id='word_1_247' title='bbox 944 1872 1039 1930; x_wconf 84' lang='grc' dir='ltr'><strong>οὖν</strong></span> <span class='ocrx_word' id='word_1_248' title='bbox 1069 1873 1128 1930; x_wconf 84' lang='grc' dir='ltr'><strong>εὖ</strong></span> <span class='ocrx_word' id='word_1_249' title='bbox 1161 1878 1304 1948; x_wconf 80' lang='grc' dir='ltr'>μάλα</span> <span class='ocrx_word' id='word_1_250' title='bbox 1338 1877 1501 1941; x_wconf 81' lang='grc' dir='ltr'>αὐτὸς</span> <span class='ocrx_word' id='word_1_251' title='bbox 1528 1880 1560 1949; x_wconf 82' lang='grc' dir='ltr'><strong>ή</strong></span> <span class='ocrx_word' id='word_1_252' title='bbox 1591 1878 1720 1944; x_wconf 82' lang='grc' dir='ltr'>δόξα</span> <span class='ocrx_word' id='word_1_253' title='bbox 1747 1880 1907 1934; x_wconf 84' lang='grc' dir='ltr'>Τίτου</span> 
     </span>
    </p>
   </div>
   <div class='ocr_carea' id='block_1_35' title="bbox 2018 1861 3600 1949">
    <p class='ocr_par' dir='ltr' id='par_1_35' title="bbox 2018 1871 3600 1943">
     <span class='ocr_line' id='line_1_35' title="bbox 2018 1871 3600 1943; baseline 0.002 -17"><span class='ocrx_word' id='word_1_254' title='bbox 2018 1874 2320 1943; x_wconf 87' lang='lat' dir='ltr'><strong>coaptavill</strong></span> <span class='ocrx_word' id='word_1_255' title='bbox 2350 1871 2471 1927; x_wconf 72' lang='lat' dir='ltr'><strong>1am</strong></span> <span class='ocrx_word' id='word_1_256' title='bbox 2503 1888 2638 1929; x_wconf 89' lang='lat' dir='ltr'><strong>sane</strong></span> <span class='ocrx_word' id='word_1_257' title='bbox 2664 1873 2903 1927; x_wconf 79' lang='lat' dir='ltr'><strong>maxime</strong></span> <span class='ocrx_word' id='word_1_258' title='bbox 2941 1873 3062 1942; x_wconf 92' lang='lat' dir='ltr'><strong>ipse</strong></span> <span class='ocrx_word' id='word_1_259' title='bbox 3098 1872 3205 1926; x_wconf 89' lang='lat' dir='ltr'><strong>Titi</strong></span> <span class='ocrx_word' id='word_1_260' title='bbox 3252 1874 3427 1943; x_wconf 83' lang='lat' dir='ltr'><strong>gloria</strong></span> <span class='ocrx_word' id='word_1_261' title='bbox 3460 1873 3600 1929; x_wconf 66' lang='lat' dir='ltr'><strong>Pull-</strong></span> 
     </span>
    </p>
   </div>
   <div class='ocr_carea' id='block_1_36' title="bbox 320 1966 1911 2042">
    <p class='ocr_par' dir='ltr' id='par_1_36' title="bbox 320 1966 1911 2042">
     <span class='ocr_line' id='line_1_36' title="bbox 320 1966 1911 2042; baseline 0.004 -22"><span class='ocrx_word' id='word_1_262' title='bbox 320 1966 557 2032; x_wconf 78' lang='grc' dir='ltr'><strong>Παῦλος,</strong></span> <span class='ocrx_word' id='word_1_263' title='bbox 610 1967 701 2021; x_wconf 75' lang='grc' dir='ltr'><strong>τὸν</strong></span> <span class='ocrx_word' id='word_1_264' title='bbox 754 1967 975 2024; x_wconf 79' lang='grc' dir='ltr'>ἔπαινον</span> <span class='ocrx_word' id='word_1_265' title='bbox 1027 1968 1318 2039; x_wconf 79' lang='grc' dir='ltr'>προλαϐὼν</span> <span class='ocrx_word' id='word_1_266' title='bbox 1366 1969 1748 2042; x_wconf 80' lang='grc' dir='ltr'>ἀπηκρίδωσε,</span> <span class='ocrx_word' id='word_1_267' title='bbox 1796 1975 1911 2036; x_wconf 86' lang='grc' dir='ltr'>τοῖς</span> 
     </span>
    </p>
   </div>
   <div class='ocr_carea' id='block_1_37' title="bbox 320 2058 1907 2132">
    <p class='ocr_par' dir='ltr' id='par_1_37' title="bbox 320 2058 1907 2132">
     <span class='ocr_line' id='line_1_37' title="bbox 320 2058 1907 2132; baseline 0.004 -22"><span class='ocrx_word' id='word_1_268' title='bbox 320 2058 519 2111; x_wconf 76' lang='grc' dir='ltr'>ἑαυτοῦ</span> <span class='ocrx_word' id='word_1_269' title='bbox 546 2058 615 2111; x_wconf 86' lang='grc' dir='ltr'><strong>τά</strong></span> <span class='ocrx_word' id='word_1_270' title='bbox 637 2058 851 2113; x_wconf 75' lang='grc' dir='ltr'>ἐκείνου</span> <span class='ocrx_word' id='word_1_271' title='bbox 876 2062 1198 2132; x_wconf 75' lang='grc' dir='ltr'>συγκρίνας,</span> <span class='ocrx_word' id='word_1_272' title='bbox 1234 2062 1432 2132; x_wconf 84' lang='grc' dir='ltr'>ἀριστά</span> <span class='ocrx_word' id='word_1_273' title='bbox 1455 2079 1514 2115; x_wconf 88' lang='grc' dir='ltr'><strong>τε</strong></span> <span class='ocrx_word' id='word_1_274' title='bbox 1547 2062 1737 2117; x_wconf 83' lang='grc' dir='ltr'>τοῦτον</span> <span class='ocrx_word' id='word_1_275' title='bbox 1764 2064 1907 2130; x_wconf 78' lang='grc' dir='ltr'>ἐξει-</span> 
     </span>
    </p>
   </div>
   <div class='ocr_carea' id='block_1_38' title="bbox 323 2150 1552 2224">
    <p class='ocr_par' dir='ltr' id='par_1_38' title="bbox 323 2150 1552 2224">
     <span class='ocr_line' id='line_1_38' title="bbox 323 2150 1552 2224; baseline 0.006 -23"><span class='ocrx_word' id='word_1_276' title='bbox 323 2150 552 2214; x_wconf 84' lang='grc' dir='ltr'>κονίσας</span> <span class='ocrx_word' id='word_1_277' title='bbox 583 2150 1051 2220; x_wconf 85' lang='grc' dir='ltr'>εὐχρωματίστως</span> <span class='ocrx_word' id='word_1_278' title='bbox 1082 2152 1552 2224; x_wconf 81' lang='grc' dir='ltr'>διεζωγράφησεν.</span> 
     </span>
    </p>
   </div>
   <div class='ocr_carea' id='block_1_39' title="bbox 427 2316 1912 2402">
    <p class='ocr_par' dir='ltr' id='par_1_39' title="bbox 427 2316 1912 2402">
     <span class='ocr_line' id='line_1_39' title="bbox 427 2316 1912 2402; baseline 0.011 -29"><span class='ocrx_word' id='word_1_279' title='bbox 427 2319 574 2386; x_wconf 61' lang='lat' dir='ltr'><strong>An’,</strong></span> <span class='ocrx_word' id='word_1_280' title='bbox 610 2316 653 2374; x_wconf 83' lang='grc' dir='ltr'>ὧ</span> <span class='ocrx_word' id='word_1_281' title='bbox 681 2323 921 2394; x_wconf 76' lang='grc' dir='ltr'>μακάριε</span> <span class='ocrx_word' id='word_1_282' title='bbox 977 2325 1163 2395; x_wconf 73' lang='grc' dir='ltr'>Πάτερ</span> <span class='ocrx_word' id='word_1_283' title='bbox 1184 2366 1199 2389; x_wconf 88' lang='grc'><strong>,</strong></span> <span class='ocrx_word' id='word_1_284' title='bbox 1238 2326 1298 2380; x_wconf 84' lang='grc' dir='ltr'>τὸ</span> <span class='ocrx_word' id='word_1_285' title='bbox 1329 2328 1476 2397; x_wconf 86' lang='grc' dir='ltr'>μέγα</span> <span class='ocrx_word' id='word_1_286' title='bbox 1519 2331 1750 2402; x_wconf 82' lang='grc' dir='ltr'><strong>Κρήτης</strong></span> <span class='ocrx_word' id='word_1_287' title='bbox 1776 2333 1912 2389; x_wconf 81' lang='grc' dir='ltr'>καύ-</span> 
     </span>
    </p>
   </div>
   <div class='ocr_carea' id='block_1_40' title="bbox 325 2412 1913 2493">
    <p class='ocr_par' dir='ltr' id='par_1_40' title="bbox 325 2412 1913 2493">
     <span class='ocr_line' id='line_1_40' title="bbox 325 2412 1913 2493; baseline 0.001 -29"><span class='ocrx_word' id='word_1_288' title='bbox 325 2427 486 2481; x_wconf 78' lang='grc' dir='ltr'>χημα</span> <span class='ocrx_word' id='word_1_289' title='bbox 517 2412 608 2465; x_wconf 79' lang='grc' dir='ltr'>καὶ</span> <span class='ocrx_word' id='word_1_290' title='bbox 636 2412 1021 2484; x_wconf 86' lang='grc' dir='ltr'>καλλώπισμα,</span> <span class='ocrx_word' id='word_1_291' title='bbox 1068 2418 1165 2469; x_wconf 69' lang='grc' dir='ltr'><strong>καὶ</strong></span> <span class='ocrx_word' id='word_1_292' title='bbox 1195 2417 1294 2488; x_wconf 87' lang='grc' dir='ltr'>τῆς</span> <span class='ocrx_word' id='word_1_293' title='bbox 1333 2420 1540 2491; x_wconf 83' lang='grc' dir='ltr'>σκηνῆς</span> <span class='ocrx_word' id='word_1_294' title='bbox 1579 2422 1681 2492; x_wconf 77' lang='grc' dir='ltr'>τῆς</span> <span class='ocrx_word' id='word_1_295' title='bbox 1726 2424 1913 2493; x_wconf 77' lang='grc' dir='ltr'>ἀληθι-</span> 
     </span>
    </p>
   </div>
   <div class='ocr_carea' id='block_1_41' title="bbox 325 2504 1911 2580">
    <p class='ocr_par' dir='ltr' id='par_1_41' title="bbox 325 2504 1911 2580">
     <span class='ocr_line' id='line_1_41' title="bbox 325 2504 1911 2580; baseline 0.009 -24"><span class='ocrx_word' id='word_1_296' title='bbox 325 2504 447 2574; x_wconf 83' lang='grc' dir='ltr'>νῆς,</span> <span class='ocrx_word' id='word_1_297' title='bbox 481 2504 573 2559; x_wconf 83' lang='grc' dir='ltr'>καὶ</span> <span class='ocrx_word' id='word_1_298' title='bbox 627 2506 727 2575; x_wconf 81' lang='grc' dir='ltr'>τῆς</span> <span class='ocrx_word' id='word_1_299' title='bbox 781 2506 895 2560; x_wconf 82' lang='grc' dir='ltr'><strong>ἀνω</strong></span> <span class='ocrx_word' id='word_1_300' title='bbox 939 2509 1396 2580; x_wconf 84' lang='grc' dir='ltr'>μυστολατρείας,</span> <span class='ocrx_word' id='word_1_301' title='bbox 1453 2515 1547 2567; x_wconf 80' lang='grc' dir='ltr'><strong>καὶ</strong></span> <span class='ocrx_word' id='word_1_302' title='bbox 1592 2514 1701 2568; x_wconf 87' lang='grc' dir='ltr'><strong>τῶν</strong></span> <span class='ocrx_word' id='word_1_303' title='bbox 1752 2516 1911 2571; x_wconf 82' lang='grc' dir='ltr'>θείων</span> 
     </span>
    </p>
   </div>
   <div class='ocr_carea' id='block_1_42' title="bbox 324 2595 1912 2678">
    <p class='ocr_par' dir='ltr' id='par_1_42' title="bbox 324 2595 1912 2678">
     <span class='ocr_line' id='line_1_42' title="bbox 324 2595 1912 2678; baseline 0.008 -30"><span class='ocrx_word' id='word_1_304' title='bbox 324 2596 607 2667; x_wconf 78' lang='grc' dir='ltr'>ὖιρηγητά,</span> <span class='ocrx_word' id='word_1_305' title='bbox 630 2597 787 2668; x_wconf 86' lang='grc' dir='ltr'>δέχου</span> <span class='ocrx_word' id='word_1_306' title='bbox 822 2599 960 2669; x_wconf 76' lang='grc' dir='ltr'>πρὸς</span> <span class='ocrx_word' id='word_1_307' title='bbox 988 2600 1147 2670; x_wconf 80' lang='grc' dir='ltr'>ἡμῶν</span> <span class='ocrx_word' id='word_1_308' title='bbox 1167 2595 1278 2655; x_wconf 74' lang='grc' dir='ltr'>οἷόν</span> <span class='ocrx_word' id='word_1_309' title='bbox 1311 2620 1365 2657; x_wconf 90' lang='grc' dir='ltr'><strong>τι</strong></span> <span class='ocrx_word' id='word_1_310' title='bbox 1395 2605 1710 2676; x_wconf 77' lang='grc' dir='ltr'>Σειρήνειον</span> <span class='ocrx_word' id='word_1_311' title='bbox 1750 2608 1912 2678; x_wconf 84' lang='grc' dir='ltr'>μέλος</span> 
     </span>
    </p>
   </div>
   <div class='ocr_carea' id='block_1_43' title="bbox 321 2688 1912 2769">
    <p class='ocr_par' dir='ltr' id='par_1_43' title="bbox 321 2688 1912 2769">
     <span class='ocr_line' id='line_1_43' title="bbox 321 2688 1912 2769; baseline 0.009 -28"><span class='ocrx_word' id='word_1_312' title='bbox 321 2688 417 2741; x_wconf 75' lang='grc' dir='ltr'>τὸν</span> <span class='ocrx_word' id='word_1_313' title='bbox 444 2689 708 2761; x_wconf 77' lang='grc' dir='ltr'>ἐφύμνιον</span> <span class='ocrx_word' id='word_1_314' title='bbox 738 2692 916 2761; x_wconf 88' lang='grc' dir='ltr'>λόγον,</span> <span class='ocrx_word' id='word_1_315' title='bbox 951 2695 1044 2747; x_wconf 80' lang='grc' dir='ltr'><strong>καὶ</strong></span> <span class='ocrx_word' id='word_1_316' title='bbox 1095 2695 1410 2766; x_wconf 72' lang='grc' dir='ltr'>τραυλίξειν</span> <span class='ocrx_word' id='word_1_317' title='bbox 1445 2698 1708 2765; x_wconf 78' lang='grc' dir='ltr'>ἐθέλοντι,</span> <span class='ocrx_word' id='word_1_318' title='bbox 1758 2702 1912 2769; x_wconf 85' lang='grc' dir='ltr'>φιλό-</span> 
     </span>
    </p>
   </div>
   <div class='ocr_carea' id='block_1_44' title="bbox 325 2781 1907 2862">
    <p class='ocr_par' dir='ltr' id='par_1_44' title="bbox 325 2781 1907 2862">
     <span class='ocr_line' id='line_1_44' title="bbox 325 2781 1907 2862; baseline 0.01 -31"><span class='ocrx_word' id='word_1_319' title='bbox 325 2796 559 2851; x_wconf 86' lang='grc' dir='ltr'>στοργος</span> <span class='ocrx_word' id='word_1_320' title='bbox 585 2781 681 2847; x_wconf 86' lang='grc' dir='ltr'><strong>ὢν,</strong></span> <span class='ocrx_word' id='word_1_321' title='bbox 707 2784 907 2854; x_wconf 71' lang='grc' dir='ltr'>ἥδιστα</span> <span class='ocrx_word' id='word_1_322' title='bbox 940 2787 1227 2856; x_wconf 76' lang='grc' dir='ltr'>παράϐαλε</span> <span class='ocrx_word' id='word_1_323' title='bbox 1256 2789 1347 2842; x_wconf 83' lang='grc' dir='ltr'><strong>σὸν</strong></span> <span class='ocrx_word' id='word_1_324' title='bbox 1386 2785 1477 2854; x_wconf 79' lang='grc' dir='ltr'>οὖς</span> <span class='ocrx_word' id='word_1_325' title='bbox 1500 2793 1655 2862; x_wconf 83' lang='grc' dir='ltr'>ἐμοῖς</span> <span class='ocrx_word' id='word_1_326' title='bbox 1707 2792 1907 2862; x_wconf 79' lang='grc' dir='ltr'><strong>λόγοις.</strong></span> 
     </span>
    </p>
   </div>
   <div class='ocr_carea' id='block_1_45' title="bbox 321 2870 1911 2954">
    <p class='ocr_par' dir='ltr' id='par_1_45' title="bbox 321 2870 1911 2954">
     <span class='ocr_line' id='line_1_45' title="bbox 321 2870 1911 2954; baseline 0.01 -32"><span class='ocrx_word' id='word_1_327' title='bbox 321 2870 464 2926; x_wconf 67' lang='grc' dir='ltr'>Φίλα</span> <span class='ocrx_word' id='word_1_328' title='bbox 499 2874 609 2945; x_wconf 78' lang='grc' dir='ltr'>γὰρ</span> <span class='ocrx_word' id='word_1_329' title='bbox 640 2877 881 2948; x_wconf 81' lang='grc' dir='ltr'>πατράσι</span> <span class='ocrx_word' id='word_1_330' title='bbox 904 2878 973 2931; x_wconf 82' lang='grc' dir='ltr'>τὰ</span> <span class='ocrx_word' id='word_1_331' title='bbox 1004 2878 1115 2933; x_wconf 82' lang='grc' dir='ltr'><strong>τῶν</strong></span> <span class='ocrx_word' id='word_1_332' title='bbox 1151 2880 1359 2935; x_wconf 86' lang='grc' dir='ltr'>τέκνων</span> <span class='ocrx_word' id='word_1_333' title='bbox 1390 2880 1755 2954; x_wconf 77' lang='grc' dir='ltr'>ψελλισματα,</span> <span class='ocrx_word' id='word_1_334' title='bbox 1784 2885 1911 2938; x_wconf 79' lang='grc' dir='ltr'>ὅταν</span> 
     </span>
    </p>
   </div>
   <div class='ocr_carea' id='block_1_46' title="bbox 324 2960 1912 3044">
    <p class='ocr_par' dir='ltr' id='par_1_46' title="bbox 324 2960 1912 3044">
     <span class='ocr_line' id='line_1_46' title="bbox 324 2960 1912 3044; baseline 0.011 -32"><span class='ocrx_word' id='word_1_335' title='bbox 324 2960 389 3025; x_wconf 79' lang='grc' dir='ltr'><strong>ἐξ</strong></span> <span class='ocrx_word' id='word_1_336' title='bbox 420 2963 645 3032; x_wconf 85' lang='grc' dir='ltr'>ἀτέχνου</span> <span class='ocrx_word' id='word_1_337' title='bbox 669 2965 898 3038; x_wconf 83' lang='grc' dir='ltr'>γνώμης</span> <span class='ocrx_word' id='word_1_338' title='bbox 924 2968 1200 3025; x_wconf 83' lang='grc' dir='ltr'>ἄπλαστον</span> <span class='ocrx_word' id='word_1_339' title='bbox 1227 2972 1387 3041; x_wconf 87' lang='grc' dir='ltr'>λόγον</span> <span class='ocrx_word' id='word_1_340' title='bbox 1406 2974 1709 3043; x_wconf 81' lang='grc' dir='ltr'>προΐενται.</span> <span class='ocrx_word' id='word_1_341' title='bbox 1740 2975 1912 3044; x_wconf 86' lang='grc' dir='ltr'>Λόγος</span> 
     </span>
    </p>
   </div>
   <div class='ocr_carea' id='block_1_47' title="bbox 322 3052 1911 3137">
    <p class='ocr_par' dir='ltr' id='par_1_47' title="bbox 322 3052 1911 3137">
     <span class='ocr_line' id='line_1_47' title="bbox 322 3052 1911 3137; baseline 0.009 -32"><span class='ocrx_word' id='word_1_342' title='bbox 322 3052 385 3105; x_wconf 79' lang='grc' dir='ltr'>δὲ</span> <span class='ocrx_word' id='word_1_343' title='bbox 416 3058 565 3119; x_wconf 88' lang='grc' dir='ltr'>ποῖος</span> <span class='ocrx_word' id='word_1_344' title='bbox 599 3056 666 3109; x_wconf 88' lang='grc' dir='ltr'><strong>ἂν</strong></span> <span class='ocrx_word' id='word_1_345' title='bbox 711 3060 806 3111; x_wconf 71' lang='grc' dir='ltr'><strong>καὶ</strong></span> <span class='ocrx_word' id='word_1_346' title='bbox 854 3060 1033 3130; x_wconf 81' lang='grc' dir='ltr'>δοθείη</span> <span class='ocrx_word' id='word_1_347' title='bbox 1068 3062 1146 3132; x_wconf 84' lang='grc' dir='ltr'>τῷ</span> <span class='ocrx_word' id='word_1_348' title='bbox 1199 3063 1365 3133; x_wconf 80' lang='grc' dir='ltr'>μηδὲν</span> <span class='ocrx_word' id='word_1_349' title='bbox 1399 3063 1702 3135; x_wconf 78' lang='grc' dir='ltr'>εὔχρηστον</span> <span class='ocrx_word' id='word_1_350' title='bbox 1732 3065 1911 3137; x_wconf 75' lang='grc' dir='ltr'>ἔχοντι</span> 
     </span>
    </p>
   </div>
   <div class='ocr_carea' id='block_1_48' title="bbox 326 3143 1912 3223">
    <p class='ocr_par' dir='ltr' id='par_1_48' title="bbox 326 3143 1912 3223">
     <span class='ocr_line' id='line_1_48' title="bbox 326 3143 1912 3223; baseline 0.01 -28"><span class='ocrx_word' id='word_1_351' title='bbox 326 3143 467 3213; x_wconf 81' lang='grc' dir='ltr'>πρὸς</span> <span class='ocrx_word' id='word_1_352' title='bbox 490 3145 756 3217; x_wconf 80' lang='grc' dir='ltr'>ὑποδοχὴν</span> <span class='ocrx_word' id='word_1_353' title='bbox 784 3148 876 3200; x_wconf 78' lang='grc' dir='ltr'>τοῦ</span> <span class='ocrx_word' id='word_1_354' title='bbox 901 3167 1092 3203; x_wconf 86' lang='grc' dir='ltr'>συντετ</span> <span class='ocrx_word' id='word_1_355' title='bbox 1100 3170 1174 3223; x_wconf 87' lang='grc' dir='ltr'><strong>μη</strong></span> <span class='ocrx_word' id='word_1_356' title='bbox 1185 3153 1347 3222; x_wconf 82' lang='grc' dir='ltr'>μένου</span> <span class='ocrx_word' id='word_1_357' title='bbox 1389 3155 1483 3209; x_wconf 78' lang='grc' dir='ltr'>καὶ</span> <span class='ocrx_word' id='word_1_358' title='bbox 1508 3159 1912 3212; x_wconf 84' lang='grc' dir='ltr'>συνεκτικωτά-</span> 
     </span>
    </p>
   </div>
   <div class='ocr_carea' id='block_1_49' title="bbox 323 3237 1915 3321">
    <p class='ocr_par' dir='ltr' id='par_1_49' title="bbox 323 3237 1915 3321">
     <span class='ocr_line' id='line_1_49' title="bbox 323 3237 1915 3321; baseline 0.011 -34"><span class='ocrx_word' id='word_1_359' title='bbox 323 3252 424 3288; x_wconf 88' lang='grc' dir='ltr'><strong>του</strong></span> <span class='ocrx_word' id='word_1_360' title='bbox 454 3237 637 3305; x_wconf 83' lang='grc' dir='ltr'>λόγου,</span> <span class='ocrx_word' id='word_1_361' title='bbox 662 3240 801 3310; x_wconf 80' lang='grc' dir='ltr'>πλὴν</span> <span class='ocrx_word' id='word_1_362' title='bbox 827 3240 918 3293; x_wconf 83' lang='grc' dir='ltr'>τοῦ</span> <span class='ocrx_word' id='word_1_363' title='bbox 951 3244 1031 3305; x_wconf 90' lang='grc' dir='ltr'><strong>είς</strong></span> <span class='ocrx_word' id='word_1_364' title='bbox 1061 3244 1293 3315; x_wconf 84' lang='grc' dir='ltr'>δύναμιν</span> <span class='ocrx_word' id='word_1_365' title='bbox 1313 3247 1540 3317; x_wconf 78' lang='grc' dir='ltr'>ἥκοντος</span> <span class='ocrx_word' id='word_1_366' title='bbox 1565 3251 1665 3320; x_wconf 83' lang='grc' dir='ltr'><strong>τῆς</strong></span> <span class='ocrx_word' id='word_1_367' title='bbox 1694 3251 1752 3303; x_wconf 78' lang='grc' dir='ltr'>ὲν</span> <span class='ocrx_word' id='word_1_368' title='bbox 1782 3253 1915 3321; x_wconf 81' lang='grc' dir='ltr'>ἡμῖν</span> 
     </span>
    </p>
   </div>
   <div class='ocr_carea' id='block_1_50' title="bbox 324 3329 1915 3404">
    <p class='ocr_par' dir='ltr' id='par_1_50' title="bbox 324 3329 1915 3404">
     <span class='ocr_line' id='line_1_50' title="bbox 324 3329 1915 3404; baseline 0.009 -23"><span class='ocrx_word' id='word_1_369' title='bbox 324 3329 651 3397; x_wconf 85' lang='grc' dir='ltr'>ἀσθενείας;</span> <span class='ocrx_word' id='word_1_370' title='bbox 712 3332 778 3385; x_wconf 84' lang='grc' dir='ltr'><strong>Σὲ</strong></span> <span class='ocrx_word' id='word_1_371' title='bbox 810 3333 865 3386; x_wconf 82' lang='grc' dir='ltr'>δὲ</span> <span class='ocrx_word' id='word_1_372' title='bbox 894 3335 979 3398; x_wconf 79' lang='grc' dir='ltr'><strong>τίς</strong></span> <span class='ocrx_word' id='word_1_373' title='bbox 1008 3335 1074 3389; x_wconf 80' lang='grc' dir='ltr'>ἂν</span> <span class='ocrx_word' id='word_1_374' title='bbox 1126 3337 1221 3390; x_wconf 80' lang='grc' dir='ltr'>καὶ</span> <span class='ocrx_word' id='word_1_375' title='bbox 1252 3338 1377 3391; x_wconf 89' lang='grc' dir='ltr'>κατ’</span> <span class='ocrx_word' id='word_1_376' title='bbox 1421 3340 1579 3404; x_wconf 83' lang='grc' dir='ltr'>ἀξίαν</span> <span class='ocrx_word' id='word_1_377' title='bbox 1609 3343 1915 3397; x_wconf 79' lang='grc' dir='ltr'>ἐπαινέσειε</span> 
     </span>
    </p>
   </div>
   <div class='ocr_carea' id='block_1_51' title="bbox 324 3420 1912 3503">
    <p class='ocr_par' dir='ltr' id='par_1_51' title="bbox 324 3420 1912 3503">
     <span class='ocr_line' id='line_1_51' title="bbox 324 3420 1912 3503; baseline 0.011 -31"><span class='ocrx_word' id='word_1_378' title='bbox 324 3420 510 3487; x_wconf 75' lang='grc' dir='ltr'>λόγος,</span> <span class='ocrx_word' id='word_1_379' title='bbox 565 3422 773 3477; x_wconf 79' lang='grc' dir='ltr'>ἀνωθεν</span> <span class='ocrx_word' id='word_1_380' title='bbox 807 3425 962 3496; x_wconf 83' lang='grc' dir='ltr'><strong>παρά</strong></span> <span class='ocrx_word' id='word_1_381' title='bbox 995 3428 1203 3498; x_wconf 86' lang='grc' dir='ltr'>Κυρίου</span> <span class='ocrx_word' id='word_1_382' title='bbox 1253 3430 1485 3486; x_wconf 77' lang='grc' dir='ltr'>λαϐόντα</span> <span class='ocrx_word' id='word_1_383' title='bbox 1533 3433 1624 3485; x_wconf 81' lang='grc' dir='ltr'><strong>τὸν</strong></span> <span class='ocrx_word' id='word_1_384' title='bbox 1659 3433 1912 3503; x_wconf 74' lang='grc' dir='ltr'>ἔπαινονς</span> 
     </span>
    </p>
   </div>
   <div class='ocr_carea' id='block_1_52' title="bbox 339 3514 1911 3594">
    <p class='ocr_par' dir='ltr' id='par_1_52' title="bbox 339 3514 1911 3594">
     <span class='ocr_line' id='line_1_52' title="bbox 339 3514 1911 3594; baseline 0.009 -29"><span class='ocrx_word' id='word_1_385' title='bbox 339 3514 433 3576; x_wconf 77' lang='grc' dir='ltr'>Ὠς</span> <span class='ocrx_word' id='word_1_386' title='bbox 449 3516 577 3567; x_wconf 83' lang='grc' dir='ltr'>ὅταν</span> <span class='ocrx_word' id='word_1_387' title='bbox 600 3517 1018 3586; x_wconf 77' lang='grc' dir='ltr'>ὑποφωνοῦντος</span> <span class='ocrx_word' id='word_1_388' title='bbox 1048 3520 1212 3572; x_wconf 77' lang='grc' dir='ltr'>αὐτοῦ</span> <span class='ocrx_word' id='word_1_389' title='bbox 1239 3522 1577 3591; x_wconf 79' lang='grc' dir='ltr'>διαπρυσίως</span> <span class='ocrx_word' id='word_1_390' title='bbox 1606 3525 1911 3594; x_wconf 72' lang='grc' dir='ltr'>ἀκούωμεν,</span> 
     </span>
    </p>
   </div>
   <div class='ocr_carea' id='block_1_53' title="bbox 326 3603 1915 3684">
    <p class='ocr_par' dir='ltr' id='par_1_53' title="bbox 326 3603 1915 3684">
     <span class='ocr_line' id='line_1_53' title="bbox 326 3603 1915 3684; baseline 0.009 -31"><span class='ocrx_word' id='word_1_391' title='bbox 326 3603 407 3672; x_wconf 82' lang='grc' dir='ltr'>πῆ</span> <span class='ocrx_word' id='word_1_392' title='bbox 436 3603 538 3670; x_wconf 86' lang='grc' dir='ltr'><strong>μέν</strong></span> <span class='ocrx_word' id='word_1_393' title='bbox 564 3621 577 3635; x_wconf 72' lang='grc' dir='ltr'><strong>ο</strong></span> <span class='ocrx_word' id='word_1_394' title='bbox 610 3624 628 3654; x_wconf 76' lang='grc' dir='ltr'><strong>ι</strong></span> <span class='ocrx_word' id='word_1_395' title='bbox 671 3605 867 3674; x_wconf 83' lang='grc' dir='ltr'>Ὑμεῖς</span> <span class='ocrx_word' id='word_1_396' title='bbox 896 3610 1019 3660; x_wconf 79' lang='grc' dir='ltr'>ἐστε</span> <span class='ocrx_word' id='word_1_397' title='bbox 1049 3610 1110 3661; x_wconf 82' lang='grc' dir='ltr'><strong>τὸ</strong></span> <span class='ocrx_word' id='word_1_398' title='bbox 1136 3609 1232 3672; x_wconf 80' lang='grc' dir='ltr'><strong>ἀλς</strong></span> <span class='ocrx_word' id='word_1_399' title='bbox 1255 3611 1353 3680; x_wconf 78' lang='grc' dir='ltr'>τῆς</span> <span class='ocrx_word' id='word_1_400' title='bbox 1383 3614 1505 3681; x_wconf 81' lang='grc' dir='ltr'>γῆς.</span> <span class='ocrx_word' id='word_1_401' title='bbox 1544 3635 1561 3664; x_wconf 79' lang='grc' dir='ltr'><strong>ι</strong></span> <span class='ocrx_word' id='word_1_402' title='bbox 1588 3632 1685 3664; x_wconf 82' lang='lat' dir='ltr'><strong>—t</strong></span> <span class='ocrx_word' id='word_1_403' title='bbox 1727 3614 1915 3684; x_wconf 81' lang='grc' dir='ltr'>Ὑμεῖς</span> 
     </span>
    </p>
   </div>
   <div class='ocr_carea' id='block_1_54' title="bbox 320 3694 1915 3773">
    <p class='ocr_par' dir='ltr' id='par_1_54' title="bbox 320 3694 1915 3773">
     <span class='ocr_line' id='line_1_54' title="bbox 320 3694 1915 3773; baseline 0.009 -29"><span class='ocrx_word' id='word_1_404' title='bbox 320 3694 454 3745; x_wconf 70' lang='grc' dir='ltr'>ἐστε</span> <span class='ocrx_word' id='word_1_405' title='bbox 482 3694 542 3746; x_wconf 78' lang='grc' dir='ltr'>τὸ</span> <span class='ocrx_word' id='word_1_406' title='bbox 572 3694 687 3763; x_wconf 81' lang='grc' dir='ltr'><strong>φῶς</strong></span> <span class='ocrx_word' id='word_1_407' title='bbox 715 3696 810 3749; x_wconf 80' lang='grc' dir='ltr'>τοῦ</span> <span class='ocrx_word' id='word_1_408' title='bbox 851 3699 1078 3766; x_wconf 77' lang='grc' dir='ltr'>κόσμου.</span> <span class='ocrx_word' id='word_1_409' title='bbox 1113 3717 1133 3751; x_wconf 73' lang='grc' dir='ltr'><strong>ι</strong></span> <span class='ocrx_word' id='word_1_410' title='bbox 1167 3731 1237 3740; x_wconf 93' lang='lat'><strong>—</strong></span> <span class='ocrx_word' id='word_1_411' title='bbox 1273 3720 1291 3752; x_wconf 77' lang='grc' dir='ltr'><strong>ι</strong></span> <span class='ocrx_word' id='word_1_412' title='bbox 1344 3702 1505 3771; x_wconf 84' lang='grc' dir='ltr'>Ὑμῖν</span> <span class='ocrx_word' id='word_1_413' title='bbox 1529 3704 1915 3773; x_wconf 80' lang='grc' dir='ltr'>δέδοτσι“γνῶ-</span> 
     </span>
    </p>
   </div>
   <div class='ocr_carea' id='block_1_55' title="bbox 327 3783 1911 3866">
    <p class='ocr_par' dir='ltr' id='par_1_55' title="bbox 327 3783 1911 3866">
     <span class='ocr_line' id='line_1_55' title="bbox 327 3783 1911 3866; baseline 0.009 -31"><span class='ocrx_word' id='word_1_414' title='bbox 327 3799 423 3836; x_wconf 85' lang='grc' dir='ltr'><strong>ναι</strong></span> <span class='ocrx_word' id='word_1_415' title='bbox 465 3783 534 3837; x_wconf 71' lang='grc' dir='ltr'>τὰ</span> <span class='ocrx_word' id='word_1_416' title='bbox 589 3787 868 3857; x_wconf 77' lang='grc' dir='ltr'>μυστήρια</span> <span class='ocrx_word' id='word_1_417' title='bbox 893 3788 993 3856; x_wconf 83' lang='grc' dir='ltr'><strong>τῆς</strong></span> <span class='ocrx_word' id='word_1_418' title='bbox 1029 3789 1311 3857; x_wconf 79' lang='grc' dir='ltr'>βασιλείας</span> <span class='ocrx_word' id='word_1_419' title='bbox 1333 3792 1428 3844; x_wconf 80' lang='grc' dir='ltr'>τοῦ</span> <span class='ocrx_word' id='word_1_420' title='bbox 1456 3792 1612 3845; x_wconf 75' lang='grc' dir='ltr'>Θεοῦο</span> <span class='ocrx_word' id='word_1_421' title='bbox 1650 3813 1668 3846; x_wconf 78' lang='grc' dir='ltr'><strong>ι</strong></span> <span class='ocrx_word' id='word_1_422' title='bbox 1711 3796 1785 3866; x_wconf 86' lang='grc' dir='ltr'>πῆ</span> <span class='ocrx_word' id='word_1_423' title='bbox 1814 3796 1871 3849; x_wconf 84' lang='grc' dir='ltr'><strong>δέ</strong></span> <span class='ocrx_word' id='word_1_424' title='bbox 1897 3814 1911 3827; x_wconf 93' lang='grc'><strong>·</strong></span> 
     </span>
    </p>
   </div>
   <div class='ocr_carea' id='block_1_56' title="bbox 338 3873 1914 3951">
    <p class='ocr_par' dir='ltr' id='par_1_56' title="bbox 338 3873 1914 3951">
     <span class='ocr_line' id='line_1_56' title="bbox 338 3873 1914 3951; baseline 0.009 -28"><span class='ocrx_word' id='word_1_425' title='bbox 338 3890 358 3923; x_wconf 77' lang='grc' dir='ltr'><strong>σ</strong></span> <span class='ocrx_word' id='word_1_426' title='bbox 407 3873 592 3943; x_wconf 79' lang='grc' dir='ltr'>’Υμῶν</span> <span class='ocrx_word' id='word_1_427' title='bbox 620 3874 677 3927; x_wconf 87' lang='grc' dir='ltr'>δὲ</span> <span class='ocrx_word' id='word_1_428' title='bbox 704 3876 966 3948; x_wconf 81' lang='grc' dir='ltr'>μακάριοι</span> <span class='ocrx_word' id='word_1_429' title='bbox 995 3880 1043 3930; x_wconf 82' lang='lat' dir='ltr'><strong>el</strong></span> <span class='ocrx_word' id='word_1_430' title='bbox 1074 3879 1345 3950; x_wconf 75' lang='grc' dir='ltr'>ὀφθαλμοὶ</span> <span class='ocrx_word' id='word_1_431' title='bbox 1385 3882 1467 3935; x_wconf 82' lang='grc' dir='ltr'>ὅτι</span> <span class='ocrx_word' id='word_1_432' title='bbox 1503 3882 1781 3951; x_wconf 86' lang='grc' dir='ltr'>βλέπουσι,</span> <span class='ocrx_word' id='word_1_433' title='bbox 1820 3885 1914 3939; x_wconf 71' lang='grc' dir='ltr'><strong>κα)⁸</strong></span> 
     </span>
    </p>
   </div>
   <div class='ocr_carea' id='block_1_57' title="bbox 326 3959 1914 4043">
    <p class='ocr_par' dir='ltr' id='par_1_57' title="bbox 326 3959 1914 4043">
     <span class='ocr_line' id='line_1_57' title="bbox 326 3959 1914 4043; baseline 0.007 -25"><span class='ocrx_word' id='word_1_434' title='bbox 326 3964 402 4019; x_wconf 85' lang='grc' dir='ltr'>τὰ</span> <span class='ocrx_word' id='word_1_435' title='bbox 431 3959 545 4019; x_wconf 77' lang='grc' dir='ltr'>ὦτα</span> <span class='ocrx_word' id='word_1_436' title='bbox 573 3967 728 4037; x_wconf 82' lang='grc' dir='ltr'>ὑμῶν</span> <span class='ocrx_word' id='word_1_437' title='bbox 755 3968 837 4021; x_wconf 86' lang='grc' dir='ltr'>ὅτι</span> <span class='ocrx_word' id='word_1_438' title='bbox 858 3969 1141 4024; x_wconf 77' lang='grc' dir='ltr'>ἀκούουσι.</span> <span class='ocrx_word' id='word_1_439' title='bbox 1176 3972 1334 4040; x_wconf 82' lang='grc' dir='ltr'>Λέγω</span> <span class='ocrx_word' id='word_1_440' title='bbox 1365 3972 1472 4043; x_wconf 76' lang='grc' dir='ltr'><strong>γὰρ</strong></span> <span class='ocrx_word' id='word_1_441' title='bbox 1506 3973 1655 4043; x_wconf 79' lang='grc' dir='ltr'>ὑμῖν,</span> <span class='ocrx_word' id='word_1_442' title='bbox 1676 3975 1759 4028; x_wconf 85' lang='grc' dir='ltr'>ὅτι</span> <span class='ocrx_word' id='word_1_443' title='bbox 1782 3976 1914 4029; x_wconf 81' lang='grc' dir='ltr'>πυλ-</span> 
     </span>
    </p>
   </div>
   <div class='ocr_carea' id='block_1_58' title="bbox 320 4060 1915 4140">
    <p class='ocr_par' dir='ltr' id='par_1_58' title="bbox 320 4060 1915 4140">
     <span class='ocr_line' id='line_1_58' title="bbox 320 4060 1915 4140; baseline 0.006 -26"><span class='ocrx_word' id='word_1_444' title='bbox 320 4060 416 4115; x_wconf 78' lang='grc' dir='ltr'><strong>λοὶ</strong></span> <span class='ocrx_word' id='word_1_445' title='bbox 446 4063 723 4133; x_wconf 82' lang='grc' dir='ltr'>προφῆται</span> <span class='ocrx_word' id='word_1_446' title='bbox 751 4064 844 4117; x_wconf 82' lang='grc' dir='ltr'>καὶ</span> <span class='ocrx_word' id='word_1_447' title='bbox 883 4063 1124 4135; x_wconf 86' lang='grc' dir='ltr'>βασιλεῖς</span> <span class='ocrx_word' id='word_1_448' title='bbox 1179 4065 1537 4138; x_wconf 76' lang='grc' dir='ltr'>ἐπεθύμησαν</span> <span class='ocrx_word' id='word_1_449' title='bbox 1573 4067 1698 4121; x_wconf 76' lang='grc' dir='ltr'>ἰδεῖν</span> <span class='ocrx_word' id='word_1_450' title='bbox 1737 4070 1772 4123; x_wconf 81' lang='grc' dir='ltr'><strong>ἃ</strong></span> <span class='ocrx_word' id='word_1_451' title='bbox 1795 4070 1915 4140; x_wconf 86' lang='grc' dir='ltr'>βλέ-</span> 
     </span>
    </p>
   </div>
   <div class='ocr_carea' id='block_1_59' title="bbox 327 4152 1914 4225">
    <p class='ocr_par' dir='ltr' id='par_1_59' title="bbox 327 4152 1914 4225">
     <span class='ocr_line' id='line_1_59' title="bbox 327 4152 1914 4225; baseline 0.008 -21"><span class='ocrx_word' id='word_1_452' title='bbox 327 4169 484 4217; x_wconf 88' lang='grc' dir='ltr'>πετε,</span> <span class='ocrx_word' id='word_1_453' title='bbox 518 4155 611 4207; x_wconf 80' lang='grc' dir='ltr'>καὶ</span> <span class='ocrx_word' id='word_1_454' title='bbox 634 4155 735 4209; x_wconf 86' lang='grc' dir='ltr'><strong>οὐκ</strong></span> <span class='ocrx_word' id='word_1_455' title='bbox 762 4152 921 4220; x_wconf 75' lang='grc' dir='ltr'>εἶδον,</span> <span class='ocrx_word' id='word_1_456' title='bbox 956 4158 1048 4210; x_wconf 73' lang='grc' dir='ltr'><strong>καὶ</strong></span> <span class='ocrx_word' id='word_1_457' title='bbox 1072 4158 1305 4212; x_wconf 83' lang='grc' dir='ltr'>ἀκοῦσαι</span> <span class='ocrx_word' id='word_1_458' title='bbox 1353 4157 1388 4211; x_wconf 84' lang='grc' dir='ltr'><strong>ἃ</strong></span> <span class='ocrx_word' id='word_1_459' title='bbox 1418 4159 1666 4225; x_wconf 76' lang='grc' dir='ltr'>ἀκούετε,</span> <span class='ocrx_word' id='word_1_460' title='bbox 1700 4163 1792 4214; x_wconf 71' lang='grc' dir='ltr'><strong>καὶ</strong></span> <span class='ocrx_word' id='word_1_461' title='bbox 1815 4164 1914 4217; x_wconf 76' lang='grc' dir='ltr'><strong>οὐκ</strong></span> 
     </span>
    </p>
   </div>
   <div class='ocr_carea' id='block_1_60' title="bbox 322 4242 1914 4321">
    <p class='ocr_par' dir='ltr' id='par_1_60' title="bbox 322 4242 1914 4321">
     <span class='ocr_line' id='line_1_60' title="bbox 322 4242 1914 4321; baseline 0.006 -24"><span class='ocrx_word' id='word_1_462' title='bbox 322 4246 588 4315; x_wconf 61' lang='grc' dir='ltr'>ἤκουσαν.</span> <span class='ocrx_word' id='word_1_463' title='bbox 626 4266 645 4299; x_wconf 74' lang='grc' dir='ltr'><strong>ι</strong></span> <span class='ocrx_word' id='word_1_464' title='bbox 681 4247 817 4301; x_wconf 86' lang='grc' dir='ltr'>Τίνα</span> <span class='ocrx_word' id='word_1_465' title='bbox 860 4242 954 4301; x_wconf 79' lang='grc' dir='ltr'><strong>οὖν</strong></span> <span class='ocrx_word' id='word_1_466' title='bbox 986 4250 1151 4319; x_wconf 77' lang='grc' dir='ltr'>ἡμεῖς</span> <span class='ocrx_word' id='word_1_467' title='bbox 1180 4264 1263 4301; x_wconf 90' lang='grc' dir='ltr'><strong>σοι</strong></span> <span class='ocrx_word' id='word_1_468' title='bbox 1296 4248 1389 4302; x_wconf 74' lang='grc' dir='ltr'><strong>τὸν</strong></span> <span class='ocrx_word' id='word_1_469' title='bbox 1421 4249 1685 4318; x_wconf 83' lang='grc' dir='ltr'>στέφανον</span> <span class='ocrx_word' id='word_1_470' title='bbox 1722 4251 1914 4321; x_wconf 80' lang='grc' dir='ltr'>πλέξο-</span> 
     </span>
    </p>
   </div>
   <div class='ocr_carea' id='block_1_61' title="bbox 326 4337 1915 4415">
    <p class='ocr_par' dir='ltr' id='par_1_61' title="bbox 326 4337 1915 4415">
     <span class='ocr_line' id='line_1_61' title="bbox 326 4337 1915 4415; baseline 0.008 -28"><span class='ocrx_word' id='word_1_471' title='bbox 326 4353 463 4406; x_wconf 79' lang='grc' dir='ltr'>μενς</span> <span class='ocrx_word' id='word_1_472' title='bbox 500 4337 673 4390; x_wconf 89' lang='grc' dir='ltr'>Τίνων</span> <span class='ocrx_word' id='word_1_473' title='bbox 694 4339 750 4391; x_wconf 85' lang='grc' dir='ltr'>δὲ</span> <span class='ocrx_word' id='word_1_474' title='bbox 773 4339 950 4408; x_wconf 86' lang='grc' dir='ltr'>λόγων</span> <span class='ocrx_word' id='word_1_475' title='bbox 970 4340 1038 4394; x_wconf 80' lang='grc' dir='ltr'>τὰ</span> <span class='ocrx_word' id='word_1_476' title='bbox 1068 4339 1204 4411; x_wconf 83' lang='grc' dir='ltr'>ἄνθη</span> <span class='ocrx_word' id='word_1_477' title='bbox 1230 4340 1599 4405; x_wconf 82' lang='grc' dir='ltr'>συλλέξαντες,</span> <span class='ocrx_word' id='word_1_478' title='bbox 1634 4346 1699 4415; x_wconf 85' lang='grc' dir='ltr'>τῇ</span> <span class='ocrx_word' id='word_1_479' title='bbox 1730 4347 1915 4399; x_wconf 86' lang='grc' dir='ltr'>πανιέ-</span> 
     </span>
    </p>
   </div>
   <div class='ocr_carea' id='block_1_62' title="bbox 325 4430 1914 4503">
    <p class='ocr_par' dir='ltr' id='par_1_62' title="bbox 325 4430 1914 4503">
     <span class='ocr_line' id='line_1_62' title="bbox 325 4430 1914 4503; baseline 0.005 -23"><span class='ocrx_word' id='word_1_480' title='bbox 325 4444 411 4498; x_wconf 86' lang='grc' dir='ltr'><strong>ρῳ</strong></span> <span class='ocrx_word' id='word_1_481' title='bbox 444 4445 536 4481; x_wconf 87' lang='grc' dir='ltr'><strong>σου</strong></span> <span class='ocrx_word' id='word_1_482' title='bbox 560 4433 773 4501; x_wconf 78' lang='grc' dir='ltr'>κορυφῇ</span> <span class='ocrx_word' id='word_1_483' title='bbox 810 4430 1184 4501; x_wconf 81' lang='grc' dir='ltr'>περιθήσομεν</span> <span class='ocrx_word' id='word_1_484' title='bbox 1211 4448 1225 4495; x_wconf 86' lang='grc'>;</span> <span class='ocrx_word' id='word_1_485' title='bbox 1267 4431 1362 4494; x_wconf 78' lang='grc' dir='ltr'><strong>Τίς</strong></span> <span class='ocrx_word' id='word_1_486' title='bbox 1389 4430 1563 4497; x_wconf 78' lang='grc' dir='ltr'>οὕτως</span> <span class='ocrx_word' id='word_1_487' title='bbox 1594 4433 1816 4503; x_wconf 74' lang='grc' dir='ltr'>ἠλίθιος,</span> <span class='ocrx_word' id='word_1_488' title='bbox 1840 4436 1914 4500; x_wconf 85' lang='grc' dir='ltr'>ὡς</span> 
     </span>
    </p>
   </div>
   <div class='ocr_carea' id='block_1_63' title="bbox 321 4518 1991 4615">
    <p class='ocr_par' dir='ltr' id='par_1_63' title="bbox 321 4518 1991 4615">
     <span class='ocr_line' id='line_1_63' title="bbox 321 4518 1991 4615; baseline 0.006 -43"><span class='ocrx_word' id='word_1_489' title='bbox 321 4522 455 4583; x_wconf 79' lang='grc' dir='ltr'>τοὺς</span> <span class='ocrx_word' id='word_1_490' title='bbox 471 4518 675 4574; x_wconf 76' lang='grc' dir='ltr'>’ἑαυτοῦ</span> <span class='ocrx_word' id='word_1_491' title='bbox 701 4523 809 4574; x_wconf 77' lang='grc' dir='ltr'><strong>τῶν</strong></span> <span class='ocrx_word' id='word_1_492' title='bbox 838 4523 1173 4577; x_wconf 80' lang='grc' dir='ltr'>δεσποτικῶν</span> <span class='ocrx_word' id='word_1_493' title='bbox 1195 4522 1592 4592; x_wconf 73' lang='grc' dir='ltr'>ἀντεπεξάγειν</span> <span class='ocrx_word' id='word_1_494' title='bbox 1619 4528 1914 4595; x_wconf 79' lang='grc' dir='ltr'>πειρᾶσθαι</span> <span class='ocrx_word' id='word_1_495' title='bbox 1949 4561 1991 4615; x_wconf 78' lang='lat' dir='ltr'><strong>D</strong></span> 
     </span>
    </p>
   </div>
   <div class='ocr_carea' id='block_1_64' title="bbox 320 4607 1913 4696">
    <p class='ocr_par' dir='ltr' id='par_1_64' title="bbox 320 4607 1913 4696">
     <span class='ocr_line' id='line_1_64' title="bbox 320 4607 1913 4696; baseline 0.005 -31"><span class='ocrx_word' id='word_1_496' title='bbox 320 4612 553 4679; x_wconf 54' lang='grc' dir='ltr'>λόγους</span> <span class='ocrx_word' id='word_1_497' title='bbox 592 4607 666 4666; x_wconf 83' lang='grc' dir='ltr'>ὧν</span> <span class='ocrx_word' id='word_1_498' title='bbox 716 4613 812 4667; x_wconf 75' lang='grc' dir='ltr'>καὶ</span> <span class='ocrx_word' id='word_1_499' title='bbox 848 4614 948 4684; x_wconf 87' lang='grc' dir='ltr'><strong>μία</strong></span> <span class='ocrx_word' id='word_1_500' title='bbox 987 4615 1153 4696; x_wconf 65' lang='grc' dir='ltr'>μόνον</span> <span class='ocrx_word' id='word_1_501' title='bbox 1191 4616 1416 4687; x_wconf 75' lang='grc' dir='ltr'>ἀρκέσει</span> <span class='ocrx_word' id='word_1_502' title='bbox 1448 4617 1623 4688; x_wconf 72' lang='grc' dir='ltr'>φωνὴ,</span> <span class='ocrx_word' id='word_1_503' title='bbox 1662 4619 1913 4690; x_wconf 74' lang='grc' dir='ltr'>συμπλησ</span> 
     </span>
    </p>
   </div>
   <div class='ocr_carea' id='block_1_65' title="bbox 327 4703 1913 4780">
    <p class='ocr_par' dir='ltr' id='par_1_65' title="bbox 327 4703 1913 4780">
     <span class='ocr_line' id='line_1_65' title="bbox 327 4703 1913 4780; baseline 0.005 -24"><span class='ocrx_word' id='word_1_504' title='bbox 327 4703 507 4773; x_wconf 86' lang='grc' dir='ltr'>ρῶσαί</span> <span class='ocrx_word' id='word_1_505' title='bbox 537 4721 629 4757; x_wconf 90' lang='grc' dir='ltr'><strong>σου</strong></span> <span class='ocrx_word' id='word_1_506' title='bbox 653 4705 773 4757; x_wconf 85' lang='grc' dir='ltr'>κατ’</span> <span class='ocrx_word' id='word_1_507' title='bbox 792 4706 950 4772; x_wconf 85' lang='grc' dir='ltr'>ἀξίαν</span> <span class='ocrx_word' id='word_1_508' title='bbox 973 4705 1064 4759; x_wconf 83' lang='grc' dir='ltr'><strong>τὸν</strong></span> <span class='ocrx_word' id='word_1_509' title='bbox 1084 4705 1329 4762; x_wconf 75' lang='grc' dir='ltr'>ἔπαινον.</span> <span class='ocrx_word' id='word_1_510' title='bbox 1348 4707 1445 4771; x_wconf 83' lang='grc' dir='ltr'>Τίς</span> <span class='ocrx_word' id='word_1_511' title='bbox 1466 4707 1603 4780; x_wconf 76' lang='grc' dir='ltr'>αὕτη</span> <span class='ocrx_word' id='word_1_512' title='bbox 1637 4712 1731 4763; x_wconf 71' lang='grc' dir='ltr'><strong>καὶ</strong></span> <span class='ocrx_word' id='word_1_513' title='bbox 1754 4713 1913 4777; x_wconf 72' lang='lat' dir='ltr'><strong>mia;</strong></span> 
     </span>
    </p>
   </div>
   <div class='ocr_carea' id='block_1_66' title="bbox 320 4793 1912 4866">
    <p class='ocr_par' dir='ltr' id='par_1_66' title="bbox 320 4793 1912 4866">
     <span class='ocr_line' id='line_1_66' title="bbox 320 4793 1912 4866; baseline 0.005 -20"><span class='ocrx_word' id='word_1_514' title='bbox 320 4795 361 4862; x_wconf 85' lang='grc' dir='ltr'><strong>ή</strong></span> <span class='ocrx_word' id='word_1_515' title='bbox 396 4793 577 4864; x_wconf 82' lang='grc' dir='ltr'>μικρῷ</span> <span class='ocrx_word' id='word_1_516' title='bbox 606 4794 843 4865; x_wconf 88' lang='grc' dir='ltr'>πρόσθεν</span> <span class='ocrx_word' id='word_1_517' title='bbox 884 4795 1029 4865; x_wconf 81' lang='grc' dir='ltr'>ὑμᾶς</span> <span class='ocrx_word' id='word_1_518' title='bbox 1064 4795 1181 4864; x_wconf 84' lang='grc' dir='ltr'>φῶς</span> <span class='ocrx_word' id='word_1_519' title='bbox 1228 4795 1323 4850; x_wconf 81' lang='grc' dir='ltr'>τοῦ</span> <span class='ocrx_word' id='word_1_520' title='bbox 1351 4797 1560 4866; x_wconf 89' lang='grc' dir='ltr'>κόσμου</span> <span class='ocrx_word' id='word_1_521' title='bbox 1611 4798 1912 4864; x_wconf 83' lang='grc' dir='ltr'>καλέσασα,</span> 
     </span>
    </p>
   </div>
   <div class='ocr_carea' id='block_1_67' title="bbox 323 4886 1917 4961">
    <p class='ocr_par' dir='ltr' id='par_1_67' title="bbox 323 4886 1917 4961">
     <span class='ocr_line' id='line_1_67' title="bbox 323 4886 1917 4961; baseline 0.004 -22"><span class='ocrx_word' id='word_1_522' title='bbox 323 4886 407 4948; x_wconf 85' lang='grc' dir='ltr'>ὡς</span> <span class='ocrx_word' id='word_1_523' title='bbox 436 4887 513 4956; x_wconf 83' lang='grc' dir='ltr'>τῷ</span> <span class='ocrx_word' id='word_1_524' title='bbox 545 4886 748 4957; x_wconf 82' lang='grc' dir='ltr'>πρώτῳ</span> <span class='ocrx_word' id='word_1_525' title='bbox 783 4887 1228 4957; x_wconf 86' lang='grc' dir='ltr'>μαθητευθέντας</span> <span class='ocrx_word' id='word_1_526' title='bbox 1255 4888 1416 4956; x_wconf 87' lang='grc' dir='ltr'>φωτί.</span> <span class='ocrx_word' id='word_1_527' title='bbox 1452 4888 1611 4943; x_wconf 79' lang='grc' dir='ltr'>Οὕτω</span> <span class='ocrx_word' id='word_1_528' title='bbox 1640 4891 1749 4961; x_wconf 86' lang='grc' dir='ltr'><strong>γάρ</strong></span> <span class='ocrx_word' id='word_1_529' title='bbox 1785 4893 1917 4946; x_wconf 83' lang='grc' dir='ltr'>ὑπο-</span> 
     </span>
    </p>
   </div>
   <div class='ocr_carea' id='block_1_68' title="bbox 323 4980 1912 5053">
    <p class='ocr_par' dir='ltr' id='par_1_68' title="bbox 323 4980 1912 5053">
     <span class='ocr_line' id='line_1_68' title="bbox 323 4980 1912 5053; baseline 0.003 -20"><span class='ocrx_word' id='word_1_530' title='bbox 323 4982 567 5053; x_wconf 82' lang='grc' dir='ltr'>ληπτέον</span> <span class='ocrx_word' id='word_1_531' title='bbox 586 4981 712 5044; x_wconf 76' lang='grc' dir='ltr'>τους</span> <span class='ocrx_word' id='word_1_532' title='bbox 737 4981 816 5049; x_wconf 82' lang='grc' dir='ltr'>τῷ</span> <span class='ocrx_word' id='word_1_533' title='bbox 841 4980 1178 5050; x_wconf 85' lang='grc' dir='ltr'>Εὐαγγελίῳ,</span> <span class='ocrx_word' id='word_1_534' title='bbox 1208 4980 1370 5050; x_wconf 90' lang='grc' dir='ltr'>δίκην</span> <span class='ocrx_word' id='word_1_535' title='bbox 1390 4980 1619 5052; x_wconf 82' lang='grc' dir='ltr'>ἡλιακοῦ</span> <span class='ocrx_word' id='word_1_536' title='bbox 1646 4981 1912 5053; x_wconf 73' lang='grc' dir='ltr'>ἅρματος,</span> 
     </span>
    </p>
   </div>
   <div class='ocr_carea' id='block_1_69' title="bbox 324 5071 1917 5144">
    <p class='ocr_par' dir='ltr' id='par_1_69' title="bbox 324 5071 1917 5144">
     <span class='ocr_line' id='line_1_69' title="bbox 324 5071 1917 5144; baseline -0.001 -17"><span class='ocrx_word' id='word_1_537' title='bbox 324 5073 437 5127; x_wconf 70' lang='grc' dir='ltr'><strong>ἀνὰ</strong></span> <span class='ocrx_word' id='word_1_538' title='bbox 462 5073 559 5144; x_wconf 85' lang='grc' dir='ltr'><strong>τὴν</strong></span> <span class='ocrx_word' id='word_1_539' title='bbox 589 5072 769 5127; x_wconf 81' lang='grc' dir='ltr'>κτίσιν</span> <span class='ocrx_word' id='word_1_540' title='bbox 790 5073 1312 5143; x_wconf 79' lang='grc' dir='ltr'>περινοστήσαντας.</span> <span class='ocrx_word' id='word_1_541' title='bbox 1350 5072 1539 5143; x_wconf 84' lang='grc' dir='ltr'>Ὑμεῖς</span> <span class='ocrx_word' id='word_1_542' title='bbox 1569 5073 1692 5125; x_wconf 83' lang='grc' dir='ltr'>ὲστε</span> <span class='ocrx_word' id='word_1_543' title='bbox 1728 5071 1790 5125; x_wconf 85' lang='grc' dir='ltr'>τὺ</span> <span class='ocrx_word' id='word_1_544' title='bbox 1819 5072 1917 5137; x_wconf 79' lang='grc' dir='ltr'>ἃλς</span> 
     </span>
    </p>
   </div>
   <div class='ocr_carea' id='block_1_70' title="bbox 323 5157 1917 5235">
    <p class='ocr_par' dir='ltr' id='par_1_70' title="bbox 323 5157 1917 5235">
     <span class='ocr_line' id='line_1_70' title="bbox 323 5157 1917 5235; baseline 0 -17"><span class='ocrx_word' id='word_1_545' title='bbox 323 5166 432 5234; x_wconf 82' lang='grc' dir='ltr'>τῆς</span> <span class='ocrx_word' id='word_1_546' title='bbox 473 5165 825 5235; x_wconf 85' lang='grc' dir='ltr'>Ἐκκλησίας,</span> <span class='ocrx_word' id='word_1_547' title='bbox 882 5165 949 5217; x_wconf 91' lang='grc' dir='ltr'>δι’</span> <span class='ocrx_word' id='word_1_548' title='bbox 990 5157 1052 5217; x_wconf 81' lang='grc' dir='ltr'>οὗ</span> <span class='ocrx_word' id='word_1_549' title='bbox 1107 5163 1175 5217; x_wconf 90' lang='grc' dir='ltr'><strong>τά</strong></span> <span class='ocrx_word' id='word_1_550' title='bbox 1226 5164 1400 5235; x_wconf 88' lang='grc' dir='ltr'>πικρά</span> <span class='ocrx_word' id='word_1_551' title='bbox 1429 5164 1520 5217; x_wconf 74' lang='grc' dir='ltr'>καὶ</span> <span class='ocrx_word' id='word_1_552' title='bbox 1548 5162 1769 5234; x_wconf 83' lang='grc' dir='ltr'>ἀλμυρά</span> <span class='ocrx_word' id='word_1_553' title='bbox 1815 5165 1917 5235; x_wconf 80' lang='grc' dir='ltr'>τῆς</span> 
     </span>
    </p>
   </div>
   <div class='ocr_carea' id='block_1_71' title="bbox 325 5254 1920 5328">
    <p class='ocr_par' dir='ltr' id='par_1_71' title="bbox 325 5254 1920 5328">
     <span class='ocr_line' id='line_1_71' title="bbox 325 5254 1920 5328; baseline 0 -19"><span class='ocrx_word' id='word_1_554' title='bbox 325 5257 594 5319; x_wconf 83' lang='grc' dir='ltr'>ἀπιστίας</span> <span class='ocrx_word' id='word_1_555' title='bbox 649 5256 1170 5327; x_wconf 86' lang='grc' dir='ltr'>κατεγλυκάνθησαν</span> <span class='ocrx_word' id='word_1_556' title='bbox 1230 5254 1532 5324; x_wconf 75' lang='grc' dir='ltr'>ὕδατα·τῷ</span> <span class='ocrx_word' id='word_1_557' title='bbox 1578 5256 1789 5328; x_wconf 84' lang='grc' dir='ltr'>γονίμῳ</span> <span class='ocrx_word' id='word_1_558' title='bbox 1821 5257 1920 5328; x_wconf 77' lang='grc' dir='ltr'><strong>τὴν</strong></span> 
     </span>
    </p>
   </div>
   <div class='ocr_carea' id='block_1_72' title="bbox 327 5346 1914 5421">
    <p class='ocr_par' dir='ltr' id='par_1_72' title="bbox 327 5346 1914 5421">
     <span class='ocr_line' id='line_1_72' title="bbox 327 5346 1914 5421; baseline 0.001 -19"><span class='ocrx_word' id='word_1_559' title='bbox 327 5349 612 5411; x_wconf 70' lang='grc' dir='ltr'>ἀτεκνίαν,</span> <span class='ocrx_word' id='word_1_560' title='bbox 634 5346 824 5418; x_wconf 77' lang='grc' dir='ltr'>καὶτῷ</span> <span class='ocrx_word' id='word_1_561' title='bbox 849 5348 1066 5418; x_wconf 87' lang='grc' dir='ltr'>ποτίμῳ</span> <span class='ocrx_word' id='word_1_562' title='bbox 1097 5347 1156 5400; x_wconf 84' lang='grc' dir='ltr'>τὸ</span> <span class='ocrx_word' id='word_1_563' title='bbox 1176 5349 1447 5417; x_wconf 85' lang='grc' dir='ltr'>ἀπότιμον</span> <span class='ocrx_word' id='word_1_564' title='bbox 1468 5348 1914 5421; x_wconf 81' lang='grc' dir='ltr'>διακρούσαντες.</span> 
     </span>
    </p>
   </div>
   <div class='ocr_carea' id='block_1_73' title="bbox 339 5424 1918 5512">
    <p class='ocr_par' dir='ltr' id='par_1_73' title="bbox 339 5424 1918 5512">
     <span class='ocr_line' id='line_1_73' title="bbox 339 5424 1918 5512; baseline -0.001 -17"><span class='ocrx_word' id='word_1_565' title='bbox 339 5441 533 5510; x_wconf 85' lang='grc' dir='ltr'>Ὑμεῖς</span> <span class='ocrx_word' id='word_1_566' title='bbox 551 5442 673 5493; x_wconf 83' lang='grc' dir='ltr'>ὲστε</span> <span class='ocrx_word' id='word_1_567' title='bbox 698 5443 730 5511; x_wconf 81' lang='grc' dir='ltr'>ή</span> <span class='ocrx_word' id='word_1_568' title='bbox 754 5442 840 5493; x_wconf 76' lang='grc' dir='ltr'>ἐπ’</span> <span class='ocrx_word' id='word_1_569' title='bbox 863 5441 1028 5511; x_wconf 78' lang='grc' dir='ltr'>ὅρους</span> <span class='ocrx_word' id='word_1_570' title='bbox 1051 5441 1284 5512; x_wconf 84' lang='grc' dir='ltr'>κειμένη</span> <span class='ocrx_word' id='word_1_571' title='bbox 1305 5440 1416 5494; x_wconf 84' lang='grc' dir='ltr'><strong>τῶν</strong></span> <span class='ocrx_word' id='word_1_572' title='bbox 1444 5424 1918 5512; x_wconf 79' lang='grc' dir='ltr'>ἐκκλησιαστικῶν</span> 
     </span>
    </p>
   </div>
   <div class='ocr_carea' id='block_1_74' title="bbox 423 5574 2002 5643">
    <p class='ocr_par' dir='ltr' id='par_1_74' title="bbox 423 5574 2002 5643">
     <span class='ocr_line' id='line_1_74' title="bbox 423 5574 2002 5643; baseline 0.001 -13"><span class='ocrx_word' id='word_1_573' title='bbox 423 5574 511 5630; x_wconf 71' lang='lat' dir='ltr'><strong>1‘ll</strong></span> <span class='ocrx_word' id='word_1_574' title='bbox 542 5575 672 5631; x_wconf 87' lang='lat' dir='ltr'><strong>Cor.</strong></span> <span class='ocrx_word' id='word_1_575' title='bbox 709 5591 809 5639; x_wconf 80' lang='lat' dir='ltr'><strong>xu,</strong></span> <span class='ocrx_word' id='word_1_576' title='bbox 864 5575 952 5630; x_wconf 79' lang='lat' dir='ltr'><strong>l6.</strong></span> <span class='ocrx_word' id='word_1_577' title='bbox 1031 5586 1056 5616; x_wconf 77' lang='grc' dir='ltr'>ι</span> <span class='ocrx_word' id='word_1_578' title='bbox 1093 5577 1227 5631; x_wconf 85' lang='lat' dir='ltr'><strong>ibid.</strong></span> <span class='ocrx_word' id='word_1_579' title='bbox 1268 5577 1333 5629; x_wconf 81' lang='grc'><strong>16</strong></span> <span class='ocrx_word' id='word_1_580' title='bbox 1370 5576 1452 5631; x_wconf 77' lang='grc'><strong>18.</strong></span> <span class='ocrx_word' id='word_1_581' title='bbox 1535 5577 1562 5616; x_wconf 75' lang='grc' dir='ltr'>ιι</span> <span class='ocrx_word' id='word_1_582' title='bbox 1596 5576 1788 5631; x_wconf 79' lang='lat' dir='ltr'><strong>Matth.</strong></span> <span class='ocrx_word' id='word_1_583' title='bbox 1825 5594 1879 5643; x_wconf 87' lang='lat' dir='ltr'><strong>v,</strong></span> <span class='ocrx_word' id='word_1_584' title='bbox 1916 5579 2002 5632; x_wconf 80' lang='lat' dir='ltr'><strong>l3.</strong></span> 
     </span>
    </p>
   </div>
   <div class='ocr_carea' id='block_1_75' title="bbox 2016 1952 3596 2036">
    <p class='ocr_par' dir='ltr' id='par_1_75' title="bbox 2016 1952 3596 2036">
     <span class='ocr_line' id='line_1_75' title="bbox 2016 1952 3596 2036; baseline 0.002 -17"><span class='ocrx_word' id='word_1_585' title='bbox 2016 1965 2124 2030; x_wconf 88' lang='lat' dir='ltr'><strong>lus,</strong></span> <span class='ocrx_word' id='word_1_586' title='bbox 2149 1966 2269 2036; x_wconf 88' lang='lat' dir='ltr'><strong>ejus</strong></span> <span class='ocrx_word' id='word_1_587' title='bbox 2303 1962 2562 2021; x_wconf 83' lang='lat' dir='ltr'><strong>accurate</strong></span> <span class='ocrx_word' id='word_1_588' title='bbox 2596 1964 2969 2020; x_wconf 87' lang='lat' dir='ltr'><strong>laudationem</strong></span> <span class='ocrx_word' id='word_1_589' title='bbox 2994 1952 3279 2035; x_wconf 78' lang='lat' dir='ltr'><strong>occupans</strong></span> <span class='ocrx_word' id='word_1_590' title='bbox 3300 1975 3596 2022; x_wconf 73' lang='lat' dir='ltr'><strong>exsecutus</strong></span> 
     </span>
    </p>
   </div>
   <div class='ocr_carea' id='block_1_76' title="bbox 2016 2057 3597 2126">
    <p class='ocr_par' dir='ltr' id='par_1_76' title="bbox 2016 2057 3597 2126">
     <span class='ocr_line' id='line_1_76' title="bbox 2016 2057 3597 2126; baseline 0.001 -15"><span class='ocrx_word' id='word_1_591' title='bbox 2016 2064 2132 2123; x_wconf 90' lang='lat' dir='ltr'><strong>est;</strong></span> <span class='ocrx_word' id='word_1_592' title='bbox 2176 2059 2294 2113; x_wconf 87' lang='lat' dir='ltr'><strong>suis</strong></span> <span class='ocrx_word' id='word_1_593' title='bbox 2328 2057 2499 2126; x_wconf 88' lang='lat' dir='ltr'><strong>ipsius</strong></span> <span class='ocrx_word' id='word_1_594' title='bbox 2541 2072 2631 2114; x_wconf 85' lang='lat' dir='ltr'><strong>res</strong></span> <span class='ocrx_word' id='word_1_595' title='bbox 2678 2057 2829 2111; x_wconf 88' lang='lat' dir='ltr'><strong>illius</strong></span> <span class='ocrx_word' id='word_1_596' title='bbox 2878 2071 3234 2125; x_wconf 83' lang='lat' dir='ltr'><strong>comparans,</strong></span> <span class='ocrx_word' id='word_1_597' title='bbox 3273 2073 3338 2112; x_wconf 91' lang='lat' dir='ltr'><strong>ac</strong></span> <span class='ocrx_word' id='word_1_598' title='bbox 3385 2073 3489 2113; x_wconf 90' lang='lat' dir='ltr'><strong>ceu</strong></span> <span class='ocrx_word' id='word_1_599' title='bbox 3539 2058 3597 2113; x_wconf 89' lang='lat' dir='ltr'><strong>in</strong></span> 
     </span>
    </p>
   </div>
   <div class='ocr_carea' id='block_1_77' title="bbox 2017 2148 3595 2220">
    <p class='ocr_par' dir='ltr' id='par_1_77' title="bbox 2017 2148 3595 2220">
     <span class='ocr_line' id='line_1_77' title="bbox 2017 2148 3595 2220; baseline 0.002 -19"><span class='ocrx_word' id='word_1_600' title='bbox 2017 2148 2252 2220; x_wconf 81' lang='lat' dir='ltr'><strong>imagine</strong></span> <span class='ocrx_word' id='word_1_601' title='bbox 2310 2151 2518 2220; x_wconf 90' lang='lat' dir='ltr'><strong>optime</strong></span> <span class='ocrx_word' id='word_1_602' title='bbox 2579 2159 3022 2220; x_wconf 78' lang='lat' dir='ltr'><strong>repraesentans,</strong></span> <span class='ocrx_word' id='word_1_603' title='bbox 3074 2151 3293 2220; x_wconf 83' lang='lat' dir='ltr'><strong>egregio</strong></span> <span class='ocrx_word' id='word_1_604' title='bbox 3344 2151 3595 2206; x_wconf 82' lang='lat' dir='ltr'><strong>colorum</strong></span> 
     </span>
    </p>
   </div>
   <div class='ocr_carea' id='block_1_78' title="bbox 2018 2239 2461 2313">
    <p class='ocr_par' dir='ltr' id='par_1_78' title="bbox 2018 2239 2461 2313">
     <span class='ocr_line' id='line_1_78' title="bbox 2018 2239 2461 2313; baseline 0.007 -20"><span class='ocrx_word' id='word_1_605' title='bbox 2018 2239 2151 2296; x_wconf 89' lang='lat' dir='ltr'><strong>llore</strong></span> <span class='ocrx_word' id='word_1_606' title='bbox 2190 2242 2461 2313; x_wconf 70' lang='lat' dir='ltr'><strong>depinxit.</strong></span> 
     </span>
    </p>
   </div>
   <div class='ocr_carea' id='block_1_79' title="bbox 2091 2330 3598 2405">
    <p class='ocr_par' dir='ltr' id='par_1_79' title="bbox 2091 2330 3598 2405">
     <span class='ocr_line' id='line_1_79' title="bbox 2091 2330 3598 2405; baseline 0 -17"><span class='ocrx_word' id='word_1_607' title='bbox 2091 2332 2223 2398; x_wconf 87' lang='lat' dir='ltr'><strong>Sed,</strong></span> <span class='ocrx_word' id='word_1_608' title='bbox 2273 2349 2308 2387; x_wconf 92' lang='grc' dir='ltr'><strong>ο</strong></span> <span class='ocrx_word' id='word_1_609' title='bbox 2362 2334 2519 2389; x_wconf 88' lang='lat' dir='ltr'><strong>beate</strong></span> <span class='ocrx_word' id='word_1_610' title='bbox 2568 2330 2765 2389; x_wconf 85' lang='lat' dir='ltr'><strong>Pater!</strong></span> <span class='ocrx_word' id='word_1_611' title='bbox 2811 2348 3010 2405; x_wconf 86' lang='lat' dir='ltr'><strong>magna</strong></span> <span class='ocrx_word' id='word_1_612' title='bbox 3034 2333 3211 2389; x_wconf 65' lang='lat' dir='ltr'><strong>Cretae</strong></span> <span class='ocrx_word' id='word_1_613' title='bbox 3238 2333 3500 2405; x_wconf 70' lang='lat' dir='ltr'><strong>gloriatio</strong></span> <span class='ocrx_word' id='word_1_614' title='bbox 3529 2346 3598 2388; x_wconf 86' lang='lat' dir='ltr'><strong>ac</strong></span> 
     </span>
    </p>
   </div>
   <div class='ocr_carea' id='block_1_80' title="bbox 2016 2406 3600 2495">
    <p class='ocr_par' dir='ltr' id='par_1_80' title="bbox 2016 2406 3600 2495">
     <span class='ocr_line' id='line_1_80' title="bbox 2016 2406 3600 2495; baseline -0.001 -16"><span class='ocrx_word' id='word_1_615' title='bbox 2016 2431 2432 2487; x_wconf 88' lang='lat' dir='ltr'><strong>ornamentum,</strong></span> <span class='ocrx_word' id='word_1_616' title='bbox 2468 2406 2703 2494; x_wconf 81' lang='lat' dir='ltr'><strong>verique</strong></span> <span class='ocrx_word' id='word_1_617' title='bbox 2738 2424 3088 2480; x_wconf 85' lang='lat' dir='ltr'><strong>tabernaculi</strong></span> <span class='ocrx_word' id='word_1_618' title='bbox 3121 2439 3184 2480; x_wconf 89' lang='lat' dir='ltr'><strong>ac</strong></span> <span class='ocrx_word' id='word_1_619' title='bbox 3218 2425 3446 2495; x_wconf 89' lang='lat' dir='ltr'><strong>superni</strong></span> <span class='ocrx_word' id='word_1_620' title='bbox 3475 2424 3600 2479; x_wconf 87' lang='lat' dir='ltr'><strong>cul-</strong></span> 
     </span>
    </p>
   </div>
   <div class='ocr_carea' id='block_1_81' title="bbox 2018 2512 3599 2583">
    <p class='ocr_par' dir='ltr' id='par_1_81' title="bbox 2018 2512 3599 2583">
     <span class='ocr_line' id='line_1_81' title="bbox 2018 2512 3599 2583; baseline -0.001 -16"><span class='ocrx_word' id='word_1_621' title='bbox 2018 2522 2132 2580; x_wconf 91' lang='lat' dir='ltr'><strong>tus,</strong></span> <span class='ocrx_word' id='word_1_622' title='bbox 2161 2512 2592 2583; x_wconf 87' lang='lat' dir='ltr'><strong>divinorumque</strong></span> <span class='ocrx_word' id='word_1_623' title='bbox 2626 2514 2930 2581; x_wconf 89' lang='lat' dir='ltr'><strong>interpres,</strong></span> <span class='ocrx_word' id='word_1_624' title='bbox 2975 2514 3198 2582; x_wconf 89' lang='lat' dir='ltr'><strong>suscipe</strong></span> <span class='ocrx_word' id='word_1_625' title='bbox 3235 2527 3264 2566; x_wconf 92' lang='lat' dir='ltr'><strong>a</strong></span> <span class='ocrx_word' id='word_1_626' title='bbox 3298 2513 3464 2567; x_wconf 88' lang='lat' dir='ltr'><strong>nobis</strong></span> <span class='ocrx_word' id='word_1_627' title='bbox 3494 2526 3599 2566; x_wconf 87' lang='lat' dir='ltr'><strong>ceu</strong></span> 
     </span>
    </p>
   </div>
   <div class='ocr_carea' id='block_1_82' title="bbox 2020 2603 3601 2673">
    <p class='ocr_par' dir='ltr' id='par_1_82' title="bbox 2020 2603 3601 2673">
     <span class='ocr_line' id='line_1_82' title="bbox 2020 2603 3601 2673; baseline -0.002 -14"><span class='ocrx_word' id='word_1_628' title='bbox 2020 2603 2345 2659; x_wconf 90' lang='lat' dir='ltr'><strong>Sirenarum</strong></span> <span class='ocrx_word' id='word_1_629' title='bbox 2382 2605 2579 2671; x_wconf 89' lang='lat' dir='ltr'><strong>melos,</strong></span> <span class='ocrx_word' id='word_1_630' title='bbox 2617 2603 2955 2658; x_wconf 82' lang='lat' dir='ltr'><strong>laudationis</strong></span> <span class='ocrx_word' id='word_1_631' title='bbox 2998 2618 3312 2659; x_wconf 90' lang='lat' dir='ltr'><strong>sermonem</strong></span> <span class='ocrx_word' id='word_1_632' title='bbox 3342 2621 3358 2658; x_wconf 86' lang='lat'><strong>:</strong></span> <span class='ocrx_word' id='word_1_633' title='bbox 3391 2605 3601 2673; x_wconf 91' lang='lat' dir='ltr'><strong>quique</strong></span> 
     </span>
    </p>
   </div>
   <div class='ocr_carea' id='block_1_83' title="bbox 2018 2697 3601 2762">
    <p class='ocr_par' dir='ltr' id='par_1_83' title="bbox 2018 2697 3601 2762">
     <span class='ocr_line' id='line_1_83' title="bbox 2018 2697 3601 2762; baseline -0.003 -9"><span class='ocrx_word' id='word_1_634' title='bbox 2018 2698 2097 2754; x_wconf 88' lang='lat' dir='ltr'><strong>sis</strong></span> <span class='ocrx_word' id='word_1_635' title='bbox 2131 2697 2372 2753; x_wconf 83' lang='lat' dir='ltr'><strong>ﬁliorum</strong></span> <span class='ocrx_word' id='word_1_636' title='bbox 2401 2711 2616 2762; x_wconf 84' lang='lat' dir='ltr'><strong>amans,</strong></span> <span class='ocrx_word' id='word_1_637' title='bbox 2654 2698 2862 2752; x_wconf 88' lang='lat' dir='ltr'><strong>volenti</strong></span> <span class='ocrx_word' id='word_1_638' title='bbox 2890 2697 3189 2761; x_wconf 84' lang='lat' dir='ltr'><strong>balbutire,</strong></span> <span class='ocrx_word' id='word_1_639' title='bbox 3224 2712 3416 2751; x_wconf 90' lang='lat' dir='ltr'><strong>aurem</strong></span> <span class='ocrx_word' id='word_1_640' title='bbox 3449 2704 3601 2750; x_wconf 89' lang='lat' dir='ltr'><strong>tuam</strong></span> 
     </span>
    </p>
   </div>
   <div class='ocr_carea' id='block_1_84' title="bbox 2018 2788 3599 2844">
    <p class='ocr_par' dir='ltr' id='par_1_84' title="bbox 2018 2788 3599 2844">
     <span class='ocr_line' id='line_1_84' title="bbox 2018 2788 3599 2844; baseline -0.001 -1"><span class='ocrx_word' id='word_1_641' title='bbox 2018 2788 2157 2843; x_wconf 88' lang='lat' dir='ltr'><strong>meis</strong></span> <span class='ocrx_word' id='word_1_642' title='bbox 2205 2789 2386 2843; x_wconf 87' lang='lat' dir='ltr'><strong>libens</strong></span> <span class='ocrx_word' id='word_1_643' title='bbox 2427 2788 2785 2843; x_wconf 90' lang='lat' dir='ltr'><strong>sermonibus</strong></span> <span class='ocrx_word' id='word_1_644' title='bbox 2825 2789 3050 2844; x_wconf 88' lang='lat' dir='ltr'><strong>adhibe.</strong></span> <span class='ocrx_word' id='word_1_645' title='bbox 3094 2789 3287 2844; x_wconf 91' lang='lat' dir='ltr'><strong>Solent</strong></span> <span class='ocrx_word' id='word_1_646' title='bbox 3317 2790 3464 2843; x_wconf 90' lang='lat' dir='ltr'><strong>enim</strong></span> <span class='ocrx_word' id='word_1_647' title='bbox 3493 2788 3599 2842; x_wconf 87' lang='lat' dir='ltr'><strong>Pa-</strong></span> 
     </span>
    </p>
   </div>
   <div class='ocr_carea' id='block_1_85' title="bbox 2018 2880 3602 2949">
    <p class='ocr_par' dir='ltr' id='par_1_85' title="bbox 2018 2880 3602 2949">
     <span class='ocr_line' id='line_1_85' title="bbox 2018 2880 3602 2949; baseline 0.003 -17"><span class='ocrx_word' id='word_1_648' title='bbox 2018 2887 2133 2935; x_wconf 90' lang='lat' dir='ltr'><strong>tres</strong></span> <span class='ocrx_word' id='word_1_649' title='bbox 2165 2888 2318 2949; x_wconf 87' lang='lat' dir='ltr'><strong>grata</strong></span> <span class='ocrx_word' id='word_1_650' title='bbox 2350 2880 2556 2935; x_wconf 89' lang='lat' dir='ltr'><strong>habere</strong></span> <span class='ocrx_word' id='word_1_651' title='bbox 2601 2880 2840 2934; x_wconf 78' lang='lat' dir='ltr'><strong>ﬁliorum</strong></span> <span class='ocrx_word' id='word_1_652' title='bbox 2881 2880 3311 2945; x_wconf 87' lang='lat' dir='ltr'><strong>balbutimenta,</strong></span> <span class='ocrx_word' id='word_1_653' title='bbox 3348 2896 3473 2935; x_wconf 89' lang='lat' dir='ltr'><strong>cum</strong></span> <span class='ocrx_word' id='word_1_654' title='bbox 3508 2881 3542 2932; x_wconf 92' lang='lat' dir='ltr'><strong>ii</strong></span> <span class='ocrx_word' id='word_1_655' title='bbox 3569 2897 3602 2936; x_wconf 91' lang='lat' dir='ltr'><strong>e</strong></span> 
     </span>
    </p>
   </div>
   <div class='ocr_carea' id='block_1_86' title="bbox 2020 2972 3600 3043">
    <p class='ocr_par' dir='ltr' id='par_1_86' title="bbox 2020 2972 3600 3043">
     <span class='ocr_line' id='line_1_86' title="bbox 2020 2972 3600 3043; baseline 0.002 -18"><span class='ocrx_word' id='word_1_656' title='bbox 2020 2972 2259 3036; x_wconf 86' lang='lat' dir='ltr'><strong>simplici</strong></span> <span class='ocrx_word' id='word_1_657' title='bbox 2312 2982 2496 3026; x_wconf 90' lang='lat' dir='ltr'><strong>mente</strong></span> <span class='ocrx_word' id='word_1_658' title='bbox 2549 2975 2827 3026; x_wconf 87' lang='lat' dir='ltr'><strong>sincerqu</strong></span> <span class='ocrx_word' id='word_1_659' title='bbox 2874 2987 3188 3027; x_wconf 89' lang='lat' dir='ltr'><strong>sermonem</strong></span> <span class='ocrx_word' id='word_1_660' title='bbox 3241 2973 3600 3043; x_wconf 83' lang='lat' dir='ltr'><strong>depromunt.</strong></span> 
     </span>
    </p>
   </div>
   <div class='ocr_carea' id='block_1_87' title="bbox 2018 3064 3601 3133">
    <p class='ocr_par' dir='ltr' id='par_1_87' title="bbox 2018 3064 3601 3133">
     <span class='ocr_line' id='line_1_87' title="bbox 2018 3064 3601 3133; baseline 0 -15"><span class='ocrx_word' id='word_1_661' title='bbox 2018 3064 2189 3129; x_wconf 87' lang='lat' dir='ltr'><strong>Quem</strong></span> <span class='ocrx_word' id='word_1_662' title='bbox 2222 3065 2532 3125; x_wconf 85' lang='lat' dir='ltr'><strong>enimvero,</strong></span> <span class='ocrx_word' id='word_1_663' title='bbox 2566 3072 2797 3133; x_wconf 78' lang='lat' dir='ltr'><strong>excepto</strong></span> <span class='ocrx_word' id='word_1_664' title='bbox 2831 3064 2875 3118; x_wconf 89' lang='lat' dir='ltr'><strong>si</strong></span> <span class='ocrx_word' id='word_1_665' title='bbox 2912 3065 3040 3132; x_wconf 90' lang='lat' dir='ltr'><strong>quis</strong></span> <span class='ocrx_word' id='word_1_666' title='bbox 3071 3079 3204 3117; x_wconf 71' lang='lat' dir='ltr'><strong>mea:</strong></span> <span class='ocrx_word' id='word_1_667' title='bbox 3229 3064 3601 3118; x_wconf 82' lang='lat' dir='ltr'><strong>imbecillitati</strong></span> 
     </span>
    </p>
   </div>
   <div class='ocr_carea' id='block_1_88' title="bbox 2019 3154 3603 3225">
    <p class='ocr_par' dir='ltr' id='par_1_88' title="bbox 2019 3154 3603 3225">
     <span class='ocr_line' id='line_1_88' title="bbox 2019 3154 3603 3225; baseline -0.001 -16"><span class='ocrx_word' id='word_1_668' title='bbox 2019 3162 2311 3225; x_wconf 80' lang='lat' dir='ltr'><strong>congruat,</strong></span> <span class='ocrx_word' id='word_1_669' title='bbox 2369 3171 2681 3209; x_wconf 89' lang='lat' dir='ltr'><strong>sermonem</strong></span> <span class='ocrx_word' id='word_1_670' title='bbox 2726 3155 2996 3219; x_wconf 90' lang='lat' dir='ltr'><strong>dederim,</strong></span> <span class='ocrx_word' id='word_1_671' title='bbox 3037 3156 3127 3209; x_wconf 90' lang='lat' dir='ltr'><strong>cui</strong></span> <span class='ocrx_word' id='word_1_672' title='bbox 3178 3154 3316 3209; x_wconf 92' lang='lat' dir='ltr'><strong>nihil</strong></span> <span class='ocrx_word' id='word_1_673' title='bbox 3349 3156 3415 3209; x_wconf 89' lang='lat' dir='ltr'><strong>ad</strong></span> <span class='ocrx_word' id='word_1_674' title='bbox 3446 3169 3603 3209; x_wconf 91' lang='lat' dir='ltr'><strong>com-</strong></span> 
     </span>
    </p>
   </div>
   <div class='ocr_carea' id='block_1_89' title="bbox 2019 3246 3601 3319">
    <p class='ocr_par' dir='ltr' id='par_1_89' title="bbox 2019 3246 3601 3319">
     <span class='ocr_line' id='line_1_89' title="bbox 2019 3246 3601 3319; baseline -0.001 -18"><span class='ocrx_word' id='word_1_675' title='bbox 2019 3248 2274 3319; x_wconf 82' lang='lat' dir='ltr'><strong>pendiosi</strong></span> <span class='ocrx_word' id='word_1_676' title='bbox 2337 3262 2751 3319; x_wconf 88' lang='lat' dir='ltr'><strong>sensorumque</strong></span> <span class='ocrx_word' id='word_1_677' title='bbox 2779 3246 3164 3319; x_wconf 79' lang='lat' dir='ltr'><strong>complexione</strong></span> <span class='ocrx_word' id='word_1_678' title='bbox 3197 3247 3601 3302; x_wconf 81' lang='lat' dir='ltr'><strong>confertissimi</strong></span> 
     </span>
    </p>
   </div>
   <div class='ocr_carea' id='block_1_90' title="bbox 2018 3336 3604 3408">
    <p class='ocr_par' dir='ltr' id='par_1_90' title="bbox 2018 3336 3604 3408">
     <span class='ocr_line' id='line_1_90' title="bbox 2018 3336 3604 3408; baseline 0.001 -16"><span class='ocrx_word' id='word_1_679' title='bbox 2018 3338 2288 3392; x_wconf 88' lang='lat' dir='ltr'><strong>sermonis</strong></span> <span class='ocrx_word' id='word_1_680' title='bbox 2319 3338 2751 3407; x_wconf 85' lang='lat' dir='ltr'><strong>susceptionem,</strong></span> <span class='ocrx_word' id='word_1_681' title='bbox 2777 3346 3158 3407; x_wconf 86' lang='lat' dir='ltr'><strong>comparatum</strong></span> <span class='ocrx_word' id='word_1_682' title='bbox 3201 3340 3491 3408; x_wconf 81' lang='lat' dir='ltr'><strong>suppetat!</strong></span> <span class='ocrx_word' id='word_1_683' title='bbox 3524 3336 3604 3394; x_wconf 90' lang='lat' dir='ltr'><strong>Te</strong></span> 
     </span>
    </p>
   </div>
   <div class='ocr_carea' id='block_1_91' title="bbox 2018 3430 3598 3499">
    <p class='ocr_par' dir='ltr' id='par_1_91' title="bbox 2018 3430 3598 3499">
     <span class='ocr_line' id='line_1_91' title="bbox 2018 3430 3598 3499; baseline 0.001 -17"><span class='ocrx_word' id='word_1_684' title='bbox 2018 3444 2148 3483; x_wconf 87' lang='lat' dir='ltr'><strong>vero</strong></span> <span class='ocrx_word' id='word_1_685' title='bbox 2188 3430 2446 3499; x_wconf 89' lang='lat' dir='ltr'><strong>quisnam</strong></span> <span class='ocrx_word' id='word_1_686' title='bbox 2477 3432 2644 3485; x_wconf 86' lang='lat' dir='ltr'><strong>etiam</strong></span> <span class='ocrx_word' id='word_1_687' title='bbox 2674 3445 2853 3486; x_wconf 89' lang='lat' dir='ltr'><strong>sermo</strong></span> <span class='ocrx_word' id='word_1_688' title='bbox 2882 3444 2984 3499; x_wconf 88' lang='lat' dir='ltr'><strong>pro</strong></span> <span class='ocrx_word' id='word_1_689' title='bbox 3019 3432 3235 3484; x_wconf 90' lang='lat' dir='ltr'><strong>meritis</strong></span> <span class='ocrx_word' id='word_1_690' title='bbox 3269 3431 3598 3492; x_wconf 86' lang='lat' dir='ltr'><strong>laudaverit.</strong></span> 
     </span>
    </p>
   </div>
   <div class='ocr_carea' id='block_1_92' title="bbox 2018 3522 3600 3593">
    <p class='ocr_par' dir='ltr' id='par_1_92' title="bbox 2018 3522 3600 3593">
     <span class='ocr_line' id='line_1_92' title="bbox 2018 3522 3600 3593; baseline 0.003 -18"><span class='ocrx_word' id='word_1_691' title='bbox 2018 3523 2111 3590; x_wconf 90' lang='lat' dir='ltr'><strong>qui</strong></span> <span class='ocrx_word' id='word_1_692' title='bbox 2173 3523 2305 3576; x_wconf 89' lang='lat' dir='ltr'><strong>olim</strong></span> <span class='ocrx_word' id='word_1_693' title='bbox 2350 3537 2379 3575; x_wconf 91' lang='lat' dir='ltr'><strong>a</strong></span> <span class='ocrx_word' id='word_1_694' title='bbox 2420 3522 2658 3577; x_wconf 91' lang='lat' dir='ltr'><strong>Domino</strong></span> <span class='ocrx_word' id='word_1_695' title='bbox 2712 3522 2933 3578; x_wconf 85' lang='lat' dir='ltr'><strong>laudem</strong></span> <span class='ocrx_word' id='word_1_696' title='bbox 3004 3525 3322 3593; x_wconf 88' lang='lat' dir='ltr'><strong>acceperis?</strong></span> <span class='ocrx_word' id='word_1_697' title='bbox 3371 3525 3443 3580; x_wconf 88' lang='lat' dir='ltr'><strong>Ut</strong></span> <span class='ocrx_word' id='word_1_698' title='bbox 3474 3541 3600 3579; x_wconf 86' lang='lat' dir='ltr'><strong>cum</strong></span> 
     </span>
    </p>
   </div>
   <div class='ocr_carea' id='block_1_93' title="bbox 2019 3614 3602 3684">
    <p class='ocr_par' dir='ltr' id='par_1_93' title="bbox 2019 3614 3602 3684">
     <span class='ocr_line' id='line_1_93' title="bbox 2019 3614 3602 3684; baseline 0.003 -17"><span class='ocrx_word' id='word_1_699' title='bbox 2019 3615 2168 3667; x_wconf 85' lang='lat' dir='ltr'><strong>clare</strong></span> <span class='ocrx_word' id='word_1_700' title='bbox 2190 3614 2521 3668; x_wconf 89' lang='lat' dir='ltr'><strong>clamantem</strong></span> <span class='ocrx_word' id='word_1_701' title='bbox 2548 3614 2828 3678; x_wconf 89' lang='lat' dir='ltr'><strong>audimus,</strong></span> <span class='ocrx_word' id='word_1_702' title='bbox 2861 3615 2969 3668; x_wconf 91' lang='lat' dir='ltr'><strong>alio</strong></span> <span class='ocrx_word' id='word_1_703' title='bbox 2996 3615 3218 3684; x_wconf 88' lang='lat' dir='ltr'><strong>quidem</strong></span> <span class='ocrx_word' id='word_1_704' title='bbox 3243 3615 3404 3670; x_wconf 88' lang='lat' dir='ltr'><strong>loco:</strong></span> <span class='ocrx_word' id='word_1_705' title='bbox 3438 3634 3455 3665; x_wconf 77' lang='grc' dir='ltr'><strong>ι</strong></span> <span class='ocrx_word' id='word_1_706' title='bbox 3490 3615 3602 3672; x_wconf 87' lang='lat' dir='ltr'><strong>Vos</strong></span> 
     </span>
    </p>
   </div>
   <div class='ocr_carea' id='block_1_94' title="bbox 2017 3705 3602 3762">
    <p class='ocr_par' dir='ltr' id='par_1_94' title="bbox 2017 3705 3602 3762">
     <span class='ocr_line' id='line_1_94' title="bbox 2017 3705 3602 3762; baseline 0.002 -3"><span class='ocrx_word' id='word_1_707' title='bbox 2017 3707 2154 3759; x_wconf 79' lang='lat' dir='ltr'><strong>eStis</strong></span> <span class='ocrx_word' id='word_1_708' title='bbox 2193 3706 2273 3759; x_wconf 86' lang='lat' dir='ltr'><strong>sal</strong></span> <span class='ocrx_word' id='word_1_709' title='bbox 2328 3714 2487 3759; x_wconf 65' lang='lat' dir='ltr'><strong>terra:</strong></span> <span class='ocrx_word' id='word_1_710' title='bbox 2517 3706 2565 3759; x_wconf 72' lang='grc' dir='ltr'><strong>ι).</strong></span> <span class='ocrx_word' id='word_1_711' title='bbox 2595 3737 2664 3748; x_wconf 89' lang='grc'><strong><em>--</em></strong></span> <span class='ocrx_word' id='word_1_712' title='bbox 2696 3705 2809 3759; x_wconf 82' lang='lat' dir='ltr'><strong>Vos</strong></span> <span class='ocrx_word' id='word_1_713' title='bbox 2833 3707 2971 3760; x_wconf 86' lang='lat' dir='ltr'><strong>estis</strong></span> <span class='ocrx_word' id='word_1_714' title='bbox 3010 3707 3194 3762; x_wconf 78' lang='lat' dir='ltr'><strong>lumen</strong></span> <span class='ocrx_word' id='word_1_715' title='bbox 3228 3707 3422 3762; x_wconf 89' lang='lat' dir='ltr'><strong>mundi</strong></span> <span class='ocrx_word' id='word_1_716' title='bbox 3455 3718 3503 3761; x_wconf 76' lang='grc' dir='ltr'><strong>ο.</strong></span> <span class='ocrx_word' id='word_1_717' title='bbox 3534 3740 3602 3751; x_wconf 90' lang='lat'><strong><em>—</em></strong></span> 
     </span>
    </p>
   </div>
   <div class='ocr_carea' id='block_1_95' title="bbox 2020 3794 3596 3869">
    <p class='ocr_par' dir='ltr' id='par_1_95' title="bbox 2020 3794 3596 3869">
     <span class='ocr_line' id='line_1_95' title="bbox 2020 3794 3596 3869; baseline 0.004 -23"><span class='ocrx_word' id='word_1_718' title='bbox 2020 3794 2191 3851; x_wconf 80' lang='lat' dir='ltr'><strong>Vobis</strong></span> <span class='ocrx_word' id='word_1_719' title='bbox 2245 3797 2437 3850; x_wconf 86' lang='lat' dir='ltr'><strong>datum</strong></span> <span class='ocrx_word' id='word_1_720' title='bbox 2494 3808 2575 3852; x_wconf 84' lang='lat' dir='ltr'><strong>est</strong></span> <span class='ocrx_word' id='word_1_721' title='bbox 2633 3813 2800 3853; x_wconf 89' lang='lat' dir='ltr'><strong>nosse</strong></span> <span class='ocrx_word' id='word_1_722' title='bbox 2855 3799 3124 3868; x_wconf 87' lang='lat' dir='ltr'><strong>mysteria</strong></span> <span class='ocrx_word' id='word_1_723' title='bbox 3163 3799 3317 3869; x_wconf 86' lang='lat' dir='ltr'><strong>regni</strong></span> <span class='ocrx_word' id='word_1_724' title='bbox 3354 3799 3449 3852; x_wconf 90' lang='lat' dir='ltr'><strong>Dei</strong></span> <span class='ocrx_word' id='word_1_725' title='bbox 3481 3798 3531 3854; x_wconf 73' lang='grc' dir='ltr'><strong>δ.</strong></span> <span class='ocrx_word' id='word_1_726' title='bbox 3574 3819 3596 3852; x_wconf 75' lang='grc' dir='ltr'><strong>ι</strong></span> 
     </span>
    </p>
   </div>
   <div class='ocr_carea' id='block_1_96' title="bbox 2017 3886 3600 3961">
    <p class='ocr_par' dir='ltr' id='par_1_96' title="bbox 2017 3886 3600 3961">
     <span class='ocr_line' id='line_1_96' title="bbox 2017 3886 3600 3961; baseline 0.004 -22"><span class='ocrx_word' id='word_1_727' title='bbox 2017 3886 2140 3940; x_wconf 82' lang='grc' dir='ltr'><strong>ΛΙὶο</strong></span> <span class='ocrx_word' id='word_1_728' title='bbox 2178 3898 2364 3942; x_wconf 89' lang='lat' dir='ltr'><strong>autem</strong></span> <span class='ocrx_word' id='word_1_729' title='bbox 2395 3906 2408 3943; x_wconf 88' lang='lat'><strong>:</strong></span> <span class='ocrx_word' id='word_1_730' title='bbox 2464 3909 2483 3940; x_wconf 75' lang='grc' dir='ltr'><strong>ι</strong></span> <span class='ocrx_word' id='word_1_731' title='bbox 2542 3887 2721 3944; x_wconf 74' lang='lat' dir='ltr'><strong>Vestri</strong></span> <span class='ocrx_word' id='word_1_732' title='bbox 2774 3900 2955 3944; x_wconf 91' lang='lat' dir='ltr'><strong>autem</strong></span> <span class='ocrx_word' id='word_1_733' title='bbox 3005 3891 3147 3945; x_wconf 79' lang='lat' dir='ltr'><strong>beati</strong></span> <span class='ocrx_word' id='word_1_734' title='bbox 3176 3892 3318 3945; x_wconf 90' lang='lat' dir='ltr'><strong>oculi</strong></span> <span class='ocrx_word' id='word_1_735' title='bbox 3352 3892 3483 3961; x_wconf 87' lang='lat' dir='ltr'><strong>quia</strong></span> <span class='ocrx_word' id='word_1_736' title='bbox 3516 3892 3600 3945; x_wconf 85' lang='lat' dir='ltr'><strong>vi-</strong></span> 
     </span>
    </p>
   </div>
   <div class='ocr_carea' id='block_1_97' title="bbox 2017 3977 3599 4051">
    <p class='ocr_par' dir='ltr' id='par_1_97' title="bbox 2017 3977 3599 4051">
     <span class='ocr_line' id='line_1_97' title="bbox 2017 3977 3599 4051; baseline 0.004 -21"><span class='ocrx_word' id='word_1_737' title='bbox 2017 3977 2173 4041; x_wconf 89' lang='lat' dir='ltr'><strong>dent,</strong></span> <span class='ocrx_word' id='word_1_738' title='bbox 2226 3986 2285 4033; x_wconf 86' lang='lat' dir='ltr'><strong>et</strong></span> <span class='ocrx_word' id='word_1_739' title='bbox 2335 3993 2501 4035; x_wconf 91' lang='lat' dir='ltr'><strong>aures</strong></span> <span class='ocrx_word' id='word_1_740' title='bbox 2553 3991 2752 4036; x_wconf 68' lang='lat' dir='ltr'><strong>vestra:</strong></span> <span class='ocrx_word' id='word_1_741' title='bbox 2800 3981 2929 4051; x_wconf 89' lang='lat' dir='ltr'><strong>quia</strong></span> <span class='ocrx_word' id='word_1_742' title='bbox 2972 3982 3231 4037; x_wconf 91' lang='lat' dir='ltr'><strong>audiunt.</strong></span> <span class='ocrx_word' id='word_1_743' title='bbox 3274 3982 3413 4037; x_wconf 90' lang='lat' dir='ltr'><strong>Dico</strong></span> <span class='ocrx_word' id='word_1_744' title='bbox 3450 3985 3599 4038; x_wconf 89' lang='lat' dir='ltr'><strong>enim</strong></span> 
     </span>
    </p>
   </div>
   <div class='ocr_carea' id='block_1_98' title="bbox 2017 4070 3601 4144">
    <p class='ocr_par' dir='ltr' id='par_1_98' title="bbox 2017 4070 3601 4144">
     <span class='ocr_line' id='line_1_98' title="bbox 2017 4070 3601 4144; baseline 0.003 -19"><span class='ocrx_word' id='word_1_745' title='bbox 2017 4070 2200 4134; x_wconf 82' lang='lat' dir='ltr'><strong>vobis,</strong></span> <span class='ocrx_word' id='word_1_746' title='bbox 2265 4071 2394 4140; x_wconf 89' lang='lat' dir='ltr'><strong>quia</strong></span> <span class='ocrx_word' id='word_1_747' title='bbox 2454 4073 2614 4126; x_wconf 91' lang='lat' dir='ltr'><strong>multi</strong></span> <span class='ocrx_word' id='word_1_748' title='bbox 2669 4074 2955 4143; x_wconf 64' lang='lat' dir='ltr'><strong>prophetae</strong></span> <span class='ocrx_word' id='word_1_749' title='bbox 2983 4082 3037 4129; x_wconf 88' lang='lat' dir='ltr'><strong>et</strong></span> <span class='ocrx_word' id='word_1_750' title='bbox 3090 4087 3251 4144; x_wconf 81' lang='lat' dir='ltr'><strong>reges</strong></span> <span class='ocrx_word' id='word_1_751' title='bbox 3307 4075 3601 4130; x_wconf 87' lang='lat' dir='ltr'><strong>voluerunt</strong></span> 
     </span>
    </p>
   </div>
   <div class='ocr_carea' id='block_1_99' title="bbox 2019 4160 3601 4231">
    <p class='ocr_par' dir='ltr' id='par_1_99' title="bbox 2019 4160 3601 4231">
     <span class='ocr_line' id='line_1_99' title="bbox 2019 4160 3601 4231; baseline 0.006 -19"><span class='ocrx_word' id='word_1_752' title='bbox 2019 4160 2207 4215; x_wconf 89' lang='lat' dir='ltr'><strong>videre</strong></span> <span class='ocrx_word' id='word_1_753' title='bbox 2238 4176 2359 4229; x_wconf 72' lang='lat' dir='ltr'><strong>qua:</strong></span> <span class='ocrx_word' id='word_1_754' title='bbox 2389 4178 2487 4218; x_wconf 89' lang='lat' dir='ltr'><strong>vos</strong></span> <span class='ocrx_word' id='word_1_755' title='bbox 2515 4163 2737 4229; x_wconf 85' lang='lat' dir='ltr'><strong>videtis,</strong></span> <span class='ocrx_word' id='word_1_756' title='bbox 2772 4173 2827 4219; x_wconf 90' lang='lat' dir='ltr'><strong>et</strong></span> <span class='ocrx_word' id='word_1_757' title='bbox 2855 4180 2965 4219; x_wconf 93' lang='lat' dir='ltr'><strong>non</strong></span> <span class='ocrx_word' id='word_1_758' title='bbox 2999 4167 3290 4231; x_wconf 87' lang='lat' dir='ltr'><strong>viderunt;</strong></span> <span class='ocrx_word' id='word_1_759' title='bbox 3325 4176 3380 4221; x_wconf 91' lang='lat' dir='ltr'><strong>et</strong></span> <span class='ocrx_word' id='word_1_760' title='bbox 3409 4168 3601 4221; x_wconf 86' lang='lat' dir='ltr'><strong>audire</strong></span> 
     </span>
    </p>
   </div>
   <div class='ocr_carea' id='block_1_100' title="bbox 2017 4252 3601 4329">
    <p class='ocr_par' dir='ltr' id='par_1_100' title="bbox 2017 4252 3601 4329">
     <span class='ocr_line' id='line_1_100' title="bbox 2017 4252 3601 4329; baseline 0.005 -24"><span class='ocrx_word' id='word_1_761' title='bbox 2017 4267 2139 4318; x_wconf 66' lang='lat' dir='ltr'><strong>qua:</strong></span> <span class='ocrx_word' id='word_1_762' title='bbox 2169 4252 2399 4319; x_wconf 90' lang='lat' dir='ltr'><strong>auditis,</strong></span> <span class='ocrx_word' id='word_1_763' title='bbox 2438 4263 2493 4310; x_wconf 88' lang='lat' dir='ltr'><strong>et</strong></span> <span class='ocrx_word' id='word_1_764' title='bbox 2523 4270 2631 4309; x_wconf 90' lang='lat' dir='ltr'><strong>non</strong></span> <span class='ocrx_word' id='word_1_765' title='bbox 2666 4257 2963 4312; x_wconf 87' lang='lat' dir='ltr'><strong>audierunt</strong></span> <span class='ocrx_word' id='word_1_766' title='bbox 2997 4268 3042 4310; x_wconf 78' lang='grc' dir='ltr'><strong>ο.</strong></span> <span class='ocrx_word' id='word_1_767' title='bbox 3082 4276 3101 4308; x_wconf 75' lang='grc' dir='ltr'><strong>ι</strong></span> <span class='ocrx_word' id='word_1_768' title='bbox 3131 4258 3307 4321; x_wconf 84' lang='lat' dir='ltr'><strong>Quam</strong></span> <span class='ocrx_word' id='word_1_769' title='bbox 3338 4258 3436 4315; x_wconf 88' lang='lat' dir='ltr'><strong>tibi</strong></span> <span class='ocrx_word' id='word_1_770' title='bbox 3468 4274 3601 4329; x_wconf 78' lang='lat' dir='ltr'><strong>ergo</strong></span> 
     </span>
    </p>
   </div>
   <div class='ocr_carea' id='block_1_101' title="bbox 2018 4349 3598 4418">
    <p class='ocr_par' dir='ltr' id='par_1_101' title="bbox 2018 4349 3598 4418">
     <span class='ocr_line' id='line_1_101' title="bbox 2018 4349 3598 4418; baseline 0.006 -19"><span class='ocrx_word' id='word_1_771' title='bbox 2018 4361 2214 4400; x_wconf 90' lang='lat' dir='ltr'><strong>sumus</strong></span> <span class='ocrx_word' id='word_1_772' title='bbox 2246 4349 2463 4417; x_wconf 79' lang='lat' dir='ltr'><strong>plexuri</strong></span> <span class='ocrx_word' id='word_1_773' title='bbox 2503 4352 2810 4406; x_wconf 90' lang='lat' dir='ltr'><strong>coronam?</strong></span> <span class='ocrx_word' id='word_1_774' title='bbox 2850 4351 3229 4418; x_wconf 88' lang='lat' dir='ltr'><strong>Quorumuam</strong></span> <span class='ocrx_word' id='word_1_775' title='bbox 3281 4370 3598 4409; x_wconf 88' lang='lat' dir='ltr'><strong>sermonum</strong></span> 
     </span>
    </p>
   </div>
   <div class='ocr_carea' id='block_1_102' title="bbox 2017 4440 3600 4514">
    <p class='ocr_par' dir='ltr' id='par_1_102' title="bbox 2017 4440 3600 4514">
     <span class='ocr_line' id='line_1_102' title="bbox 2017 4440 3600 4514; baseline 0.005 -22"><span class='ocrx_word' id='word_1_776' title='bbox 2017 4440 2284 4494; x_wconf 89' lang='lat' dir='ltr'><strong>collectos</strong></span> <span class='ocrx_word' id='word_1_777' title='bbox 2332 4442 2499 4497; x_wconf 82' lang='lat' dir='ltr'><strong>liores</strong></span> <span class='ocrx_word' id='word_1_778' title='bbox 2539 4452 2634 4496; x_wconf 93' lang='lat' dir='ltr'><strong>tuo</strong></span> <span class='ocrx_word' id='word_1_779' title='bbox 2683 4445 2879 4499; x_wconf 76' lang='lat' dir='ltr'><strong>vertici</strong></span> <span class='ocrx_word' id='word_1_780' title='bbox 2927 4445 3312 4514; x_wconf 78' lang='lat' dir='ltr'><strong>imponemus?</strong></span> <span class='ocrx_word' id='word_1_781' title='bbox 3352 4446 3486 4513; x_wconf 88' lang='lat' dir='ltr'><strong>Quis</strong></span> <span class='ocrx_word' id='word_1_782' title='bbox 3525 4447 3600 4500; x_wconf 88' lang='lat' dir='ltr'><strong>ita</strong></span> 
     </span>
    </p>
   </div>
   <div class='ocr_carea' id='block_1_103' title="bbox 2018 4531 3602 4594">
    <p class='ocr_par' dir='ltr' id='par_1_103' title="bbox 2018 4531 3602 4594">
     <span class='ocr_line' id='line_1_103' title="bbox 2018 4531 3602 4594; baseline 0.005 -10"><span class='ocrx_word' id='word_1_783' title='bbox 2018 4531 2245 4592; x_wconf 90' lang='lat' dir='ltr'><strong>stultus,</strong></span> <span class='ocrx_word' id='word_1_784' title='bbox 2289 4543 2348 4585; x_wconf 93' lang='lat' dir='ltr'><strong>ut</strong></span> <span class='ocrx_word' id='word_1_785' title='bbox 2382 4547 2516 4589; x_wconf 90' lang='lat' dir='ltr'><strong>suos</strong></span> <span class='ocrx_word' id='word_1_786' title='bbox 2545 4549 2832 4590; x_wconf 89' lang='lat' dir='ltr'><strong>sermones</strong></span> <span class='ocrx_word' id='word_1_787' title='bbox 2871 4537 3021 4590; x_wconf 82' lang='lat' dir='ltr'><strong>velut</strong></span> <span class='ocrx_word' id='word_1_788' title='bbox 3058 4553 3122 4592; x_wconf 80' lang='lat' dir='ltr'><strong>ex</strong></span> <span class='ocrx_word' id='word_1_789' title='bbox 3149 4538 3386 4594; x_wconf 89' lang='lat' dir='ltr'><strong>adverso</strong></span> <span class='ocrx_word' id='word_1_790' title='bbox 3417 4539 3602 4593; x_wconf 81' lang='lat' dir='ltr'><strong>Domi-</strong></span> 
     </span>
    </p>
   </div>
   <div class='ocr_carea' id='block_1_104' title="bbox 2022 4620 3603 4695">
    <p class='ocr_par' dir='ltr' id='par_1_104' title="bbox 2022 4620 3603 4695">
     <span class='ocr_line' id='line_1_104' title="bbox 2022 4620 3603 4695; baseline 0.009 -22"><span class='ocrx_word' id='word_1_791' title='bbox 2022 4620 2163 4674; x_wconf 91' lang='lat' dir='ltr'><strong>nicis</strong></span> <span class='ocrx_word' id='word_1_792' title='bbox 2189 4628 2363 4675; x_wconf 90' lang='lat' dir='ltr'><strong>tentet</strong></span> <span class='ocrx_word' id='word_1_793' title='bbox 2388 4621 2663 4693; x_wconf 84' lang='lat' dir='ltr'><strong>ingerere,</strong></span> <span class='ocrx_word' id='word_1_794' title='bbox 2714 4642 2950 4695; x_wconf 78' lang='lat' dir='ltr'><strong>quorum</strong></span> <span class='ocrx_word' id='word_1_795' title='bbox 2981 4628 3069 4683; x_wconf 88' lang='lat' dir='ltr'><strong>vel</strong></span> <span class='ocrx_word' id='word_1_796' title='bbox 3102 4645 3212 4683; x_wconf 88' lang='lat' dir='ltr'><strong>una</strong></span> <span class='ocrx_word' id='word_1_797' title='bbox 3241 4646 3345 4684; x_wconf 76' lang='lat' dir='ltr'><strong>vox</strong></span> <span class='ocrx_word' id='word_1_798' title='bbox 3382 4631 3603 4688; x_wconf 89' lang='lat' dir='ltr'><strong>abunde</strong></span> 
     </span>
    </p>
   </div>
   <div class='ocr_carea' id='block_1_105' title="bbox 2022 4709 3605 4790">
    <p class='ocr_par' dir='ltr' id='par_1_105' title="bbox 2022 4709 3605 4790">
     <span class='ocr_line' id='line_1_105' title="bbox 2022 4709 3605 4790; baseline 0.008 -27"><span class='ocrx_word' id='word_1_799' title='bbox 2022 4709 2212 4778; x_wconf 81' lang='lat' dir='ltr'><strong>fuerit,</strong></span> <span class='ocrx_word' id='word_1_800' title='bbox 2273 4712 2581 4768; x_wconf 87' lang='lat' dir='ltr'><strong>Iaudationi</strong></span> <span class='ocrx_word' id='word_1_801' title='bbox 2635 4731 2735 4785; x_wconf 88' lang='lat' dir='ltr'><strong>pro</strong></span> <span class='ocrx_word' id='word_1_802' title='bbox 2785 4718 3008 4773; x_wconf 90' lang='lat' dir='ltr'><strong>meritis</strong></span> <span class='ocrx_word' id='word_1_803' title='bbox 3042 4720 3605 4790; x_wconf 73' lang='lat' dir='ltr'><strong>complendae?Qu:e-</strong></span> 
     </span>
    </p>
   </div>
   <div class='ocr_carea' id='block_1_106' title="bbox 2021 4804 3599 4881">
    <p class='ocr_par' dir='ltr' id='par_1_106' title="bbox 2021 4804 3599 4881">
     <span class='ocr_line' id='line_1_106' title="bbox 2021 4804 3599 4881; baseline 0.01 -26"><span class='ocrx_word' id='word_1_804' title='bbox 2021 4818 2147 4856; x_wconf 89' lang='lat' dir='ltr'><strong>nam</strong></span> <span class='ocrx_word' id='word_1_805' title='bbox 2203 4804 2298 4857; x_wconf 90' lang='lat' dir='ltr'><strong>illa</strong></span> <span class='ocrx_word' id='word_1_806' title='bbox 2328 4820 2429 4859; x_wconf 81' lang='lat' dir='ltr'><strong>vox</strong></span> <span class='ocrx_word' id='word_1_807' title='bbox 2488 4815 2544 4863; x_wconf 91' lang='lat' dir='ltr'><strong>et</strong></span> <span class='ocrx_word' id='word_1_808' title='bbox 2592 4811 2840 4877; x_wconf 86' lang='lat' dir='ltr'><strong>quanta?</strong></span> <span class='ocrx_word' id='word_1_809' title='bbox 2888 4827 2994 4865; x_wconf 93' lang='lat' dir='ltr'><strong>non</strong></span> <span class='ocrx_word' id='word_1_810' title='bbox 3026 4816 3100 4865; x_wconf 90' lang='lat' dir='ltr'><strong>ita</strong></span> <span class='ocrx_word' id='word_1_811' title='bbox 3145 4813 3379 4881; x_wconf 74' lang='lat' dir='ltr'><strong>pridem,</strong></span> <span class='ocrx_word' id='word_1_812' title='bbox 3415 4815 3599 4871; x_wconf 91' lang='lat' dir='ltr'><strong>lumen</strong></span> 
     </span>
    </p>
   </div>
   <div class='ocr_carea' id='block_1_107' title="bbox 2021 4893 3602 4975">
    <p class='ocr_par' dir='ltr' id='par_1_107' title="bbox 2021 4893 3602 4975">
     <span class='ocr_line' id='line_1_107' title="bbox 2021 4893 3602 4975; baseline 0.011 -30"><span class='ocrx_word' id='word_1_813' title='bbox 2021 4893 2209 4947; x_wconf 90' lang='lat' dir='ltr'><strong>mundi</strong></span> <span class='ocrx_word' id='word_1_814' title='bbox 2278 4896 2588 4965; x_wconf 81' lang='lat' dir='ltr'><strong>appellans.</strong></span> <span class='ocrx_word' id='word_1_815' title='bbox 2649 4898 2720 4953; x_wconf 89' lang='lat' dir='ltr'><strong>Ut</strong></span> <span class='ocrx_word' id='word_1_816' title='bbox 2767 4901 3031 4955; x_wconf 85' lang='lat' dir='ltr'><strong>nimirum</strong></span> <span class='ocrx_word' id='word_1_817' title='bbox 3080 4902 3390 4973; x_wconf 85' lang='lat' dir='ltr'><strong>discipulos</strong></span> <span class='ocrx_word' id='word_1_818' title='bbox 3437 4906 3602 4975; x_wconf 88' lang='lat' dir='ltr'><strong>primi</strong></span> 
     </span>
    </p>
   </div>
   <div class='ocr_carea' id='block_1_108' title="bbox 2020 4985 3603 5070">
    <p class='ocr_par' dir='ltr' id='par_1_108' title="bbox 2020 4985 3603 5070">
     <span class='ocr_line' id='line_1_108' title="bbox 2020 4985 3603 5070; baseline 0.01 -32"><span class='ocrx_word' id='word_1_819' title='bbox 2020 4985 2168 5039; x_wconf 82' lang='lat' dir='ltr'><strong>illius</strong></span> <span class='ocrx_word' id='word_1_820' title='bbox 2217 4987 2470 5044; x_wconf 90' lang='lat' dir='ltr'><strong>luminis.</strong></span> <span class='ocrx_word' id='word_1_821' title='bbox 2522 4991 2618 5045; x_wconf 89' lang='lat' dir='ltr'><strong>Sic</strong></span> <span class='ocrx_word' id='word_1_822' title='bbox 2666 4993 2814 5047; x_wconf 91' lang='lat' dir='ltr'><strong>enim</strong></span> <span class='ocrx_word' id='word_1_823' title='bbox 2849 4994 2886 5047; x_wconf 91' lang='lat' dir='ltr'><strong>ii</strong></span> <span class='ocrx_word' id='word_1_824' title='bbox 2916 4995 3269 5051; x_wconf 81' lang='lat' dir='ltr'><strong>existimandi</strong></span> <span class='ocrx_word' id='word_1_825' title='bbox 3324 5007 3475 5063; x_wconf 87' lang='lat' dir='ltr'><strong>sunt,</strong></span> <span class='ocrx_word' id='word_1_826' title='bbox 3506 4999 3603 5070; x_wconf 90' lang='lat' dir='ltr'><strong>qui</strong></span> 
     </span>
    </p>
   </div>
   <div class='ocr_carea' id='block_1_109' title="bbox 2021 5072 3604 5159">
    <p class='ocr_par' dir='ltr' id='par_1_109' title="bbox 2021 5072 3604 5159">
     <span class='ocr_line' id='line_1_109' title="bbox 2021 5072 3604 5159; baseline 0.011 -30"><span class='ocrx_word' id='word_1_827' title='bbox 2021 5075 2342 5149; x_wconf 83' lang='lat' dir='ltr'><strong>Evangelio,</strong></span> <span class='ocrx_word' id='word_1_828' title='bbox 2372 5081 2519 5135; x_wconf 90' lang='lat' dir='ltr'><strong>velut</strong></span> <span class='ocrx_word' id='word_1_829' title='bbox 2551 5082 2723 5137; x_wconf 90' lang='lat' dir='ltr'><strong>solari</strong></span> <span class='ocrx_word' id='word_1_830' title='bbox 2751 5099 2943 5151; x_wconf 92' lang='lat' dir='ltr'><strong>curru,</strong></span> <span class='ocrx_word' id='word_1_831' title='bbox 2973 5072 3410 5159; x_wconf 77' lang='lat' dir='ltr'><strong>circumquaque</strong></span> <span class='ocrx_word' id='word_1_832' title='bbox 3439 5107 3604 5146; x_wconf 91' lang='lat' dir='ltr'><strong>mun-</strong></span> 
     </span>
    </p>
   </div>
   <div class='ocr_carea' id='block_1_110' title="bbox 2021 5168 3605 5251">
    <p class='ocr_par' dir='ltr' id='par_1_110' title="bbox 2021 5168 3605 5251">
     <span class='ocr_line' id='line_1_110' title="bbox 2021 5168 3605 5251; baseline 0.012 -31"><span class='ocrx_word' id='word_1_833' title='bbox 2021 5168 2150 5221; x_wconf 90' lang='lat' dir='ltr'><strong>dum</strong></span> <span class='ocrx_word' id='word_1_834' title='bbox 2183 5170 2509 5227; x_wconf 89' lang='lat' dir='ltr'><strong>lustrarunt.</strong></span> <span class='ocrx_word' id='word_1_835' title='bbox 2547 5172 2656 5229; x_wconf 87' lang='lat' dir='ltr'><strong>Vos</strong></span> <span class='ocrx_word' id='word_1_836' title='bbox 2682 5176 2817 5231; x_wconf 89' lang='lat' dir='ltr'><strong>estis</strong></span> <span class='ocrx_word' id='word_1_837' title='bbox 2846 5175 3111 5234; x_wconf 86' lang='lat' dir='ltr'><strong>Ecclesiae</strong></span> <span class='ocrx_word' id='word_1_838' title='bbox 3138 5180 3242 5242; x_wconf 85' lang='lat' dir='ltr'><strong>sal,</strong></span> <span class='ocrx_word' id='word_1_839' title='bbox 3268 5196 3379 5251; x_wconf 91' lang='lat' dir='ltr'><strong>quo</strong></span> <span class='ocrx_word' id='word_1_840' title='bbox 3402 5198 3605 5240; x_wconf 71' lang='lat' dir='ltr'><strong>amarae</strong></span> 
     </span>
    </p>
   </div>
   <div class='ocr_carea' id='block_1_111' title="bbox 2016 5261 3603 5338">
    <p class='ocr_par' dir='ltr' id='par_1_111' title="bbox 2016 5261 3603 5338">
     <span class='ocr_line' id='line_1_111' title="bbox 2016 5261 3603 5338; baseline 0.008 -23"><span class='ocrx_word' id='word_1_841' title='bbox 2016 5261 2287 5331; x_wconf 78' lang='lat' dir='ltr'><strong>sals-aeque</strong></span> <span class='ocrx_word' id='word_1_842' title='bbox 2316 5264 2661 5321; x_wconf 80' lang='lat' dir='ltr'><strong>inﬁdelitatis</strong></span> <span class='ocrx_word' id='word_1_843' title='bbox 2695 5283 2854 5338; x_wconf 75' lang='lat' dir='ltr'><strong>aquae</strong></span> <span class='ocrx_word' id='word_1_844' title='bbox 2887 5270 3298 5327; x_wconf 87' lang='lat' dir='ltr'><strong>duleorantur:</strong></span> <span class='ocrx_word' id='word_1_845' title='bbox 3337 5275 3603 5329; x_wconf 91' lang='lat' dir='ltr'><strong>sterilita-</strong></span> 
     </span>
    </p>
   </div>
   <div class='ocr_carea' id='block_1_112' title="bbox 2015 5352 3604 5435">
    <p class='ocr_par' dir='ltr' id='par_1_112' title="bbox 2015 5352 3604 5435">
     <span class='ocr_line' id='line_1_112' title="bbox 2015 5352 3604 5435; baseline 0.009 -29"><span class='ocrx_word' id='word_1_846' title='bbox 2015 5361 2123 5410; x_wconf 91' lang='lat' dir='ltr'><strong>tem</strong></span> <span class='ocrx_word' id='word_1_847' title='bbox 2156 5352 2500 5425; x_wconf 86' lang='lat' dir='ltr'><strong>dcpellentes</strong></span> <span class='ocrx_word' id='word_1_848' title='bbox 2531 5373 2800 5415; x_wconf 89' lang='lat' dir='ltr'><strong>concessa</strong></span> <span class='ocrx_word' id='word_1_849' title='bbox 2850 5360 3212 5429; x_wconf 80' lang='lat' dir='ltr'><strong>fecitnditate,</strong></span> <span class='ocrx_word' id='word_1_850' title='bbox 3242 5364 3604 5435; x_wconf 84' lang='lat' dir='ltr'><strong>ineptamquc</strong></span> 
     </span>
    </p>
   </div>
   <div class='ocr_carea' id='block_1_113' title="bbox 2015 5444 3603 5526">
    <p class='ocr_par' dir='ltr' id='par_1_113' title="bbox 2015 5444 3603 5526">
     <span class='ocr_line' id='line_1_113' title="bbox 2015 5444 3603 5526; baseline 0.008 -28"><span class='ocrx_word' id='word_1_851' title='bbox 2015 5444 2081 5499; x_wconf 91' lang='lat' dir='ltr'><strong>ad</strong></span> <span class='ocrx_word' id='word_1_852' title='bbox 2115 5453 2307 5516; x_wconf 90' lang='lat' dir='ltr'><strong>potum</strong></span> <span class='ocrx_word' id='word_1_853' title='bbox 2356 5449 2683 5518; x_wconf 77' lang='lat' dir='ltr'><strong>qualitatem</strong></span> <span class='ocrx_word' id='word_1_854' title='bbox 2727 5454 2887 5508; x_wconf 83' lang='lat' dir='ltr'><strong>suavi</strong></span> <span class='ocrx_word' id='word_1_855' title='bbox 2925 5454 2990 5508; x_wconf 86' lang='lat' dir='ltr'><strong>ad</strong></span> <span class='ocrx_word' id='word_1_856' title='bbox 3021 5461 3212 5525; x_wconf 92' lang='lat' dir='ltr'><strong>potum</strong></span> <span class='ocrx_word' id='word_1_857' title='bbox 3251 5457 3455 5526; x_wconf 86' lang='lat' dir='ltr'><strong>gratia.</strong></span> <span class='ocrx_word' id='word_1_858' title='bbox 3488 5453 3603 5511; x_wconf 72' lang='lat' dir='ltr'><strong>Vos</strong></span> 
     </span>
    </p>
   </div>
   <div class='ocr_carea' id='block_1_114' title="bbox 2083 5579 3419 5653">
    <p class='ocr_par' dir='ltr' id='par_1_114' title="bbox 2083 5579 3419 5653">
     <span class='ocr_line' id='line_1_114' title="bbox 2083 5579 3419 5653; baseline 0.005 -20"><span class='ocrx_word' id='word_1_859' title='bbox 2083 5592 2104 5617; x_wconf 77' lang='grc' dir='ltr'><strong>ε</strong></span> <span class='ocrx_word' id='word_1_860' title='bbox 2141 5579 2274 5635; x_wconf 85' lang='lat' dir='ltr'><strong>ibid.</strong></span> <span class='ocrx_word' id='word_1_861' title='bbox 2320 5582 2409 5637; x_wconf 79' lang='grc' dir='ltr'>Η,</span> <span class='ocrx_word' id='word_1_862' title='bbox 2486 5582 2510 5621; x_wconf 75' lang='grc' dir='ltr'>ἀ</span> <span class='ocrx_word' id='word_1_863' title='bbox 2542 5581 2704 5639; x_wconf 79' lang='lat' dir='ltr'><strong>Marc.</strong></span> <span class='ocrx_word' id='word_1_864' title='bbox 2728 5602 2801 5652; x_wconf 79' lang='lat' dir='ltr'><strong>tv,</strong></span> <span class='ocrx_word' id='word_1_865' title='bbox 2834 5586 2920 5641; x_wconf 85' lang='grc' dir='ltr'><strong>Η.</strong></span> <span class='ocrx_word' id='word_1_866' title='bbox 3004 5598 3029 5626; x_wconf 75' lang='grc' dir='ltr'><strong>ε</strong></span> <span class='ocrx_word' id='word_1_867' title='bbox 3061 5586 3198 5642; x_wconf 80' lang='lat' dir='ltr'><strong>Luc.</strong></span> <span class='ocrx_word' id='word_1_868' title='bbox 3240 5604 3294 5653; x_wconf 67' lang='grc' dir='ltr'>χ,</span> <span class='ocrx_word' id='word_1_869' title='bbox 3327 5586 3419 5642; x_wconf 65' lang='grc' dir='ltr'><strong>ἲὸ.</strong></span> 
     </span>
    </p>
   </div>
   <div class='ocr_carea' id='block_1_115' title="bbox 1624 5707 2301 5797">
    <p class='ocr_par' dir='ltr' id='par_1_115' title="bbox 1624 5707 2301 5797">
     <span class='ocr_line' id='line_1_115' title="bbox 1624 5707 2301 5797; baseline 0.012 -36"><span class='ocrx_word' id='word_1_870' title='bbox 1624 5707 1854 5764; x_wconf 73' lang='lat' dir='ltr'><strong>VARle</strong></span> <span class='ocrx_word' id='word_1_871' title='bbox 1896 5709 2301 5797; x_wconf 64' lang='lat' dir='ltr'><strong>LECTIONES.</strong></span> 
     </span>
    </p>
   </div>
   <div class='ocr_carea' id='block_1_116' title="bbox 401 5796 1281 5871">
    <p class='ocr_par' dir='ltr' id='par_1_116' title="bbox 401 5796 1281 5871">
     <span class='ocr_line' id='line_1_116' title="bbox 401 5796 1281 5871; baseline 0.005 -18"><span class='ocrx_word' id='word_1_872' title='bbox 401 5804 453 5837; x_wconf 66' lang='grc'><strong>⁸⁵</strong></span> <span class='ocrx_word' id='word_1_873' title='bbox 473 5801 621 5856; x_wconf 75' lang='lat' dir='ltr'><strong>Adde</strong></span> <span class='ocrx_word' id='word_1_874' title='bbox 649 5796 783 5864; x_wconf 85' lang='grc' dir='ltr'>εἷλε,</span> <span class='ocrx_word' id='word_1_875' title='bbox 826 5803 907 5855; x_wconf 79' lang='lat' dir='ltr'><strong>vel</strong></span> <span class='ocrx_word' id='word_1_876' title='bbox 933 5802 1063 5871; x_wconf 79' lang='lat' dir='ltr'><strong>quid</strong></span> <span class='ocrx_word' id='word_1_877' title='bbox 1085 5803 1281 5857; x_wconf 83' lang='lat' dir='ltr'><strong>simile.</strong></span> 
     </span>
    </p>
   </div>
  </div>
