4012 6446
289 434 424 502 lli-1

1453 443 1532 501 ΙΝ
1575 440 2030 502 APOSTOLUM
2071 421 2338 500 TITUM.

3432 439 3567 506 1153

283 551 615 624 συνέιξεσθαι
646 555 740 608 καὶ
767 554 910 622 ὑμᾶς
945 555 1038 608 καὶ
1067 553 1646 624 συνευφρανθήσεσοαι
1665 570 1677 582 ·
1713 575 1728 605 ι
1755 555 1869 622 Ἐγ·

1989 555 2115 610 ritis
2149 564 2210 610 ut
2245 566 2298 610 ct
2351 558 2555 613 iterum
2590 557 2897 612 orationem
2939 555 2994 608 in
3043 569 3170 610 cum
3201 561 3519 610 convertam
3551 573 3566 608 :

281 647 701 716 κωμιαζομένου
729 650 838 715 γὰρ
883 647 1116 710 δικαίου,
1159 645 1634 716 εὐφρανθήσονται
1663 645 1806 709 λαοὶ,
1853 666 1872 698 ι

279 737 450 808 φησιν
498 739 527 791 6
579 739 896 807 σοφώτατος
932 736 1212 807 Σαλομών.
1253 737 1476 790 Δίκαιον
1509 736 1602 790 οὖν
1636 737 1878 807 ἡγοῦμαι

275 830 378 901 τὴν
409 829 628 884 πάντων
651 829 835 898 φωνὴν
858 829 1270 890 οἰκειώσασθαι,
1303 828 1396 881 καὶ
1426 828 1503 890 ὡς
1527 823 1606 891 εἷς
1647 829 1709 880 ἐκ
1741 830 1879 880 πάνυ

272 935 388 973 των
417 920 538 974 ἀντὶ
561 921 782 974 πάντων
822 921 1015 974 τοῦτον
1045 923 1172 992 ὑμῖν
1194 920 1582 990 ἀναστηλῶσαι
1609 919 1686 990 τῷ
1708 919 1873 988 λόγῳ,

269 1009 620 1080 τδν”λογικδν
667 1011 966 1079 ἀνδριάντα
1001 1012 1116 1065 τῶν
1153 1012 1351 1080 λόγων,
1383 1013 1478 1065 καὶ
1504 1011 1600 1082 τῆς
1633 1012 1876 1065 ἁπαντα-

271 1101 372 1172 χοῦ
405 1102 510 1172 γῆς
533 1101 644 1156 τῶν
683 1103 1023 1174 Ἐκκλησιῶν
1046 1099 1702 1176 πεφηνότίδιδέισκαλον.

1980 663 2046 702 ac
2080 648 2246 717 plane
2291 664 2624 718 persuasum
2664 647 2840 702 habeo
2876 647 3015 710 fore,
3047 654 3108 700 ut
3137 654 3193 701 et
3233 662 3338 700 vos
3365 661 3570 700 conse-

1981 738 2206 791 ctemini
2249 753 2314 792 ac
2345 739 2704 794 collaetemini
2741 757 2753 792 :
2795 756 2813 788 ι
2847 737 3134 807 Laudibus
3171 737 3447 806 siquidem
3481 753 3573 790 ce—

1983 827 2204 882 lebrato
2251 827 2428 899 justo,
2494 831 2833 884 laatabuntur
2880 829 3112 898 populii
3159 829 3296 900 (57),
3335 849 3354 880 ›
3393 830 3573 900 inquit

1987 920 2439 990 sapientissimus
2473 920 2764 976 Salomon.
2807 919 3028 975 Justum
3070 923 3256 992 itaque
3307 925 3570 989 arbitror,

1987 1023 2047 1066 ut
2088 1013 2338 1066 omnium
2370 1014 2502 1066 mihi
2547 1013 2842 1067 ast-iverim
2887 1029 3102 1078 vocem,
3145 1029 3211 1069 ac
3240 1015 3389 1069 velut
3425 1031 3571 1070 unus

1983 1114 2038 1162 et
2071 1115 2189 1161 toto
2245 1118 2414 1175 ctetu,
2455 1108 2690 1177 vicequc
2747 1109 3156 1172 universorum,
3211 1108 3360 1164 hunc
3407 1111 3570 1166 vobis

270 1211 560 1260 sermone,
596 1198 782 1252 instar
825 1198 999 1268 cippi,
1035 1213 1225 1252 coram
1264 1207 1502 1252 statuam
1537 1207 1590 1253 et
1637 1199 1844 1268 erigam
1887 1217 1900 1254 :
1941 1201 2038 1269 qui
2108 1202 2372 1256 nimirum
2400 1243 2413 1264 ,
2468 1217 2568 1256 ccu
2647 1202 2942 1256 rationalis
2993 1218 3310 1257 sermonum
3361 1213 3568 1275 statua,

349 1373 518 1441 Οὗτος
542 1376 672 1448 γὰρ,
703 1372 859 1442 οὗτός
879 1377 1026 1432 ἐστιν
1051 1379 1080 1432 6
1107 1379 1278 1450 μέγας
1307 1381 1488 1444 Τίτος,
1518 1379 1612 1434 τοῦ
1640 1379 1871 1444 σκεύους

271 1471 376 1542 τῆς
399 1471 634 1540 ἐκλογῆς
657 1472 684 1523 6
709 1471 1072 1542 συνέκδημος,
1105 1475 1132 1525 6
1157 1473 1360 1544 θερμὸς
1383 1475 1594 1526 ἐκείνου
1611 1475 1871 1536 κοινωνὸς

269 1566 331 1617 ἐν
357 1561 433 1632 τῷ
485 1561 579 1616 τοῦ
635 1563 976 1631 Εὑαγγελίου
1012 1564 1354 1635 κηρύγματι,
1389 1565 1548 1626 Τίτος
1595 1565 1622 1616 6
1653 1563 1870 1636 πρῶτος

266 1655 376 1727 τῆς
407 1655 802 1726 εἱδωλυμανίας
841 1655 1158 1724 ἀντίπαλος,
1193 1655 1288 1710 καὶ
1330 1655 1430 1725 τῆς
1477 1656 1717 1726 Χριστοῦ
1752 1656 1871 1710 θεο-

270 1749 470 1816 σοφίας
508 1747 825 1821 ὑπὲρμαχος
847 1763 860 1778 ⁸
891 1747 920 1800 6
951 1748 1090 1800 κατὰ
1119 1747 1227 1800 τῶν
1261 1748 1714 1816 προσκυνούντων
1743 1749 1872 1810 τοὺς

265 1838 480 1911 λίθους,
536 1839 684 1903 λίθος
725 1839 1162 1910 προσκόμματος
1198 1839 1474 1907 κείμενος,
1530 1839 1624 1892 καὶ
1660 1839 1752 1892 τὸν
1791 1841 1870 1902 εἰς

265 1931 519 2003 κεφαλὴν
545 1931 748 2000 γωνίας
766 1931 868 2000 τῆς
904 1931 1237 2002 Ἐκκλησίας
1257 1930 1404 1984 λίθον
1427 1932 1662 2002 Χριστὸν
1689 1933 1872 1996 αὐτοῖς

265 2023 634 2092 ὑποθέμενος.
666 2023 848 2086 Τῖτος,
881 2024 914 2093 ἡ
950 2023 1256 2094 ἅκρότομος
1285 2023 1417 2094 ἕδρα
1453 2023 1548 2076 καὶ
1573 2023 1751 2092 πέτρα
1772 2023 1874 2092 τῆς

268 2115 531 2178 πίστεως,
573 2116 604 2186 ἡ
663 2115 1159 2187 ἀποπετρωθὲντας
1211 2115 1306 2168 τὸν
1358 2115 1484 2168 νοῦν
1543 2115 1765 2184 Χριστῷ
1805 2117 1874 2186 τῇ

269 2207 453 2278 πέτρᾳ
496 2207 836 2280 στερεμνίως
886 2209 1212 2280 ἑδράζουσα.
1247 2209 1424 2274 Τίτος,
1451 2209 1512 2260 τὸ
1556 2207 1874 2261 θεὸκτιστον

269 2299 374 2366 τῆς
397 2296 632 2370 Κρητῶν
674 2297 1010 2368 Ἐκκλησίας
1035 2299 1402 2372 προπύργιον,
1437 2300 1470 2370 ἡ
1498 2298 1737 2369 ἀψευδὴς
1765 2297 1872 2352 τῶν

195 2459 199 2462 _
267 2389 620 2453 ἀδιστὰκτως
653 2389 806 2460 αὐτῷ
850 2391 1188 2460 προσιόντων
1229 2381 1544 2462 ἀντίληψις,
1589 2393 1650 2445 τὸ
1675 2393 1875 2464 εὐπρε-

274 2476 382 2540 πὲς
407 2477 500 2547 τῆς
531 2478 658 2548 περὶ
714 2479 862 2550 ἡμᾶς
892 2478 1044 2544 θείας
1091 2481 1418 2552 κηδεμονίας
1445 2483 1766 2552 προαύλιον,
1801 2485 1870 2537 δι’

264 2562 334 2622 οὗ
365 2567 460 2640 τὴν
495 2569 756 2641 ἀλήθειαν
793 2571 1066 2642 ἔγνωμεν,
1097 2574 1200 2643 τὴν
1231 2572 1378 2644 ζωὴν
1402 2575 1744 2646 ἐσχήκαμεν,
1772 2577 1872 2648 τὴν

267 2659 477 2728 γνῶσιν
509 2661 798 2732 ἐλάϐομεν,
851 2663 912 2716 τὸ
955 2662 1071 2732 φῶς
1119 2665 1569 2737 ὲνελάμφθημεν.
1632 2667 1812 2732 Τίτος,
1844 2669 1873 2722 6

263 2751 373 2820 τῆς
402 2753 826 2817 δυοκαιδεκάδος
855 2755 964 2807 τῶν
1004 2755 1132 2826 τῇδε
1161 2755 1430 2826 καθέδρας
1464 2758 1807 2828 ἀρχίθρονος,
1844 2761 1874 2812 6

269 2842 598 2915 θεολαμπὴς
625 2845 860 2915 οὐρανὸς
893 2848 994 2918 τῆς
1031 2847 1190 2918 ἡμῶν
1243 2848 1532 2918 ἀϐλεψίας,
1565 2851 1594 2902 6
1645 2830 1874 2922 φαιδρὸς

261 2932 371 2988 τοῦ
393 2935 854 3006 ἐκκλησιαστικοῦ
885 2937 1268 3010 στερεώματος
1296 2939 1468 3010 ἥλιος,
1498 2941 1526 2993 6
1556 2940 1872 3009 λαμπαδοῦ-

267 3042 370 3095 χος
396 3026 504 3078 τῶν
537 3026 800 3098 ἐμψύχων
829 3027 1171 3100 λαμπτήρων
1202 3031 1404 3100 ἀστὴρ,
1438 3033 1465 3084 6
1507 3032 1634 3094 τοὺς
1665 3033 1872 3103 πλανή-

263 3132 374 3180 τας
419 3118 518 3186 τῆς
568 3117 781 3188 πλάνης
837 3120 974 3190 πρὸς
1023 3120 1286 3184 ἀπλανεῖς
1336 3121 1562 3190 ἐφόδους
1611 3123 1868 3188 ἀπλανῶς

186 1337 196 1344 ,
271 1295 394 1340 ιοιο
453 1287 592 1342 orbe
653 1289 962 1354 pes-iturum
1036 1285 1420 1343 Ecclesiarum
1487 1287 1684 1342 doctor
1749 1287 2038 1344 claruerit.

2052 1381 2152 1436 llic
2195 1383 2341 1437 enim
2369 1383 2557 1452 plane,
2596 1382 2686 1436 hic
2733 1391 2818 1436 est
2857 1399 3088 1455 magnus
3121 1387 3214 1441 ille
3254 1385 3437 1454 Titus,
3471 1407 3568 1460 pe-

1977 1475 2417 1544 regrinationum
2442 1491 2630 1530 comes
2657 1477 2806 1530 vasis
2829 1475 2979 1530 illius
3013 1471 3334 1544 electionis,
3349 1481 3570 1537 fervens

1977 1563 2098 1634 ejus
2131 1566 2183 1618 in
2222 1564 2621 1634 praedicatione
2657 1565 2942 1636 Evangelii
2993 1570 3207 1623 socius.
3235 1569 3415 1637 Titus,
3453 1576 3570 1640 pri-

1979 1671 2104 1711 mus
2147 1655 2330 1710 insani
2361 1656 2640 1712 idolorum
2673 1660 2862 1714 cultus
2902 1659 3110 1722 hostis,
3139 1663 3460 1735 Christique
3488 1667 3572 1720 di-

1981 1751 2125 1804 vina:
2171 1751 2462 1821 religionis
2501 1752 2742 1806 vindex:
2783 1755 2851 1807 iis
2883 1755 2976 1824 qui
3013 1755 3226 1823 lapides
3265 1759 3570 1814 adorarent

1905 1863 1947 1917 Β
1976 1841 2305 1896 offensionis
2339 1843 2556 1910 positus
2593 1844 2758 1913 lapis,
2799 1847 3007 1915 quique
3032 1848 3276 1915 positum
3311 1851 3367 1904 in
3401 1861 3569 1922 caput

1977 1937 2164 2004 anguli
2201 1936 2462 1989 Ecclesia:
2485 1935 2721 2004 lapidem
2749 1937 3038 1992 Christum
3071 1941 3152 1994 eis
3177 1943 3566 1999 substraverit.

1976 2017 2158 2086 Titus,
2221 2021 2528 2076 durissima
2569 2023 2724 2078 basis
2756 2034 3024 2095 petraque
3057 2027 3208 2090 ﬁdei.
3241 2041 3478 2086 mentem
3510 2035 3570 2090 in

1975 2123 2187 2184 petram
2223 2117 2478 2176 duratos,
2516 2115 2570 2169 in
2605 2117 2828 2172 Christo
2853 2131 3010 2188 petra
3042 2119 3272 2178 ﬁrmans
3302 2138 3366 2177 ac
3395 2125 3568 2178 stahi-

1975 2207 2138 2262 liens.
2178 2206 2362 2270 Titus,
2417 2208 2769 2262 Cretensium
2823 2209 3087 2266 Ecclesia:
3132 2229 3160 2266 a
3206 2215 3317 2269 Deo
3371 2217 3570 2271 condi-

1977 2305 2088 2351 tum
2117 2313 2216 2352 ceu
2248 2299 2421 2353 turris
2457 2302 2936 2368 propugnaculum
2966 2321 2980 2368 ;
3021 2319 3149 2358 vera
3185 2305 3311 2362 sine
3339 2308 3566 2363 dubitu-

1975 2387 2130 2442 tione
2159 2387 2226 2442 ad
2259 2403 2387 2443 eum
2435 2387 2824 2442 accedentium
2873 2389 3150 2457 defensio,
3187 2395 3450 2450 decorum
3477 2399 3565 2451 di-

1977 2481 2118 2534 vina:
2151 2480 2205 2534 in
2237 2496 2339 2534 nos
2373 2495 2518 2534 cura!
2552 2481 2913 2550 praeludium,
2947 2499 3062 2552 quo
3088 2487 3453 2556 cegnovimus
3480 2506 3570 2544 vc-

1976 2571 2221 2636 ritatem,
2267 2570 2618 2626 obtinuimus
2669 2572 2860 2636 vitam,
2891 2574 3186 2629 scientiam
3220 2578 3566 2647 accepimus,

1975 2661 2191 2716 coalein
2221 2662 2432 2716 lumine
2467 2662 2678 2732 perfusi
2713 2680 2931 2720 smnus.
2967 2664 3149 2729 Titus,
3183 2667 3566 2725 duodenarum

1977 2763 2182 2808 nostrae
2217 2754 2413 2808 insula:
2449 2755 2664 2808 Sedium
2727 2756 2916 2810 sedem
2946 2758 3258 2828 principem
3293 2772 3507 2826 tenens,
3536 2777 3568 2816 a

1977 2843 2088 2898 Deo
2130 2844 2349 2913 fulgens
2385 2855 2591 2901 nostra:
2627 2848 2897 2902 cazcitatis
2924 2850 3149 2912 emtum,
3181 2853 3339 2908 lactus
3373 2852 3567 2908 Eccle-

1975 2937 2190 2991 siastici
2227 2936 2562 2992 ﬁrmamenti
2591 2941 2701 3000 sol,
2733 2940 3398 3000 anitnatisluminaribus
3429 2961 3570 3016 prm-

1976 3029 2167 3082 lucens
2202 3038 2441 3093 astrum,
2476 3031 2720 3085 erratica
2749 3032 2958 3087 erroris
2995 3035 3201 3098 sidera,
3233 3035 3303 3090 ad
3335 3037 3568 3098 indecli-

1977 3119 2216 3174 nabilem
2261 3120 2385 3175 lidei
2423 3122 2700 3178 tramitem
2740 3125 3056 3178 incrrantcr
3095 3126 3329 3192 ducens,
3367 3143 3432 3182 ac
3461 3145 3566 3184 ceu

266 3202 663 3278 καθοδηγὴσας
701 3209 802 3278 τῆς
827 3211 1090 3274 πίστεως,
1127 3211 1221 3266 καὶ
1247 3215 1578 3282 στηριγμοίς
1612 3213 1869 3284 ἀληθείας

1981 3209 2218 3265 sublatis
2252 3211 2475 3282 ignibus
2517 3213 2834 3267 universam
2875 3223 3085 3268 terram
3123 3215 3376 3272 veritatis
3410 3218 3569 3272 fulci—

265 3301 714 3370 καταπυρσεύων
744 3302 846 3370 τὴν
871 3301 1188 3372 σύμπασαν.
1234 3302 1414 3368 Τίτος,
1446 3305 1556 3358 τῶν
1586 3307 1872 3377 Χερουϐὶμ

263 3391 333 3444 τὸ
361 3392 539 3462 ὄμμα,
565 3393 673 3446 τῶν
701 3395 955 3466 Σεραφὶμ
983 3395 1046 3449 τὸ
1076 3397 1274 3465 στόμα,
1307 3398 1334 3448 6
1367 3399 1641 3469 γρήγορος
1675 3399 1876 3468 ὀφθαλ-

271 3485 399 3556 μὸς,
425 3485 484 3538 τὸ
503 3487 804 3558 ἀκοίμητον
830 3491 932 3560 τῆς
954 3491 1227 3559 μυστικῆς
1256 3491 1563 3562 ἀγραυλίαις
1582 3489 1870 3562 βλέφαρον.

269 3577 318 3631 Τ
327 3577 458 3640 ίτος.
489 3579 551 3630 τὸ
593 3579 1028 3650 ἀπροσμάχητον
1051 3581 1240 3648 ὅπλον,
1273 3585 1305 3652 ἡ
1328 3562 1446 3635 κατ’
1471 3583 1684 3653 ἐχθρῶν
1703 3584 1877 3638 ὲστιλο

269 3668 498 3742 ϐωμένη
535 3672 782 3742 ῥομφαία
809 3712 822 3737 ,
873 3673 983 3726 τῶν
1021 3673 1238 3727 οἰκείων
1269 3675 1478 3728 τέκνων
1504 3677 1532 3728 6
1563 3675 1866 3746 πρόμαχος,

268 3761 389 3817 τῶν
413 3764 638 3835 ἀπόρων
669 3767 698 3817 6
746 3765 938 3835 πόρος,
971 3767 1081 3819 τῶν
1129 3765 1502 3840 πεινώντωνὴ
1532 3766 1728 3838 τροφὴ,
1759 3767 1869 3822 τῶν

269 3852 526 3922 ἀστέγων
558 3857 594 3926 ἡ
631 3856 824 3924 στέγη,
880 3859 914 3927 ἡ
960 3858 1091 3920 τοὺς
1121 3861 1410 3928 γυμνήτας
1440 3859 1871 3930 περιστέλλουσα

270 3942 476 4012 σκέπη,
515 3943 544 3994 6
577 3943 705 4006 τοὺς
745 3946 804 3996 ἐν
837 3945 973 4018 ζάλῃ
1005 3947 1268 4016 κυμάτων
1300 3946 1585 4012 διασώςων
1620 3949 1809 4020 λιμὴν,
1843 3953 1872 4004 6

265 4034 486 4103 πυρσὸς
519 4038 616 4105 τῆς
649 4036 954 4101 εὐσεϐείας,
987 4039 1016 4090 6
1049 4038 1319 4108 διαφανὴς
1343 4039 1453 4092 τῶν
1475 4039 1636 4093 θείων
1659 4041 1868 4110 δογμά-

261 4142 383 4178 των
420 4125 732 4198 σπινθὴρ,ή
765 4127 1008 4200 ἔμψυχος
1046 4130 1146 4200 τῆς
1191 4130 1520 4201 Ἐκκλησίας
1551 4129 1798 4201 λαμπὰς,
1831 4135 1862 4204 ή

265 4216 447 4286 στήλη
497 4216 608 4269 τῶν
639 4218 872 4288 ἀρετῶν,
913 4221 947 4290 ἡ
983 4219 1226 4288 ἔμπνους
1267 4219 1374 4274 τῶν
1421 4221 1865 4292 κατορθωμάτων

262 4307 466 4375 εἰκὼν,
498 4310 530 4378 ὴ
565 4307 788 4373 εὔλαλος
817 4309 926 4364 τῶν
958 4311 1248 4381 δογμάτων
1281 4309 1442 4379 λύρα,
1462 4313 1490 4365 6
1521 4313 1740 4382 λιγυρὸς
1761 4311 1871 4366 τῶν

266 4400 442 4454 θείων
471 4400 738 4471 ᾀσμάτων
763 4399 923 4472 ᾠδὸς,
950 4405 982 4474 ὴ
1005 4403 1272 4474 ἁσίγητος
1299 4403 1562 4474 φόρμιγξ,
1580 4406 1613 4476 ἡ
1631 4404 1706 4475 τῷ
1734 4405 1869 4475 πλή-

353 4569 372 4608 i
407 4567 545 4621 Prov
609 4581 686 4630 χι,
731 4563 814 4618 l0.

1975 3301 2173 3355 mentis
2213 3303 2576 3358 collustrans.
2612 3302 2774 3358 Titus
2801 3305 2916 3368 ille,
2953 3305 3301 3362 Cheruhicus
3334 3310 3563 3369 oculus:

1972 3407 2036 3448 os
2093 3391 2482 3462 Scraphicum,
2531 3395 2664 3462 vigil
2698 3397 2949 3461 obtutus,
2997 3397 3395 3468 inseparabilis
3443 3419 3569 3475 my-

1973 3486 2124 3539 sticae
2173 3487 2619 3556 pernoctationis
2662 3505 2760 3558 pro
2814 3493 3058 3558 pastoris
3112 3507 3344 3548 munere
3379 3495 3568 3564 palpe-

1975 3575 2094 3630 bra.
2153 3576 2334 3644 Titus,
2389 3580 2848 3650 inexpugnabilis
2903 3583 3200 3652 protectio,
3253 3585 3474 3654 gladius
3508 3588 3564 3640 in

1974 3667 2164 3724 hostes
2219 3669 2530 3735 districtus,
2585 3671 2823 3725 ﬁliorum
2885 3683 3288 3742 propugnator,
3336 3674 3562 3744 inepum

1974 3767 2241 3828 quaestus,
2267 3760 2425 3814 cibus
2452 3763 2842 3826 esurientium,
2876 3779 3139 3830 vagorum
3173 3775 3226 3818 et
3255 3767 3376 3820 sine
3411 3776 3564 3820 tecto

1977 3860 2205 3916 tectum,
2262 3853 2540 3906 nudorum
2606 3853 3047 3921 operimentum,
3107 3863 3304 3924 portus
3361 3857 3566 3912 salutis

1978 3945 2210 4000 marinis
2255 3943 2525 4002 ﬂuctibus
2574 3946 2942 4014 jactatorum,
3001 3947 3296 4016 religionis
3351 3947 3557 4007 facula,

1975 4039 2226 4092 emicans
2277 4038 2590 4092 divinorum
2636 4038 2962 4106 dogmatum
3003 4040 3273 4104 scintilla,
3321 4041 3564 4094 animata

1975 4130 2243 4186 Ecclesiae.
2266 4131 2500 4198 lampas,
2538 4131 2798 4185 columna
2828 4131 3125 4194 virtutum,
3171 4131 3395 4200 spirans
3423 4147 3564 4200 prir-

1973 4221 2120 4274 clare
2173 4229 2456 4288 gestorum
2512 4220 2718 4289 imago,
2775 4233 2984 4272 canora
3035 4219 3358 4288 dogmatum
3417 4220 3558 4290 lyra,

1977 4312 2191 4367 vocalis
2220 4312 2544 4365 divinorum
2574 4311 2888 4364 carminum
2939 4323 3140 4363 cantor
3163 4351 3178 4376 ,
3231 4311 3446 4365 cithara
3481 4313 3562 4366 si-

1979 4405 2092 4460 lere
2124 4405 2407 4470 nesciens,
2459 4419 2584 4472 qua:
2637 4401 2810 4455 animi
2861 4401 3186 4457 aii'ectionvs
3232 4416 3510 4472 compone
3543 4443 3560 4469 ,

1587 4679 1970 4739 COMBEFISH
2021 4679 2253 4736 NOTAE.

263 4837 649 4891 conventum,
697 4839 862 4893 quem
929 4824 1116 4893 statim
1174 4821 1313 4876 dicit
1351 4823 1454 4891 τῆς
1499 4824 1652 4892 ἱερᾶς
1699 4821 1864 4875 Τίτου

1976 4821 2280 4893 secundum
2360 4817 2498 4872 illud
2529 4861 2544 4884 ,
2602 4816 3120 4893 εὐφρανθήσονται,

259 4895 464 4970 χειρὸς
477 4892 920 4970 θεοσφράγιστον
947 4892 1228 4970 σύστημα,
1271 4893 1424 4946 velut
1456 4901 1661 4970 emtum
1699 4909 1861 4962 quem

263 4965 442 5024 's'aera
476 4966 587 5020 Titi
620 4982 821 5027 manus
851 4965 1040 5020 divino
1069 4967 1398 5017 charactere
1426 4965 1822 5034 consignasset
1847 4979 1862 5016 :

262 5053 394 5114 n_9n
430 5039 547 5108 ipse
575 5037 893 5114 immediate
917 5075 932 5097 ,
964 5034 1061 5090 sed
1103 5035 1157 5086 in
1190 5034 1552 5114 episcopiset
1597 5031 1863 5114 sace‘rd‘o:

265 5108 429 5162 tibus
455 5099 619 5172 'quns
661 5099 838 5173 Cretae:
889 5099 1250 5170 successores
1303 5099 1638 5170 reliquisset.
1713 5101 1864 5156 Nihil

260 5179 448 5233 etiam
473 5184 646 5241 vetat,
675 5183 734 5232 ut
774 5191 844 5231 ne
882 5175 1218 5246 dicatrsolos
1265 5177 1488 5246 pro-prie
1518 5175 1864 5246 sacerdotes,

259 5247 630 5316 maximeque
661 5249 992 5316 episcopos;
1045 5245 1101 5298 in
1134 5245 1385 5312 quorum
1406 5259 1614 5300 corona
1647 5245 1870 5300 videtur

260 5315 750 5387 ArcliiepisCOptis
802 5332 1018 5387 orasse,
1073 5330 1137 5370 ac
1176 5315 1582 5387 celebrandum
1643 5330 1866 5370 assum-

267 5387 460 5456 psisse
490 5385 726 5456 primum
763 5403 877 5442 suae
903 5386 1050 5442 sedis
1077 5385 1554 5454 archiepiscopum
1589 5399 1866 5454 :quorum

265 5456 353 5514 sit
397 5458 634 5526 partium
679 5457 903 5512 laudare
940 5471 1040 5527 pro
1073 5457 1342 5512 concione
1393 5458 1548 5510 viros
1580 5457 1782 5524 justos,
1815 5463 1869 5510 et

264 5529 536 5582 encomio
584 5543 834 5584 recreare
871 5529 1147 5598 populos;
1188 5542 1330 5596 quas
1377 5527 1484 5582 sibi
1535 5529 1627 5580 ille
1657 5536 1862 5596 partes,

269 5599 403 5651 vice
433 5600 682 5652 omnium
739 5598 1011 5662 vindicat,
1045 5608 1105 5652 ut
1137 5599 1393 5664 loquatur
1433 5599 1585 5652 velut
1615 5597 1864 5652 omnium

268 5682 400 5732 ore,
437 5669 754 5738 majoripse
797 5671 1085 5738 praelatus.
1136 5667 1278 5734 Quid
1329 5668 1376 5724 si
1433 5681 1533 5738 pro
1589 5668 1759 5738 ἱερὸν,
1792 5668 1864 5718 ir-

269 5739 453 5808 repsit
483 5739 671 5808 ἱερέων
691 5738 716 5792 ?

357 5807 469 5878 (57)
506 5806 780 5864 Laudibus
811 5809 1072 5864 celebrato
1089 5808 1262 5878 justo,
1295 5806 1634 5863 (tutabantur
1654 5807 1862 5878 populi.

274 5875 458 5934 Paulo
487 5879 648 5935 aliter
678 5880 884 5936 habent
919 5879 1073 5950 Vulg.
1090 5875 1157 5936 'et
1179 5878 1349 5938 ‘LXX.
1382 5875 1663 5951 Theodqr.
1699 5875 1864 5934 habet

3201 4813 3564 4880 ἀγαλλιάσον-

1970 4909 2086 4946 ται.
2120 4891 2268 4957 quod
2324 4904 2522 4960 parum
2570 4884 2749 4951 abest,
2799 4897 2942 4960 ιιι-ιιι
2985 4887 3122 4960 illud
3160 4884 3317 4953 Vulg.
3358 4885 3564 4960 Esau!-

1976 4962 2110 5034 tabit
2130 4955 2651 5034 civi_tas';_Tigur_et
2677 4961 2831 5013 Sant.
2853 4957 3207 5034 [imitabitur
3233 4971 3390 5034 {quo
3424 4955 3565 5034 forte

1975 5031 2139 5084 modo
2169 5031 2335 5104 etiam
2371 5025 2816 5104 illa—habuerunt
2833 5028 3203 5104 ζ’ξι-ειιισλξηξιιυεε
3237 5025 3508 5104 llebraica
3529 5044 3561 5104 _:

1973 5111 2168 5165 D‘l'tn;
2223 5100 2312 5156 cui
2385 5101 2543 5154 aliine
2592 5099 2727 5153 illud
2789 5097 2931 5151 LXX
2993 5114 3006 5150 :
3057 5096 3200 5150 Bene
3262 5095 3424 5162 gessit
3491 5095 3569 5147 ci-

1973 5174 2132 5236 vitas,
2162 5181 2222 5226 ut
2265 5173 2540 5234 genuinus
2579 5185 2782 5224 sensus
2809 5171 2926 5224 sit:
2965 5165 3032 5236 In
3075 5166 3226 5220 bonis
3260 5166 3562 5236 justormn,

1971 5234 2208 5313 quodet
2251 5241 2411 5313 Vulg.
2460 5250 2514 5296 et
2558 5239 2714 5313 LXX
2736 5241 2958 5313 habent.
3019 5235 3282 5313 [iocur-st,
3336 5234 3564 5313 praemio

1973 5305 2184 5368 aﬂ‘ectis
2207 5328 2319 5384 pro
2344 5305 2560 5367 Fatione
2581 5311 2814 5384 justitia:
2842 5319 2896 5362 et
2931 5305 3302 5384 rectitudinis,
3332 5312 3564 5384 quaeest

1977 5384 2096 5452 ipsa
2125 5373 2442 5439 benedictio
2469 5373 2632 5452 quain
2667 5379 2918 5452 Hebrma,
2961 5378 3121 5434 Sam.
3151 5387 3199 5452 et
3239 5374 3430 5444 Tlgur.
3461 5373 3563 5426 Ita-

1972 5447 2138 5518 bent,
2193 5453 2312 5510 fore
2353 5447 2709 5510 exaltandam
2762 5451 3072 5512 civitatem,
3125 5447 3290 5518 eique
3336 5459 3564 5518 cessura

1974 5515 2161 5580 omnia
2194 5539 2482 5596 prospere.
2508 5521 2666 5596 Felix
2708 5529 2856 5596 certe
2889 5519 3115 5596 civitas,
3142 5515 3336 5596 inqua
3379 5515 3562 5596 caule-rt

1972 5583 2278 5666 sanctaque
2329 5583 2666 5666 'distributio
2743 5591 3004 5666 inviolata
3055 5583 3384 5666 obtineret.‘
3433 5583 3561 5666 Fuit

1970 5675 2166 5738 saneto
2190 5659 2409 5738 'ﬂugqui
2434 5665 2619 5738 multa
2649 5663 2752 5738 hac
2784 5662 2838 5714 in
2874 5676 2952 5738 re,
2974 5667 3030 5738 et
3055 5659 3246 5738 iniqua
3271 5697 3285 5738 ε
3309 5659 3477 5738 etiam
3506 5659 3562 5708 in

1969 5737 2064 5791 Dei
2118 5727 2376 5802 ecclesia,
2413 5734 2828 5796 distributione,
2882 5733 2936 5784 in
2993 5729 3083 5784 Dei
3132 5727 3560 5803 providentiam,

1971 5823 2291 5877 quanquam
2326 5797 2394 5860 ad
2421 5819 2654 5877 agonem
2706 5809 2924 5877 tantum
2971 5809 3027 5856 et
3055 5797 3268 5868 potiora
3314 5798 3372 5854 in
3401 5797 3563 5853 cmlis

1971 5872 2224 5950 prmmia,
2256 5872 2510 5942 tentatio,
2546 5882 2606 5931 ut
2635 5873 2840 5931 habent
2868 5872 2991 5944 ejus
3021 5879 3166 5927 acta.
