  <div class='ocr_page' id='page_1' title='image "/cluster/home/n/w/nwhite01/storage/ocr_20150623/97/coo.31924054870013/611.png"; bbox 0 0 4012 6438; ppageno 0'>
   <div class='ocr_carea' id='block_1_1' title="bbox 551 385 687 450">
    <p class='ocr_par' dir='ltr' id='par_1_1' title="bbox 551 385 687 450">
     <span class='ocr_line' id='line_1_1' title="bbox 551 385 687 450; baseline 0.015 -2"><span class='ocrx_word' id='word_1_1' title='bbox 551 385 687 450; x_wconf 73' lang='lat'><strong>1159</strong></span> 
     </span>
    </p>
   </div>
   <div class='ocr_carea' id='block_1_2' title="bbox 1712 380 2597 445">
    <p class='ocr_par' dir='ltr' id='par_1_2' title="bbox 1712 380 2597 445">
     <span class='ocr_line' id='line_1_2' title="bbox 1712 380 2597 445; baseline -0.006 0"><span class='ocrx_word' id='word_1_2' title='bbox 1712 387 1775 445; x_wconf 87' lang='lat' dir='ltr'><strong>S.</strong></span> <span class='ocrx_word' id='word_1_3' title='bbox 1812 381 2141 445; x_wconf 65' lang='lat' dir='ltr'><strong>ANDREJE</strong></span> <span class='ocrx_word' id='word_1_4' title='bbox 2173 380 2597 441; x_wconf 68' lang='lat' dir='ltr'><strong>CRETENSIS</strong></span> 
     </span>
    </p>
   </div>
   <div class='ocr_carea' id='block_1_3' title="bbox 3646 375 3751 444">
    <p class='ocr_par' dir='ltr' id='par_1_3' title="bbox 3646 375 3751 444">
     <span class='ocr_line' id='line_1_3' title="bbox 3646 375 3751 444; baseline 0.048 -5"><span class='ocrx_word' id='word_1_5' title='bbox 3646 375 3751 444; x_wconf 76' lang='lat'><strong>1160</strong></span> 
     </span>
    </p>
   </div>
   <div class='ocr_carea' id='block_1_4' title="bbox 527 486 2114 561">
    <p class='ocr_par' dir='ltr' id='par_1_4' title="bbox 527 486 2100 561">
     <span class='ocr_line' id='line_1_4' title="bbox 527 486 2100 561; baseline -0.004 -14"><span class='ocrx_word' id='word_1_6' title='bbox 527 504 820 547; x_wconf 89' lang='lat' dir='ltr'><strong>sacrorum</strong></span> <span class='ocrx_word' id='word_1_7' title='bbox 848 486 1107 559; x_wconf 90' lang='lat' dir='ltr'><strong>pulsuum</strong></span> <span class='ocrx_word' id='word_1_8' title='bbox 1142 487 1397 558; x_wconf 88' lang='lat' dir='ltr'><strong>plectro;</strong></span> <span class='ocrx_word' id='word_1_9' title='bbox 1431 489 1666 560; x_wconf 80' lang='lat' dir='ltr'><strong>mystica</strong></span> <span class='ocrx_word' id='word_1_10' title='bbox 1701 490 1824 546; x_wconf 87' lang='lat' dir='ltr'><strong>fidei</strong></span> <span class='ocrx_word' id='word_1_11' title='bbox 1853 492 2100 561; x_wconf 87' lang='lat' dir='ltr'><strong>dioptra,</strong></span> 
     </span>
    </p>
   </div>
   <div class='ocr_carea' id='block_1_5' title="bbox 2206 486 3755 561">
    <p class='ocr_par' dir='ltr' id='par_1_5' title="bbox 2209 486 3755 557">
     <span class='ocr_line' id='line_1_5' title="bbox 2209 486 3755 557; baseline 0.004 -18"><span class='ocrx_word' id='word_1_12' title='bbox 2209 505 2359 557; x_wconf 85' lang='grc' dir='ltr'>κτρῳ</span> <span class='ocrx_word' id='word_1_13' title='bbox 2393 489 2501 541; x_wconf 89' lang='grc' dir='ltr'><strong>τῶν</strong></span> <span class='ocrx_word' id='word_1_14' title='bbox 2553 487 2719 557; x_wconf 86' lang='grc' dir='ltr'>ίερῶν</span> <span class='ocrx_word' id='word_1_15' title='bbox 2766 486 3131 555; x_wconf 79' lang='grc' dir='ltr'><strong>κρουσμάτων</strong></span> <span class='ocrx_word' id='word_1_16' title='bbox 3163 486 3229 539; x_wconf 84' lang='grc' dir='ltr'>τὰ</span> <span class='ocrx_word' id='word_1_17' title='bbox 3264 486 3371 540; x_wconf 90' lang='grc' dir='ltr'><strong>τῶν</strong></span> <span class='ocrx_word' id='word_1_18' title='bbox 3405 486 3587 557; x_wconf 59' lang='grc' dir='ltr'>ψυχῶν</span> <span class='ocrx_word' id='word_1_19' title='bbox 3615 506 3755 546; x_wconf 86' lang='grc' dir='ltr'>κατα-</span> 
     </span>
    </p>
   </div>
   <div class='ocr_carea' id='block_1_6' title="bbox 522 578 2102 654">
    <p class='ocr_par' dir='ltr' id='par_1_6' title="bbox 522 578 2102 654">
     <span class='ocr_line' id='line_1_6' title="bbox 522 578 2102 654; baseline -0.003 -16"><span class='ocrx_word' id='word_1_20' title='bbox 522 581 879 654; x_wconf 88' lang='lat' dir='ltr'><strong>repercussis</strong></span> <span class='ocrx_word' id='word_1_21' title='bbox 937 579 1224 632; x_wconf 84' lang='lat' dir='ltr'><strong>radiorum</strong></span> <span class='ocrx_word' id='word_1_22' title='bbox 1276 578 1592 649; x_wconf 75' lang='lat' dir='ltr'><strong>fulgoribus</strong></span> <span class='ocrx_word' id='word_1_23' title='bbox 1645 580 2102 636; x_wconf 79' lang='lat' dir='ltr'><strong>adversariorum</strong></span> 
     </span>
    </p>
   </div>
   <div class='ocr_carea' id='block_1_7' title="bbox 523 670 2105 746">
    <p class='ocr_par' dir='ltr' id='par_1_7' title="bbox 523 670 2105 746">
     <span class='ocr_line' id='line_1_7' title="bbox 523 670 2105 746; baseline -0.002 -17"><span class='ocrx_word' id='word_1_24' title='bbox 523 675 763 746; x_wconf 85' lang='lat' dir='ltr'><strong>pupillas</strong></span> <span class='ocrx_word' id='word_1_25' title='bbox 801 672 1131 729; x_wconf 79' lang='lat' dir='ltr'><strong>verberans.</strong></span> <span class='ocrx_word' id='word_1_26' title='bbox 1171 670 1355 737; x_wconf 91' lang='lat' dir='ltr'><strong>Titus,</strong></span> <span class='ocrx_word' id='word_1_27' title='bbox 1395 673 1616 742; x_wconf 90' lang='lat' dir='ltr'><strong>piorum</strong></span> <span class='ocrx_word' id='word_1_28' title='bbox 1647 675 1941 745; x_wconf 75' lang='lat' dir='ltr'><strong>phalangis</strong></span> <span class='ocrx_word' id='word_1_29' title='bbox 1978 688 2105 743; x_wconf 87' lang='lat' dir='ltr'><strong>per-</strong></span> 
     </span>
    </p>
   </div>
   <div class='ocr_carea' id='block_1_8' title="bbox 522 762 2101 837">
    <p class='ocr_par' dir='ltr' id='par_1_8' title="bbox 522 762 2101 837">
     <span class='ocr_line' id='line_1_8' title="bbox 522 762 2101 837; baseline -0.002 -15"><span class='ocrx_word' id='word_1_30' title='bbox 522 783 686 837; x_wconf 89' lang='lat' dir='ltr'><strong>quam</strong></span> <span class='ocrx_word' id='word_1_31' title='bbox 743 763 1177 819; x_wconf 74' lang='lat' dir='ltr'><strong>strenuissimus</strong></span> <span class='ocrx_word' id='word_1_32' title='bbox 1228 762 1414 830; x_wconf 86' lang='lat' dir='ltr'><strong>miles,</strong></span> <span class='ocrx_word' id='word_1_33' title='bbox 1478 764 1729 818; x_wconf 88' lang='lat' dir='ltr'><strong>fidelium</strong></span> <span class='ocrx_word' id='word_1_34' title='bbox 1793 773 2101 826; x_wconf 88' lang='lat' dir='ltr'><strong>armatura.</strong></span> 
     </span>
    </p>
   </div>
   <div class='ocr_carea' id='block_1_9' title="bbox 524 850 2107 923">
    <p class='ocr_par' dir='ltr' id='par_1_9' title="bbox 524 850 2107 923">
     <span class='ocr_line' id='line_1_9' title="bbox 524 850 2107 923; baseline -0.003 -13"><span class='ocrx_word' id='word_1_35' title='bbox 524 855 772 910; x_wconf 87' lang='lat' dir='ltr'><strong>hostium</strong></span> <span class='ocrx_word' id='word_1_36' title='bbox 810 853 1113 923; x_wconf 85' lang='lat' dir='ltr'><strong>pernicies,</strong></span> <span class='ocrx_word' id='word_1_37' title='bbox 1147 850 1334 906; x_wconf 89' lang='lat' dir='ltr'><strong>minus</strong></span> <span class='ocrx_word' id='word_1_38' title='bbox 1360 860 1515 906; x_wconf 89' lang='lat' dir='ltr'><strong>recte</strong></span> <span class='ocrx_word' id='word_1_39' title='bbox 1544 853 1879 923; x_wconf 81' lang='lat' dir='ltr'><strong>sapientium</strong></span> <span class='ocrx_word' id='word_1_40' title='bbox 1920 868 2107 908; x_wconf 88' lang='lat' dir='ltr'><strong>emen-</strong></span> 
     </span>
    </p>
   </div>
   <div class='ocr_carea' id='block_1_10' title="bbox 522 940 2106 1015">
    <p class='ocr_par' dir='ltr' id='par_1_10' title="bbox 522 940 2106 1015">
     <span class='ocr_line' id='line_1_10' title="bbox 522 940 2106 1015; baseline -0.003 -14"><span class='ocrx_word' id='word_1_41' title='bbox 522 948 707 1011; x_wconf 84' lang='lat' dir='ltr'><strong>datio,</strong></span> <span class='ocrx_word' id='word_1_42' title='bbox 767 947 925 999; x_wconf 87' lang='lat' dir='ltr'><strong>firma</strong></span> <span class='ocrx_word' id='word_1_43' title='bbox 980 960 1169 1000; x_wconf 90' lang='lat' dir='ltr'><strong>eorum</strong></span> <span class='ocrx_word' id='word_1_44' title='bbox 1217 944 1312 1014; x_wconf 88' lang='lat' dir='ltr'><strong>qui</strong></span> <span class='ocrx_word' id='word_1_45' title='bbox 1362 956 1766 999; x_wconf 87' lang='lat' dir='ltr'><strong>convertuntur</strong></span> <span class='ocrx_word' id='word_1_46' title='bbox 1797 940 2106 1015; x_wconf 88' lang='lat' dir='ltr'><strong>palinodla,</strong></span> 
     </span>
    </p>
   </div>
   <div class='ocr_carea' id='block_1_11' title="bbox 522 1035 2104 1111">
    <p class='ocr_par' dir='ltr' id='par_1_11' title="bbox 522 1035 2104 1111">
     <span class='ocr_line' id='line_1_11' title="bbox 522 1035 2104 1111; baseline -0.003 -16"><span class='ocrx_word' id='word_1_47' title='bbox 522 1041 909 1111; x_wconf 64' lang='lat' dir='ltr'><strong>mgrotantium</strong></span> <span class='ocrx_word' id='word_1_48' title='bbox 958 1038 1235 1103; x_wconf 87' lang='lat' dir='ltr'><strong>medicus,</strong></span> <span class='ocrx_word' id='word_1_49' title='bbox 1287 1035 1567 1093; x_wconf 87' lang='lat' dir='ltr'><strong>fessorum</strong></span> <span class='ocrx_word' id='word_1_50' title='bbox 1601 1041 1848 1106; x_wconf 81' lang='lat' dir='ltr'><strong>requies,</strong></span> <span class='ocrx_word' id='word_1_51' title='bbox 1882 1037 2104 1091; x_wconf 57' lang='lat' dir='ltr'><strong>vincto-</strong></span> 
     </span>
    </p>
   </div>
   <div class='ocr_carea' id='block_1_12' title="bbox 523 1127 2108 1198">
    <p class='ocr_par' dir='ltr' id='par_1_12' title="bbox 523 1127 2108 1198">
     <span class='ocr_line' id='line_1_12' title="bbox 523 1127 2108 1198; baseline -0.002 -11"><span class='ocrx_word' id='word_1_52' title='bbox 523 1146 648 1188; x_wconf 90' lang='lat' dir='ltr'><strong>rum</strong></span> <span class='ocrx_word' id='word_1_53' title='bbox 697 1127 1011 1195; x_wconf 85' lang='lat' dir='ltr'><strong>absolutio;</strong></span> <span class='ocrx_word' id='word_1_54' title='bbox 1069 1130 1125 1182; x_wconf 91' lang='lat' dir='ltr'><strong>in</strong></span> <span class='ocrx_word' id='word_1_55' title='bbox 1184 1129 1623 1183; x_wconf 80' lang='lat' dir='ltr'><strong>necessitatibus</strong></span> <span class='ocrx_word' id='word_1_56' title='bbox 1658 1130 1969 1198; x_wconf 88' lang='lat' dir='ltr'><strong>positorum</strong></span> <span class='ocrx_word' id='word_1_57' title='bbox 2016 1142 2108 1184; x_wconf 79' lang='lat' dir='ltr'><strong>re-</strong></span> 
     </span>
    </p>
   </div>
   <div class='ocr_carea' id='block_1_13' title="bbox 525 1216 2103 1287">
    <p class='ocr_par' dir='ltr' id='par_1_13' title="bbox 525 1216 2103 1287">
     <span class='ocr_line' id='line_1_13' title="bbox 525 1216 2103 1287; baseline -0.004 -11"><span class='ocrx_word' id='word_1_58' title='bbox 525 1222 765 1285; x_wconf 87' lang='lat' dir='ltr'><strong>creatio,</strong></span> <span class='ocrx_word' id='word_1_59' title='bbox 824 1216 881 1273; x_wconf 89' lang='lat' dir='ltr'><strong>in</strong></span> <span class='ocrx_word' id='word_1_60' title='bbox 915 1217 1334 1273; x_wconf 85' lang='lat' dir='ltr'><strong>calamitatibus</strong></span> <span class='ocrx_word' id='word_1_61' title='bbox 1388 1218 1669 1286; x_wconf 80' lang='lat' dir='ltr'><strong>agentium</strong></span> <span class='ocrx_word' id='word_1_62' title='bbox 1724 1216 2103 1287; x_wconf 79' lang='lat' dir='ltr'><strong>refrigerium,</strong></span> 
     </span>
    </p>
   </div>
   <div class='ocr_carea' id='block_1_14' title="bbox 525 1309 2105 1384">
    <p class='ocr_par' dir='ltr' id='par_1_14' title="bbox 525 1309 2105 1384">
     <span class='ocr_line' id='line_1_14' title="bbox 525 1309 2105 1384; baseline -0.001 -19"><span class='ocrx_word' id='word_1_63' title='bbox 525 1322 683 1384; x_wconf 90' lang='lat' dir='ltr'><strong>pater</strong></span> <span class='ocrx_word' id='word_1_64' title='bbox 733 1312 1142 1381; x_wconf 89' lang='lat' dir='ltr'><strong>orphanorum,</strong></span> <span class='ocrx_word' id='word_1_65' title='bbox 1179 1309 1444 1364; x_wconf 89' lang='lat' dir='ltr'><strong>defensor</strong></span> <span class='ocrx_word' id='word_1_66' title='bbox 1500 1309 1817 1372; x_wconf 75' lang='lat' dir='ltr'><strong>viduarum,</strong></span> <span class='ocrx_word' id='word_1_67' title='bbox 1850 1311 2105 1378; x_wconf 86' lang='lat' dir='ltr'><strong>captivo-</strong></span> 
     </span>
    </p>
   </div>
   <div class='ocr_carea' id='block_1_15' title="bbox 523 1400 2103 1471">
    <p class='ocr_par' dir='ltr' id='par_1_15' title="bbox 523 1400 2103 1471">
     <span class='ocr_line' id='line_1_15' title="bbox 523 1400 2103 1471; baseline -0.003 -14"><span class='ocrx_word' id='word_1_68' title='bbox 523 1419 646 1457; x_wconf 90' lang='lat' dir='ltr'><strong>rum</strong></span> <span class='ocrx_word' id='word_1_69' title='bbox 684 1402 967 1467; x_wconf 86' lang='lat' dir='ltr'><strong>liberatio,</strong></span> <span class='ocrx_word' id='word_1_70' title='bbox 1026 1401 1231 1470; x_wconf 85' lang='lat' dir='ltr'><strong>hospes</strong></span> <span class='ocrx_word' id='word_1_71' title='bbox 1260 1401 1712 1471; x_wconf 84' lang='lat' dir='ltr'><strong>peregrinorum,</strong></span> <span class='ocrx_word' id='word_1_72' title='bbox 1747 1400 2103 1454; x_wconf 83' lang='lat' dir='ltr'><strong>detentorum</strong></span> 
     </span>
    </p>
   </div>
   <div class='ocr_carea' id='block_1_16' title="bbox 524 1488 2102 1559">
    <p class='ocr_par' dir='ltr' id='par_1_16' title="bbox 524 1488 2102 1559">
     <span class='ocr_line' id='line_1_16' title="bbox 524 1488 2102 1559; baseline -0.001 -14"><span class='ocrx_word' id='word_1_73' title='bbox 524 1492 581 1545; x_wconf 91' lang='lat' dir='ltr'><strong>in</strong></span> <span class='ocrx_word' id='word_1_74' title='bbox 612 1502 838 1545; x_wconf 88' lang='lat' dir='ltr'><strong>carcere</strong></span> <span class='ocrx_word' id='word_1_75' title='bbox 853 1490 1131 1553; x_wconf 84' lang='lat' dir='ltr'><strong>visitatio,</strong></span> <span class='ocrx_word' id='word_1_76' title='bbox 1157 1502 1352 1545; x_wconf 90' lang='lat' dir='ltr'><strong>eorum</strong></span> <span class='ocrx_word' id='word_1_77' title='bbox 1387 1490 1482 1559; x_wconf 90' lang='lat' dir='ltr'><strong>qui</strong></span> <span class='ocrx_word' id='word_1_78' title='bbox 1512 1497 1800 1543; x_wconf 88' lang='lat' dir='ltr'><strong>tentantur</strong></span> <span class='ocrx_word' id='word_1_79' title='bbox 1823 1488 2102 1545; x_wconf 80' lang='lat' dir='ltr'><strong>defensio.</strong></span> 
     </span>
    </p>
   </div>
   <div class='ocr_carea' id='block_1_17' title="bbox 524 1579 2105 1649">
    <p class='ocr_par' dir='ltr' id='par_1_17' title="bbox 524 1579 2105 1649">
     <span class='ocr_line' id='line_1_17' title="bbox 524 1579 2105 1649; baseline -0.002 -14"><span class='ocrx_word' id='word_1_80' title='bbox 524 1580 683 1635; x_wconf 86' lang='lat' dir='ltr'><strong>Titus</strong></span> <span class='ocrx_word' id='word_1_81' title='bbox 715 1581 829 1645; x_wconf 87' lang='lat' dir='ltr'><strong>ille,</strong></span> <span class='ocrx_word' id='word_1_82' title='bbox 858 1581 1043 1634; x_wconf 87' lang='lat' dir='ltr'><strong>omnia</strong></span> <span class='ocrx_word' id='word_1_83' title='bbox 1080 1581 1262 1636; x_wconf 91' lang='lat' dir='ltr'><strong>factus</strong></span> <span class='ocrx_word' id='word_1_84' title='bbox 1301 1580 1604 1646; x_wconf 90' lang='lat' dir='ltr'><strong>omnibus;</strong></span> <span class='ocrx_word' id='word_1_85' title='bbox 1638 1579 1732 1649; x_wconf 89' lang='lat' dir='ltr'><strong>qui</strong></span> <span class='ocrx_word' id='word_1_86' title='bbox 1781 1594 1841 1635; x_wconf 89' lang='lat' dir='ltr'><strong>se</strong></span> <span class='ocrx_word' id='word_1_87' title='bbox 1881 1579 2105 1633; x_wconf 77' lang='lat' dir='ltr'><strong>facilem</strong></span> 
     </span>
    </p>
   </div>
   <div class='ocr_carea' id='block_1_18' title="bbox 523 1666 2105 1741">
    <p class='ocr_par' dir='ltr' id='par_1_18' title="bbox 523 1666 2105 1741">
     <span class='ocr_line' id='line_1_18' title="bbox 523 1666 2105 1741; baseline 0.001 -18"><span class='ocrx_word' id='word_1_88' title='bbox 523 1670 859 1726; x_wconf 83' lang='lat' dir='ltr'><strong>adeuntibus</strong></span> <span class='ocrx_word' id='word_1_89' title='bbox 916 1672 1177 1741; x_wconf 71' lang='lat' dir='ltr'><strong>przebeat,</strong></span> <span class='ocrx_word' id='word_1_90' title='bbox 1251 1671 1619 1741; x_wconf 88' lang='lat' dir='ltr'><strong>precantibus</strong></span> <span class='ocrx_word' id='word_1_91' title='bbox 1688 1684 1795 1723; x_wconf 88' lang='lat' dir='ltr'><strong>non</strong></span> <span class='ocrx_word' id='word_1_92' title='bbox 1864 1666 2105 1725; x_wconf 74' lang='lat' dir='ltr'><strong>difﬁcilis</strong></span> 
     </span>
    </p>
   </div>
   <div class='ocr_carea' id='block_1_19' title="bbox 524 1759 2105 1828">
    <p class='ocr_par' dir='ltr' id='par_1_19' title="bbox 524 1759 2105 1828">
     <span class='ocr_line' id='line_1_19' title="bbox 524 1759 2105 1828; baseline 0 -16"><span class='ocrx_word' id='word_1_93' title='bbox 524 1774 688 1813; x_wconf 86' lang='lat' dir='ltr'><strong>aures</strong></span> <span class='ocrx_word' id='word_1_94' title='bbox 717 1760 1124 1825; x_wconf 87' lang='lat' dir='ltr'><strong>accommodet,</strong></span> <span class='ocrx_word' id='word_1_95' title='bbox 1156 1760 1229 1814; x_wconf 87' lang='lat' dir='ltr'><strong>sit</strong></span> <span class='ocrx_word' id='word_1_96' title='bbox 1259 1759 1529 1813; x_wconf 91' lang='lat' dir='ltr'><strong>omnibus</strong></span> <span class='ocrx_word' id='word_1_97' title='bbox 1553 1759 1809 1828; x_wconf 77' lang='lat' dir='ltr'><strong>supplex,</strong></span> <span class='ocrx_word' id='word_1_98' title='bbox 1838 1759 2105 1813; x_wconf 66' lang='lat' dir='ltr'><strong>amicabio</strong></span> 
     </span>
    </p>
   </div>
   <div class='ocr_carea' id='block_1_20' title="bbox 523 1851 2103 1918">
    <p class='ocr_par' dir='ltr' id='par_1_20' title="bbox 523 1851 2103 1918">
     <span class='ocr_line' id='line_1_20' title="bbox 523 1851 2103 1918; baseline 0.003 -16"><span class='ocrx_word' id='word_1_99' title='bbox 523 1851 613 1912; x_wconf 89' lang='lat' dir='ltr'><strong>lis,</strong></span> <span class='ocrx_word' id='word_1_100' title='bbox 651 1852 920 1916; x_wconf 88' lang='lat' dir='ltr'><strong>urbanus,</strong></span> <span class='ocrx_word' id='word_1_101' title='bbox 951 1851 1315 1913; x_wconf 88' lang='lat' dir='ltr'><strong>venerabilis,</strong></span> <span class='ocrx_word' id='word_1_102' title='bbox 1350 1853 1601 1917; x_wconf 89' lang='lat' dir='ltr'><strong>socialis,</strong></span> <span class='ocrx_word' id='word_1_103' title='bbox 1637 1851 1899 1912; x_wconf 86' lang='lat' dir='ltr'><strong>blandus,</strong></span> <span class='ocrx_word' id='word_1_104' title='bbox 1934 1852 2103 1918; x_wconf 87' lang='lat' dir='ltr'><strong>lenis,</strong></span> 
     </span>
    </p>
   </div>
   <div class='ocr_carea' id='block_1_21' title="bbox 522 1941 2106 2011">
    <p class='ocr_par' dir='ltr' id='par_1_21' title="bbox 522 1941 2106 2011">
     <span class='ocr_line' id='line_1_21' title="bbox 522 1941 2106 2011; baseline 0 -16"><span class='ocrx_word' id='word_1_105' title='bbox 522 1942 834 1995; x_wconf 86' lang='lat' dir='ltr'><strong>animarum</strong></span> <span class='ocrx_word' id='word_1_106' title='bbox 864 1955 1080 2004; x_wconf 89' lang='lat' dir='ltr'><strong>amans,</strong></span> <span class='ocrx_word' id='word_1_107' title='bbox 1122 1943 1337 2005; x_wconf 88' lang='lat' dir='ltr'><strong>suavis,</strong></span> <span class='ocrx_word' id='word_1_108' title='bbox 1385 1941 1699 2002; x_wconf 84' lang='lat' dir='ltr'><strong>modestus.</strong></span> <span class='ocrx_word' id='word_1_109' title='bbox 1734 1941 1951 2007; x_wconf 89' lang='lat' dir='ltr'><strong>doctor,</strong></span> <span class='ocrx_word' id='word_1_110' title='bbox 1985 1942 2106 2011; x_wconf 89' lang='lat' dir='ltr'><strong>pla-</strong></span> 
     </span>
    </p>
   </div>
   <div class='ocr_carea' id='block_1_22' title="bbox 520 2031 2106 2099">
    <p class='ocr_par' dir='ltr' id='par_1_22' title="bbox 520 2031 2106 2099">
     <span class='ocr_line' id='line_1_22' title="bbox 520 2031 2106 2099; baseline 0.002 -14"><span class='ocrx_word' id='word_1_111' title='bbox 520 2036 702 2096; x_wconf 82' lang='lat' dir='ltr'><strong>cidus,</strong></span> <span class='ocrx_word' id='word_1_112' title='bbox 730 2043 942 2099; x_wconf 88' lang='lat' dir='ltr'><strong>castus,</strong></span> <span class='ocrx_word' id='word_1_113' title='bbox 998 2045 1186 2089; x_wconf 86' lang='lat' dir='ltr'><strong>verus.</strong></span> <span class='ocrx_word' id='word_1_114' title='bbox 1246 2032 1444 2088; x_wconf 83' lang='lat' dir='ltr'><strong>Merito</strong></span> <span class='ocrx_word' id='word_1_115' title='bbox 1475 2031 1683 2088; x_wconf 88' lang='lat' dir='ltr'><strong>Paulus</strong></span> <span class='ocrx_word' id='word_1_116' title='bbox 1710 2049 1896 2088; x_wconf 90' lang='lat' dir='ltr'><strong>verum</strong></span> <span class='ocrx_word' id='word_1_117' title='bbox 1943 2032 2106 2089; x_wconf 90' lang='lat' dir='ltr'><strong>Chri-</strong></span> 
     </span>
    </p>
   </div>
   <div class='ocr_carea' id='block_1_23' title="bbox 523 2126 2108 2196">
    <p class='ocr_par' dir='ltr' id='par_1_23' title="bbox 523 2126 2108 2196">
     <span class='ocr_line' id='line_1_23' title="bbox 523 2126 2108 2196; baseline -0.001 -16"><span class='ocrx_word' id='word_1_118' title='bbox 523 2128 593 2180; x_wconf 87' lang='lat' dir='ltr'><strong>sti</strong></span> <span class='ocrx_word' id='word_1_119' title='bbox 629 2130 916 2179; x_wconf 78' lang='lat' dir='ltr'><strong>exornan&#39;s</strong></span> <span class='ocrx_word' id='word_1_120' title='bbox 948 2126 1324 2191; x_wconf 88' lang='lat' dir='ltr'><strong>sacerdotem,</strong></span> <span class='ocrx_word' id='word_1_121' title='bbox 1360 2140 1608 2195; x_wconf 82' lang='lat' dir='ltr'><strong>congrue</strong></span> <span class='ocrx_word' id='word_1_122' title='bbox 1640 2127 1902 2181; x_wconf 84' lang='lat' dir='ltr'><strong>honestat</strong></span> <span class='ocrx_word' id='word_1_123' title='bbox 1928 2126 2108 2196; x_wconf 88' lang='lat' dir='ltr'><strong>appel-</strong></span> 
     </span>
    </p>
   </div>
   <div class='ocr_carea' id='block_1_24' title="bbox 524 2216 2106 2285">
    <p class='ocr_par' dir='ltr' id='par_1_24' title="bbox 524 2216 2106 2285">
     <span class='ocr_line' id='line_1_24' title="bbox 524 2216 2106 2285; baseline 0.001 -17"><span class='ocrx_word' id='word_1_124' title='bbox 524 2216 646 2271; x_wconf 88' lang='lat' dir='ltr'><strong>lans</strong></span> <span class='ocrx_word' id='word_1_125' title='bbox 682 2228 966 2280; x_wconf 89' lang='lat' dir='ltr'><strong>sanctum,</strong></span> <span class='ocrx_word' id='word_1_126' title='bbox 1021 2217 1401 2282; x_wconf 86' lang='lat' dir='ltr'><strong>innocentem,</strong></span> <span class='ocrx_word' id='word_1_127' title='bbox 1436 2223 1489 2268; x_wconf 86' lang='lat' dir='ltr'><strong>et</strong></span> <span class='ocrx_word' id='word_1_128' title='bbox 1523 2216 1951 2285; x_wconf 83' lang='lat' dir='ltr'><strong>amplectentetn</strong></span> <span class='ocrx_word' id='word_1_129' title='bbox 1982 2230 2106 2270; x_wconf 86' lang='lat' dir='ltr'><strong>om-</strong></span> 
     </span>
    </p>
   </div>
   <div class='ocr_carea' id='block_1_25' title="bbox 521 2307 987 2359">
    <p class='ocr_par' dir='ltr' id='par_1_25' title="bbox 521 2307 987 2359">
     <span class='ocr_line' id='line_1_25' title="bbox 521 2307 987 2359; baseline 0.002 -2"><span class='ocrx_word' id='word_1_130' title='bbox 521 2319 646 2358; x_wconf 90' lang='lat' dir='ltr'><strong>nem</strong></span> <span class='ocrx_word' id='word_1_131' title='bbox 672 2307 987 2359; x_wconf 79' lang='lat' dir='ltr'><strong>veritatem.</strong></span> 
     </span>
    </p>
   </div>
   <div class='ocr_carea' id='block_1_26' title="bbox 587 2386 2107 2455">
    <p class='ocr_par' dir='ltr' id='par_1_26' title="bbox 587 2386 2107 2455">
     <span class='ocr_line' id='line_1_26' title="bbox 587 2386 2107 2455; baseline 0.002 -7"><span class='ocrx_word' id='word_1_132' title='bbox 587 2395 775 2449; x_wconf 87' lang='lat' dir='ltr'><strong>Talem</strong></span> <span class='ocrx_word' id='word_1_133' title='bbox 796 2411 854 2450; x_wconf 85' lang='lat' dir='ltr'><strong>se</strong></span> <span class='ocrx_word' id='word_1_134' title='bbox 890 2398 1052 2451; x_wconf 89' lang='lat' dir='ltr'><strong>nobis</strong></span> <span class='ocrx_word' id='word_1_135' title='bbox 1085 2398 1339 2455; x_wconf 70' lang='lat' dir='ltr'><strong>exhibuit</strong></span> <span class='ocrx_word' id='word_1_136' title='bbox 1382 2396 1725 2452; x_wconf 79' lang='lat' dir='ltr'><strong>venerabilis</strong></span> <span class='ocrx_word' id='word_1_137' title='bbox 1765 2392 1951 2453; x_wconf 90' lang='lat' dir='ltr'><strong>Titus.</strong></span> <span class='ocrx_word' id='word_1_138' title='bbox 1996 2386 2107 2451; x_wconf 83' lang='lat' dir='ltr'><strong>To-</strong></span> 
     </span>
    </p>
   </div>
   <div class='ocr_carea' id='block_1_27' title="bbox 523 2487 2101 2558">
    <p class='ocr_par' dir='ltr' id='par_1_27' title="bbox 523 2487 2101 2558">
     <span class='ocr_line' id='line_1_27' title="bbox 523 2487 2101 2558; baseline -0.001 -17"><span class='ocrx_word' id='word_1_139' title='bbox 523 2490 633 2543; x_wconf 73' lang='lat' dir='ltr'><strong>tius</strong></span> <span class='ocrx_word' id='word_1_140' title='bbox 661 2490 811 2542; x_wconf 90' lang='lat' dir='ltr'><strong>enim</strong></span> <span class='ocrx_word' id='word_1_141' title='bbox 847 2489 1053 2542; x_wconf 67' lang='lat' dir='ltr'><strong>divina:</strong></span> <span class='ocrx_word' id='word_1_142' title='bbox 1083 2489 1309 2543; x_wconf 89' lang='lat' dir='ltr'><strong>virtutis</strong></span> <span class='ocrx_word' id='word_1_143' title='bbox 1337 2488 1393 2541; x_wconf 90' lang='lat' dir='ltr'><strong>in</strong></span> <span class='ocrx_word' id='word_1_144' title='bbox 1427 2503 1484 2541; x_wconf 91' lang='lat' dir='ltr'><strong>se</strong></span> <span class='ocrx_word' id='word_1_145' title='bbox 1524 2488 1780 2542; x_wconf 88' lang='lat' dir='ltr'><strong>collectis</strong></span> <span class='ocrx_word' id='word_1_146' title='bbox 1813 2487 2101 2558; x_wconf 85' lang='lat' dir='ltr'><strong>symbolis,</strong></span> 
     </span>
    </p>
   </div>
   <div class='ocr_carea' id='block_1_28' title="bbox 522 2579 2101 2650">
    <p class='ocr_par' dir='ltr' id='par_1_28' title="bbox 522 2579 2101 2650">
     <span class='ocr_line' id='line_1_28' title="bbox 522 2579 2101 2650; baseline 0.001 -17"><span class='ocrx_word' id='word_1_147' title='bbox 522 2595 582 2634; x_wconf 87' lang='lat' dir='ltr'><strong>se</strong></span> <span class='ocrx_word' id='word_1_148' title='bbox 613 2588 787 2633; x_wconf 91' lang='lat' dir='ltr'><strong>totum</strong></span> <span class='ocrx_word' id='word_1_149' title='bbox 829 2580 1058 2634; x_wconf 89' lang='lat' dir='ltr'><strong>omnino</strong></span> <span class='ocrx_word' id='word_1_150' title='bbox 1103 2580 1327 2648; x_wconf 91' lang='lat' dir='ltr'><strong>spiritui</strong></span> <span class='ocrx_word' id='word_1_151' title='bbox 1368 2579 1584 2633; x_wconf 80' lang='lat' dir='ltr'><strong>addixit</strong></span> <span class='ocrx_word' id='word_1_152' title='bbox 1622 2589 1810 2649; x_wconf 87' lang='lat' dir='ltr'><strong>spreto</strong></span> <span class='ocrx_word' id='word_1_153' title='bbox 1844 2595 2101 2650; x_wconf 87' lang='lat' dir='ltr'><strong>corpore,</strong></span> 
     </span>
    </p>
   </div>
   <div class='ocr_carea' id='block_1_29' title="bbox 520 2671 2104 2741">
    <p class='ocr_par' dir='ltr' id='par_1_29' title="bbox 520 2671 2104 2741">
     <span class='ocr_line' id='line_1_29' title="bbox 520 2671 2104 2741; baseline -0.002 -15"><span class='ocrx_word' id='word_1_154' title='bbox 520 2686 703 2741; x_wconf 85' lang='lat' dir='ltr'><strong>eoque</strong></span> <span class='ocrx_word' id='word_1_155' title='bbox 752 2673 996 2726; x_wconf 86' lang='lat' dir='ltr'><strong>salubris</strong></span> <span class='ocrx_word' id='word_1_156' title='bbox 1047 2672 1095 2726; x_wconf 92' lang='lat' dir='ltr'><strong>ei</strong></span> <span class='ocrx_word' id='word_1_157' title='bbox 1132 2671 1322 2725; x_wconf 83' lang='lat' dir='ltr'><strong>deﬂuit</strong></span> <span class='ocrx_word' id='word_1_158' title='bbox 1354 2686 1563 2735; x_wconf 89' lang='lat' dir='ltr'><strong>sermo,</strong></span> <span class='ocrx_word' id='word_1_159' title='bbox 1609 2685 1887 2740; x_wconf 90' lang='lat' dir='ltr'><strong>arenaque</strong></span> <span class='ocrx_word' id='word_1_160' title='bbox 1911 2672 2104 2741; x_wconf 90' lang='lat' dir='ltr'><strong>copio-</strong></span> 
     </span>
    </p>
   </div>
   <div class='ocr_carea' id='block_1_30' title="bbox 522 2759 2101 2828">
    <p class='ocr_par' dir='ltr' id='par_1_30' title="bbox 522 2759 2101 2828">
     <span class='ocr_line' id='line_1_30' title="bbox 522 2759 2101 2828; baseline -0.001 -13"><span class='ocrx_word' id='word_1_161' title='bbox 522 2761 639 2815; x_wconf 86' lang='lat' dir='ltr'><strong>sior</strong></span> <span class='ocrx_word' id='word_1_162' title='bbox 666 2760 905 2814; x_wconf 90' lang='lat' dir='ltr'><strong>inundat</strong></span> <span class='ocrx_word' id='word_1_163' title='bbox 951 2762 1227 2828; x_wconf 87' lang='lat' dir='ltr'><strong>sapientia</strong></span> <span class='ocrx_word' id='word_1_164' title='bbox 1256 2779 1271 2827; x_wconf 90' lang='lat'><strong>;</strong></span> <span class='ocrx_word' id='word_1_165' title='bbox 1308 2759 1452 2814; x_wconf 90' lang='lat' dir='ltr'><strong>unde</strong></span> <span class='ocrx_word' id='word_1_166' title='bbox 1482 2760 1670 2825; x_wconf 91' lang='lat' dir='ltr'><strong>modo,</strong></span> <span class='ocrx_word' id='word_1_167' title='bbox 1707 2761 1962 2815; x_wconf 91' lang='lat' dir='ltr'><strong>collectis</strong></span> <span class='ocrx_word' id='word_1_168' title='bbox 1996 2776 2101 2815; x_wconf 89' lang='lat' dir='ltr'><strong>ceu</strong></span> 
     </span>
    </p>
   </div>
   <div class='ocr_carea' id='block_1_31' title="bbox 520 2852 2099 2922">
    <p class='ocr_par' dir='ltr' id='par_1_31' title="bbox 520 2852 2099 2922">
     <span class='ocr_line' id='line_1_31' title="bbox 520 2852 2099 2922; baseline -0.001 -15"><span class='ocrx_word' id='word_1_169' title='bbox 520 2852 854 2922; x_wconf 83' lang='lat' dir='ltr'><strong>quibusdam</strong></span> <span class='ocrx_word' id='word_1_170' title='bbox 908 2853 1303 2922; x_wconf 86' lang='lat' dir='ltr'><strong>pulcherrimis</strong></span> <span class='ocrx_word' id='word_1_171' title='bbox 1351 2852 1628 2918; x_wconf 83' lang='lat' dir='ltr'><strong>ﬂosculis,</strong></span> <span class='ocrx_word' id='word_1_172' title='bbox 1683 2853 1753 2909; x_wconf 92' lang='lat' dir='ltr'><strong>iis</strong></span> <span class='ocrx_word' id='word_1_173' title='bbox 1788 2867 2099 2909; x_wconf 87' lang='lat' dir='ltr'><strong>sermonem</strong></span> 
     </span>
    </p>
   </div>
   <div class='ocr_carea' id='block_1_32' title="bbox 520 2942 2103 3013">
    <p class='ocr_par' dir='ltr' id='par_1_32' title="bbox 520 2942 2103 3013">
     <span class='ocr_line' id='line_1_32' title="bbox 520 2942 2103 3013; baseline -0.001 -16"><span class='ocrx_word' id='word_1_174' title='bbox 520 2952 850 2998; x_wconf 84' lang='lat' dir='ltr'><strong>coronatum</strong></span> <span class='ocrx_word' id='word_1_175' title='bbox 888 2945 1201 3000; x_wconf 85' lang='lat' dir='ltr'><strong>absolvam.</strong></span> <span class='ocrx_word' id='word_1_176' title='bbox 1260 2942 1383 2996; x_wconf 89' lang='lat' dir='ltr'><strong>Jam</strong></span> <span class='ocrx_word' id='word_1_177' title='bbox 1438 2944 1585 2998; x_wconf 88' lang='lat' dir='ltr'><strong>enim</strong></span> <span class='ocrx_word' id='word_1_178' title='bbox 1626 2943 1890 3013; x_wconf 87' lang='lat' dir='ltr'><strong>deinceps</strong></span> <span class='ocrx_word' id='word_1_179' title='bbox 1921 2958 2103 3013; x_wconf 69' lang='lat' dir='ltr'><strong>operae</strong></span> 
     </span>
    </p>
   </div>
   <div class='ocr_carea' id='block_1_33' title="bbox 476 3035 2099 3108">
    <p class='ocr_par' dir='ltr' id='par_1_33' title="bbox 476 3035 2099 3108">
     <span class='ocr_line' id='line_1_33' title="bbox 476 3035 2099 3108; baseline -0.001 -19"><span class='ocrx_word' id='word_1_180' title='bbox 476 3076 487 3089; x_wconf 62' lang='grc' dir='ltr'><strong>ρ</strong></span> <span class='ocrx_word' id='word_1_181' title='bbox 521 3039 760 3108; x_wconf 87' lang='lat' dir='ltr'><strong>pretium</strong></span> <span class='ocrx_word' id='word_1_182' title='bbox 794 3045 899 3097; x_wconf 87' lang='lat' dir='ltr'><strong>est,</strong></span> <span class='ocrx_word' id='word_1_183' title='bbox 925 3043 985 3089; x_wconf 90' lang='lat' dir='ltr'><strong>ut</strong></span> <span class='ocrx_word' id='word_1_184' title='bbox 1011 3035 1266 3104; x_wconf 76' lang='lat' dir='ltr'><strong>impleam</strong></span> <span class='ocrx_word' id='word_1_185' title='bbox 1298 3035 1753 3104; x_wconf 88' lang='lat' dir='ltr'><strong>promissionem,</strong></span> <span class='ocrx_word' id='word_1_186' title='bbox 1790 3038 1954 3105; x_wconf 81' lang='lat' dir='ltr'><strong>eique</strong></span> <span class='ocrx_word' id='word_1_187' title='bbox 1982 3051 2099 3091; x_wconf 80' lang='lat' dir='ltr'><strong>ser-</strong></span> 
     </span>
    </p>
   </div>
   <div class='ocr_carea' id='block_1_34' title="bbox 2210 577 3758 648">
    <p class='ocr_par' dir='ltr' id='par_1_34' title="bbox 2210 577 3758 648">
     <span class='ocr_line' id='line_1_34' title="bbox 2210 577 3758 648; baseline 0.005 -20"><span class='ocrx_word' id='word_1_188' title='bbox 2210 579 2558 642; x_wconf 74' lang='grc' dir='ltr'>σκευάζουσα</span> <span class='ocrx_word' id='word_1_189' title='bbox 2605 577 2778 647; x_wconf 88' lang='grc' dir='ltr'>πάθη,</span> <span class='ocrx_word' id='word_1_190' title='bbox 2826 578 2858 645; x_wconf 84' lang='grc' dir='ltr'>ἡ</span> <span class='ocrx_word' id='word_1_191' title='bbox 2891 578 3131 648; x_wconf 85' lang='grc' dir='ltr'>μυστικὴ</span> <span class='ocrx_word' id='word_1_192' title='bbox 3169 577 3402 648; x_wconf 85' lang='grc' dir='ltr'>διόπτρα</span> <span class='ocrx_word' id='word_1_193' title='bbox 3435 579 3531 647; x_wconf 84' lang='grc' dir='ltr'>τῆς</span> <span class='ocrx_word' id='word_1_194' title='bbox 3560 579 3758 646; x_wconf 84' lang='grc' dir='ltr'>πίστεως</span> 
     </span>
    </p>
   </div>
   <div class='ocr_carea' id='block_1_35' title="bbox 2206 668 3755 741">
    <p class='ocr_par' dir='ltr' id='par_1_35' title="bbox 2206 668 3755 741">
     <span class='ocr_line' id='line_1_35' title="bbox 2206 668 3755 741; baseline 0.003 -20"><span class='ocrx_word' id='word_1_195' title='bbox 2206 671 2329 730; x_wconf 84' lang='grc' dir='ltr'>ταῖς</span> <span class='ocrx_word' id='word_1_196' title='bbox 2391 668 2760 738; x_wconf 69' lang='grc' dir='ltr'>ἀντιπόμπποις</span> <span class='ocrx_word' id='word_1_197' title='bbox 2808 669 2919 721; x_wconf 88' lang='grc' dir='ltr'><strong>τῶν</strong></span> <span class='ocrx_word' id='word_1_198' title='bbox 2970 669 3210 724; x_wconf 82' lang='grc' dir='ltr'><strong>ἀκτίνων</strong></span> <span class='ocrx_word' id='word_1_199' title='bbox 3264 672 3643 741; x_wconf 82' lang='grc' dir='ltr'><strong>μαρμαρυγαῖς</strong></span> <span class='ocrx_word' id='word_1_200' title='bbox 3667 672 3755 725; x_wconf 79' lang='grc' dir='ltr'><strong>τῶν</strong></span> 
     </span>
    </p>
   </div>
   <div class='ocr_carea' id='block_1_36' title="bbox 2206 758 3763 831">
    <p class='ocr_par' dir='ltr' id='par_1_36' title="bbox 2206 758 3763 831">
     <span class='ocr_line' id='line_1_36' title="bbox 2206 758 3763 831; baseline 0.003 -18"><span class='ocrx_word' id='word_1_201' title='bbox 2206 758 2518 814; x_wconf 79' lang='grc' dir='ltr'><strong>ἀντιπάλων</strong></span> <span class='ocrx_word' id='word_1_202' title='bbox 2543 760 2641 823; x_wconf 87' lang='grc' dir='ltr'><strong>τάς</strong></span> <span class='ocrx_word' id='word_1_203' title='bbox 2660 759 2831 831; x_wconf 82' lang='grc' dir='ltr'><strong>κόρας</strong></span> <span class='ocrx_word' id='word_1_204' title='bbox 2852 759 3333 831; x_wconf 75' lang='grc' dir='ltr'>ἀπορῤαπίζουσα.</span> <span class='ocrx_word' id='word_1_205' title='bbox 3360 760 3539 825; x_wconf 88' lang='grc' dir='ltr'>Τίτος,</span> <span class='ocrx_word' id='word_1_206' title='bbox 3563 761 3590 812; x_wconf 88' lang='grc' dir='ltr'><strong>ό</strong></span> <span class='ocrx_word' id='word_1_207' title='bbox 3617 761 3763 831; x_wconf 83' lang='grc' dir='ltr'>μέγας</span> 
     </span>
    </p>
   </div>
   <div class='ocr_carea' id='block_1_37' title="bbox 2207 850 3761 922">
    <p class='ocr_par' dir='ltr' id='par_1_37' title="bbox 2207 850 3761 922">
     <span class='ocr_line' id='line_1_37' title="bbox 2207 850 3761 922; baseline -0.001 -18"><span class='ocrx_word' id='word_1_208' title='bbox 2207 853 2465 920; x_wconf 76' lang='grc' dir='ltr'><strong>ἀριστεὺς</strong></span> <span class='ocrx_word' id='word_1_209' title='bbox 2488 850 2597 904; x_wconf 90' lang='grc' dir='ltr'><strong>τῶν</strong></span> <span class='ocrx_word' id='word_1_210' title='bbox 2627 851 3020 914; x_wconf 80' lang='grc' dir='ltr'>εύσεόούντων,</span> <span class='ocrx_word' id='word_1_211' title='bbox 3041 852 3075 921; x_wconf 79' lang='grc' dir='ltr'>ἡ</span> <span class='ocrx_word' id='word_1_212' title='bbox 3098 850 3210 903; x_wconf 90' lang='grc' dir='ltr'><strong>τῶν</strong></span> <span class='ocrx_word' id='word_1_213' title='bbox 3231 850 3441 903; x_wconf 81' lang='grc' dir='ltr'>πιστῶν</span> <span class='ocrx_word' id='word_1_214' title='bbox 3466 852 3761 922; x_wconf 83' lang='grc' dir='ltr'>παντευχία,</span> 
     </span>
    </p>
   </div>
   <div class='ocr_carea' id='block_1_38' title="bbox 2207 942 3767 1014">
    <p class='ocr_par' dir='ltr' id='par_1_38' title="bbox 2207 942 3767 1014">
     <span class='ocr_line' id='line_1_38' title="bbox 2207 942 3767 1014; baseline 0.001 -19"><span class='ocrx_word' id='word_1_215' title='bbox 2207 944 2319 996; x_wconf 88' lang='grc' dir='ltr'><strong>τῶν</strong></span> <span class='ocrx_word' id='word_1_216' title='bbox 2351 942 2565 1013; x_wconf 88' lang='grc' dir='ltr'>ἐχθρῶν</span> <span class='ocrx_word' id='word_1_217' title='bbox 2596 944 2631 1014; x_wconf 77' lang='grc' dir='ltr'>ἡ</span> <span class='ocrx_word' id='word_1_218' title='bbox 2674 942 3044 1013; x_wconf 79' lang='grc' dir='ltr'><strong>πανωλεθρία,</strong></span> <span class='ocrx_word' id='word_1_219' title='bbox 3095 943 3197 995; x_wconf 85' lang='grc' dir='ltr'><strong>τῶν</strong></span> <span class='ocrx_word' id='word_1_220' title='bbox 3238 943 3339 996; x_wconf 72' lang='grc' dir='ltr'><strong>οὐκ</strong></span> <span class='ocrx_word' id='word_1_221' title='bbox 3365 942 3506 1013; x_wconf 84' lang='grc' dir='ltr'><strong>ὀρθά</strong></span> <span class='ocrx_word' id='word_1_222' title='bbox 3537 942 3767 1013; x_wconf 81' lang='grc' dir='ltr'>φρονούν-</span> 
     </span>
    </p>
   </div>
   <div class='ocr_carea' id='block_1_39' title="bbox 2207 1034 3769 1109">
    <p class='ocr_par' dir='ltr' id='par_1_39' title="bbox 2207 1034 3769 1109">
     <span class='ocr_line' id='line_1_39' title="bbox 2207 1034 3769 1109; baseline 0.003 -21"><span class='ocrx_word' id='word_1_223' title='bbox 2207 1052 2317 1089; x_wconf 87' lang='grc' dir='ltr'><strong>των</strong></span> <span class='ocrx_word' id='word_1_224' title='bbox 2349 1034 2662 1108; x_wconf 76' lang='grc' dir='ltr'><strong>διόρθωσις,</strong></span> <span class='ocrx_word' id='word_1_225' title='bbox 2706 1039 2817 1093; x_wconf 88' lang='grc' dir='ltr'><strong>τῶν</strong></span> <span class='ocrx_word' id='word_1_226' title='bbox 2850 1038 3299 1109; x_wconf 80' lang='grc' dir='ltr'><strong>ἐπιστρεφόντων</strong></span> <span class='ocrx_word' id='word_1_227' title='bbox 3330 1037 3579 1109; x_wconf 75' lang='grc' dir='ltr'>σταθηρὰ</span> <span class='ocrx_word' id='word_1_228' title='bbox 3607 1037 3769 1092; x_wconf 85' lang='grc' dir='ltr'>παλιν-</span> 
     </span>
    </p>
   </div>
   <div class='ocr_carea' id='block_1_40' title="bbox 2207 1125 3768 1200">
    <p class='ocr_par' dir='ltr' id='par_1_40' title="bbox 2207 1125 3768 1200">
     <span class='ocr_line' id='line_1_40' title="bbox 2207 1125 3768 1200; baseline 0 -20"><span class='ocrx_word' id='word_1_229' title='bbox 2207 1127 2364 1197; x_wconf 82' lang='grc' dir='ltr'>ῳδία,</span> <span class='ocrx_word' id='word_1_230' title='bbox 2399 1125 2510 1181; x_wconf 88' lang='grc' dir='ltr'><strong>τῶν</strong></span> <span class='ocrx_word' id='word_1_231' title='bbox 2561 1128 2867 1183; x_wconf 79' lang='grc' dir='ltr'>νοσούντων</span> <span class='ocrx_word' id='word_1_232' title='bbox 2916 1128 3123 1200; x_wconf 77' lang='grc' dir='ltr'>ἰατρὸς,</span> <span class='ocrx_word' id='word_1_233' title='bbox 3177 1126 3287 1181; x_wconf 90' lang='grc' dir='ltr'><strong>τῶν</strong></span> <span class='ocrx_word' id='word_1_234' title='bbox 3316 1128 3629 1197; x_wconf 82' lang='grc' dir='ltr'>καμνόντων</span> <span class='ocrx_word' id='word_1_235' title='bbox 3659 1127 3768 1180; x_wconf 76' lang='grc' dir='ltr'>ἀνάο</span> 
     </span>
    </p>
   </div>
   <div class='ocr_carea' id='block_1_41' title="bbox 2211 1220 3770 1298">
    <p class='ocr_par' dir='ltr' id='par_1_41' title="bbox 2211 1220 3770 1298">
     <span class='ocr_line' id='line_1_41' title="bbox 2211 1220 3770 1298; baseline 0.001 -26"><span class='ocrx_word' id='word_1_236' title='bbox 2211 1237 2432 1298; x_wconf 73' lang='grc' dir='ltr'>παυσις,</span> <span class='ocrx_word' id='word_1_237' title='bbox 2482 1220 2593 1275; x_wconf 88' lang='grc' dir='ltr'><strong>τῶν</strong></span> <span class='ocrx_word' id='word_1_238' title='bbox 2646 1221 2948 1293; x_wconf 85' lang='grc' dir='ltr'>δεσμωτῶν</span> <span class='ocrx_word' id='word_1_239' title='bbox 3004 1220 3214 1286; x_wconf 80' lang='grc' dir='ltr'>ἄνεσις,</span> <span class='ocrx_word' id='word_1_240' title='bbox 3263 1220 3373 1273; x_wconf 87' lang='grc' dir='ltr'><strong>τῶν</strong></span> <span class='ocrx_word' id='word_1_241' title='bbox 3431 1221 3493 1274; x_wconf 85' lang='grc' dir='ltr'><strong>ἐν</strong></span> <span class='ocrx_word' id='word_1_242' title='bbox 3534 1220 3770 1289; x_wconf 77' lang='grc' dir='ltr'><strong>ἀνάγκαις</strong></span> 
     </span>
    </p>
   </div>
   <div class='ocr_carea' id='block_1_42' title="bbox 2208 1311 3771 1385">
    <p class='ocr_par' dir='ltr' id='par_1_42' title="bbox 2208 1311 3771 1385">
     <span class='ocr_line' id='line_1_42' title="bbox 2208 1311 3771 1385; baseline -0.001 -19"><span class='ocrx_word' id='word_1_243' title='bbox 2208 1313 2545 1383; x_wconf 72' lang='grc' dir='ltr'><strong>ἀνάκλησις,</strong></span> <span class='ocrx_word' id='word_1_244' title='bbox 2589 1314 2700 1369; x_wconf 89' lang='grc' dir='ltr'><strong>τῶν</strong></span> <span class='ocrx_word' id='word_1_245' title='bbox 2735 1315 2794 1367; x_wconf 77' lang='grc' dir='ltr'><strong>ἐν</strong></span> <span class='ocrx_word' id='word_1_246' title='bbox 2842 1316 3155 1385; x_wconf 80' lang='grc' dir='ltr'>συμφοραῖς</span> <span class='ocrx_word' id='word_1_247' title='bbox 3206 1311 3515 1381; x_wconf 65' lang='grc' dir='ltr'>ἀνάφυξις,</span> <span class='ocrx_word' id='word_1_248' title='bbox 3569 1312 3673 1365; x_wconf 83' lang='grc' dir='ltr'><strong>τῶν</strong></span> <span class='ocrx_word' id='word_1_249' title='bbox 3699 1313 3771 1383; x_wconf 78' lang='lat' dir='ltr'><strong>6p-</strong></span> 
     </span>
    </p>
   </div>
   <div class='ocr_carea' id='block_1_43' title="bbox 2210 1401 3771 1476">
    <p class='ocr_par' dir='ltr' id='par_1_43' title="bbox 2210 1401 3771 1476">
     <span class='ocr_line' id='line_1_43' title="bbox 2210 1401 3771 1476; baseline -0.004 -17"><span class='ocrx_word' id='word_1_250' title='bbox 2210 1405 2401 1474; x_wconf 80' lang='grc' dir='ltr'>φανῶν</span> <span class='ocrx_word' id='word_1_251' title='bbox 2434 1408 2462 1459; x_wconf 88' lang='grc' dir='ltr'><strong>ό</strong></span> <span class='ocrx_word' id='word_1_252' title='bbox 2486 1401 2691 1476; x_wconf 81' lang='grc' dir='ltr'>πατὴρ,</span> <span class='ocrx_word' id='word_1_253' title='bbox 2713 1406 2827 1459; x_wconf 90' lang='grc' dir='ltr'><strong>τῶν</strong></span> <span class='ocrx_word' id='word_1_254' title='bbox 2850 1405 3038 1475; x_wconf 83' lang='grc' dir='ltr'>χηρῶν</span> <span class='ocrx_word' id='word_1_255' title='bbox 3070 1406 3098 1457; x_wconf 92' lang='grc' dir='ltr'><strong>ό</strong></span> <span class='ocrx_word' id='word_1_256' title='bbox 3127 1403 3467 1475; x_wconf 84' lang='grc' dir='ltr'>προστάτης,</span> <span class='ocrx_word' id='word_1_257' title='bbox 3498 1401 3606 1455; x_wconf 89' lang='grc' dir='ltr'><strong>τῶν</strong></span> <span class='ocrx_word' id='word_1_258' title='bbox 3633 1403 3771 1472; x_wconf 83' lang='grc' dir='ltr'>αίχμ-</span> 
     </span>
    </p>
   </div>
   <div class='ocr_carea' id='block_1_44' title="bbox 2209 1494 3772 1567">
    <p class='ocr_par' dir='ltr' id='par_1_44' title="bbox 2209 1494 3772 1567">
     <span class='ocr_line' id='line_1_44' title="bbox 2209 1494 3772 1567; baseline -0.002 -19"><span class='ocrx_word' id='word_1_259' title='bbox 2209 1496 2437 1549; x_wconf 87' lang='grc' dir='ltr'>αλώτων</span> <span class='ocrx_word' id='word_1_260' title='bbox 2465 1498 2495 1549; x_wconf 90' lang='grc' dir='ltr'><strong>ό</strong></span> <span class='ocrx_word' id='word_1_261' title='bbox 2528 1494 2757 1567; x_wconf 79' lang='grc' dir='ltr'>ρύστης,</span> <span class='ocrx_word' id='word_1_262' title='bbox 2796 1498 2826 1548; x_wconf 84' lang='grc' dir='ltr'>ὁ</span> <span class='ocrx_word' id='word_1_263' title='bbox 2846 1495 3074 1562; x_wconf 78' lang='grc' dir='ltr'>ξεναγὸς</span> <span class='ocrx_word' id='word_1_264' title='bbox 3108 1495 3216 1548; x_wconf 84' lang='grc' dir='ltr'><strong>τῶν</strong></span> <span class='ocrx_word' id='word_1_265' title='bbox 3250 1495 3343 1548; x_wconf 74' lang='grc' dir='ltr'>ἐπὶ</span> <span class='ocrx_word' id='word_1_266' title='bbox 3381 1494 3562 1566; x_wconf 82' lang='grc' dir='ltr'>ξένης,</span> <span class='ocrx_word' id='word_1_267' title='bbox 3605 1494 3702 1548; x_wconf 85' lang='grc' dir='ltr'><strong>τῶν</strong></span> <span class='ocrx_word' id='word_1_268' title='bbox 3727 1496 3772 1546; x_wconf 79' lang='grc' dir='ltr'><strong>ἐν</strong></span> 
     </span>
    </p>
   </div>
   <div class='ocr_carea' id='block_1_45' title="bbox 2208 1584 3771 1657">
    <p class='ocr_par' dir='ltr' id='par_1_45' title="bbox 2208 1584 3771 1657">
     <span class='ocr_line' id='line_1_45' title="bbox 2208 1584 3771 1657; baseline -0.003 -17"><span class='ocrx_word' id='word_1_269' title='bbox 2208 1587 2481 1656; x_wconf 80' lang='grc' dir='ltr'>φυλακαῖς</span> <span class='ocrx_word' id='word_1_270' title='bbox 2510 1589 2544 1657; x_wconf 74' lang='grc' dir='ltr'><strong>ἡ</strong></span> <span class='ocrx_word' id='word_1_271' title='bbox 2575 1586 2892 1656; x_wconf 74' lang='grc' dir='ltr'>ἐπίσκεψις,</span> <span class='ocrx_word' id='word_1_272' title='bbox 2924 1585 3034 1641; x_wconf 86' lang='grc' dir='ltr'><strong>τῶν</strong></span> <span class='ocrx_word' id='word_1_273' title='bbox 3065 1588 3124 1638; x_wconf 82' lang='grc' dir='ltr'><strong>ἐν</strong></span> <span class='ocrx_word' id='word_1_274' title='bbox 3150 1587 3481 1655; x_wconf 83' lang='grc' dir='ltr'>πειρασμοῖς</span> <span class='ocrx_word' id='word_1_275' title='bbox 3521 1585 3555 1654; x_wconf 77' lang='grc' dir='ltr'><strong>ἡ</strong></span> <span class='ocrx_word' id='word_1_276' title='bbox 3584 1584 3771 1655; x_wconf 75' lang='grc' dir='ltr'>ἀντίλη-</span> 
     </span>
    </p>
   </div>
   <div class='ocr_carea' id='block_1_46' title="bbox 2205 1675 3770 1747">
    <p class='ocr_par' dir='ltr' id='par_1_46' title="bbox 2205 1675 3770 1747">
     <span class='ocr_line' id='line_1_46' title="bbox 2205 1675 3770 1747; baseline -0.002 -17"><span class='ocrx_word' id='word_1_277' title='bbox 2205 1677 2321 1746; x_wconf 76' lang='grc' dir='ltr'>ψις.</span> <span class='ocrx_word' id='word_1_278' title='bbox 2346 1678 2528 1744; x_wconf 89' lang='grc' dir='ltr'>Τίτος,</span> <span class='ocrx_word' id='word_1_279' title='bbox 2564 1680 2592 1731; x_wconf 86' lang='grc' dir='ltr'><strong>ὁ</strong></span> <span class='ocrx_word' id='word_1_280' title='bbox 2627 1678 2763 1731; x_wconf 77' lang='grc' dir='ltr'>πᾶσι</span> <span class='ocrx_word' id='word_1_281' title='bbox 2791 1677 2969 1731; x_wconf 86' lang='grc' dir='ltr'>πάντα</span> <span class='ocrx_word' id='word_1_282' title='bbox 3008 1677 3319 1747; x_wconf 76' lang='grc' dir='ltr'>γινόμενος,</span> <span class='ocrx_word' id='word_1_283' title='bbox 3343 1676 3461 1740; x_wconf 90' lang='grc' dir='ltr'>τοῖς</span> <span class='ocrx_word' id='word_1_284' title='bbox 3491 1675 3770 1745; x_wconf 75' lang='grc' dir='ltr'>προσιοῦσιν</span> 
     </span>
    </p>
   </div>
   <div class='ocr_carea' id='block_1_47' title="bbox 2209 1766 3770 1839">
    <p class='ocr_par' dir='ltr' id='par_1_47' title="bbox 2209 1766 3770 1839">
     <span class='ocr_line' id='line_1_47' title="bbox 2209 1766 3770 1839; baseline -0.003 -17"><span class='ocrx_word' id='word_1_285' title='bbox 2209 1766 2567 1839; x_wconf 80' lang='grc' dir='ltr'>εὐπρόσιτος,</span> <span class='ocrx_word' id='word_1_286' title='bbox 2608 1770 2724 1833; x_wconf 85' lang='grc' dir='ltr'>τοῖς</span> <span class='ocrx_word' id='word_1_287' title='bbox 2774 1768 3094 1839; x_wconf 79' lang='grc' dir='ltr'>εὐχομένοις</span> <span class='ocrx_word' id='word_1_288' title='bbox 3136 1766 3467 1836; x_wconf 71' lang='grc' dir='ltr'>εὐεπήκοος,</span> <span class='ocrx_word' id='word_1_289' title='bbox 3495 1767 3604 1828; x_wconf 87' lang='grc' dir='ltr'>τοῖς</span> <span class='ocrx_word' id='word_1_290' title='bbox 3636 1767 3770 1818; x_wconf 77' lang='grc' dir='ltr'>πᾶσιν</span> 
     </span>
    </p>
   </div>
   <div class='ocr_carea' id='block_1_48' title="bbox 2212 1850 3767 1928">
    <p class='ocr_par' dir='ltr' id='par_1_48' title="bbox 2212 1850 3767 1928">
     <span class='ocr_line' id='line_1_48' title="bbox 2212 1850 3767 1928; baseline -0.005 -16"><span class='ocrx_word' id='word_1_291' title='bbox 2212 1860 2436 1924; x_wconf 85' lang='grc' dir='ltr'>ίκέσιος,</span> <span class='ocrx_word' id='word_1_292' title='bbox 2456 1858 2655 1928; x_wconf 85' lang='grc' dir='ltr'>φίλιος,</span> <span class='ocrx_word' id='word_1_293' title='bbox 2672 1857 2923 1927; x_wconf 88' lang='grc' dir='ltr'>κόσμιος,</span> <span class='ocrx_word' id='word_1_294' title='bbox 2945 1855 3247 1925; x_wconf 72' lang='grc' dir='ltr'>αἰδέσιμος,</span> <span class='ocrx_word' id='word_1_295' title='bbox 3266 1853 3480 1921; x_wconf 78' lang='grc' dir='ltr'>ζύγιος,</span> <span class='ocrx_word' id='word_1_296' title='bbox 3506 1850 3767 1921; x_wconf 80' lang='grc' dir='ltr'>προσηνὴς,</span> 
     </span>
    </p>
   </div>
   <div class='ocr_carea' id='block_1_49' title="bbox 2209 1942 3767 2021">
    <p class='ocr_par' dir='ltr' id='par_1_49' title="bbox 2209 1942 3767 2021">
     <span class='ocr_line' id='line_1_49' title="bbox 2209 1942 3767 2021; baseline -0.006 -18"><span class='ocrx_word' id='word_1_297' title='bbox 2209 1951 2405 2021; x_wconf 79' lang='grc' dir='ltr'>πρᾷος,</span> <span class='ocrx_word' id='word_1_298' title='bbox 2437 1950 2754 2020; x_wconf 74' lang='grc' dir='ltr'>φιλόψυχος,</span> <span class='ocrx_word' id='word_1_299' title='bbox 2813 1947 3100 2018; x_wconf 87' lang='grc' dir='ltr'>μειλίχιος,</span> <span class='ocrx_word' id='word_1_300' title='bbox 3152 1943 3430 2015; x_wconf 79' lang='grc' dir='ltr'>ἐπιεικὴς,</span> <span class='ocrx_word' id='word_1_301' title='bbox 3474 1942 3767 2005; x_wconf 74' lang='grc' dir='ltr'>διδακτικδς,</span> 
     </span>
    </p>
   </div>
   <div class='ocr_carea' id='block_1_50' title="bbox 2208 2034 3769 2114">
    <p class='ocr_par' dir='ltr' id='par_1_50' title="bbox 2208 2034 3769 2114">
     <span class='ocr_line' id='line_1_50' title="bbox 2208 2034 3769 2114; baseline -0.008 -18"><span class='ocrx_word' id='word_1_302' title='bbox 2208 2044 2391 2113; x_wconf 73' lang='grc' dir='ltr'>ἤπιος,</span> <span class='ocrx_word' id='word_1_303' title='bbox 2417 2042 2672 2114; x_wconf 83' lang='grc' dir='ltr'>σώφρων,</span> <span class='ocrx_word' id='word_1_304' title='bbox 2704 2040 2931 2111; x_wconf 86' lang='grc' dir='ltr'>ἀληθής.</span> <span class='ocrx_word' id='word_1_305' title='bbox 2959 2040 3196 2101; x_wconf 84' lang='grc' dir='ltr'>Δικαίως</span> <span class='ocrx_word' id='word_1_306' title='bbox 3220 2040 3248 2091; x_wconf 89' lang='grc' dir='ltr'><strong>ό</strong></span> <span class='ocrx_word' id='word_1_307' title='bbox 3269 2036 3488 2098; x_wconf 77' lang='grc' dir='ltr'>Παῦλος</span> <span class='ocrx_word' id='word_1_308' title='bbox 3512 2036 3602 2090; x_wconf 81' lang='grc' dir='ltr'><strong>τὸν</strong></span> <span class='ocrx_word' id='word_1_309' title='bbox 3624 2034 3769 2105; x_wconf 81' lang='grc' dir='ltr'>ἀληθῆ</span> 
     </span>
    </p>
   </div>
   <div class='ocr_carea' id='block_1_51' title="bbox 2207 2114 3770 2203">
    <p class='ocr_par' dir='ltr' id='par_1_51' title="bbox 2207 2114 3770 2203">
     <span class='ocr_line' id='line_1_51' title="bbox 2207 2114 3770 2203; baseline -0.006 -18"><span class='ocrx_word' id='word_1_310' title='bbox 2207 2131 2302 2185; x_wconf 82' lang='grc' dir='ltr'><strong>τού</strong></span> <span class='ocrx_word' id='word_1_311' title='bbox 2337 2132 2575 2203; x_wconf 77' lang='grc' dir='ltr'>Χριστοῦ</span> <span class='ocrx_word' id='word_1_312' title='bbox 2614 2128 2987 2198; x_wconf 79' lang='grc' dir='ltr'>κατακοσμῶν</span> <span class='ocrx_word' id='word_1_313' title='bbox 3019 2114 3174 2199; x_wconf 80' lang='grc' dir='ltr'>ἱερέὰ</span> <span class='ocrx_word' id='word_1_314' title='bbox 3195 2170 3211 2195; x_wconf 93' lang='grc'><strong>,</strong></span> <span class='ocrx_word' id='word_1_315' title='bbox 3243 2126 3573 2197; x_wconf 83' lang='grc' dir='ltr'>πρεπόντως</span> <span class='ocrx_word' id='word_1_316' title='bbox 3602 2125 3770 2177; x_wconf 69' lang='grc' dir='ltr'>ἀποστ·</span> 
     </span>
    </p>
   </div>
   <div class='ocr_carea' id='block_1_52' title="bbox 2210 2214 3769 2293">
    <p class='ocr_par' dir='ltr' id='par_1_52' title="bbox 2210 2214 3769 2293">
     <span class='ocr_line' id='line_1_52' title="bbox 2210 2214 3769 2293; baseline -0.006 -19"><span class='ocrx_word' id='word_1_317' title='bbox 2210 2221 2419 2293; x_wconf 81' lang='grc' dir='ltr'>μνύνει,</span> <span class='ocrx_word' id='word_1_318' title='bbox 2448 2222 2593 2275; x_wconf 81' lang='grc' dir='ltr'>ὅσιον</span> <span class='ocrx_word' id='word_1_319' title='bbox 2623 2219 2938 2285; x_wconf 79' lang='grc' dir='ltr'>ἀποκαλῶν,</span> <span class='ocrx_word' id='word_1_320' title='bbox 2972 2218 3199 2284; x_wconf 77' lang='grc' dir='ltr'>ἄκακον,</span> <span class='ocrx_word' id='word_1_321' title='bbox 3232 2216 3327 2270; x_wconf 75' lang='grc' dir='ltr'><strong>καὶ</strong></span> <span class='ocrx_word' id='word_1_322' title='bbox 3371 2216 3561 2285; x_wconf 77' lang='grc' dir='ltr'>πάσης</span> <span class='ocrx_word' id='word_1_323' title='bbox 3601 2214 3769 2284; x_wconf 79' lang='grc' dir='ltr'>ἀρετῆς</span> 
     </span>
    </p>
   </div>
   <div class='ocr_carea' id='block_1_53' title="bbox 2208 2313 2592 2384">
    <p class='ocr_par' dir='ltr' id='par_1_53' title="bbox 2208 2313 2592 2384">
     <span class='ocr_line' id='line_1_53' title="bbox 2208 2313 2592 2384; baseline 0 -17"><span class='ocrx_word' id='word_1_324' title='bbox 2208 2313 2592 2384; x_wconf 62' lang='grc' dir='ltr'>ἀντεχόμενον.</span> 
     </span>
    </p>
   </div>
   <div class='ocr_carea' id='block_1_54' title="bbox 2278 2398 3768 2475">
    <p class='ocr_par' dir='ltr' id='par_1_54' title="bbox 2278 2398 3768 2475">
     <span class='ocr_line' id='line_1_54' title="bbox 2278 2398 3768 2475; baseline -0.005 -17"><span class='ocrx_word' id='word_1_325' title='bbox 2278 2405 2531 2468; x_wconf 79' lang='grc' dir='ltr'>Τοιοῦτός</span> <span class='ocrx_word' id='word_1_326' title='bbox 2561 2422 2644 2468; x_wconf 91' lang='grc' dir='ltr'><strong>τις</strong></span> <span class='ocrx_word' id='word_1_327' title='bbox 2690 2404 2822 2475; x_wconf 80' lang='grc' dir='ltr'>ἡμῖν</span> <span class='ocrx_word' id='word_1_328' title='bbox 2853 2404 2882 2457; x_wconf 85' lang='grc' dir='ltr'><strong>δ</strong></span> <span class='ocrx_word' id='word_1_329' title='bbox 2930 2401 3127 2463; x_wconf 83' lang='grc' dir='ltr'>σεπτὸς</span> <span class='ocrx_word' id='word_1_330' title='bbox 3173 2401 3562 2455; x_wconf 79' lang='grc' dir='ltr'>ἀναδείκνυται</span> <span class='ocrx_word' id='word_1_331' title='bbox 3619 2398 3768 2462; x_wconf 86' lang='grc' dir='ltr'>Τίτος.</span> 
     </span>
    </p>
   </div>
   <div class='ocr_carea' id='block_1_55' title="bbox 2210 2490 3764 2568">
    <p class='ocr_par' dir='ltr' id='par_1_55' title="bbox 2210 2490 3764 2568">
     <span class='ocr_line' id='line_1_55' title="bbox 2210 2490 3764 2568; baseline -0.006 -17"><span class='ocrx_word' id='word_1_332' title='bbox 2210 2498 2370 2552; x_wconf 84' lang='grc' dir='ltr'>Ὄλον</span> <span class='ocrx_word' id='word_1_333' title='bbox 2399 2497 2505 2568; x_wconf 82' lang='grc' dir='ltr'>γὰρ</span> <span class='ocrx_word' id='word_1_334' title='bbox 2536 2498 2594 2550; x_wconf 81' lang='grc' dir='ltr'><strong>ἐν</strong></span> <span class='ocrx_word' id='word_1_335' title='bbox 2615 2495 2794 2565; x_wconf 81' lang='grc' dir='ltr'>ἐαυτῷ</span> <span class='ocrx_word' id='word_1_336' title='bbox 2825 2493 3109 2549; x_wconf 77' lang='grc' dir='ltr'>συλλαϐὼν</span> <span class='ocrx_word' id='word_1_337' title='bbox 3152 2493 3261 2547; x_wconf 90' lang='grc' dir='ltr'><strong>τῶν</strong></span> <span class='ocrx_word' id='word_1_338' title='bbox 3306 2492 3473 2546; x_wconf 80' lang='grc' dir='ltr'>θείων</span> <span class='ocrx_word' id='word_1_339' title='bbox 3511 2490 3764 2562; x_wconf 76' lang='grc' dir='ltr'>κατορθωο</span> 
     </span>
    </p>
   </div>
   <div class='ocr_carea' id='block_1_56' title="bbox 2210 2581 3770 2657">
    <p class='ocr_par' dir='ltr' id='par_1_56' title="bbox 2210 2581 3770 2657">
     <span class='ocr_line' id='line_1_56' title="bbox 2210 2581 3770 2657; baseline -0.002 -19"><span class='ocrx_word' id='word_1_340' title='bbox 2210 2586 2393 2657; x_wconf 83' lang='grc' dir='ltr'>μάτων</span> <span class='ocrx_word' id='word_1_341' title='bbox 2425 2584 2518 2637; x_wconf 79' lang='grc' dir='ltr'><strong>τὸν</strong></span> <span class='ocrx_word' id='word_1_342' title='bbox 2546 2585 2760 2654; x_wconf 73' lang='grc' dir='ltr'>ἔρανον,</span> <span class='ocrx_word' id='word_1_343' title='bbox 2796 2581 2916 2646; x_wconf 80' lang='grc' dir='ltr'>ὅλος</span> <span class='ocrx_word' id='word_1_344' title='bbox 2954 2581 3023 2635; x_wconf 82' lang='grc' dir='ltr'>δι’</span> <span class='ocrx_word' id='word_1_345' title='bbox 3054 2581 3180 2636; x_wconf 84' lang='grc' dir='ltr'>ὅλου</span> <span class='ocrx_word' id='word_1_346' title='bbox 3224 2581 3320 2635; x_wconf 84' lang='grc' dir='ltr'>τοῦ</span> <span class='ocrx_word' id='word_1_347' title='bbox 3359 2581 3673 2653; x_wconf 89' lang='grc' dir='ltr'>πνεύματος</span> <span class='ocrx_word' id='word_1_348' title='bbox 3696 2581 3770 2648; x_wconf 65' lang='lat'><strong>7!-</strong></span> 
     </span>
    </p>
   </div>
   <div class='ocr_carea' id='block_1_57' title="bbox 2205 2673 3768 2747">
    <p class='ocr_par' dir='ltr' id='par_1_57' title="bbox 2205 2673 3768 2747">
     <span class='ocr_line' id='line_1_57' title="bbox 2205 2673 3768 2747; baseline -0.004 -17"><span class='ocrx_word' id='word_1_349' title='bbox 2205 2694 2384 2745; x_wconf 85' lang='grc' dir='ltr'>γονεν,</span> <span class='ocrx_word' id='word_1_350' title='bbox 2418 2677 2693 2747; x_wconf 81' lang='grc' dir='ltr'>ἀλογήσας</span> <span class='ocrx_word' id='word_1_351' title='bbox 2712 2674 2807 2728; x_wconf 83' lang='grc' dir='ltr'>τοῦ</span> <span class='ocrx_word' id='word_1_352' title='bbox 2835 2674 3112 2744; x_wconf 84' lang='grc' dir='ltr'>σώματος.</span> <span class='ocrx_word' id='word_1_353' title='bbox 3149 2673 3314 2727; x_wconf 88' lang='grc' dir='ltr'>Ὅθεν</span> <span class='ocrx_word' id='word_1_354' title='bbox 3344 2674 3499 2744; x_wconf 82' lang='grc' dir='ltr'>αύτῷ</span> <span class='ocrx_word' id='word_1_355' title='bbox 3529 2674 3621 2726; x_wconf 69' lang='grc' dir='ltr'>καὶ</span> <span class='ocrx_word' id='word_1_356' title='bbox 3638 2673 3768 2739; x_wconf 80' lang='grc' dir='ltr'>λόγος</span> 
     </span>
    </p>
   </div>
   <div class='ocr_carea' id='block_1_58' title="bbox 2207 2762 3765 2837">
    <p class='ocr_par' dir='ltr' id='par_1_58' title="bbox 2207 2762 3765 2837">
     <span class='ocr_line' id='line_1_58' title="bbox 2207 2762 3765 2837; baseline -0.003 -18"><span class='ocrx_word' id='word_1_357' title='bbox 2207 2768 2446 2837; x_wconf 75' lang='grc' dir='ltr'>πηγάζει</span> <span class='ocrx_word' id='word_1_358' title='bbox 2493 2767 2783 2835; x_wconf 84' lang='grc' dir='ltr'>σωτήριος,</span> <span class='ocrx_word' id='word_1_359' title='bbox 2845 2764 2942 2817; x_wconf 71' lang='grc' dir='ltr'><strong>καὶ</strong></span> <span class='ocrx_word' id='word_1_360' title='bbox 3000 2764 3157 2835; x_wconf 87' lang='grc' dir='ltr'>χύσις</span> <span class='ocrx_word' id='word_1_361' title='bbox 3213 2764 3550 2834; x_wconf 76' lang='grc' dir='ltr'>πλημμυρεῖ</span> <span class='ocrx_word' id='word_1_362' title='bbox 3587 2762 3765 2831; x_wconf 78' lang='grc' dir='ltr'>σοφίας,</span> 
     </span>
    </p>
   </div>
   <div class='ocr_carea' id='block_1_59' title="bbox 2203 2847 3767 2928">
    <p class='ocr_par' dir='ltr' id='par_1_59' title="bbox 2203 2847 3767 2928">
     <span class='ocr_line' id='line_1_59' title="bbox 2203 2847 3767 2928; baseline -0.007 -16"><span class='ocrx_word' id='word_1_363' title='bbox 2203 2859 2438 2928; x_wconf 75' lang='grc' dir='ltr'>ψάμμου</span> <span class='ocrx_word' id='word_1_364' title='bbox 2468 2856 2853 2927; x_wconf 74' lang='grc' dir='ltr'>δαψιλεστέρα.</span> <span class='ocrx_word' id='word_1_365' title='bbox 2882 2855 3024 2926; x_wconf 83' lang='grc' dir='ltr'>Παρ’</span> <span class='ocrx_word' id='word_1_366' title='bbox 3044 2847 3122 2911; x_wconf 81' lang='grc' dir='ltr'>ὧν</span> <span class='ocrx_word' id='word_1_367' title='bbox 3150 2854 3357 2925; x_wconf 79' lang='grc' dir='ltr'>ἀρτίως</span> <span class='ocrx_word' id='word_1_368' title='bbox 3380 2853 3496 2922; x_wconf 85' lang='grc' dir='ltr'>ἐγὼ</span> <span class='ocrx_word' id='word_1_369' title='bbox 3524 2853 3591 2907; x_wconf 82' lang='grc' dir='ltr'>τὰ</span> <span class='ocrx_word' id='word_1_370' title='bbox 3617 2852 3767 2906; x_wconf 83' lang='grc' dir='ltr'>κάλλι-</span> 
     </span>
    </p>
   </div>
   <div class='ocr_carea' id='block_1_60' title="bbox 2207 2942 3766 3015">
    <p class='ocr_par' dir='ltr' id='par_1_60' title="bbox 2207 2942 3766 3015">
     <span class='ocr_line' id='line_1_60' title="bbox 2207 2942 3766 3015; baseline -0.005 -15"><span class='ocrx_word' id='word_1_371' title='bbox 2207 2967 2309 3001; x_wconf 81' lang='grc' dir='ltr'><strong>στα</strong></span> <span class='ocrx_word' id='word_1_372' title='bbox 2341 2946 2759 3015; x_wconf 76' lang='grc' dir='ltr'>συλλεξάμενος,</span> <span class='ocrx_word' id='word_1_373' title='bbox 2788 2945 3041 3014; x_wconf 86' lang='grc' dir='ltr'>καθάπερ</span> <span class='ocrx_word' id='word_1_374' title='bbox 3086 2943 3224 3013; x_wconf 80' lang='grc' dir='ltr'>ἄνθη</span> <span class='ocrx_word' id='word_1_375' title='bbox 3276 2943 3425 3009; x_wconf 75' lang='grc' dir='ltr'>τινὰ,</span> <span class='ocrx_word' id='word_1_376' title='bbox 3462 2942 3766 3012; x_wconf 68' lang='grc' dir='ltr'>στεφανῶσιν</span> 
     </span>
    </p>
   </div>
   <div class='ocr_carea' id='block_1_61' title="bbox 2202 3030 3766 3107">
    <p class='ocr_par' dir='ltr' id='par_1_61' title="bbox 2202 3030 3766 3107">
     <span class='ocr_line' id='line_1_61' title="bbox 2202 3030 3766 3107; baseline -0.006 -16"><span class='ocrx_word' id='word_1_377' title='bbox 2202 3039 2499 3107; x_wconf 72' lang='grc' dir='ltr'>τὸνλόγον.</span> <span class='ocrx_word' id='word_1_378' title='bbox 2557 3036 2767 3107; x_wconf 78' lang='grc' dir='ltr'>Καιρὺς</span> <span class='ocrx_word' id='word_1_379' title='bbox 2820 3036 2932 3104; x_wconf 79' lang='grc' dir='ltr'>γὰρ</span> <span class='ocrx_word' id='word_1_380' title='bbox 2960 3035 3062 3105; x_wconf 72' lang='grc' dir='ltr'>ἤδη</span> <span class='ocrx_word' id='word_1_381' title='bbox 3114 3034 3407 3105; x_wconf 87' lang='grc' dir='ltr'>πληρῶσαι</span> <span class='ocrx_word' id='word_1_382' title='bbox 3460 3033 3646 3087; x_wconf 82' lang='grc' dir='ltr'>λοιπὸν</span> <span class='ocrx_word' id='word_1_383' title='bbox 3691 3030 3766 3099; x_wconf 75' lang='grc' dir='ltr'>τὴν</span> 
     </span>
    </p>
   </div>
   <div class='ocr_carea' id='block_1_62' title="bbox 520 3122 2114 3203">
    <p class='ocr_par' dir='ltr' id='par_1_62' title="bbox 520 3127 2097 3197">
     <span class='ocr_line' id='line_1_62' title="bbox 520 3127 2097 3197; baseline -0.003 -14"><span class='ocrx_word' id='word_1_384' title='bbox 520 3131 699 3183; x_wconf 87' lang='lat' dir='ltr'><strong>monis</strong></span> <span class='ocrx_word' id='word_1_385' title='bbox 750 3128 1158 3196; x_wconf 83' lang='lat' dir='ltr'><strong>perorationem</strong></span> <span class='ocrx_word' id='word_1_386' title='bbox 1201 3142 1561 3197; x_wconf 89' lang='lat' dir='ltr'><strong>componam.</strong></span> <span class='ocrx_word' id='word_1_387' title='bbox 1600 3127 1845 3180; x_wconf 82' lang='lat' dir='ltr'><strong>Mutuam</strong></span> <span class='ocrx_word' id='word_1_388' title='bbox 1880 3143 2013 3197; x_wconf 81' lang='lat' dir='ltr'><strong>ergo</strong></span> <span class='ocrx_word' id='word_1_389' title='bbox 2049 3128 2097 3181; x_wconf 90' lang='lat' dir='ltr'><strong>ei</strong></span> 
     </span>
    </p>
   </div>
   <div class='ocr_carea' id='block_1_63' title="bbox 2206 3122 3767 3203">
    <p class='ocr_par' dir='ltr' id='par_1_63' title="bbox 2207 3122 3767 3200">
     <span class='ocr_line' id='line_1_63' title="bbox 2207 3122 3767 3200; baseline -0.007 -18"><span class='ocrx_word' id='word_1_390' title='bbox 2207 3132 2525 3200; x_wconf 77' lang='grc' dir='ltr'>ὑπόσχεσιν,</span> <span class='ocrx_word' id='word_1_391' title='bbox 2584 3130 2677 3181; x_wconf 78' lang='grc' dir='ltr'><strong>καὶ</strong></span> <span class='ocrx_word' id='word_1_392' title='bbox 2709 3126 3051 3197; x_wconf 87' lang='grc' dir='ltr'>συναρμόσαι</span> <span class='ocrx_word' id='word_1_393' title='bbox 3107 3125 3284 3198; x_wconf 79' lang='grc' dir='ltr'>ταύτῃ</span> <span class='ocrx_word' id='word_1_394' title='bbox 3332 3126 3430 3178; x_wconf 83' lang='grc' dir='ltr'><strong>τὸν</strong></span> <span class='ocrx_word' id='word_1_395' title='bbox 3484 3124 3593 3178; x_wconf 90' lang='grc' dir='ltr'><strong>τῶν</strong></span> <span class='ocrx_word' id='word_1_396' title='bbox 3623 3122 3767 3190; x_wconf 83' lang='grc' dir='ltr'>λόγων</span> 
     </span>
    </p>
   </div>
   <div class='ocr_carea' id='block_1_64' title="bbox 520 3218 2099 3287">
    <p class='ocr_par' dir='ltr' id='par_1_64' title="bbox 520 3218 2099 3287">
     <span class='ocr_line' id='line_1_64' title="bbox 520 3218 2099 3287; baseline -0.001 -15"><span class='ocrx_word' id='word_1_397' title='bbox 520 3219 677 3273; x_wconf 89' lang='lat' dir='ltr'><strong>trado</strong></span> <span class='ocrx_word' id='word_1_398' title='bbox 701 3230 929 3284; x_wconf 87' lang='lat' dir='ltr'><strong>vocem;</strong></span> <span class='ocrx_word' id='word_1_399' title='bbox 972 3218 1336 3287; x_wconf 84' lang='lat' dir='ltr'><strong>vicissimque</strong></span> <span class='ocrx_word' id='word_1_400' title='bbox 1371 3230 1684 3272; x_wconf 85' lang='lat' dir='ltr'><strong>sermonem</strong></span> <span class='ocrx_word' id='word_1_401' title='bbox 1723 3226 1976 3273; x_wconf 91' lang='lat' dir='ltr'><strong>mutuum</strong></span> <span class='ocrx_word' id='word_1_402' title='bbox 2009 3234 2099 3271; x_wconf 84' lang='lat' dir='ltr'><strong>ac-</strong></span> 
     </span>
    </p>
   </div>
   <div class='ocr_carea' id='block_1_65' title="bbox 518 3309 2102 3380">
    <p class='ocr_par' dir='ltr' id='par_1_65' title="bbox 518 3309 2102 3380">
     <span class='ocr_line' id='line_1_65' title="bbox 518 3309 2102 3380; baseline -0.001 -16"><span class='ocrx_word' id='word_1_403' title='bbox 518 3312 707 3380; x_wconf 85' lang='lat' dir='ltr'><strong>cipio;</strong></span> <span class='ocrx_word' id='word_1_404' title='bbox 750 3324 812 3363; x_wconf 91' lang='lat' dir='ltr'><strong>ac</strong></span> <span class='ocrx_word' id='word_1_405' title='bbox 853 3309 1107 3363; x_wconf 83' lang='lat' dir='ltr'><strong>modicus</strong></span> <span class='ocrx_word' id='word_1_406' title='bbox 1162 3325 1286 3379; x_wconf 82' lang='lat' dir='ltr'><strong>ego,</strong></span> <span class='ocrx_word' id='word_1_407' title='bbox 1320 3310 1402 3364; x_wconf 86' lang='lat' dir='ltr'><strong>rei</strong></span> <span class='ocrx_word' id='word_1_408' title='bbox 1443 3310 1675 3379; x_wconf 87' lang='lat' dir='ltr'><strong>majoris</strong></span> <span class='ocrx_word' id='word_1_409' title='bbox 1728 3318 2102 3364; x_wconf 86' lang='lat' dir='ltr'><strong>commutatur</strong></span> 
     </span>
    </p>
   </div>
   <div class='ocr_carea' id='block_1_66' title="bbox 519 3401 2102 3470">
    <p class='ocr_par' dir='ltr' id='par_1_66' title="bbox 519 3401 2102 3470">
     <span class='ocr_line' id='line_1_66' title="bbox 519 3401 2102 3470; baseline -0.001 -14"><span class='ocrx_word' id='word_1_410' title='bbox 519 3402 719 3461; x_wconf 84' lang='lat' dir='ltr'><strong>factus.</strong></span> <span class='ocrx_word' id='word_1_411' title='bbox 768 3401 888 3469; x_wconf 77' lang='lat' dir='ltr'><strong>ejus</strong></span> <span class='ocrx_word' id='word_1_412' title='bbox 948 3401 1105 3454; x_wconf 80' lang='lat' dir='ltr'><strong>vobis</strong></span> <span class='ocrx_word' id='word_1_413' title='bbox 1176 3401 1503 3469; x_wconf 82' lang='lat' dir='ltr'><strong>spiritaliter</strong></span> <span class='ocrx_word' id='word_1_414' title='bbox 1570 3416 1882 3454; x_wconf 85' lang='lat' dir='ltr'><strong>sermonem</strong></span> <span class='ocrx_word' id='word_1_415' title='bbox 1940 3402 2102 3470; x_wconf 81' lang='lat' dir='ltr'><strong>Oppi-</strong></span> 
     </span>
    </p>
   </div>
   <div class='ocr_carea' id='block_1_67' title="bbox 519 3493 2098 3565">
    <p class='ocr_par' dir='ltr' id='par_1_67' title="bbox 519 3493 2098 3565">
     <span class='ocr_line' id='line_1_67' title="bbox 519 3493 2098 3565; baseline 0 -17"><span class='ocrx_word' id='word_1_416' title='bbox 519 3510 692 3565; x_wconf 75' lang='lat' dir='ltr'><strong>gnero</strong></span> <span class='ocrx_word' id='word_1_417' title='bbox 723 3510 736 3546; x_wconf 89' lang='lat'><strong>:</strong></span> <span class='ocrx_word' id='word_1_418' title='bbox 772 3493 915 3547; x_wconf 85' lang='lat' dir='ltr'><strong>haud</strong></span> <span class='ocrx_word' id='word_1_419' title='bbox 954 3509 1089 3547; x_wconf 88' lang='lat' dir='ltr'><strong>sane</strong></span> <span class='ocrx_word' id='word_1_420' title='bbox 1114 3496 1339 3548; x_wconf 86' lang='lat' dir='ltr'><strong>curiosa</strong></span> <span class='ocrx_word' id='word_1_421' title='bbox 1369 3502 1710 3559; x_wconf 88' lang='lat' dir='ltr'><strong>versutaque</strong></span> <span class='ocrx_word' id='word_1_422' title='bbox 1735 3494 2098 3563; x_wconf 74' lang='lat' dir='ltr'><strong>loquacitate,</strong></span> 
     </span>
    </p>
   </div>
   <div class='ocr_carea' id='block_1_68' title="bbox 519 3582 2099 3653">
    <p class='ocr_par' dir='ltr' id='par_1_68' title="bbox 519 3582 2099 3653">
     <span class='ocr_line' id='line_1_68' title="bbox 519 3582 2099 3653; baseline -0.001 -15"><span class='ocrx_word' id='word_1_423' title='bbox 519 3587 615 3639; x_wconf 89' lang='lat' dir='ltr'><strong>sed</strong></span> <span class='ocrx_word' id='word_1_424' title='bbox 656 3599 787 3639; x_wconf 88' lang='lat' dir='ltr'><strong>vera</strong></span> <span class='ocrx_word' id='word_1_425' title='bbox 823 3584 942 3637; x_wconf 90' lang='lat' dir='ltr'><strong>sola</strong></span> <span class='ocrx_word' id='word_1_426' title='bbox 988 3597 1051 3635; x_wconf 88' lang='lat' dir='ltr'><strong>ac</strong></span> <span class='ocrx_word' id='word_1_427' title='bbox 1085 3582 1227 3635; x_wconf 90' lang='lat' dir='ltr'><strong>nihil</strong></span> <span class='ocrx_word' id='word_1_428' title='bbox 1265 3583 1389 3636; x_wconf 84' lang='lat' dir='ltr'><strong>ficta</strong></span> <span class='ocrx_word' id='word_1_429' title='bbox 1444 3585 1719 3644; x_wconf 84' lang='lat' dir='ltr'><strong>doctrina,</strong></span> <span class='ocrx_word' id='word_1_430' title='bbox 1757 3585 1954 3653; x_wconf 86' lang='lat' dir='ltr'><strong>sicque</strong></span> <span class='ocrx_word' id='word_1_431' title='bbox 1978 3595 2099 3639; x_wconf 86' lang='lat' dir='ltr'><strong>sta-</strong></span> 
     </span>
    </p>
   </div>
   <div class='ocr_carea' id='block_1_69' title="bbox 518 3673 2100 3745">
    <p class='ocr_par' dir='ltr' id='par_1_69' title="bbox 518 3673 2100 3745">
     <span class='ocr_line' id='line_1_69' title="bbox 518 3673 2100 3745; baseline -0.001 -15"><span class='ocrx_word' id='word_1_432' title='bbox 518 3679 697 3731; x_wconf 81' lang='lat' dir='ltr'><strong>timet</strong></span> <span class='ocrx_word' id='word_1_433' title='bbox 728 3691 792 3728; x_wconf 78' lang='lat' dir='ltr'><strong>ex</strong></span> <span class='ocrx_word' id='word_1_434' title='bbox 842 3682 1096 3743; x_wconf 90' lang='lat' dir='ltr'><strong>tempore</strong></span> <span class='ocrx_word' id='word_1_435' title='bbox 1134 3675 1307 3728; x_wconf 90' lang='lat' dir='ltr'><strong>altam</strong></span> <span class='ocrx_word' id='word_1_436' title='bbox 1357 3689 1477 3729; x_wconf 87' lang='lat' dir='ltr'><strong>eam</strong></span> <span class='ocrx_word' id='word_1_437' title='bbox 1515 3673 1868 3745; x_wconf 82' lang='lat' dir='ltr'><strong>distinguere</strong></span> <span class='ocrx_word' id='word_1_438' title='bbox 1909 3690 2100 3729; x_wconf 85' lang='lat' dir='ltr'><strong>vocem</strong></span> 
     </span>
    </p>
   </div>
   <div class='ocr_carea' id='block_1_70' title="bbox 517 3770 805 3839">
    <p class='ocr_par' dir='ltr' id='par_1_70' title="bbox 517 3770 805 3839">
     <span class='ocr_line' id='line_1_70' title="bbox 517 3770 805 3839; baseline -0.017 -14"><span class='ocrx_word' id='word_1_439' title='bbox 517 3770 805 3839; x_wconf 89' lang='lat' dir='ltr'><strong>incipiam.</strong></span> 
     </span>
    </p>
   </div>
   <div class='ocr_carea' id='block_1_71' title="bbox 592 3859 2101 3924">
    <p class='ocr_par' dir='ltr' id='par_1_71' title="bbox 592 3859 2101 3924">
     <span class='ocr_line' id='line_1_71' title="bbox 592 3859 2101 3924; baseline -0.001 -10"><span class='ocrx_word' id='word_1_440' title='bbox 592 3859 725 3914; x_wconf 79' lang='lat' dir='ltr'><strong>Nam</strong></span> <span class='ocrx_word' id='word_1_441' title='bbox 772 3862 947 3913; x_wconf 93' lang='lat' dir='ltr'><strong>utitur</strong></span> <span class='ocrx_word' id='word_1_442' title='bbox 995 3859 1159 3915; x_wconf 84' lang='lat' dir='ltr'><strong>hodie</strong></span> <span class='ocrx_word' id='word_1_443' title='bbox 1187 3874 1325 3912; x_wconf 85' lang='lat' dir='ltr'><strong>voce</strong></span> <span class='ocrx_word' id='word_1_444' title='bbox 1355 3874 1501 3924; x_wconf 90' lang='lat' dir='ltr'><strong>mea,</strong></span> <span class='ocrx_word' id='word_1_445' title='bbox 1549 3873 1614 3913; x_wconf 90' lang='lat' dir='ltr'><strong>ac</strong></span> <span class='ocrx_word' id='word_1_446' title='bbox 1644 3860 1851 3913; x_wconf 77' lang='lat' dir='ltr'><strong>nostris</strong></span> <span class='ocrx_word' id='word_1_447' title='bbox 1882 3875 1980 3915; x_wconf 87' lang='lat' dir='ltr'><strong>vos</strong></span> <span class='ocrx_word' id='word_1_448' title='bbox 2018 3860 2101 3913; x_wconf 84' lang='lat' dir='ltr'><strong>al-</strong></span> 
     </span>
    </p>
   </div>
   <div class='ocr_carea' id='block_1_72' title="bbox 520 3949 2100 4021">
    <p class='ocr_par' dir='ltr' id='par_1_72' title="bbox 520 3949 2100 4021">
     <span class='ocr_line' id='line_1_72' title="bbox 520 3949 2100 4021; baseline 0 -16"><span class='ocrx_word' id='word_1_449' title='bbox 520 3952 773 4021; x_wconf 84' lang='lat' dir='ltr'><strong>loquitur</strong></span> <span class='ocrx_word' id='word_1_450' title='bbox 801 3951 979 4005; x_wconf 88' lang='lat' dir='ltr'><strong>modis</strong></span> <span class='ocrx_word' id='word_1_451' title='bbox 1010 3968 1024 4003; x_wconf 89' lang='lat'><strong>:</strong></span> <span class='ocrx_word' id='word_1_452' title='bbox 1070 3969 1088 4001; x_wconf 86' lang='grc' dir='ltr'><strong>ι</strong></span> <span class='ocrx_word' id='word_1_453' title='bbox 1145 3949 1352 4014; x_wconf 83' lang='lat' dir='ltr'><strong>Fitioli,</strong></span> <span class='ocrx_word' id='word_1_454' title='bbox 1405 3951 1689 4019; x_wconf 89' lang='lat' dir='ltr'><strong>inquiens,</strong></span> <span class='ocrx_word' id='word_1_455' title='bbox 1724 3967 1864 4021; x_wconf 89' lang='lat' dir='ltr'><strong>quos</strong></span> <span class='ocrx_word' id='word_1_456' title='bbox 1900 3955 2100 4005; x_wconf 89' lang='lat' dir='ltr'><strong>iterum</strong></span> 
     </span>
    </p>
   </div>
   <div class='ocr_carea' id='block_1_73' title="bbox 520 4042 2097 4115">
    <p class='ocr_par' dir='ltr' id='par_1_73' title="bbox 520 4042 2097 4115">
     <span class='ocr_line' id='line_1_73' title="bbox 520 4042 2097 4115; baseline -0.003 -17"><span class='ocrx_word' id='word_1_457' title='bbox 520 4049 801 4115; x_wconf 87' lang='lat' dir='ltr'><strong>parturio,</strong></span> <span class='ocrx_word' id='word_1_458' title='bbox 852 4045 1031 4098; x_wconf 89' lang='lat' dir='ltr'><strong>donec</strong></span> <span class='ocrx_word' id='word_1_459' title='bbox 1081 4043 1357 4097; x_wconf 87' lang='lat' dir='ltr'><strong>formetur</strong></span> <span class='ocrx_word' id='word_1_460' title='bbox 1394 4045 1473 4096; x_wconf 86' lang='lat' dir='ltr'><strong>in&#39;</strong></span> <span class='ocrx_word' id='word_1_461' title='bbox 1501 4044 1661 4097; x_wconf 82' lang='lat' dir='ltr'><strong>vobis</strong></span> <span class='ocrx_word' id='word_1_462' title='bbox 1694 4043 1959 4097; x_wconf 89' lang='lat' dir='ltr'><strong>Christus</strong></span> <span class='ocrx_word' id='word_1_463' title='bbox 1993 4042 2038 4107; x_wconf 72' lang='grc' dir='ltr'>ἱ,</span> <span class='ocrx_word' id='word_1_464' title='bbox 2079 4060 2097 4094; x_wconf 78' lang='lat' dir='ltr'><strong>i</strong></span> 
     </span>
    </p>
   </div>
   <div class='ocr_carea' id='block_1_74' title="bbox 519 4133 2104 4204">
    <p class='ocr_par' dir='ltr' id='par_1_74' title="bbox 519 4133 2104 4204">
     <span class='ocr_line' id='line_1_74' title="bbox 519 4133 2104 4204; baseline -0.002 -13"><span class='ocrx_word' id='word_1_465' title='bbox 519 4152 737 4191; x_wconf 89' lang='lat' dir='ltr'><strong>morum</strong></span> <span class='ocrx_word' id='word_1_466' title='bbox 804 4137 1024 4191; x_wconf 91' lang='lat' dir='ltr'><strong>scilicet</strong></span> <span class='ocrx_word' id='word_1_467' title='bbox 1079 4134 1445 4204; x_wconf 87' lang='lat' dir='ltr'><strong>perfectione.</strong></span> <span class='ocrx_word' id='word_1_468' title='bbox 1511 4133 1695 4187; x_wconf 75' lang='lat' dir='ltr'><strong>Nolite</strong></span> <span class='ocrx_word' id='word_1_469' title='bbox 1757 4135 1894 4188; x_wconf 72' lang='lat' dir='ltr'><strong>eﬂici</strong></span> <span class='ocrx_word' id='word_1_470' title='bbox 1948 4135 2104 4203; x_wconf 87' lang='lat' dir='ltr'><strong>pueri</strong></span> 
     </span>
    </p>
   </div>
   <div class='ocr_carea' id='block_1_75' title="bbox 519 4227 2104 4296">
    <p class='ocr_par' dir='ltr' id='par_1_75' title="bbox 519 4227 2104 4296">
     <span class='ocr_line' id='line_1_75' title="bbox 519 4227 2104 4296; baseline -0.004 -11"><span class='ocrx_word' id='word_1_471' title='bbox 519 4230 801 4293; x_wconf 87' lang='lat' dir='ltr'><strong>sensibus,</strong></span> <span class='ocrx_word' id='word_1_472' title='bbox 860 4229 955 4283; x_wconf 88' lang='lat' dir='ltr'><strong>sed</strong></span> <span class='ocrx_word' id='word_1_473' title='bbox 1023 4228 1235 4281; x_wconf 80' lang='lat' dir='ltr'><strong>malitia</strong></span> <span class='ocrx_word' id='word_1_474' title='bbox 1291 4228 1510 4296; x_wconf 78' lang='lat' dir='ltr'><strong>parvuli</strong></span> <span class='ocrx_word' id='word_1_475' title='bbox 1558 4235 1734 4282; x_wconf 91' lang='lat' dir='ltr'><strong>estote</strong></span> <span class='ocrx_word' id='word_1_476' title='bbox 1786 4228 1834 4281; x_wconf 72' lang='grc' dir='ltr'><strong>ιε.</strong></span> <span class='ocrx_word' id='word_1_477' title='bbox 1888 4227 2104 4296; x_wconf 81' lang='lat' dir='ltr'><strong>Nequa</strong></span> 
     </span>
    </p>
   </div>
   <div class='ocr_carea' id='block_1_76' title="bbox 520 4319 2103 4389">
    <p class='ocr_par' dir='ltr' id='par_1_76' title="bbox 520 4319 2103 4389">
     <span class='ocr_line' id='line_1_76' title="bbox 520 4319 2103 4389; baseline -0.003 -11"><span class='ocrx_word' id='word_1_478' title='bbox 520 4325 675 4378; x_wconf 79' lang='lat' dir='ltr'><strong>radix</strong></span> <span class='ocrx_word' id='word_1_479' title='bbox 723 4323 949 4378; x_wconf 84' lang='lat' dir='ltr'><strong>malitiae</strong></span> <span class='ocrx_word' id='word_1_480' title='bbox 999 4321 1268 4389; x_wconf 87' lang='lat' dir='ltr'><strong>impediat</strong></span> <span class='ocrx_word' id='word_1_481' title='bbox 1322 4335 1544 4374; x_wconf 91' lang='lat' dir='ltr'><strong>sursum</strong></span> <span class='ocrx_word' id='word_1_482' title='bbox 1596 4320 1917 4389; x_wconf 84' lang='lat' dir='ltr'><strong>germinans</strong></span> <span class='ocrx_word' id='word_1_483' title='bbox 1959 4319 2001 4384; x_wconf 84' lang='grc' dir='ltr'>ι,</span> <span class='ocrx_word' id='word_1_484' title='bbox 2038 4335 2103 4374; x_wconf 89' lang='lat' dir='ltr'><strong>ac</strong></span> 
     </span>
    </p>
   </div>
   <div class='ocr_carea' id='block_1_77' title="bbox 521 4409 2104 4479">
    <p class='ocr_par' dir='ltr' id='par_1_77' title="bbox 521 4409 2104 4479">
     <span class='ocr_line' id='line_1_77' title="bbox 521 4409 2104 4479; baseline -0.003 -10"><span class='ocrx_word' id='word_1_485' title='bbox 521 4423 731 4469; x_wconf 85' lang='lat' dir='ltr'><strong>rectum</strong></span> <span class='ocrx_word' id='word_1_486' title='bbox 784 4427 1008 4468; x_wconf 84' lang='lat' dir='ltr'><strong>sensum</strong></span> <span class='ocrx_word' id='word_1_487' title='bbox 1068 4412 1409 4466; x_wconf 85' lang='lat' dir='ltr'><strong>obscurans.</strong></span> <span class='ocrx_word' id='word_1_488' title='bbox 1464 4409 1542 4463; x_wconf 85' lang='lat' dir='ltr'><strong>Ne</strong></span> <span class='ocrx_word' id='word_1_489' title='bbox 1592 4411 1718 4479; x_wconf 86' lang='lat' dir='ltr'><strong>quis</strong></span> <span class='ocrx_word' id='word_1_490' title='bbox 1777 4413 1835 4463; x_wconf 90' lang='lat' dir='ltr'><strong>in</strong></span> <span class='ocrx_word' id='word_1_491' title='bbox 1899 4412 2104 4465; x_wconf 89' lang='lat' dir='ltr'><strong>vestris</strong></span> 
     </span>
    </p>
   </div>
   <div class='ocr_carea' id='block_1_78' title="bbox 518 4486 2174 4572">
    <p class='ocr_par' dir='ltr' id='par_1_78' title="bbox 518 4486 2174 4572">
     <span class='ocr_line' id='line_1_78' title="bbox 518 4486 2174 4572; baseline -0.004 -9"><span class='ocrx_word' id='word_1_492' title='bbox 518 4508 783 4563; x_wconf 86' lang='lat' dir='ltr'><strong>cordibus</strong></span> <span class='ocrx_word' id='word_1_493' title='bbox 830 4514 1132 4559; x_wconf 75' lang='lat' dir='ltr'><strong>enascatur</strong></span> <span class='ocrx_word' id='word_1_494' title='bbox 1182 4504 1397 4572; x_wconf 84' lang='lat' dir='ltr'><strong>peccati</strong></span> <span class='ocrx_word' id='word_1_495' title='bbox 1452 4504 1739 4557; x_wconf 88' lang='lat' dir='ltr'><strong>surculus.</strong></span> <span class='ocrx_word' id='word_1_496' title='bbox 1771 4501 1851 4557; x_wconf 78' lang='lat' dir='ltr'><strong>Ne</strong></span> <span class='ocrx_word' id='word_1_497' title='bbox 1889 4504 2013 4572; x_wconf 86' lang='lat' dir='ltr'><strong>quis</strong></span> <span class='ocrx_word' id='word_1_498' title='bbox 2041 4504 2097 4557; x_wconf 87' lang='lat' dir='ltr'><strong>in</strong></span> <span class='ocrx_word' id='word_1_499' title='bbox 2130 4486 2174 4540; x_wconf 72' lang='lat' dir='ltr'><strong>D</strong></span> 
     </span>
    </p>
   </div>
   <div class='ocr_carea' id='block_1_79' title="bbox 518 4594 2100 4673">
    <p class='ocr_par' dir='ltr' id='par_1_79' title="bbox 518 4594 2100 4673">
     <span class='ocr_line' id='line_1_79' title="bbox 518 4594 2100 4673; baseline -0.003 -20"><span class='ocrx_word' id='word_1_500' title='bbox 518 4601 679 4654; x_wconf 88' lang='lat' dir='ltr'><strong>vobis</strong></span> <span class='ocrx_word' id='word_1_501' title='bbox 711 4598 1099 4650; x_wconf 85' lang='lat' dir='ltr'><strong>amaritudinis</strong></span> <span class='ocrx_word' id='word_1_502' title='bbox 1134 4596 1324 4649; x_wconf 87' lang='lat' dir='ltr'><strong>botrus</strong></span> <span class='ocrx_word' id='word_1_503' title='bbox 1357 4594 1661 4663; x_wconf 83' lang='lat' dir='ltr'><strong>nigrescat,</strong></span> <span class='ocrx_word' id='word_1_504' title='bbox 1698 4612 1764 4673; x_wconf 71' lang='lat' dir='ltr'><strong>ex</strong></span> <span class='ocrx_word' id='word_1_505' title='bbox 1804 4611 1913 4664; x_wconf 89' lang='lat' dir='ltr'><strong>quo</strong></span> <span class='ocrx_word' id='word_1_506' title='bbox 1944 4594 2100 4648; x_wconf 91' lang='lat' dir='ltr'><strong>furor</strong></span> 
     </span>
    </p>
   </div>
   <div class='ocr_carea' id='block_1_80' title="bbox 517 4685 2100 4757">
    <p class='ocr_par' dir='ltr' id='par_1_80' title="bbox 517 4685 2100 4757">
     <span class='ocr_line' id='line_1_80' title="bbox 517 4685 2100 4757; baseline -0.003 -12"><span class='ocrx_word' id='word_1_507' title='bbox 517 4691 823 4745; x_wconf 89' lang='lat' dir='ltr'><strong>draconum</strong></span> <span class='ocrx_word' id='word_1_508' title='bbox 865 4688 1208 4757; x_wconf 89' lang='lat' dir='ltr'><strong>aspidumve,</strong></span> <span class='ocrx_word' id='word_1_509' title='bbox 1241 4703 1342 4741; x_wconf 85' lang='lat' dir='ltr'><strong>ceu</strong></span> <span class='ocrx_word' id='word_1_510' title='bbox 1381 4686 1568 4739; x_wconf 87' lang='lat' dir='ltr'><strong>vinum</strong></span> <span class='ocrx_word' id='word_1_511' title='bbox 1606 4688 1839 4741; x_wconf 87' lang='lat' dir='ltr'><strong>diflluat.</strong></span> <span class='ocrx_word' id='word_1_512' title='bbox 1877 4685 1951 4741; x_wconf 84' lang='lat' dir='ltr'><strong>Ne</strong></span> <span class='ocrx_word' id='word_1_513' title='bbox 1973 4687 2100 4756; x_wconf 87' lang='lat' dir='ltr'><strong>quis</strong></span> 
     </span>
    </p>
   </div>
   <div class='ocr_carea' id='block_1_81' title="bbox 520 4779 2102 4852">
    <p class='ocr_par' dir='ltr' id='par_1_81' title="bbox 520 4779 2102 4852">
     <span class='ocr_line' id='line_1_81' title="bbox 520 4779 2102 4852; baseline -0.003 -15"><span class='ocrx_word' id='word_1_514' title='bbox 520 4784 795 4852; x_wconf 87' lang='lat' dir='ltr'><strong>spreverit</strong></span> <span class='ocrx_word' id='word_1_515' title='bbox 830 4780 1120 4834; x_wconf 87' lang='lat' dir='ltr'><strong>Dominica</strong></span> <span class='ocrx_word' id='word_1_516' title='bbox 1149 4779 1356 4835; x_wconf 84' lang='lat' dir='ltr'><strong>Christi</strong></span> <span class='ocrx_word' id='word_1_517' title='bbox 1410 4779 1704 4845; x_wconf 90' lang='lat' dir='ltr'><strong>mandata;</strong></span> <span class='ocrx_word' id='word_1_518' title='bbox 1743 4796 1880 4833; x_wconf 83' lang='lat' dir='ltr'><strong>neve</strong></span> <span class='ocrx_word' id='word_1_519' title='bbox 1925 4780 2102 4834; x_wconf 91' lang='lat' dir='ltr'><strong>instar</strong></span> 
     </span>
    </p>
   </div>
   <div class='ocr_carea' id='block_1_82' title="bbox 520 4871 2098 4944">
    <p class='ocr_par' dir='ltr' id='par_1_82' title="bbox 520 4871 2098 4944">
     <span class='ocr_line' id='line_1_82' title="bbox 520 4871 2098 4944; baseline -0.001 -18"><span class='ocrx_word' id='word_1_520' title='bbox 520 4872 730 4944; x_wconf 87' lang='lat' dir='ltr'><strong>aspidis</strong></span> <span class='ocrx_word' id='word_1_521' title='bbox 759 4874 1107 4927; x_wconf 79' lang='lat' dir='ltr'><strong>obturaverit</strong></span> <span class='ocrx_word' id='word_1_522' title='bbox 1147 4887 1333 4935; x_wconf 89' lang='lat' dir='ltr'><strong>aures,</strong></span> <span class='ocrx_word' id='word_1_523' title='bbox 1392 4883 1450 4925; x_wconf 93' lang='lat' dir='ltr'><strong>ut</strong></span> <span class='ocrx_word' id='word_1_524' title='bbox 1484 4887 1553 4927; x_wconf 90' lang='lat' dir='ltr'><strong>ne</strong></span> <span class='ocrx_word' id='word_1_525' title='bbox 1583 4871 1773 4925; x_wconf 85' lang='lat' dir='ltr'><strong>audiat</strong></span> <span class='ocrx_word' id='word_1_526' title='bbox 1806 4872 2098 4925; x_wconf 85' lang='lat' dir='ltr'><strong>incantan—</strong></span> 
     </span>
    </p>
   </div>
   <div class='ocr_carea' id='block_1_83' title="bbox 520 4953 2097 5033">
    <p class='ocr_par' dir='ltr' id='par_1_83' title="bbox 520 4953 2097 5033">
     <span class='ocr_line' id='line_1_83' title="bbox 520 4953 2097 5033; baseline -0.002 -16"><span class='ocrx_word' id='word_1_527' title='bbox 520 4967 595 5019; x_wconf 87' lang='lat' dir='ltr'><strong>tis</strong></span> <span class='ocrx_word' id='word_1_528' title='bbox 627 4979 837 5019; x_wconf 89' lang='lat' dir='ltr'><strong>vocem.</strong></span> <span class='ocrx_word' id='word_1_529' title='bbox 869 4962 948 5018; x_wconf 87' lang='lat' dir='ltr'><strong>Ne</strong></span> <span class='ocrx_word' id='word_1_530' title='bbox 987 4964 1113 5033; x_wconf 90' lang='lat' dir='ltr'><strong>quis</strong></span> <span class='ocrx_word' id='word_1_531' title='bbox 1145 4964 1414 5017; x_wconf 90' lang='lat' dir='ltr'><strong>malitiam</strong></span> <span class='ocrx_word' id='word_1_532' title='bbox 1443 4971 1497 5018; x_wconf 85' lang='lat' dir='ltr'><strong>et</strong></span> <span class='ocrx_word' id='word_1_533' title='bbox 1547 4953 1741 5017; x_wconf 78' lang='lat' dir='ltr'><strong>vitium</strong></span> <span class='ocrx_word' id='word_1_534' title='bbox 1783 4963 1973 5033; x_wconf 84' lang='lat' dir='ltr'><strong>eligat,</strong></span> <span class='ocrx_word' id='word_1_535' title='bbox 2008 4962 2097 5016; x_wconf 91' lang='lat' dir='ltr'><strong>cui</strong></span> 
     </span>
    </p>
   </div>
   <div class='ocr_carea' id='block_1_84' title="bbox 520 5055 2103 5127">
    <p class='ocr_par' dir='ltr' id='par_1_84' title="bbox 520 5055 2103 5127">
     <span class='ocr_line' id='line_1_84' title="bbox 520 5055 2103 5127; baseline 0 -18"><span class='ocrx_word' id='word_1_536' title='bbox 520 5058 755 5113; x_wconf 88' lang='lat' dir='ltr'><strong>liberum</strong></span> <span class='ocrx_word' id='word_1_537' title='bbox 790 5058 864 5111; x_wconf 88' lang='lat' dir='ltr'><strong>sit</strong></span> <span class='ocrx_word' id='word_1_538' title='bbox 907 5065 964 5111; x_wconf 90' lang='lat' dir='ltr'><strong>ut</strong></span> <span class='ocrx_word' id='word_1_539' title='bbox 1010 5057 1180 5127; x_wconf 82' lang='lat' dir='ltr'><strong>eligat</strong></span> <span class='ocrx_word' id='word_1_540' title='bbox 1213 5057 1504 5120; x_wconf 88' lang='lat' dir='ltr'><strong>virtutem,</strong></span> <span class='ocrx_word' id='word_1_541' title='bbox 1549 5056 1948 5124; x_wconf 65' lang='lat' dir='ltr'><strong>caelestemque</strong></span> <span class='ocrx_word' id='word_1_542' title='bbox 1978 5055 2103 5109; x_wconf 67' lang='lat' dir='ltr'><strong>vitat</strong></span> 
     </span>
    </p>
   </div>
   <div class='ocr_carea' id='block_1_85' title="bbox 520 5145 2098 5217">
    <p class='ocr_par' dir='ltr' id='par_1_85' title="bbox 520 5145 2098 5217">
     <span class='ocr_line' id='line_1_85' title="bbox 520 5145 2098 5217; baseline -0.003 -12"><span class='ocrx_word' id='word_1_543' title='bbox 520 5151 794 5205; x_wconf 85' lang='lat' dir='ltr'><strong>rationem</strong></span> <span class='ocrx_word' id='word_1_544' title='bbox 828 5151 884 5204; x_wconf 93' lang='lat' dir='ltr'><strong>in</strong></span> <span class='ocrx_word' id='word_1_545' title='bbox 920 5160 1062 5205; x_wconf 89' lang='lat' dir='ltr'><strong>terra</strong></span> <span class='ocrx_word' id='word_1_546' title='bbox 1117 5151 1407 5216; x_wconf 82' lang='lat' dir='ltr'><strong>instituat;</strong></span> <span class='ocrx_word' id='word_1_547' title='bbox 1449 5165 1585 5203; x_wconf 89' lang='lat' dir='ltr'><strong>neve</strong></span> <span class='ocrx_word' id='word_1_548' title='bbox 1624 5149 1959 5217; x_wconf 69' lang='lat' dir='ltr'><strong>incorrupta:</strong></span> <span class='ocrx_word' id='word_1_549' title='bbox 1995 5145 2098 5201; x_wconf 76' lang='lat' dir='ltr'><strong>ini-</strong></span> 
     </span>
    </p>
   </div>
   <div class='ocr_carea' id='block_1_86' title="bbox 522 5239 2096 5313">
    <p class='ocr_par' dir='ltr' id='par_1_86' title="bbox 522 5239 2096 5313">
     <span class='ocr_line' id='line_1_86' title="bbox 522 5239 2096 5313; baseline -0.004 -14"><span class='ocrx_word' id='word_1_550' title='bbox 522 5244 861 5313; x_wconf 88' lang='lat' dir='ltr'><strong>mortalique</strong></span> <span class='ocrx_word' id='word_1_551' title='bbox 904 5244 1050 5309; x_wconf 66' lang='lat' dir='ltr'><strong>vitaz,</strong></span> <span class='ocrx_word' id='word_1_552' title='bbox 1081 5244 1371 5297; x_wconf 76' lang='lat' dir='ltr'><strong>exitiosam</strong></span> <span class='ocrx_word' id='word_1_553' title='bbox 1414 5241 1670 5296; x_wconf 86' lang='lat' dir='ltr'><strong>sensibus</strong></span> <span class='ocrx_word' id='word_1_554' title='bbox 1706 5239 1997 5293; x_wconf 85' lang='lat' dir='ltr'><strong>humilium</strong></span> <span class='ocrx_word' id='word_1_555' title='bbox 2033 5253 2096 5293; x_wconf 91' lang='lat' dir='ltr'><strong>ac</strong></span> 
     </span>
    </p>
   </div>
   <div class='ocr_carea' id='block_1_87' title="bbox 522 5334 2099 5396">
    <p class='ocr_par' dir='ltr' id='par_1_87' title="bbox 522 5334 2099 5396">
     <span class='ocr_line' id='line_1_87' title="bbox 522 5334 2099 5396; baseline -0.003 -6"><span class='ocrx_word' id='word_1_556' title='bbox 522 5346 686 5391; x_wconf 75' lang='lat' dir='ltr'><strong>terra:</strong></span> <span class='ocrx_word' id='word_1_557' title='bbox 717 5335 1025 5391; x_wconf 79' lang='lat' dir='ltr'><strong>deﬁxorum</strong></span> <span class='ocrx_word' id='word_1_558' title='bbox 1080 5334 1507 5396; x_wconf 89' lang='lat' dir='ltr'><strong>abundantiam,</strong></span> <span class='ocrx_word' id='word_1_559' title='bbox 1542 5334 1747 5385; x_wconf 89' lang='lat' dir='ltr'><strong>misera</strong></span> <span class='ocrx_word' id='word_1_560' title='bbox 1788 5339 2099 5385; x_wconf 84' lang='lat' dir='ltr'><strong>commuta-</strong></span> 
     </span>
    </p>
   </div>
   <div class='ocr_carea' id='block_1_88' title="bbox 520 5426 2093 5501">
    <p class='ocr_par' dir='ltr' id='par_1_88' title="bbox 520 5426 2093 5501">
     <span class='ocr_line' id='line_1_88' title="bbox 520 5426 2093 5501; baseline -0.006 -16"><span class='ocrx_word' id='word_1_561' title='bbox 520 5432 674 5485; x_wconf 89' lang='lat' dir='ltr'><strong>tione</strong></span> <span class='ocrx_word' id='word_1_562' title='bbox 704 5438 991 5501; x_wconf 69' lang='lat' dir='ltr'><strong>praeoptet.</strong></span> <span class='ocrx_word' id='word_1_563' title='bbox 1036 5448 1054 5481; x_wconf 80' lang='grc' dir='ltr'><strong>ι</strong></span> <span class='ocrx_word' id='word_1_564' title='bbox 1107 5428 1264 5492; x_wconf 87' lang='lat' dir='ltr'><strong>Filii,</strong></span> <span class='ocrx_word' id='word_1_565' title='bbox 1292 5428 1606 5482; x_wconf 89' lang='lat' dir='ltr'><strong>novissima</strong></span> <span class='ocrx_word' id='word_1_566' title='bbox 1657 5426 1794 5479; x_wconf 88' lang='lat' dir='ltr'><strong>hora</strong></span> <span class='ocrx_word' id='word_1_567' title='bbox 1825 5433 1913 5479; x_wconf 86' lang='lat' dir='ltr'><strong>est</strong></span> <span class='ocrx_word' id='word_1_568' title='bbox 1944 5434 1982 5461; x_wconf 73' lang='grc' dir='ltr'>ιι</span> <span class='ocrx_word' id='word_1_569' title='bbox 2016 5441 2029 5478; x_wconf 90' lang='lat'><strong>:</strong></span> <span class='ocrx_word' id='word_1_570' title='bbox 2075 5444 2093 5475; x_wconf 76' lang='grc' dir='ltr'><strong>ι</strong></span> 
     </span>
    </p>
   </div>
   <div class='ocr_carea' id='block_1_89' title="bbox 520 5519 2103 5595">
    <p class='ocr_par' dir='ltr' id='par_1_89' title="bbox 520 5519 2103 5595">
     <span class='ocr_line' id='line_1_89' title="bbox 520 5519 2103 5595; baseline -0.006 -16"><span class='ocrx_word' id='word_1_571' title='bbox 520 5533 650 5580; x_wconf 91' lang='lat' dir='ltr'><strong>sunt</strong></span> <span class='ocrx_word' id='word_1_572' title='bbox 684 5538 818 5595; x_wconf 77' lang='lat' dir='ltr'><strong>ergo</strong></span> <span class='ocrx_word' id='word_1_573' title='bbox 873 5522 1120 5595; x_wconf 84' lang='lat' dir='ltr'><strong>paranda</strong></span> <span class='ocrx_word' id='word_1_574' title='bbox 1150 5522 1219 5576; x_wconf 90' lang='lat' dir='ltr'><strong>ad</strong></span> <span class='ocrx_word' id='word_1_575' title='bbox 1271 5521 1480 5576; x_wconf 84' lang='lat' dir='ltr'><strong>exitum</strong></span> <span class='ocrx_word' id='word_1_576' title='bbox 1517 5535 1582 5574; x_wconf 91' lang='lat' dir='ltr'><strong>ac</strong></span> <span class='ocrx_word' id='word_1_577' title='bbox 1621 5519 1961 5588; x_wconf 86' lang='lat' dir='ltr'><strong>sepulturam</strong></span> <span class='ocrx_word' id='word_1_578' title='bbox 2001 5532 2103 5587; x_wconf 81' lang='lat' dir='ltr'><strong>op-</strong></span> 
     </span>
    </p>
   </div>
   <div class='ocr_carea' id='block_1_90' title="bbox 520 5612 2085 5688">
    <p class='ocr_par' dir='ltr' id='par_1_90' title="bbox 520 5612 2085 5688">
     <span class='ocr_line' id='line_1_90' title="bbox 520 5612 2085 5688; baseline -0.004 -15"><span class='ocrx_word' id='word_1_579' title='bbox 520 5624 779 5688; x_wconf 85' lang='lat' dir='ltr'><strong>portuna.</strong></span> <span class='ocrx_word' id='word_1_580' title='bbox 838 5614 1013 5671; x_wconf 88' lang='lat' dir='ltr'><strong>Nobis</strong></span> <span class='ocrx_word' id='word_1_581' title='bbox 1063 5616 1167 5687; x_wconf 90' lang='lat' dir='ltr'><strong>ipsi</strong></span> <span class='ocrx_word' id='word_1_582' title='bbox 1238 5628 1541 5684; x_wconf 77' lang='lat' dir='ltr'><strong>augeamus</strong></span> <span class='ocrx_word' id='word_1_583' title='bbox 1616 5612 1824 5667; x_wconf 88' lang='lat' dir='ltr'><strong>funeris</strong></span> <span class='ocrx_word' id='word_1_584' title='bbox 1873 5622 2085 5666; x_wconf 85' lang='lat' dir='ltr'><strong>curam.</strong></span> 
     </span>
    </p>
   </div>
   <div class='ocr_carea' id='block_1_91' title="bbox 598 5793 1081 5859">
    <p class='ocr_par' dir='ltr' id='par_1_91' title="bbox 598 5793 1081 5859">
     <span class='ocr_line' id='line_1_91' title="bbox 598 5793 1081 5859; baseline 0.019 -16"><span class='ocrx_word' id='word_1_585' title='bbox 598 5793 612 5843; x_wconf 89' lang='lat' dir='ltr'><strong>i</strong></span> <span class='ocrx_word' id='word_1_586' title='bbox 645 5793 823 5848; x_wconf 79' lang='lat' dir='ltr'><strong>Galat.</strong></span> <span class='ocrx_word' id='word_1_587' title='bbox 862 5810 945 5859; x_wconf 75' lang='lat' dir='ltr'><strong>tv,</strong></span> <span class='ocrx_word' id='word_1_588' title='bbox 998 5798 1081 5853; x_wconf 79' lang='grc' dir='ltr'>ιο.</span> 
     </span>
    </p>
   </div>
   <div class='ocr_carea' id='block_1_92' title="bbox 2204 3211 3766 3290">
    <p class='ocr_par' dir='ltr' id='par_1_92' title="bbox 2204 3211 3766 3290">
     <span class='ocr_line' id='line_1_92' title="bbox 2204 3211 3766 3290; baseline -0.008 -15"><span class='ocrx_word' id='word_1_589' title='bbox 2204 3224 2480 3290; x_wconf 78' lang='grc' dir='ltr'>ἐπίλογον.</span> <span class='ocrx_word' id='word_1_590' title='bbox 2526 3218 2769 3283; x_wconf 78' lang='grc' dir='ltr'>Δανείζω</span> <span class='ocrx_word' id='word_1_591' title='bbox 2815 3218 2995 3271; x_wconf 86' lang='grc' dir='ltr'>τοίνυν</span> <span class='ocrx_word' id='word_1_592' title='bbox 3023 3214 3173 3286; x_wconf 86' lang='grc' dir='ltr'>αύτῷ</span> <span class='ocrx_word' id='word_1_593' title='bbox 3196 3218 3297 3287; x_wconf 83' lang='grc' dir='ltr'><strong>τὴν</strong></span> <span class='ocrx_word' id='word_1_594' title='bbox 3347 3216 3558 3287; x_wconf 80' lang='grc' dir='ltr'>φωνὴν,</span> <span class='ocrx_word' id='word_1_595' title='bbox 3588 3211 3766 3268; x_wconf 75' lang='grc' dir='ltr'>καὶτὸν</span> 
     </span>
    </p>
   </div>
   <div class='ocr_carea' id='block_1_93' title="bbox 2203 3307 3765 3385">
    <p class='ocr_par' dir='ltr' id='par_1_93' title="bbox 2203 3307 3765 3385">
     <span class='ocr_line' id='line_1_93' title="bbox 2203 3307 3765 3385; baseline -0.008 -16"><span class='ocrx_word' id='word_1_596' title='bbox 2203 3318 2362 3385; x_wconf 85' lang='grc' dir='ltr'>λόγον</span> <span class='ocrx_word' id='word_1_597' title='bbox 2392 3314 2567 3385; x_wconf 82' lang='grc' dir='ltr'>κιχρῶ</span> <span class='ocrx_word' id='word_1_598' title='bbox 2589 3330 2603 3345; x_wconf 89' lang='grc'><strong>·</strong></span> <span class='ocrx_word' id='word_1_599' title='bbox 2640 3315 2737 3366; x_wconf 74' lang='grc' dir='ltr'>καὶ</span> <span class='ocrx_word' id='word_1_600' title='bbox 2760 3314 2983 3383; x_wconf 88' lang='grc' dir='ltr'>γίνομαι</span> <span class='ocrx_word' id='word_1_601' title='bbox 3011 3311 3341 3381; x_wconf 85' lang='grc' dir='ltr'>διαλλακτὴς</span> <span class='ocrx_word' id='word_1_602' title='bbox 3376 3310 3577 3380; x_wconf 77' lang='grc' dir='ltr'>μικρὸς</span> <span class='ocrx_word' id='word_1_603' title='bbox 3608 3307 3765 3379; x_wconf 79' lang='grc' dir='ltr'>μείζο-</span> 
     </span>
    </p>
   </div>
   <div class='ocr_carea' id='block_1_94' title="bbox 2203 3398 3764 3476">
    <p class='ocr_par' dir='ltr' id='par_1_94' title="bbox 2203 3398 3764 3476">
     <span class='ocr_line' id='line_1_94' title="bbox 2203 3398 3764 3476; baseline -0.008 -15"><span class='ocrx_word' id='word_1_604' title='bbox 2203 3427 2293 3470; x_wconf 79' lang='grc' dir='ltr'><strong>νος</strong></span> <span class='ocrx_word' id='word_1_605' title='bbox 2322 3410 2667 3476; x_wconf 81' lang='grc' dir='ltr'>πράγματος,</span> <span class='ocrx_word' id='word_1_606' title='bbox 2716 3404 3105 3475; x_wconf 83' lang='grc' dir='ltr'>πνευματικῶς</span> <span class='ocrx_word' id='word_1_607' title='bbox 3138 3399 3435 3473; x_wconf 84' lang='grc' dir='ltr'>ὁμηρεύων</span> <span class='ocrx_word' id='word_1_608' title='bbox 3463 3400 3556 3454; x_wconf 84' lang='grc' dir='ltr'><strong>τὸν</strong></span> <span class='ocrx_word' id='word_1_609' title='bbox 3585 3398 3764 3452; x_wconf 81' lang='grc' dir='ltr'>ἐκείνου</span> 
     </span>
    </p>
   </div>
   <div class='ocr_carea' id='block_1_95' title="bbox 2202 3490 3765 3569">
    <p class='ocr_par' dir='ltr' id='par_1_95' title="bbox 2202 3490 3765 3569">
     <span class='ocr_line' id='line_1_95' title="bbox 2202 3490 3765 3569; baseline -0.007 -16"><span class='ocrx_word' id='word_1_610' title='bbox 2202 3502 2360 3569; x_wconf 77' lang='grc' dir='ltr'>λόγον</span> <span class='ocrx_word' id='word_1_611' title='bbox 2385 3501 2514 3568; x_wconf 68' lang='grc' dir='ltr'>ὑμῖν</span> <span class='ocrx_word' id='word_1_612' title='bbox 2538 3516 2550 3528; x_wconf 80' lang='lat'><strong><em>°</em></strong></span> <span class='ocrx_word' id='word_1_613' title='bbox 2587 3499 2647 3550; x_wconf 76' lang='grc' dir='ltr'><strong>οὐ</strong></span> <span class='ocrx_word' id='word_1_614' title='bbox 2682 3499 2780 3569; x_wconf 82' lang='grc' dir='ltr'><strong>μὲν</strong></span> <span class='ocrx_word' id='word_1_615' title='bbox 2802 3495 2894 3550; x_wconf 76' lang='grc' dir='ltr'><strong>οὖν</strong></span> <span class='ocrx_word' id='word_1_616' title='bbox 2913 3498 3192 3568; x_wconf 82' lang='grc' dir='ltr'>περιέργῳ</span> <span class='ocrx_word' id='word_1_617' title='bbox 3222 3497 3331 3549; x_wconf 72' lang='grc' dir='ltr'>τινὶ</span> <span class='ocrx_word' id='word_1_618' title='bbox 3355 3498 3455 3549; x_wconf 70' lang='grc' dir='ltr'><strong>καὶ</strong></span> <span class='ocrx_word' id='word_1_619' title='bbox 3482 3490 3765 3562; x_wconf 66' lang='grc' dir='ltr'>κεκομψευι</span> 
     </span>
    </p>
   </div>
   <div class='ocr_carea' id='block_1_96' title="bbox 2209 3578 3766 3664">
    <p class='ocr_par' dir='ltr' id='par_1_96' title="bbox 2209 3578 3766 3664">
     <span class='ocr_line' id='line_1_96' title="bbox 2209 3578 3766 3664; baseline -0.008 -21"><span class='ocrx_word' id='word_1_620' title='bbox 2209 3593 2345 3664; x_wconf 77' lang='grc' dir='ltr'><strong>μένῃ</strong></span> <span class='ocrx_word' id='word_1_621' title='bbox 2373 3589 2676 3659; x_wconf 76' lang='grc' dir='ltr'>στωμυλίᾳ,</span> <span class='ocrx_word' id='word_1_622' title='bbox 2708 3587 2899 3656; x_wconf 77' lang='grc' dir='ltr'>ἀληθεῖ</span> <span class='ocrx_word' id='word_1_623' title='bbox 2922 3587 2979 3640; x_wconf 83' lang='grc' dir='ltr'>δὲ</span> <span class='ocrx_word' id='word_1_624' title='bbox 3012 3587 3148 3656; x_wconf 79' lang='grc' dir='ltr'>μόνῃ</span> <span class='ocrx_word' id='word_1_625' title='bbox 3182 3585 3276 3639; x_wconf 68' lang='grc' dir='ltr'><strong>καὶ</strong></span> <span class='ocrx_word' id='word_1_626' title='bbox 3301 3584 3689 3650; x_wconf 85' lang='grc' dir='ltr'>ἀνεπιπλάστῳ</span> <span class='ocrx_word' id='word_1_627' title='bbox 3706 3578 3766 3631; x_wconf 86' lang='grc' dir='ltr'>δι·</span> 
     </span>
    </p>
   </div>
   <div class='ocr_carea' id='block_1_97' title="bbox 2204 3671 3765 3751">
    <p class='ocr_par' dir='ltr' id='par_1_97' title="bbox 2204 3671 3765 3751">
     <span class='ocr_line' id='line_1_97' title="bbox 2204 3671 3765 3751; baseline -0.008 -17"><span class='ocrx_word' id='word_1_628' title='bbox 2204 3682 2472 3751; x_wconf 71' lang='grc' dir='ltr'>δασκαλίᾳ</span> <span class='ocrx_word' id='word_1_629' title='bbox 2493 3699 2506 3712; x_wconf 89' lang='grc'><strong>·</strong></span> <span class='ocrx_word' id='word_1_630' title='bbox 2531 3681 2598 3750; x_wconf 81' lang='grc' dir='ltr'>ἣν</span> <span class='ocrx_word' id='word_1_631' title='bbox 2630 3681 2724 3732; x_wconf 73' lang='grc' dir='ltr'><strong>ἐπὶ</strong></span> <span class='ocrx_word' id='word_1_632' title='bbox 2756 3678 2953 3749; x_wconf 76' lang='grc' dir='ltr'>καιροῦ</span> <span class='ocrx_word' id='word_1_633' title='bbox 2993 3678 3178 3749; x_wconf 76' lang='grc' dir='ltr'>διᾶραι</span> <span class='ocrx_word' id='word_1_634' title='bbox 3213 3679 3293 3739; x_wconf 90' lang='grc' dir='ltr'>εἰς</span> <span class='ocrx_word' id='word_1_635' title='bbox 3319 3674 3460 3744; x_wconf 77' lang='grc' dir='ltr'>ὕψος</span> <span class='ocrx_word' id='word_1_636' title='bbox 3488 3676 3586 3744; x_wconf 84' lang='grc' dir='ltr'>τὴν</span> <span class='ocrx_word' id='word_1_637' title='bbox 3610 3671 3765 3742; x_wconf 73' lang='grc' dir='ltr'>φωνὴν</span> 
     </span>
    </p>
   </div>
   <div class='ocr_carea' id='block_1_98' title="bbox 2205 3774 2679 3844">
    <p class='ocr_par' dir='ltr' id='par_1_98' title="bbox 2205 3774 2679 3844">
     <span class='ocr_line' id='line_1_98' title="bbox 2205 3774 2679 3844; baseline -0.019 -15"><span class='ocrx_word' id='word_1_638' title='bbox 2205 3774 2633 3844; x_wconf 56' lang='grc' dir='ltr'>ἁνακρούσομαι.</span> <span class='ocrx_word' id='word_1_639' title='bbox 2672 3814 2679 3819; x_wconf 92' lang='grc'><strong>.</strong></span> 
     </span>
    </p>
   </div>
   <div class='ocr_carea' id='block_1_99' title="bbox 2277 3850 3765 3939">
    <p class='ocr_par' dir='ltr' id='par_1_99' title="bbox 2277 3850 3765 3939">
     <span class='ocr_line' id='line_1_99' title="bbox 2277 3850 3765 3939; baseline -0.007 -20"><span class='ocrx_word' id='word_1_640' title='bbox 2277 3866 2503 3939; x_wconf 83' lang='grc' dir='ltr'>Γλώσσῃ</span> <span class='ocrx_word' id='word_1_641' title='bbox 2525 3867 2635 3936; x_wconf 86' lang='grc' dir='ltr'><strong>γάρ</strong></span> <span class='ocrx_word' id='word_1_642' title='bbox 2674 3865 2875 3935; x_wconf 74' lang='grc' dir='ltr'>χρῆται</span> <span class='ocrx_word' id='word_1_643' title='bbox 2914 3864 3160 3933; x_wconf 84' lang='grc' dir='ltr'>σήμερον</span> <span class='ocrx_word' id='word_1_644' title='bbox 3186 3862 3253 3931; x_wconf 78' lang='grc' dir='ltr'>τῇ</span> <span class='ocrx_word' id='word_1_645' title='bbox 3276 3860 3413 3930; x_wconf 80' lang='grc' dir='ltr'>ἐμῇ,</span> <span class='ocrx_word' id='word_1_646' title='bbox 3439 3860 3538 3911; x_wconf 77' lang='grc' dir='ltr'><strong>καὶ</strong></span> <span class='ocrx_word' id='word_1_647' title='bbox 3571 3850 3765 3927; x_wconf 80' lang='grc' dir='ltr'>φθόγγῳ</span> 
     </span>
    </p>
   </div>
   <div class='ocr_carea' id='block_1_100' title="bbox 2204 3944 3765 4030">
    <p class='ocr_par' dir='ltr' id='par_1_100' title="bbox 2204 3944 3765 4030">
     <span class='ocr_line' id='line_1_100' title="bbox 2204 3944 3765 4030; baseline -0.008 -18"><span class='ocrx_word' id='word_1_648' title='bbox 2204 3960 2284 4030; x_wconf 80' lang='grc' dir='ltr'>τῷ</span> <span class='ocrx_word' id='word_1_649' title='bbox 2313 3959 2571 4029; x_wconf 81' lang='grc' dir='ltr'>ἡμετέρῳ</span> <span class='ocrx_word' id='word_1_650' title='bbox 2615 3956 3066 4028; x_wconf 80' lang='grc' dir='ltr'>προσφθέγγεται</span> <span class='ocrx_word' id='word_1_651' title='bbox 3092 3969 3105 3983; x_wconf 89' lang='grc'><strong>·</strong></span> <span class='ocrx_word' id='word_1_652' title='bbox 3154 3971 3171 4004; x_wconf 86' lang='grc' dir='ltr'><strong>ι</strong></span> <span class='ocrx_word' id='word_1_653' title='bbox 3203 3946 3433 4016; x_wconf 77' lang='grc' dir='ltr'>Τεκνία,</span> <span class='ocrx_word' id='word_1_654' title='bbox 3476 3951 3665 4017; x_wconf 82' lang='grc' dir='ltr'>λέγων,</span> <span class='ocrx_word' id='word_1_655' title='bbox 3690 3944 3765 4006; x_wconf 79' lang='grc' dir='ltr'><strong>οὓς</strong></span> 
     </span>
    </p>
   </div>
   <div class='ocr_carea' id='block_1_101' title="bbox 2206 4038 3761 4117">
    <p class='ocr_par' dir='ltr' id='par_1_101' title="bbox 2206 4038 3761 4117">
     <span class='ocr_line' id='line_1_101' title="bbox 2206 4038 3761 4117; baseline -0.012 -13"><span class='ocrx_word' id='word_1_656' title='bbox 2206 4051 2368 4104; x_wconf 82' lang='grc' dir='ltr'>πάλιν</span> <span class='ocrx_word' id='word_1_657' title='bbox 2390 4050 2587 4113; x_wconf 74' lang='grc' dir='ltr'>ὠδίνω,</span> <span class='ocrx_word' id='word_1_658' title='bbox 2622 4047 2787 4117; x_wconf 82' lang='grc' dir='ltr'>μέχρι</span> <span class='ocrx_word' id='word_1_659' title='bbox 2812 4038 2872 4098; x_wconf 78' lang='grc' dir='ltr'>οὗ</span> <span class='ocrx_word' id='word_1_660' title='bbox 2919 4042 3184 4115; x_wconf 74' lang='grc' dir='ltr'>μορφωθῇ</span> <span class='ocrx_word' id='word_1_661' title='bbox 3208 4040 3453 4111; x_wconf 84' lang='grc' dir='ltr'>Χριστὸς</span> <span class='ocrx_word' id='word_1_662' title='bbox 3485 4041 3541 4091; x_wconf 83' lang='grc' dir='ltr'><strong>ἐν</strong></span> <span class='ocrx_word' id='word_1_663' title='bbox 3580 4038 3716 4107; x_wconf 84' lang='grc' dir='ltr'>ὑμῖν,</span> <span class='ocrx_word' id='word_1_664' title='bbox 3746 4050 3761 4083; x_wconf 71' lang='grc' dir='ltr'><strong>ν</strong></span> 
     </span>
    </p>
   </div>
   <div class='ocr_carea' id='block_1_102' title="bbox 2205 4124 3764 4216">
    <p class='ocr_par' dir='ltr' id='par_1_102' title="bbox 2205 4124 3764 4216">
     <span class='ocr_line' id='line_1_102' title="bbox 2205 4124 3764 4216; baseline -0.013 -19"><span class='ocrx_word' id='word_1_665' title='bbox 2205 4144 2295 4197; x_wconf 82' lang='grc' dir='ltr'><strong>διὰ</strong></span> <span class='ocrx_word' id='word_1_666' title='bbox 2324 4143 2423 4211; x_wconf 78' lang='grc' dir='ltr'><strong>τῆς</strong></span> <span class='ocrx_word' id='word_1_667' title='bbox 2454 4142 2765 4211; x_wconf 80' lang='grc' dir='ltr'>πρακτικῆς</span> <span class='ocrx_word' id='word_1_668' title='bbox 2794 4137 3150 4216; x_wconf 52' lang='grc' dir='ltr'>τελειότητος,</span> <span class='ocrx_word' id='word_1_669' title='bbox 3184 4152 3203 4186; x_wconf 74' lang='grc' dir='ltr'><strong>ι</strong></span> <span class='ocrx_word' id='word_1_670' title='bbox 3233 4133 3325 4203; x_wconf 81' lang='grc' dir='ltr'><strong>Μὴ</strong></span> <span class='ocrx_word' id='word_1_671' title='bbox 3356 4132 3553 4185; x_wconf 89' lang='grc' dir='ltr'>παιδία</span> <span class='ocrx_word' id='word_1_672' title='bbox 3580 4124 3764 4197; x_wconf 81' lang='grc' dir='ltr'>γίνεσθε</span> 
     </span>
    </p>
   </div>
   <div class='ocr_carea' id='block_1_103' title="bbox 2205 4216 3763 4303">
    <p class='ocr_par' dir='ltr' id='par_1_103' title="bbox 2205 4216 3763 4303">
     <span class='ocr_line' id='line_1_103' title="bbox 2205 4216 3763 4303; baseline -0.015 -16"><span class='ocrx_word' id='word_1_673' title='bbox 2205 4237 2326 4297; x_wconf 88' lang='grc' dir='ltr'>ταῖς</span> <span class='ocrx_word' id='word_1_674' title='bbox 2355 4232 2571 4303; x_wconf 76' lang='grc' dir='ltr'>φρεσὶν,</span> <span class='ocrx_word' id='word_1_675' title='bbox 2603 4230 2740 4283; x_wconf 77' lang='grc' dir='ltr'>ἀλλὰ</span> <span class='ocrx_word' id='word_1_676' title='bbox 2759 4231 2826 4298; x_wconf 80' lang='grc' dir='ltr'>τῇ</span> <span class='ocrx_word' id='word_1_677' title='bbox 2858 4226 3028 4296; x_wconf 76' lang='grc' dir='ltr'>κακία</span> <span class='ocrx_word' id='word_1_678' title='bbox 3055 4224 3377 4294; x_wconf 81' lang='grc' dir='ltr'>νηπιάζετε.</span> <span class='ocrx_word' id='word_1_679' title='bbox 3419 4222 3514 4291; x_wconf 83' lang='grc' dir='ltr'><strong>Μή</strong></span> <span class='ocrx_word' id='word_1_680' title='bbox 3551 4228 3631 4282; x_wconf 79' lang='grc' dir='ltr'><strong>τις</strong></span> <span class='ocrx_word' id='word_1_681' title='bbox 3658 4216 3763 4285; x_wconf 78' lang='grc' dir='ltr'>ὑμῖν</span> 
     </span>
    </p>
   </div>
   <div class='ocr_carea' id='block_1_104' title="bbox 2206 4302 3764 4394">
    <p class='ocr_par' dir='ltr' id='par_1_104' title="bbox 2206 4302 3764 4394">
     <span class='ocr_line' id='line_1_104' title="bbox 2206 4302 3764 4394; baseline -0.017 -16"><span class='ocrx_word' id='word_1_682' title='bbox 2206 4302 2495 4394; x_wconf 81' lang='grc' dir='ltr'>ἐνοχλείτω</span> <span class='ocrx_word' id='word_1_683' title='bbox 2529 4319 2655 4393; x_wconf 75' lang='grc' dir='ltr'>ῥίζα</span> <span class='ocrx_word' id='word_1_684' title='bbox 2680 4319 2884 4380; x_wconf 87' lang='grc' dir='ltr'>κακίας</span> <span class='ocrx_word' id='word_1_685' title='bbox 2915 4318 3029 4370; x_wconf 85' lang='grc' dir='ltr'><strong>ἀνω</strong></span> <span class='ocrx_word' id='word_1_686' title='bbox 3064 4313 3298 4383; x_wconf 82' lang='grc' dir='ltr'>φύουσα,</span> <span class='ocrx_word' id='word_1_687' title='bbox 3340 4329 3358 4362; x_wconf 69' lang='grc' dir='ltr'><strong>ι</strong></span> <span class='ocrx_word' id='word_1_688' title='bbox 3391 4312 3491 4364; x_wconf 52' lang='grc' dir='ltr'><strong>καὶ⁸</strong></span> <span class='ocrx_word' id='word_1_689' title='bbox 3517 4310 3606 4361; x_wconf 84' lang='grc' dir='ltr'><strong>τὸν</strong></span> <span class='ocrx_word' id='word_1_690' title='bbox 3630 4302 3764 4374; x_wconf 82' lang='grc' dir='ltr'>ὀρθὸν</span> 
     </span>
    </p>
   </div>
   <div class='ocr_carea' id='block_1_105' title="bbox 2207 4396 3764 4481">
    <p class='ocr_par' dir='ltr' id='par_1_105' title="bbox 2207 4396 3764 4481">
     <span class='ocr_line' id='line_1_105' title="bbox 2207 4396 3764 4481; baseline -0.012 -8"><span class='ocrx_word' id='word_1_691' title='bbox 2207 4418 2532 4481; x_wconf 77' lang='grc' dir='ltr'>σκοτίζουσα</span> <span class='ocrx_word' id='word_1_692' title='bbox 2584 4413 2729 4469; x_wconf 81' lang='grc' dir='ltr'>νοῦν.</span> <span class='ocrx_word' id='word_1_693' title='bbox 2782 4412 2874 4479; x_wconf 80' lang='grc' dir='ltr'><strong>Μή</strong></span> <span class='ocrx_word' id='word_1_694' title='bbox 2923 4426 3011 4471; x_wconf 85' lang='grc' dir='ltr'><strong>τις</strong></span> <span class='ocrx_word' id='word_1_695' title='bbox 3046 4406 3323 4477; x_wconf 84' lang='grc' dir='ltr'>ἁμαρτίας</span> <span class='ocrx_word' id='word_1_696' title='bbox 3349 4403 3531 4473; x_wconf 84' lang='grc' dir='ltr'>ἐκφύῃ</span> <span class='ocrx_word' id='word_1_697' title='bbox 3567 4396 3764 4471; x_wconf 73' lang='grc' dir='ltr'>βλαστὸς</span> 
     </span>
    </p>
   </div>
   <div class='ocr_carea' id='block_1_106' title="bbox 2204 4484 3764 4575">
    <p class='ocr_par' dir='ltr' id='par_1_106' title="bbox 2204 4484 3764 4575">
     <span class='ocr_line' id='line_1_106' title="bbox 2204 4484 3764 4575; baseline -0.014 -14"><span class='ocrx_word' id='word_1_698' title='bbox 2204 4511 2261 4563; x_wconf 81' lang='grc' dir='ltr'><strong>ἐν</strong></span> <span class='ocrx_word' id='word_1_699' title='bbox 2295 4511 2415 4570; x_wconf 85' lang='grc' dir='ltr'>ταῖς</span> <span class='ocrx_word' id='word_1_700' title='bbox 2447 4484 2895 4575; x_wconf 65' lang='grc' dir='ltr'>καρδίαιςύμῶν.</span> <span class='ocrx_word' id='word_1_701' title='bbox 2930 4501 3021 4569; x_wconf 88' lang='grc' dir='ltr'><strong>Μή</strong></span> <span class='ocrx_word' id='word_1_702' title='bbox 3055 4515 3140 4561; x_wconf 90' lang='grc' dir='ltr'><strong>τις</strong></span> <span class='ocrx_word' id='word_1_703' title='bbox 3178 4496 3435 4566; x_wconf 81' lang='grc' dir='ltr'>περκάσῃ</span> <span class='ocrx_word' id='word_1_704' title='bbox 3471 4494 3661 4564; x_wconf 83' lang='grc' dir='ltr'>βότρυς</span> <span class='ocrx_word' id='word_1_705' title='bbox 3689 4504 3764 4575; x_wconf 54' lang='lat' dir='ltr'><strong>at:</strong></span> 
     </span>
    </p>
   </div>
   <div class='ocr_carea' id='block_1_107' title="bbox 2206 4570 3761 4668">
    <p class='ocr_par' dir='ltr' id='par_1_107' title="bbox 2206 4570 3761 4668">
     <span class='ocr_line' id='line_1_107' title="bbox 2206 4570 3761 4668; baseline -0.014 -17"><span class='ocrx_word' id='word_1_706' title='bbox 2206 4598 2367 4668; x_wconf 85' lang='grc' dir='ltr'>κρίας</span> <span class='ocrx_word' id='word_1_707' title='bbox 2428 4570 2580 4663; x_wconf 77' lang='grc' dir='ltr'>ὑμῖν,</span> <span class='ocrx_word' id='word_1_708' title='bbox 2639 4592 2697 4657; x_wconf 79' lang='grc' dir='ltr'>ἐξ</span> <span class='ocrx_word' id='word_1_709' title='bbox 2748 4570 2808 4643; x_wconf 76' lang='grc' dir='ltr'><strong>οἶ)</strong></span> <span class='ocrx_word' id='word_1_710' title='bbox 2840 4587 3172 4659; x_wconf 74' lang='grc' dir='ltr'>δρακόντων</span> <span class='ocrx_word' id='word_1_711' title='bbox 3215 4583 3385 4653; x_wconf 72' lang='grc' dir='ltr'>θυμὸς</span> <span class='ocrx_word' id='word_1_712' title='bbox 3425 4582 3546 4654; x_wconf 72' lang='grc' dir='ltr'>[καὶ</span> <span class='ocrx_word' id='word_1_713' title='bbox 3593 4570 3761 4668; x_wconf 75' lang='grc' dir='ltr'>θυμὸς]</span> 
     </span>
    </p>
   </div>
   <div class='ocr_carea' id='block_1_108' title="bbox 2207 4666 3763 4752">
    <p class='ocr_par' dir='ltr' id='par_1_108' title="bbox 2207 4666 3763 4752">
     <span class='ocr_line' id='line_1_108' title="bbox 2207 4666 3763 4752; baseline -0.014 -11"><span class='ocrx_word' id='word_1_714' title='bbox 2207 4666 2451 4742; x_wconf 76' lang='grc' dir='ltr'>ἀσπίδων</span> <span class='ocrx_word' id='word_1_715' title='bbox 2482 4684 2766 4747; x_wconf 77' lang='grc' dir='ltr'>οἱνίζεται.</span> <span class='ocrx_word' id='word_1_716' title='bbox 2796 4680 2888 4752; x_wconf 86' lang='grc' dir='ltr'><strong>Μή</strong></span> <span class='ocrx_word' id='word_1_717' title='bbox 2917 4697 3001 4742; x_wconf 84' lang='grc' dir='ltr'><strong>τις</strong></span> <span class='ocrx_word' id='word_1_718' title='bbox 3026 4678 3138 4731; x_wconf 86' lang='grc' dir='ltr'><strong>τῶν</strong></span> <span class='ocrx_word' id='word_1_719' title='bbox 3160 4674 3402 4746; x_wconf 74' lang='grc' dir='ltr'>Χριστοῦ</span> <span class='ocrx_word' id='word_1_720' title='bbox 3429 4666 3763 4740; x_wconf 74' lang='grc' dir='ltr'>καταφρονεί-</span> 
     </span>
    </p>
   </div>
   <div class='ocr_carea' id='block_1_109' title="bbox 2205 4758 3761 4852">
    <p class='ocr_par' dir='ltr' id='par_1_109' title="bbox 2205 4758 3761 4852">
     <span class='ocr_line' id='line_1_109' title="bbox 2205 4758 3761 4852; baseline -0.014 -20"><span class='ocrx_word' id='word_1_721' title='bbox 2205 4800 2283 4833; x_wconf 91' lang='grc' dir='ltr'><strong>τω</strong></span> <span class='ocrx_word' id='word_1_722' title='bbox 2333 4776 2673 4852; x_wconf 76' lang='grc' dir='ltr'>δεσποτικῶν</span> <span class='ocrx_word' id='word_1_723' title='bbox 2720 4773 2982 4835; x_wconf 85' lang='grc' dir='ltr'>ἐντολῶν,</span> <span class='ocrx_word' id='word_1_724' title='bbox 3037 4769 3174 4841; x_wconf 78' lang='grc' dir='ltr'>μηδὲ</span> <span class='ocrx_word' id='word_1_725' title='bbox 3221 4768 3321 4838; x_wconf 80' lang='grc' dir='ltr'>τὴν</span> <span class='ocrx_word' id='word_1_726' title='bbox 3362 4767 3531 4835; x_wconf 75' lang='grc' dir='ltr'>ἀκοὴν</span> <span class='ocrx_word' id='word_1_727' title='bbox 3568 4758 3761 4818; x_wconf 80' lang='grc' dir='ltr'>ἀσπίδος</span> 
     </span>
    </p>
   </div>
   <div class='ocr_carea' id='block_1_110' title="bbox 2205 4849 3756 4940">
    <p class='ocr_par' dir='ltr' id='par_1_110' title="bbox 2205 4849 3756 4940">
     <span class='ocr_line' id='line_1_110' title="bbox 2205 4849 3756 4940; baseline -0.005 -16"><span class='ocrx_word' id='word_1_728' title='bbox 2205 4872 2363 4940; x_wconf 81' lang='grc' dir='ltr'>δίκην</span> <span class='ocrx_word' id='word_1_729' title='bbox 2397 4849 2600 4939; x_wconf 84' lang='grc' dir='ltr'>μυέτω,</span> <span class='ocrx_word' id='word_1_730' title='bbox 2629 4866 2722 4921; x_wconf 78' lang='grc' dir='ltr'>τυῦ</span> <span class='ocrx_word' id='word_1_731' title='bbox 2748 4866 2824 4935; x_wconf 85' lang='grc' dir='ltr'>μὴ</span> <span class='ocrx_word' id='word_1_732' title='bbox 2853 4865 3085 4919; x_wconf 73' lang='grc' dir='ltr'>ἀκοῦσαι</span> <span class='ocrx_word' id='word_1_733' title='bbox 3125 4861 3311 4931; x_wconf 77' lang='grc' dir='ltr'>φωνῆς</span> <span class='ocrx_word' id='word_1_734' title='bbox 3344 4859 3645 4930; x_wconf 80' lang='grc' dir='ltr'>ἐπᾴδοντος-</span> <span class='ocrx_word' id='word_1_735' title='bbox 3682 4849 3756 4916; x_wconf 70' lang='grc' dir='ltr'><strong>Μή</strong></span> 
     </span>
    </p>
   </div>
   <div class='ocr_carea' id='block_1_111' title="bbox 2205 4944 3758 5031">
    <p class='ocr_par' dir='ltr' id='par_1_111' title="bbox 2205 4944 3758 5031">
     <span class='ocr_line' id='line_1_111' title="bbox 2205 4944 3758 5031; baseline -0.01 -16"><span class='ocrx_word' id='word_1_736' title='bbox 2205 4981 2290 5025; x_wconf 89' lang='grc' dir='ltr'><strong>τις</strong></span> <span class='ocrx_word' id='word_1_737' title='bbox 2323 4962 2440 5014; x_wconf 78' lang='grc' dir='ltr'>ἐνὸν</span> <span class='ocrx_word' id='word_1_738' title='bbox 2472 4961 2571 5031; x_wconf 82' lang='grc' dir='ltr'>τὴν</span> <span class='ocrx_word' id='word_1_739' title='bbox 2631 4959 2836 5031; x_wconf 80' lang='grc' dir='ltr'>ἀρετὴν</span> <span class='ocrx_word' id='word_1_740' title='bbox 2877 4957 3118 5019; x_wconf 79' lang='grc' dir='ltr'>ἑλέσθαι,</span> <span class='ocrx_word' id='word_1_741' title='bbox 3145 4956 3239 5007; x_wconf 72' lang='grc' dir='ltr'>καὶ</span> <span class='ocrx_word' id='word_1_742' title='bbox 3293 4951 3573 5019; x_wconf 78' lang='grc' dir='ltr'>πολιτείαν</span> <span class='ocrx_word' id='word_1_743' title='bbox 3600 4948 3687 5014; x_wconf 79' lang='grc' dir='ltr'>τὴν</span> <span class='ocrx_word' id='word_1_744' title='bbox 3712 4944 3758 4992; x_wconf 78' lang='grc' dir='ltr'><strong>ὲν</strong></span> 
     </span>
    </p>
   </div>
   <div class='ocr_carea' id='block_1_112' title="bbox 2206 5041 3757 5125">
    <p class='ocr_par' dir='ltr' id='par_1_112' title="bbox 2206 5041 3757 5125">
     <span class='ocr_line' id='line_1_112' title="bbox 2206 5041 3757 5125; baseline -0.011 -19"><span class='ocrx_word' id='word_1_745' title='bbox 2206 5055 2453 5125; x_wconf 72' lang='grc' dir='ltr'>οὐρανοῖς</span> <span class='ocrx_word' id='word_1_746' title='bbox 2481 5053 2576 5105; x_wconf 74' lang='grc' dir='ltr'>ἐπὶ</span> <span class='ocrx_word' id='word_1_747' title='bbox 2607 5052 2710 5121; x_wconf 80' lang='grc' dir='ltr'>γῆς</span> <span class='ocrx_word' id='word_1_748' title='bbox 2752 5048 3019 5120; x_wconf 82' lang='grc' dir='ltr'>μετιέναι,</span> <span class='ocrx_word' id='word_1_749' title='bbox 3048 5047 3148 5117; x_wconf 78' lang='grc' dir='ltr'>τὴν</span> <span class='ocrx_word' id='word_1_750' title='bbox 3178 5043 3378 5125; x_wconf 57' lang='grc' dir='ltr'>κακίαν</span> <span class='ocrx_word' id='word_1_751' title='bbox 3403 5041 3637 5111; x_wconf 74' lang='grc' dir='ltr'>αἱροῖτο,</span> <span class='ocrx_word' id='word_1_752' title='bbox 3668 5047 3757 5125; x_wconf 56' lang='grc' dir='ltr'>μη·</span> 
     </span>
    </p>
   </div>
   <div class='ocr_carea' id='block_1_113' title="bbox 2206 5114 3755 5216">
    <p class='ocr_par' dir='ltr' id='par_1_113' title="bbox 2206 5114 3755 5216">
     <span class='ocr_line' id='line_1_113' title="bbox 2206 5114 3755 5216; baseline 0.008 -19"><span class='ocrx_word' id='word_1_753' title='bbox 2206 5114 2389 5216; x_wconf 47' lang='grc' dir='ltr'>δὲ’τῆς</span> <span class='ocrx_word' id='word_1_754' title='bbox 2436 5114 2766 5215; x_wconf 71' lang='grc' dir='ltr'>φθοροπόιού</span> <span class='ocrx_word' id='word_1_755' title='bbox 2801 5142 2909 5194; x_wconf 83' lang='grc' dir='ltr'><strong>τῶν</strong></span> <span class='ocrx_word' id='word_1_756' title='bbox 2956 5114 3316 5210; x_wconf 44' lang='grc' dir='ltr'>χαμαιζήλων</span> <span class='ocrx_word' id='word_1_757' title='bbox 3362 5129 3655 5205; x_wconf 52' lang='lat' dir='ltr'><strong>semini&quot;</strong></span> <span class='ocrx_word' id='word_1_758' title='bbox 3682 5121 3755 5216; x_wconf 36' lang='grc' dir='ltr'><strong>τῷ</strong></span> 
     </span>
    </p>
   </div>
   <div class='ocr_carea' id='block_1_114' title="bbox 2201 5212 3753 5311">
    <p class='ocr_par' dir='ltr' id='par_1_114' title="bbox 2201 5212 3753 5311">
     <span class='ocr_line' id='line_1_114' title="bbox 2201 5212 3753 5311; baseline -0.013 -19"><span class='ocrx_word' id='word_1_759' title='bbox 2201 5212 2469 5311; x_wconf 69' lang='grc' dir='ltr'>ἐπίκηρον</span> <span class='ocrx_word' id='word_1_760' title='bbox 2500 5212 2597 5306; x_wconf 61' lang='grc' dir='ltr'><strong>τῆς</strong></span> <span class='ocrx_word' id='word_1_761' title='bbox 2642 5235 2925 5307; x_wconf 77' lang='grc' dir='ltr'>ἀκηράτου</span> <span class='ocrx_word' id='word_1_762' title='bbox 2968 5231 3126 5311; x_wconf 77' lang='grc' dir='ltr'>ζωῆς</span> <span class='ocrx_word' id='word_1_763' title='bbox 3156 5229 3356 5291; x_wconf 86' lang='grc' dir='ltr'>ἀθλίως</span> <span class='ocrx_word' id='word_1_764' title='bbox 3396 5226 3507 5296; x_wconf 88' lang='grc' dir='ltr'>βίον</span> <span class='ocrx_word' id='word_1_765' title='bbox 3549 5212 3753 5311; x_wconf 59' lang='grc' dir='ltr'>προκρί-</span> 
     </span>
    </p>
   </div>
   <div class='ocr_carea' id='block_1_115' title="bbox 2202 5305 3752 5397">
    <p class='ocr_par' dir='ltr' id='par_1_115' title="bbox 2202 5305 3752 5397">
     <span class='ocr_line' id='line_1_115' title="bbox 2202 5305 3752 5397; baseline -0.015 -12"><span class='ocrx_word' id='word_1_766' title='bbox 2202 5305 2422 5385; x_wconf 34' lang='grc' dir='ltr'>νοιτοίι</span> <span class='ocrx_word' id='word_1_767' title='bbox 2460 5305 2679 5391; x_wconf 85' lang='grc' dir='ltr'>Παιδία,</span> <span class='ocrx_word' id='word_1_768' title='bbox 2718 5305 2926 5397; x_wconf 78' lang='grc' dir='ltr'>ἐσχάτη</span> <span class='ocrx_word' id='word_1_769' title='bbox 2968 5308 3091 5394; x_wconf 16' lang='grc' dir='ltr'>γῶρα</span> <span class='ocrx_word' id='word_1_770' title='bbox 3135 5320 3322 5374; x_wconf 83' lang='grc' dir='ltr'>ἐστίν·</span> <span class='ocrx_word' id='word_1_771' title='bbox 3373 5336 3393 5370; x_wconf 74' lang='grc' dir='ltr'><strong>ι</strong></span> <span class='ocrx_word' id='word_1_772' title='bbox 3431 5305 3752 5397; x_wconf 57' lang='grc' dir='ltr'>ὲτοιμαστὲῥν</span> 
     </span>
    </p>
   </div>
   <div class='ocr_carea' id='block_1_116' title="bbox 2200 5395 3751 5495">
    <p class='ocr_par' dir='ltr' id='par_1_116' title="bbox 2200 5395 3751 5495">
     <span class='ocr_line' id='line_1_116' title="bbox 2200 5395 3751 5495; baseline -0.009 -18"><span class='ocrx_word' id='word_1_773' title='bbox 2200 5422 2294 5479; x_wconf 80' lang='grc' dir='ltr'><strong>οὖν</strong></span> <span class='ocrx_word' id='word_1_774' title='bbox 2327 5426 2459 5495; x_wconf 75' lang='grc' dir='ltr'>ἡμῖν</span> <span class='ocrx_word' id='word_1_775' title='bbox 2490 5422 2558 5476; x_wconf 71' lang='grc' dir='ltr'>τὰ</span> <span class='ocrx_word' id='word_1_776' title='bbox 2587 5423 2725 5492; x_wconf 75' lang='grc' dir='ltr'>πρὸς</span> <span class='ocrx_word' id='word_1_777' title='bbox 2761 5395 2962 5484; x_wconf 64' lang='grc' dir='ltr'>ἔξοδον,</span> <span class='ocrx_word' id='word_1_778' title='bbox 2990 5418 3085 5469; x_wconf 72' lang='grc' dir='ltr'>καὶ</span> <span class='ocrx_word' id='word_1_779' title='bbox 3111 5413 3181 5467; x_wconf 76' lang='grc' dir='ltr'><strong>τὰ</strong></span> <span class='ocrx_word' id='word_1_780' title='bbox 3212 5411 3349 5483; x_wconf 84' lang='grc' dir='ltr'>πρὸς</span> <span class='ocrx_word' id='word_1_781' title='bbox 3389 5405 3563 5476; x_wconf 83' lang='grc' dir='ltr'>ταφὴν</span> <span class='ocrx_word' id='word_1_782' title='bbox 3590 5395 3751 5495; x_wconf 37' lang='lat' dir='ltr'><strong>“ﬁt</strong></span> 
     </span>
    </p>
   </div>
   <div class='ocr_carea' id='block_1_117' title="bbox 2201 5489 3748 5588">
    <p class='ocr_par' dir='ltr' id='par_1_117' title="bbox 2201 5489 3748 5588">
     <span class='ocr_line' id='line_1_117' title="bbox 2201 5489 3748 5588; baseline -0.008 -19"><span class='ocrx_word' id='word_1_783' title='bbox 2201 5489 2714 5585; x_wconf 36' lang='grc' dir='ltr'>δειαίᾉύξήσωμεν</span> <span class='ocrx_word' id='word_1_784' title='bbox 2742 5515 2904 5583; x_wconf 82' lang='grc' dir='ltr'>ἡμεῖς</span> <span class='ocrx_word' id='word_1_785' title='bbox 2929 5511 3116 5572; x_wconf 78' lang='grc' dir='ltr'>αὐτοῖς</span> <span class='ocrx_word' id='word_1_786' title='bbox 3141 5507 3239 5578; x_wconf 86' lang='grc' dir='ltr'><strong>τὴν</strong></span> <span class='ocrx_word' id='word_1_787' title='bbox 3269 5489 3748 5588; x_wconf 27' lang='grc' dir='ltr'>ἐπιτύμϐιονλμέρξς</span> 
     </span>
    </p>
   </div>
   <div class='ocr_carea' id='block_1_118' title="bbox 2203 5584 3747 5679">
    <p class='ocr_par' dir='ltr' id='par_1_118' title="bbox 2203 5584 3747 5679">
     <span class='ocr_line' id='line_1_118' title="bbox 2203 5584 3747 5679; baseline -0.009 -16"><span class='ocrx_word' id='word_1_788' title='bbox 2203 5626 2361 5679; x_wconf 88' lang='grc' dir='ltr'>μναν.</span> <span class='ocrx_word' id='word_1_789' title='bbox 2409 5607 2615 5677; x_wconf 76' lang='grc' dir='ltr'>Μηδεὶς</span> <span class='ocrx_word' id='word_1_790' title='bbox 2664 5604 2809 5658; x_wconf 65' lang='grc' dir='ltr'>οὕτω</span> <span class='ocrx_word' id='word_1_791' title='bbox 2859 5602 3058 5673; x_wconf 77' lang='grc' dir='ltr'>χαῦνος</span> <span class='ocrx_word' id='word_1_792' title='bbox 3091 5600 3231 5653; x_wconf 75' lang='grc' dir='ltr'>ἔστω</span> <span class='ocrx_word' id='word_1_793' title='bbox 3261 5596 3357 5651; x_wconf 75' lang='grc' dir='ltr'><strong>καὶ</strong></span> <span class='ocrx_word' id='word_1_794' title='bbox 3405 5594 3523 5654; x_wconf 85' lang='grc' dir='ltr'>ταῖς</span> <span class='ocrx_word' id='word_1_795' title='bbox 3562 5584 3747 5657; x_wconf 56' lang='grc' dir='ltr'><strong>ἡδυνθίῖ</strong></span> 
     </span>
    </p>
   </div>
   <div class='ocr_carea' id='block_1_119' title="bbox 1163 5785 2717 5858">
    <p class='ocr_par' dir='ltr' id='par_1_119' title="bbox 1163 5785 2717 5858">
     <span class='ocr_line' id='line_1_119' title="bbox 1163 5785 2717 5858; baseline -0.01 -7"><span class='ocrx_word' id='word_1_796' title='bbox 1163 5796 1187 5835; x_wconf 66' lang='grc' dir='ltr'>ι</span> <span class='ocrx_word' id='word_1_797' title='bbox 1221 5795 1237 5850; x_wconf 91' lang='grc'><strong>1</strong></span> <span class='ocrx_word' id='word_1_798' title='bbox 1276 5791 1399 5851; x_wconf 88' lang='lat' dir='ltr'><strong>Cor.</strong></span> <span class='ocrx_word' id='word_1_799' title='bbox 1439 5808 1546 5858; x_wconf 73' lang='lat' dir='ltr'><strong>inv,</strong></span> <span class='ocrx_word' id='word_1_800' title='bbox 1574 5793 1662 5848; x_wconf 73' lang='grc'><strong>20.</strong></span> <span class='ocrx_word' id='word_1_801' title='bbox 1724 5792 1740 5831; x_wconf 79' lang='lat'><strong>1</strong></span> <span class='ocrx_word' id='word_1_802' title='bbox 1789 5791 1954 5846; x_wconf 87' lang='lat' dir='ltr'><strong>llebr.</strong></span> <span class='ocrx_word' id='word_1_803' title='bbox 1986 5790 2197 5857; x_wconf 62' lang='lat'><strong>“1,15.</strong></span> <span class='ocrx_word' id='word_1_804' title='bbox 2255 5787 2497 5842; x_wconf 58' lang='lat' dir='ltr'><strong>&quot;‘lJuan.</strong></span> <span class='ocrx_word' id='word_1_805' title='bbox 2529 5803 2587 5853; x_wconf 89' lang='grc' dir='ltr'><strong>ιι,</strong></span> <span class='ocrx_word' id='word_1_806' title='bbox 2636 5785 2717 5838; x_wconf 81' lang='lat' dir='ltr'><strong>l8.</strong></span> 
     </span>
    </p>
   </div>
  </div>
