4012 6448
332 425 469 494 1161

1534 428 1613 493 IN
1657 431 2109 494 APOSTOLUM
2150 434 2420 493 TITUM.

3494 439 3633 507 1162

332 542 586 607 ἔκλυτος,
614 539 695 605 ὡς
717 540 815 612 τὴν
842 541 923 605 εἰς
970 536 1063 596 τὸν
1093 542 1332 612 Χριστὸν
1372 534 1640 599 ἀνάλυσιν
1661 548 1918 618 δευτέραν

2036 549 2212 601 Nemo
2242 549 2313 602 sit
2359 563 2537 619 usque
2573 548 2709 605 adeo
2745 552 2951 617 mollis,
3006 564 3060 610 et
3103 554 3487 626 voluptatibus
3517 556 3630 612 dis-

331 633 525 688 θέσθαι
550 633 653 704 τῆς
675 634 818 704 μετά
843 633 939 687 τοῦ
970 633 1149 704 πηλοῦ
1170 635 1437 706 διαμονῆς
1457 637 1552 689 καὶ
1574 654 1637 689 συ
1647 638 1933 708 μπὴξεως.

332 726 425 789 Εἰς
459 724 748 795 βασιλείαν
790 726 944 796 ἡμᾶς
974 726 1001 779 6
1031 725 1271 796 Χριστος
1326 726 1487 780 καλεῖ
1522 726 1624 799 τὴν
1654 728 1930 797 οὐράνιον.

330 817 670 871 Δεσποτικδν
702 817 764 871 τὸ
784 818 1067 887 ἐπίταγμα
1085 833 1101 849 ·
1130 820 1382 888 γενναῖον
1408 819 1778 889 ἀναλάϐωμεν
1800 821 1937 892 φρό-

329 929 505 982 νημα.
565 910 811 982 ’ἰσχυρὸς
858 912 887 964 6
913 909 1096 964 καλῶν
1118 926 1131 940 ·
1171 912 1247 982 μὴ
1278 911 1602 981 ἀσθενῶμεν
1631 914 1696 983 τῇ
1737 913 1933 985 γνώμῃ

330 996 475 1074 πρὸς
503 1002 596 1056 τὸν
638 1002 784 1073 ὑπὲρ
818 1002 1034 1056 ἔννοιαν
1081 1002 1343 1070 πλοῦτον,
1383 1003 1480 1055 καὶ
1530 1002 1819 1073 λογισμοῖς
1847 1021 1937 1075 μι-

331 1089 690 1161 κρολογῶμεν
752 1090 885 1161 περὶ
912 1090 981 1143 τὰ
1022 1089 1303 1162 ὁρώμενα.
1364 1091 1431 1143 Τί
1479 1093 1595 1155 τοῖς
1634 1092 1938 1163 ὁρωμένοις

331 1180 823 1253 ἐγκαταμένομεν;
892 1181 960 1234 Τί
1040 1184 1141 1251 τῆς
1225 1181 1491 1253 πατρῴας
1564 1184 1936 1256 ύπερορῶμεν

310 1272 565 1341 .ὲστίας;
621 1272 787 1336 Πόλις
849 1272 1010 1344 ἡμῶν
1043 1272 1140 1326 καὶ
1180 1274 1406 1346 πατρὶς,
1456 1275 1491 1346 ή
1535 1275 1649 1330 ἀνω
1686 1276 1866 1330 Σιὼν⁶
1898 1280 1932 1349 ή

329 1365 441 1420 τῶν
465 1366 640 1435 ἁγίων
675 1364 1042 1436 μητρόπολις,
1074 1365 1137 1419 τὸ
1168 1365 1279 1422 τῶν
1317 1367 1681 1441 πατριαρχῶν
1705 1369 1935 1441 οἰκητή-

333 1475 474 1530 ριον,
514 1450 578 1513 οὗ
606 1458 709 1512 ούκ
744 1456 863 1511 ἔστι
885 1457 1098 1513 δάκνων
1129 1458 1254 1528 ὄφις
1286 1460 1373 1529 ἐφ’
1403 1459 1525 1513 ὁδοῦ
1556 1459 1936 1533 ἐγκαθήμενος

331 1550 575 1624 πτέρναν
600 1590 616 1615 ,
673 1549 770 1603 καὶ
801 1550 1088 1621 ἀπείργων
1130 1550 1244 1619 τὴν
1273 1550 1502 1605 εἴσοδον.
1551 1549 1719 1617 Σιὼν,
1768 1546 1839 1625 ἧς
1883 1553 1934 1606 oi

330 1642 536 1715 πύργοι
568 1641 663 1695 ἐπὶ
697 1640 809 1695 τῶν
849 1641 1055 1712 χειρῶν
1104 1642 1315 1711 Κυρίου
1368 1644 1689 1713 πεπήγασιν
1718 1659 1731 1673 ⁸
1765 1638 1835 1715 ἧς
1877 1646 1934 1698 αἱ

245 1736 269 1752 '
330 1738 500 1792 πύλαι
534 1736 791 1808 γλύμμα,
841 1734 982 1808 πρὸς
1034 1734 1135 1805 τὴν
1184 1734 1402 1789 ἐκεῖθεν
1434 1735 1762 1805 εἰσάγουσαι
1805 1738 1937 1800 τοὺς

329 1831 603 1894 εἰσιόντας
661 1828 1047 1901 μακαριότητα
1069 1869 1086 1895 ,
1116 1823 1187 1901 ἧς
1209 1828 1270 1881 τό
1298 1840 1358 1882 τε
1408 1825 1554 1893 εἶδος
1605 1830 1704 1884 καὶ
1737 1828 1935 1894 κάλλος

2039 640 2282 703 solutus,
2344 647 2405 690 ιιι
2461 640 2865 696 resolutionem
2922 643 2978 697 in
3021 644 3332 712 Christum,
3385 650 3631 703 secundo

2039 731 2162 785 loco
2206 745 2234 783 a
2271 728 2659 787 demoratioue
2705 745 2759 788 et
2793 737 3155 793 concretione
3208 754 3333 793 cum
3370 741 3487 796 luto
3530 742 3628 796 ha-

2038 821 2186 877 heat.
2240 820 2352 878 Nos
2412 823 2676 879 Christus
2726 834 2889 882 vocat
2921 830 2972 882 in
3036 846 3270 901 regnum
3333 834 3627 889 caelorum.

2038 913 2329 968 Dominiea
2364 913 2546 983 jussio
2578 925 2664 972 est
2699 933 2714 971 :
2747 934 3106 978 assumamus
3140 939 3475 993 generosum
3508 929 3628 980 ani-

2039 1015 2215 1055 mum.
2276 1000 2461 1057 Fortis
2512 1011 2599 1060 est
2632 1007 2725 1076 qui
2782 1018 2987 1064 vocat:
3026 1027 3095 1066 nc
3136 1013 3316 1067 simus
3355 1015 3627 1072 in.becil!a

2039 1105 2223 1150 mente
2270 1094 2338 1151 ad
2399 1096 2630 1154 divitias
2658 1108 2802 1169 1qua:
2852 1115 3119 1172 superant
3202 1107 3627 1177 cngitatiouent,

2040 1185 2547 1258 scrupulosiusque
2595 1203 2782 1244 rerum
2815 1192 2996 1246 oculis
3037 1194 3425 1262 subjectarum
3460 1201 3627 1252 ralin-

2038 1280 2207 1336 nibus
2259 1280 2640 1338 subduceudis
2697 1283 2895 1338 intenti
2934 1286 3135 1344 simus.
3176 1286 3248 1343 Ut
3293 1292 3426 1360 quid
3464 1293 3628 1347 rebus

2038 1373 2357 1430 visihilibus
2389 1375 2801 1430 immoramur?
2846 1374 3053 1448 thuid
3087 1383 3507 1453 contemnimus
3539 1400 3629 1453 pa-

2038 1470 2254 1520 ternam
2286 1464 2553 1520 domum?
2581 1464 2795 1522 Civitas
2826 1477 3020 1524 nostra
3051 1450 3346 1542 patriaque
3384 1483 3471 1529 est
3517 1450 3630 1531 cm-

2038 1553 2201 1611 lestis
2222 1554 2385 1623 Sion;
2420 1565 2856 1630 sanctorumque
2890 1559 2985 1615 illa
3011 1565 3360 1633 metropolis,
3389 1567 3626 1635 patriar-

2038 1647 2267 1702 charum
2298 1648 2672 1719 domicilium,
2710 1652 2805 1707 ubi
2849 1651 3010 1709 abest
3040 1669 3299 1725 serpens,
3336 1658 3539 1714 sedens
3574 1661 3626 1713 in

2038 1740 2147 1806 via,
2183 1742 2279 1812 qui
2313 1743 2637 1799 calcaneum
2659 1745 2914 1801 mordeat
2942 1755 2996 1800 et
3023 1746 3281 1817 ingressu
3311 1750 3627 1819 prohibeat.

2040 1829 2196 1898 Sion,
2235 1833 2487 1904 inquam,
2536 1835 2706 1905 cujus
2759 1844 2951 1892 turres
2991 1837 3046 1892 in
3099 1840 3362 1895 manibus
3412 1838 3625 1895 Domini

327 1918 473 1976 οἶδεν
510 1923 538 1975 6
584 1920 1015 1983 κατασκευάσας
1071 1918 1226 1983 Θεός.
1283 1921 1584 1991 Περιουσία
1617 1920 1673 1974 δὲ
1696 1921 1805 1974 τῶν
1839 1939 1918 1974 πιυ

2038 1920 2157 1976 lixa:
2211 1931 2387 1979 sunt:
2451 1924 2614 1994 cujus
2677 1934 2873 1997 portae.
2925 1927 3221 1992 cmiatura;
3271 1945 3507 2003 qumque
3559 1934 3625 1984 ad

329 2015 544 2087 στῶν,ἠ
572 2015 803 2086 ἀγήρως
835 2012 973 2085 ζωὴ,
998 2012 1059 2067 τὸ
1085 2013 1459 2085 ἀνεκλάλητον
1490 2013 1682 2087 φῶς,ή
1722 2014 1926 2083 ἀθάνατ

326 2124 420 2171 τος
457 2105 733 2177 βασιλεία,
779 2103 890 2158 τῶν
926 2105 1318 2177 ἀποκειμένων
1357 2108 1472 2169 τοῖς
1500 2106 1676 2171 ἀξίοις
1701 2106 1927 2177 ἀγαθῶν

326 2202 363 2271 ἡ
400 2198 698 2261 ἀντίδοσιςσ
730 2195 767 2250 ἀ
799 2197 941 2267 μήτε
994 2196 1300 2268 ὀφθαλμοῖς
1344 2196 1539 2270 όρατά,
1585 2198 1723 2269 μήτε
1787 2215 1927 2270 καρ-

328 2284 420 2363 δίᾳ
470 2289 676 2361 ληπτὰ,
710 2287 746 2343 ἀ
796 2292 914 2354 τοῖς
963 2289 1255 2358 ἀγαπῶσιν
1316 2290 1483 2344 αὑτὸν
1545 2291 1846 2362 ἡτοίμασεν
1898 2293 1927 2345 ὁ

329 2383 490 2447 Θεός.

2032 2013 2440 2072 beatitudinem
2487 2016 2607 2073 illic
2657 2018 2767 2073 loci
2809 2019 2997 2084 sitam,
3034 2034 3134 2074 eos
3156 2021 3254 2089 qui
3292 2020 3509 2076 intrant
3543 2026 3628 2077 in.

2030 2106 2240 2163 ducant
2277 2108 2441 2179 cujus
2474 2110 2719 2180 speciem
2775 2110 3154 2182 decoremque
3191 2114 3348 2168 novit
3378 2115 3497 2185 ipse
3529 2118 3622 2187 qui

2028 2199 2322 2255 aediﬁcavit
2350 2199 2929 2270 .Deus.‘;Substantia
2974 2212 3157 2259 autem
3214 2204 3481 2272 ﬁdelium,
3510 2210 3623 2263 vita

2027 2297 2116 2345 est
2145 2306 2438 2347 senescere
2477 2295 2692 2360 nescia,
2734 2295 2920 2350 lumen
2956 2295 3359 2363 inenarrabile,
3399 2299 3626 2354 immor-

2035 2383 2146 2437 tale
2182 2399 2433 2454 regnum,
2470 2387 2772 2442 retributio
2821 2388 3098 2443 bonorum
3132 2390 3316 2461 dignis
3349 2395 3624 2461 repositu-

288 2494 477 2550 ,rum,
509 2495 630 2552 quae
668 2496 847 2554 neque
882 2478 1056 2534 videri
1078 2478 1259 2535 oculis
1316 2485 1577 2550 possunt,
1638 2493 1743 2535 nec
1798 2475 1967 2533 corde
2007 2477 2403 2549 comprehendi
2455 2494 2578 2550 quae
2621 2479 2766 2535 Deus
2801 2487 3131 2552 praeparavit
3210 2488 3276 2542 iis
3327 2491 3420 2558 qui
3489 2489 3620 2542 dili-

325 2582 464 2643 gunt
499 2575 683 2644 ipsum
715 2587 770 2623 ιιο
798 2586 845 2634 ο.

395 2666 550 2737 Μηδὲ
588 2664 796 2720 τούτων
825 2665 1083 2743 ιάφῶμεν
1135 2664 1236 2737 τὴν
1286 2663 1611 2737 εὐκληρίαν,
1666 2664 1784 2718 ὅσοι
1836 2661 1915 2734 τῷ

323 2758 565 2830 θεοποιῷ
592 2758 965 2823 τεκνωθέντες
1001 2757 1368 2830 βαπτίσματι,
1399 2756 1535 2812 Θεοῦ
1590 2757 1918 2830 πεφήναμεν

321 2852 513 2907 τέκνα.
583 2849 720 2904 Θεοῦ
775 2849 872 2904 τοῦ
932 2852 1080 2921 ἡμᾶς
1146 2849 1533 2921 ἀγαπήσαντος
1594 2849 1691 2903 καὶ
1735 2848 1920 2915 δόντος

320 2944 647 3013 ἀντίλυτρον
670 2942 893 2998 πάντων
915 2943 1096 3015 ἡμῶν,
1119 2941 1440 2996 τδνὲαυτοῦ
1473 2940 1649 2996 Παῖδα
1680 2942 1774 2996 τὸν
1822 2958 1920 3012 μο-

320 3038 544 3109 νογενῆ,
576 3038 673 3092 καὶ
704 3037 955 3109 συμφυῆ,
988 3039 1086 3091 καὶ
1133 3036 1458 3107 ὁμόθρονον.
1488 3036 1582 3106 Μὴ
1631 3034 1918 3106 ἀθετῶμεν

319 3129 420 3199 τῆς
445 3129 722 3192 υἱοθεσίας
752 3128 815 3182 τὸ
835 3128 1110 3199 χάρισμα.
1142 3129 1237 3199 Μὴ
1276 3126 1569 3198 γενώμεθα
1600 3125 1778 3180 δοῦλοι
1818 3129 1918 3199 τῆς

318 3221 620 3292 ἁμαρτίας,
642 3219 1111 3291 ἐλευθερωθέντες
1138 3220 1199 3273 ὲν
1221 3217 1517 3289 πνεύματι.
1541 3218 1634 3291 Μὴ
1657 3218 1916 3289 φανῶμεν

2092 2653 2170 2713 Nc
2198 2657 2385 2730 itaque
2418 2674 2608 2714 eorum
2636 2656 2993 2716 dimitta’mus
3025 2658 3401 2718 haereditatem
3430 2706 3443 2724 .
3465 2674 3620 2734 quot-

2020 2759 2162 2825 quot
2189 2751 2393 2807 deiﬁco
2423 2751 2758 2822 baptismate
2800 2752 2899 2807 ﬁlii
2936 2753 3208 2809 rationem
3241 2754 3451 2824 adepti,
3487 2758 3617 2812 t‘aeti

2022 2859 2216 2903 sumus
2248 2842 2343 2899 Dei
2382 2842 2501 2899 ﬁlii.
2541 2844 2655 2907 Dei,
2690 2844 2941 2916 inquam,
2982 2847 3203 2916 quinos
3232 2848 3450 2912 dilexit,
3490 2852 3616 2919 qui-

2020 2950 2130 3006 que
2173 2934 2579 3005 redemptionis
2612 2937 2853 3005 pretium
2895 2952 2996 3006 pro
3031 2940 3194 2995 nobis
3221 2940 3485 2996 omnibus
3522 2941 3616 2997 Fi—

2024 3027 2162 3080 linnt
2201 3042 2365 3082 suum
2419 3028 2769 3098 unigenitum
2815 3029 3069 3097 ejusdem
3124 3046 3312 3085 secum
3349 3035 3609 3088 substan-

2024 3122 2137 3186 tia},
2176 3121 2489 3190 eodemque
2516 3120 2814 3177 sublimem
2851 3122 3054 3177 throno
3079 3122 3253 3180 dedit.
3276 3124 3354 3181 Ne
3376 3129 3615 3197 gratiam

2025 3214 2345 3284 adoptionis
2374 3229 2727 3285 spernamus.
2756 3213 2833 3269 Ne
2862 3213 3172 3270 elﬁciamur
3196 3218 3340 3272 servi
3376 3223 3614 3288 peccati.

317 3279 499 3366 δοῦλοι
520 3279 758 3383 γαστρὸς
809 3279 1025 3382 ἡδονῆς,
1055 3279 1207 3380 κόρῳ
1252 3279 1546 3379 τῆν’ῦϐριν
1584 3279 1918 3377 ἀντιλαμῦά-

2025 3307 2118 3377 qui
2156 3306 2335 3361 simus
2370 3306 2591 3361 liberati
2652 3307 2706 3360 in
2736 3306 2960 3376 spiritu.
2992 3306 3073 3363 Ne
3116 3310 3264 3364 servi
3307 3313 3615 3380 voluptatis

319 3422 505 3468 νοντες
522 3421 543 3449 ’κ
574 3405 651 3479 μὴ
674 3407 790 3468 τοῖς
816 3403 1019 3457 πάθεσι
1043 3402 1218 3475 θύραν
1249 3401 1575 3472 ἀνοίξωμεν,
1607 3399 1667 3467 ἐξ
1688 3394 1757 3473 ἦς
1785 3401 1920 3471 ἡμῖν

316 3500 378 3553 αἱ
409 3498 505 3552 τοῦ
538 3497 773 3553 θανάτου
803 3498 1124 3570 παλίρῤοιαι
1160 3494 1409 3567 βρύουσι.
1445 3494 1541 3566 Μὴ
1574 3493 1792 3564 στῶμεν
1821 3493 1920 3563 τῆς

317 3591 414 3645 ἐπὶ
436 3590 504 3645 τά
529 3590 721 3661 πρόσω
736 3591 932 3661 φορᾶς,
955 3588 1071 3642 ἀλλ’
1096 3588 1184 3641 ἀεὶ
1203 3586 1515 3658 τρέχωμεν,
1535 3584 1592 3638 εί
1611 3602 1729 3650 πως
1749 3602 1920 3639 κατα-

318 3677 597 3747 λάϐωμεν,
631 3676 729 3730 ἐπὶ
755 3676 818 3730 τὺ
847 3676 1108 3748 βραϐεῖον
1137 3675 1242 3747 τῆς
1285 3675 1398 3730 ἄνω
1432 3675 1704 3746 κλήσεως.
1736 3674 1918 3728 Καλὸν

318 3770 428 3823 τῶν
452 3768 679 3824 ὄπισθεν
731 3767 1296 3840 ἐπιλανθανομένους,
1326 3769 1442 3832 τοῖς
1471 3766 1784 3840 ἔμπροσθεν
1814 3769 1916 3822 ἐπ-

319 3861 685 3917 εκτείνεσθαι.
718 3861 901 3916 Καλὸν
937 3861 1160 3917 ἀκούευν
1192 3858 1433 3932 Χριστοῦ
1462 3860 1717 3929 λέγοντος
1737 3876 1750 3890 ·
1790 3878 1809 3911 ι
1851 3859 1921 3912 Et

313 3974 401 4020 τις
436 3954 582 4010 θέλει
616 3956 797 4009 όιιίσω
845 3971 949 4026 μου
1004 3952 1208 4018 ἐλθεῖν,
1248 3951 1663 4025 ἀπαρνησάσθω
1697 3952 1912 4018 ἑαυτὸν,

315 4050 415 4105 καὶ
452 4050 644 4122 ἀράτω
677 4048 770 4102 τὸν
836 4047 1074 4118 σταυρὸν
1135 4046 1329 4110 αὑτοῦ,
1390 4046 1488 4099 καὶ
1544 4043 1913 4099 ἀκολουθείτω

317 4157 432 4210 μοι.
474 4158 494 4191 ι
546 4138 729 4193 Καλὸν
780 4138 1108 4192 ἀκολουθεῖν
1150 4137 1229 4207 τῷ
1280 4134 1504 4207 Χριστῷ
1564 4135 1657 4189 τὸν
1704 4135 1912 4206 κόσμον

188 4300 193 4305 ι
304 4233 584 4287 ὁδεύοντιο
612 4252 630 4285 ι
657 4231 827 4286 Δεῦτε
852 4231 989 4303 πρός
1022 4247 1114 4301 με,
1146 4230 1351 4292 πάντες
1384 4229 1432 4282 οἱ
1470 4228 1775 4293 κοπιῶντες
1815 4228 1911 4284 καὶ

311 4326 766 4397 πεφορτισμένοι,
824 4321 983 4393 κάγὼ
1045 4319 1351 4375 ἀναπαύσω
1386 4320 1553 4391 ὑμᾶς.
1597 4340 1617 4374 ι
1668 4320 1911 4392 Χριστὸς

310 4417 548 4483 κελεύει,
584 4420 659 4488 μὴ
692 4417 1109 4487 ἀντιτείνωμεν.
1134 4413 1374 4485 Χριστὸς
1395 4415 1424 4466 ό
1457 4412 1662 4480 καλῶν,
1699 4413 1795 4468 καὶ
1824 4412 1909 4477 τίς

306 4514 413 4565 οὐκ
443 4511 741 4576 ἀκούεται;
796 4509 934 4567 Θεοῦ
962 4509 1114 4578 φωνή
1150 4508 1271 4560 ἐστι
1301 4507 1655 4574 διδάσκουσα,
1694 4527 1713 4559 ι
1762 4506 1905 4576 Ἐγώ

2022 3399 2258 3466 ventris,
2288 3400 2554 3454 vicariam
2606 3400 2870 3456 satietate
2900 3401 3299 3458 contumeliam
3332 3405 3613 3475 recipien-

2019 3500 2125 3550 tes.
2157 3491 2236 3549 Ne
2264 3493 2471 3548 ostium
2503 3491 2657 3546 vitiis
2690 3492 3322 3567 perturbationibusque
3372 3511 3613 3568 aperue-

2017 3586 2217 3653 rimus,
2246 3586 2395 3642 unde
2420 3585 2583 3641 nobis
2611 3585 2903 3656 reciproca
2959 3602 3108 3667 mors
3141 3590 3436 3643 scaturiat.
3467 3589 3545 3645 Ne
3580 3607 3611 3645 a

2016 3678 2376 3735 contentione
2425 3677 2494 3732 ad
2519 3678 2799 3733 anteriora
2841 3679 3136 3745 sistamus,
3171 3682 3266 3735 sed
3306 3696 3610 3737 curramus

2017 3785 2258 3842 semper,
2301 3769 2348 3825 si
2397 3784 2511 3840 quo
2545 3769 2714 3824 modo
2761 3771 3333 3841 comprehendamus,
3369 3772 3436 3826 ad
3482 3773 3610 3828 bra-

2015 3862 2168 3918 vium
2231 3877 2489 3934 superna:
2535 3862 2852 3919 vocationis
2881 3871 2934 3917 ι).
2982 3861 3240 3929 Praesmt,
3291 3874 3353 3918 ut
3392 3879 3456 3919 ea
3485 3881 3612 3936 qua!

2016 3963 2150 4009 sunt
2196 3965 2353 4010 retro
2402 3954 2822 4019 oblivisceutes,
2863 3955 2932 4010 ad
2965 3957 3256 4011 anteriora
3312 3970 3416 4011 nos
3453 3957 3607 4028 ipsos

2014 4046 2404 4103 extendamus.
2440 4045 2679 4103 Praestat
2712 4046 2914 4103 audire
2964 4047 3241 4103 dicentem
3274 4047 3605 4105 Christum:

2019 4158 2040 4193 ι
2077 4140 2135 4195 Si
2182 4141 2307 4211 quis
2373 4140 2491 4197 vult
2550 4141 2744 4196 venire
2805 4150 2930 4211 post
2967 4155 3078 4206 me,
3124 4144 3361 4211 abneget
3411 4150 3611 4197 semet-

2014 4231 2219 4303 ipsum,
2255 4241 2306 4286 et
2339 4231 2496 4286 tollat
2530 4246 2758 4286 crucem
2795 4246 2978 4297 suam,
3008 4240 3064 4287 et
3098 4239 3370 4301 sequatur
3406 4248 3493 4288 me
3519 4242 3603 4288 ει.»

2012 4323 2250 4381 Prtestat
2281 4325 2440 4395 sequi
2469 4323 2754 4380 Christum
2776 4339 2877 4395 per
2892 4325 3168 4391 mundum
3202 4324 3606 4392 ambulantem,

2016 4434 2037 4468 ι
2078 4415 2273 4471 Venite
2308 4415 2377 4469 ad
2447 4431 2556 4481 me,
2588 4430 2784 4471 omnes
2831 4416 2927 4485 qui
2974 4415 3245 4470 laboratis
3296 4426 3356 4471 et
3388 4421 3605 4474 onerati

2009 4506 2169 4572 estis,
2202 4513 2258 4561 et
2298 4521 2400 4575 ego
2439 4504 2683 4561 reﬁciam
2727 4520 2829 4562 vos
2860 4513 2908 4559 ι’.
2950 4523 2970 4557 ι
3024 4504 3285 4562 Christus
3309 4507 3508 4577 jubet;
3539 4525 3607 4564 ne

309 4606 428 4675 εἰμι
462 4602 522 4656 τὸ
552 4602 668 4671 φῶς
696 4601 793 4655 τοῦ
826 4601 1072 4673 κόσμου’
1104 4602 1133 4653 6
1170 4599 1485 4653 ἀκολουθῶν
1533 4600 1680 4671 ἐμοὶ,
1724 4601 1788 4654 οὐ
1827 4601 1903 4672 μὴ

2025 4599 2346 4654 renitamur.
2374 4597 2643 4653 Christus
2667 4607 2849 4662 vocat,
2886 4607 2960 4652 'et
2997 4599 3123 4667 quis
3165 4614 3277 4654 non
3313 4601 3607 4656 audierit?

308 4695 670 4766 περιπατήσῃ
725 4695 785 4748 ἐν
828 4696 894 4765 τῇ
958 4692 1174 4763 σκοτίᾳ,
1213 4693 1333 4746 ἀλλ’
1370 4692 1484 4757 aget
1533 4692 1595 4745 τὸ
1646 4692 1763 4763 φῶς
1801 4694 1904 4765 τῆς

2025 4687 2208 4743 Divina
2241 4703 2349 4742 vox
2381 4696 2467 4744 est
2490 4702 2613 4759 qua“:
2635 4688 2874 4744 doceat:
2911 4707 2930 4741 ι
2968 4688 3083 4760 Ego
3110 4705 3234 4745 sum
3260 4692 3353 4745 lux
3384 4693 3603 4756 mundi;

308 4788 482 4859 ζωῆς.
525 4807 545 4841 ι
578 4786 689 4842 Καί
713 4802 727 4817 '
753 4806 773 4840 ι
813 4786 956 4857 Ἐγὼ
992 4786 1106 4857 φῶς
1130 4787 1211 4851 είς
1232 4786 1323 4840 τδν
1361 4786 1570 4857 κόσμον
1597 4786 1857 4858 ἐλήλυθα.
1879 4806 1897 4839 ι

379 5066 584 5120 Τούτου
637 5066 697 5121 δὲ
742 5065 797 5120 τί
850 5064 970 5120 ποτ’
1002 5064 1071 5120 ἀν
1103 5066 1201 5119 τοῦ
1236 5065 1416 5136 φωτός
1456 5067 1607 5120 ἐστιν
1656 5069 1792 5138 ἡμῖν
1822 5068 1902 5120 oi-

307 5160 628 5230 κειότερονς
669 5160 743 5214 Τὸ
780 5139 1147 5231 γάρδάφεῖναι
1182 5158 1244 5213 τὸ
1283 5159 1478 5224 σκότος
1507 5164 1602 5213 καὶ
1650 5161 1729 5232 τῷ
1760 5161 1903 5231 φωτὶ

301 5252 664 5324 κολληθῆναι,
689 5253 806 5307 υἱὸν
823 5251 1004 5321 φωτὸς
1032 5251 1251 5323 ἀληθῶς
1279 5254 1430 5305 ποιεῖ
1444 5252 1536 5307 τὸν
1558 5255 1700 5323 φωτὶ
1724 5271 1898 5327 προσ-

298 5344 681 5417 κολλώμενον.
716 5345 894 5400 Τοῦτο
929 5346 986 5399 δὲ
1022 5346 1139 5407 πῶς
1174 5344 1242 5398 ἀν
1288 5345 1489 5415 ἑτέρως
1530 5348 1766 5415 γένοιτο,
1822 5350 1898 5423 μὴ

298 5439 429 5508 οὐχὶ
459 5440 662 5511 πάσηςσ
694 5437 1104 5509 ὑπεροφθείσης
1160 5436 1296 5507 ἡμῖν
1347 5440 1448 5510 τῆς
1479 5440 1538 5493 ἐν
1585 5445 1896 5515 σκοτομηνῃ

296 5530 634 5601 τοξευούσης
696 5531 847 5602 ἡμᾶς
906 5527 1146 5600 ζοφερᾶς
1189 5531 1505 5604 ἀμαρτίας;
1551 5532 1660 5586 Τοῦ
1715 5534 1773 5589 δὲ
1800 5535 1894 5589 τὸν

300 5622 543 5695 σταυρὸν
598 5619 778 5693 αἴρειν
812 5623 910 5675 καὶ
961 5622 1283 5678 ἀκολουθεῖν
1324 5624 1405 5695 τῷ
1456 5624 1701 5698 Χριστῷ,
1738 5627 1793 5679 τί
1826 5626 1895 5680 ἂν

297 5712 700 5783 ἐναργέστερον
755 5713 971 5781 γένοιτο
1035 5714 1307 5785 σύμϐολον
1358 5718 1453 5772 τοῦ
1504 5720 1629 5772 καθ’
1675 5722 1893 5792 ἡμέραν

321 5822 696 5894 u-f’ltta.t.tuv,
736 5825 1000 5891 4;|Cor.
1040 5834 1102 5894 ti,
1139 5829 1193 5884 9.

314 5898 332 5931 ‘
364 5892 525 5953 Joan.
558 5908 658 5962 xtl,
710 5894 801 5951 46.

596 5993 875 6057 Ρηιιοι..
909 5994 1031 6056 Gtt.
1050 5994 1297 6055 XCVII.

2011 4781 2108 4850 qui
2155 4782 2413 4852 sequitur
2463 4796 2570 4844 me,
2604 4794 2716 4835 non
2752 4781 3061 4837 ambulabit
3094 4783 3148 4838 in
3196 4784 3470 4848 tenebris,
3505 4787 3602 4841 sed

2012 4872 2239 4929 habebit
2267 4874 2454 4929 lumen
2491 4876 2619 4929 vita:
2651 4881 2695 4930 ⁸.
2725 4892 2744 4926 ι
2788 4874 2874 4940 Ει,
2920 4892 2940 4926 ι
2970 4873 3087 4946 Ego
3123 4875 3220 4929 lux
3248 4877 3305 4930 in
3332 4878 3601 4932 mundum

2010 4969 2140 5024 veni
2173 4967 2221 5021 ί.
2253 4986 2274 5020 ι

2082 5059 2198 5116 Hoc
2238 5069 2423 5117 autem
2477 5060 2608 5132 quid
2636 5061 2815 5133 magis
2860 5063 3100 5116 amicum
3148 5063 3307 5119 nobis
3343 5065 3599 5135 contige-

2007 5155 2119 5210 rit?
2148 5153 2369 5226 Quippe
2420 5154 2635 5211 relictis
2671 5155 2919 5210 tenebris
2969 5156 3261 5212 adhaerere
3299 5158 3429 5219 luci,
3470 5173 3599 5212 vere

2006 5249 2178 5305 ﬁlium
2230 5249 2371 5306 lucis
2436 5248 2568 5305 facit
2624 5264 2750 5304 ettm
2806 5249 2902 5319 qui
2972 5250 3083 5306 luci
3143 5249 3411 5306 adhaeret.
3481 5250 3596 5304 lloe

1998 5359 2139 5400 vero
2175 5359 2283 5414 qua
2344 5343 2455 5397 alia
2503 5343 2719 5397 ratione
2758 5342 3067 5413 contingat,
3110 5343 3214 5397 nisi
3279 5344 3594 5414 caligines.»

2001 5438 2150 5492 omni
2207 5443 2456 5507 peccato,
2495 5442 2616 5491 atra
2648 5450 2750 5491 nos
2790 5443 2954 5490 nocte
2987 5434 3328 5506 conﬁgeute,
3365 5435 3597 5505 spreto?

2007 5530 2078 5586 Ut
2117 5538 2302 5586 autem
2352 5529 2616 5585 tollamus
2666 5543 2914 5592 crucem,
2956 5537 3012 5583 et
3045 5529 3337 5583 Clu-istum
3395 5544 3597 5598 sequa-

2006 5609 2168 5683 mur;
2192 5619 2475 5692 quodnam
2508 5618 2677 5673 fuerit
2710 5617 3028 5673 evidentius
3067 5619 3314 5690 signum.
3343 5634 3507 5685 quam
3539 5628 3599 5669 ut

2003 5716 2256 5788 quotidie
2291 5714 2619 5782 moriamur,
2649 5727 2757 5783 qua
2790 5711 3069 5767 bonorum
3103 5714 3475 5783 repositorum
3499 5725 3597 5779 spe

1293 5842 1322 5882 ι)
1349 5830 1587 5905 Philipp.
1625 5849 1705 5901 tu,
1741 5832 1823 5889 l5.
1887 5843 1917 5887 (ι

2025 5834 2142 5890 ιιιιι.
2182 5849 2271 5889 τινι
2299 5873 2313 5902 ,
2353 5830 2444 5884 21.
2529 5839 2549 5868 τ
2577 5827 2769 5883 Matth.
2812 5826 3013 5892 Χ1,9.8.
3093 5828 3115 5857 ⁸
3148 5823 3311 5882 Joan.
3344 5839 3468 5889 vttt,
3506 5822 3587 5878 l2.

3132 5979 3200 6039 37
