4012 6436
522 426 659 491 ίὶ63

1715 431 1776 491 S.
1810 431 2146 493 ANDREEE
2171 428 2597 490 CBETENSIS

3641 442 3751 508 iil‘ii

516 552 782 601 contento
820 541 1031 605 animo,
1081 555 1190 611 qua
1233 543 1509 597 minarum
1563 552 1711 598 metu
1752 542 2078 597 circumactt

2204 538 2596 610 ἀποθνήσκειν,
2629 540 2662 612 ἦ
2694 543 2760 613 τῇ
2803 541 2983 596 ἐλπίδι
3011 541 3120 597 τῶν
3157 544 3536 618 ἀποκειμένων
3561 558 3754 625 vespas.

517 634 814 707 tortoque?
843 632 1075 689 Crucem
1113 642 1297 686 autem
1332 632 1589 688 absolute
1626 632 1927 703 intelligas,
1961 630 2101 687 dile-

514 740 622 794 cte,
692 734 924 781 mortem
976 740 1078 795 pro
1135 723 1386 780 Christo.
1445 724 1623 791 Quam
1656 724 1736 781 vel
1795 724 1996 795 ipsam,
2052 723 2099 779 si

510 819 796 890 contingat
819 816 1173 872 Providentia
1198 816 1389 871 divina
1420 817 1696 883 accidere,
1730 831 1801 872 ne
1829 817 2100 873 detrecta-

510 912 770 969 vct'imus.
795 909 931 965 Cum
962 911 1112 965 cnim
1140 910 1391 981 quotidie
1424 918 1611 965 mente
1635 909 1950 965 moriamur
1969 923 2097 979 pec-

508 1013 671 1070 rato;
720 1002 866 1075 quod
923 1005 1126 1059 misere
1183 1002 1511 1067 morientes,
1565 1002 1737 1056 vitam
1789 1001 2090 1067 ducimus;

506 1096 630 1166 quvi
663 1111 770 1149 non
809 1095 986 1149 simus
1018 1093 1291 1148 beatiores
1324 1100 1698 1163 prmoptantes
1735 1107 1837 1162 pro
1869 1093 2094 1147 Christo

507 1188 689 1241 mori?
731 1186 1036 1241 Moriamur
1078 1200 1233 1257 ergo,
1288 1194 1348 1238 ut
1384 1174 1669 1240 vivamus.
1739 1184 1951 1239 Bonum
2007 1197 2094 1240 cst

505 1295 626 1339 una,
655 1294 780 1333 cum
824 1280 1050 1334 Christo
1095 1279 1258 1342 mori,
1308 1289 1367 1333 ut
1404 1287 1459 1331 et
1489 1278 1747 1333 vivamus
1787 1294 1911 1332 cum
1944 1280 2086 1348 ipso.

500 1374 618 1438 Qua
648 1387 779 1426 vero
810 1373 935 1441 quis
976 1372 1195 1425 ratione
1226 1371 1630 1425 coznmoriatur
1661 1370 1929 1425 Christo?
1963 1370 2086 1424 Pla-

503 1482 592 1530 ne,
628 1464 808 1519 factus
835 1464 987 1518 vitiis
1013 1474 1067 1517 et
1103 1460 1619 1533 perturbationibus
1650 1462 1925 1531 superior,
1960 1462 2087 1514 nul-

502 1565 535 1617 li
569 1561 755 1617 timori
788 1559 1028 1631 prolcns
1058 1558 1375 1621 veritatcm,
1413 1565 1511 1610 aut
1538 1556 1799 1610 amicitiae
1830 1555 2090 1609 humana:

503 1652 778 1727 rcspectui
853 1650 1108 1705 fiduciam
1168 1649 1234 1702 ad
1272 1647 1444 1703 Deum
1494 1647 1896 1703 miserabiliter
1957 1662 2084 1717 pcr-

500 1748 747 1801 tnittcns.
797 1744 887 1798 Sic
936 1741 1139 1810 aliquis
1188 1750 1361 1795 ccrtat
1417 1755 1519 1809 pro
1552 1738 1799 1801 Christo.
1840 1738 1900 1794 In
1936 1740 2088 1794 hunc

501 1841 692 1911 utique
732 1836 957 1891 modum
1009 1836 1131 1905 ejus
1180 1849 1351 1890 causa
1385 1834 1649 1900 moritur,
1691 1824 1905 1904 quiest
1933 1848 2085 1887 mor-

497 1945 626 1988 tuus
654 1947 753 2002 pro
786 1932 971 1986 nobis.
1002 1930 1125 1997 Qua
1168 1944 1300 1985 vero
1340 1930 1558 1985 ratione
1609 1930 1662 1983 in
1700 1928 2080 1984 lucrctlitatcm

497 2027 743 2081 caelestia
775 2025 1016 2096 accipit?
1039 2024 1309 2080 Nimirum
1338 2024 1663 2094 relinquens
1694 2029 1938 2089 terrena,
1962 2036 2084 2090 qua:

495 2118 717 2190 quidem
760 2117 828 2173 ad
862 2117 1145 2173 modicum
1182 2116 1506 2188 spectaculo
1549 2122 1827 2178 recreant,
1860 2113 2083 2168 diutur-

492 2213 703 2267 niorem
740 2225 871 2266 vero
902 2210 1030 2265 inde
1057 2210 1376 2265 cruciatum
1423 2209 1776 2279 ingencrant.
1819 2204 2081 2260 Dimitta-

491 2320 614 2360 mus
640 2319 774 2375 ergo
813 2319 936 2374 qua:
992 2303 1104 2357 vita
1150 2302 1412 2369 praesenti
1440 2308 1718 2363 recreant,
1748 2309 1809 2353 ut
1841 2298 2077 2353 haeredi-

490 2402 603 2451 tate
633 2392 977 2466 accipiamus
1027 2393 1273 2448 futuram
1319 2392 1577 2464 gloriam.
1613 2390 1816 2446 Demus
1845 2390 1957 2445 Deo
1992 2390 2078 2444 vel

488 2491 612 2545 vita:
638 2496 873 2559 partem.
913 2487 1271 2558 Accipiamus
1319 2500 1449 2542 eum
1498 2486 1624 2540 vita:
1683 2493 1887 2540 nostrae
1919 2498 2079 2539 com-

490 2583 855 2654 participcm.
886 2581 1142 2652 Magnam
1185 2580 1296 2650 jam
1324 2586 1534 2649 partem
1588 2578 1749 2633 nobis
1776 2577 1888 2631 vita
1936 2592 2080 2647 pra:-

490 2675 663 2732 teriit.
718 2672 978 2729 Viximus
1022 2673 1219 2737 carni;
1289 2672 1458 2727 etiam
1518 2670 1739 2741 spiritui
1800 2670 2074 2723 vivamus.

489 2768 644 2823 llrcvi
688 2767 951 2837 temporis
985 2766 1191 2836 spatio,
1225 2764 1387 2835 longa
1440 2764 1603 2819 nobis
1640 2763 1845 2818 saecula
1878 2776 2077 2817 recon-

485 2860 704 2913 tlatnus.
760 2857 946 2911 Pauca
995 2871 1185 2912 corum
1230 2855 1586 2920 dimittimus,
1624 2870 1746 2925 quae
1778 2869 2075 2925 speramus

486 2961 837 3025 accepturos.
876 2948 1025 3005 Nihil
1068 2949 1137 3004 iis
1164 2964 1290 3020 qua:
1319 2947 1503 3004 danda
1548 2958 1699 3014 sunt,
1741 2948 1959 3019 aequale
1990 2947 2071 3001 in-

485 3043 798 3099 tulerimus.

554 3135 683 3190 Haec
734 3134 899 3190 nobis
933 3148 1096 3191 sacer
1177 3132 1272 3189 hic
1324 3132 1599 3204 interpres
1647 3130 1917 3204 Spiritus.
1945 3128 2072 3187 [lace

2206 651 2391 703 μενον,
2425 635 2458 705 ἢ
2488 633 2566 704 τῷ
2598 634 2750 705 φόϐῳ
2773 635 2881 689 τῶν
2928 636 3348 707 ἀπειλουμένων
3396 647 3757 715 περιστροδού.

2205 740 2408 794 μενον;
2445 724 2686 795 Σταυρὸν
2719 725 2776 778 δὲ
2837 727 3047 796 κυρίως
3082 730 3319 799 νοήσεις,
3378 733 3641 805 ἀγαπήτὲ,
3684 738 3760 795 τὸν

2202 816 2347 888 ὑπὲρ
2371 817 2609 888 Χριστοῦ
2639 817 2894 886 θάνατον,
2915 819 2974 873 ὃν
3001 821 3050 872 εί
3082 821 3177 874 καὶ
3198 821 3339 896 τύχῃ
3363 826 3629 898 συμϐῆναι
3648 832 3759 901 ἡμῖν

2200 909 2347 962 κατά
2376 910 2665 980 Πρόνοιαν,
2694 909 2771 982 μὴ
2795 912 3205 983 ἀνανεύσωμεν.
3233 915 3296 969 Εἰ
3320 917 3425 988 γὰρ
3455 922 3520 989 τῇ
3544 924 3762 995 ἁμαρτία

2200 1001 2324 1053 καθ’
2344 1002 2565 1073 ἡμέραν
2600 1003 2898 1073 γνωμικῶς
2923 1005 3371 1079 ἀποθνήσκομεν,
3532 1011 3709 1082 ὥσπερ
3724 1016 3760 1047 ετ

2194 1092 2464 1164 δοκοῦμεν
2486 1092 2853 1157 ἀποθανόντες
2894 1095 3117 1163 ἀθλίως,
3146 1098 3262 1161 πῶς
3286 1101 3391 1152 οὐκ
3423 1102 3488 1154 ἂν
3514 1096 3657 1172 ὦμεν
3678 1122 3762 1174 μα-

2196 1186 2526 1258 καριώτεροι
2562 1187 2655 1240 τὸν
2696 1188 2841 1257 ὑπὲρ
2875 1188 3119 1261 Χριστοῦ
3156 1191 3588 1262 προαιρούμενοι
3619 1195 3762 1250 θάνα-

2194 1297 2321 1343 τον;
2370 1274 2763 1350 Ἀποθάνωμεν
2810 1280 3014 1346 τοίνυν,
3067 1282 3155 1335 ἵνα
3191 1281 3471 1352 ζήσωμεν.
3505 1285 3761 1359 Καλὸντῷ

2194 1370 2417 1443 Χριστῷ
2459 1374 2882 1437 συναποθανεῖν,
2937 1372 3024 1424 ἵνα
3081 1373 3178 1426 καὶ
3234 1372 3565 1446 συζήσωμεν
3611 1378 3759 1449 αὐτῷ.

2193 1464 2320 1527 Πῶς
2349 1465 2403 1518 δέ
2437 1482 2519 1528 τις
2552 1464 2988 1534 συναποθνήσκει
3022 1464 3099 1535 τῷ
3147 1466 3404 1537 Χριστῷ;
3433 1468 3557 1521 Τῶν
3593 1470 3762 1525 παθὼν

2870 1556 2947 1627 μὴ
2993 1557 3280 1626 προδιδοὺς
3341 1561 3495 1629 ιρόϐῳ
3547 1564 3650 1613 τινὶ
3680 1568 3760 1631 τ’,ν

2191 1651 2471 1719 ἀλήθειαν,
2525 1648 2558 1719 ἢ
2599 1649 2741 1701 αἰδοῖ
2790 1647 2891 1718 τῆς
2933 1649 3069 1718 πρὸς
3118 1649 3441 1722 ἀνθρώπους
3471 1654 3650 1722 ιριλίας
3678 1656 3759 1726 τήν

2190 1743 2328 1814 πρὸς
2353 1743 2489 1796 Θεὸν
2524 1742 2845 1810 παρρησίαν
2866 1742 3101 1813 οἰκτρῶς
3126 1744 3476 1814 προϊέμενος.
3514 1745 3669 1800 Οὕτω
3692 1768 3758 1811 τις

2188 1836 2496 1907 ὑπεραθλεῖ
2542 1836 2638 1889 τοῦ
2691 1834 2955 1903 Χριστοῦ.
2996 1835 3186 1900 υῦτως
3223 1854 3307 1901 τις
3338 1840 3759 1913 ἀποθνήσκειτῷ

2188 1930 2329 2000 ὑπὲρ
2354 1931 2388 1999 ή
2397 1928 2513 1999 μῶν
2539 1926 2893 1982 ἀποθανόντι.
2927 1929 3275 2000 κληρονομεῖ
3296 1930 3353 1984 δὲ
3378 1933 3500 1996 πῶς
3531 1935 3597 1987 τά
3622 1936 3760 2008 οὖρά-

2185 2040 2273 2076 νια
2299 2039 2313 2088 ;
2347 2022 2432 2074 Τά
2454 2022 2552 2091 τῆς
2574 2021 2680 2088 γῆς
2703 2019 3139 2090 καταλιμπάνων
3161 2024 3228 2093 τῇ
3256 2026 3349 2094 γῇ,
3373 2022 3409 2077 ἀ
3442 2027 3640 2097 μικρὸν
3666 2029 3759 2081 ἑτα-

2184 2115 2379 2185 τέρπει
2408 2113 2507 2185 τὴν
2561 2114 2716 2177 θέαν,
2779 2114 2876 2168 καὶ
2930 2116 3279 2187 μακροτέραν
3313 2117 3531 2171 ἐκεῖθεν
3566 2121 3760 2189 ἐμποιεῖ

2183 2207 2284 2278 τὴν
2313 2206 2533 2275 ὀδύνην.
2578 2205 2838 2276 Ἀφῶμεν
2858 2207 3038 2261 τοίνυν
3066 2208 3137 2260 τά
3162 2209 3397 2262 ἐνταῦθα
3423 2213 3655 2282 τερπνὰ,
3688 2212 3758 2266 ίνα

2182 2300 2398 2353 ἐκεῖθεν
2419 2299 2579 2370 δόξης
2613 2299 3147 2371 κληρονομήσωμεν.
3194 2301 3387 2371 Δῶμέν
3437 2319 3492 2355 τι
3537 2304 3632 2357 καὶ
3660 2304 3758 2375 Θεῷ

2182 2390 2276 2445 τοῦ
2310 2392 2585 2464 ἡμετέρου
2635 2391 2777 2461 βίου.
2815 2392 3210 2464 Συμμεριστὴν
3241 2393 3405 2448 αὑτὸν
3453 2396 3554 2463 τῆς
3584 2398 3760 2467 ήμετέ-

2184 2500 2284 2555 ρας
2316 2482 2576 2554 λάϐωμεν
2606 2480 2774 2551 ζωῆς.
2812 2485 2954 2554 Ἤδη
2987 2484 3083 2538 τοῦ
3118 2485 3237 2555 βίου
3263 2487 3325 2539 τὸ
3356 2487 3616 2541 πλεῖστον
3645 2492 3755 2559 ἡμῖν

2180 2576 2513 2648 διελήλυθεν.
2564 2577 2880 2649 Ἐζήσαμεν
2936 2580 3004 2650 τῇ
3060 2578 3248 2650 σαρκὶ,
3282 2576 3549 2650 ζήσωμεν
3578 2581 3756 2649 καὶτῷ

2182 2669 2478 2740 πνεύματι.
2504 2671 2705 2743 Μικρῷ
2724 2671 2920 2743 καιροῦ
2943 2672 3274 2743 διαστήματι
3306 2675 3560 2745 μακροὺς
3582 2674 3753 2738 αἰῶνας

2181 2761 2398 2825 ἑαυτοῖς
2447 2761 2895 2835 θησαυρίσωμεν.
2938 2763 3128 2835 Μικρά
3166 2757 3243 2818 ὧν
3273 2764 3578 2835 λαμϐάνειν
3607 2784 3752 2837 καρα-

2178 2849 2429 2919 δοκῶμεν
2473 2852 2731 2924 ἀφίεμεν.
2772 2853 2945 2909 Οὐδὲν
2987 2854 3297 2909 ἰσοστάσιον
3339 2855 3456 2909 τῶν
3486 2856 3750 2928 διδομένων

2178 2942 2514 3012 εἰσοίσομεν.

2192 1556 2221 1608 ύ
2234 1556 2456 1625 περανῶ
2495 1556 2813 1625 γενόμενος,

2245 3126 2437 3181 Ταῦτα
2469 3126 2604 3196 ἡμῖν
2630 3127 2659 3179 ὁ
2705 3126 2851 3198 ἱερὸς
2882 3120 3035 3190 οὗτος
3061 3127 3353 3200 ὑποφήτης
3386 3129 3489 3183 τοῦ
3520 3128 3747 3198 Πνεύμα-

483 3227 643 3283 Titus
681 3226 904 3291 clamat,
959 3240 1158 3296 magna
1198 3223 1466 3280 Ecclesia:
1493 3225 1645 3291 tuba,
1681 3240 1913 3296 quaeque
1948 3223 2071 3278 uni-

2181 3236 2286 3282 τος.
2319 3221 2510 3274 Ταῦτα
2540 3219 2699 3283 Τίτος
2724 3221 2756 3288 ή
2784 3220 2995 3291 μεγάλη
3020 3220 3119 3290 τῆς
3157 3222 3496 3293 Ἑκκλησίας
3518 3221 3743 3290 σάλπιγξ,

486 3332 679 3374 versos
707 3332 803 3387 per
834 3330 1029 3387 gyrum
1059 3314 1197 3370 lines
1224 3317 1570 3387 perstrepuit
1597 3334 1610 3369 :
1644 3316 1918 3371 divinitus
1949 3315 2071 3386 pul-

483 3421 668 3463 satum
701 3423 994 3479 organum,
1041 3422 1149 3463 vox
1185 3407 1393 3478 ubique
1441 3416 1668 3471 tonans,
1704 3424 1826 3478 qua:
1856 3408 2074 3463 divina-

486 3518 607 3555 rum
652 3501 810 3555 nobis
861 3500 1289 3555 miseratinnum
1337 3507 1650 3555 cataractas
1679 3502 1917 3571 aperuit,
1948 3516 2075 3572 qua:

483 3593 735 3663 quotidie
764 3592 960 3648 diluvii
988 3593 1167 3648 instar
1214 3591 1575 3662 quotidianos
1613 3593 1858 3649 hostium
1890 3595 2074 3651 insul-

485 3700 573 3739 tus
603 3685 837 3755 opcriat.
872 3684 998 3740 llaec
1034 3699 1135 3740 nos
1168 3685 1349 3751 Titus,
1383 3692 1577 3739 nostra
1615 3685 1807 3740 vilium
1841 3700 2011 3757 Opera
2041 3699 2073 3742 e

484 3780 739 3848 sepulcro
758 3777 1059 3847 quiritans,
1080 3776 1294 3848 Spiritu
1320 3777 1502 3833 docet.
1527 3778 1916 3847 Agnoscamus
1938 3793 2071 3850 ergo

484 3871 733 3941 magistri
762 3871 1119 3925 documenta.
1149 3869 1469 3925 Elliciamur
1491 3871 1772 3941 discipuli,
1801 3886 1907 3925 non
1937 3887 2073 3926 con-

482 3970 782 4032 temptores
816 3961 1029 4032 gratiae.
1085 3960 1274 4018 Simus
1317 3962 1640 4027 suasibilcs,
1685 3979 1795 4018 non
1852 3963 2071 4018 doctori

481 4054 843 4124 immorigeri.
907 4052 1297 4124 Suscipiamus
1355 4062 1679 4111 reverenter
1727 4070 2067 4112 sermonem.

477 4142 558 4199 Nc
588 4142 849 4198 simulato
880 4156 1169 4197 murmure
1209 4141 1356 4196 labia
1400 4143 1816 4208 submotemus,
1851 4142 1947 4198 sed
1980 4158 2069 4197 re-

479 4236 660 4292 velata
699 4234 865 4300 facie,
899 4234 1154 4306 nihilque
1182 4232 1383 4292 clauso
1410 4235 1596 4301 oculo,
1625 4234 1681 4289 in
1707 4234 1832 4304 ejus
1860 4249 2071 4290 sermo-

477 4346 609 4385 num
644 4330 831 4383 lumcn
882 4327 1266 4383 intendamus.
1303 4327 1599 4385 Discamus
1635 4328 1970 4399 sapientiam
2006 4328 2070 4380 il-

478 4425 584 4476 lam
618 4420 780 4490 plane
808 4431 937 4475 ante
969 4420 1175 4476 saecula
1230 4420 1645 4486 absconditam,
1683 4435 1851 4491 quam
1900 4434 2068 4475 nemo

480 4512 791 4582 principum
833 4511 1002 4581 hujus
1033 4512 1248 4579 seculi,
1293 4512 1744 4581 contemplativa:
1777 4512 2068 4567 ascensio-

2175 3314 2270 3365 καὶ
2302 3312 2479 3366 πάντα
2500 3310 2686 3380 κύκλῳ
2716 3310 3062 3381 περιηχοῦσα
3098 3313 3166 3366 τά
3213 3313 3457 3385 πέρατα,
3496 3315 3561 3367 τὸ
3595 3314 3746 3367 θεοκί-

2173 3420 2337 3474 νητον
2363 3403 2619 3474 ὄργανον,
2656 3404 2689 3473 ή
2721 3402 2956 3455 καθόλου
2995 3402 3286 3474 βροντῶσα
3340 3407 3523 3477 φωνὴ,
3575 3409 3607 3477 ὴ
3638 3406 3746 3468 τοὺς

2174 3499 2532 3569 καταράκτας
2560 3499 2695 3568 ἡμῖν
2724 3498 2836 3551 τῶν
2869 3497 3032 3552 θείων
3066 3500 3372 3572 οίκτιρμῶν
3403 3502 3744 3568 ὑπανοίξασα,

2173 3593 2207 3663 ἡ
2230 3590 2354 3644 καθ’
2386 3589 2605 3661 ἡμέραν
2636 3588 2737 3652 τάς
2766 3589 2889 3643 καθ’
2914 3589 3135 3662 ἡμέραν
3165 3592 3275 3644 τῶν
3307 3592 3529 3663 ὲχθρῶν
3567 3595 3745 3646 ἐπανα-

2176 3683 2417 3745 στάσεις,
2451 3679 2841 3751 κατακλυσμοῦ
2867 3681 3044 3753 δίκην,
3079 3684 3556 3740 ὲπικαλύπτουσα.
3587 3684 3745 3740 Ταῦτα

2174 3774 2333 3836 Τίτος
2355 3774 2489 3845 ήμῖν
2516 3772 2583 3825 δι’
2617 3771 2774 3843 ἡμῶν
2804 3773 2914 3827 τῶν
2948 3774 3188 3828 εὐτελῶν
3245 3777 3651 3851 ύποκινυρίξων
3692 3780 3744 3831 ὲκ

2172 3867 2347 3935 τάφου
2373 3865 2617 3918 διδάσκει
2640 3863 2717 3930 τῷ
2741 3865 3043 3936 Πνεύματι.
3067 3868 3441 3941 Γνωρίσωμεν
3463 3868 3557 3926 οὖν
3577 3872 3644 3925 τὰ
3665 3869 3742 3923 τοῦ

2171 3959 2496 4015 διδασκάλου
2535 3959 2857 4028 μαθήματα.
2900 3961 3195 4031 Γενώμεθα
3232 3963 3501 4034 μαθηταὶ,
3535 3966 3609 4037 μὴ
3635 3966 3742 4019 ἀθε-

2171 4056 2334 4125 τηταὶ
2362 4052 2458 4107 τοῦ
2481 4056 2845 4123 χαρίσματος.
2873 4055 3140 4124 Φανῶμεν
3170 4056 3472 4123 εὐπειθεῖς,
3505 4060 3579 4129 μὴ
3608 4061 3743 4112 ἀπει-

2173 4148 2289 4203 θεῖς
2314 4146 2394 4217 τῷ
2424 4146 2756 4200 διδάσκοντι.
2793 4149 2870 4199 Δι’
2920 4146 3104 4209 αἰδοῦς
3138 4148 3228 4200 τὸν
3269 4149 3432 4217 λόγον
3460 4150 3737 4221 δεξώμεθα.

2172 4239 2264 4311 Μὴ
2293 4239 2648 4306 ὑποκινῶμεν
2688 4240 2757 4292 τά
2786 4237 2942 4308 χείλη
2988 4237 3345 4310 ψιθυρισμῶν
3379 4243 3736 4312 ύποκρίσεσιν,

2173 4330 2311 4385 ἀλλά
2337 4332 2850 4398 ἀνακεκαλυμμένῳ
2881 4331 3167 4402 προσώπῳ
3209 4333 3303 4385 καὶ
3329 4333 3737 4403 ἀπερικαλύπτῳ

2175 4422 2471 4494 βλέμματι,
2495 4422 2573 4492 τῷ
2601 4424 2740 4488 φωτὶ
2756 4424 2868 4475 τῶν
2892 4424 3103 4475 ὲκείνου
3136 4422 3311 4490 λόγων
3336 4426 3734 4494 ὲνατενίζωμεν.

2172 4516 2489 4587 Μυηθῶμεν
2513 4516 2707 4583 σοφίαν
2737 4513 2837 4584 τὴν
2885 4513 3054 4576 ὅντως
3094 4517 3602 4586 ἀποκεκρυμμένην
3649 4514 3737 4585 προ

480 4607 565 4658 nis
629 4604 922 4675 participio
975 4596 1258 4676 cognovit.
1319 4606 1503 4675 Atque
1544 4613 1604 4659 ut
1636 4606 1806 4660 vcrho
1858 4604 2066 4673 dicam,

2181 4610 2285 4663 τῶν
2315 4607 2551 4672 αἰώνων,
2611 4610 2677 4679 ἣν
2724 4607 2901 4671 οὐδεὶς
2949 4607 3059 4660 τῶν
3110 4608 3390 4679 ἀρχόντων
3431 4611 3525 4663 τοῦ
3564 4610 3736 4669 αἰῶνος

478 4700 598 4765 eius
630 4697 860 4751 omnino
887 4696 1195 4752 cﬂlciamur
1225 4699 1320 4767 qui
1352 4698 1589 4763 creavit,
1658 4698 1812 4751 nulla
1859 4696 2068 4753 veteris

479 4789 792 4858 olentisqne
820 4789 1080 4845 l'crmenti
1134 4790 1350 4859 peccati
1396 4791 1586 4844 relicta
1622 4789 1677 4842 in
1735 4791 1898 4845 nobis
1928 4805 2065 4845 con-

483 4882 795 4951 spct'sione.

550 5062 608 5118 Id
660 5076 789 5117 vero
834 5059 921 5131 qui
970 5062 1102 5117 ﬂat?
1151 5058 1205 5116 Si
1260 5062 1561 5132 diligamus
1617 5064 1877 5118 in‘viccm.
1910 5062 1965 5118 Si
2002 5065 2070 5118 iis

483 5159 574 5228 qni
611 5156 847 5210 oderunt
890 5157 1030 5211 bene
1074 5157 1368 5221 faciamus,
1405 5171 1513 5211 non
1569 5166 1831 5212 curantes
1862 5157 2067 5211 malum

486 5248 807 5318 rependere.
840 5246 896 5301 Si
934 5263 1044 5303 non
1097 5250 1243 5303 malo
1299 5249 1689 5305 sanaverimus
1724 5249 1949 5303 malmn.
2012 5247 2071 5303 Si

484 5339 815 5392 alterutrum
848 5338 1232 5395 dimiserimus
1260 5339 1489 5396 delicta.
1526 5339 1583 5395 Si
1628 5340 1813 5395 dolum
1848 5355 2068 5397 omnem

489 5447 513 5485 e
539 5430 802 5486 cordibus
828 5431 1246 5489 abstulerimus.
1284 5433 1340 5487 Si
1389 5433 1555 5489 tuerit
1589 5434 1853 5490 occlusus
1884 5434 2068 5491 omnis

485 5521 705 5577 invidiae
752 5530 991 5589 meatus,
1050 5538 1116 5579 ac
1156 5525 1353 5579 livoris
1387 5525 1497 5579 via.
1533 5526 1593 5581 Si
1636 5526 1846 5582 furoris
1881 5527 2069 5602 fervor

487 5611 721 5685 biiisquc
753 5614 808 5667 in
850 5615 1011 5671 nobis
1046 5631 1153 5670 non
1196 5614 1523 5672 manserint.
1576 5615 1633 5671 Si
1667 5616 1880 5671 vitios:c
1915 5618 2069 5672 volu-

2170 4701 2363 4753 τούτου
2395 4699 2537 4753 κατά
2579 4696 2797 4769 μέθεξιν
2830 4698 3141 4768 γνωπικῆς
3185 4698 3507 4765 ἀναϐάσεως
3529 4702 3730 4770 ἔγνωκε.

2172 4793 2283 4847 Καὶ
2317 4790 2612 4845 συνελόντα
2641 4793 2829 4860 φάναι,
2865 4791 3153 4861 γενώμεθα
3195 4792 3456 4865 καθαρῶς
3484 4793 3573 4847 τοῦ
3603 4791 3734 4860 ποιή-

2175 4900 2386 4946 σαντος,
2422 4882 2588 4950 μηδὲν
2613 4881 2713 4951 τῆς
2740 4881 2979 4944 παλαιᾶς
3010 4880 3105 4935 καὶ
3151 4882 3385 4947 ὀζώδους
3435 4884 3610 4956 ζύμης
3650 4882 3732 4952 τῆς

2171 4972 2449 5044 ἁμαρτίας
2485 4975 2541 5024 ἐν
2578 4973 2793 5033 ἑαυτοῖς
2815 4972 3207 5036 καταλιπόντες
3239 4975 3490 5047 φύραμα.
3777 5042 3782 5049 _

2246 5065 2442 5115 Ἔσται
2471 5062 2525 5114 δὲ
2557 5062 2718 5115 τοῦτο
2749 5061 2906 5125 πῶςς
2940 5061 3003 5115 Εἰ
3038 5062 3344 5133 ἀγαπῶμεν
3376 5064 3647 5134 ἀλλήλους.
3677 5059 3727 5112 El

2171 5159 2296 5218 τοὺς
2368 5153 2665 5225 μισοῦντας
2713 5157 2861 5222 ἡμᾶς
2906 5154 3256 5225 εύποιοῦμεν,
3301 5156 3395 5210 τοῦ
3445 5153 3727 5209 κακοποιεῖν

2172 5248 2561 5317 ἀλογήσαντες.
2595 5246 2657 5298 El
2692 5248 2771 5312 μὴ
2812 5249 2972 5318 κακῷ
3001 5248 3062 5300 τὸ
3101 5248 3271 5301 κακὸν
3313 5248 3644 5320 ίατρεύομεν.
3670 5243 3723 5296 El

2171 5340 2402 5411 ἀφῶμεν
2453 5339 2703 5408 ἀλλήλοις
2756 5342 2825 5394 τὰ
2874 5339 3320 5410 παραπτώματα.
3361 5341 3422 5393 Et
3455 5337 3720 5409 ἐξαιροῦμεν

2174 5436 2353 5488 πάντα
2381 5433 2532 5486 δόλον
2556 5433 2667 5485 τῶν
2695 5431 2935 5502 καρδιῶν
2984 5430 3160 5501 ἡμῶν.
3196 5431 3257 5484 Εἰ
3289 5433 3399 5495 πᾶς
3424 5424 3718 5494 ἀποκλεισθῇ

2177 5527 2373 5594 φθόνου
2406 5524 2572 5595 πόρος
2620 5526 2714 5578 καὶ
2750 5524 3054 5595 βασκανίας
3082 5522 3262 5586 ὁλκός.
3295 5524 3357 5575 Εἰ
3381 5522 3548 5592 θυμοῦ
3576 5520 3715 5584 ζέσις.

2176 5618 2273 5670 καὶ
2305 5616 2523 5688 μήνιδος
2541 5615 2680 5687 ὀργὴ
2709 5617 2782 5687 μὴ
2817 5618 2873 5669 ἐν
2895 5615 3028 5685 ἡμῖν
3057 5613 3235 5685 μείνῃ.
3268 5611 3330 5667 ΕΞ
3360 5612 3539 5668 παθῶν
3566 5604 3717 5682 ἡδοναὶ

1758 5802 1989 5858 VM:le
2043 5801 2444 5859 LECTIONES.

554 5884 598 5917 ⁸⁷
622 5887 705 5939 ῐσ.
731 5891 891 5960 ὅπερ.
