4012 6442
297 455 438 521 1165

1496 462 1576 533 1N
1619 478 1659 533 Α
1670 477 2005 539 POSTOLU
2018 482 2071 539 Μ
2094 482 2221 541 ΤΙΤ
2236 482 2366 543 UM.

3436 494 3572 556 12m

286 567 386 621 καὶ
409 553 621 640 ὀρέξεις
671 575 975 644 παράλογοι
1030 576 1090 643 ἐξ
1119 571 1194 633 ὧν
1246 580 1273 632 ὁ
1306 581 1558 649 θάνατος,
1603 587 1678 658 μὴ
1705 590 1861 658 ἀναϐῇ

1986 602 2186 662 ptates,
2227 596 2558 667 xalienzeque
2618 612 2646 650 a
2692 601 2912 656 ratione
2956 603 3319 673 cupiditates,
3372 609 3574 675 quibus-

280 656 376 711 διὰ
406 660 517 713 τῶν
572 660 805 734 θυρίδων
849 666 1027 736 ήμῶν.
1080 668 1142 722 Εἰ
1173 668 1275 735 τὰς
1307 672 1478 745 θύρας
1517 656 1675 748 ἡμῶν
1714 656 1880 734 παντί

278 748 642 822 ἀνεῴγνυμεν
666 753 827 826 ξένῳ.
857 757 921 810 Εἰ
954 759 1093 829 πρὸς
1141 761 1291 817 ἔλεον
1338 766 1440 829 τὰς
1469 770 1660 839 χεῖρας
1699 773 1879 825 ἐκτεί-

276 857 472 914 νομεν.
510 844 574 898 Et
615 847 844 901 πεινῶσι
894 850 985 904 τὸν
1040 852 1207 925 ἄρτον
1239 857 1399 927 ἡμῶν
1448 859 1877 935 διαθρύπτομεν.

274 934 347 987 Εί
378 936 627 1004 γυμνοὺς
678 938 946 1009 ἀστέγους
977 944 1057 1008 εἰς
1088 946 1215 1010 τοὺς
1248 948 1460 1002 ἑαυτῶν
1485 934 1880 1026 εἰσαγάγοιμεν

272 1024 485 1089 οἴκους.
519 1028 582 1080 Ei
618 1030 891 1098 ριγῶντας
936 1035 1066 1098 τοὺς
1101 1037 1366 1106 ἀδελφοὺς
1417 1024 1875 1114 περιθάλποῳξεν.

272 1112 344 1169 Εί
386 1118 462 1189 μὴ
493 1120 830 1192 παρορῶμεν
856 1125 949 1177 τὸν
990 1127 1199 1198 πένητα
1227 1131 1526 1201 κράζοντα.
1554 1136 1619 1189 Εἰ
1663 1136 1735 1206 μή
1757 1112 1880 1190 ἠπα-

277 1210 661 1281 ραδρὰμοιμεν
684 1214 776 1267 τὸν
807 1215 907 1286 τῆς
938 1218 1070 1289 παρ’
1113 1220 1270 1291 ήμῶν
1300 1224 1551 1290 εὐποιίας
1601 1228 1874 1299 δεόμενον.

272 1300 345 1352 Εἰ
373 1300 525 1372 φόϐῳ
559 1303 653 1355 καὶ
675 1304 828 1375 πόθῳ
860 1310 982 1370 ταῖς
1027 1308 1356 1382 ἐκκλησίαις
1410 1319 1875 1390 προστρέχοιμεν.

269 1391 343 1442 Εἰ
365 1390 485 1461 Θεῷ
509 1393 609 1457 τὰς
639 1395 899 1467 ἀπαρχὰς
920 1399 1032 1453 τῶν
1059 1404 1345 1475 ἡμετέρων
1371 1410 1549 1462 πόνων
1582 1414 1880 1481 προσάγοι-

273 1497 403 1551 μεν,
427 1482 493 1536 Εί
524 1483 718 1549 θυσίας
744 1490 840 1542 καὶ
863 1495 1178 1564 προσευχὰς
1204 1492 1292 1561 αἷς
1323 1501 1702 1571 εὐαρεστεῖται
1721 1506 1875 1570 Θεὸς,

269 1573 398 1645 Θεῷ
438 1578 928 1650 προσενέγκοιμεν.
989 1582 1055 1638 Εἰ
1115 1587 1191 1657 μή
1244 1589 1624 1662 διορύττοιμεν
1686 1594 1878 1666 βόθρον

268 1668 392 1732 τοῖς
425 1667 695 1739 ἀδελφοῖς.
726 1673 789 1726 El
823 1673 899 1747 μὴ
927 1675 1161 1748 ἀφῶμεν
1190 1681 1283 1734 τὸν
1315 1683 1470 1753 ἥλιον
1494 1684 1881 1757 ὀργιζομένοις

270 1760 413 1831 ἡμῖν
439 1763 781 1833 ὲπιδύεσθαι,
811 1768 949 1825 ἀλλὰ
973 1770 1359 1845 διαλλαγῶμεν
1384 1778 1489 1845 πρὸ
1516 1780 1615 1848 τῆς
1640 1781 1878 1852 ἑσπέρας

271 1853 392 1915 τοῖς
417 1854 497 1917 είς
528 1856 679 1925 ἡμᾶς
702 1858 1133 1928 ἁμαρτάνουσιν.
1170 1865 1233 1917 Εἰ
1254 1868 1566 1939 ἀγαπῶμεν
1589 1871 1878 1942 ἀλλήλους,

270 1939 462 2005 καθὼς
493 1946 520 1996 ὁ
550 1945 786 2016 Χριστὸς
833 1951 1124 2022 ἠγάπησεν
1176 1956 1346 2024 ἡμᾶς,
1384 1960 1480 2012 καὶ
1512 1939 1723 2015 ἑαυτὸν
1738 1982 1878 2035 παρ-

266 2029 442 2084 έδωκε
469 2031 667 2106 λύτρον
689 2037 833 2109 ὑπὲρ
857 2042 1016 2111 ήμῶν
1044 2042 1122 2115 τῷ
1144 2045 1382 2117 θανάτῳ,
1407 2051 1674 2122 αἰσχύνης
1706 2029 1876 2109 κατα-

268 2124 569 2193 φρονήσας.
602 2128 665 2180 Et
702 2134 1113 2204 σωφρονίσομεν
1140 2138 1299 2208 ἡμῶν
1333 2140 1424 2194 τὸν
1458 2141 1594 2211 βίον,
1625 2147 1718 2200 καὶ
1753 2168 1770 2199 ι
1808 2150 1876 2203 τὰ

272 2211 417 2282 μέλη
437 2216 794 2290 νεκρώσομεν
817 2222 885 2275 τὰ
913 2225 1005 2277 ἐπὶ
1028 2226 1128 2295 τῆς
1154 2228 1279 2298 γῆς,
1315 2234 1597 2301 πορνείαν,
1628 2236 1876 2308 ἀκαθαρ-

269 2302 414 2369 σίαν,
454 2306 792 2377 πλεονεξίαν,
830 2331 849 2364 ι
878 2318 974 2367 καὶ
1003 2317 1197 2386 ἡδονὰς
1239 2322 1481 2388 ἁπάσας,
1517 2326 1608 2378 καὶ
1640 2327 1738 2397 τὴν
1769 2348 1872 2383 κα-

269 2392 470 2465 κίστην
493 2398 897 2471 ύπερηφανίαν.
922 2408 986 2460 Εἰ
1012 2409 1383 2483 φιλαργυρίαν
1417 2392 1745 2489 μισήσομεν,
1772 2421 1871 2492 τὴν

268 2486 382 2540 τῶν
434 2494 620 2547 κακῶν
672 2497 934 2553 ἁπάντων
991 2503 1339 2575 μαιεύτριαν.
1398 2526 1415 2557 ι
1450 2508 1547 2572 Τίς
1577 2512 1744 2579 σοφὸς
1777 2514 1871 2566 καὶ

267 2580 495 2651 συνήσει
526 2583 722 2654 τοῦτο;
755 2606 774 2639 ι
812 2588 910 2653 Τίς
942 2593 1247 2664 προσθήσει
1272 2596 1369 2649 τοῦ
1400 2598 1635 2666 φυλάξαι
1673 2602 1866 2671 ταῦτα,

262 2674 364 2725 καὶ
392 2673 493 2743 τήν
531 2677 785 2733 ἐντεῦθεν
807 2683 1153 2753 ἐπικαρπίαν
1187 2677 1533 2757 ’δρέψασθαυ
1580 2694 1870 2765 Μλκὰριος

254 2761 437 2828 ὕντως
469 2760 624 2830 οὗτος
667 2770 793 2839 ἐμοὶ
826 2773 917 2824 καὶ
967 2777 1135 2828 παντὶ
1176 2777 1255 2847 τῷ
1283 2779 1596 2850 ἀρ’τίφρονι.
1626 2785 1723 2847 Τίς
1754 2760 1865 2856 γὰρ

258 2855 476 2910 αὑτὸνὸ
507 2859 780 2915 κακώσων
824 2863 1000 2931 ἔσται,
1046 2871 1112 2939 τῇ
1168 2870 1404 2942 ἀτρεψίᾳ
1435 2873 1529 2926 τοῦ
1579 2875 1748 2929 καλοῦ
1773 2855 1865 2932 τὸν

257 2946 394 3001 νοῦν
422 2952 827 3022 ἐστομωμένον,
854 2959 951 3010 καὶ
974 2958 1133 3027 δίκην
1158 2962 1366 3027 πελεως
1393 2969 1863 3037 κατωχυρωμέιιον

254 3037 346 3109 ’τῷ
377 3041 613 3111 ἀσφαλεῖ
637 3045 747 3098 τῶν
778 3048 1480 3126 ἀρετῶνπροτειχίσματις

349 3221 565 3289 Ἀλλ’,ὦ
597 3229 697 3300 τῆς
734 3234 1011 3303 μακαρίας
1052 3237 1215 3290 Τίτον
1244 3241 1484 3319 γαστρὸς
1514 3245 1640 3313 ἄρτι
1668 3262 1859 3319 γεννη-
1894 3311 1932 3330 η

248 3317 427 3372 θέντα
447 3321 646 3377 τέκναῑ
673 3323 822 3398 Αὕτη
858 3328 969 3398 γὰρ
991 3330 1140 3401 ἡμᾶς
1163 3310 1540 3401 εὐαγγελικῶς
1557 3310 1864 3410 *ἀνεγέννηο
1892 3311 1934 3367 C

251 3426 349 3467 σε.
383 3412 555 3484 Στῆτε
584 3417 729 3470 κατὰ
776 3419 999 3474 πάντων
1042 3422 1295 3490 ἀοράτων
1330 3426 1566 3498 ἐχθρῶν,
1596 3430 1696 3501 τὴν
1726 3449 1863 3486 παν-

243 3501 454 3559 οπλίαν
481 3507 581 3577 τῆς
616 3508 785 3562 αὐτοῦ
830 3511 1181 3576 διδασκαλίας
1219 3515 1438 3580 ἑαυτοῖς
1483 3519 1859 3592 περιθέμενοι.

257 3612 281 3645 τ
336 3594 650 3669 Ἀντίστητε
679 3600 760 3667 τῷ
788 3602 1048 3676 διαϐόλῳ,
1081 3606 1176 3659 καὶ
1211 3608 1472 3677 φεύξεται
1504 3612 1599 3682 ἀφ’
1632 3615 1807 3685 ὑμῶν.
1834 3637 1853 3669 ι

267 3691 621 3762 Ἀνδρίζεσθε
648 3697 794 3748 κατὰ
843 3697 943 3767 τῆς
1003 3697 1271 3770 βδελυρᾶς
1298 3701 1393 3754 τοῦ
1425 3703 1642 3758 Σατανᾶ
1683 3724 1861 3779 παρα-

252 3781 489 3849 τάξεως,
548 3785 646 3839 καὶ
681 3785 758 3849 ὡς
809 3785 936 3858 βέλη
995 3790 1206 3859 νηπίων
1244 3791 1342 3856 τὰς
1375 3793 1593 3865 πληγὰς
1646 3798 1855 3852 ἐκείνου

252 3875 567 3942 λογίζεσθε.
601 3879 775 3949 Στῆτε
805 3878 1247 3952 περιεζωσμένοι
1276 3884 1375 3954 τὴν
1401 3885 1575 3956 ὀσφὺν
1615 3889 1675 3943 ἐν
1724 3891 1859 3962 ἁλη-

248 3966 402 4038 θείᾳ,
444 3969 539 4022 καὶ
568 3970 670 4033 τὰς
692 3970 936 4042 πλευρὰς
966 3973 1332 4045 ἐνειλημένοι,
1370 3978 1465 4031 καὶ
1492 3980 1588 4032 τοῦ
1621 3982 1859 4053 πνεύμα-

246 4076 349 4121 τος
371 4060 474 4128 τὴν
529 4062 810 4133 μάχαιραν
850 4063 1130 4133 φέροντες,
1172 4066 1202 4119 ὅ
1228 4068 1347 4121 ἐστι
1382 4070 1535 4140 ῥῆμα
1568 4071 1725 4134 Θεοῦ,
1766 4074 1856 4128 διὰ

252 4150 570 4221 προσευχῆς
592 4154 688 4205 καὶ
707 4152 972 4224 δεήσεως.
992 4156 1139 4220 Τόξα
1160 4158 1255 4210 καὶ
1278 4160 1406 4230 βέλη
1432 4162 1524 4214 καὶ
1548 4164 1850 4235 φαρέτραν,

248 4240 324 4294 τὰ
355 4239 694 4297 θεόπνευστα
724 4244 832 4298 ’τοῦ
864 4244 1169 4316 θεομύστου
1214 4251 1461 4322 κήρυκος
1486 4254 1645 4307 Τίτον
1675 4256 1853 4329 θωρας

249 4330 539 4402 κισθῶμεν
570 4333 751 4402 λάγια.
782 4336 1025 4408 Κορύνη,
1061 4341 1158 4393 καὶ
1189 4340 1340 4412 δόρυ,
1370 4343 1465 4396 καὶ
1493 4346 1762 4418 μάχαιρα,
1793 4350 1850 4401 αἱ

250 4424 395 4497 πρὸς
421 4425 554 4480 Θεὸν
582 4426 723 4497 ὑπὲρ
759 4429 920 4500 ἡμῶν
961 4431 1235 4497 ἐντεύξεις
1266 4434 1360 4490 τοῦ
1394 4438 1655 4506 ποιμένος
1698 4442 1852 4511 ἡγεί-

249 4518 494 4572 σθωσαν.
521 4517 696 4584 Αὐτὸς
724 4519 844 4573 ἀνθ’
872 4521 1034 4593 ήμῶν
1059 4524 1342 4595 στήσεται.
1385 4528 1558 4593 Αὐτὸς
1602 4534 1851 4602 παρατά-

250 4608 405 4674 ξεται
434 4609 531 4663 καὶ
561 4610 664 4664 ύπε
677 4614 897 4682 ρασπιεῖ
920 4613 1103 4684 ήμῶν.
1135 4616 1310 4681 Αὐτὸς
1341 4618 1454 4691 γὰρ
1477 4620 1707 4693 θραύσει
1755 4625 1846 4679 τὸν

245 4697 375 4751 καθ’
414 4697 570 4770 ὑμῶν
607 4700 1038 4773 συγκινούμενον
1094 4706 1355 4777 πόλεμον.
1389 4709 1562 4774 Αὐτὸς
1599 4711 1844 4785 λωφήσει

244 4789 317 4843 τὰ
340 4789 448 4845 τῶν
481 4791 694 4863 ἐχθρῶν
726 4792 1088 4865 ὀφρυὼματα.
1119 4798 1292 4862 Αὐτὸς
1321 4802 1579 4872 στήσεται
1609 4806 1703 4857 καὶ
1740 4808 1843 4871 ἐξ-

248 4879 525 4945 ιλάσεται,
561 4884 658 4936 καὶ
691 4885 784 4938 τὸν
815 4884 986 4957 θυμὸν
1016 4888 1354 4960 ἀποστρέψει
1383 4894 1609 4965 Κυρίου.
1642 4899 1751 4953 Καὶ
1779 4899 1840 4954 τὸ

241 4973 515 5044 ποτήριον
553 4975 654 5046 τῆς
700 4977 873 5050 ὀργῆς
904 4981 964 5034 τὸ
1008 4982 1066 5035 ὲν
1092 4984 1159 5054 τῇ
1215 4985 1362 5055 χειρὶ
1399 4988 1595 5055 αὐτοῦ,
1627 4993 1721 5044 καὶ
1775 4996 1836 5049 τὸ

238 5064 407 5117 ςεάνδυ
443 5068 726 5137 πτώσεως,
750 5073 844 5126 καὶ
860 5071 954 5126 τοῦ
976 5073 1151 5144 θυμοῦ
1175 5076 1276 5147 τὴν
1296 5081 1528 5148 τρυγίαν
1557 5085 1650 5152 ἀφ’
1671 5087 1703 5154 ἡ
1714 5088 1833 5156 μῶν

237 5157 569 5224 ἀποκλίνας,
596 5162 689 5235 ἐπὶ
709 5163 837 5229 τοὺς
859 5165 1091 5236 ἐχθροὺς
1114 5170 1541 5227 κατακενώσειε.
1566 5177 1675 5231 Καὶ
1696 5180 1834 5249 πρὸς

235 5246 425 5317 αὔραν
460 5253 562 5322 μὲν
589 5255 779 5327 τρέψει
811 5257 909 5330 τὴν
932 5258 1181 5330 θραῦσιν,
1215 5263 1354 5332 πρὸς
1385 5264 1443 5319 δὲ
1483 5268 1725 5344 γαλήνην
1743 5246 1836 5329 -αἰ-

318 5393 345 5421 υ
394 5387 559 5446 Hebr.
585 5408 684 5459 Ill,
720 5393 774 5448 2.
851 5402 880 5435 ι’
904 5394 1122 5454 Coloss.
1157 5414 1237 5466 ιιι,
1285 5400 1339 5456 5.
1417 5410 1444 5440 κ
1471 5401 1622 5463 Psal.
1653 5423 1763 5480 οισι,
1791 5412 1881 5471 43.

1985 700 2135 739 mors
2195 685 2503 754 invehitur,
2568 706 2680 745 non
2734 694 3091 749 ascenderint
3147 711 3245 766 per
3299 695 3576 755 fenestras

1985 784 2229 831 nostras.
2270 774 2328 830 Si
2350 785 2573 834 nostras
2605 791 2794 849 portas
2829 784 3130 855 peregrino
3170 786 3321 839 onmi
3351 798 3577 857 aperue-

1985 866 2183 922 rimus.
2223 866 2283 922 Si
2336 885 2535 927 manus
2568 875 2990 932 extenderimus
3034 877 3100 932 ad
3139 878 3576 950 eleemosynam.

1985 961 2041 1013 Si
2079 971 2335 1018 nostrum
2366 981 2569 1034 panem
2608 968 2923 1040 frangimus
2974 973 3267 1028 esurienti.
3307 973 3362 1028 Si
3400 977 3577 1029 nudos

1984 1056 2104 1111 sine
2143 1062 2316 1122 tecto,
2378 1060 2433 1114 in
2467 1070 2691 1117 nostras
2732 1063 3049 1121 inducimus
3101 1067 3319 1122 domos.
3382 1068 3437 1121 Si
3476 1070 3575 1123 fri-

1983 1162 2113 1216 gore
2168 1149 2494 1220 obrigentes
2559 1152 2762 1209 fratres
2833 1155 3161 1212 foverimus.
3224 1159 3279 1215 Si
3314 1176 3425 1215 non
3481 1163 3577 1215 dc-

1983 1238 2334 1305 spexerimus
2389 1240 2689 1296 clamorem
2754 1246 3033 1315 pauperis.
3111 1246 3167 1302 Si
3233 1250 3577 1321 indigentem

1983 1327 2345 1385 beneﬁcentia
2400 1347 2511 1387 non
2567 1337 3024 1403 praeterieriinus.
3084 1340 3139 1395 Si
3192 1345 3256 1397 ad
3311 1344 3579 1399 ecclesias

1986 1423 2102 1489 pali
2139 1430 2285 1479 metu
2322 1434 2374 1479 et
2408 1427 2687 1482 desiderio
2717 1432 3144 1489 accesserimus.
3186 1435 3242 1488 Si
3282 1435 3390 1489 Deo
3426 1438 3579 1491 labo-

1985 1527 2105 1565 rum
2147 1525 2474 1571 nostrorum
2516 1522 2795 1590 primitias
2846 1525 3233 1582 obtulerimns.
3273 1528 3327 1581 Si
3366 1530 3577 1585 hostias

1982 1613 2039 1658 et
2071 1621 2266 1674 preces
2312 1610 2518 1678 quibus
2570 1611 2714 1667 Deus
2772 1616 2879 1670 sibi
2910 1619 3244 1687 complacet,
3282 1620 3394 1676 Deo
3420 1626 3576 1677 exhi-

1985 1696 2294 1753 buerimns.
2350 1700 2406 1755 Si
2466 1719 2577 1757 non
2641 1704 2883 1762 fodimus
2928 1708 3141 1764 foveam
3186 1711 3475 1771 fratribus.
3518 1718 3572 1771 Si

1985 1801 2092 1841 non
2129 1790 2371 1856 patimur
2399 1803 2457 1847 ut
2492 1796 2655 1850 nobis
2685 1797 2846 1854 iratis
2874 1801 2959 1854 sol
2984 1803 3224 1868 occidat,
3258 1808 3353 1859 sed
3392 1822 3576 1861 recon-

1988 1881 2246 1937 ciliamur
2298 1895 2426 1941 ante
2486 1904 2773 1959 vesperam
2820 1894 2888 1948 iis
2934 1895 3027 1961 qui
3074 1897 3129 1950 in
3168 1914 3271 1954 nos
3320 1915 3571 1970 peccant.

2586 1946 2601 1959 _
2822 1946 2829 1947 ,
2873 1946 2883 1948 _
2944 1946 3027 1961 ,η
3168 1946 3270 1954 --η
3320 1946 3570 1970 rusum.

1921 1946 1960 2002 υ
1991 1972 2047 2026 Si
2110 1975 2344 2032 invicem
2387 1980 2698 2051 diligimus,
2752 1985 2897 2040 sicut
2926 1987 3184 2047 Christus
3219 1992 3416 2049 dilexit
3448 2012 3570 2061 nos,

1986 2073 2041 2120 et
2092 2068 2336 2137 scipsum
2392 2074 2558 2127 morti
2603 2075 2837 2131 tradidit
2877 2072 2978 2148 pm
3024 2085 3209 2151 nobis,
3241 2089 3573 2148 confusione

1984 2166 2363 2229 contemptau
2395 2201 2410 2216 .
2467 2164 2523 2219 Si
2585 2167 2927 2238 castigamus
2982 2173 3151 2228 vitam
3208 2190 3477 2246 nostram,
3521 2194 3574 2238 et

1988 2271 2007 2304 ι
2057 2257 2462 2314 mortificamus
2512 2265 2766 2319 membra
2801 2281 2925 2336 quae
2970 2279 3103 2325 sunt
3132 2289 3301 2344 super
3334 2288 3566 2345 terram,

1982 2344 2435 2416 fornicationem,
2461 2353 2890 2425 immunditiam,
2917 2362 3448 2429 circumventionem
3482 2385 3565 2441 V,»
3622 2396 3629 2403 ‘

1980 2620 2267 2674 stetricem
2324 2623 2459 2694 agit.
2521 2645 2540 2677 ι
2597 2627 2735 2692 Quis
2786 2633 3038 2701 sapiens,
3097 2647 3153 2693 et
3213 2642 3319 2698 hoc
3362 2645 3568 2702 intelli-

1977 2721 2067 2781 get
2098 2713 2170 2766 1?
2208 2733 2226 2767 ι
2273 2713 2411 2782 Quis
2445 2719 2673 2792 adjiciet
2733 2733 2791 2780 ut
2827 2727 2945 2784 haze
2980 2734 3283 2800 custodiat,
3328 2739 3569 2813 indeque

1976 2802 2218 2861 fructum
2262 2811 2579 2885 decerpat?
2629 2816 2839 2877 Beatus
2895 2824 3059 2893 plane
3105 2830 3240 2885 mihi
3276 2847 3341 2888 ac
3383 2839 3567 2894 cuivis

1975 2896 2190 2954 homini
2218 2918 2367 2959 sanae
2400 2909 2627 2975 mentis,
2669 2913 2763 2981 qui
2792 2916 3073 2984 ejusmodi
3108 2931 3214 2978 est.
3254 2924 3393 2991 Quis
3415 2931 3563 2986 enim

1972 2988 2023 3041 ei
2061 2991 2375 3048 molestiam
2412 2995 2628 3065 fecerit,
2672 3005 2840 3079 cujus
2880 3010 3104 3067 animus
3149 3014 3564 3080 inﬂexibilitate

1972 3082 2212 3149 quadam
2250 3101 2279 3139 a
2316 3088 2468 3146 bono
2492 3094 2567 3148 sit
2601 3086 2863 3163 duratus,
2899 3117 2964 3158 ac
3000 3105 3180 3162 instar
3228 3112 3406 3176 urbis,
3440 3124 3562 3171 tuto

1976 3174 2242 3232 virtutum
2274 3189 2693 3255 propugnaculo
2725 3194 2973 3250 munitus
2997 3198 3022 3250 ?

2047 3266 2180 3335 Sed,
2214 3271 2383 3327 oTiti
2438 3278 2596 3334 beato
2646 3290 2803 3339 utero
2849 3288 3016 3344 modo
3065 3295 3242 3362 geniti
3274 3301 3465 3367 pueri!
3512 3305 3561 3359 ls

1969 3360 2116 3413 enim
2163 3377 2260 3418 vos
2287 3364 2447 3433 juxta
2478 3367 2838 3444 Evangelium
2869 3388 3239 3451 regeneravit.
3277 3390 3432 3448 State
3458 3398 3559 3447 ad-

1963 3724 2127 3781 bilem
2164 3730 2338 3786 aciem
2384 3733 2621 3803 Satanae,
2658 3741 2894 3814 ejusque
2936 3750 3111 3821 plagae
3146 3757 3294 3813 velut
3329 3764 3548 3833 Sagilla!

1962 3821 2323 3885 parvulorum
2385 3828 2750 3891 videbuntur.
2785 3837 2944 3897 State
2974 3847 3212 3902 succinti
3248 3821 3468 3911 lumbos
3499 3860 3552 3913 in

1961 3909 2217 3977 veritate,
2255 3922 2310 3969 et
2362 3916 2538 3975 latera
2594 3926 2825 3992 obtecti,
2871 3941 3279 4009 portantesque
3308 3909 3552 4014 gladium

1958 4000 2208 4070 spiritus,
2246 4008 2342 4076 qui
2391 4019 2480 4066 est
2511 4017 2742 4071 verbum
2794 4019 2915 4089 Dei,
2950 4041 3050 4095 per
3103 4000 3549 4101 deprecationem

1957 4098 2013 4144 et
2046 4097 2375 4154 orationem.
2421 4103 2628 4161 Arcum
2673 4118 2728 4164 et
2767 4115 2998 4185 sagittas
3055 4130 3110 4175 et
3145 4097 3487 4195 pharetram,
3521 4151 3548 4186 a

1955 4180 2068 4236 Deo
2115 4183 2385 4254 inspirata
2418 4191 2534 4250 Deo
2580 4196 2748 4251 amati
2798 4180 3070 4269 praeconis
3098 4180 3206 4264 Titi
3245 4180 3548 4273 induamiis

1956 4286 2132 4328 arma.
2166 4276 2332 4333 Galea
2368 4285 2530 4343 nobis
2565 4287 2839 4367 hastaque
2866 4302 2923 4348 et
2952 4297 3174 4366 gladius
3213 4302 3543 4373 habeantur,

1952 4366 2197 4433 pastoris
2251 4369 2320 4424 ad
2368 4371 2543 4429 Deum
2580 4394 2681 4448 pro
2726 4366 2891 4439 nobis
2919 4389 3385 4459 supplicationes.
3425 4401 3546 4470 lp~e

1953 4457 2122 4512 stabit
2150 4474 2252 4529 pro
2280 4465 2464 4531 nobis,
2504 4469 2625 4539 ipse
2674 4474 2849 4530 aciem
2894 4457 3158 4551 instruet,
3196 4495 3251 4540 et
3284 4504 3386 4546 nos
3408 4457 3540 4561 pro-

1951 4554 2116 4618 teget,
2155 4551 2275 4622 ipse
2310 4554 2555 4613 hostium
2586 4569 2861 4621 tumorem
2896 4573 3246 4643 comprimet.
3280 4551 3543 4648 Ipse-Slu-

1878 4659 1923 4714 ο
1950 4639 2031 4694 bit
2058 4642 2438 4718 placabitque,
2480 4666 2546 4708 ac
2597 4653 2817 4713 Domini
2870 4639 3121 4721 furorem
3150 4639 3382 4737 avertet,
3416 4676 3540 4731 inc-

1950 4746 2059 4802 que
2096 4736 2329 4792 calicem
2362 4756 2527 4811 quem
2556 4761 2718 4802 manu
2756 4750 2943 4819 habet,
2982 4765 3039 4810 ct‘
3082 4773 3183 4814 vas
3222 4763 3420 4830 ruina»,
3452 4768 3571 4821 [ιμ’

1947 4825 2207 4895 rorisque
2236 4827 2428 4887 faecem
2464 4849 2495 4889 a
2526 4838 2695 4894 nobis
2731 4842 3040 4915 declinans,
3066 4850 3122 4905 in
3156 4852 3343 4911 hostes
3377 4859 3537 4929 plane

1944 4915 2272 4977 exhauriet:
2308 4937 2373 4979 ac
2406 4926 2852 4991 confractionem
2892 4941 3119 5008 quidem
3162 4959 3451 5005 convertet
3481 4955 3536 5008 in

1943 5021 2137 5064 auram
2178 5012 2316 5085 (38),
2361 5022 2665 5088 procellam
2710 5040 2898 5084 autem
2940 5041 3147 5091 statuet
3176 5038 3232 5093 in
3265 5047 3536 5115 tranquil-

1944 5099 2054 5155 lam
2088 5108 2467 5168 serenitatem.
2515 5115 2624 5172 Sed
2674 5123 2743 5176 ιιι]
2783 5139 3044 5197 magnum
3086 5129 3193 5186 hoc
3223 5099 3532 5206 navigiiim,

1945 5191 2275 5268 Ecelesiam,
2323 5203 2589 5278 inquam;
2653 5216 2706 5267 in
2765 5227 2986 5285 portum
3035 5221 3272 5281 deducet
3332 5229 3532 5287 divina:

1943 5286 2275 5361 voluntatis,
2305 5307 2442 5355 aestu
2475 5307 2625 5360 omni
2656 5316 3097 5384 tempestateque
3130 5317 3446 5387 liberatam,
3478 5334 3531 5380 it

1963 5427 1994 5467 θ’
2021 5420 2139 5481 Jac.
2188 5443 2267 5496 tv,
2303 5433 2355 5486 7.

1591 5549 1986 5616 COMBEFISII
2048 5565 2286 5628 NOT/E.

318 5620 433 5714 (53.)
488 5620 920 5714 Ουιιίνιιςιίοιιδιιι
974 5645 1239 5714 cpnt‘ertet
1291 5638 1603 5714 irt__aurqm.
1639 5646 1822 5714 θραῦ-

238 5710 351 5774 σινι.
398 5694 493 5776 Est
529 5697 720 5783 eadem
753 5716 855 5780 vox
899 5704 1035 5771 psal.
1075 5707 1280 5783 all-'25}
1322 5707 1444 5783 Nisi
1472 5694 1826 5783 Mog-sessu-

239 5764 395 5817 tisse:
431 5764 1046 5848 irtﬁconjrachtione;_etc.
1085 5764 1183 5848 _’Ev
1220 5777 1469 5848 θραύσει.
1498 5764 1662 5840 Velut
1694 5764 1832 5844 tem-

241 5843 475 5914 pestate_
494 5834 700 5892 furoris
735 5834 966 5914 Domini.
1004 5845 1095 5914 qui
1133 5834 1408 5904 videretur
1442 5849 1702 5911 lsraelem
1747 5867 1832 5914 to-

241 5913 361 5957 tum
396 5905 541 5959 velut
575 5905 1034 5980 comminuturus,
1067 5932 1262 5989 nempe
1306 5935 1335 5974 a
1369 5905 1830 5999 vituload—orato;

1933 5676 2045 5751 quo
2078 5665 2297 5751 γὶἁοιιιι·
2320 5670 2568 5751 Andreas
2602 5678 2902 5751 respicere,
2944 5691 3001 5736 ut
3031 5684 3237 5743 indicet
3270 5690 3523 5751 frturum

2699 5731 2712 5747 ι
3032 5731 3237 5743 πων-.
3270 5731 3308 5743 ..
3332 5731 3523 5751 .........

1935 5731 2118 5791 Titum
2141 5740 2427 5831 “alterum
2465 5743 2735 5831 jMoysen-
2777 5748 3363 5831 (_3hris_tia_no_populo
3390 5804 3406 5823 .
3467 5767 3524 5821 in

1935 5818 2098 5873 quem
2141 5809 2214 5864 ita
2263 5809 2409 5867 Deus
2456 5809 2743 5876 desaeviret

1937 5877 2067 5931 olim
2091 5878 2147 5937 in
2191 5878 2435 5939 Judmos.

2789 5822 3059 5884 immissis
3108 5822 3425 5904 Saracenis,
3462 5851 3523 5892 ut
