4012 6490
356 440 492 505 11ἷ3

1652 461 1735 522 ΙΝ
1795 462 1855 522 S.
1893 462 1972 523 GI

2077 463 2325 524 iGlUM.
2930 476 2941 489 '
3490 453 3622 517 117';

350 564 547 639 τέρων,
597 562 735 617 ἀλλὰ
780 563 934 630 θείας
979 566 1201 638 ἀγάπης
1249 569 1593 643 οἰκονομίαν,
1632 576 1731 628 καὶ⁹
1776 574 1972 633 θείων,

2084 585 2300 628 aturam
2355 575 2413 627 in
2473 571 2660 642 seipse
2714 569 2870 624 Patri
2929 587 2949 620 ι
3008 567 3316 624 consedere
3356 564 3564 622 recite.
3601 584 3618 613 ι

353 654 703 724 πραγμάτων
728 656 938 728 ὲναργῆ
984 659 1317 731 οἰκειότητα,
1355 662 1499 717 οῦτω
1528 665 1621 719 τοῦ
1655 682 1942 738 μαρτυρη-

2077 666 2201 722 stud
2255 679 2445 736 porro,
2515 678 2626 718 non
2685 662 3055 716 humanarum
3112 674 3299 716 rerum
3361 655 3627 712 fortuitus

357 743 569 809 θέντος,
633 744 976 817 ὑπερϐάλλον
1019 748 1117 818 τῆς
1173 749 1317 820 ὑπὲρ
1365 750 1459 806 τὸν
1511 755 1945 825 μαρτυρήσαντα

2079 766 2305 822 ventus,
2336 756 2431 811 sed
2482 754 2800 810 dilectionis
2848 753 2942 807 Dei
2976 751 3310 814 meonomia,
3354 764 3418 804 ac
3449 746 3626 801 mani-

358 834 599 906 στοργῆς
629 835 796 889 αὑτοῦ
828 837 1233 904 διαδεικνύντος
1262 842 1396 912 ἡμῖν
1417 858 1430 873 ·
1459 841 1535 907 ὡς
1572 842 1649 916 μὴ
1692 846 1807 908 τοῖς
1838 844 1945 899 πά·

360 928 482 982 θεσι
533 929 695 997 μόνον
737 929 837 1001 τὴν
873 930 1012 1002 πρὸς
1051 933 1216 987 αὑτὸν
1265 934 1571 1006 ἐμφέρειαν
1610 935 1944 1005 ἀποσώζειν,

359 1020 500 1077 ἀλλά
545 1021 654 1092 μὴν
684 1021 781 1075 καὶ
826 1025 892 1094 τῇ
920 1023 1014 1077 τοῦ
1068 1025 1276 1090 πάθους
1322 1026 1524 1098 ἡμέρᾳ.
1566 1027 1802 1099 Ὁμοίως
1837 1030 1949 1101 γάρ

362 1115 460 1168 καὶ
489 1113 600 1167 τῶν
635 1114 728 1167 τοῦ
774 1114 1026 1169 ἐνιαυτοῦ
1060 1117 1420 1189 μαρτυρικῶν
1452 1118 1675 1191 ἐξάρχει
1707 1120 1954 1192 πανηγύ-

366 1223 529 1277 ρεων,
562 1205 697 1276 μόνη
726 1206 863 1275 μετά
893 1207 991 1277 τὴν
1022 1208 1421 1279 ἀναστάσιμον,
1444 1213 1542 1282 τῆς
1565 1212 1788 1283 ἐαρινῆς
1815 1230 1953 1286 προ-

362 1299 653 1371 καθημένη
716 1298 1125 1373 λαμπρότητος.
1202 1304 1357 1358 Ἐπεὶ
1406 1301 1501 1361 οῦν
1547 1307 1691 1361 οὕτω
1743 1308 1955 1375 τερπνὰ

361 1391 469 1462 τῆς
493 1390 798 1462 ἀθλητικῆς
822 1394 1031 1465 ταύτης
1051 1398 1418 1469 πανηγύρεως
1436 1400 1506 1454 τὰ
1530 1400 1778 1472 μεθόρια,
1804 1400 1954 1466 ἀξιον

363 1485 464 1538 καὶ
493 1483 666 1554 αὐτῆς
708 1484 897 1539 λοιπὸν
954 1488 1232 1557 ὑποδεῖξαι
1281 1491 1344 1544 τὸ
1385 1491 1604 1556 κάλλος.
1649 1492 1862 1551 xeno;
1899 1491 1956 1545 δὲ

366 1574 758 1648 πανηγύρεως,
809 1576 842 1648 ἢ
896 1578 1055 1647 λόγος
1093 1582 1387 1653 σωτήριος,
1428 1583 1462 1651 ἦ
1508 1583 1709 1653 πρᾶξις
1752 1581 1953 1647 ἔνθεος.

370 1665 605 1736 Ἕλλησι
640 1667 752 1739 γὰρ
778 1669 872 1722 καὶ
902 1670 1236 1742 Βαρϐάροις,
1271 1674 1367 1727 καὶ
1396 1674 1564 1729 πᾶσιν
1602 1668 1678 1730 ὧν
1711 1676 1744 1745 ἡ
1779 1673 1958 1744 πλάνη

369 1757 484 1810 τῶν
528 1757 766 1813 εἰδώλων
805 1761 1160 1831 κατεκράτει,
1216 1762 1379 1817 τοῦτο
1414 1765 1718 1836 σεμνότης·
1757 1760 1827 1837 ἦν
1864 1766 1960 1820 καὶ

370 1850 519 1923 χαρὰ
575 1851 806 1923 έόρτιος,
842 1853 904 1905 τὸ
954 1853 1042 1908 διὰ
1088 1854 1272 1926 πάσης
1306 1857 1697 1927 ἀσχημοσύνης
1751 1874 1813 1910 τε
1864 1857 1960 1910 καὶ

2048 845 2191 901 festa
2222 844 2538 899 divinorum
2580 857 2810 913 operum
2860 842 3118 908 cognatio
3174 847 3299 894 est:
3357 841 3438 893 sic
3468 836 3630 892 nimi-

2048 953 2172 994 rum
2205 938 2348 1008 ipso,
2384 922 2555 1006 cujus
2583 949 2750 989 causa
2786 934 3111 1005 martyrium
3157 942 3476 1001 susceptum
3508 928 3631 990 fuit,

2051 1045 2328 1086 summum
2381 1042 2570 1091 suum,
2631 1026 2906 1097 prudente
2954 1038 3222 1089 amorem,
3280 1023 3332 1076 in
3379 1035 3504 1076 eum
3541 1020 3635 1089 qui

2053 1123 2187 1178 illud
2221 1122 2508 1191 suscepit:
2562 1118 2725 1189 plane
2783 1126 2842 1171 ut
2897 1116 3127 1178 athleta,
3176 1129 3286 1170 non
3324 1114 3394 1169 iis
3458 1112 3637 1167 solum

2054 1228 2177 1285 quae
2220 1221 2307 1268 est
2339 1225 2566 1281 passus,
2612 1209 2708 1265 sed
2745 1216 2800 1263 et
2853 1207 2972 1278 ipsa
3037 1206 3323 1277 passionis
3366 1205 3477 1265 die,
3519 1202 3640 1272 ejus

2057 1302 2477 1370 similitudinem
2526 1301 2889 1370 exprimeret.
2957 1296 3139 1354 Simili
3221 1297 3424 1368 quippe
3478 1294 3642 1347 modo

2057 1401 2225 1456 etiam
2257 1399 2395 1454 alias
2447 1410 2667 1462 omnes,
2718 1402 2841 1449 toto
2888 1408 3036 1449 anno
3079 1392 3419 1465 martyribus
3448 1402 3643 1444 sacras

2057 1489 2415 1548 celebritates
2466 1488 2584 1543 haec
2638 1484 2919 1541 antecedit
2968 1484 3106 1555 (44);
3158 1498 3282 1553 qum
3339 1482 3456 1536 sola
3523 1487 3647 1549 pest

2058 1583 2270 1640 Christi
2305 1578 2742 1638 resurrectionis
2776 1577 2981 1636 festum
3007 1576 3177 1640 diem,
3210 1588 3383 1628 verno
3408 1571 3645 1641 tempori

2061 1692 2127 1733 ac
2159 1674 2439 1746 splendori
2488 1672 2802 1743 praesideat.
2846 1672 2941 1727 Sic
2993 1671 3163 1742 igitur
3202 1668 3343 1724 laetis
3376 1666 3653 1720 atltleticae

2063 1769 2409 1827 celebritatis
2437 1765 2716 1831 conﬁniis,
2745 1779 2930 1836 operae
2954 1764 3191 1835 pretium
3218 1771 3324 1825 est,
3353 1769 3412 1813 ιιι
3444 1765 3498 1814 et
3533 1757 3653 1828 ejus

2063 1864 2347 1933 deinceps,
2402 1859 2576 1916 decus
2629 1858 2992 1929 explicemus.
3060 1853 3419 1910 Celebritatis
3469 1858 3652 1905 autem

370 1943 649 2013 ἀκρασίας
678 1943 1009 2015 θεραπεύειν
1051 1947 1181 2010 τοὺς
1212 1946 1496 2016 δαίμονας.
1542 1948 1736 2018 Ἡμεῖς
1774 1948 1852 2014 δὲ,
1877 1945 1959 2013 οἷς

2077 1955 2237 2013 decus
2265 1961 2373 2021 est,
2402 1960 2520 2008 tum
2561 1951 2830 2008 salutaris
2861 1948 3068 2014 oratio,
3098 1954 3217 2002 tum
3248 1946 3436 2001 divina
3472 1943 3654 2012 aliqua

368 2035 640 2106 τρόπαιον
672 2036 766 2089 τοῦ
791 2036 1031 2107 σταυροῦ
1067 2038 1211 2092 κατὰ
1239 2039 1334 2094 τοῦ
1373 2039 1610 2095 θανάτου
1636 2040 1962 2113 δεδώρηται,

366 2128 689 2182 τούναντίον
708 2147 722 2162 ·
748 2129 811 2183 τὸ
835 2130 925 2183 διὰ
948 2132 1133 2202 πάσης
1163 2133 1363 2198 αὐτοὺς
1387 2135 1773 2206 καταισχύνειν
1799 2137 1961 2209 ἀθλή-

373 2237 537 2286 σεως.
567 2220 764 2274 Ἔνθεν
792 2221 997 2291 ἡδονῶν
1043 2224 1262 2289 ἔκλυσις
1292 2226 1370 2290 ὠς
1412 2228 1635 2300 αἰσχρὰ,
1675 2230 1913 2302 ἐμισήθη
1939 2248 1954 2262 ·

371 2310 472 2362 καὶ
502 2310 664 2375 πόνος
690 2312 903 2384 ἀρετῶν
940 2315 1034 2366 καὶ
1065 2315 1296 2380 θάνατος
1336 2317 1480 2391 ὑπὲρ
1504 2319 1814 2388 εὐσεϐείας,
1847 2325 1961 2388 τοῖς

376 2406 595 2465 πιστοῖς
639 2402 712 2467 ὡς
759 2404 891 2474 ἡδὺς
938 2406 1263 2480 προεκρίθη.
1300 2410 1496 2465 Ἔνθεν
1542 2414 1576 2484 ή
1624 2412 1802 2487 πλάνη
1854 2415 1966 2470 τῶν

379 2490 620 2546 εἰδώλων
671 2494 949 2566 ἐσϐέσθη,
1000 2498 1096 2552 καὶ
1138 2498 1207 2552 τὰ
1266 2500 1447 2573 πλήθη
1496 2503 1607 2556 τῶν
1666 2505 1969 2578 μαρτύρων

376 2584 718 2656 ἀνέλαμψαν.
757 2587 954 2642 Ἔνθεν
995 2589 1227 2659 οὐρανὸς
1257 2591 1326 2645 τά
1371 2593 1594 2663 ἐπίγεια
1631 2596 1844 2664 γέγονε,
1886 2595 1967 2650 δίο

371 2693 480 2746 κην
508 2677 759 2749 ἀστέρων
788 2683 901 2746 τοῖς
920 2682 1097 2751 ἁγίοις
1128 2687 1630 2756 κατακοσμούμενα
1650 2705 1669 2721 ο
1701 2688 1796 2743 καὶ
1832 2706 1972 2743 παν-

371 2768 608 2839 ημέριος
655 2772 818 2845 ἑορτὴ
874 2777 975 2846 τὴν
1003 2776 1333 2848 οἰκουμένην
1368 2780 1614 2851 κατέχει,
1654 2781 1723 2835 τὰ
1762 2780 1969 2843 τούτων

372 2860 641 2931 τρόπαια,
693 2864 791 2918 καὶ
836 2866 907 2919 τὰ
956 2867 1165 2922 τούτων
1216 2868 1445 2940 λείψανα
1501 2871 1784 2941 τιμῶσανο
1842 2875 1971 2940 τοὺς

373 2950 590 3006 τούτων
619 2954 842 3022 ἀγῶνας
872 2958 1359 3030 πανηγυρίζουσι-αν
1379 2976 1394 2993 ο
1438 2960 1661 3030 ἀγῶνας
1704 2963 1763 3016 δὲ
1792 2964 1966 3033 λέγωο

376 3041 476 3107 οὒς
504 3046 532 3098 ὁ
568 3046 667 3117 μὲν
728 3051 907 3115 κοινὸς
962 3052 1156 3122 ἐχθρὸς
1212 3052 1545 3127 κακούργως
1605 3057 1969 3129 ὲνεστήσατο·

377 3138 482 3209 τὴν
514 3140 894 3212 προσκύνησιν
945 3146 1040 3198 καὶ
1084 3144 1147 3198 τὺ
1197 3146 1567 3217 ἀκοινώνητον
1616 3149 1788 3221 ὄνομα
1820 3152 1972 3220 φιλο-

378 3228 580 3283 νεικῶν
613 3229 700 3283 διὰ
726 3231 895 3300 μέσου
922 3232 1035 3286 τῶν
1059 3232 1298 3289 εἰδώλων
1327 3235 1492 3299 αὐτὸς
1521 3236 1934 3307 ἀπενέγκασθαι
1953 3256 1967 3270 ο

381 3318 412 3370 ὁ
434 3317 493 3371 δὲ
520 3319 743 3375 πάντων
768 3320 926 3389 Θεὸς,
968 3325 1168 3397 Σωτήρ
1193 3342 1250 3379 τε
1273 3325 1368 3379 καὶ
1400 3301 1758 3399 σταδιάρχηνς,
1790 3328 1975 3398 φιλαν·
2004 3301 2045 3358 C'

385 3406 624 3479 θρώπως
658 3411 1036 3486 συνεχώρησε,
1072 3417 1197 3470 κατ’
1225 3416 1393 3471 αὑτοῦ
1418 3419 1647 3491 νικητὴν
1671 3420 1733 3473 τὸ
1763 3419 1979 3493 ἀνθρώ-

381 3517 541 3555 πινον
585 3502 866 3570 ἀναδεῖξαι
919 3506 1283 3578 βουλόμενοςο
1337 3512 1425 3567 ἵνα
1460 3513 1554 3583 ὑφ’
1603 3507 1680 3569 ὧν
1727 3515 1804 3580 ώς
1845 3516 1981 3582 Θεὸς

382 3593 571 3666 ἐζήτει
619 3600 1074 3668 προσκυνεῖσθαι,
1113 3604 1220 3660 ὑπὸ
1271 3606 1481 3661 τούτων
1519 3607 1595 3673 ὡς
1639 3609 1835 3682 νεκρὸς
1879 3626 1979 3680 γε-

382 3687 551 3741 λᾶται
599 3690 966 3761 πατούμενος.
1026 3695 1185 3752 Ἐπεὶ
1213 3694 1309 3752 οὖν
1356 3700 1460 3770 τῆς
1510 3700 1904 3773 εἰδωλομανίας
1953 3706 1982 3760 ὁ

385 3779 576 3849 ζόφος,
606 3783 864 3854 τηνικάδε
896 3786 1042 3841 κατά
1063 3787 1248 3858 πάσης
1282 3788 1463 3861 χεθεὶς
1492 3792 1592 3864 τῆς
1621 3794 1979 3866 οἰκουμένης,

390 3871 594 3943 μικροῦ
633 3875 729 3928 καὶ
756 3874 857 3947 τὴν
898 3877 1160 3949 ἀοίκητον
1204 3879 1436 3952 ἔπλησε,
1484 3883 1673 3954 σχεδδν
1721 3886 1982 3941 ἁπάντων

384 3965 534 4037 πρὸς
596 3967 697 4038 τὴν
764 3970 1025 4025 ἀσέϐειαν
1083 3974 1569 4044 αὐτομολούντωνο
1625 3978 1720 4032 καὶ
1777 3979 1984 4044 πάντες

381 4055 626 4125 ἀφεγγεῖ
655 4057 795 4131 λήθῃ
820 4060 913 4114 τοῦ
949 4061 1119 4127 ὅντως
1150 4063 1288 4118 Θεοῦ
1315 4065 1717 4137 παραδοθέντες
1744 4067 1983 4139 δέσμιοι,

387 4149 625 4214 σκότους
659 4151 756 4206 καὶ
791 4156 1015 4226 μακρᾶς
1048 4157 1245 4221 νυκτὸς
1277 4157 1507 4228 πεδῆται
1538 4159 1981 4231 ἀποδειχθέντες,

390 4242 527 4316 περὶ
556 4244 755 4300 πολλοῦ
789 4248 851 4300 τὸ
876 4248 1058 4303 σέϐειν
1090 4250 1376 4304 ἐποιοῦντο
1408 4254 1535 4316 τοὺς
1563 4253 1829 4324 δαίμονας
1850 4269 1864 4285 °
1889 4257 1983 4309 καὶ

388 4337 679 4407 φάσμασιν
728 4339 806 4403 ὡς
859 4338 1133 4410 θαύμασιν
1172 4342 1686 4415 ἑκδειματούμενοι,
1719 4346 1983 4401 δεισιδαι-

386 4428 712 4502 μονέστεροι
758 4432 884 4486 καθ’
935 4434 1175 4505 ἑκάστην
1237 4436 1587 4491 ἐδείκνυντο·
1651 4437 1708 4491 οῖ
1758 4455 1821 4491 τε
1882 4438 1981 4509 τῆς

381 4523 651 4588 ἀσεϐείας
679 4526 914 4597 ἀρχηγοὶ
941 4527 1040 4580 καὶ¹
1065 4528 1422 4593 σπουδασται,
1457 4530 1847 4602 Διοκλητιανὸς
1887 4533 1983 4585 καὶ

2070 2046 2236 2103 actio.
2291 2044 2499 2101 Grteeis
2544 2038 2771 2114 quidem
2817 2049 2874 2097 et
2929 2038 3219 2100 Barbaris,
3286 2035 3657 2102 omnibusque

2071 2140 2219 2207 aliis,
2278 2138 2487 2209 quibus
2540 2135 2822 2191 idolorum
2867 2146 3029 2187 error
3077 2127 3497 2193 dominabatur,
3546 2124 3655 2180 diei

2071 2230 2198 2288 festi
2232 2232 2494 2286 lienestas
2531 2236 2586 2283 et
2614 2225 2949 2297 iucunditas
2976 2238 3042 2279 ea
3070 2230 3212 2285 erat,
3249 2227 3308 2273 ut
3341 2218 3493 2274 omni
3537 2225 3658 2270 tur-

2071 2322 2326 2395 pitudine
2395 2328 2452 2378 et
2524 2316 2980 2388 intemperantia,
3045 2314 3327 2368 daemones
3385 2312 3656 2365 colerent.

2070 2415 2242 2471 Nobis
2271 2428 2429 2480 vero,
2461 2412 2671 2483 quibus
2723 2409 2914 2465 crucis
2983 2418 3253 2477 tropaeum
3283 2411 3479 2460 contra
3512 2415 3661 2455 mor-

2073 2516 2182 2564 tem
2232 2506 2500 2562 donatum
2551 2505 2646 2571 sit,
2689 2517 2855 2559 secus
2906 2500 3137 2557 omnino
3179 2516 3193 2553 :
3251 2505 3313 2552 ut
3370 2495 3657 2557 nimirum,

2072 2601 2223 2657 onmi
2249 2599 2475 2656 eosdem
2511 2595 2841 2661 certamine,
2880 2592 3090 2664 probro
3135 2589 3440 2646 alIiciamus
3467 2602 3531 2641 ac
3564 2601 3665 2640 ex-

2076 2709 2409 2766 pugnemus.
2442 2690 2818 2759 Quamobrem
2859 2687 3210 2758 voluptatum
3255 2680 3572 2745 dissolutio,
3606 2685 3667 2733 ut

2073 2788 2208 2856 quid
2265 2797 2428 2857 turpe
2494 2785 2672 2839 invisa
2725 2789 2853 2837 est:
2906 2779 3065 2834 labor
3128 2786 3313 2832 autem
3372 2775 3664 2836 virtutum,

2076 2894 2342 2949 morsque
2363 2893 2467 2949 pro
2500 2876 2711 2948 pietate
2766 2878 3053 2942 suscepta,
3086 2878 3148 2924 ut
3185 2867 3370 2924 dulcis
3394 2872 3668 2935 prmopta-

2079 2981 2190 3030 tur.
2232 2971 2375 3026 Hine
2430 2969 2642 3024 factum
2690 2973 2778 3023 est
2837 2973 2901 3022 ut
2946 2964 3225 3019 idolorum
3272 2974 3432 3015 error
3458 2956 3669 3012 exstin-

2077 3073 2202 3119 ctus
2229 3062 2305 3118 sit
2327 3059 2827 3133 splenduerintque
2848 3063 3156 3126 martyrum
3190 3050 3379 3123 populi
3404 3066 3417 3102 :
3447 3056 3506 3104 ut
3537 3049 3665 3102 item

2079 3164 2329 3218 terrena,
2379 3152 2515 3208 viris
2548 3152 2763 3207 sanctis
2809 3164 2913 3205 ceu
2966 3146 3147 3205 stellis
3194 3141 3666 3219 perornata,cmlj

2082 3251 2259 3306 instar
2300 3245 2625 3304 evaserint:
2676 3253 2865 3312 atque,
2920 3247 2980 3295 ut
3035 3240 3227 3294 orbem
3258 3245 3445 3298 terra),
3480 3233 3667 3305 quoti-

2080 3341 2249 3398 diana
2327 3338 2578 3410 qnaedam
2647 3336 2915 3407 jugisque
2968 3331 3291 3396 celebritas,
3363 3337 3666 3398 martyrum

2081 3441 2286 3501 tropica
2303 3445 2367 3487 ac
2384 3444 2579 3485 eorum
2605 3426 2867 3499 reliquias
2894 3425 3287 3485 honorantem,
3317 3419 3671 3490 publicisque

2081 3523 2450 3580 conventibus
2479 3535 2672 3576 eorum
2703 3517 3010 3574 certamina
3038 3513 3433 3575 celebrantem,
3465 3521 3699 3563 nomen-

2083 3632 2190 3687 que
2227 3615 2366 3670 illud
2399 3608 2927 3668 incommunicabile
2953 3646 2970 3672 ,
3025 3604 3189 3660 idolis
3241 3601 3439 3657 mediis
3491 3596 3671 3652 vindi~

2083 3724 2212 3765 care
2241 3725 2256 3762 :
2283 3707 2678 3762 universorum
2721 3712 2908 3757 autem
2960 3697 3095 3764 D'eo,
3143 3696 3432 3752 Salvatore
3478 3692 3576 3747 illo
3607 3705 3673 3753 ac

2085 3801 2247 3858 smdii
2283 3798 2542 3872 prmside,
2598 3812 2698 3868 pro
2726 3811 2830 3852 suo
2875 3794 2930 3849 in
2974 3793 3282 3847 humanum
3324 3802 3501 3858 genus
3545 3799 3672 3855 pro-

2083 3894 2330 3968 pensiori
2371 3892 2572 3949 affectu
2604 3888 2984 3961 permittente,
3032 3897 3144 3953 quo
3172 3881 3474 3934 humanam
3508 3887 3671 3931 natu-

2086 3967 2203 4044 ram
2222 3986 2514 4044 victricem
2539 3982 2810 4037 adversus
2840 3978 2994 4033 illum
3015 3972 3374 4036 ostenderet;
3405 3977 3465 4024 ut
3494 3983 3524 4022 a
3547 3967 3674 4037 qni-

2086 4080 2188 4133 luts
2215 4074 2492 4137 studebat,
2556 4079 2820 4141 tanquam
2881 4066 3027 4121 Deus
3075 4060 3323 4126 adorari,
3357 4058 3555 4113 iisdem
3588 4057 3673 4109 in-

2085 4184 2201 4227 Star
2230 4166 2539 4240 proculcati
2573 4161 2887 4224 cadaveris,
2927 4156 3171 4214 ludibrio
3196 4160 3368 4210 esset.
3398 4148 3673 4218 Quoniam

2088 4263 2256 4331 igitur
2302 4258 2484 4313 insani
2535 4254 2811 4310 idolorum
2868 4249 3053 4304 cultus
3102 4246 3285 4316 caligo
3325 4257 3391 4298 eo
3427 4252 3675 4310 tempore

2087 4369 2182 4424 per
2217 4364 2441 4407 omnem
2466 4354 2744 4403 terrarum
2777 4341 2968 4398 orbem
3019 4338 3097 4394 θη·
3099 4353 3218 4401 usa,
3240 4336 3325 4390 vel
3354 4348 3451 4389 cas
3478 4345 3676 4402 prope-

2084 4446 2310 4503 modum
2372 4450 2558 4515 partes
2612 4456 2735 4511 qua:
2792 4452 2903 4492 non
2983 4434 3357 4498 habitantur,
3417 4426 3675 4484 omnibus

2088 4539 2203 4595 fere
2240 4537 2305 4591 ad
2336 4536 2676 4605 impietatem
2719 4529 3134 4590 deﬁcientibus,
3172 4525 3521 4596 repleverat:
3551 4534 3677 4573 orn-

380 4617 759 4685 Μαγνέντιος,
792 4618 890 4672 καὶ
918 4620 969 4673 οἱ
1001 4620 1147 4674 κατὰ
1177 4621 1335 4675 πόλιν
1366 4622 1576 4678 τούτων
1608 4625 1972 4689 ὑπασπισταὶ,

2088 4642 2297 4698 nesque
2357 4638 2517 4680 crees:
2563 4623 2710 4692 ejus,
2770 4621 2863 4691 qui
2904 4620 3049 4674 Deus
3104 4632 3294 4671 revera
3329 4621 3504 4675 esset,
3538 4612 3676 4665 ubli-

384 4706 540 4762 συῶν
590 4711 875 4781 ὁρμήματι
920 4715 991 4785 τῇ
1045 4714 1273 4784 ἀσεϐείᾳ
1308 4718 1808 4789 προχωρήσαντες,
1860 4722 1979 4772 επι-

387 4799 578 4871 μελῶς
640 4803 734 4856 ἐπὶ
782 4803 850 4856 τὰ
884 4805 1101 4877 πονηρὰ
1151 4808 1538 4877 κατεγίνοντο¹
1587 4828 1606 4860 ι
1645 4812 1756 4864 Καὶ
1787 4811 1888 4864 οὐκ
1914 4809 1982 4883 ἦν

382 4892 685 4956 ἁνάνευσις
720 4894 779 4947 ὲν
808 4893 889 4965 τῷ
922 4895 1141 4962 θανάτῳ
1171 4899 1350 4952 αὐτῶν
1370 4916 1382 4929 ·
1419 4919 1438 4951 ι
1474 4901 1839 4970 πορευόμενοι
1873 4902 1982 4974 γὰρ

383 4985 721 5056 ἐπορεύοντο
778 4987 856 5059 τῷ
886 4989 1030 5059 φωτὶ
1060 4990 1155 5044 τοῦ
1187 4993 1362 5064 πυρὸς
1393 4994 1579 5047 αὐτῶν
1599 5011 1613 5024 ο
1653 5014 1671 5046 ι
1698 4992 1838 5050 Ούτε
1876 4996 1984 5069 μὴν

386 5079 691 5150 στερέωμα
724 5083 783 5134 ὲν
813 5083 881 5153 τῇ
920 5082 1149 5152 μάστιγι
1182 5085 1386 5151 αὐτῶν,
1421 5104 1439 5137 ι
1478 5087 1574 5140 τοῦ
1604 5086 1741 5141 Θεοῦ
1775 5106 1984 5160 μακρο-

384 5166 586 5239 Ούμως
623 5171 977 5243 ἀνεχομένου,
1010 5175 1158 5238 ὅπως
1192 5175 1243 5228 oi
1280 5175 1480 5231 δίκαιοι
1505 5178 1739 5247 φανῶσι,
1769 5179 1862 5233 καὶ
1900 5180 1974 5251 μὴ

468 5326 712 5400 eEphes.
754 5346 814 5396 ιι,
855 5330 909 5391 6.

2084 4720 2258 4783 νίοιιὶ,
2319 4717 2492 4771 vincti
2552 4714 2746 4768 traditi
2806 4713 2944 4783 (43),
2999 4718 3165 4779 atque
3219 4707 3572 4762 tenebrarum
3622 4713 3675 4753 ιιι

2086 4812 2266 4881 longm
2299 4808 2484 4864 noctis
2530 4803 2896 4876 compedibus
2944 4802 3172 4863 irretiti,
3223 4800 3432 4855 cultum
3465 4796 3673 4851 ἀτειηο-

2086 4918 2218 4959 num
2252 4900 2470 4972 plurimi
2501 4897 2781 4953 faciebant
2806 4913 2822 4960 ;
2851 4912 2916 4951 ac
2940 4896 3095 4950 vanis
3120 4892 3382 4964 Spectris,
3410 4899 3672 4959 tanquam

2088 4993 2377 5050 miraculis
2426 4989 2835 5062 perterrefacti,
2895 4989 2951 5042 in
3000 4987 3120 5042 dies
3172 4982 3551 5040 eﬂiciebantur
3581 4996 3676 5035 sus

2088 5086 2527 5158 perstitiosiores
2557 5101 2572 5137 :
2606 5091 2722 5137 tum
2753 5079 3039 5145 nimirum,
3079 5075 3385 5147 impietatis
3420 5075 3590 5128 duces
3619 5083 3674 5125 et

2089 5188 2369 5234 amatores
2441 5173 2865 5239 studiosissimi,
2940 5170 3342 5235 Diocletianus,
3420 5167 3671 5236 inquam,

1732 5424 2119 5481 COMBEFISII
2152 5422 2385 5481 NOTAE.

468 5517 581 5589 (M)
625 5518 1084 5595 llqjeanlecedit.
1124 5522 1501 5595 Μαρτυρικῶν
1546 5521 1770 5595 ἐξάρχει
1815 5541 1993 5595 πανη-

383 5590 633 5671 γύρεων.
682 5590 1051 5671 Velnt__m_tnus
1077 5590 1495 5671 ecclesia§ticns
1523 5604 1577 5647 et
1607 5590 1987 5671 cel'ebritatur'n

389 5662 596 5741 series,
635 5675 813 5741 ἐποιο-
832 5662 1186 5741 Hebraeorum
1220 5680 1270 5741 a_
1299 5663 1589 5741 Dascbate,
1627 5673 1682 5719 et
1722 5663 1991 5721 Resurre-

391 5730 604 5785 dionis
633 5730 997 5805 festivissime
1018 5733 1130 5797 die,
1162 5735 1439 5805 incipiat;
1464 5750 1784 5805 quanquam
1813 5736 1986 5792 Graeci

391 5816 604 5855 annum
635 5817 663 5854 a
710 5802 1017 5870 Septembri
1056 5802 1355 5871 inclinant,
1397 5802 1585 5859 Laiini
1627 5802 1654 5857 τι
1706 5806 1984 5862 Decembri

388 5884 445 5926 ei
506 5873 729 5955 praeviis
770 5872 991 5955 Fatalis
1031 5875 1249 5955 Domini
1285 5875 1457 5931 feriis.
1495 5877 1571 5930 lla
1630 5875 1829 5945 Grtcci,
1875 5879 1976 5931 im-

393 5945 669 6013 peratoris
695 5945 1021 5999 indicliuncs
1056 5947 1254 6001 secuti.

2164 5521 2273 5590 (45)
2321 5520 2488 5574 (Iwa
2532 5519 2673 5591 ejus,
2703 5518 2795 5591 qui
2833 5515 2981 5591 Deus
3035 5531 3213 5591 revera
3249 5510 3673 5591 esset_obliuioni

2090 5583 2266 5648 vincti
2297 5591 2507 5645 traditi.
2555 5583 2670 5645 Deo
2713 5583 2976 5642 nimirum
3032 5590 3284 5641 tradente
3320 5583 3672 5654 exigentibus

2092 5663 2336 5734 peccatis
2362 5680 2374 5715 :
2399 5659 2953 5734 quomodovidenins
2981 5657 3036 5711 in
3070 5657 3208 5734 ipsis
3231 5654 3326 5734 qui
3368 5653 3669 5734 pliristiani

2089 5725 2297 5799 essent,
2329 5725 2627 5789 accensum
2682 5730 2810 5800 jam
2842 5727 3043 5782 divinae
3083 5725 3329 5800 scicntizu
3367 5725 3551 5800 lumen
3583 5740 3672 5800 ei.

2090 5794 2319 5871 stingui.
2374 5802 2559 5872 Longe
2594 5794 2754 5857 aliter
2799 5794 3388 5872 interpresLipomani
3441 5794 3523 5849 vel
3563 5794 3670 5849 aiio

2087 5866 2415 5999 exiemplari,
2472 5866 2558 5928 vel
2621 5874 2737 5943 ipse
2786 5866 2855 5923 a‘
2883 5866 2962 5933 se,
3024 5866 3207 5923 minus
3267 5879 3552 5938 congrue,
3612 5876 3668 5920 ιιι

2087 5955 2244 5999 seet.

2083 5955 2244 6001 solet.
