4012 6496
375 462 513 534 ῙΙῚἹ

1694 483 1779 545 IN
1822 485 1885 546 S.
1918 485 2354 551 GEORGIUM.

3526 481 3664 548 1178

366 578 653 636 εἰδωλικοῢ
701 574 968 657 βορϐόρου
1022 584 1306 642 ἀνέοαλεν.
1359 588 1447 655 Ὠς
1502 593 1848 665 κυπάρισσος
1899 597 1922 649 ὲ

2064 617 2229 656 usum
2285 599 2583 656 excolitur.
2618 596 2772 654 Solet
2809 596 2958 653 enim
3009 595 3173 663 solet,
3211 593 3379 651 e'.iam
3417 593 3660 648 nominis

362 671 513 743 χορῷ
551 670 733 741 βάτων
756 691 769 704 ·
801 674 877 738 ὡς
907 675 1066 730 ἐλαία
1110 678 1473 752 κατάκαρπος
1509 686 1568 737 ὲν
1602 685 1826 757 ἐρήμῳ·
1870 688 1964 741 καὶ

356 766 438 829 ὡς
475 765 654 836 φοίνιξ
700 767 1011 835 γλυκαίνων
1063 771 1193 836 τοὺς
1245 774 1306 827 ὲν
1357 776 1589 848 πικρία·
1630 777 1707 842 ὡς
1760 779 1962 851 σελήνη

361 858 690 929 πλησιφαὴς
719 860 778 912 ὲν
810 863 1149 935 στυγνοτάτῃ
1180 866 1339 920 νυκτί
1363 883 1378 899 ·
1407 867 1483 931 ὡς
1515 870 1723 940 πυρσὸς
1746 871 1805 923 ὲν
1832 887 1960 925 σκο-

354 954 600 1024 τομήνῃ,
639 954 753 1016 τοῖς
783 953 924 1006 κατὰ
956 954 1016 1008 τὸ
1046 956 1285 1026 πέλαγος
1312 958 1414 1030 τῆς
1448 961 1704 1028 ἀσεϐείας
1739 964 1960 1019 πλανω-

356 1043 584 1135 μένοις·
646 1044 722 1107 ὡς
789 1046 1020 1118 φωστὴρ
1078 1048 1338 1118 ἑωθινὸς,
1387 1053 1450 1107 ὲν
1508 1054 1660 1126 μέσῳ
1708 1055 1959 1128 ζοφερῶν

349 1136 605 1205 νεφελῶν
623 1151 636 1165 ·
666 1137 742 1200 ὡς
766 1136 922 1208 ἥλιος
946 1141 1005 1191 ὲν
1034 1141 1222 1210 γνόφῳ
1249 1146 1472 1215 συνεχεῖ
1498 1147 1722 1219 φαιδρὸν
1754 1149 1962 1222 ἐκλάμ-

349 1244 476 1280 πων
510 1228 693 1292 σέλας.
728 1228 791 1282 Εί
826 1229 883 1282 δὲ
923 1231 1022 1285 καὶ
1055 1231 1179 1286 ὅθεν
1205 1232 1330 1305 ἔφυ,
1362 1237 1457 1290 καὶ
1486 1237 1589 1310 τὴν
1628 1240 1737 1293 ἀπὸ
1767 1240 1960 1310 γένους

347 1319 541 1389 ζητεῖς
566 1320 907 1393 εύκληρίαν·
938 1323 1010 1377 τὰ
1050 1325 1357 1398 πράγματα
1389 1327 1580 1400 βοῶσι,
1603 1333 1812 1399 Τέκνον
1853 1336 1956 1388 αὐ-

312 1411 444 1465 ’τὸν
473 1407 616 1467 εἶναι
648 1412 809 1481 Θεοῦ,
838 1416 934 1469 καὶ
964 1417 1066 1487 τῆς
1113 1418 1227 1472 ἄνω
1271 1420 1639 1494 Ἰερουσαλὴμ
1670 1427 1769 1497 τῆς
1796 1427 1949 1481 ἐλευ-

341 1504 555 1577 θέρας·
599 1526 617 1559 ι
649 1508 808 1562 Ὅσοι
841 1508 952 1581 γὰρ
985 1509 1180 1566 ἔλαϐον
1206 1514 1390 1579 αὑτὸν,
1425 1517 1592 1588 φησὶν
1626 1520 1654 1572 6
1694 1520 1951 1591 μαθητὴς

341 1599 449 1651 καὶ
482 1599 776 1670 παρθένος,
812 1601 1015 1657 ἔδωκεν
1054 1602 1245 1669 αὐτοῖς
1297 1605 1549 1671 ἐξουσίαν
1593 1609 1761 1664 τέκνα
1806 1610 1944 1664 Θεοῦ

337 1691 623 1758 γενέσθαι,
672 1695 781 1758 τοῖς
831 1694 1187 1749 πιστεύουσιν
1235 1696 1319 1761 είς
1363 1698 1426 1752 τὸ
1460 1698 1635 1770 ὄνομα
1675 1702 1842 1756 αὐτοῦ
1866 1721 1879 1734 ·
1916 1724 1935 1757 ι

335 1784 530 1847 ὁποῖος
558 1779 627 1855 ἦν
661 1783 963 1857 Γεώργιος,
997 1785 1148 1860 ἔργῳ
1178 1788 1241 1843 τδ
1281 1790 1440 1859 γένος
1475 1792 1862 1866 πιστούμενος.

2070 692 2191 760 ipsa
2222 691 2539 761 appellatio,
2574 688 2673 745 Dei
2701 689 2961 761 gratiam,
2999 695 3057 742 et
3083 686 3373 741 hominum
3397 685 3658 739 virtutem

2070 783 2252 853 palam
2283 782 2569 837 declarare
2603 800 2618 837 :
2657 781 2805 851 quod
2832 781 2889 835 in
2913 778 3193 834 Abraham
3221 785 3275 832 et
3304 774 3466 841 Sara,
3503 774 3656 828 Isaac

2067 860 2290 946 quoque
2334 883 2388 929 et
2437 872 2633 941 Jacob,
2683 889 2748 929 ac
2780 872 2953 939 Mose,
2996 870 3232 938 aliisque
3257 867 3535 938 pluribus.
3568 863 3654 919 fa-

2067 981 2218 1022 etum
2270 966 2590 1021 didicimus.
2630 964 2759 1020 Fuit
2810 964 2905 1019 hic
2950 973 3004 1020 et
3046 961 3272 1017 nomine
3302 968 3358 1016 et
3384 976 3446 1015 re
3474 958 3654 1015 Geor-

2064 1061 2209 1132 gius.
2244 1057 2369 1124 Hic,
2403 1068 2673 1126 tanquam
2720 1071 2848 1112 rosa
2891 1054 2947 1110 in
2980 1053 3179 1109 mediis
3210 1051 3392 1121 spinis
3427 1051 3482 1104 id
3512 1059 3654 1103 tem-

2056 1152 2213 1223 poris
2263 1160 2490 1210 exortus
2541 1156 2653 1211 est,
2706 1154 2761 1203 et
2799 1155 3062 1217 tanquam
3108 1145 3285 1200 lilium
3318 1150 3370 1207 ιι,
3418 1155 3647 1199 suavem

2053 1245 2278 1314 pietatis
2313 1243 2541 1299 odorem
2571 1239 2787 1307 eﬁlans,
2816 1240 2872 1293 in
2902 1237 3084 1293 medio
3123 1234 3455 1291 idololatriaz
3484 1248 3649 1288 (ξαςηο

2053 1336 2314 1392 efﬂoruit.
2357 1332 2524 1389 Velut
2551 1344 2880 1402 cupressus,
2911 1329 2968 1384 in
2999 1343 3197 1398 campo
3226 1326 3385 1382 rubis
3416 1342 3482 1380 ac
3516 1340 3648 1381 sen-

2053 1428 2201 1483 tibus
2234 1425 2483 1491 horrido,
2516 1432 2576 1478 ut
2607 1423 2752 1478 oliva
2787 1419 3078 1476 fructifera
3109 1420 3163 1474 in
3192 1418 3438 1480 deserto,
3474 1427 3648 1485 utque

2051 1520 2236 1589 palma
2287 1517 2478 1573 dulces
2533 1516 2771 1571 reddens
2831 1513 3049 1568 fructus
3076 1511 3210 1567 olim
3258 1524 3522 1575 amaros;
3582 1514 3644 1561 ut

2048 1612 2180 1666 luna
2213 1611 2396 1683 plena,
2449 1609 2774 1666 tristissima
2816 1616 3020 1674 nocte;
3057 1614 3119 1659 ut
3168 1603 3373 1669 facula,
3401 1602 3639 1656 obscura

2047 1703 2311 1774 caligine,
2370 1702 2441 1759 iis
2489 1700 2797 1773 praeferens
2845 1701 3029 1754 lucem
3069 1697 3164 1767 qui
3221 1698 3275 1751 in
3330 1693 3641 1764 impietatis

2044 1797 2242 1869 pelago
2265 1806 2541 1864 errarent;
2574 1804 2636 1850 ut
2663 1794 2826 1850 stella
2860 1791 3157 1857 matutina,
3189 1790 3246 1844 in
3282 1787 3465 1842 medio
3488 1794 3640 1838 atra-

337 1890 467 1977 τξξω
505 1875 773 1945 nubium;
819 1887 877 1933 ιιι
909 1878 996 1977 θυι
1037 1880 1301 1977 denique,
1343 1884 1554 1951 laetum,
1606 1888 1782 1944 densa
1818 1889 2079 1962 caligine,
2140 1889 2497 1961 splendorem
2555 1889 2844 1945 emittens.
2902 1885 3062 1953 Quod
3128 1884 3176 1940 si
3252 1882 3413 1936 etiam
3488 1877 3637 1933 unde

335 1970 418 2021 sit
442 1976 627 2035 ortus,
679 1982 748 2022 ac
779 1970 1001 2039 generis
1027 1971 1380 2031 nobilitatem
1420 1977 1660 2046 quaeris;
1691 1993 1782 2035 res
1806 1979 1922 2050 ipsa

2031 1981 2169 2036 velut
2234 1981 2406 2038 missa
2437 1994 2575 2035 voce
2615 1979 2882 2043 clamant,
2942 1975 3038 2030 Dei
3076 1973 3280 2028 Filium
3326 1972 3474 2026 hunc
3510 1985 3636 2025 esse

334 2073 408 2162 ac
436 2074 690 2162 supernae
745 2060 1312 2162 illius__Jerusalem,
1363 2082 1487 2137 qua:
1536 2069 1712 2124 libera
1759 2077 1890 2125 est:
1936 2088 1954 2122 ι
1995 2071 2284 2141 Quotquot
2334 2072 2482 2126 enim
2520 2074 2856 2141 receperunt
2897 2082 3063 2130 eum,
3134 2064 3319 2133 inquit
3381 2062 3634 2131 discipu-

333 2151 426 2206 l‘us
454 2150 550 2206 ille
581 2152 772 2223 virgo,
813 2151 964 2210 dedit
992 2154 1075 2211 eis
1121 2164 1449 2226 potestatem
1475 2159 1620 2216 ﬁlios
1650 2160 1743 2217 Dei
1778 2162 1918 2227 ﬁeri,
1962 2162 2073 2230 his,
2114 2164 2211 2234 qui
2275 2166 2514 2219 credunt
2571 2164 2629 2218 in
2685 2159 2918 2216 nomine
2970 2157 3094 2227 ejus
3128 2163 3176 2222 °,
3226 2174 3245 2207 ι
3306 2151 3626 2224 cujusmodi

335 2243 447 2300 fuit
477 2242 746 2318 Georgius
770 2285 786 2310 ,
843 2248 938 2319 qui
999 2251 1219 2322 generis
1251 2252 1340 2308 sui
1386 2253 1737 2312 nobilitatem
1766 2255 1930 2314 factis
1967 2258 2376 2328 comprobavit.

422 2340 577 2396 Ἐπεὶ
615 2342 672 2396 δὲ
719 2342 906 2409 ποθεῖς
937 2347 1032 2402 καὶ
1081 2347 1183 2421 τὴν
1217 2349 1474 2419 ἐπίγειον
1523 2352 1690 2406 αὑτοῦ
1742 2353 1922 2424 μαθείι

2111 2353 2383 2422 Quoniam
2443 2368 2579 2410 vero
2637 2359 2694 2407 et
2752 2360 3030 2406 terrenam
3095 2347 3216 2417 ejus
3273 2343 3625 2399 nobilitatem

340 2434 661 2504 εὐγένειαν·
708 2438 912 2508 πατρὶς
976 2441 1155 2513 αὐτῷ,
1209 2445 1243 2513 ή
1314 2444 1704 2502 Καππαδοκῶν
1749 2447 1934 2521 χώρα·

340 2529 562 2599 τροφὸς,
594 2531 625 2602 ή
659 2531 1060 2606 Παλαιστηνῶν
1080 2551 1095 2567 ·
1138 2536 1470 2608 Χριστιανὸς
1513 2539 1579 2593 ἐκ
1609 2540 1894 2609 προγόνων
1918 2554 1934 2571 ⁸

335 2619 548 2686 νεάζων
577 2625 643 2696 τῇ
692 2623 917 2697 ήλικίᾳ·
975 2627 1169 2692 πολιὸς
1213 2627 1316 2701 τὴν
1356 2630 1589 2701 σοφίαν·
1626 2634 1791 2698 εὐθὺς
1835 2634 1936 2707 τήν

336 2711 572 2782 καρδίαν
591 2730 603 2743 ·
625 2714 749 2767 κατ’
770 2715 1065 2787 ἀμφότερα
1087 2719 1337 2791 σφριγῶν
1355 2721 1499 2774 κατὰ
1524 2723 1624 2793 τῆς
1649 2724 1929 2793 ἀσεϐείας,

330 2802 365 2855 6
428 2801 642 2873 μάρτυς
697 2804 798 2875 τῆς
857 2806 1178 2872 εὐσεϐείας·
1229 2809 1412 2874 καλῶς
1468 2814 1583 2876 τοῖς
1632 2814 1934 2877 όπλιτικοῖς

332 2893 513 2961 ἀγῶσι
544 2896 610 2947 ὲκ
642 2895 836 2960 παιδὸς
879 2897 1274 2969 ὲνδιαπρέψας,
1311 2902 1407 2955 καὶ
1441 2901 1691 2973 ἀκριϐῶς
1719 2905 1820 2975 τήν
1866 2906 1925 2960 ὲν

330 2985 604 3058 πολέμοις
629 2988 1010 3061 ἐξησκημένος
1038 2991 1319 3064 ἀνδρείαν,
1347 2992 1425 3058 ὡς
1453 2996 1548 3048 καὶ
1575 2995 1930 3065 τριϐουνάτον

328 3079 773 3152 ἐμπιστευθῆναι
803 3084 1201 3155 στρατιωτικοῦ
1230 3085 1542 3156 καταλόγου
1562 3127 1576 3151 ,
1609 3087 1840 3154 δεόντως
1866 3108 1927 3144 τε

326 3171 496 3225 τοῦτο
539 3173 838 3244 διοικῆσαι,
869 3176 965 3229 καὶ
993 3178 1053 3230 ἐν
1088 3176 1308 3242 πολλοῖς
1351 3178 1619 3243 πολλάκις
1655 3180 1927 3252 ἀνδραγα-

326 3265 520 3335 θήσαι,
552 3265 746 3337 ἀμέλει
780 3266 977 3340 πολλὴν
1018 3268 1282 3338 ἁθροίσας
1310 3271 1368 3323 ὲν
1400 3270 1580 3340 ἑαυτῷ
1622 3271 1722 3342 τὴν
1766 3272 1927 3326 πολε-

328 3356 505 3429 μικήν
553 3357 873 3430 ἐμπειρίαν,
916 3361 1014 3412 καὶ
1068 3358 1318 3430 μείζονος
1366 3360 1696 3432 ὀρεγόμενος
1741 3363 1921 3430 ἀξίας,

327 3448 583 3519 μείζονος
615 3449 710 3503 καὶ
754 3451 1036 3521 τυγχάνει.
1082 3449 1281 3505 Λαϐὼν
1311 3452 1423 3523 γάρ
1451 3453 1520 3506 τά
1557 3455 1620 3508 ἐκ
1668 3456 1923 3528 πατέρων

322 3538 483 3609 αὐτῷ
526 3540 804 3611 προσόντα
851 3541 1137 3612 χρήματα,
1175 3541 1453 3614 ἀνέδραμε
1511 3543 1648 3614 πρὸς
1675 3544 1768 3598 τὸν
1798 3547 1920 3600 κατ’

321 3635 507 3687 ἐκεῖνο
535 3632 728 3705 καιροῦ
781 3632 1157 3704 βασιλεύοντα,
1191 3634 1288 3689 καὶ
1334 3635 1538 3706 πάσχει
1580 3655 1656 3701 τι,
1692 3638 1769 3709 τῷ
1816 3642 1919 3706 Κὶς

321 3722 432 3793 υἱῷ
462 3724 872 3795 παραπλήσιον.
912 3722 971 3777 Ὁ
1006 3724 1107 3795 μὲν
1135 3724 1247 3798 γάρ
1277 3724 1435 3790 ὅνους
1476 3726 1785 3799 ἀναζητῶν,
1813 3731 1911 3802 βα-

322 3816 532 3871 σιλείαν
558 3817 803 3887 ἐπίγειον
829 3816 1069 3889 εὕρατο·
1096 3819 1126 3870 6
1167 3818 1226 3871 δὲ
1278 3819 1557 3891 κοσμικὴν
1603 3821 1761 3887 ἀξίαν
1790 3825 1915 3878 ἐπι-

318 3906 527 3977 ζητῶν,
557 3909 805 3979 οὐρανῶν
829 3908 1109 3980 βασιλείας
1132 3909 1391 3983 ἐπέτυχε,
1412 3913 1599 3983 μεῖζον
1622 3912 1717 3967 τοῦ
1747 3913 1909 3986 ἔργου

312 4000 382 4054 τὸ
412 4000 693 4074 πάρεργον
715 4002 1230 4075 ἐμπορευσάμενος.

2040 2448 2187 2505 scire
2221 2448 2426 2517 cupis:
2481 2444 2719 2517 patriam
2774 2442 2971 2497 habuit
3000 2437 3388 2509 Cappadocum
3440 2424 3626 2505 regio-

2040 2555 2201 2606 nem;
2239 2539 2492 2592 altricem
2533 2551 2689 2600 vero,
2719 2532 3108 2596 Palmstinam;
3142 2545 3173 2584 a
3214 2530 3435 2598 proavis
3464 2527 3626 2582 Chri-

2036 2633 2289 2699 stianus;
2348 2629 2589 2701 juvenili
2640 2634 2826 2694 aetate,
2868 2623 3149 2694 sapientia
3199 2637 3399 2685 canus,
3454 2618 3626 2673 corde

2035 2735 2248 2791 rectus,
2297 2735 2535 2794 utroque
2584 2721 2852 2777 adversus
2899 2716 3239 2787 impietatem
3273 2723 3502 2782 turgens
3535 2726 3626 2764 ve-

2034 2830 2325 2893 gelusque,
2360 2817 2588 2890 pietatis
2639 2820 2891 2884 martyr;
2944 2809 3022 2864 ita
3070 2821 3352 2863 armorum
3388 2820 3419 2859 a
3451 2818 3625 2875 puero

2033 2910 2441 2969 certaminibus
2490 2908 2700 2972 clarus,
2755 2913 3023 2973 tantaque
3050 2898 3336 2971 diligentia
3364 2904 3422 2953 et
3460 2896 3624 2951 abso-

2032 3006 2243 3060 lutione
2276 3003 2521 3058 exercita
2555 3000 2759 3056 bellica
2792 2994 3145 3059 fortitudine,
3189 2999 3250 3045 ut
3276 2999 3330 3046 et
3362 2988 3622 3043 militaris

2029 3097 2242 3152 ordinis
2292 3095 2614 3148 tribunatus
2663 3090 2788 3158 ejus
2856 3086 2979 3141 ﬁdei
3028 3081 3366 3138 commissus
3427 3078 3620 3133 fuerit.

2027 3190 2279 3258 Cumque
2313 3187 2481 3256 digne
2534 3178 2980 3247 administrando
3024 3175 3079 3231 id
3135 3174 3411 3236 muneris,
3448 3179 3620 3241 atque

2028 3278 2084 3332 in
2117 3277 2306 3331 niult‘s
2350 3262 2511 3344 ’smpe
2570 3279 2800 3326 strenue
2836 3266 3072 3336 agendo,
3109 3265 3340 3319 multam
3390 3263 3614 3316 demum

2027 3368 2109 3424 rei
2160 3367 2374 3421 bellicae
2428 3363 2687 3434 peritiam
2743 3363 3153 3428 comparasset,
3228 3353 3617 3425 majoremque

2026 3461 2259 3533 gradum
2324 3462 2632 3528 appeteret,
2684 3452 2950 3521 majorem
3010 3448 3269 3502 nimirum
3318 3453 3615 3500 assecutus

2025 3560 2135 3609 est.
2167 3551 2408 3621 Quippe,
2468 3546 2716 3617 acceptis
2773 3543 2998 3616 opibus,
3057 3540 3103 3595 si
3145 3553 3269 3609 quae.
3317 3545 3609 3607 parentum

2024 3643 2385 3701 successione
2429 3641 2795 3702 obvenerant,
2856 3632 3101 3690 accurrit
3153 3630 3219 3685 ad
3267 3643 3396 3685 eum
3427 3627 3522 3697 qui
3552 3626 3611 3681 id

2024 3737 2370 3807 temporibus
2422 3734 2819 3802 imperatorem
2893 3725 3126 3796 agebat;
3178 3722 3363 3791 eique,
3424 3718 3609 3774 simile

2019 3828 2308 3899 quidpiam
2339 3824 2568 3887 accidit,
2603 3829 2774 3891 atque
2806 3818 2937 3872 oiim
2974 3815 3088 3868 ﬁlio
3113 3811 3207 3868 Cis
3236 3822 3284 3866 Ρ.
3319 3808 3418 3864 llle
3456 3809 3606 3863 enim

2019 3939 2144 3978 cum
2179 3920 2365 3976 asinas
2396 3917 2733 3987 inquireret,
2780 3920 3047 3967 terrestre
3079 3921 3308 3977 regnum
3346 3901 3559 3958 invenit
3590 3920 3603 3956 :

2016 4015 2131 4080 hic,
2164 4011 2430 4067 mundani
2483 4009 2712 4065 honoris
2741 4006 2975 4077 gradum
3014 3999 3341 4070 exquirens,
3373 4011 3602 4067 regnum

310 4093 590 4147 ccelorum
617 4092 852 4148 sortitus
878 4099 964 4149 cst
996 4111 1010 4149 :
1037 4093 1331 4164 majusque
1364 4092 1491 4162 fuit,
1533 4098 1678 4167 quod
1716 4103 2060 4161 accessionis
2098 4107 2220 4160 loco
2265 4103 2706 4174 inexspectatum
2757 4095 3002 4167 accepit,
3070 4106 3235 4164 quam
3307 4089 3454 4161 quod
3525 4087 3604 4142 rei

308 4193 487 4255 caput
511 4184 739 4241 haberet
783 4187 1159 4257 propositum.

389 4277 846 4348 Παραγενόμενος
888 4279 1017 4350 γὰρ,
1051 4280 1146 4333 καὶ
1208 4281 1333 4337 ἰδὼν
1361 4282 1497 4337 Θεὸν
1541 4287 1643 4356 μὲν
1682 4288 1903 4360 ὑϐριζό-

306 4386 502 4439 μενον,
528 4368 794 4440 δαίμονας
828 4370 886 4423 δὲ
932 4372 1431 4445 θεραπευομένους,
1461 4377 1563 4431 οὐκ
1600 4380 1833 4450 ἤνεγκεν
1876 4384 1905 4435 6

300 4461 566 4533 ζηλωτὴς
602 4464 704 4532 τῆς
740 4462 1054 4529 εὐσεϐείας·
1114 4464 1233 4520 ἀλλ’
1283 4468 1545 4541 ἐννοήσας
1592 4471 1685 4525 τὸν
1740 4473 1905 4528 Δαϐὶδ

299 4555 571 4623 λέγοντα·
609 4573 628 4606 ι
668 4549 824 4610 Εἶδον
866 4556 1269 4623 άσυνετοῦντας
1321 4561 1419 4614 καὶ⁹
1472 4562 1845 4637 ἐξετηκόμην·
1876 4587 1895 4620 ι

302 4647 431 4711 καὶ,
462 4665 482 4699 ι
528 4643 783 4718 Ἐξέτηξέ
826 4666 892 4719 με
920 4651 948 4703 6
970 4648 1132 4720 ζῆλός
1174 4668 1294 4718 σου,
1320 4653 1402 4706 ὅτι
1435 4655 1764 4712 ἐπελάθοντο
1792 4659 1903 4714 τῶν

296 4740 486 4807 λόγων
537 4756 632 4794 σου
667 4741 715 4793 οἱ
744 4741 929 4811 ἐχθροί
963 4759 1066 4814 μου
1090 4758 1103 4773 ·
1151 4761 1171 4796 ι
1224 4748 1321 4798 καὶ
1379 4750 1767 4817 μνημονεύσας
1806 4752 1899 4805 τοῦ

300 4830 519 4901 Κυρίου
556 4831 864 4901 φάσκοντος
884 4849 900 4863 ·
940 4852 960 4884 ι
992 4835 1109 4898 Πᾶς
1137 4834 1287 4899 ὅστις
1322 4838 1656 4911 ὁμολογήσει
1685 4843 1744 4894 ὲν
1776 4845 1900 4914 ἐμοὶ

297 4922 622 4993 ἔμπροσθεν
647 4924 757 4979 τῶν
779 4924 1107 4996 ἀνθρώπων,
1136 4928 1463 4999 ὁμολογήσω
1491 4932 1646 5002 κάγὼ
1673 4937 1731 4988 ἐν
1750 4936 1899 5007 αὐτῷ

296 5015 620 5086 ἔμπροσθεν
656 5016 751 5070 τοῦ
799 5017 1012 5089 Πατρός
1054 5036 1157 5090 μου
1191 5014 1286 5074 τοῦ
1321 5024 1379 5075 ὲν
1412 5027 1528 5088 τοῖς
1567 5025 1844 5096 οὐρανοῖς·
1872 5049 1890 5080 ι

2081 4293 2219 4349 Cum
2276 4290 2422 4345 enim
2484 4288 2618 4342 illuc
2676 4284 2942 4346 venisset,
2985 4294 3049 4334 ac
3092 4276 3261 4331 Deum
3297 4273 3599 4334 contemni,

2011 4386 2290 4441 daemones
2321 4396 2452 4438 vero
2492 4380 2603 4435 coli
2669 4376 2921 4439 vidisset,
2974 4389 3087 4427 non
3128 4370 3255 4425 tulit
3287 4383 3408 4423 eam
3457 4383 3596 4428 rem,

2010 4480 2096 4534 vir
2136 4477 2366 4549 pietatis
2397 4476 2517 4531 zelo
2546 4469 3013 4544 flagrantissimus
3043 4485 3056 4520 :
3087 4464 3186 4521 sed
3223 4479 3349 4517 cum
3386 4460 3598 4531 cogita-

2011 4579 2097 4627 ret
2156 4570 2289 4624 illud
2348 4566 2577 4623 Davidis
2620 4565 2871 4620 dictum:
2918 4577 2936 4610 ι
2993 4555 3119 4611 Vidi
3165 4556 3505 4617 insensatos,
3540 4559 3596 4605 et

2013 4664 2358 4720 tabescebam
2394 4671 2445 4715 (ι.
2509 4679 2528 4710 ι
2578 4657 2672 4712 Et:
2724 4673 2743 4707 ι
2778 4653 3092 4708 Tabescere
3136 4663 3223 4702 me.
3258 4645 3391 4699 fecit
3441 4643 3595 4698 zelus

2007 4766 2156 4821 tuus,
2187 4755 2321 4825 quia
2358 4752 2517 4808 obliti
2558 4757 2692 4806 sunt
2744 4746 2913 4801 verba
2952 4751 3049 4797 tua
3086 4738 3299 4796 inimici
3346 4736 3452 4791 mei
3481 4744 3526 4789 τ.
3569 4754 3587 4786 ι

2005 4848 2354 4904 Recordatus
2384 4848 2552 4902 etiam
2593 4844 2737 4913 ejus,
2772 4839 2921 4912 quod
2950 4836 3221 4893 Dominus
3257 4832 3375 4887 ait:
3408 4849 3426 4882 ι
3460 4828 3593 4884 0m-

2005 4941 2092 4997 nis
2121 4940 2213 5011 qui
2253 4938 2616 4995 conﬁtebitur
2644 4950 2733 4990 me
2762 4946 2955 4988 coram
2977 4926 3322 4987 hominibus,
3355 4922 3590 4977 confitc-

2004 5033 2105 5088 bor
2130 5042 2186 5086 et
2242 5047 2345 5103 ego
2373 5045 2498 5086 eum
2542 5043 2731 5084 coram
2789 5027 2956 5080 Patre
3008 5036 3156 5085 meo,
3189 5016 3377 5088 quiin
3431 5012 3589 5068 caelis

296 5125 326 5159 σ
353 5106 586 5177 υρωϐεὶς
648 5107 727 5179 τῷ
769 5108 902 5180 θείῳ
933 5108 1103 5182 ζήλῳ,
1153 5112 1250 5166 καὶ
1300 5113 1474 5184 θήξας
1594 5117 1753 5188 βέλος
1803 5121 1897 5177 τὸν

2035 5136 2086 5182 st
2109 5132 2155 5179 ⁸.
2192 5143 2211 5177 ι
2251 5123 2452 5178 Divino
2480 5122 2601 5178 zelo
2640 5120 3340 5181 intlammatus,suamque
3371 5107 3586 5176 c0gita-

296 5200 506 5253 ἑαυτοῦ
537 5200 822 5272 λογισμὸν,
848 5201 1110 5256 ἔσπευδεν
1140 5205 1389 5276 ἁρπάσαι
1414 5207 1514 5277 τὴν
1532 5210 1892 5281 ἐπαγγελίαν·

294 5293 401 5346 καὶ
433 5293 884 5366 ἁνθομολογητὴν
913 5296 1109 5349 ἑαυτοῦ
1137 5298 1230 5351 τὸν
1261 5297 1417 5367 Θεὸν,
1445 5299 1533 5354 διὰ
1567 5301 1668 5373 τῆς
1694 5305 1775 5370 εἰς
1802 5306 1895 5359 a6-

264 5468 276 5493 ³
295 5389 396 5441 τὸν
419 5386 717 5458 ὁμολογίας
742 5388 1079 5461 κτήσασθαι.

374 5567 569 5630 Ὅπως
599 5567 656 5621 δὲ
691 5567 942 5638 μέλλοντι
967 5568 1068 5640 τὴν
1099 5570 1293 5641 στενὴν
1322 5573 1550 5628 εἰσιέναι
1581 5575 1781 5650 πύλην,
1812 5579 1889 5652 μὴ

297 5658 561 5729 στὲνηται
588 5659 740 5731 αὐτῷ
760 5659 992 5732 κώλυμα
1012 5660 1120 5715 τῶν
1149 5665 1451 5735 χρημάτων
1474 5667 1502 5719 6
1521 5666 1682 5737 ὄγκος
1704 5712 1719 5736 ,
1749 5670 1886 5726 ἀλλὰ

295 5749 415 5821 γάρ
458 5752 557 5805 καὶ
609 5747 960 5824 ἰσχυρότερον
996 5753 1181 5825 ἑαυτῷ
1229 5758 1619 5832 κατασκευάζῃ
1652 5761 1713 5815 τὸ
1748 5780 1891 5836 μαρ-

372 5864 835 5940 {Addit-Lippa).
877 5884 943 5924 ca:
987 5869 1152 5940 fetida
1184 5870 1366 5930 herba.

300 5943 322 5975 -
356 5935 554 5991 Matth.
586 5953 639 6006 ι,
677 5937 764 5992 52.

1477 5885 1495 5907 °
1531 5874 1690 5936 Joan.
1725 5896 1764 5949 ι,
1794 5881 1879 5938 12.
1957 5893 1986 5935 ι·
2019 5883 2198 5962 lReg.
2229 5908 2305 5960 lx,
2346 5891 2441 5949 ‘20.

2001 5217 2231 5283 tionem,
2262 5215 2416 5271 velut
2466 5214 2640 5270 telum
2686 5209 2986 5282 quoddam,
3031 5216 3337 5264 exacuens,
3366 5196 3592 5254 festina-

1998 5309 2078 5364 vit
2106 5307 2296 5362 divina
2356 5306 2636 5378 promissa
2667 5302 3015 5375 praaripere;
3065 5313 3132 5353 ac
3172 5293 3343 5351 Deum
3376 5291 3585 5361 ipsum,

1998 5414 2100 5470 per
2131 5416 2290 5457 suam
2328 5400 2384 5455 in
2422 5416 2547 5457 eum
2575 5396 3016 5459 confessionem,
3044 5388 3297 5448 vicissim
3326 5383 3415 5441 sui
3445 5397 3586 5438 con-

1996 5490 2265 5550 fessorem
2302 5497 2612 5568 acquirere.

2069 5584 2141 5640 At
2166 5601 2234 5641 ne
2256 5586 2336 5641 illi
2370 5564 2468 5658 per
2498 5594 2791 5657 angustam
2818 5590 3034 5656 portam
3071 5573 3303 5632 introire
3333 5564 3579 5623 molienti

1996 5682 2348 5732 terrenarum
2413 5678 2760 5746 facultatum
2839 5673 3102 5732 cumulus
3180 5661 3581 5736 impedimento

1998 5768 2165 5837 Γονθῑ,
2202 5786 2372 5844 seque
2401 5773 2539 5830 adeo
2569 5774 2638 5829 ad
2664 5770 2992 5844 martyrium
3025 5763 3222 5838 majori
3247 5753 3578 5825 fortitudine

2541 5902 2572 5945 τι
2594 5891 2739 5952 Psal.
2774 5908 2963 5961 cxvm,
2994 5891 3117 5947 158.
3221 5894 3243 5923 τ
3286 5876 3419 5938 ibid.
3450 5870 3576 5931 159.
