  <div class='ocr_page' id='page_1' title='image "/cluster/home/n/w/nwhite01/storage/ocr_20150623/97/coo.31924054870013/622.png"; bbox 0 0 4012 6438; ppageno 0'>
   <div class='ocr_carea' id='block_1_1' title="bbox 327 408 458 474">
    <p class='ocr_par' dir='ltr' id='par_1_1' title="bbox 327 408 458 474">
     <span class='ocr_line' id='line_1_1' title="bbox 327 408 458 474; baseline 0.008 -1"><span class='ocrx_word' id='word_1_1' title='bbox 327 408 458 474; x_wconf 67' lang='lat'><strong>1181</strong></span> 
     </span>
    </p>
   </div>
   <div class='ocr_carea' id='block_1_2' title="bbox 1640 414 2309 477">
    <p class='ocr_par' dir='ltr' id='par_1_2' title="bbox 1640 414 2309 477">
     <span class='ocr_line' id='line_1_2' title="bbox 1640 414 2309 477; baseline 0.004 -3"><span class='ocrx_word' id='word_1_2' title='bbox 1640 415 1719 474; x_wconf 74' lang='grc' dir='ltr'><strong>ΙΝ</strong></span> <span class='ocrx_word' id='word_1_3' title='bbox 1772 418 1833 476; x_wconf 78' lang='lat' dir='ltr'><strong>S.</strong></span> <span class='ocrx_word' id='word_1_4' title='bbox 1879 414 2309 477; x_wconf 80' lang='lat' dir='ltr'><strong>GEORGIUM.</strong></span> 
     </span>
    </p>
   </div>
   <div class='ocr_carea' id='block_1_3' title="bbox 3476 418 3614 484">
    <p class='ocr_par' dir='ltr' id='par_1_3' title="bbox 3476 418 3614 484">
     <span class='ocr_line' id='line_1_3' title="bbox 3476 418 3614 484; baseline -0.014 -1"><span class='ocrx_word' id='word_1_5' title='bbox 3476 418 3614 484; x_wconf 64' lang='lat' dir='ltr'><strong>Il“?</strong></span> 
     </span>
    </p>
   </div>
   <div class='ocr_carea' id='block_1_4' title="bbox 325 520 1915 599">
    <p class='ocr_par' dir='ltr' id='par_1_4' title="bbox 325 520 1915 595">
     <span class='ocr_line' id='line_1_4' title="bbox 325 520 1915 595; baseline 0.003 -21"><span class='ocrx_word' id='word_1_6' title='bbox 325 522 394 574; x_wconf 75' lang='grc' dir='ltr'><strong>τὰ</strong></span> <span class='ocrx_word' id='word_1_7' title='bbox 429 520 595 583; x_wconf 75' lang='grc' dir='ltr'>ὅπλα,</span> <span class='ocrx_word' id='word_1_8' title='bbox 626 520 690 575; x_wconf 92' lang='grc' dir='ltr'><strong>οὐ</strong></span> <span class='ocrx_word' id='word_1_9' title='bbox 742 522 1008 595; x_wconf 82' lang='grc' dir='ltr'>σαρκικὰ,</span> <span class='ocrx_word' id='word_1_10' title='bbox 1049 521 1188 575; x_wconf 87' lang='grc' dir='ltr'><strong>ἀλλά</strong></span> <span class='ocrx_word' id='word_1_11' title='bbox 1220 521 1428 577; x_wconf 86' lang='grc' dir='ltr'>δυνατά</span> <span class='ocrx_word' id='word_1_12' title='bbox 1477 523 1556 595; x_wconf 78' lang='grc' dir='ltr'>τῷ</span> <span class='ocrx_word' id='word_1_13' title='bbox 1587 524 1729 594; x_wconf 82' lang='grc' dir='ltr'>Θεῷ,</span> <span class='ocrx_word' id='word_1_14' title='bbox 1785 525 1915 595; x_wconf 68' lang='grc' dir='ltr'>πρὸς</span> 
     </span>
    </p>
   </div>
   <div class='ocr_carea' id='block_1_5' title="bbox 2019 520 3611 599">
    <p class='ocr_par' dir='ltr' id='par_1_5' title="bbox 2035 526 3611 599">
     <span class='ocr_line' id='line_1_5' title="bbox 2035 526 3611 599; baseline 0.007 -25"><span class='ocrx_word' id='word_1_15' title='bbox 2035 544 2052 574; x_wconf 76' lang='grc' dir='ltr'><strong>ι</strong></span> <span class='ocrx_word' id='word_1_16' title='bbox 2100 526 2276 578; x_wconf 76' lang='lat' dir='ltr'><strong>Arma&#39;</strong></span> <span class='ocrx_word' id='word_1_17' title='bbox 2311 534 2521 591; x_wconf 83' lang='lat' dir='ltr'><strong>nostra,</strong></span> <span class='ocrx_word' id='word_1_18' title='bbox 2558 542 2677 581; x_wconf 58' lang='lat' dir='ltr'><strong>non»</strong></span> <span class='ocrx_word' id='word_1_19' title='bbox 2728 529 2977 584; x_wconf 85' lang='lat' dir='ltr'><strong>carnalia</strong></span> <span class='ocrx_word' id='word_1_20' title='bbox 3027 536 3180 595; x_wconf 88' lang='lat' dir='ltr'><strong>sunt,</strong></span> <span class='ocrx_word' id='word_1_21' title='bbox 3224 528 3331 585; x_wconf 78' lang='lat' dir='ltr'><strong>sed</strong></span> <span class='ocrx_word' id='word_1_22' title='bbox 3361 540 3611 599; x_wconf 85' lang='lat' dir='ltr'><strong>potentia</strong></span> 
     </span>
    </p>
   </div>
   <div class='ocr_carea' id='block_1_6' title="bbox 328 612 1916 687">
    <p class='ocr_par' dir='ltr' id='par_1_6' title="bbox 328 612 1916 687">
     <span class='ocr_line' id='line_1_6' title="bbox 328 612 1916 687; baseline 0.001 -20"><span class='ocrx_word' id='word_1_23' title='bbox 328 612 655 685; x_wconf 78' lang='grc' dir='ltr'><strong>καθαίρεσιν</strong></span> <span class='ocrx_word' id='word_1_24' title='bbox 713 616 1109 687; x_wconf 81' lang='grc' dir='ltr'><strong>ὀχυρωμάτων.</strong></span> <span class='ocrx_word' id='word_1_25' title='bbox 1168 636 1186 668; x_wconf 77' lang='grc' dir='ltr'><strong>ι</strong></span> <span class='ocrx_word' id='word_1_26' title='bbox 1247 617 1460 672; x_wconf 78' lang='grc' dir='ltr'>Λύτίκα</span> <span class='ocrx_word' id='word_1_27' title='bbox 1507 613 1641 681; x_wconf 79' lang='grc' dir='ltr'>οὖν,</span> <span class='ocrx_word' id='word_1_28' title='bbox 1706 617 1916 673; x_wconf 81' lang='grc' dir='ltr'>ἄνωθεν</span> 
     </span>
    </p>
   </div>
   <div class='ocr_carea' id='block_1_7' title="bbox 331 703 1911 778">
    <p class='ocr_par' dir='ltr' id='par_1_7' title="bbox 331 703 1911 778">
     <span class='ocr_line' id='line_1_7' title="bbox 331 703 1911 778; baseline 0.003 -23"><span class='ocrx_word' id='word_1_29' title='bbox 331 703 621 774; x_wconf 83' lang='grc' dir='ltr'>σύμμαχον</span> <span class='ocrx_word' id='word_1_30' title='bbox 646 704 849 759; x_wconf 82' lang='grc' dir='ltr'>ἑαυτοῦ</span> <span class='ocrx_word' id='word_1_31' title='bbox 876 705 967 759; x_wconf 88' lang='grc' dir='ltr'><strong>τὸν</strong></span> <span class='ocrx_word' id='word_1_32' title='bbox 1012 706 1368 777; x_wconf 74' lang='grc' dir='ltr'><strong>ἀγωνοθέτην</strong></span> <span class='ocrx_word' id='word_1_33' title='bbox 1396 706 1876 778; x_wconf 72' lang='grc' dir='ltr'><strong>ἐπικαλεσάμενος</strong></span> <span class='ocrx_word' id='word_1_34' title='bbox 1899 723 1911 736; x_wconf 81' lang='lat'><strong>&#39;</strong></span> 
     </span>
    </p>
   </div>
   <div class='ocr_carea' id='block_1_8' title="bbox 329 794 1916 869">
    <p class='ocr_par' dir='ltr' id='par_1_8' title="bbox 329 794 1916 869">
     <span class='ocr_line' id='line_1_8' title="bbox 329 794 1916 869; baseline 0.003 -21"><span class='ocrx_word' id='word_1_35' title='bbox 329 794 503 865; x_wconf 88' lang='grc' dir='ltr'>θυμόν</span> <span class='ocrx_word' id='word_1_36' title='bbox 534 814 595 849; x_wconf 85' lang='grc' dir='ltr'><strong>τε</strong></span> <span class='ocrx_word' id='word_1_37' title='bbox 627 798 860 867; x_wconf 80' lang='grc' dir='ltr'>κινήσας</span> <span class='ocrx_word' id='word_1_38' title='bbox 888 798 981 850; x_wconf 69' lang='grc' dir='ltr'>τὸν</span> <span class='ocrx_word' id='word_1_39' title='bbox 1003 797 1146 851; x_wconf 79' lang='grc' dir='ltr'>κατὰ</span> <span class='ocrx_word' id='word_1_40' title='bbox 1176 797 1364 866; x_wconf 86' lang='grc' dir='ltr'>φύσιν,</span> <span class='ocrx_word' id='word_1_41' title='bbox 1397 799 1493 852; x_wconf 65' lang='grc' dir='ltr'><strong>καὶ¹</strong></span> <span class='ocrx_word' id='word_1_42' title='bbox 1526 798 1689 869; x_wconf 80' lang='grc' dir='ltr'>ζῆλον</span> <span class='ocrx_word' id='word_1_43' title='bbox 1716 797 1916 852; x_wconf 79' lang='grc' dir='ltr'>ἀναλα-</span> 
     </span>
    </p>
   </div>
   <div class='ocr_carea' id='block_1_9' title="bbox 330 887 1915 962">
    <p class='ocr_par' dir='ltr' id='par_1_9' title="bbox 330 887 1915 962">
     <span class='ocr_line' id='line_1_9' title="bbox 330 887 1915 962; baseline 0.003 -23"><span class='ocrx_word' id='word_1_44' title='bbox 330 887 442 939; x_wconf 83' lang='grc' dir='ltr'>ϐὼν</span> <span class='ocrx_word' id='word_1_45' title='bbox 473 887 570 941; x_wconf 89' lang='grc' dir='ltr'><strong>τοῦ</strong></span> <span class='ocrx_word' id='word_1_46' title='bbox 610 888 796 941; x_wconf 82' lang='grc' dir='ltr'>Ἠλίου</span> <span class='ocrx_word' id='word_1_47' title='bbox 829 888 922 942; x_wconf 85' lang='grc' dir='ltr'><strong>τοῦ</strong></span> <span class='ocrx_word' id='word_1_48' title='bbox 955 891 1239 960; x_wconf 73' lang='grc' dir='ltr'><strong>προφήτου</strong></span> <span class='ocrx_word' id='word_1_49' title='bbox 1266 907 1282 921; x_wconf 88' lang='grc'><strong>·</strong></span> <span class='ocrx_word' id='word_1_50' title='bbox 1317 891 1413 943; x_wconf 79' lang='grc' dir='ltr'><strong>καὶ</strong></span> <span class='ocrx_word' id='word_1_51' title='bbox 1452 890 1591 961; x_wconf 85' lang='grc' dir='ltr'>ὀργῇ</span> <span class='ocrx_word' id='word_1_52' title='bbox 1634 892 1915 962; x_wconf 78' lang='grc' dir='ltr'>κεχρημέ-</span> 
     </span>
    </p>
   </div>
   <div class='ocr_carea' id='block_1_10' title="bbox 328 977 1917 1051">
    <p class='ocr_par' dir='ltr' id='par_1_10' title="bbox 328 977 1917 1051">
     <span class='ocr_line' id='line_1_10' title="bbox 328 977 1917 1051; baseline 0.003 -20"><span class='ocrx_word' id='word_1_53' title='bbox 328 996 419 1041; x_wconf 85' lang='grc' dir='ltr'>νος</span> <span class='ocrx_word' id='word_1_54' title='bbox 463 977 675 1049; x_wconf 80' lang='grc' dir='ltr'>δικαίᾳ,</span> <span class='ocrx_word' id='word_1_55' title='bbox 708 998 724 1029; x_wconf 86' lang='grc' dir='ltr'><strong>ι</strong></span> <span class='ocrx_word' id='word_1_56' title='bbox 748 979 849 1032; x_wconf 80' lang='grc' dir='ltr'>Διά</span> <span class='ocrx_word' id='word_1_57' title='bbox 889 977 1000 1032; x_wconf 90' lang='grc' dir='ltr'><strong>τῶν</strong></span> <span class='ocrx_word' id='word_1_58' title='bbox 1033 980 1217 1033; x_wconf 81' lang='grc' dir='ltr'>ὅπλων</span> <span class='ocrx_word' id='word_1_59' title='bbox 1261 982 1363 1048; x_wconf 76' lang='grc' dir='ltr'>τῆς</span> <span class='ocrx_word' id='word_1_60' title='bbox 1405 981 1761 1051; x_wconf 80' lang='grc' dir='ltr'><strong>δικαιοσύνης</strong></span> <span class='ocrx_word' id='word_1_61' title='bbox 1808 982 1917 1036; x_wconf 88' lang='grc' dir='ltr'><strong>τῶν</strong></span> 
     </span>
    </p>
   </div>
   <div class='ocr_carea' id='block_1_11' title="bbox 327 1070 1914 1145">
    <p class='ocr_par' dir='ltr' id='par_1_11' title="bbox 327 1070 1914 1145">
     <span class='ocr_line' id='line_1_11' title="bbox 327 1070 1914 1145; baseline 0.004 -22"><span class='ocrx_word' id='word_1_62' title='bbox 327 1070 521 1138; x_wconf 82' lang='grc' dir='ltr'>δεξιῶν</span> <span class='ocrx_word' id='word_1_63' title='bbox 548 1071 643 1124; x_wconf 79' lang='grc' dir='ltr'>καὶ</span> <span class='ocrx_word' id='word_1_64' title='bbox 679 1072 1009 1143; x_wconf 84' lang='grc' dir='ltr'>ἀριστερῶν,</span> <span class='ocrx_word' id='word_1_65' title='bbox 1045 1092 1064 1125; x_wconf 72' lang='grc' dir='ltr'><strong>ι</strong></span> <span class='ocrx_word' id='word_1_66' title='bbox 1107 1071 1305 1144; x_wconf 74' lang='grc' dir='ltr'>ἐχώρει</span> <span class='ocrx_word' id='word_1_67' title='bbox 1349 1074 1491 1129; x_wconf 83' lang='grc' dir='ltr'><strong>κατά</strong></span> <span class='ocrx_word' id='word_1_68' title='bbox 1535 1077 1635 1145; x_wconf 86' lang='grc' dir='ltr'>τῆς</span> <span class='ocrx_word' id='word_1_69' title='bbox 1668 1075 1914 1140; x_wconf 76' lang='grc' dir='ltr'><strong>ἀδικίας·</strong></span> 
     </span>
    </p>
   </div>
   <div class='ocr_carea' id='block_1_12' title="bbox 327 1162 1914 1241">
    <p class='ocr_par' dir='ltr' id='par_1_12' title="bbox 327 1162 1914 1241">
     <span class='ocr_line' id='line_1_12' title="bbox 327 1162 1914 1241; baseline 0.008 -28"><span class='ocrx_word' id='word_1_70' title='bbox 327 1165 422 1214; x_wconf 77' lang='grc' dir='ltr'><strong>καὶ</strong></span> <span class='ocrx_word' id='word_1_71' title='bbox 463 1162 641 1234; x_wconf 83' lang='grc' dir='ltr'>εὑρὼν</span> <span class='ocrx_word' id='word_1_72' title='bbox 671 1164 843 1218; x_wconf 83' lang='grc' dir='ltr'>αὐτοῦ</span> <span class='ocrx_word' id='word_1_73' title='bbox 880 1183 984 1220; x_wconf 79' lang='grc' dir='ltr'><strong>πον</strong></span> <span class='ocrx_word' id='word_1_74' title='bbox 1008 1167 1135 1231; x_wconf 74' lang='grc' dir='ltr'>τοὺς</span> <span class='ocrx_word' id='word_1_75' title='bbox 1171 1167 1400 1239; x_wconf 85' lang='grc' dir='ltr'>ὀνόματι</span> <span class='ocrx_word' id='word_1_76' title='bbox 1432 1169 1720 1241; x_wconf 82' lang='grc' dir='ltr'>[βασιλεῖς,</span> <span class='ocrx_word' id='word_1_77' title='bbox 1746 1171 1914 1236; x_wconf 78' lang='grc' dir='ltr'>ὅντως</span> 
     </span>
    </p>
   </div>
   <div class='ocr_carea' id='block_1_13' title="bbox 325 1254 1915 1335">
    <p class='ocr_par' dir='ltr' id='par_1_13' title="bbox 325 1254 1915 1335">
     <span class='ocr_line' id='line_1_13' title="bbox 325 1254 1915 1335; baseline 0.006 -28"><span class='ocrx_word' id='word_1_78' title='bbox 325 1255 383 1308; x_wconf 80' lang='grc' dir='ltr'>δὲ</span> <span class='ocrx_word' id='word_1_79' title='bbox 411 1254 482 1327; x_wconf 77' lang='grc'><strong>⁸³]</strong></span> <span class='ocrx_word' id='word_1_80' title='bbox 512 1254 974 1327; x_wconf 80' lang='grc' dir='ltr'>βασιλευομένους</span> <span class='ocrx_word' id='word_1_81' title='bbox 1020 1260 1128 1312; x_wconf 83' lang='grc' dir='ltr'><strong>ὑπὸ</strong></span> <span class='ocrx_word' id='word_1_82' title='bbox 1164 1261 1266 1331; x_wconf 80' lang='grc' dir='ltr'><strong>τῆς</strong></span> <span class='ocrx_word' id='word_1_83' title='bbox 1308 1262 1588 1328; x_wconf 89' lang='grc' dir='ltr'>ἀσεϐείας,</span> <span class='ocrx_word' id='word_1_84' title='bbox 1620 1264 1808 1326; x_wconf 83' lang='grc' dir='ltr'>κακῶς</span> <span class='ocrx_word' id='word_1_85' title='bbox 1836 1264 1915 1335; x_wconf 82' lang='grc' dir='ltr'><strong>τῷ</strong></span> 
     </span>
    </p>
   </div>
   <div class='ocr_carea' id='block_1_14' title="bbox 328 1344 1916 1425">
    <p class='ocr_par' dir='ltr' id='par_1_14' title="bbox 328 1344 1916 1425">
     <span class='ocr_line' id='line_1_14' title="bbox 328 1344 1916 1425; baseline 0.008 -30"><span class='ocrx_word' id='word_1_86' title='bbox 328 1344 521 1415; x_wconf 78' lang='grc' dir='ltr'>κράτει</span> <span class='ocrx_word' id='word_1_87' title='bbox 552 1345 693 1399; x_wconf 88' lang='grc' dir='ltr'><strong>κατά</strong></span> <span class='ocrx_word' id='word_1_88' title='bbox 726 1347 822 1399; x_wconf 87' lang='grc' dir='ltr'><strong>τοῦ</strong></span> <span class='ocrx_word' id='word_1_89' title='bbox 858 1348 919 1401; x_wconf 80' lang='grc' dir='ltr'>τὸ</span> <span class='ocrx_word' id='word_1_90' title='bbox 961 1351 1166 1418; x_wconf 87' lang='grc' dir='ltr'>κράτος</span> <span class='ocrx_word' id='word_1_91' title='bbox 1215 1354 1588 1422; x_wconf 80' lang='grc' dir='ltr'>χαρισαμένου</span> <span class='ocrx_word' id='word_1_92' title='bbox 1638 1356 1916 1425; x_wconf 76' lang='grc' dir='ltr'>κεχρημέ-</span> 
     </span>
    </p>
   </div>
   <div class='ocr_carea' id='block_1_15' title="bbox 328 1435 1937 1515">
    <p class='ocr_par' dir='ltr' id='par_1_15' title="bbox 328 1435 1937 1515">
     <span class='ocr_line' id='line_1_15' title="bbox 328 1435 1937 1515; baseline 0.007 -28"><span class='ocrx_word' id='word_1_93' title='bbox 328 1451 473 1502; x_wconf 90' lang='grc' dir='ltr'>νους,</span> <span class='ocrx_word' id='word_1_94' title='bbox 507 1436 603 1489; x_wconf 76' lang='grc' dir='ltr'><strong>καὶ</strong></span> <span class='ocrx_word' id='word_1_95' title='bbox 640 1437 871 1509; x_wconf 79' lang='grc' dir='ltr'>ἄπειρον</span> <span class='ocrx_word' id='word_1_96' title='bbox 918 1435 1060 1504; x_wconf 79' lang='grc' dir='ltr'>εἶδός</span> <span class='ocrx_word' id='word_1_97' title='bbox 1094 1457 1155 1495; x_wconf 89' lang='grc' dir='ltr'><strong>τε</strong></span> <span class='ocrx_word' id='word_1_98' title='bbox 1207 1445 1302 1496; x_wconf 73' lang='grc' dir='ltr'>καὶ</span> <span class='ocrx_word' id='word_1_99' title='bbox 1344 1442 1551 1514; x_wconf 83' lang='grc' dir='ltr'>πλῆθος</span> <span class='ocrx_word' id='word_1_100' title='bbox 1587 1445 1937 1515; x_wconf 82' lang='grc' dir='ltr'>βασανιστη-’</span> 
     </span>
    </p>
   </div>
   <div class='ocr_carea' id='block_1_16' title="bbox 332 1525 1917 1598">
    <p class='ocr_par' dir='ltr' id='par_1_16' title="bbox 332 1525 1917 1598">
     <span class='ocr_line' id='line_1_16' title="bbox 332 1525 1917 1598; baseline 0.009 -21"><span class='ocrx_word' id='word_1_101' title='bbox 332 1525 484 1594; x_wconf 85' lang='grc' dir='ltr'>ρίων,</span> <span class='ocrx_word' id='word_1_102' title='bbox 513 1526 574 1578; x_wconf 87' lang='grc' dir='ltr'><strong>οὐ</strong></span> <span class='ocrx_word' id='word_1_103' title='bbox 613 1528 756 1581; x_wconf 87' lang='grc' dir='ltr'><strong>κατά</strong></span> <span class='ocrx_word' id='word_1_104' title='bbox 792 1530 901 1581; x_wconf 88' lang='grc' dir='ltr'><strong>τῶν</strong></span> <span class='ocrx_word' id='word_1_105' title='bbox 932 1530 1286 1598; x_wconf 81' lang='grc' dir='ltr'>ἀδικούντων,</span> <span class='ocrx_word' id='word_1_106' title='bbox 1322 1534 1462 1590; x_wconf 84' lang='grc' dir='ltr'><strong>ἀλλά</strong></span> <span class='ocrx_word' id='word_1_107' title='bbox 1506 1536 1649 1589; x_wconf 85' lang='grc' dir='ltr'>κατὰ</span> <span class='ocrx_word' id='word_1_108' title='bbox 1683 1535 1793 1589; x_wconf 91' lang='grc' dir='ltr'><strong>τῶν</strong></span> <span class='ocrx_word' id='word_1_109' title='bbox 1827 1538 1917 1591; x_wconf 86' lang='grc' dir='ltr'>εὐ-</span> 
     </span>
    </p>
   </div>
   <div class='ocr_carea' id='block_1_17' title="bbox 330 1615 1916 1694">
    <p class='ocr_par' dir='ltr' id='par_1_17' title="bbox 330 1615 1916 1694">
     <span class='ocr_line' id='line_1_17' title="bbox 330 1615 1916 1694; baseline 0.008 -26"><span class='ocrx_word' id='word_1_110' title='bbox 330 1615 633 1671; x_wconf 79' lang='grc' dir='ltr'>σεϐούντων</span> <span class='ocrx_word' id='word_1_111' title='bbox 675 1619 917 1690; x_wconf 75' lang='grc' dir='ltr'>δημοσίᾳ</span> <span class='ocrx_word' id='word_1_112' title='bbox 948 1622 1360 1693; x_wconf 72' lang='grc' dir='ltr'>προθεμένουςο</span> <span class='ocrx_word' id='word_1_113' title='bbox 1399 1627 1672 1679; x_wconf 82' lang='grc' dir='ltr'>παντοίων</span> <span class='ocrx_word' id='word_1_114' title='bbox 1710 1643 1769 1680; x_wconf 87' lang='grc' dir='ltr'><strong>τε</strong></span> <span class='ocrx_word' id='word_1_115' title='bbox 1811 1645 1916 1694; x_wconf 81' lang='grc' dir='ltr'>φυ-</span> 
     </span>
    </p>
   </div>
   <div class='ocr_carea' id='block_1_18' title="bbox 327 1708 1915 1789">
    <p class='ocr_par' dir='ltr' id='par_1_18' title="bbox 327 1708 1915 1789">
     <span class='ocr_line' id='line_1_18' title="bbox 327 1708 1915 1789; baseline 0.006 -28"><span class='ocrx_word' id='word_1_116' title='bbox 327 1708 459 1770; x_wconf 79' lang='grc' dir='ltr'>λῶν,</span> <span class='ocrx_word' id='word_1_117' title='bbox 504 1710 710 1776; x_wconf 81' lang='grc' dir='ltr'>ἐθνῶν,</span> <span class='ocrx_word' id='word_1_118' title='bbox 764 1713 861 1766; x_wconf 78' lang='grc' dir='ltr'>καὶ</span> <span class='ocrx_word' id='word_1_119' title='bbox 908 1714 1178 1781; x_wconf 79' lang='grc' dir='ltr'>γλωσσῶν</span> <span class='ocrx_word' id='word_1_120' title='bbox 1222 1715 1674 1788; x_wconf 80' lang='grc' dir='ltr'>ἐξωπλισμένων,</span> <span class='ocrx_word' id='word_1_121' title='bbox 1726 1719 1915 1789; x_wconf 83' lang='grc' dir='ltr'>κύκλῳ</span> 
     </span>
    </p>
   </div>
   <div class='ocr_carea' id='block_1_19' title="bbox 329 1802 1912 1880">
    <p class='ocr_par' dir='ltr' id='par_1_19' title="bbox 329 1802 1912 1880">
     <span class='ocr_line' id='line_1_19' title="bbox 329 1802 1912 1880; baseline 0.007 -26"><span class='ocrx_word' id='word_1_122' title='bbox 329 1802 528 1867; x_wconf 74' lang='grc' dir='ltr'>αὐτοὺς</span> <span class='ocrx_word' id='word_1_123' title='bbox 590 1808 1080 1876; x_wconf 84' lang='grc' dir='ltr'>περιεστηκότων,</span> <span class='ocrx_word' id='word_1_124' title='bbox 1127 1809 1587 1880; x_wconf 75' lang='grc' dir='ltr'><strong>δημηγοροῦντας</strong></span> <span class='ocrx_word' id='word_1_125' title='bbox 1653 1810 1912 1880; x_wconf 79' lang='grc' dir='ltr'>ἀθέμιτα,</span> 
     </span>
    </p>
   </div>
   <div class='ocr_carea' id='block_1_20' title="bbox 326 1879 1991 1974">
    <p class='ocr_par' dir='ltr' id='par_1_20' title="bbox 326 1879 1991 1974">
     <span class='ocr_line' id='line_1_20' title="bbox 326 1879 1991 1974; baseline 0.008 -29"><span class='ocrx_word' id='word_1_126' title='bbox 326 1895 421 1947; x_wconf 73' lang='grc' dir='ltr'><strong>καὶ</strong></span> <span class='ocrx_word' id='word_1_127' title='bbox 481 1896 890 1962; x_wconf 79' lang='grc' dir='ltr'>ἀπειλοῦντας·</span> <span class='ocrx_word' id='word_1_128' title='bbox 950 1901 1001 1954; x_wconf 89' lang='grc' dir='ltr'><strong>εί</strong></span> <span class='ocrx_word' id='word_1_129' title='bbox 1049 1879 1315 1971; x_wconf 85' lang='grc' dir='ltr'>ὀνομάσοι</span> <span class='ocrx_word' id='word_1_130' title='bbox 1357 1879 1461 1966; x_wconf 79' lang='grc' dir='ltr'><strong>τις</strong></span> <span class='ocrx_word' id='word_1_131' title='bbox 1510 1903 1603 1956; x_wconf 83' lang='grc' dir='ltr'>τὸν</span> <span class='ocrx_word' id='word_1_132' title='bbox 1657 1879 1913 1974; x_wconf 70' lang='grc' dir='ltr'>Χριστὸν.</span> <span class='ocrx_word' id='word_1_133' title='bbox 1949 1879 1991 1933; x_wconf 77' lang='grc' dir='ltr'><strong>Β</strong></span> 
     </span>
    </p>
   </div>
   <div class='ocr_carea' id='block_1_21' title="bbox 323 1972 1909 2063">
    <p class='ocr_par' dir='ltr' id='par_1_21' title="bbox 323 1976 1909 2063">
     <span class='ocr_line' id='line_1_21' title="bbox 323 1976 1909 2063; baseline 0.008 -28"><span class='ocrx_word' id='word_1_134' title='bbox 323 1985 535 2048; x_wconf 73' lang='grc' dir='ltr'>τούτοις</span> <span class='ocrx_word' id='word_1_135' title='bbox 568 1986 735 2040; x_wconf 85' lang='grc' dir='ltr'>αὐτὸν</span> <span class='ocrx_word' id='word_1_136' title='bbox 764 1988 1010 2059; x_wconf 80' lang='grc' dir='ltr'>ἀνηλεῶς</span> <span class='ocrx_word' id='word_1_137' title='bbox 1030 1990 1490 2062; x_wconf 83' lang='grc' dir='ltr'>ὲκδαπανώμενον</span> <span class='ocrx_word' id='word_1_138' title='bbox 1510 1976 1909 2063; x_wconf 73' lang='grc' dir='ltr'>ἀποθνήσκειν·</span> 
     </span>
    </p>
   </div>
   <div class='ocr_carea' id='block_1_22' title="bbox 326 2073 1914 2157">
    <p class='ocr_par' dir='ltr' id='par_1_22' title="bbox 326 2073 1914 2157">
     <span class='ocr_line' id='line_1_22' title="bbox 326 2073 1914 2157; baseline 0.009 -31"><span class='ocrx_word' id='word_1_139' title='bbox 326 2075 489 2140; x_wconf 76' lang='grc' dir='ltr'>ζέσας</span> <span class='ocrx_word' id='word_1_140' title='bbox 518 2073 612 2132; x_wconf 83' lang='grc' dir='ltr'>οὖν</span> <span class='ocrx_word' id='word_1_141' title='bbox 646 2078 725 2150; x_wconf 85' lang='grc' dir='ltr'>τῷ</span> <span class='ocrx_word' id='word_1_142' title='bbox 762 2079 895 2151; x_wconf 81' lang='grc' dir='ltr'>θείῳ</span> <span class='ocrx_word' id='word_1_143' title='bbox 933 2081 1241 2153; x_wconf 84' lang='grc' dir='ltr'>Πνεύματι,</span> <span class='ocrx_word' id='word_1_144' title='bbox 1284 2104 1302 2135; x_wconf 77' lang='grc' dir='ltr'><strong>ι</strong></span> <span class='ocrx_word' id='word_1_145' title='bbox 1339 2085 1617 2157; x_wconf 79' lang='grc' dir='ltr'>ἐτρόμησε</span> <span class='ocrx_word' id='word_1_146' title='bbox 1655 2086 1784 2150; x_wconf 83' lang='grc' dir='ltr'>τοὺς</span> <span class='ocrx_word' id='word_1_147' title='bbox 1825 2104 1914 2140; x_wconf 88' lang='grc' dir='ltr'><strong>νε-</strong></span> 
     </span>
    </p>
   </div>
   <div class='ocr_carea' id='block_1_23' title="bbox 326 2170 1916 2245">
    <p class='ocr_par' dir='ltr' id='par_1_23' title="bbox 326 2170 1916 2245">
     <span class='ocr_line' id='line_1_23' title="bbox 326 2170 1916 2245; baseline 0.009 -24"><span class='ocrx_word' id='word_1_148' title='bbox 326 2170 497 2240; x_wconf 77' lang='grc' dir='ltr'>φροὺς</span> <span class='ocrx_word' id='word_1_149' title='bbox 531 2188 550 2221; x_wconf 75' lang='grc' dir='ltr'><strong>ι</strong></span> <span class='ocrx_word' id='word_1_150' title='bbox 614 2171 760 2225; x_wconf 88' lang='grc' dir='ltr'><strong>κατά</strong></span> <span class='ocrx_word' id='word_1_151' title='bbox 803 2172 895 2225; x_wconf 85' lang='grc' dir='ltr'>τὸν</span> <span class='ocrx_word' id='word_1_152' title='bbox 934 2175 1298 2230; x_wconf 82' lang='grc' dir='ltr'>Μακκαϐαῑον</span> <span class='ocrx_word' id='word_1_153' title='bbox 1350 2178 1583 2245; x_wconf 84' lang='grc' dir='ltr'>ἐκεῖνον,</span> <span class='ocrx_word' id='word_1_154' title='bbox 1620 2197 1639 2231; x_wconf 74' lang='grc' dir='ltr'><strong>ι</strong></span> <span class='ocrx_word' id='word_1_155' title='bbox 1685 2180 1781 2234; x_wconf 77' lang='grc' dir='ltr'><strong>καὶ</strong></span> <span class='ocrx_word' id='word_1_156' title='bbox 1821 2181 1916 2235; x_wconf 88' lang='grc' dir='ltr'>ἀν-</span> 
     </span>
    </p>
   </div>
   <div class='ocr_carea' id='block_1_24' title="bbox 326 2260 1913 2343">
    <p class='ocr_par' dir='ltr' id='par_1_24' title="bbox 326 2260 1913 2343">
     <span class='ocr_line' id='line_1_24' title="bbox 326 2260 1913 2343; baseline 0.008 -31"><span class='ocrx_word' id='word_1_157' title='bbox 326 2261 526 2330; x_wconf 83' lang='grc' dir='ltr'>ήνεγκε</span> <span class='ocrx_word' id='word_1_158' title='bbox 560 2260 729 2333; x_wconf 88' lang='grc' dir='ltr'>θυμὸν</span> <span class='ocrx_word' id='word_1_159' title='bbox 752 2265 897 2319; x_wconf 84' lang='grc' dir='ltr'>κατὰ</span> <span class='ocrx_word' id='word_1_160' title='bbox 928 2264 990 2318; x_wconf 76' lang='grc' dir='ltr'>τὸ</span> <span class='ocrx_word' id='word_1_161' title='bbox 1035 2269 1246 2338; x_wconf 85' lang='grc' dir='ltr'>κρῖμα·</span> <span class='ocrx_word' id='word_1_162' title='bbox 1289 2288 1309 2321; x_wconf 72' lang='grc' dir='ltr'><strong>ι</strong></span> <span class='ocrx_word' id='word_1_163' title='bbox 1350 2271 1446 2323; x_wconf 78' lang='grc' dir='ltr'>καὶ</span> <span class='ocrx_word' id='word_1_164' title='bbox 1484 2268 1575 2324; x_wconf 80' lang='grc' dir='ltr'>οἷα</span> <span class='ocrx_word' id='word_1_165' title='bbox 1609 2272 1747 2325; x_wconf 82' lang='grc' dir='ltr'>λέων</span> <span class='ocrx_word' id='word_1_166' title='bbox 1778 2272 1913 2343; x_wconf 83' lang='grc' dir='ltr'>βρύ-</span> 
     </span>
    </p>
   </div>
   <div class='ocr_carea' id='block_1_25' title="bbox 332 2352 1913 2434">
    <p class='ocr_par' dir='ltr' id='par_1_25' title="bbox 332 2352 1913 2434">
     <span class='ocr_line' id='line_1_25' title="bbox 332 2352 1913 2434; baseline 0.008 -29"><span class='ocrx_word' id='word_1_167' title='bbox 332 2352 427 2417; x_wconf 70' lang='lat' dir='ltr'><strong>Ea;</strong></span> <span class='ocrx_word' id='word_1_168' title='bbox 459 2354 675 2426; x_wconf 77' lang='grc' dir='ltr'>ἰσχυρὸν</span> <span class='ocrx_word' id='word_1_169' title='bbox 713 2356 812 2410; x_wconf 76' lang='grc' dir='ltr'><strong>καὶ</strong></span> <span class='ocrx_word' id='word_1_170' title='bbox 845 2356 1110 2429; x_wconf 80' lang='grc' dir='ltr'>βλοσυρὸν</span> <span class='ocrx_word' id='word_1_171' title='bbox 1140 2359 1311 2430; x_wconf 82' lang='grc' dir='ltr'>ὁρῶν,</span> <span class='ocrx_word' id='word_1_172' title='bbox 1344 2362 1591 2433; x_wconf 75' lang='grc' dir='ltr'>ἐκκόψας</span> <span class='ocrx_word' id='word_1_173' title='bbox 1618 2367 1720 2434; x_wconf 81' lang='grc' dir='ltr'>τὴν</span> <span class='ocrx_word' id='word_1_174' title='bbox 1751 2366 1913 2417; x_wconf 86' lang='grc' dir='ltr'>ἀπει-</span> 
     </span>
    </p>
   </div>
   <div class='ocr_carea' id='block_1_26' title="bbox 328 2447 1912 2525">
    <p class='ocr_par' dir='ltr' id='par_1_26' title="bbox 328 2447 1912 2525">
     <span class='ocr_line' id='line_1_26' title="bbox 328 2447 1912 2525; baseline 0.008 -27"><span class='ocrx_word' id='word_1_175' title='bbox 328 2447 446 2516; x_wconf 72' lang='grc' dir='ltr'>λὴν,</span> <span class='ocrx_word' id='word_1_176' title='bbox 473 2450 551 2510; x_wconf 87' lang='grc' dir='ltr'>εὶς</span> <span class='ocrx_word' id='word_1_177' title='bbox 582 2448 745 2517; x_wconf 83' lang='grc' dir='ltr'>μέσον</span> <span class='ocrx_word' id='word_1_178' title='bbox 775 2449 961 2502; x_wconf 76' lang='grc' dir='ltr'>αὐτῶν</span> <span class='ocrx_word' id='word_1_179' title='bbox 988 2453 1345 2524; x_wconf 78' lang='grc' dir='ltr'>εἰσεπήδησε,</span> <span class='ocrx_word' id='word_1_180' title='bbox 1371 2455 1702 2525; x_wconf 82' lang='grc' dir='ltr'>Χριστιανὸν</span> <span class='ocrx_word' id='word_1_181' title='bbox 1721 2458 1912 2512; x_wconf 78' lang='grc' dir='ltr'>ἑαυτὸν</span> 
     </span>
    </p>
   </div>
   <div class='ocr_carea' id='block_1_27' title="bbox 327 2539 1914 2620">
    <p class='ocr_par' dir='ltr' id='par_1_27' title="bbox 327 2539 1914 2620">
     <span class='ocr_line' id='line_1_27' title="bbox 327 2539 1914 2620; baseline 0.008 -29"><span class='ocrx_word' id='word_1_182' title='bbox 327 2539 666 2609; x_wconf 68' lang='grc' dir='ltr'>διχπρυσίως</span> <span class='ocrx_word' id='word_1_183' title='bbox 699 2542 1077 2611; x_wconf 86' lang='grc' dir='ltr'>ἀναγορεύων,</span> <span class='ocrx_word' id='word_1_184' title='bbox 1125 2547 1223 2600; x_wconf 79' lang='grc' dir='ltr'>καὶ</span> <span class='ocrx_word' id='word_1_185' title='bbox 1267 2547 1524 2619; x_wconf 88' lang='grc' dir='ltr'>φανερῶς</span> <span class='ocrx_word' id='word_1_186' title='bbox 1551 2548 1651 2620; x_wconf 81' lang='grc' dir='ltr'>τὴν</span> <span class='ocrx_word' id='word_1_187' title='bbox 1688 2550 1789 2620; x_wconf 80' lang='grc' dir='ltr'><strong>τῆς</strong></span> <span class='ocrx_word' id='word_1_188' title='bbox 1825 2555 1914 2604; x_wconf 80' lang='grc' dir='ltr'>εὐ-</span> 
     </span>
    </p>
   </div>
   <div class='ocr_carea' id='block_1_28' title="bbox 328 2632 1911 2715">
    <p class='ocr_par' dir='ltr' id='par_1_28' title="bbox 328 2632 1911 2715">
     <span class='ocr_line' id='line_1_28' title="bbox 328 2632 1911 2715; baseline 0.01 -33"><span class='ocrx_word' id='word_1_189' title='bbox 328 2632 546 2695; x_wconf 78' lang='grc' dir='ltr'>σεϐείας</span> <span class='ocrx_word' id='word_1_190' title='bbox 604 2633 921 2703; x_wconf 71' lang='grc' dir='ltr'>ἐμφανίζων</span> <span class='ocrx_word' id='word_1_191' title='bbox 969 2637 1272 2705; x_wconf 79' lang='grc' dir='ltr'>εὐγένειαν.</span> <span class='ocrx_word' id='word_1_192' title='bbox 1336 2641 1398 2693; x_wconf 83' lang='grc' dir='ltr'><strong><em>Ὢ</em></strong></span> <span class='ocrx_word' id='word_1_193' title='bbox 1443 2641 1625 2714; x_wconf 79' lang='grc' dir='ltr'>ψυχῆς</span> <span class='ocrx_word' id='word_1_194' title='bbox 1692 2643 1911 2715; x_wconf 86' lang='grc' dir='ltr'>ἀληθῶς</span> 
     </span>
    </p>
   </div>
   <div class='ocr_carea' id='block_1_29' title="bbox 326 2723 1913 2807">
    <p class='ocr_par' dir='ltr' id='par_1_29' title="bbox 326 2723 1913 2807">
     <span class='ocr_line' id='line_1_29' title="bbox 326 2723 1913 2807; baseline 0.01 -33"><span class='ocrx_word' id='word_1_195' title='bbox 326 2723 614 2794; x_wconf 82' lang='grc' dir='ltr'>θεοφόρου,</span> <span class='ocrx_word' id='word_1_196' title='bbox 658 2728 1020 2799; x_wconf 78' lang='grc' dir='ltr'>νενικημένης</span> <span class='ocrx_word' id='word_1_197' title='bbox 1068 2730 1149 2801; x_wconf 87' lang='grc' dir='ltr'>τῷ</span> <span class='ocrx_word' id='word_1_198' title='bbox 1201 2730 1335 2801; x_wconf 84' lang='grc' dir='ltr'>θείῳ</span> <span class='ocrx_word' id='word_1_199' title='bbox 1382 2732 1572 2802; x_wconf 79' lang='grc' dir='ltr'>ἔρωτι,</span> <span class='ocrx_word' id='word_1_200' title='bbox 1628 2736 1726 2788; x_wconf 78' lang='grc' dir='ltr'><strong>καὶ</strong></span> <span class='ocrx_word' id='word_1_201' title='bbox 1780 2736 1913 2807; x_wconf 83' lang='grc' dir='ltr'>ὅλης</span> 
     </span>
    </p>
   </div>
   <div class='ocr_carea' id='block_1_30' title="bbox 332 2816 1912 2897">
    <p class='ocr_par' dir='ltr' id='par_1_30' title="bbox 332 2816 1912 2897">
     <span class='ocr_line' id='line_1_30' title="bbox 332 2816 1912 2897; baseline 0.01 -31"><span class='ocrx_word' id='word_1_202' title='bbox 332 2834 353 2865; x_wconf 78' lang='grc' dir='ltr'><strong>ι</strong></span> <span class='ocrx_word' id='word_1_203' title='bbox 392 2816 753 2889; x_wconf 77' lang='grc' dir='ltr'>ἐξεστηκυίας</span> <span class='ocrx_word' id='word_1_204' title='bbox 784 2819 935 2892; x_wconf 78' lang='grc' dir='ltr'><strong>Θεῷί</strong></span> <span class='ocrx_word' id='word_1_205' title='bbox 980 2842 1000 2875; x_wconf 75' lang='grc' dir='ltr'><strong>ι</strong></span> <span class='ocrx_word' id='word_1_206' title='bbox 1053 2824 1117 2877; x_wconf 86' lang='grc' dir='ltr'><strong>Ὢ</strong></span> <span class='ocrx_word' id='word_1_207' title='bbox 1177 2825 1459 2895; x_wconf 84' lang='grc' dir='ltr'>μακαρίας</span> <span class='ocrx_word' id='word_1_208' title='bbox 1514 2827 1722 2897; x_wconf 77' lang='grc' dir='ltr'>φωνῆς,</span> <span class='ocrx_word' id='word_1_209' title='bbox 1775 2828 1841 2897; x_wconf 80' lang='grc' dir='ltr'><strong>ἣν</strong></span> <span class='ocrx_word' id='word_1_210' title='bbox 1883 2832 1912 2883; x_wconf 90' lang='grc' dir='ltr'><strong>ό</strong></span> 
     </span>
    </p>
   </div>
   <div class='ocr_carea' id='block_1_31' title="bbox 326 2910 1912 2991">
    <p class='ocr_par' dir='ltr' id='par_1_31' title="bbox 326 2910 1912 2991">
     <span class='ocr_line' id='line_1_31' title="bbox 326 2910 1912 2991; baseline 0.011 -31"><span class='ocrx_word' id='word_1_211' title='bbox 326 2910 653 2982; x_wconf 79' lang='grc' dir='ltr'>φερώνυμος</span> <span class='ocrx_word' id='word_1_212' title='bbox 692 2912 788 2966; x_wconf 84' lang='grc' dir='ltr'><strong>τοῦ</strong></span> <span class='ocrx_word' id='word_1_213' title='bbox 817 2914 1065 2985; x_wconf 84' lang='grc' dir='ltr'>Χριστοῦ</span> <span class='ocrx_word' id='word_1_214' title='bbox 1096 2914 1395 2988; x_wconf 81' lang='grc' dir='ltr'>Γεώργιος,</span> <span class='ocrx_word' id='word_1_215' title='bbox 1428 2917 1615 2972; x_wconf 83' lang='grc' dir='ltr'>θεόθεν</span> <span class='ocrx_word' id='word_1_216' title='bbox 1640 2921 1709 2973; x_wconf 82' lang='grc' dir='ltr'><strong>τὰ</strong></span> <span class='ocrx_word' id='word_1_217' title='bbox 1739 2921 1912 2991; x_wconf 76' lang='grc' dir='ltr'>σπέρ-</span> 
     </span>
    </p>
   </div>
   <div class='ocr_carea' id='block_1_32' title="bbox 329 3002 1911 3082">
    <p class='ocr_par' dir='ltr' id='par_1_32' title="bbox 329 3002 1911 3082">
     <span class='ocr_line' id='line_1_32' title="bbox 329 3002 1911 3082; baseline 0.009 -29"><span class='ocrx_word' id='word_1_218' title='bbox 329 3018 476 3071; x_wconf 85' lang='grc' dir='ltr'>ματα</span> <span class='ocrx_word' id='word_1_219' title='bbox 536 3002 747 3071; x_wconf 88' lang='grc' dir='ltr'>λαϐὼν,</span> <span class='ocrx_word' id='word_1_220' title='bbox 797 3006 892 3060; x_wconf 79' lang='grc' dir='ltr'>καὶ</span> <span class='ocrx_word' id='word_1_221' title='bbox 925 3007 983 3060; x_wconf 81' lang='grc' dir='ltr'><strong>ὲν</strong></span> <span class='ocrx_word' id='word_1_222' title='bbox 1022 3006 1208 3079; x_wconf 89' lang='grc' dir='ltr'>πολλῷ</span> <span class='ocrx_word' id='word_1_223' title='bbox 1261 3008 1342 3079; x_wconf 85' lang='grc' dir='ltr'>τῷ</span> <span class='ocrx_word' id='word_1_224' title='bbox 1396 3010 1576 3082; x_wconf 81' lang='grc' dir='ltr'>χρόνῳ</span> <span class='ocrx_word' id='word_1_225' title='bbox 1625 3012 1808 3077; x_wconf 87' lang='grc' dir='ltr'>καλῶς</span> <span class='ocrx_word' id='word_1_226' title='bbox 1851 3014 1911 3066; x_wconf 77' lang='grc' dir='ltr'><strong>ὲν</strong></span> 
     </span>
    </p>
   </div>
   <div class='ocr_carea' id='block_1_33' title="bbox 325 3093 1909 3179">
    <p class='ocr_par' dir='ltr' id='par_1_33' title="bbox 325 3093 1909 3179">
     <span class='ocr_line' id='line_1_33' title="bbox 325 3093 1909 3179; baseline 0.009 -33"><span class='ocrx_word' id='word_1_227' title='bbox 325 3093 527 3164; x_wconf 74' lang='grc' dir='ltr'>καρδίᾳ</span> <span class='ocrx_word' id='word_1_228' title='bbox 574 3096 929 3168; x_wconf 80' lang='grc' dir='ltr'>γεωργήσας,</span> <span class='ocrx_word' id='word_1_229' title='bbox 975 3099 1194 3155; x_wconf 85' lang='grc' dir='ltr'>τελείαν</span> <span class='ocrx_word' id='word_1_230' title='bbox 1227 3102 1502 3174; x_wconf 81' lang='grc' dir='ltr'>εὐκαίρως</span> <span class='ocrx_word' id='word_1_231' title='bbox 1550 3103 1628 3175; x_wconf 82' lang='grc' dir='ltr'>τῷ</span> <span class='ocrx_word' id='word_1_232' title='bbox 1658 3106 1909 3179; x_wconf 83' lang='grc' dir='ltr'>Δεσπότῃ</span> 
     </span>
    </p>
   </div>
   <div class='ocr_carea' id='block_1_34' title="bbox 325 3187 1980 3293">
    <p class='ocr_par' dir='ltr' id='par_1_34' title="bbox 325 3187 1980 3293">
     <span class='ocr_line' id='line_1_34' title="bbox 325 3187 1980 3293; baseline 0.007 -54"><span class='ocrx_word' id='word_1_233' title='bbox 325 3187 645 3293; x_wconf 68' lang='grc' dir='ltr'>ἀπέδωκενί</span> <span class='ocrx_word' id='word_1_234' title='bbox 680 3189 783 3242; x_wconf 87' lang='grc' dir='ltr'>Ἢν</span> <span class='ocrx_word' id='word_1_235' title='bbox 811 3190 919 3262; x_wconf 79' lang='grc' dir='ltr'>ἀὴρ</span> <span class='ocrx_word' id='word_1_236' title='bbox 959 3191 1060 3261; x_wconf 81' lang='grc' dir='ltr'><strong>μὲν</strong></span> <span class='ocrx_word' id='word_1_237' title='bbox 1094 3192 1411 3262; x_wconf 80' lang='grc' dir='ltr'>δεξάμενος,</span> <span class='ocrx_word' id='word_1_238' title='bbox 1438 3195 1679 3266; x_wconf 79' lang='grc' dir='ltr'>ἡγιάσθη</span> <span class='ocrx_word' id='word_1_239' title='bbox 1702 3212 1714 3226; x_wconf 74' lang='grc'><strong><em>⁸</em></strong></span> <span class='ocrx_word' id='word_1_240' title='bbox 1741 3197 1909 3266; x_wconf 82' lang='grc' dir='ltr'>ἄγγε-</span> <span class='ocrx_word' id='word_1_241' title='bbox 1936 3234 1980 3293; x_wconf 70' lang='lat' dir='ltr'><strong><em>C</em></strong></span> 
     </span>
    </p>
   </div>
   <div class='ocr_carea' id='block_1_35' title="bbox 324 3279 1908 3358">
    <p class='ocr_par' dir='ltr' id='par_1_35' title="bbox 324 3279 1908 3358">
     <span class='ocr_line' id='line_1_35' title="bbox 324 3279 1908 3358; baseline 0.007 -26"><span class='ocrx_word' id='word_1_242' title='bbox 324 3279 407 3333; x_wconf 87' lang='grc' dir='ltr'><strong>λοι</strong></span> <span class='ocrx_word' id='word_1_243' title='bbox 431 3280 490 3335; x_wconf 84' lang='grc' dir='ltr'><strong>δὲ</strong></span> <span class='ocrx_word' id='word_1_244' title='bbox 512 3282 812 3351; x_wconf 83' lang='grc' dir='ltr'>οὐρανόθεν</span> <span class='ocrx_word' id='word_1_245' title='bbox 842 3284 1244 3356; x_wconf 78' lang='grc' dir='ltr'>ἐπεκράτησαν,</span> <span class='ocrx_word' id='word_1_246' title='bbox 1275 3288 1614 3358; x_wconf 83' lang='grc' dir='ltr'>ἀρχάγγελοι</span> <span class='ocrx_word' id='word_1_247' title='bbox 1647 3289 1705 3342; x_wconf 76' lang='grc' dir='ltr'>δὲ</span> <span class='ocrx_word' id='word_1_248' title='bbox 1739 3290 1908 3343; x_wconf 70' lang='grc' dir='ltr'>ἑπευ-</span> 
     </span>
    </p>
   </div>
   <div class='ocr_carea' id='block_1_36' title="bbox 324 3374 1910 3454">
    <p class='ocr_par' dir='ltr' id='par_1_36' title="bbox 324 3374 1910 3454">
     <span class='ocr_line' id='line_1_36' title="bbox 324 3374 1910 3454; baseline 0.006 -28"><span class='ocrx_word' id='word_1_249' title='bbox 324 3374 615 3445; x_wconf 68' lang='grc' dir='ltr'>φήμησανυ</span> <span class='ocrx_word' id='word_1_250' title='bbox 642 3375 738 3430; x_wconf 75' lang='grc' dir='ltr'><strong>καὶ</strong></span> <span class='ocrx_word' id='word_1_251' title='bbox 766 3377 937 3429; x_wconf 85' lang='grc' dir='ltr'>πᾶσαι</span> <span class='ocrx_word' id='word_1_252' title='bbox 960 3376 1071 3431; x_wconf 89' lang='grc' dir='ltr'><strong>τῶν</strong></span> <span class='ocrx_word' id='word_1_253' title='bbox 1086 3378 1334 3449; x_wconf 80' lang='grc' dir='ltr'>οὐρανῶν</span> <span class='ocrx_word' id='word_1_254' title='bbox 1358 3380 1417 3432; x_wconf 87' lang='grc' dir='ltr'><strong>αί</strong></span> <span class='ocrx_word' id='word_1_255' title='bbox 1440 3380 1712 3451; x_wconf 85' lang='grc' dir='ltr'>Δυνάμεις</span> <span class='ocrx_word' id='word_1_256' title='bbox 1740 3382 1910 3454; x_wconf 84' lang='grc' dir='ltr'>ὑπερ-</span> 
     </span>
    </p>
   </div>
   <div class='ocr_carea' id='block_1_37' title="bbox 323 3463 1912 3540">
    <p class='ocr_par' dir='ltr' id='par_1_37' title="bbox 323 3463 1912 3540">
     <span class='ocr_line' id='line_1_37' title="bbox 323 3463 1912 3540; baseline 0.004 -24"><span class='ocrx_word' id='word_1_257' title='bbox 323 3463 614 3535; x_wconf 82' lang='grc' dir='ltr'>ηγάθησαν</span> <span class='ocrx_word' id='word_1_258' title='bbox 638 3465 704 3520; x_wconf 64' lang='grc'><strong>⁸⁸.</strong></span> <span class='ocrx_word' id='word_1_259' title='bbox 750 3465 808 3519; x_wconf 88' lang='grc' dir='ltr'><strong>Ὀ</strong></span> <span class='ocrx_word' id='word_1_260' title='bbox 853 3465 910 3519; x_wconf 84' lang='grc' dir='ltr'>δὲ</span> <span class='ocrx_word' id='word_1_261' title='bbox 945 3466 1167 3520; x_wconf 86' lang='grc' dir='ltr'>πάντων</span> <span class='ocrx_word' id='word_1_262' title='bbox 1210 3466 1348 3531; x_wconf 88' lang='grc' dir='ltr'>Θεός</span> <span class='ocrx_word' id='word_1_263' title='bbox 1396 3485 1459 3522; x_wconf 88' lang='grc' dir='ltr'><strong>τε</strong></span> <span class='ocrx_word' id='word_1_264' title='bbox 1492 3469 1587 3523; x_wconf 74' lang='grc' dir='ltr'>καὶ</span> <span class='ocrx_word' id='word_1_265' title='bbox 1631 3470 1912 3540; x_wconf 86' lang='grc' dir='ltr'>Δεσπότης</span> 
     </span>
    </p>
   </div>
   <div class='ocr_carea' id='block_1_38' title="bbox 323 3551 1912 3630">
    <p class='ocr_par' dir='ltr' id='par_1_38' title="bbox 323 3551 1912 3630">
     <span class='ocr_line' id='line_1_38' title="bbox 323 3551 1912 3630; baseline 0.004 -25"><span class='ocrx_word' id='word_1_266' title='bbox 323 3551 749 3624; x_wconf 81' lang='grc' dir='ltr'>ἀποδεξάμενος,</span> <span class='ocrx_word' id='word_1_267' title='bbox 783 3555 1016 3627; x_wconf 79' lang='grc' dir='ltr'>πρέπειν</span> <span class='ocrx_word' id='word_1_268' title='bbox 1053 3559 1118 3627; x_wconf 76' lang='grc' dir='ltr'>τῇ</span> <span class='ocrx_word' id='word_1_269' title='bbox 1151 3556 1439 3629; x_wconf 82' lang='grc' dir='ltr'>προθυμίᾳ</span> <span class='ocrx_word' id='word_1_270' title='bbox 1463 3557 1565 3628; x_wconf 79' lang='grc' dir='ltr'><strong>τήν</strong></span> <span class='ocrx_word' id='word_1_271' title='bbox 1592 3560 1912 3630; x_wconf 83' lang='grc' dir='ltr'>συμμαχίαν</span> 
     </span>
    </p>
   </div>
   <div class='ocr_carea' id='block_1_39' title="bbox 322 3645 1914 3720">
    <p class='ocr_par' dir='ltr' id='par_1_39' title="bbox 322 3645 1914 3720">
     <span class='ocr_line' id='line_1_39' title="bbox 322 3645 1914 3720; baseline 0.005 -23"><span class='ocrx_word' id='word_1_272' title='bbox 322 3645 635 3710; x_wconf 76' lang='grc' dir='ltr'>ἐδικαίωσε,</span> <span class='ocrx_word' id='word_1_273' title='bbox 674 3646 769 3699; x_wconf 74' lang='grc' dir='ltr'><strong>καὶ</strong></span> <span class='ocrx_word' id='word_1_274' title='bbox 797 3646 889 3700; x_wconf 81' lang='grc' dir='ltr'><strong>τὸν</strong></span> <span class='ocrx_word' id='word_1_275' title='bbox 922 3647 1243 3719; x_wconf 88' lang='grc' dir='ltr'>ἀμάραντον</span> <span class='ocrx_word' id='word_1_276' title='bbox 1272 3649 1422 3720; x_wconf 86' lang='grc' dir='ltr'>αὐτῷ</span> <span class='ocrx_word' id='word_1_277' title='bbox 1449 3650 1549 3720; x_wconf 88' lang='grc' dir='ltr'>τῆς</span> <span class='ocrx_word' id='word_1_278' title='bbox 1582 3650 1740 3720; x_wconf 87' lang='grc' dir='ltr'>νίκης</span> <span class='ocrx_word' id='word_1_279' title='bbox 1765 3650 1914 3719; x_wconf 81' lang='grc' dir='ltr'>ἡτοί-</span> 
     </span>
    </p>
   </div>
   <div class='ocr_carea' id='block_1_40' title="bbox 328 3737 1910 3814">
    <p class='ocr_par' dir='ltr' id='par_1_40' title="bbox 328 3737 1910 3814">
     <span class='ocr_line' id='line_1_40' title="bbox 328 3737 1910 3814; baseline 0.005 -26"><span class='ocrx_word' id='word_1_280' title='bbox 328 3753 473 3807; x_wconf 88' lang='grc' dir='ltr'>μασε</span> <span class='ocrx_word' id='word_1_281' title='bbox 506 3737 794 3807; x_wconf 76' lang='grc' dir='ltr'>στέφανον.</span> <span class='ocrx_word' id='word_1_282' title='bbox 816 3737 891 3791; x_wconf 87' lang='grc' dir='ltr'>Τὸ</span> <span class='ocrx_word' id='word_1_283' title='bbox 913 3738 970 3791; x_wconf 85' lang='grc' dir='ltr'>δὲ</span> <span class='ocrx_word' id='word_1_284' title='bbox 1004 3741 1191 3808; x_wconf 81' lang='grc' dir='ltr'>στῖφος</span> <span class='ocrx_word' id='word_1_285' title='bbox 1220 3739 1329 3793; x_wconf 92' lang='grc' dir='ltr'><strong>τῶν</strong></span> <span class='ocrx_word' id='word_1_286' title='bbox 1360 3739 1577 3794; x_wconf 87' lang='grc' dir='ltr'>ἀσεϐῶν</span> <span class='ocrx_word' id='word_1_287' title='bbox 1608 3740 1910 3814; x_wconf 75' lang='grc' dir='ltr'>ἐξεπλάγη.</span> 
     </span>
    </p>
   </div>
   <div class='ocr_carea' id='block_1_41' title="bbox 327 3828 1910 3904">
    <p class='ocr_par' dir='ltr' id='par_1_41' title="bbox 327 3828 1910 3904">
     <span class='ocr_line' id='line_1_41' title="bbox 327 3828 1910 3904; baseline 0.003 -22"><span class='ocrx_word' id='word_1_288' title='bbox 327 3831 421 3882; x_wconf 75' lang='grc' dir='ltr'>καὶ</span> <span class='ocrx_word' id='word_1_289' title='bbox 445 3830 472 3881; x_wconf 90' lang='grc' dir='ltr'><strong>ό</strong></span> <span class='ocrx_word' id='word_1_290' title='bbox 500 3828 705 3883; x_wconf 89' lang='grc' dir='ltr'>τούτων</span> <span class='ocrx_word' id='word_1_291' title='bbox 749 3830 1059 3902; x_wconf 84' lang='grc' dir='ltr'>στρατηγὸς</span> <span class='ocrx_word' id='word_1_292' title='bbox 1086 3830 1340 3895; x_wconf 86' lang='grc' dir='ltr'>διάϐολος</span> <span class='ocrx_word' id='word_1_293' title='bbox 1362 3828 1643 3895; x_wconf 83' lang='grc' dir='ltr'>ἀκούσας,</span> <span class='ocrx_word' id='word_1_294' title='bbox 1688 3833 1910 3904; x_wconf 81' lang='grc' dir='ltr'>καιρίαν</span> 
     </span>
    </p>
   </div>
   <div class='ocr_carea' id='block_1_42' title="bbox 326 3918 1911 3994">
    <p class='ocr_par' dir='ltr' id='par_1_42' title="bbox 326 3918 1911 3994">
     <span class='ocr_line' id='line_1_42' title="bbox 326 3918 1911 3994; baseline 0.004 -23"><span class='ocrx_word' id='word_1_295' title='bbox 326 3919 540 3992; x_wconf 80' lang='grc' dir='ltr'>πληγὴν</span> <span class='ocrx_word' id='word_1_296' title='bbox 570 3918 810 3985; x_wconf 78' lang='grc' dir='ltr'>ἐδέξατο.</span> <span class='ocrx_word' id='word_1_297' title='bbox 831 3920 888 3974; x_wconf 87' lang='lat'><strong>&#39;0</strong></span> <span class='ocrx_word' id='word_1_298' title='bbox 922 3920 1103 3989; x_wconf 81' lang='grc' dir='ltr'>μέντοι</span> <span class='ocrx_word' id='word_1_299' title='bbox 1130 3923 1377 3990; x_wconf 77' lang='grc' dir='ltr'>γενναῖος</span> <span class='ocrx_word' id='word_1_300' title='bbox 1411 3922 1674 3993; x_wconf 82' lang='grc' dir='ltr'>ἀθλητὴς,</span> <span class='ocrx_word' id='word_1_301' title='bbox 1706 3922 1911 3994; x_wconf 68' lang='grc' dir='ltr'>ὲπέμευ</span> 
     </span>
    </p>
   </div>
   <div class='ocr_carea' id='block_1_43' title="bbox 324 4012 1919 4086">
    <p class='ocr_par' dir='ltr' id='par_1_43' title="bbox 324 4012 1919 4086">
     <span class='ocr_line' id='line_1_43' title="bbox 324 4012 1919 4086; baseline 0.004 -22"><span class='ocrx_word' id='word_1_302' title='bbox 324 4031 384 4065; x_wconf 79' lang='grc' dir='ltr'><strong>νε</strong></span> <span class='ocrx_word' id='word_1_303' title='bbox 423 4012 657 4084; x_wconf 83' lang='grc' dir='ltr'>λαμπρᾷ</span> <span class='ocrx_word' id='word_1_304' title='bbox 685 4014 780 4068; x_wconf 79' lang='grc' dir='ltr'>καὶ</span> <span class='ocrx_word' id='word_1_305' title='bbox 830 4014 1026 4086; x_wconf 80' lang='grc' dir='ltr'>ἰσχυρᾷ</span> <span class='ocrx_word' id='word_1_306' title='bbox 1051 4017 1117 4086; x_wconf 80' lang='grc' dir='ltr'>τῇ</span> <span class='ocrx_word' id='word_1_307' title='bbox 1150 4017 1299 4085; x_wconf 82' lang='grc' dir='ltr'>φωνῇ</span> <span class='ocrx_word' id='word_1_308' title='bbox 1343 4014 1477 4068; x_wconf 79' lang='grc' dir='ltr'>θεὸν</span> <span class='ocrx_word' id='word_1_309' title='bbox 1514 4015 1797 4085; x_wconf 82' lang='grc' dir='ltr'>ὁμολογῶν</span> <span class='ocrx_word' id='word_1_310' title='bbox 1819 4017 1919 4071; x_wconf 76' lang='grc' dir='ltr'><strong>τὸν</strong></span> 
     </span>
    </p>
   </div>
   <div class='ocr_carea' id='block_1_44' title="bbox 326 4105 1913 4180">
    <p class='ocr_par' dir='ltr' id='par_1_44' title="bbox 326 4105 1913 4180">
     <span class='ocr_line' id='line_1_44' title="bbox 326 4105 1913 4180; baseline 0.003 -21"><span class='ocrx_word' id='word_1_311' title='bbox 326 4105 588 4174; x_wconf 79' lang='grc' dir='ltr'>Χριστὸν,</span> <span class='ocrx_word' id='word_1_312' title='bbox 632 4105 896 4177; x_wconf 78' lang='grc' dir='ltr'>δαίμονας</span> <span class='ocrx_word' id='word_1_313' title='bbox 927 4108 983 4161; x_wconf 79' lang='grc' dir='ltr'>δὲ</span> <span class='ocrx_word' id='word_1_314' title='bbox 1014 4111 1141 4172; x_wconf 67' lang='grc' dir='ltr'>τοὺς</span> <span class='ocrx_word' id='word_1_315' title='bbox 1176 4112 1311 4180; x_wconf 80' lang='grc' dir='ltr'>παρ’</span> <span class='ocrx_word' id='word_1_316' title='bbox 1360 4108 1544 4162; x_wconf 86' lang='grc' dir='ltr'>αὐτῶν</span> <span class='ocrx_word' id='word_1_317' title='bbox 1573 4126 1913 4177; x_wconf 84' lang='grc' dir='ltr'>προσκυνου-</span> 
     </span>
    </p>
   </div>
   <div class='ocr_carea' id='block_1_45' title="bbox 421 4281 1429 4346">
    <p class='ocr_par' dir='ltr' id='par_1_45' title="bbox 421 4281 1429 4346">
     <span class='ocr_line' id='line_1_45' title="bbox 421 4281 1429 4346; baseline -0.004 -5"><span class='ocrx_word' id='word_1_318' title='bbox 421 4289 442 4315; x_wconf 69' lang='grc' dir='ltr'><strong>θ</strong></span> <span class='ocrx_word' id='word_1_319' title='bbox 481 4286 519 4340; x_wconf 89' lang='lat' dir='ltr'><strong>ll</strong></span> <span class='ocrx_word' id='word_1_320' title='bbox 556 4281 688 4336; x_wconf 79' lang='lat' dir='ltr'><strong>Cur.</strong></span> <span class='ocrx_word' id='word_1_321' title='bbox 753 4299 806 4346; x_wconf 67' lang='grc' dir='ltr'><strong>κ,</strong></span> <span class='ocrx_word' id='word_1_322' title='bbox 846 4283 896 4336; x_wconf 69' lang='grc'><strong>4.</strong></span> <span class='ocrx_word' id='word_1_323' title='bbox 981 4283 1004 4321; x_wconf 72' lang='grc' dir='ltr'>δ</span> <span class='ocrx_word' id='word_1_324' title='bbox 1032 4282 1067 4335; x_wconf 81' lang='lat' dir='ltr'><strong>ll</strong></span> <span class='ocrx_word' id='word_1_325' title='bbox 1098 4284 1228 4335; x_wconf 64' lang='lat' dir='ltr'><strong>(Tur.</strong></span> <span class='ocrx_word' id='word_1_326' title='bbox 1271 4300 1343 4345; x_wconf 87' lang='lat' dir='ltr'><strong>vt,</strong></span> <span class='ocrx_word' id='word_1_327' title='bbox 1379 4284 1429 4338; x_wconf 81' lang='lat'><strong>7.</strong></span> 
     </span>
    </p>
   </div>
   <div class='ocr_carea' id='block_1_46' title="bbox 1512 4283 2025 4349">
    <p class='ocr_par' dir='ltr' id='par_1_46' title="bbox 1512 4283 2025 4349">
     <span class='ocr_line' id='line_1_46' title="bbox 1512 4283 2025 4349; baseline 0.002 -12"><span class='ocrx_word' id='word_1_328' title='bbox 1512 4296 1533 4323; x_wconf 76' lang='grc' dir='ltr'><strong>ο</strong></span> <span class='ocrx_word' id='word_1_329' title='bbox 1572 4286 1588 4337; x_wconf 89' lang='lat' dir='ltr'><strong>l</strong></span> <span class='ocrx_word' id='word_1_330' title='bbox 1629 4283 1813 4339; x_wconf 82' lang='lat' dir='ltr'><strong>Maeli.</strong></span> <span class='ocrx_word' id='word_1_331' title='bbox 1844 4299 1902 4349; x_wconf 84' lang='lat' dir='ltr'><strong>ll,</strong></span> <span class='ocrx_word' id='word_1_332' title='bbox 1934 4283 2025 4338; x_wconf 64' lang='lat'><strong>24.</strong></span> 
     </span>
    </p>
   </div>
   <div class='ocr_carea' id='block_1_47' title="bbox 2022 617 3611 687">
    <p class='ocr_par' dir='ltr' id='par_1_47' title="bbox 2022 617 3611 687">
     <span class='ocr_line' id='line_1_47' title="bbox 2022 617 3611 687; baseline 0.001 -16"><span class='ocrx_word' id='word_1_333' title='bbox 2022 617 2153 685; x_wconf 88' lang='lat' dir='ltr'><strong>Deo,</strong></span> <span class='ocrx_word' id='word_1_334' title='bbox 2174 620 2239 671; x_wconf 85' lang='lat' dir='ltr'><strong>ad</strong></span> <span class='ocrx_word' id='word_1_335' title='bbox 2268 621 2694 674; x_wconf 80' lang='lat' dir='ltr'><strong>destructionem</strong></span> <span class='ocrx_word' id='word_1_336' title='bbox 2722 624 3094 676; x_wconf 75' lang='lat' dir='ltr'><strong>munitionum</strong></span> <span class='ocrx_word' id='word_1_337' title='bbox 3114 634 3162 677; x_wconf 69' lang='grc' dir='ltr'>ε.</span> <span class='ocrx_word' id='word_1_338' title='bbox 3182 641 3200 674; x_wconf 73' lang='grc' dir='ltr'><strong>ι</strong></span> <span class='ocrx_word' id='word_1_339' title='bbox 3236 620 3433 676; x_wconf 82' lang='lat' dir='ltr'><strong>Statim</strong></span> <span class='ocrx_word' id='word_1_340' title='bbox 3457 636 3611 687; x_wconf 61' lang='lat' dir='ltr'><strong>eruo,</strong></span> 
     </span>
    </p>
   </div>
   <div class='ocr_carea' id='block_1_48' title="bbox 2022 711 3611 780">
    <p class='ocr_par' dir='ltr' id='par_1_48' title="bbox 2022 711 3611 780">
     <span class='ocr_line' id='line_1_48' title="bbox 2022 711 3611 780; baseline 0 -16"><span class='ocrx_word' id='word_1_341' title='bbox 2022 725 2145 764; x_wconf 90' lang='lat' dir='ltr'><strong>cum</strong></span> <span class='ocrx_word' id='word_1_342' title='bbox 2201 727 2231 765; x_wconf 88' lang='lat' dir='ltr'><strong>e</strong></span> <span class='ocrx_word' id='word_1_343' title='bbox 2285 712 2423 765; x_wconf 66' lang='lat' dir='ltr'><strong>raelo</strong></span> <span class='ocrx_word' id='word_1_344' title='bbox 2477 711 2783 779; x_wconf 91' lang='lat' dir='ltr'><strong>adjutorem</strong></span> <span class='ocrx_word' id='word_1_345' title='bbox 2834 714 2938 767; x_wconf 83' lang='lat' dir='ltr'><strong>sibi</strong></span> <span class='ocrx_word' id='word_1_346' title='bbox 2987 728 3111 767; x_wconf 91' lang='lat' dir='ltr'><strong>eum</strong></span> <span class='ocrx_word' id='word_1_347' title='bbox 3166 721 3473 776; x_wconf 81' lang='lat' dir='ltr'><strong>cvocasset,</strong></span> <span class='ocrx_word' id='word_1_348' title='bbox 3517 713 3611 780; x_wconf 90' lang='lat' dir='ltr'><strong>qui</strong></span> 
     </span>
    </p>
   </div>
   <div class='ocr_carea' id='block_1_49' title="bbox 2023 802 3582 873">
    <p class='ocr_par' dir='ltr' id='par_1_49' title="bbox 2023 802 3582 873">
     <span class='ocr_line' id='line_1_49' title="bbox 2023 802 3582 873; baseline -0.001 -17"><span class='ocrx_word' id='word_1_349' title='bbox 2023 803 2137 871; x_wconf 89' lang='lat' dir='ltr'><strong>ipse</strong></span> <span class='ocrx_word' id='word_1_350' title='bbox 2163 802 2497 869; x_wconf 78' lang='lat' dir='ltr'><strong>agonotlteta</strong></span> <span class='ocrx_word' id='word_1_351' title='bbox 2540 818 2603 856; x_wconf 90' lang='lat' dir='ltr'><strong>ac</strong></span> <span class='ocrx_word' id='word_1_352' title='bbox 2620 803 2981 857; x_wconf 79' lang='lat' dir='ltr'><strong>certaminum</strong></span> <span class='ocrx_word' id='word_1_353' title='bbox 3005 817 3209 873; x_wconf 69' lang='lat' dir='ltr'><strong>prmses</strong></span> <span class='ocrx_word' id='word_1_354' title='bbox 3236 812 3416 863; x_wconf 82' lang='lat' dir='ltr'><strong>esset,</strong></span> <span class='ocrx_word' id='word_1_355' title='bbox 3444 804 3582 856; x_wconf 89' lang='lat' dir='ltr'><strong>iram</strong></span> 
     </span>
    </p>
   </div>
   <div class='ocr_carea' id='block_1_50' title="bbox 2022 892 3615 962">
    <p class='ocr_par' dir='ltr' id='par_1_50' title="bbox 2022 892 3615 962">
     <span class='ocr_line' id='line_1_50' title="bbox 2022 892 3615 962; baseline 0.001 -19"><span class='ocrx_word' id='word_1_356' title='bbox 2022 909 2186 961; x_wconf 76' lang='lat' dir='ltr'><strong>quea</strong></span> <span class='ocrx_word' id='word_1_357' title='bbox 2216 902 2416 946; x_wconf 91' lang='lat' dir='ltr'><strong>natura</strong></span> <span class='ocrx_word' id='word_1_358' title='bbox 2457 892 2687 946; x_wconf 89' lang='lat' dir='ltr'><strong>inditam</strong></span> <span class='ocrx_word' id='word_1_359' title='bbox 2730 900 3086 962; x_wconf 86' lang='lat' dir='ltr'><strong>provocasset</strong></span> <span class='ocrx_word' id='word_1_360' title='bbox 3115 910 3129 947; x_wconf 88' lang='lat'><strong>:</strong></span> <span class='ocrx_word' id='word_1_361' title='bbox 3177 900 3467 956; x_wconf 90' lang='lat' dir='ltr'><strong>assumpto</strong></span> <span class='ocrx_word' id='word_1_362' title='bbox 3498 895 3615 947; x_wconf 86' lang='lat' dir='ltr'><strong>zelo</strong></span> 
     </span>
    </p>
   </div>
   <div class='ocr_carea' id='block_1_51' title="bbox 2023 980 3612 1052">
    <p class='ocr_par' dir='ltr' id='par_1_51' title="bbox 2023 980 3612 1052">
     <span class='ocr_line' id='line_1_51' title="bbox 2023 980 3612 1052; baseline -0.003 -16"><span class='ocrx_word' id='word_1_363' title='bbox 2023 982 2152 1037; x_wconf 66' lang='lat' dir='ltr'><strong>Elia:</strong></span> <span class='ocrx_word' id='word_1_364' title='bbox 2177 982 2479 1051; x_wconf 60' lang='lat' dir='ltr'><strong>propheta,</strong></span> <span class='ocrx_word' id='word_1_365' title='bbox 2531 982 2793 1052; x_wconf 86' lang='lat' dir='ltr'><strong>justeque</strong></span> <span class='ocrx_word' id='word_1_366' title='bbox 2840 985 3261 1037; x_wconf 81' lang='lat' dir='ltr'><strong>excandescens</strong></span> <span class='ocrx_word' id='word_1_367' title='bbox 3297 1001 3310 1036; x_wconf 88' lang='lat'><strong>:</strong></span> <span class='ocrx_word' id='word_1_368' title='bbox 3342 1000 3361 1030; x_wconf 75' lang='grc' dir='ltr'><strong>ι</strong></span> <span class='ocrx_word' id='word_1_369' title='bbox 3393 980 3497 1035; x_wconf 84' lang='lat' dir='ltr'><strong>Per</strong></span> <span class='ocrx_word' id='word_1_370' title='bbox 3522 996 3612 1033; x_wconf 85' lang='lat' dir='ltr'><strong>ar—</strong></span> 
     </span>
    </p>
   </div>
   <div class='ocr_carea' id='block_1_52' title="bbox 2021 1071 3615 1141">
    <p class='ocr_par' dir='ltr' id='par_1_52' title="bbox 2021 1071 3615 1141">
     <span class='ocr_line' id='line_1_52' title="bbox 2021 1071 3615 1141; baseline -0.002 -15"><span class='ocrx_word' id='word_1_371' title='bbox 2021 1088 2109 1126; x_wconf 83' lang='lat' dir='ltr'><strong>ma</strong></span> <span class='ocrx_word' id='word_1_372' title='bbox 2128 1072 2358 1141; x_wconf 69' lang='lat' dir='ltr'><strong>justitia:</strong></span> <span class='ocrx_word' id='word_1_373' title='bbox 2398 1087 2427 1124; x_wconf 89' lang='lat' dir='ltr'><strong>a</strong></span> <span class='ocrx_word' id='word_1_374' title='bbox 2461 1071 2676 1126; x_wconf 80' lang='lat' dir='ltr'><strong>dextris</strong></span> <span class='ocrx_word' id='word_1_375' title='bbox 2703 1083 2753 1128; x_wconf 87' lang='lat' dir='ltr'><strong>et</strong></span> <span class='ocrx_word' id='word_1_376' title='bbox 2780 1073 3025 1128; x_wconf 86' lang='lat' dir='ltr'><strong>sinistris</strong></span> <span class='ocrx_word' id='word_1_377' title='bbox 3042 1072 3125 1137; x_wconf 57' lang='lat'><strong>5,»</strong></span> <span class='ocrx_word' id='word_1_378' title='bbox 3149 1072 3474 1137; x_wconf 85' lang='lat' dir='ltr'><strong>injustitiam</strong></span> <span class='ocrx_word' id='word_1_379' title='bbox 3513 1076 3615 1123; x_wconf 86' lang='lat' dir='ltr'><strong>ad-</strong></span> 
     </span>
    </p>
   </div>
   <div class='ocr_carea' id='block_1_53' title="bbox 2020 1163 3610 1233">
    <p class='ocr_par' dir='ltr' id='par_1_53' title="bbox 2020 1163 3610 1233">
     <span class='ocr_line' id='line_1_53' title="bbox 2020 1163 3610 1233; baseline -0.004 -14"><span class='ocrx_word' id='word_1_380' title='bbox 2020 1174 2298 1231; x_wconf 90' lang='lat' dir='ltr'><strong>ortus;ac</strong></span> <span class='ocrx_word' id='word_1_381' title='bbox 2325 1163 2450 1217; x_wconf 89' lang='lat' dir='ltr'><strong>loco</strong></span> <span class='ocrx_word' id='word_1_382' title='bbox 2478 1163 2762 1232; x_wconf 90' lang='lat' dir='ltr'><strong>quodam,</strong></span> <span class='ocrx_word' id='word_1_383' title='bbox 2801 1164 3166 1233; x_wconf 82' lang='lat' dir='ltr'><strong>imperatores</strong></span> <span class='ocrx_word' id='word_1_384' title='bbox 3206 1164 3330 1218; x_wconf 90' lang='lat' dir='ltr'><strong>illos</strong></span> <span class='ocrx_word' id='word_1_385' title='bbox 3364 1163 3610 1226; x_wconf 78' lang='lat' dir='ltr'><strong>nomine,</strong></span> 
     </span>
    </p>
   </div>
   <div class='ocr_carea' id='block_1_54' title="bbox 2021 1255 3614 1331">
    <p class='ocr_par' dir='ltr' id='par_1_54' title="bbox 2021 1255 3614 1331">
     <span class='ocr_line' id='line_1_54' title="bbox 2021 1255 3614 1331; baseline -0.004 -17"><span class='ocrx_word' id='word_1_386' title='bbox 2021 1273 2082 1314; x_wconf 89' lang='lat' dir='ltr'><strong>re</strong></span> <span class='ocrx_word' id='word_1_387' title='bbox 2135 1269 2316 1313; x_wconf 87' lang='lat' dir='ltr'><strong>autem</strong></span> <span class='ocrx_word' id='word_1_388' title='bbox 2362 1271 2490 1311; x_wconf 89' lang='lat' dir='ltr'><strong>vera</strong></span> <span class='ocrx_word' id='word_1_389' title='bbox 2530 1255 2833 1331; x_wconf 80' lang='lat' dir='ltr'><strong>impietatis</strong></span> <span class='ocrx_word' id='word_1_390' title='bbox 2895 1257 3128 1325; x_wconf 91' lang='lat' dir='ltr'><strong>imperio</strong></span> <span class='ocrx_word' id='word_1_391' title='bbox 3189 1256 3614 1323; x_wconf 85' lang='lat' dir='ltr'><strong>mancipatosac</strong></span> 
     </span>
    </p>
   </div>
   <div class='ocr_carea' id='block_1_55' title="bbox 2020 1348 3610 1419">
    <p class='ocr_par' dir='ltr' id='par_1_55' title="bbox 2020 1348 3610 1419">
     <span class='ocr_line' id='line_1_55' title="bbox 2020 1348 3610 1419; baseline -0.004 -15"><span class='ocrx_word' id='word_1_392' title='bbox 2020 1365 2234 1413; x_wconf 90' lang='lat' dir='ltr'><strong>servos,</strong></span> <span class='ocrx_word' id='word_1_393' title='bbox 2273 1350 2566 1405; x_wconf 87' lang='lat' dir='ltr'><strong>inveniens</strong></span> <span class='ocrx_word' id='word_1_394' title='bbox 2609 1363 2623 1403; x_wconf 88' lang='lat'><strong>:</strong></span> <span class='ocrx_word' id='word_1_395' title='bbox 2656 1350 2862 1419; x_wconf 82' lang='lat' dir='ltr'><strong>quippe</strong></span> <span class='ocrx_word' id='word_1_396' title='bbox 2905 1349 2999 1417; x_wconf 86' lang='lat' dir='ltr'><strong>qui</strong></span> <span class='ocrx_word' id='word_1_397' title='bbox 3037 1349 3271 1418; x_wconf 88' lang='lat' dir='ltr'><strong>imperio</strong></span> <span class='ocrx_word' id='word_1_398' title='bbox 3304 1348 3610 1401; x_wconf 81' lang='lat' dir='ltr'><strong>abuteren-</strong></span> 
     </span>
    </p>
   </div>
   <div class='ocr_carea' id='block_1_56' title="bbox 2021 1438 3615 1513">
    <p class='ocr_par' dir='ltr' id='par_1_56' title="bbox 2021 1438 3615 1513">
     <span class='ocr_line' id='line_1_56' title="bbox 2021 1438 3615 1513; baseline -0.004 -16"><span class='ocrx_word' id='word_1_399' title='bbox 2021 1451 2112 1499; x_wconf 90' lang='lat' dir='ltr'><strong>tur</strong></span> <span class='ocrx_word' id='word_1_400' title='bbox 2137 1444 2409 1499; x_wconf 78' lang='lat' dir='ltr'><strong>adversus</strong></span> <span class='ocrx_word' id='word_1_401' title='bbox 2451 1458 2578 1498; x_wconf 89' lang='lat' dir='ltr'><strong>eum</strong></span> <span class='ocrx_word' id='word_1_402' title='bbox 2614 1445 2708 1513; x_wconf 89' lang='lat' dir='ltr'><strong>qui</strong></span> <span class='ocrx_word' id='word_1_403' title='bbox 2747 1441 3161 1507; x_wconf 72' lang='lat' dir='ltr'><strong>concessisset;</strong></span> <span class='ocrx_word' id='word_1_404' title='bbox 3202 1456 3305 1495; x_wconf 91' lang='lat' dir='ltr'><strong>nec</strong></span> <span class='ocrx_word' id='word_1_405' title='bbox 3345 1456 3453 1494; x_wconf 90' lang='lat' dir='ltr'><strong>non</strong></span> <span class='ocrx_word' id='word_1_406' title='bbox 3493 1438 3615 1492; x_wconf 85' lang='lat' dir='ltr'><strong>infi-</strong></span> 
     </span>
    </p>
   </div>
   <div class='ocr_carea' id='block_1_57' title="bbox 2020 1531 3613 1603">
    <p class='ocr_par' dir='ltr' id='par_1_57' title="bbox 2020 1531 3613 1603">
     <span class='ocr_line' id='line_1_57' title="bbox 2020 1531 3613 1603; baseline -0.004 -15"><span class='ocrx_word' id='word_1_407' title='bbox 2020 1535 2136 1588; x_wconf 79' lang='lat' dir='ltr'><strong>nita</strong></span> <span class='ocrx_word' id='word_1_408' title='bbox 2187 1541 2603 1588; x_wconf 84' lang='lat' dir='ltr'><strong>tormentorum</strong></span> <span class='ocrx_word' id='word_1_409' title='bbox 2664 1546 2888 1603; x_wconf 86' lang='lat' dir='ltr'><strong>genera,</strong></span> <span class='ocrx_word' id='word_1_410' title='bbox 2933 1531 3055 1585; x_wconf 91' lang='lat' dir='ltr'><strong>foro</strong></span> <span class='ocrx_word' id='word_1_411' title='bbox 3090 1532 3312 1602; x_wconf 86' lang='lat' dir='ltr'><strong>publico</strong></span> <span class='ocrx_word' id='word_1_412' title='bbox 3349 1531 3613 1583; x_wconf 83' lang='lat' dir='ltr'><strong>adversus</strong></span> 
     </span>
    </p>
   </div>
   <div class='ocr_carea' id='block_1_58' title="bbox 2018 1623 3613 1698">
    <p class='ocr_par' dir='ltr' id='par_1_58' title="bbox 2018 1623 3613 1698">
     <span class='ocr_line' id='line_1_58' title="bbox 2018 1623 3613 1698; baseline -0.004 -17"><span class='ocrx_word' id='word_1_413' title='bbox 2018 1642 2118 1682; x_wconf 89' lang='lat' dir='ltr'><strong>eos</strong></span> <span class='ocrx_word' id='word_1_414' title='bbox 2184 1628 2513 1698; x_wconf 88' lang='lat' dir='ltr'><strong>proposita;</strong></span> <span class='ocrx_word' id='word_1_415' title='bbox 2547 1642 2658 1681; x_wconf 91' lang='lat' dir='ltr'><strong>non</strong></span> <span class='ocrx_word' id='word_1_416' title='bbox 2709 1627 2804 1696; x_wconf 90' lang='lat' dir='ltr'><strong>qui</strong></span> <span class='ocrx_word' id='word_1_417' title='bbox 2844 1626 2922 1680; x_wconf 85' lang='lat' dir='ltr'><strong>rei</strong></span> <span class='ocrx_word' id='word_1_418' title='bbox 2956 1635 3171 1687; x_wconf 79' lang='lat' dir='ltr'><strong>essent,</strong></span> <span class='ocrx_word' id='word_1_419' title='bbox 3237 1624 3482 1693; x_wconf 87' lang='lat' dir='ltr'><strong>iniqnive</strong></span> <span class='ocrx_word' id='word_1_420' title='bbox 3511 1623 3613 1675; x_wconf 86' lang='lat' dir='ltr'><strong>ali-</strong></span> 
     </span>
    </p>
   </div>
   <div class='ocr_carea' id='block_1_59' title="bbox 2019 1717 3595 1789">
    <p class='ocr_par' dir='ltr' id='par_1_59' title="bbox 2019 1717 3595 1789">
     <span class='ocr_line' id='line_1_59' title="bbox 2019 1717 3595 1789; baseline -0.004 -15"><span class='ocrx_word' id='word_1_421' title='bbox 2019 1720 2151 1789; x_wconf 89' lang='lat' dir='ltr'><strong>quid</strong></span> <span class='ocrx_word' id='word_1_422' title='bbox 2206 1719 2602 1784; x_wconf 84' lang='lat' dir='ltr'><strong>admisissent,</strong></span> <span class='ocrx_word' id='word_1_423' title='bbox 2669 1718 2765 1774; x_wconf 85' lang='lat' dir='ltr'><strong>sed</strong></span> <span class='ocrx_word' id='word_1_424' title='bbox 2821 1720 2914 1785; x_wconf 90' lang='lat' dir='ltr'><strong>qui</strong></span> <span class='ocrx_word' id='word_1_425' title='bbox 2977 1718 3237 1787; x_wconf 70' lang='lat' dir='ltr'><strong>pietatem</strong></span> <span class='ocrx_word' id='word_1_426' title='bbox 3293 1717 3595 1769; x_wconf 90' lang='lat' dir='ltr'><strong>colerent:</strong></span> 
     </span>
    </p>
   </div>
   <div class='ocr_carea' id='block_1_60' title="bbox 2020 1808 3609 1883">
    <p class='ocr_par' dir='ltr' id='par_1_60' title="bbox 2020 1808 3609 1883">
     <span class='ocr_line' id='line_1_60' title="bbox 2020 1808 3609 1883; baseline -0.006 -15"><span class='ocrx_word' id='word_1_427' title='bbox 2020 1814 2200 1868; x_wconf 89' lang='lat' dir='ltr'><strong>omnis</strong></span> <span class='ocrx_word' id='word_1_428' title='bbox 2239 1813 2420 1867; x_wconf 65' lang='lat' dir='ltr'><strong>artatis</strong></span> <span class='ocrx_word' id='word_1_429' title='bbox 2453 1823 2507 1865; x_wconf 92' lang='lat' dir='ltr'><strong>et</strong></span> <span class='ocrx_word' id='word_1_430' title='bbox 2538 1811 2759 1883; x_wconf 88' lang='lat' dir='ltr'><strong>generis</strong></span> <span class='ocrx_word' id='word_1_431' title='bbox 2786 1811 3069 1872; x_wconf 89' lang='lat' dir='ltr'><strong>tribubus,</strong></span> <span class='ocrx_word' id='word_1_432' title='bbox 3120 1808 3510 1879; x_wconf 78' lang='lat' dir='ltr'><strong>gentibusque,</strong></span> <span class='ocrx_word' id='word_1_433' title='bbox 3553 1814 3609 1860; x_wconf 86' lang='lat' dir='ltr'><strong>et</strong></span> 
     </span>
    </p>
   </div>
   <div class='ocr_carea' id='block_1_61' title="bbox 2024 1901 3615 1976">
    <p class='ocr_par' dir='ltr' id='par_1_61' title="bbox 2024 1901 3615 1976">
     <span class='ocr_line' id='line_1_61' title="bbox 2024 1901 3615 1976; baseline -0.004 -17"><span class='ocrx_word' id='word_1_434' title='bbox 2024 1908 2248 1976; x_wconf 78' lang='lat' dir='ltr'><strong>linguis,</strong></span> <span class='ocrx_word' id='word_1_435' title='bbox 2270 1906 2502 1967; x_wconf 81' lang='lat' dir='ltr'><strong>circum,</strong></span> <span class='ocrx_word' id='word_1_436' title='bbox 2525 1905 2724 1966; x_wconf 87' lang='lat' dir='ltr'><strong>armis,</strong></span> <span class='ocrx_word' id='word_1_437' title='bbox 2756 1902 2930 1972; x_wconf 89' lang='lat' dir='ltr'><strong>impia</strong></span> <span class='ocrx_word' id='word_1_438' title='bbox 2953 1901 3358 1955; x_wconf 87' lang='lat' dir='ltr'><strong>concionantes</strong></span> <span class='ocrx_word' id='word_1_439' title='bbox 3397 1901 3615 1969; x_wconf 89' lang='lat' dir='ltr'><strong>stipan-</strong></span> 
     </span>
    </p>
   </div>
   <div class='ocr_carea' id='block_1_62' title="bbox 2025 1990 3608 2062">
    <p class='ocr_par' dir='ltr' id='par_1_62' title="bbox 2025 1990 3608 2062">
     <span class='ocr_line' id='line_1_62' title="bbox 2025 1990 3608 2062; baseline -0.008 -7"><span class='ocrx_word' id='word_1_440' title='bbox 2025 1999 2194 2062; x_wconf 86' lang='lat' dir='ltr'><strong>tibus,</strong></span> <span class='ocrx_word' id='word_1_441' title='bbox 2229 2012 2294 2053; x_wconf 88' lang='lat' dir='ltr'><strong>ac</strong></span> <span class='ocrx_word' id='word_1_442' title='bbox 2331 1997 2452 2051; x_wconf 90' lang='lat' dir='ltr'><strong>fore</strong></span> <span class='ocrx_word' id='word_1_443' title='bbox 2491 1996 2926 2056; x_wconf 85' lang='lat' dir='ltr'><strong>comminantes,</strong></span> <span class='ocrx_word' id='word_1_444' title='bbox 2973 2003 3033 2048; x_wconf 91' lang='lat' dir='ltr'><strong>ut</strong></span> <span class='ocrx_word' id='word_1_445' title='bbox 3062 1994 3110 2048; x_wconf 93' lang='lat' dir='ltr'><strong>si</strong></span> <span class='ocrx_word' id='word_1_446' title='bbox 3144 1993 3271 2062; x_wconf 83' lang='lat' dir='ltr'><strong>quis</strong></span> <span class='ocrx_word' id='word_1_447' title='bbox 3317 1990 3608 2047; x_wconf 85' lang='lat' dir='ltr'><strong>Christum</strong></span> 
     </span>
    </p>
   </div>
   <div class='ocr_carea' id='block_1_63' title="bbox 2023 2087 3605 2158">
    <p class='ocr_par' dir='ltr' id='par_1_63' title="bbox 2023 2087 3605 2158">
     <span class='ocr_line' id='line_1_63' title="bbox 2023 2087 3605 2158; baseline -0.006 -10"><span class='ocrx_word' id='word_1_448' title='bbox 2023 2092 2398 2156; x_wconf 86' lang='lat' dir='ltr'><strong>nominasset,</strong></span> <span class='ocrx_word' id='word_1_449' title='bbox 2445 2089 2518 2145; x_wconf 90' lang='lat' dir='ltr'><strong>iis</strong></span> <span class='ocrx_word' id='word_1_450' title='bbox 2548 2089 2672 2144; x_wconf 89' lang='lat' dir='ltr'><strong>dire</strong></span> <span class='ocrx_word' id='word_1_451' title='bbox 2725 2089 3051 2158; x_wconf 90' lang='lat' dir='ltr'><strong>absumptus</strong></span> <span class='ocrx_word' id='word_1_452' title='bbox 3084 2087 3293 2155; x_wconf 90' lang='lat' dir='ltr'><strong>periret</strong></span> <span class='ocrx_word' id='word_1_453' title='bbox 3325 2102 3341 2140; x_wconf 90' lang='lat'><strong>:</strong></span> <span class='ocrx_word' id='word_1_454' title='bbox 3374 2100 3462 2149; x_wconf 91' lang='lat' dir='ltr'><strong>eo,</strong></span> <span class='ocrx_word' id='word_1_455' title='bbox 3520 2088 3605 2139; x_wconf 90' lang='lat' dir='ltr'><strong>in-</strong></span> 
     </span>
    </p>
   </div>
   <div class='ocr_carea' id='block_1_64' title="bbox 2023 2179 3615 2259">
    <p class='ocr_par' dir='ltr' id='par_1_64' title="bbox 2023 2179 3615 2259">
     <span class='ocr_line' id='line_1_64' title="bbox 2023 2179 3615 2259; baseline -0.005 -19"><span class='ocrx_word' id='word_1_456' title='bbox 2023 2202 2211 2256; x_wconf 88' lang='lat' dir='ltr'><strong>quam,</strong></span> <span class='ocrx_word' id='word_1_457' title='bbox 2232 2185 2574 2255; x_wconf 88' lang='lat' dir='ltr'><strong>spectaculo,</strong></span> <span class='ocrx_word' id='word_1_458' title='bbox 2591 2182 2786 2237; x_wconf 91' lang='lat' dir='ltr'><strong>divino</strong></span> <span class='ocrx_word' id='word_1_459' title='bbox 2805 2180 3080 2259; x_wconf 73' lang='lat' dir='ltr'><strong>effervens</strong></span> <span class='ocrx_word' id='word_1_460' title='bbox 3107 2179 3342 2250; x_wconf 90' lang='lat' dir='ltr'><strong>Spiritu,</strong></span> <span class='ocrx_word' id='word_1_461' title='bbox 3365 2197 3383 2229; x_wconf 74' lang='grc' dir='ltr'><strong>ι</strong></span> <span class='ocrx_word' id='word_1_462' title='bbox 3402 2185 3615 2233; x_wconf 90' lang='lat' dir='ltr'><strong>contre-</strong></span> 
     </span>
    </p>
   </div>
   <div class='ocr_carea' id='block_1_65' title="bbox 2023 2270 3613 2345">
    <p class='ocr_par' dir='ltr' id='par_1_65' title="bbox 2023 2270 3613 2345">
     <span class='ocr_line' id='line_1_65' title="bbox 2023 2270 3613 2345; baseline -0.004 -13"><span class='ocrx_word' id='word_1_463' title='bbox 2023 2279 2393 2334; x_wconf 89' lang='lat' dir='ltr'><strong>miscentibus</strong></span> <span class='ocrx_word' id='word_1_464' title='bbox 2424 2277 2680 2341; x_wconf 87' lang='lat' dir='ltr'><strong>renibus,</strong></span> <span class='ocrx_word' id='word_1_465' title='bbox 2715 2294 2734 2327; x_wconf 71' lang='grc' dir='ltr'><strong>ι</strong></span> <span class='ocrx_word' id='word_1_466' title='bbox 2782 2272 3258 2345; x_wconf 87' lang='lat' dir='ltr'><strong>quemadmodum</strong></span> <span class='ocrx_word' id='word_1_467' title='bbox 3297 2270 3613 2325; x_wconf 80' lang='lat' dir='ltr'><strong>Machame</strong></span> 
     </span>
    </p>
   </div>
   <div class='ocr_carea' id='block_1_66' title="bbox 2023 2364 3605 2439">
    <p class='ocr_par' dir='ltr' id='par_1_66' title="bbox 2023 2364 3605 2439">
     <span class='ocr_line' id='line_1_66' title="bbox 2023 2364 3605 2439; baseline -0.007 -14"><span class='ocrx_word' id='word_1_468' title='bbox 2023 2372 2127 2434; x_wconf 90' lang='lat' dir='ltr'><strong>illi,</strong></span> <span class='ocrx_word' id='word_1_469' title='bbox 2165 2389 2183 2422; x_wconf 75' lang='grc' dir='ltr'><strong>ι</strong></span> <span class='ocrx_word' id='word_1_470' title='bbox 2216 2369 2555 2439; x_wconf 89' lang='lat' dir='ltr'><strong>affectusque</strong></span> <span class='ocrx_word' id='word_1_471' title='bbox 2586 2367 2775 2422; x_wconf 89' lang='lat' dir='ltr'><strong>furore</strong></span> <span class='ocrx_word' id='word_1_472' title='bbox 2822 2365 3132 2422; x_wconf 89' lang='lat' dir='ltr'><strong>secundum</strong></span> <span class='ocrx_word' id='word_1_473' title='bbox 3163 2364 3440 2435; x_wconf 89' lang='lat' dir='ltr'><strong>judicium</strong></span> <span class='ocrx_word' id='word_1_474' title='bbox 3477 2374 3501 2436; x_wconf 76' lang='grc' dir='ltr'><strong>ε</strong></span> <span class='ocrx_word' id='word_1_475' title='bbox 3542 2380 3555 2415; x_wconf 93' lang='lat'><strong>:</strong></span> <span class='ocrx_word' id='word_1_476' title='bbox 3588 2383 3605 2414; x_wconf 74' lang='grc' dir='ltr'><strong>ι</strong></span> 
     </span>
    </p>
   </div>
   <div class='ocr_carea' id='block_1_67' title="bbox 2022 2456 3614 2527">
    <p class='ocr_par' dir='ltr' id='par_1_67' title="bbox 2022 2456 3614 2527">
     <span class='ocr_line' id='line_1_67' title="bbox 2022 2456 3614 2527; baseline -0.006 -9"><span class='ocrx_word' id='word_1_477' title='bbox 2022 2478 2088 2518; x_wconf 86' lang='lat' dir='ltr'><strong>ac</strong></span> <span class='ocrx_word' id='word_1_478' title='bbox 2148 2462 2328 2517; x_wconf 86' lang='lat' dir='ltr'><strong>leonis</strong></span> <span class='ocrx_word' id='word_1_479' title='bbox 2387 2461 2604 2524; x_wconf 88' lang='lat' dir='ltr'><strong>instar,</strong></span> <span class='ocrx_word' id='word_1_480' title='bbox 2660 2458 2876 2513; x_wconf 83' lang='lat' dir='ltr'><strong>fortiter</strong></span> <span class='ocrx_word' id='word_1_481' title='bbox 2935 2457 3203 2527; x_wconf 82' lang='lat' dir='ltr'><strong>rugiens.</strong></span> <span class='ocrx_word' id='word_1_482' title='bbox 3267 2456 3614 2525; x_wconf 89' lang='lat' dir='ltr'><strong>terribilique</strong></span> 
     </span>
    </p>
   </div>
   <div class='ocr_carea' id='block_1_68' title="bbox 2022 2546 3612 2621">
    <p class='ocr_par' dir='ltr' id='par_1_68' title="bbox 2022 2546 3612 2621">
     <span class='ocr_line' id='line_1_68' title="bbox 2022 2546 3612 2621; baseline -0.004 -15"><span class='ocrx_word' id='word_1_483' title='bbox 2022 2562 2291 2621; x_wconf 83' lang='lat' dir='ltr'><strong>aspectu;</strong></span> <span class='ocrx_word' id='word_1_484' title='bbox 2329 2551 2580 2614; x_wconf 88' lang='lat' dir='ltr'><strong>minans,</strong></span> <span class='ocrx_word' id='word_1_485' title='bbox 2621 2548 2936 2618; x_wconf 84' lang='lat' dir='ltr'><strong>infringens</strong></span> <span class='ocrx_word' id='word_1_486' title='bbox 2975 2546 3467 2615; x_wconf 87' lang='lat' dir='ltr'><strong>interpellansque,</strong></span> <span class='ocrx_word' id='word_1_487' title='bbox 3494 2561 3612 2600; x_wconf 86' lang='lat' dir='ltr'><strong>nte-</strong></span> 
     </span>
    </p>
   </div>
   <div class='ocr_carea' id='block_1_69' title="bbox 2021 2635 3611 2709">
    <p class='ocr_par' dir='ltr' id='par_1_69' title="bbox 2021 2635 3611 2709">
     <span class='ocr_line' id='line_1_69' title="bbox 2021 2635 3611 2709; baseline -0.007 -11"><span class='ocrx_word' id='word_1_488' title='bbox 2021 2643 2146 2698; x_wconf 88' lang='lat' dir='ltr'><strong>dius</strong></span> <span class='ocrx_word' id='word_1_489' title='bbox 2166 2657 2362 2698; x_wconf 83' lang='lat' dir='ltr'><strong>eorum</strong></span> <span class='ocrx_word' id='word_1_490' title='bbox 2384 2641 2587 2695; x_wconf 90' lang='lat' dir='ltr'><strong>iusiliit</strong></span> <span class='ocrx_word' id='word_1_491' title='bbox 2614 2639 2784 2709; x_wconf 83' lang='lat'><strong>(50);</strong></span> <span class='ocrx_word' id='word_1_492' title='bbox 2819 2639 2969 2691; x_wconf 87' lang='lat' dir='ltr'><strong>clara</strong></span> <span class='ocrx_word' id='word_1_493' title='bbox 2991 2650 3051 2690; x_wconf 91' lang='lat' dir='ltr'><strong>se</strong></span> <span class='ocrx_word' id='word_1_494' title='bbox 3082 2649 3214 2688; x_wconf 85' lang='lat' dir='ltr'><strong>voce</strong></span> <span class='ocrx_word' id='word_1_495' title='bbox 3233 2635 3611 2689; x_wconf 89' lang='lat' dir='ltr'><strong>Christianum</strong></span> 
     </span>
    </p>
   </div>
   <div class='ocr_carea' id='block_1_70' title="bbox 2020 2731 3614 2805">
    <p class='ocr_par' dir='ltr' id='par_1_70' title="bbox 2020 2731 3614 2805">
     <span class='ocr_line' id='line_1_70' title="bbox 2020 2731 3614 2805; baseline -0.008 -13"><span class='ocrx_word' id='word_1_496' title='bbox 2020 2737 2374 2801; x_wconf 87' lang='lat' dir='ltr'><strong>renuntians,</strong></span> <span class='ocrx_word' id='word_1_497' title='bbox 2399 2735 2737 2805; x_wconf 88' lang='lat' dir='ltr'><strong>pietatisque</strong></span> <span class='ocrx_word' id='word_1_498' title='bbox 2766 2731 3165 2802; x_wconf 79' lang='lat' dir='ltr'><strong>ingenuitatem</strong></span> <span class='ocrx_word' id='word_1_499' title='bbox 3214 2737 3426 2798; x_wconf 89' lang='lat' dir='ltr'><strong>quanta</strong></span> <span class='ocrx_word' id='word_1_500' title='bbox 3467 2737 3614 2783; x_wconf 87' lang='lat' dir='ltr'><strong>esset</strong></span> 
     </span>
    </p>
   </div>
   <div class='ocr_carea' id='block_1_71' title="bbox 2019 2819 3610 2881">
    <p class='ocr_par' dir='ltr' id='par_1_71' title="bbox 2019 2819 3610 2881">
     <span class='ocr_line' id='line_1_71' title="bbox 2019 2819 3610 2881; baseline -0.006 0"><span class='ocrx_word' id='word_1_501' title='bbox 2019 2826 2324 2881; x_wconf 79' lang='lat' dir='ltr'><strong>manifeste</strong></span> <span class='ocrx_word' id='word_1_502' title='bbox 2346 2824 2673 2879; x_wconf 84' lang='lat' dir='ltr'><strong>ostendens.</strong></span> <span class='ocrx_word' id='word_1_503' title='bbox 2701 2820 2747 2876; x_wconf 91' lang='grc'>0</span> <span class='ocrx_word' id='word_1_504' title='bbox 2777 2837 2904 2875; x_wconf 85' lang='lat' dir='ltr'><strong>vere</strong></span> <span class='ocrx_word' id='word_1_505' title='bbox 2936 2820 3050 2876; x_wconf 83' lang='lat' dir='ltr'><strong>Deo</strong></span> <span class='ocrx_word' id='word_1_506' title='bbox 3089 2819 3332 2874; x_wconf 76' lang='lat' dir='ltr'><strong>afﬂatum</strong></span> <span class='ocrx_word' id='word_1_507' title='bbox 3364 2822 3610 2873; x_wconf 86' lang='lat' dir='ltr'><strong>animum</strong></span> 
     </span>
    </p>
   </div>
   <div class='ocr_carea' id='block_1_72' title="bbox 2019 2910 3613 2987">
    <p class='ocr_par' dir='ltr' id='par_1_72' title="bbox 2019 2910 3613 2987">
     <span class='ocr_line' id='line_1_72' title="bbox 2019 2910 3613 2987; baseline -0.004 -16"><span class='ocrx_word' id='word_1_508' title='bbox 2019 2932 2187 2987; x_wconf 87' lang='lat' dir='ltr'><strong>quem</strong></span> <span class='ocrx_word' id='word_1_509' title='bbox 2217 2917 2327 2972; x_wconf 84' lang='lat' dir='ltr'><strong>sibi</strong></span> <span class='ocrx_word' id='word_1_510' title='bbox 2361 2916 2585 2968; x_wconf 83' lang='lat' dir='ltr'><strong>divinus</strong></span> <span class='ocrx_word' id='word_1_511' title='bbox 2624 2927 2784 2967; x_wconf 87' lang='lat' dir='ltr'><strong>amor</strong></span> <span class='ocrx_word' id='word_1_512' title='bbox 2808 2920 2893 2967; x_wconf 79' lang='lat' dir='ltr'><strong>ira</strong></span> <span class='ocrx_word' id='word_1_513' title='bbox 2928 2912 3256 2979; x_wconf 84' lang='lat' dir='ltr'><strong>devicisset,</strong></span> <span class='ocrx_word' id='word_1_514' title='bbox 3284 2910 3498 2981; x_wconf 88' lang='lat' dir='ltr'><strong>quique</strong></span> <span class='ocrx_word' id='word_1_515' title='bbox 3530 2918 3613 2965; x_wconf 88' lang='lat' dir='ltr'><strong>to-</strong></span> 
     </span>
    </p>
   </div>
   <div class='ocr_carea' id='block_1_73' title="bbox 2019 3003 3612 3072">
    <p class='ocr_par' dir='ltr' id='par_1_73' title="bbox 2019 3003 3612 3072">
     <span class='ocr_line' id='line_1_73' title="bbox 2019 3003 3612 3072; baseline -0.006 -7"><span class='ocrx_word' id='word_1_516' title='bbox 2019 3021 2117 3066; x_wconf 92' lang='lat' dir='ltr'><strong>tus</strong></span> <span class='ocrx_word' id='word_1_517' title='bbox 2149 3030 2169 3061; x_wconf 76' lang='grc' dir='ltr'><strong>ι</strong></span> <span class='ocrx_word' id='word_1_518' title='bbox 2198 3009 2535 3064; x_wconf 76' lang='lat' dir='ltr'><strong>excessisset</strong></span> <span class='ocrx_word' id='word_1_519' title='bbox 2567 3005 2679 3061; x_wconf 86' lang='lat' dir='ltr'><strong>Deo</strong></span> <span class='ocrx_word' id='word_1_520' title='bbox 2709 3006 2737 3045; x_wconf 72' lang='grc' dir='ltr'><strong>ἀ</strong></span> <span class='ocrx_word' id='word_1_521' title='bbox 2762 3006 2775 3058; x_wconf 88' lang='lat'><strong>!</strong></span> <span class='ocrx_word' id='word_1_522' title='bbox 2820 3024 2839 3057; x_wconf 74' lang='grc' dir='ltr'><strong>ι</strong></span> <span class='ocrx_word' id='word_1_523' title='bbox 2869 3003 2915 3057; x_wconf 90' lang='grc'><strong>()</strong></span> <span class='ocrx_word' id='word_1_524' title='bbox 2940 3005 3155 3060; x_wconf 83' lang='lat' dir='ltr'><strong>beatam</strong></span> <span class='ocrx_word' id='word_1_525' title='bbox 3184 3018 3398 3067; x_wconf 89' lang='lat' dir='ltr'><strong>vocem,</strong></span> <span class='ocrx_word' id='word_1_526' title='bbox 3442 3016 3612 3072; x_wconf 88' lang='lat' dir='ltr'><strong>quam</strong></span> 
     </span>
    </p>
   </div>
   <div class='ocr_carea' id='block_1_74' title="bbox 2020 3094 3610 3172">
    <p class='ocr_par' dir='ltr' id='par_1_74' title="bbox 2020 3094 3610 3172">
     <span class='ocr_line' id='line_1_74' title="bbox 2020 3094 3610 3172; baseline -0.007 -14"><span class='ocrx_word' id='word_1_527' title='bbox 2020 3102 2375 3172; x_wconf 84' lang='lat' dir='ltr'><strong>pronominis</strong></span> <span class='ocrx_word' id='word_1_528' title='bbox 2396 3101 2480 3154; x_wconf 89' lang='lat' dir='ltr'><strong>sui</strong></span> <span class='ocrx_word' id='word_1_529' title='bbox 2508 3098 2721 3154; x_wconf 89' lang='lat' dir='ltr'><strong>ratione</strong></span> <span class='ocrx_word' id='word_1_530' title='bbox 2738 3097 2854 3169; x_wconf 83' lang='lat'><strong>(5|)</strong></span> <span class='ocrx_word' id='word_1_531' title='bbox 2876 3096 3050 3153; x_wconf 91' lang='lat' dir='ltr'><strong>edidit</strong></span> <span class='ocrx_word' id='word_1_532' title='bbox 3070 3110 3168 3151; x_wconf 91' lang='lat' dir='ltr'><strong>ceu</strong></span> <span class='ocrx_word' id='word_1_533' title='bbox 3191 3094 3396 3150; x_wconf 86' lang='lat' dir='ltr'><strong>Christi</strong></span> <span class='ocrx_word' id='word_1_534' title='bbox 3416 3108 3610 3147; x_wconf 84' lang='lat' dir='ltr'><strong>arvum</strong></span> 
     </span>
    </p>
   </div>
   <div class='ocr_carea' id='block_1_75' title="bbox 2017 3188 3612 3264">
    <p class='ocr_par' dir='ltr' id='par_1_75' title="bbox 2017 3188 3612 3264">
     <span class='ocr_line' id='line_1_75' title="bbox 2017 3188 3612 3264; baseline -0.005 -14"><span class='ocrx_word' id='word_1_535' title='bbox 2017 3195 2315 3264; x_wconf 68' lang='lat' dir='ltr'><strong>Georgius,</strong></span> <span class='ocrx_word' id='word_1_536' title='bbox 2328 3201 2550 3261; x_wconf 82' lang='lat' dir='ltr'><strong>accepta</strong></span> <span class='ocrx_word' id='word_1_537' title='bbox 2570 3192 2639 3247; x_wconf 91' lang='lat' dir='ltr'><strong>de</strong></span> <span class='ocrx_word' id='word_1_538' title='bbox 2651 3191 2792 3246; x_wconf 68' lang='lat' dir='ltr'><strong>caelo</strong></span> <span class='ocrx_word' id='word_1_539' title='bbox 2812 3195 3080 3257; x_wconf 75' lang='lat' dir='ltr'><strong>semente,</strong></span> <span class='ocrx_word' id='word_1_540' title='bbox 3098 3188 3612 3256; x_wconf 84' lang='lat' dir='ltr'><strong>multoquetempo-</strong></span> 
     </span>
    </p>
   </div>
   <div class='ocr_carea' id='block_1_76' title="bbox 2016 3276 3612 3350">
    <p class='ocr_par' dir='ltr' id='par_1_76' title="bbox 2016 3276 3612 3350">
     <span class='ocr_line' id='line_1_76' title="bbox 2016 3276 3612 3350; baseline -0.006 -11"><span class='ocrx_word' id='word_1_541' title='bbox 2016 3301 2078 3341; x_wconf 87' lang='lat' dir='ltr'><strong>re</strong></span> <span class='ocrx_word' id='word_1_542' title='bbox 2105 3286 2242 3339; x_wconf 84' lang='lat' dir='ltr'><strong>bene</strong></span> <span class='ocrx_word' id='word_1_543' title='bbox 2270 3284 2323 3338; x_wconf 92' lang='lat' dir='ltr'><strong>in</strong></span> <span class='ocrx_word' id='word_1_544' title='bbox 2361 3283 2526 3338; x_wconf 91' lang='lat' dir='ltr'><strong>corde</strong></span> <span class='ocrx_word' id='word_1_545' title='bbox 2551 3276 2855 3345; x_wconf 81' lang='lat' dir='ltr'><strong>excultam,</strong></span> <span class='ocrx_word' id='word_1_546' title='bbox 2882 3277 3179 3350; x_wconf 87' lang='lat' dir='ltr'><strong>perfectam</strong></span> <span class='ocrx_word' id='word_1_547' title='bbox 3197 3291 3447 3347; x_wconf 83' lang='lat' dir='ltr'><strong>congruo</strong></span> <span class='ocrx_word' id='word_1_548' title='bbox 3471 3283 3612 3331; x_wconf 89' lang='lat' dir='ltr'><strong>tem-</strong></span> 
     </span>
    </p>
   </div>
   <div class='ocr_carea' id='block_1_77' title="bbox 2009 3366 3612 3450">
    <p class='ocr_par' dir='ltr' id='par_1_77' title="bbox 2009 3366 3612 3450">
     <span class='ocr_line' id='line_1_77' title="bbox 2009 3366 3612 3450; baseline -0.007 -19"><span class='ocrx_word' id='word_1_549' title='bbox 2009 3392 2142 3450; x_wconf 86' lang='lat' dir='ltr'><strong>pore</strong></span> <span class='ocrx_word' id='word_1_550' title='bbox 2161 3375 2396 3430; x_wconf 87' lang='lat' dir='ltr'><strong>Domino</strong></span> <span class='ocrx_word' id='word_1_551' title='bbox 2414 3373 2650 3429; x_wconf 85' lang='lat' dir='ltr'><strong>reddidit</strong></span> <span class='ocrx_word' id='word_1_552' title='bbox 2670 3374 2687 3428; x_wconf 81' lang='grc' dir='ltr'><strong>ι</strong></span> <span class='ocrx_word' id='word_1_553' title='bbox 2709 3370 2933 3434; x_wconf 83' lang='lat' dir='ltr'><strong>Vocem,</strong></span> <span class='ocrx_word' id='word_1_554' title='bbox 2968 3368 3217 3439; x_wconf 89' lang='lat' dir='ltr'><strong>inquam,</strong></span> <span class='ocrx_word' id='word_1_555' title='bbox 3239 3382 3405 3437; x_wconf 86' lang='lat' dir='ltr'><strong>quam</strong></span> <span class='ocrx_word' id='word_1_556' title='bbox 3435 3366 3612 3422; x_wconf 88' lang='lat' dir='ltr'><strong>susci-</strong></span> 
     </span>
    </p>
   </div>
   <div class='ocr_carea' id='block_1_78' title="bbox 2011 3460 3611 3541">
    <p class='ocr_par' dir='ltr' id='par_1_78' title="bbox 2011 3460 3611 3541">
     <span class='ocr_line' id='line_1_78' title="bbox 2011 3460 3611 3541; baseline -0.008 -16"><span class='ocrx_word' id='word_1_557' title='bbox 2011 3473 2165 3541; x_wconf 89' lang='lat' dir='ltr'><strong>piens</strong></span> <span class='ocrx_word' id='word_1_558' title='bbox 2193 3483 2288 3524; x_wconf 86' lang='lat' dir='ltr'><strong>aer</strong></span> <span class='ocrx_word' id='word_1_559' title='bbox 2321 3468 2707 3523; x_wconf 84' lang='lat' dir='ltr'><strong>sanetiticatus</strong></span> <span class='ocrx_word' id='word_1_560' title='bbox 2736 3474 2824 3519; x_wconf 88' lang='lat' dir='ltr'><strong>est</strong></span> <span class='ocrx_word' id='word_1_561' title='bbox 2851 3502 2869 3528; x_wconf 92' lang='lat'><strong>,</strong></span> <span class='ocrx_word' id='word_1_562' title='bbox 2900 3462 3083 3533; x_wconf 85' lang='lat' dir='ltr'><strong>angeli</strong></span> <span class='ocrx_word' id='word_1_563' title='bbox 3117 3475 3148 3515; x_wconf 89' lang='lat' dir='ltr'><strong>e</strong></span> <span class='ocrx_word' id='word_1_564' title='bbox 3179 3461 3320 3514; x_wconf 78' lang='lat' dir='ltr'><strong>cwlo</strong></span> <span class='ocrx_word' id='word_1_565' title='bbox 3352 3460 3611 3513; x_wconf 78' lang='lat' dir='ltr'><strong>intonue-</strong></span> 
     </span>
    </p>
   </div>
   <div class='ocr_carea' id='block_1_79' title="bbox 2011 3550 3608 3629">
    <p class='ocr_par' dir='ltr' id='par_1_79' title="bbox 2011 3550 3608 3629">
     <span class='ocr_line' id='line_1_79' title="bbox 2011 3550 3608 3629; baseline -0.009 -12"><span class='ocrx_word' id='word_1_566' title='bbox 2011 3569 2164 3626; x_wconf 88' lang='lat' dir='ltr'><strong>runt,</strong></span> <span class='ocrx_word' id='word_1_567' title='bbox 2206 3559 2526 3629; x_wconf 85' lang='lat' dir='ltr'><strong>archangeli</strong></span> <span class='ocrx_word' id='word_1_568' title='bbox 2550 3556 2747 3612; x_wconf 88' lang='lat' dir='ltr'><strong>faustis</strong></span> <span class='ocrx_word' id='word_1_569' title='bbox 2776 3553 3059 3609; x_wconf 87' lang='lat' dir='ltr'><strong>ominibus</strong></span> <span class='ocrx_word' id='word_1_570' title='bbox 3122 3559 3253 3607; x_wconf 89' lang='lat' dir='ltr'><strong>sunt</strong></span> <span class='ocrx_word' id='word_1_571' title='bbox 3298 3550 3608 3620; x_wconf 87' lang='lat' dir='ltr'><strong>prosecuti,</strong></span> 
     </span>
    </p>
   </div>
   <div class='ocr_carea' id='block_1_80' title="bbox 2012 3640 3609 3723">
    <p class='ocr_par' dir='ltr' id='par_1_80' title="bbox 2012 3640 3609 3723">
     <span class='ocr_line' id='line_1_80' title="bbox 2012 3640 3609 3723; baseline -0.008 -15"><span class='ocrx_word' id='word_1_572' title='bbox 2012 3668 2318 3723; x_wconf 87' lang='lat' dir='ltr'><strong>omnesque</strong></span> <span class='ocrx_word' id='word_1_573' title='bbox 2338 3652 2605 3705; x_wconf 74' lang='lat' dir='ltr'><strong>cmiorum</strong></span> <span class='ocrx_word' id='word_1_574' title='bbox 2640 3646 2887 3701; x_wconf 77' lang='lat' dir='ltr'><strong>Virtutes</strong></span> <span class='ocrx_word' id='word_1_575' title='bbox 2910 3660 3080 3715; x_wconf 78' lang='lat' dir='ltr'><strong>supra</strong></span> <span class='ocrx_word' id='word_1_576' title='bbox 3112 3644 3332 3696; x_wconf 92' lang='lat' dir='ltr'><strong>modum</strong></span> <span class='ocrx_word' id='word_1_577' title='bbox 3362 3640 3609 3695; x_wconf 86' lang='lat' dir='ltr'><strong>admira-</strong></span> 
     </span>
    </p>
   </div>
   <div class='ocr_carea' id='block_1_81' title="bbox 2018 3731 3612 3812">
    <p class='ocr_par' dir='ltr' id='par_1_81' title="bbox 2018 3731 3612 3812">
     <span class='ocr_line' id='line_1_81' title="bbox 2018 3731 3612 3812; baseline -0.007 -14"><span class='ocrx_word' id='word_1_578' title='bbox 2018 3744 2059 3799; x_wconf 92' lang='lat' dir='ltr'><strong>ti</strong></span> <span class='ocrx_word' id='word_1_579' title='bbox 2086 3749 2219 3800; x_wconf 89' lang='lat' dir='ltr'><strong>sunt</strong></span> <span class='ocrx_word' id='word_1_580' title='bbox 2256 3760 2270 3798; x_wconf 91' lang='lat'><strong>:</strong></span> <span class='ocrx_word' id='word_1_581' title='bbox 2304 3756 2472 3812; x_wconf 88' lang='lat' dir='ltr'><strong>quam</strong></span> <span class='ocrx_word' id='word_1_582' title='bbox 2525 3748 2582 3796; x_wconf 88' lang='lat' dir='ltr'><strong>et</strong></span> <span class='ocrx_word' id='word_1_583' title='bbox 2621 3739 3013 3794; x_wconf 85' lang='lat' dir='ltr'><strong>universorum</strong></span> <span class='ocrx_word' id='word_1_584' title='bbox 3051 3733 3196 3789; x_wconf 89' lang='lat' dir='ltr'><strong>Deus</strong></span> <span class='ocrx_word' id='word_1_585' title='bbox 3229 3731 3612 3802; x_wconf 83' lang='lat' dir='ltr'><strong>Dominusque</strong></span> 
     </span>
    </p>
   </div>
   <div class='ocr_carea' id='block_1_82' title="bbox 2019 3825 3610 3907">
    <p class='ocr_par' dir='ltr' id='par_1_82' title="bbox 2019 3825 3610 3907">
     <span class='ocr_line' id='line_1_82' title="bbox 2019 3825 3610 3907; baseline -0.007 -17"><span class='ocrx_word' id='word_1_586' title='bbox 2019 3836 2286 3907; x_wconf 83' lang='lat' dir='ltr'><strong>probans,</strong></span> <span class='ocrx_word' id='word_1_587' title='bbox 2312 3842 2751 3890; x_wconf 88' lang='lat' dir='ltr'><strong>consentaneum</strong></span> <span class='ocrx_word' id='word_1_588' title='bbox 2781 3830 3021 3892; x_wconf 85' lang='lat' dir='ltr'><strong>censuit,</strong></span> <span class='ocrx_word' id='word_1_589' title='bbox 3060 3834 3305 3897; x_wconf 71' lang='lat' dir='ltr'><strong>uttantaa</strong></span> <span class='ocrx_word' id='word_1_590' title='bbox 3334 3825 3610 3879; x_wconf 87' lang='lat' dir='ltr'><strong>alacritati</strong></span> 
     </span>
    </p>
   </div>
   <div class='ocr_carea' id='block_1_83' title="bbox 2020 3917 3612 3991">
    <p class='ocr_par' dir='ltr' id='par_1_83' title="bbox 2020 3917 3612 3991">
     <span class='ocr_line' id='line_1_83' title="bbox 2020 3917 3612 3991; baseline -0.008 -10"><span class='ocrx_word' id='word_1_591' title='bbox 2020 3928 2317 3982; x_wconf 80' lang='lat' dir='ltr'><strong>auxiliator</strong></span> <span class='ocrx_word' id='word_1_592' title='bbox 2368 3927 2792 3991; x_wconf 83' lang='lat' dir='ltr'><strong>accederet,.ac</strong></span> <span class='ocrx_word' id='word_1_593' title='bbox 2827 3923 2985 3989; x_wconf 90' lang='lat' dir='ltr'><strong>cujus</strong></span> <span class='ocrx_word' id='word_1_594' title='bbox 3039 3921 3261 3980; x_wconf 90' lang='lat' dir='ltr'><strong>merito,</strong></span> <span class='ocrx_word' id='word_1_595' title='bbox 3323 3917 3612 3970; x_wconf 75' lang='lat' dir='ltr'><strong>innuat-ee-</strong></span> 
     </span>
    </p>
   </div>
   <div class='ocr_carea' id='block_1_84' title="bbox 2020 4007 3609 4083">
    <p class='ocr_par' dir='ltr' id='par_1_84' title="bbox 2020 4007 3609 4083">
     <span class='ocr_line' id='line_1_84' title="bbox 2020 4007 3609 4083; baseline -0.011 -5"><span class='ocrx_word' id='word_1_596' title='bbox 2020 4022 2271 4078; x_wconf 85' lang='lat' dir='ltr'><strong>seibilem</strong></span> <span class='ocrx_word' id='word_1_597' title='bbox 2299 4020 2548 4075; x_wconf 65' lang='lat' dir='ltr'><strong>victoriae</strong></span> <span class='ocrx_word' id='word_1_598' title='bbox 2591 4033 2854 4075; x_wconf 90' lang='lat' dir='ltr'><strong>coronam</strong></span> <span class='ocrx_word' id='word_1_599' title='bbox 2882 4015 3103 4069; x_wconf 58' lang='lat' dir='ltr'><strong>athletas</strong></span> <span class='ocrx_word' id='word_1_600' title='bbox 3125 4008 3473 4083; x_wconf 66' lang='lat' dir='ltr'><strong>praeparavit.</strong></span> <span class='ocrx_word' id='word_1_601' title='bbox 3500 4007 3609 4062; x_wconf 89' lang='lat' dir='ltr'><strong>lm-</strong></span> 
     </span>
    </p>
   </div>
   <div class='ocr_carea' id='block_1_85' title="bbox 2020 4103 3611 4180">
    <p class='ocr_par' dir='ltr' id='par_1_85' title="bbox 2020 4103 3611 4180">
     <span class='ocr_line' id='line_1_85' title="bbox 2020 4103 3611 4180; baseline -0.009 -13"><span class='ocrx_word' id='word_1_602' title='bbox 2020 4112 2245 4180; x_wconf 88' lang='lat' dir='ltr'><strong>piorum</strong></span> <span class='ocrx_word' id='word_1_603' title='bbox 2292 4122 2478 4167; x_wconf 86' lang='lat' dir='ltr'><strong>autem</strong></span> <span class='ocrx_word' id='word_1_604' title='bbox 2505 4119 2728 4167; x_wconf 88' lang='lat' dir='ltr'><strong>caterva</strong></span> <span class='ocrx_word' id='word_1_605' title='bbox 2774 4107 3090 4178; x_wconf 86' lang='lat' dir='ltr'><strong>obstupuit,</strong></span> <span class='ocrx_word' id='word_1_606' title='bbox 3139 4103 3486 4169; x_wconf 85' lang='lat' dir='ltr'><strong>audiensque</strong></span> <span class='ocrx_word' id='word_1_607' title='bbox 3515 4113 3611 4153; x_wconf 86' lang='lat' dir='ltr'><strong>eo-</strong></span> 
     </span>
    </p>
   </div>
   <div class='ocr_carea' id='block_1_86' title="bbox 2106 4284 2586 4349">
    <p class='ocr_par' dir='ltr' id='par_1_86' title="bbox 2106 4284 2586 4349">
     <span class='ocr_line' id='line_1_86' title="bbox 2106 4284 2586 4349; baseline 0.013 -12"><span class='ocrx_word' id='word_1_608' title='bbox 2106 4285 2133 4322; x_wconf 69' lang='lat' dir='ltr'><strong>d</strong></span> <span class='ocrx_word' id='word_1_609' title='bbox 2164 4284 2202 4338; x_wconf 90' lang='lat' dir='ltr'><strong>ll</strong></span> <span class='ocrx_word' id='word_1_610' title='bbox 2234 4286 2366 4341; x_wconf 79' lang='lat' dir='ltr'><strong>Cor.</strong></span> <span class='ocrx_word' id='word_1_611' title='bbox 2402 4303 2457 4349; x_wconf 83' lang='lat' dir='ltr'><strong>v,</strong></span> <span class='ocrx_word' id='word_1_612' title='bbox 2505 4291 2586 4342; x_wconf 80' lang='lat' dir='ltr'><strong>l5.</strong></span> 
     </span>
    </p>
   </div>
   <div class='ocr_carea' id='block_1_87' title="bbox 1639 4418 2338 4476">
    <p class='ocr_par' dir='ltr' id='par_1_87' title="bbox 1639 4418 2338 4476">
     <span class='ocr_line' id='line_1_87' title="bbox 1639 4418 2338 4476; baseline 0.011 -9"><span class='ocrx_word' id='word_1_613' title='bbox 1639 4418 1882 4475; x_wconf 72' lang='lat' dir='ltr'><strong>VARIAS</strong></span> <span class='ocrx_word' id='word_1_614' title='bbox 1926 4419 2338 4476; x_wconf 83' lang='lat' dir='ltr'><strong>LECTIONES.</strong></span> 
     </span>
    </p>
   </div>
   <div class='ocr_carea' id='block_1_88' title="bbox 396 4510 1995 4601">
    <p class='ocr_par' dir='ltr' id='par_1_88' title="bbox 396 4510 1995 4601">
     <span class='ocr_line' id='line_1_88' title="bbox 396 4510 1995 4601; baseline -0.001 -34"><span class='ocrx_word' id='word_1_615' title='bbox 396 4513 441 4545; x_wconf 81' lang='lat'>”</span> <span class='ocrx_word' id='word_1_616' title='bbox 468 4512 804 4583; x_wconf 76' lang='lat' dir='ltr'><strong>Adjectaex</strong></span> <span class='ocrx_word' id='word_1_617' title='bbox 831 4512 1176 4584; x_wconf 84' lang='lat' dir='ltr'><strong>conjectura,</strong></span> <span class='ocrx_word' id='word_1_618' title='bbox 1199 4519 1254 4567; x_wconf 90' lang='lat' dir='ltr'><strong>et</strong></span> <span class='ocrx_word' id='word_1_619' title='bbox 1283 4510 1502 4601; x_wconf 77' lang='lat' dir='ltr'><strong>Lipom.</strong></span> <span class='ocrx_word' id='word_1_620' title='bbox 1577 4511 1622 4544; x_wconf 65' lang='grc'><strong>’³</strong></span> <span class='ocrx_word' id='word_1_621' title='bbox 1656 4511 1748 4566; x_wconf 81' lang='grc' dir='ltr'>ίσ.</span> <span class='ocrx_word' id='word_1_622' title='bbox 1786 4511 1995 4581; x_wconf 85' lang='grc' dir='ltr'>σθησαν</span> 
     </span>
    </p>
   </div>
   <div class='ocr_carea' id='block_1_89' title="bbox 1662 4624 2303 4681">
    <p class='ocr_par' dir='ltr' id='par_1_89' title="bbox 1662 4624 2303 4681">
     <span class='ocr_line' id='line_1_89' title="bbox 1662 4624 2303 4681; baseline 0 0"><span class='ocrx_word' id='word_1_623' title='bbox 1662 4624 2044 4681; x_wconf 77' lang='lat' dir='ltr'><strong>COMBEFISII</strong></span> <span class='ocrx_word' id='word_1_624' title='bbox 2077 4624 2303 4681; x_wconf 66' lang='lat' dir='ltr'><strong>NOTAE.</strong></span> 
     </span>
    </p>
   </div>
   <div class='ocr_carea' id='block_1_90' title="bbox 396 4710 3615 4789">
    <p class='ocr_par' dir='ltr' id='par_1_90' title="bbox 396 4710 3615 4789">
     <span class='ocr_line' id='line_1_90' title="bbox 396 4710 3615 4789; baseline -0.002 -15"><span class='ocrx_word' id='word_1_625' title='bbox 396 4719 508 4787; x_wconf 80' lang='grc'><strong>(50)</strong></span> <span class='ocrx_word' id='word_1_626' title='bbox 547 4716 754 4789; x_wconf 71' lang='lat' dir='ltr'><strong>Medius</strong></span> <span class='ocrx_word' id='word_1_627' title='bbox 784 4732 965 4772; x_wconf 85' lang='lat' dir='ltr'><strong>eorum</strong></span> <span class='ocrx_word' id='word_1_628' title='bbox 1019 4717 1229 4772; x_wconf 78' lang='lat' dir='ltr'><strong>iusiliit.</strong></span> <span class='ocrx_word' id='word_1_629' title='bbox 1259 4720 1355 4782; x_wconf 81' lang='grc' dir='ltr'><strong>Εἰς</strong></span> <span class='ocrx_word' id='word_1_630' title='bbox 1383 4718 1547 4789; x_wconf 77' lang='grc' dir='ltr'>μέσον</span> <span class='ocrx_word' id='word_1_631' title='bbox 1576 4718 1757 4773; x_wconf 86' lang='grc' dir='ltr'>αὐτῶν</span> <span class='ocrx_word' id='word_1_632' title='bbox 1791 4721 1907 4771; x_wconf 82' lang='grc' dir='ltr'>εξσ-</span> <span class='ocrx_word' id='word_1_633' title='bbox 1939 4720 1984 4775; x_wconf 90' lang='lat' dir='ltr'><strong>D</strong></span> <span class='ocrx_word' id='word_1_634' title='bbox 2013 4729 2208 4786; x_wconf 88' lang='lat' dir='ltr'><strong>satque</strong></span> <span class='ocrx_word' id='word_1_635' title='bbox 2266 4719 2545 4789; x_wconf 68' lang='lat' dir='ltr'><strong>antiquo,</strong></span> <span class='ocrx_word' id='word_1_636' title='bbox 2571 4735 2661 4772; x_wconf 78' lang='lat' dir='ltr'><strong>vix</strong></span> <span class='ocrx_word' id='word_1_637' title='bbox 2720 4717 2791 4789; x_wconf 85' lang='lat' dir='ltr'><strong>sit</strong></span> <span class='ocrx_word' id='word_1_638' title='bbox 2822 4710 3615 4789; x_wconf 15' lang='lat' dir='ltr'><strong>quoiltmreamustquidquid</strong></span> 
     </span>
    </p>
   </div>
   <div class='ocr_carea' id='block_1_91' title="bbox 322 4786 1909 4859">
    <p class='ocr_par' dir='ltr' id='par_1_91' title="bbox 322 4786 1909 4859">
     <span class='ocr_line' id='line_1_91' title="bbox 322 4786 1909 4859; baseline 0.001 -16"><span class='ocrx_word' id='word_1_639' title='bbox 322 4791 586 4857; x_wconf 77' lang='grc' dir='ltr'>επήδησε.</span> <span class='ocrx_word' id='word_1_640' title='bbox 641 4786 851 4859; x_wconf 79' lang='lat' dir='ltr'><strong>Nempe</strong></span> <span class='ocrx_word' id='word_1_641' title='bbox 904 4790 1321 4859; x_wconf 85' lang='lat' dir='ltr'><strong>imperatorum,</strong></span> <span class='ocrx_word' id='word_1_642' title='bbox 1356 4786 1423 4842; x_wconf 83' lang='lat' dir='ltr'><strong>ad</strong></span> <span class='ocrx_word' id='word_1_643' title='bbox 1476 4798 1683 4843; x_wconf 90' lang='lat' dir='ltr'><strong>certam</strong></span> <span class='ocrx_word' id='word_1_644' title='bbox 1710 4790 1909 4859; x_wconf 85' lang='lat' dir='ltr'><strong>utique</strong></span> 
     </span>
    </p>
   </div>
   <div class='ocr_carea' id='block_1_92' title="bbox 324 4858 1909 4929">
    <p class='ocr_par' dir='ltr' id='par_1_92' title="bbox 324 4858 1909 4929">
     <span class='ocr_line' id='line_1_92' title="bbox 324 4858 1909 4929; baseline -0.003 -13"><span class='ocrx_word' id='word_1_645' title='bbox 324 4876 537 4921; x_wconf 87' lang='lat' dir='ltr'><strong>necem,</strong></span> <span class='ocrx_word' id='word_1_646' title='bbox 570 4861 793 4913; x_wconf 88' lang='lat' dir='ltr'><strong>victima</strong></span> <span class='ocrx_word' id='word_1_647' title='bbox 826 4858 1035 4914; x_wconf 84' lang='lat' dir='ltr'><strong>Christi</strong></span> <span class='ocrx_word' id='word_1_648' title='bbox 1090 4869 1413 4929; x_wconf 74' lang='lat' dir='ltr'><strong>spontanee,</strong></span> <span class='ocrx_word' id='word_1_649' title='bbox 1462 4876 1623 4927; x_wconf 87' lang='lat' dir='ltr'><strong>quem</strong></span> <span class='ocrx_word' id='word_1_650' title='bbox 1652 4858 1771 4913; x_wconf 84' lang='lat' dir='ltr'><strong>fidei</strong></span> <span class='ocrx_word' id='word_1_651' title='bbox 1801 4861 1909 4913; x_wconf 88' lang='lat' dir='ltr'><strong>fer-</strong></span> 
     </span>
    </p>
   </div>
   <div class='ocr_carea' id='block_1_93' title="bbox 326 4929 1910 4999">
    <p class='ocr_par' dir='ltr' id='par_1_93' title="bbox 326 4929 1910 4999">
     <span class='ocr_line' id='line_1_93' title="bbox 326 4929 1910 4999; baseline -0.001 -14"><span class='ocrx_word' id='word_1_652' title='bbox 326 4946 511 4985; x_wconf 82' lang='lat' dir='ltr'><strong>vorem</strong></span> <span class='ocrx_word' id='word_1_653' title='bbox 544 4930 780 4984; x_wconf 81' lang='lat' dir='ltr'><strong>maxime</strong></span> <span class='ocrx_word' id='word_1_654' title='bbox 808 4930 1102 4999; x_wconf 82' lang='lat' dir='ltr'><strong>exigebant</strong></span> <span class='ocrx_word' id='word_1_655' title='bbox 1140 4931 1592 4996; x_wconf 87' lang='lat' dir='ltr'><strong>deploratissima</strong></span> <span class='ocrx_word' id='word_1_656' title='bbox 1628 4930 1717 4983; x_wconf 88' lang='lat' dir='ltr'><strong>illa</strong></span> <span class='ocrx_word' id='word_1_657' title='bbox 1749 4929 1910 4985; x_wconf 87' lang='lat' dir='ltr'><strong>Chri-</strong></span> 
     </span>
    </p>
   </div>
   <div class='ocr_carea' id='block_1_94' title="bbox 282 4998 1911 5071">
    <p class='ocr_par' dir='ltr' id='par_1_94' title="bbox 282 4998 1911 5071">
     <span class='ocr_line' id='line_1_94' title="bbox 282 4998 1911 5071; baseline 0 -16"><span class='ocrx_word' id='word_1_658' title='bbox 282 5020 287 5023; x_wconf 95' lang='grc'>·</span> <span class='ocrx_word' id='word_1_659' title='bbox 324 5001 521 5055; x_wconf 85' lang='lat' dir='ltr'><strong>stiauls</strong></span> <span class='ocrx_word' id='word_1_660' title='bbox 554 5008 826 5071; x_wconf 89' lang='lat' dir='ltr'><strong>tempora.</strong></span> <span class='ocrx_word' id='word_1_661' title='bbox 860 4998 951 5055; x_wconf 87' lang='lat' dir='ltr'><strong>Sic</strong></span> <span class='ocrx_word' id='word_1_662' title='bbox 992 4998 1178 5055; x_wconf 67' lang='lat' dir='ltr'><strong>Romae</strong></span> <span class='ocrx_word' id='word_1_663' title='bbox 1221 4999 1602 5063; x_wconf 73' lang='lat' dir='ltr'><strong>SebaSIianns,</strong></span> <span class='ocrx_word' id='word_1_664' title='bbox 1637 5000 1816 5055; x_wconf 89' lang='lat' dir='ltr'><strong>eidem</strong></span> <span class='ocrx_word' id='word_1_665' title='bbox 1851 5016 1911 5055; x_wconf 90' lang='lat' dir='ltr'><strong>se</strong></span> 
     </span>
    </p>
   </div>
   <div class='ocr_carea' id='block_1_95' title="bbox 325 5071 1909 5139">
    <p class='ocr_par' dir='ltr' id='par_1_95' title="bbox 325 5071 1909 5139">
     <span class='ocr_line' id='line_1_95' title="bbox 325 5071 1909 5139; baseline 0.001 -15"><span class='ocrx_word' id='word_1_666' title='bbox 325 5071 690 5134; x_wconf 86' lang='lat' dir='ltr'><strong>Diocletiano,</strong></span> <span class='ocrx_word' id='word_1_667' title='bbox 737 5085 862 5123; x_wconf 88' lang='lat' dir='ltr'><strong>cum</strong></span> <span class='ocrx_word' id='word_1_668' title='bbox 898 5072 1101 5139; x_wconf 74' lang='lat' dir='ltr'><strong>‘primo</strong></span> <span class='ocrx_word' id='word_1_669' title='bbox 1137 5072 1362 5125; x_wconf 87' lang='lat' dir='ltr'><strong>allatam</strong></span> <span class='ocrx_word' id='word_1_670' title='bbox 1406 5087 1595 5125; x_wconf 89' lang='lat' dir='ltr'><strong>necem</strong></span> <span class='ocrx_word' id='word_1_671' title='bbox 1640 5071 1909 5125; x_wconf 89' lang='lat' dir='ltr'><strong>miraculo</strong></span> 
     </span>
    </p>
   </div>
   <div class='ocr_carea' id='block_1_96' title="bbox 323 5141 1909 5211">
    <p class='ocr_par' dir='ltr' id='par_1_96' title="bbox 323 5141 1909 5211">
     <span class='ocr_line' id='line_1_96' title="bbox 323 5141 1909 5211; baseline -0.001 -15"><span class='ocrx_word' id='word_1_672' title='bbox 323 5143 616 5202; x_wconf 86' lang='lat' dir='ltr'><strong>evasisset,</strong></span> <span class='ocrx_word' id='word_1_673' title='bbox 651 5141 1132 5211; x_wconf 84' lang='lat' dir='ltr'><strong>iinproperaturus</strong></span> <span class='ocrx_word' id='word_1_674' title='bbox 1177 5142 1583 5211; x_wconf 82' lang='lat' dir='ltr'><strong>crudelitatem,</strong></span> <span class='ocrx_word' id='word_1_675' title='bbox 1625 5142 1773 5195; x_wconf 91' lang='lat' dir='ltr'><strong>ultro</strong></span> <span class='ocrx_word' id='word_1_676' title='bbox 1806 5142 1909 5196; x_wconf 88' lang='lat' dir='ltr'><strong>ite-</strong></span> 
     </span>
    </p>
   </div>
   <div class='ocr_carea' id='block_1_97' title="bbox 325 5210 1907 5281">
    <p class='ocr_par' dir='ltr' id='par_1_97' title="bbox 325 5210 1907 5281">
     <span class='ocr_line' id='line_1_97' title="bbox 325 5210 1907 5281; baseline -0.001 -16"><span class='ocrx_word' id='word_1_677' title='bbox 325 5227 472 5274; x_wconf 87' lang='lat' dir='ltr'><strong>rum,</strong></span> <span class='ocrx_word' id='word_1_678' title='bbox 499 5220 671 5266; x_wconf 88' lang='lat' dir='ltr'><strong>strata</strong></span> <span class='ocrx_word' id='word_1_679' title='bbox 700 5210 917 5281; x_wconf 87' lang='lat' dir='ltr'><strong>publica</strong></span> <span class='ocrx_word' id='word_1_680' title='bbox 940 5213 1373 5281; x_wconf 60' lang='lat' dir='ltr'><strong>repraesentavit.</strong></span> <span class='ocrx_word' id='word_1_681' title='bbox 1399 5210 1491 5266; x_wconf 89' lang='lat' dir='ltr'><strong>Sic</strong></span> <span class='ocrx_word' id='word_1_682' title='bbox 1522 5210 1907 5278; x_wconf 80' lang='lat' dir='ltr'><strong>Maximinum,</strong></span> 
     </span>
    </p>
   </div>
   <div class='ocr_carea' id='block_1_98' title="bbox 324 5282 1908 5351">
    <p class='ocr_par' dir='ltr' id='par_1_98' title="bbox 324 5282 1908 5351">
     <span class='ocr_line' id='line_1_98' title="bbox 324 5282 1908 5351; baseline 0 -14"><span class='ocrx_word' id='word_1_683' title='bbox 324 5283 431 5337; x_wconf 90' lang='lat' dir='ltr'><strong>sub</strong></span> <span class='ocrx_word' id='word_1_684' title='bbox 467 5283 599 5351; x_wconf 85' lang='lat' dir='ltr'><strong>ipsis</strong></span> <span class='ocrx_word' id='word_1_685' title='bbox 628 5282 917 5339; x_wconf 84' lang='lat' dir='ltr'><strong>sacriﬁciis</strong></span> <span class='ocrx_word' id='word_1_686' title='bbox 959 5290 1013 5337; x_wconf 90' lang='lat' dir='ltr'><strong>et</strong></span> <span class='ocrx_word' id='word_1_687' title='bbox 1042 5284 1261 5351; x_wconf 89' lang='lat' dir='ltr'><strong>publica</strong></span> <span class='ocrx_word' id='word_1_688' title='bbox 1300 5283 1567 5337; x_wconf 82' lang='lat' dir='ltr'><strong>concione</strong></span> <span class='ocrx_word' id='word_1_689' title='bbox 1606 5283 1908 5337; x_wconf 83' lang='lat' dir='ltr'><strong>Catharina</strong></span> 
     </span>
    </p>
   </div>
   <div class='ocr_carea' id='block_1_99' title="bbox 323 5352 1903 5423">
    <p class='ocr_par' dir='ltr' id='par_1_99' title="bbox 323 5352 1903 5423">
     <span class='ocr_line' id='line_1_99' title="bbox 323 5352 1903 5423; baseline -0.001 -16"><span class='ocrx_word' id='word_1_690' title='bbox 323 5353 620 5421; x_wconf 79' lang='lat' dir='ltr'><strong>corripuit,-</strong></span> <span class='ocrx_word' id='word_1_691' title='bbox 644 5360 751 5407; x_wconf 81' lang='lat' dir='ltr'><strong>etc.</strong></span> <span class='ocrx_word' id='word_1_692' title='bbox 783 5353 880 5406; x_wconf 76' lang='lat' dir='ltr'><strong>Vix</strong></span> <span class='ocrx_word' id='word_1_693' title='bbox 918 5368 1046 5406; x_wconf 88' lang='lat' dir='ltr'><strong>vero</strong></span> <span class='ocrx_word' id='word_1_694' title='bbox 1080 5352 1267 5417; x_wconf 90' lang='lat' dir='ltr'><strong>fuerit,</strong></span> <span class='ocrx_word' id='word_1_695' title='bbox 1306 5353 1399 5422; x_wconf 90' lang='lat' dir='ltr'><strong>qui</strong></span> <span class='ocrx_word' id='word_1_696' title='bbox 1427 5353 1663 5423; x_wconf 85' lang='lat' dir='ltr'><strong>Georgio</strong></span> <span class='ocrx_word' id='word_1_697' title='bbox 1692 5364 1903 5422; x_wconf 90' lang='lat' dir='ltr'><strong>nostro,</strong></span> 
     </span>
    </p>
   </div>
   <div class='ocr_carea' id='block_1_100' title="bbox 326 5423 1909 5495">
    <p class='ocr_par' dir='ltr' id='par_1_100' title="bbox 326 5423 1909 5495">
     <span class='ocr_line' id='line_1_100' title="bbox 326 5423 1909 5495; baseline 0.001 -19"><span class='ocrx_word' id='word_1_698' title='bbox 326 5425 447 5479; x_wconf 91' lang='lat' dir='ltr'><strong>viro</strong></span> <span class='ocrx_word' id='word_1_699' title='bbox 474 5432 630 5477; x_wconf 90' lang='lat' dir='ltr'><strong>tanto</strong></span> <span class='ocrx_word' id='word_1_700' title='bbox 657 5431 712 5478; x_wconf 90' lang='lat' dir='ltr'><strong>et</strong></span> <span class='ocrx_word' id='word_1_701' title='bbox 749 5423 995 5495; x_wconf 89' lang='lat' dir='ltr'><strong>militari,</strong></span> <span class='ocrx_word' id='word_1_702' title='bbox 1035 5424 1088 5477; x_wconf 89' lang='lat' dir='ltr'><strong>in</strong></span> <span class='ocrx_word' id='word_1_703' title='bbox 1144 5439 1204 5477; x_wconf 88' lang='lat' dir='ltr'><strong>ea</strong></span> <span class='ocrx_word' id='word_1_704' title='bbox 1239 5424 1486 5495; x_wconf 79' lang='lat' dir='ltr'><strong>martyrii</strong></span> <span class='ocrx_word' id='word_1_705' title='bbox 1525 5425 1778 5477; x_wconf 87' lang='lat' dir='ltr'><strong>ultronea</strong></span> <span class='ocrx_word' id='word_1_706' title='bbox 1823 5424 1909 5477; x_wconf 88' lang='lat' dir='ltr'><strong>in-</strong></span> 
     </span>
    </p>
   </div>
   <div class='ocr_carea' id='block_1_101' title="bbox 322 5494 1908 5564">
    <p class='ocr_par' dir='ltr' id='par_1_101' title="bbox 322 5494 1908 5564">
     <span class='ocr_line' id='line_1_101' title="bbox 322 5494 1908 5564; baseline 0.001 -17"><span class='ocrx_word' id='word_1_707' title='bbox 322 5496 641 5556; x_wconf 87' lang='lat' dir='ltr'><strong>choatione,</strong></span> <span class='ocrx_word' id='word_1_708' title='bbox 671 5494 998 5564; x_wconf 71' lang='lat' dir='ltr'><strong>prmviisque</strong></span> <span class='ocrx_word' id='word_1_709' title='bbox 1030 5496 1097 5547; x_wconf 89' lang='lat' dir='ltr'><strong>ad</strong></span> <span class='ocrx_word' id='word_1_710' title='bbox 1133 5495 1312 5564; x_wconf 83' lang='lat' dir='ltr'><strong>ipsum</strong></span> <span class='ocrx_word' id='word_1_711' title='bbox 1342 5494 1410 5546; x_wconf 88' lang='lat' dir='ltr'><strong>ab</strong></span> <span class='ocrx_word' id='word_1_712' title='bbox 1436 5495 1649 5548; x_wconf 79' lang='lat' dir='ltr'><strong>Andrea</strong></span> <span class='ocrx_word' id='word_1_713' title='bbox 1681 5508 1908 5549; x_wconf 83' lang='lat' dir='ltr'><strong>enarra-</strong></span> 
     </span>
    </p>
   </div>
   <div class='ocr_carea' id='block_1_102' title="bbox 326 5563 1915 5634">
    <p class='ocr_par' dir='ltr' id='par_1_102' title="bbox 326 5563 1915 5634">
     <span class='ocr_line' id='line_1_102' title="bbox 326 5563 1915 5634; baseline -0.001 -15"><span class='ocrx_word' id='word_1_714' title='bbox 326 5566 419 5628; x_wconf 85' lang='lat' dir='ltr'><strong>tis,</strong></span> <span class='ocrx_word' id='word_1_715' title='bbox 458 5567 755 5634; x_wconf 76' lang='lat' dir='ltr'><strong>gloriosius</strong></span> <span class='ocrx_word' id='word_1_716' title='bbox 806 5563 1080 5619; x_wconf 84' lang='lat' dir='ltr'><strong>habuerit.</strong></span> <span class='ocrx_word' id='word_1_717' title='bbox 1146 5563 1326 5634; x_wconf 73' lang='lat' dir='ltr'><strong>Atque</strong></span> <span class='ocrx_word' id='word_1_718' title='bbox 1368 5565 1604 5628; x_wconf 83' lang='lat' dir='ltr'><strong>utinam,</strong></span> <span class='ocrx_word' id='word_1_719' title='bbox 1639 5572 1804 5620; x_wconf 76' lang='lat' dir='ltr'><strong>tantae</strong></span> <span class='ocrx_word' id='word_1_720' title='bbox 1837 5564 1915 5618; x_wconf 90' lang='lat' dir='ltr'><strong>illi</strong></span> 
     </span>
    </p>
   </div>
   <div class='ocr_carea' id='block_1_103' title="bbox 324 5635 1916 5706">
    <p class='ocr_par' dir='ltr' id='par_1_103' title="bbox 324 5635 1916 5706">
     <span class='ocr_line' id='line_1_103' title="bbox 324 5635 1916 5706; baseline 0 -17"><span class='ocrx_word' id='word_1_721' title='bbox 324 5636 652 5690; x_wconf 86' lang='lat' dir='ltr'><strong>certaminis</strong></span> <span class='ocrx_word' id='word_1_722' title='bbox 682 5635 814 5697; x_wconf 80' lang='lat' dir='ltr'><strong>luci,</strong></span> <span class='ocrx_word' id='word_1_723' title='bbox 867 5635 1048 5687; x_wconf 87' lang='lat' dir='ltr'><strong>nullas</strong></span> <span class='ocrx_word' id='word_1_724' title='bbox 1075 5636 1387 5706; x_wconf 77' lang='lat' dir='ltr'><strong>apocrypha</strong></span> <span class='ocrx_word' id='word_1_725' title='bbox 1425 5636 1796 5704; x_wconf 86' lang='lat' dir='ltr'><strong>aspersissent</strong></span> <span class='ocrx_word' id='word_1_726' title='bbox 1832 5644 1916 5689; x_wconf 84' lang='lat' dir='ltr'><strong>te-</strong></span> 
     </span>
    </p>
   </div>
   <div class='ocr_carea' id='block_1_104' title="bbox 326 5706 1915 5774">
    <p class='ocr_par' dir='ltr' id='par_1_104' title="bbox 326 5706 1915 5774">
     <span class='ocr_line' id='line_1_104' title="bbox 326 5706 1915 5774; baseline -0.001 -13"><span class='ocrx_word' id='word_1_727' title='bbox 326 5707 563 5772; x_wconf 75' lang='lat' dir='ltr'><strong>nebras;</strong></span> <span class='ocrx_word' id='word_1_728' title='bbox 590 5706 790 5758; x_wconf 87' lang='lat' dir='ltr'><strong>mirum</strong></span> <span class='ocrx_word' id='word_1_729' title='bbox 821 5713 970 5758; x_wconf 89' lang='lat' dir='ltr'><strong>certe</strong></span> <span class='ocrx_word' id='word_1_730' title='bbox 987 5720 1155 5770; x_wconf 83' lang='lat' dir='ltr'><strong>quam</strong></span> <span class='ocrx_word' id='word_1_731' title='bbox 1186 5707 1475 5774; x_wconf 85' lang='lat' dir='ltr'><strong>utriusque</strong></span> <span class='ocrx_word' id='word_1_732' title='bbox 1506 5706 1762 5760; x_wconf 67' lang='lat' dir='ltr'><strong>Ecclesiae</strong></span> <span class='ocrx_word' id='word_1_733' title='bbox 1792 5706 1915 5772; x_wconf 91' lang='lat' dir='ltr'><strong>ejus</strong></span> 
     </span>
    </p>
   </div>
   <div class='ocr_carea' id='block_1_105' title="bbox 326 5776 1917 5847">
    <p class='ocr_par' dir='ltr' id='par_1_105' title="bbox 326 5776 1917 5847">
     <span class='ocr_line' id='line_1_105' title="bbox 326 5776 1917 5847; baseline -0.001 -17"><span class='ocrx_word' id='word_1_734' title='bbox 326 5776 726 5836; x_wconf 68' lang='lat' dir='ltr'><strong>devotissimw,</strong></span> <span class='ocrx_word' id='word_1_735' title='bbox 763 5787 1037 5847; x_wconf 79' lang='lat' dir='ltr'><strong>recrearet</strong></span> <span class='ocrx_word' id='word_1_736' title='bbox 1078 5776 1312 5830; x_wconf 80' lang='lat' dir='ltr'><strong>faciem:</strong></span> <span class='ocrx_word' id='word_1_737' title='bbox 1356 5792 1675 5847; x_wconf 89' lang='lat' dir='ltr'><strong>quanquam</strong></span> <span class='ocrx_word' id='word_1_738' title='bbox 1714 5776 1765 5828; x_wconf 92' lang='lat' dir='ltr'><strong>in</strong></span> <span class='ocrx_word' id='word_1_739' title='bbox 1794 5776 1917 5830; x_wconf 84' lang='lat' dir='ltr'><strong>istis</strong></span> 
     </span>
    </p>
   </div>
   <div class='ocr_carea' id='block_1_106' title="bbox 330 5846 1911 5919">
    <p class='ocr_par' dir='ltr' id='par_1_106' title="bbox 330 5846 1911 5919">
     <span class='ocr_line' id='line_1_106' title="bbox 330 5846 1911 5919; baseline 0.001 -19"><span class='ocrx_word' id='word_1_740' title='bbox 330 5847 572 5919; x_wconf 78' lang='lat' dir='ltr'><strong>probatis</strong></span> <span class='ocrx_word' id='word_1_741' title='bbox 597 5846 668 5901; x_wconf 72' lang='lat' dir='ltr'><strong>ab</strong></span> <span class='ocrx_word' id='word_1_742' title='bbox 701 5846 939 5910; x_wconf 75' lang='lat' dir='ltr'><strong>Andrca,</strong></span> <span class='ocrx_word' id='word_1_743' title='bbox 986 5848 1097 5901; x_wconf 81' lang='lat' dir='ltr'><strong>aeri</strong></span> <span class='ocrx_word' id='word_1_744' title='bbox 1135 5847 1253 5903; x_wconf 80' lang='lat' dir='ltr'><strong>viro</strong></span> <span class='ocrx_word' id='word_1_745' title='bbox 1291 5846 1537 5919; x_wconf 78' lang='lat' dir='ltr'><strong>ingenio,</strong></span> <span class='ocrx_word' id='word_1_746' title='bbox 1584 5855 1911 5916; x_wconf 81' lang='lat' dir='ltr'><strong>sanctoque,</strong></span> 
     </span>
    </p>
   </div>
   <div class='ocr_carea' id='block_1_107' title="bbox 2014 4784 3613 4854">
    <p class='ocr_par' dir='ltr' id='par_1_107' title="bbox 2014 4784 3613 4854">
     <span class='ocr_line' id='line_1_107' title="bbox 2014 4784 3613 4854; baseline -0.004 -13"><span class='ocrx_word' id='word_1_747' title='bbox 2014 4784 2173 4843; x_wconf 84' lang='lat' dir='ltr'><strong>nobis</strong></span> <span class='ocrx_word' id='word_1_748' title='bbox 2214 4784 2476 4844; x_wconf 88' lang='lat' dir='ltr'><strong>obtrudat</strong></span> <span class='ocrx_word' id='word_1_749' title='bbox 2532 4787 2803 4842; x_wconf 89' lang='lat' dir='ltr'><strong>Baronius</strong></span> <span class='ocrx_word' id='word_1_750' title='bbox 2830 4784 2849 4853; x_wconf 61' lang='grc' dir='ltr'><em>ξ</em></span> <span class='ocrx_word' id='word_1_751' title='bbox 2874 4788 2963 4839; x_wconf 81' lang='lat' dir='ltr'><strong>eui</strong></span> <span class='ocrx_word' id='word_1_752' title='bbox 3001 4784 3368 4854; x_wconf 86' lang='lat' dir='ltr'><strong>utdisplicuit</strong></span> <span class='ocrx_word' id='word_1_753' title='bbox 3402 4784 3613 4854; x_wconf 82' lang='lat' dir='ltr'><strong>magia,</strong></span> 
     </span>
    </p>
   </div>
   <div class='ocr_carea' id='block_1_108' title="bbox 2010 4852 3611 4922">
    <p class='ocr_par' dir='ltr' id='par_1_108' title="bbox 2010 4852 3611 4922">
     <span class='ocr_line' id='line_1_108' title="bbox 2010 4852 3611 4922; baseline -0.004 -9"><span class='ocrx_word' id='word_1_754' title='bbox 2010 4859 2067 4914; x_wconf 90' lang='lat' dir='ltr'><strong>in</strong></span> <span class='ocrx_word' id='word_1_755' title='bbox 2112 4861 2398 4915; x_wconf 85' lang='lat' dir='ltr'><strong>Athanasii</strong></span> <span class='ocrx_word' id='word_1_756' title='bbox 2435 4861 2679 4921; x_wconf 89' lang='lat' dir='ltr'><strong>nomine,</strong></span> <span class='ocrx_word' id='word_1_757' title='bbox 2728 4852 2921 4913; x_wconf 80' lang='lat' dir='ltr'><strong>debuit</strong></span> <span class='ocrx_word' id='word_1_758' title='bbox 2953 4856 3143 4909; x_wconf 82' lang='lat' dir='ltr'><strong>eadem</strong></span> <span class='ocrx_word' id='word_1_759' title='bbox 3174 4852 3391 4907; x_wconf 79' lang='lat' dir='ltr'><strong>ratione</strong></span> <span class='ocrx_word' id='word_1_760' title='bbox 3412 4852 3611 4922; x_wconf 83' lang='lat' dir='ltr'><strong>displi-</strong></span> 
     </span>
    </p>
   </div>
   <div class='ocr_carea' id='block_1_109' title="bbox 2011 4924 3616 4998">
    <p class='ocr_par' dir='ltr' id='par_1_109' title="bbox 2011 4924 3616 4998">
     <span class='ocr_line' id='line_1_109' title="bbox 2011 4924 3616 4998; baseline -0.002 -15"><span class='ocrx_word' id='word_1_761' title='bbox 2011 4945 2138 4985; x_wconf 84' lang='lat' dir='ltr'><strong>cere</strong></span> <span class='ocrx_word' id='word_1_762' title='bbox 2169 4932 2461 4993; x_wconf 75' lang='lat' dir='ltr'><strong>sanctitas,</strong></span> <span class='ocrx_word' id='word_1_763' title='bbox 2502 4931 2553 4983; x_wconf 87' lang='lat' dir='ltr'><strong>in</strong></span> <span class='ocrx_word' id='word_1_764' title='bbox 2577 4929 2821 4998; x_wconf 79' lang='lat' dir='ltr'><strong>Georgii,</strong></span> <span class='ocrx_word' id='word_1_765' title='bbox 2864 4928 3028 4998; x_wconf 89' lang='lat' dir='ltr'><strong>idqu_e</strong></span> <span class='ocrx_word' id='word_1_766' title='bbox 3070 4924 3461 4994; x_wconf 85' lang='lat' dir='ltr'><strong>Cappadocis;</strong></span> <span class='ocrx_word' id='word_1_767' title='bbox 3496 4940 3616 4998; x_wconf 83' lang='lat' dir='ltr'><strong>quo</strong></span> 
     </span>
    </p>
   </div>
   <div class='ocr_carea' id='block_1_110' title="bbox 2010 4994 3613 5065">
    <p class='ocr_par' dir='ltr' id='par_1_110' title="bbox 2010 4994 3613 5065">
     <span class='ocr_line' id='line_1_110' title="bbox 2010 4994 3613 5065; baseline -0.003 -12"><span class='ocrx_word' id='word_1_768' title='bbox 2010 4998 2691 5056; x_wconf 76' lang='lat' dir='ltr'><strong>Pseudo-Atexandrinum</strong></span> <span class='ocrx_word' id='word_1_769' title='bbox 2727 4994 2952 5051; x_wconf 55' lang='lat' dir='ltr'><strong>&#39;illum&#39;</strong></span> <span class='ocrx_word' id='word_1_770' title='bbox 2977 4994 3274 5065; x_wconf 86' lang='lat' dir='ltr'><strong>Georgium</strong></span> <span class='ocrx_word' id='word_1_771' title='bbox 3325 5010 3389 5049; x_wconf 77' lang='lat' dir='ltr'><strong>ex</strong></span> <span class='ocrx_word' id='word_1_772' title='bbox 3435 4996 3613 5065; x_wconf 82' lang='lat' dir='ltr'><strong>patria</strong></span> 
     </span>
    </p>
   </div>
   <div class='ocr_carea' id='block_1_111' title="bbox 2010 5063 3610 5148">
    <p class='ocr_par' dir='ltr' id='par_1_111' title="bbox 2010 5063 3610 5148">
     <span class='ocr_line' id='line_1_111' title="bbox 2010 5063 3610 5148; baseline -0.006 -23"><span class='ocrx_word' id='word_1_773' title='bbox 2010 5073 2198 5148; x_wconf 74' lang='lat' dir='ltr'><strong>etiam,</strong></span> <span class='ocrx_word' id='word_1_774' title='bbox 2229 5071 2616 5148; x_wconf 62' lang='lat' dir='ltr'><strong>propinquius</strong></span> <span class='ocrx_word' id='word_1_775' title='bbox 2671 5065 2873 5124; x_wconf 87' lang='lat' dir='ltr'><strong>referat</strong></span> <span class='ocrx_word' id='word_1_776' title='bbox 2910 5083 2924 5119; x_wconf 91' lang='lat'><strong>:</strong></span> <span class='ocrx_word' id='word_1_777' title='bbox 2979 5074 3037 5119; x_wconf 90' lang='lat' dir='ltr'><strong>ut</strong></span> <span class='ocrx_word' id='word_1_778' title='bbox 3070 5063 3146 5120; x_wconf 76' lang='lat' dir='ltr'><strong>sit</strong></span> <span class='ocrx_word' id='word_1_779' title='bbox 3174 5074 3231 5118; x_wconf 91' lang='lat' dir='ltr'><strong>et</strong></span> <span class='ocrx_word' id='word_1_780' title='bbox 3265 5065 3385 5134; x_wconf 89' lang='lat' dir='ltr'><strong>ipse</strong></span> <span class='ocrx_word' id='word_1_781' title='bbox 3432 5063 3610 5148; x_wconf 49' lang='lat' dir='ltr'><strong>Geor-.-</strong></span> 
     </span>
    </p>
   </div>
   <div class='ocr_carea' id='block_1_112' title="bbox 2008 5140 3601 5212">
    <p class='ocr_par' dir='ltr' id='par_1_112' title="bbox 2008 5140 3601 5212">
     <span class='ocr_line' id='line_1_112' title="bbox 2008 5140 3601 5212; baseline -0.003 -18"><span class='ocrx_word' id='word_1_782' title='bbox 2008 5141 2158 5212; x_wconf 88' lang='lat' dir='ltr'><strong>gius,</strong></span> <span class='ocrx_word' id='word_1_783' title='bbox 2197 5141 2241 5196; x_wconf 93' lang='lat' dir='ltr'><strong>si</strong></span> <span class='ocrx_word' id='word_1_784' title='bbox 2274 5140 2517 5196; x_wconf 86' lang='lat' dir='ltr'><strong>Baronio</strong></span> <span class='ocrx_word' id='word_1_785' title='bbox 2568 5142 2765 5212; x_wconf 83' lang='lat' dir='ltr'><strong>placet,</strong></span> <span class='ocrx_word' id='word_1_786' title='bbox 2793 5150 3028 5207; x_wconf 84' lang='lat' dir='ltr'><strong>persona</strong></span> <span class='ocrx_word' id='word_1_787' title='bbox 3060 5150 3227 5207; x_wconf 90' lang='lat' dir='ltr'><strong>quam</strong></span> <span class='ocrx_word' id='word_1_788' title='bbox 3259 5140 3601 5189; x_wconf 88' lang='lat' dir='ltr'><strong>commentiti</strong></span> 
     </span>
    </p>
   </div>
   <div class='ocr_carea' id='block_1_113' title="bbox 2010 5210 3418 5290">
    <p class='ocr_par' dir='ltr' id='par_1_113' title="bbox 2010 5210 3418 5290">
     <span class='ocr_line' id='line_1_113' title="bbox 2010 5210 3418 5290; baseline -0.006 -24"><span class='ocrx_word' id='word_1_789' title='bbox 2010 5210 2361 5290; x_wconf 44' lang='lat' dir='ltr'><strong>Sitttdriani,</strong></span> <span class='ocrx_word' id='word_1_790' title='bbox 2389 5229 2496 5267; x_wconf 94' lang='lat' dir='ltr'><strong>non</strong></span> <span class='ocrx_word' id='word_1_791' title='bbox 2518 5210 3104 5290; x_wconf 40' lang='lat' dir='ltr'><strong>_pt_-zecipuus.tnartyr.</strong></span> <span class='ocrx_word' id='word_1_792' title='bbox 3184 5275 3241 5290; x_wconf 43' lang='grc' dir='ltr'>,Δ</span> <span class='ocrx_word' id='word_1_793' title='bbox 3405 5272 3418 5290; x_wconf 39' lang='grc' dir='ltr'><strong><em>θ</em></strong></span> 
     </span>
    </p>
   </div>
   <div class='ocr_carea' id='block_1_114' title="bbox 2084 5275 3606 5350">
    <p class='ocr_par' dir='ltr' id='par_1_114' title="bbox 2084 5275 3606 5350">
     <span class='ocr_line' id='line_1_114' title="bbox 2084 5275 3606 5350; baseline -0.007 -13"><span class='ocrx_word' id='word_1_794' title='bbox 2084 5283 2196 5350; x_wconf 79' lang='grc'><strong>(51)</strong></span> <span class='ocrx_word' id='word_1_795' title='bbox 2237 5275 2355 5336; x_wconf 36' lang='grc' dir='ltr'><strong><em>Ι¹νο⁷</em></strong></span> <span class='ocrx_word' id='word_1_796' title='bbox 2385 5275 2614 5337; x_wconf 67' lang='lat' dir='ltr'><strong>nominis</strong></span> <span class='ocrx_word' id='word_1_797' title='bbox 2643 5275 2728 5335; x_wconf 63' lang='lat' dir='ltr'><strong>sui</strong></span> <span class='ocrx_word' id='word_1_798' title='bbox 2759 5275 3136 5350; x_wconf 66' lang='lat' dir='ltr'><strong>ratione,_etc.</strong></span> <span class='ocrx_word' id='word_1_799' title='bbox 3162 5275 3244 5350; x_wconf 65' lang='grc' dir='ltr'><strong>ΔὈ</strong></span> <span class='ocrx_word' id='word_1_800' title='bbox 3280 5275 3606 5350; x_wconf 80' lang='grc' dir='ltr'>φερώνυμος</span> 
     </span>
    </p>
   </div>
   <div class='ocr_carea' id='block_1_115' title="bbox 2014 5343 3610 5423">
    <p class='ocr_par' dir='ltr' id='par_1_115' title="bbox 2014 5343 3610 5423">
     <span class='ocr_line' id='line_1_115' title="bbox 2014 5343 3610 5423; baseline -0.007 -17"><span class='ocrx_word' id='word_1_801' title='bbox 2014 5343 2111 5406; x_wconf 82' lang='grc' dir='ltr'><strong>τοῦ</strong></span> <span class='ocrx_word' id='word_1_802' title='bbox 2141 5343 2383 5423; x_wconf 77' lang='grc' dir='ltr'>Χριστοῦ</span> <span class='ocrx_word' id='word_1_803' title='bbox 2419 5352 2711 5422; x_wconf 83' lang='grc' dir='ltr'>Γεώργιος.</span> <span class='ocrx_word' id='word_1_804' title='bbox 2742 5351 2908 5423; x_wconf 76' lang='lat' dir='ltr'><strong>_\’e_lut</strong></span> <span class='ocrx_word' id='word_1_805' title='bbox 2958 5348 3108 5423; x_wconf 79' lang='lat' dir='ltr'><strong>idem</strong></span> <span class='ocrx_word' id='word_1_806' title='bbox 3124 5346 3202 5423; x_wconf 72' lang='lat' dir='ltr'><strong>sit</strong></span> <span class='ocrx_word' id='word_1_807' title='bbox 3235 5343 3399 5423; x_wconf 76' lang='lat' dir='ltr'><strong>atque</strong></span> <span class='ocrx_word' id='word_1_808' title='bbox 3437 5343 3610 5423; x_wconf 72' lang='grc' dir='ltr'>γεῴρο</span> 
     </span>
    </p>
   </div>
   <div class='ocr_carea' id='block_1_116' title="bbox 2017 5416 3606 5491">
    <p class='ocr_par' dir='ltr' id='par_1_116' title="bbox 2017 5416 3606 5491">
     <span class='ocr_line' id='line_1_116' title="bbox 2017 5416 3606 5491; baseline -0.004 -15"><span class='ocrx_word' id='word_1_809' title='bbox 2017 5440 2158 5490; x_wconf 85' lang='grc' dir='ltr'>γιον,</span> <span class='ocrx_word' id='word_1_810' title='bbox 2197 5416 2358 5491; x_wconf 81' lang='lat' dir='ltr'><strong>cujus</strong></span> <span class='ocrx_word' id='word_1_811' title='bbox 2408 5416 2681 5477; x_wconf 30' lang='lat' dir='ltr'><strong>ration’em</strong></span> <span class='ocrx_word' id='word_1_812' title='bbox 2742 5416 3606 5491; x_wconf 28' lang='lat' dir='ltr'><strong>habuerit,“edendahmagnitica</strong></span> 
     </span>
    </p>
   </div>
   <div class='ocr_carea' id='block_1_117' title="bbox 2017 5485 3607 5566">
    <p class='ocr_par' dir='ltr' id='par_1_117' title="bbox 2017 5485 3607 5566">
     <span class='ocr_line' id='line_1_117' title="bbox 2017 5485 3607 5566; baseline -0.007 -18"><span class='ocrx_word' id='word_1_813' title='bbox 2017 5485 2107 5548; x_wconf 79' lang='lat' dir='ltr'><strong>illa</strong></span> <span class='ocrx_word' id='word_1_814' title='bbox 2146 5485 2533 5550; x_wconf 64' lang='lat' dir='ltr'><strong>confessionis</strong></span> <span class='ocrx_word' id='word_1_815' title='bbox 2574 5507 2728 5566; x_wconf 79' lang='lat' dir='ltr'><strong>voce,</strong></span> <span class='ocrx_word' id='word_1_816' title='bbox 2781 5506 2974 5566; x_wconf 34' lang='lat' dir='ltr'><strong>quam.</strong></span> <span class='ocrx_word' id='word_1_817' title='bbox 3000 5489 3131 5566; x_wconf 84' lang='lat' dir='ltr'><strong>olim</strong></span> <span class='ocrx_word' id='word_1_818' title='bbox 3163 5485 3349 5566; x_wconf 68' lang='lat' dir='ltr'><strong>cordis</strong></span> <span class='ocrx_word' id='word_1_819' title='bbox 3375 5488 3607 5566; x_wconf 77' lang='lat' dir='ltr'><strong>gremio,</strong></span> 
     </span>
    </p>
   </div>
   <div class='ocr_carea' id='block_1_118' title="bbox 2017 5555 3608 5624">
    <p class='ocr_par' dir='ltr' id='par_1_118' title="bbox 2017 5555 3608 5624">
     <span class='ocr_line' id='line_1_118' title="bbox 2017 5555 3608 5624; baseline -0.006 -6"><span class='ocrx_word' id='word_1_820' title='bbox 2017 5566 2200 5619; x_wconf 87' lang='lat' dir='ltr'><strong>divina</strong></span> <span class='ocrx_word' id='word_1_821' title='bbox 2238 5566 2455 5619; x_wconf 87' lang='lat' dir='ltr'><strong>satione</strong></span> <span class='ocrx_word' id='word_1_822' title='bbox 2488 5555 2825 5624; x_wconf 69' lang='lat' dir='ltr'><strong>mandatam,</strong></span> <span class='ocrx_word' id='word_1_823' title='bbox 2862 5560 2975 5615; x_wconf 89' lang='lat' dir='ltr'><strong>arvi</strong></span> <span class='ocrx_word' id='word_1_824' title='bbox 3012 5560 3189 5612; x_wconf 86' lang='lat' dir='ltr'><strong>instar</strong></span> <span class='ocrx_word' id='word_1_825' title='bbox 3228 5555 3480 5609; x_wconf 76' lang='lat' dir='ltr'><strong>favisset.</strong></span> <span class='ocrx_word' id='word_1_826' title='bbox 3517 5557 3608 5608; x_wconf 86' lang='lat' dir='ltr'><strong>lti-</strong></span> 
     </span>
    </p>
   </div>
   <div class='ocr_carea' id='block_1_119' title="bbox 1982 5625 3606 5705">
    <p class='ocr_par' dir='ltr' id='par_1_119' title="bbox 1982 5625 3606 5705">
     <span class='ocr_line' id='line_1_119' title="bbox 1982 5625 3606 5705; baseline -0.006 -17"><span class='ocrx_word' id='word_1_827' title='bbox 1982 5694 1987 5701; x_wconf 37' lang='lat'><strong>,</strong></span> <span class='ocrx_word' id='word_1_828' title='bbox 2018 5647 2231 5705; x_wconf 83' lang='lat' dir='ltr'><strong>terpres</strong></span> <span class='ocrx_word' id='word_1_829' title='bbox 2272 5635 2486 5703; x_wconf 84' lang='lat' dir='ltr'><strong>Lipom.</strong></span> <span class='ocrx_word' id='word_1_830' title='bbox 2521 5633 2697 5699; x_wconf 84' lang='lat' dir='ltr'><strong>Quam</strong></span> <span class='ocrx_word' id='word_1_831' title='bbox 2747 5631 2916 5686; x_wconf 80' lang='lat' dir='ltr'><strong>edidit</strong></span> <span class='ocrx_word' id='word_1_832' title='bbox 2949 5627 3375 5705; x_wconf 30' lang='lat' dir='ltr'><strong>Christiﬁuomen</strong></span> <span class='ocrx_word' id='word_1_833' title='bbox 3402 5625 3606 5705; x_wconf 67' lang='lat' dir='ltr'><strong>ferens</strong></span> 
     </span>
    </p>
   </div>
   <div class='ocr_carea' id='block_1_120' title="bbox 2017 5696 3605 5776">
    <p class='ocr_par' dir='ltr' id='par_1_120' title="bbox 2017 5696 3605 5776">
     <span class='ocr_line' id='line_1_120' title="bbox 2017 5696 3605 5776; baseline -0.006 -19"><span class='ocrx_word' id='word_1_834' title='bbox 2017 5696 2272 5776; x_wconf 71' lang='lat' dir='ltr'><strong>Georgius</strong></span> <span class='ocrx_word' id='word_1_835' title='bbox 2305 5696 2566 5776; x_wconf 45' lang='lat' dir='ltr'><strong>{insulsa</strong></span> <span class='ocrx_word' id='word_1_836' title='bbox 2607 5712 2755 5759; x_wconf 87' lang='lat' dir='ltr'><strong>certe</strong></span> <span class='ocrx_word' id='word_1_837' title='bbox 2783 5701 3079 5776; x_wconf 69' lang='lat' dir='ltr'><strong>expositio.</strong></span> <span class='ocrx_word' id='word_1_838' title='bbox 3105 5769 3115 5776; x_wconf 89' lang='lat'>_</span> <span class='ocrx_word' id='word_1_839' title='bbox 3142 5696 3475 5776; x_wconf 31' lang='lat' dir='ltr'><strong>Quisnelniltn‘</strong></span> <span class='ocrx_word' id='word_1_840' title='bbox 3519 5698 3605 5749; x_wconf 88' lang='lat' dir='ltr'><strong>vel</strong></span> 
     </span>
    </p>
   </div>
   <div class='ocr_carea' id='block_1_121' title="bbox 2016 5766 3602 5844">
    <p class='ocr_par' dir='ltr' id='par_1_121' title="bbox 2016 5766 3602 5844">
     <span class='ocr_line' id='line_1_121' title="bbox 2016 5766 3602 5844; baseline -0.006 -16"><span class='ocrx_word' id='word_1_841' title='bbox 2016 5766 2323 5839; x_wconf 67' lang='lat' dir='ltr'><strong>Cltristum,</strong></span> <span class='ocrx_word' id='word_1_842' title='bbox 2388 5774 2682 5844; x_wconf 81' lang='lat' dir='ltr'><strong>Georgium</strong></span> <span class='ocrx_word' id='word_1_843' title='bbox 2712 5815 2726 5837; x_wconf 94' lang='lat'><strong>,</strong></span> <span class='ocrx_word' id='word_1_844' title='bbox 2769 5766 2871 5844; x_wconf 78' lang='lat' dir='ltr'><strong>vel</strong></span> <span class='ocrx_word' id='word_1_845' title='bbox 2920 5769 3240 5844; x_wconf 79' lang='lat' dir='ltr'><strong>Georgium,</strong></span> <span class='ocrx_word' id='word_1_846' title='bbox 3292 5766 3602 5844; x_wconf 63' lang='lat' dir='ltr'><strong>Christum.</strong></span> 
     </span>
    </p>
   </div>
   <div class='ocr_carea' id='block_1_122' title="bbox 2018 5836 3505 5915">
    <p class='ocr_par' dir='ltr' id='par_1_122' title="bbox 2018 5836 3505 5915">
     <span class='ocr_line' id='line_1_122' title="bbox 2018 5836 3505 5915; baseline -0.005 -18"><span class='ocrx_word' id='word_1_847' title='bbox 2018 5848 2160 5915; x_wconf 86' lang='lat' dir='ltr'><strong>quod</strong></span> <span class='ocrx_word' id='word_1_848' title='bbox 2187 5849 2277 5901; x_wconf 80' lang='lat' dir='ltr'><strong>illa</strong></span> <span class='ocrx_word' id='word_1_849' title='bbox 2310 5836 2512 5904; x_wconf 66' lang='lat' dir='ltr'><strong>Sonam</strong></span> <span class='ocrx_word' id='word_1_850' title='bbox 2536 5836 2730 5902; x_wconf 64' lang='lat' dir='ltr'><strong>contra</strong></span> <span class='ocrx_word' id='word_1_851' title='bbox 2751 5836 3216 5907; x_wconf 61' lang='lat' dir='ltr'><strong>Graecamjidem,</strong></span> <span class='ocrx_word' id='word_1_852' title='bbox 3242 5837 3454 5895; x_wconf 78' lang='lat' dir='ltr'><strong>audivit</strong></span> <span class='ocrx_word' id='word_1_853' title='bbox 3479 5836 3505 5890; x_wconf 68' lang='grc' dir='ltr'><strong>τ</strong></span> 
     </span>
    </p>
   </div>
  </div>
