4012 6440
280 420 422 488 1185

1590 416 1670 477 IN
1729 416 1791 477 S.
1830 413 2267 476 GEORGIUM.

3440 417 3577 483 1186

276 537 569 607 μάχαιρα;
632 532 948 605 Πέπειτμαι
980 532 1112 603 γάρ,
1138 532 1224 587 ὅτι
1272 530 1400 585 οὔτε
1438 530 1698 597 Θάνατος,
1747 528 1870 585 οὔτε

1979 541 2047 581 an
2086 525 2313 580 nuilitas
2352 527 2471 580 ?an
2514 526 2825 598 periculum
2857 526 2881 581 ί
2931 541 3001 581 an
3042 526 3267 600 gladius
3299 530 3323 584 τ
3375 526 3574 587 Certus

270 626 417 698 ζωὴ,
450 626 577 681 οὔτε
631 628 915 697 ΙἌγγελοι,
959 626 1088 688 οὔτε
1135 627 1350 697 Ἀρχαὶ,
1398 624 1525 680 οὔτε
1578 624 1872 691 Ἐξουσίαι,

268 720 401 775 οὔτε
441 721 742 791 Δυνάμεις,
776 718 904 774 οὔτε
929 720 1227 785 ἐνεστῶτα,
1254 718 1382 773 οὔτε
1410 718 1680 789 μέλλοντα.
1702 758 1716 783 ,
1744 716 1873 772 οὔτε

266 831 362 878 τις
385 812 566 877 κτίσις
596 813 761 884 ἐτέρα
790 811 1089 884 δυνήσεται
1115 812 1354 885 χωρίσαι
1389 829 1458 882 με
1481 811 1591 866 ἀπὸ
1612 811 1713 883 τῆς
1740 811 1876 879 ἀγά-

268 924 391 975 πης
415 905 512 959 τοῦ
544 904 809 978 Χριστοῦ,
836 925 854 958 ι
881 936 952 948 -
986 925 1006 959 ι
1044 906 1200 975 Ἐμοὶ
1226 905 1336 977 γὰρ
1362 906 1424 959 τὸ
1452 903 1577 976 ζῇν,
1601 903 1871 974 Χριστός

266 1000 377 1053 καὶ
407 999 468 1051 τὸ
495 998 816 1065 ἀποθανεῖν,
853 1000 1068 1073 κέρδος.
1094 1019 1124 1053 ο

346 1177 422 1232 οὐ
456 1176 620 1250 μέχρι
644 1176 701 1231 δὲ
729 1177 907 1249 λόγων
936 1179 995 1232 ἐν
1028 1178 1179 1251 αὐτῷ
1208 1181 1241 1251 ἡ
1278 1179 1417 1252 πκρδς
1442 1181 1572 1243 τοὺς
1597 1178 1871 1245 ἐναντίους

270 1270 594 1341 εξυμπλοκὴ,
632 1270 771 1324 ἀλλά
794 1272 898 1323 καὶ
936 1270 1123 1341 ἔργοις
1172 1272 1359 1335 αὐτοῖς
1410 1271 1591 1341 σοφῶς
1630 1270 1750 1343 ἄμα
1781 1272 1877 1326 καὶ

264 1362 481 1430 δραστη
495 1359 626 1430 ρίως
658 1360 1160 1429 ἀντιπαρετάττετο
1185 1375 1199 1389 ·
1245 1353 1334 1413 οἷα
1372 1359 1635 1431 κραταιὸς
1672 1360 1877 1427 ἀγωνι-

269 1457 410 1526 στὴς
441 1456 540 1528 τὴν
593 1456 750 1527 ἰσχὺν
780 1457 878 1510 καὶ
904 1457 1007 1527 τὴν
1058 1456 1335 1527 ἀνδρείαν,
1384 1456 1445 1510 οὐ
1497 1456 1656 1525 μόνον
1686 1455 1751 1508 ἐκ
1781 1451 1876 1506 τοῦ

265 1545 504 1600 τύπτειν
561 1547 689 1609 τοὺς
724 1546 1078 1611 ἀντιπάλους,
1134 1546 1272 1601 ἀλλά
1319 1546 1418 1601 καὶ
1461 1546 1526 1598 ἐκ
1554 1543 1649 1598 τοῦ
1686 1542 1877 1614 φέρειν

263 1635 527 1706 στερρῶς
556 1635 653 1699 τὰς
680 1638 812 1708 παρ’
841 1636 1023 1690 αὐτῶν
1054 1634 1269 1707 πληγὰς
1297 1632 1742 1703 ἐπιδεικνύμενος
1769 1630 1877 1684 σώ-

271 1743 414 1779 υ.ατι
445 1728 541 1781 καὶ
567 1725 863 1797 πνεύματι,
886 1726 965 1797 τῷ
990 1726 1096 1796 μὲν
1127 1726 1375 1794 πάσχων,
1404 1724 1482 1794 τῷ
1504 1722 1562 1776 δέ
1585 1722 1878 1792 ἁντιπλήτ-

261 1834 407 1871 των.
445 1819 509 1872 Οἱ
542 1818 641 1889 μὲν
676 1819 788 1890 γὰρ
820 1817 1043 1888 μάστιξι
1078 1816 1384 1888 κατῄκιζον
1424 1816 1484 1869 τὸ
1519 1814 1681 1886 σῶμα
1707 1832 1721 1845 ·
1745 1816 1775 1864 ό
1819 1814 1879 1869 δὲ

1977 631 2099 671 sum
2136 615 2309 679 enim,
2364 616 2494 685 quia
2526 631 2705 687 neque
2749 631 2926 684 mors,
2961 634 3145 688 neque
3192 620 3329 685 vita,
3390 624 3581 690 neque

1975 710 2196 781 Angeli,
2224 725 2407 781 neque
2432 710 2813 781 Principatus,
2836 728 3021 782 neque
3043 711 3379 779 Potestatcs,
3400 729 3578 784 neque

1976 802 2255 870 Virtutes,
2307 820 2487 875 neque
2533 805 2827 869 instantia,
2893 820 3075 873 neque
3123 804 3335 873 futura,
3391 824 3577 878 neque

1975 906 2233 950 creatura
2263 895 2370 950 alia
2409 896 2613 966 poterit
2636 912 2719 951 me
2741 912 3005 966 si-parare
3034 913 3063 951 a
3090 898 3366 954 charitate
3404 874 3575 953 Chri-

1974 989 2045 1044 sti
2077 991 2143 1043 8‘.
2194 1007 2214 1041 ι
2254 1018 2325 1028 -
2360 1007 2383 1041 ι
2411 988 2540 1043 Mihi
2564 988 2789 1060 (enim)
2839 990 3028 1046 vivere
3064 989 3333 1048 Christus
3372 1001 3492 1057 est,
3521 1001 3578 1048 et

1975 1082 2116 1138 mori
2168 1080 2385 1136 lucrum
2420 1081 2465 1134 ί.
2499 1099 2518 1132 ι

2045 1176 2214 1246 Atqui
2240 1158 2348 1230 non
2383 1189 2639 1230 sermone
2666 1182 2881 1229 tantum
2907 1190 3033 1230 cum
3061 1174 3402 1233 adversariis
3435 1192 3571 1233 con-

1975 1285 2207 1342 gressus
2264 1279 2371 1334 est,
2408 1267 2504 1324 sed
2528 1277 2580 1322 ct
2636 1284 2696 1324 re
2724 1269 2867 1337 ipsa,
2892 1269 3009 1338 pari
3048 1269 3345 1340 prudentia
3371 1285 3436 1326 ac
3457 1272 3574 1326 etii-

1977 1363 2219 1417 cacitate
2265 1361 2558 1430 conﬂixit;
2594 1361 2775 1416 instar
2821 1361 3084 1415 nimirum
3119 1364 3281 1417 tortis
3343 1362 3575 1433 pugilis,
3614 1418 3633 1425 ,

1976 1455 2234 1526 corporis
2253 1454 2467 1524 pariter
2498 1454 2855 1525 spiritusque
2878 1454 3053 1509 robur
3080 1461 3135 1507 et
3158 1454 3548 1510 fortitudinem

1976 1564 2088 1604 non
2117 1548 2301 1603 solum
2340 1546 2609 1603 feriendis
2654 1546 2998 1602 adversariis
3024 1553 3341 1609 ostentans,
3380 1562 3574 1613 verum

1977 1641 2145 1697 etiam
2205 1641 2382 1710 plagis
2431 1639 2601 1694 illatis
2644 1638 2938 1693 obﬁrmate
2980 1637 3267 1705 ferendis;
3306 1645 3363 1691 ut
3398 1639 3577 1692 altero

1979 1741 2281 1804 pateretur,
2306 1732 2482 1786 altero
2502 1739 2906 1801 repercuteret.
2926 1727 3006 1783 Illi
3029 1744 3189 1792 sane,
3221 1744 3428 1799 corpus
3456 1728 3578 1782 dire

1976 1827 2150 1899 virgis
2164 1825 2472 1891 caedebant;
2493 1824 2615 1895 ipse
2634 1822 2898 1894 patientia
2914 1822 2995 1878 sic
3013 1832 3238 1878 strenue
3255 1823 3572 1891 superabat,

264 1914 345 1983 ’τῇ
377 1912 625 1984 ὑπομονῇ
664 1912 930 1980 γενναίως
986 1910 1196 1965 τούτων
1232 1909 1627 1982 ὑπερεκράτει,
1662 1907 1740 1973 ὡς
1768 1907 1865 1961 αὐ-

1979 1927 2036 1974 υι
2068 1932 2212 1974 caaso
2236 1917 2358 1988 ipso
2385 1917 2559 1987 magis
2619 1915 2987 1979 cruciaretur,
3017 1930 3141 1969 cum
3175 1915 3398 1969 minimc
3428 1915 3571 1970 vale-

266 2005 403 2068 τοὺς
457 2003 846 2074 βασανίζεσθαι
901 2003 1124 2074 μᾶλλον,
1184 2002 1285 2057 οὐκ
1338 2003 1625 2073 ἰσχύοντας
1671 2000 1873 2057 ἀνῦσαι

268 2097 414 2167 ὅπερ
439 2095 752 2166 ἠϐούλοντο,
790 2096 823 2167 ἢ
853 2096 944 2149 τὸν
972 2094 1400 2167 μαστιζόμενον.
1442 2096 1662 2165 Ἀμέλει
1698 2095 1872 2167 κοντῷ

270 2189 371 2242 τὸν
412 2189 604 2257 Ἀγιον
652 2188 988 2259 κρουσοῆναι
1039 2187 1369 2244 κελεύουσι’
1424 2186 1517 2242 τοῦ
1571 2188 1630 2242 δὲ
1679 2187 1872 2244 κοντοῦ

281 2282 536 2354 μολίϐδου
568 2283 724 2354 δίκην
755 2282 1223 2355 ἀποστραφέντος,
1256 2282 1342 2346 είς
1386 2280 1613 2353 ἔλεγχον
1634 2281 1735 2351 τῆς
1774 2282 1873 2335 αὑ·-

274 2377 397 2430 τῶν
419 2376 697 2447 ἀστοχίας,
732 2376 835 2447 τῆς
858 2376 1074 2440 ἐλπίδος
1104 2378 1500 2447 ἀποτυχόντες,
1550 2377 1636 2445 ἐφ’
1679 2376 1874 2447 ἑτέραν

278 2468 573 2539 ἐτρέποντο
602 2468 847 2533 κόλασιν,
910 2469 1010 2521 καὶ
1038 2467 1376 2539 δεινοτέραις
1407 2468 1705 2538 τιμωρίαις
1738 2467 1873 2522 καθ-

258 2558 610 2613 ηυποϐἀλλειν
638 2558 943 2630 ἐπειρῶντο
977 2560 1069 2613 τὸν
1096 2559 1340 2631 ἀθλητήν
1361 2573 1375 2587 ·
1403 2559 1554 2612 λίθου
1580 2576 1874 2630 παμμεγεο

270 2653 480 2706 στάτου
516 2653 574 2705 ἐν
599 2655 664 2724 τῇ
701 2656 893 2727 εἱρκτῇ
924 2653 1186 2725 παννύχῳ
1223 2654 1369 2707 κατά
1409 2653 1649 2725 γαστρὸς
1683 2654 1875 2708 ἐπιϐο-

257 2742 366 2815 λῇ,
405 2744 543 2815 πρὸς
591 2748 657 2817 τῇ
700 2748 758 2799 ἐν
808 2745 954 2817 ξύλῳ
986 2745 1095 2799 τῶν
1131 2745 1311 2799 ποδῶν
1349 2745 1644 2818 ἀσφαλείᾳ,
1682 2746 1873 2810 ἄλλαις

263 2853 337 2889 τε
375 2837 531 2901 ὅσαις
562 2838 659 2891 καὶ
685 2838 835 2902 ὅπως
867 2838 1227 2910 δεινοτέραις.
1261 2832 1359 2900 Ai;
1386 2838 1768 2910 ὑπερκαμόντι
1794 2838 1872 2910 τῷ

248 2927 485 3001 ιάὒλητῇ
532 2929 625 2983 καὶ
659 2929 847 3002 σχεδὸν
896 2930 1232 2997 ἐκλείποντι,
1292 2929 1446 2993 τέλος
1478 2930 1542 2984 τὸ
1585 2931 1873 3003 σφοδρότε-

263 3038 374 3094 ρον
408 3022 692 3094 προσῆγον
717 3040 732 3054 θ
784 3024 879 3077 ἐπὶ
905 3022 1106 3094 τροχοῦ
1136 3023 1327 3077 τοῦτον
1354 3022 1744 3089 ἀναλαϐόντες,
1777 3022 1873 3077 οὓ-

260 3131 386 3177 τως
415 3114 743 3170 καταλύσειν
775 3116 1015 3188 οίόμενοι
1048 3114 1428 3186 τοῦγενναίου
1456 3115 1558 3187 τὴν
1590 3114 1868 3170 ἔνστασινο

261 3209 411 3280 περὶ
435 3208 494 3262 ὃν
518 3208 619 3279 τὴν
644 3209 816 3279 ὀσφῦν
853 3209 1121 3282 σκορπίου
1152 3209 1310 3280 δίκην
1334 3208 1871 3281 κατακαμπτόμενός

259 3319 338 3356 τε
363 3302 456 3355 καὶ
487 3302 947 3373 κατατεινόμενος
989 3305 1018 3356 ὁ
1063 3302 1448 3373 μεγαλόφρων,
1494 3302 1591 3357 καὶ
1615 3305 1683 3374 τῇ
1717 3303 1872 3358 ἀντι-

261 3394 501 3466 στρόφῳ
546 3394 814 3462 συνελίξει
847 3394 1113 3463 γενναίως
1139 3394 1203 3448 τὸ
1249 3393 1470 3465 πνεῦμα
1503 3394 1873 3466 στενοχωρού-

265 3504 466 3560 μενος,
493 3487 757 3559 ἐξαρορος
790 3486 889 3557 μὲν
928 3487 1139 3555 ἐγίνετο
1158 3502 1172 3517 ο
1218 3487 1364 3540 κατά
1390 3488 1501 3541 πᾶν
1534 3485 1699 3558 μέλος
1725 3488 1872 3542 κλώ-

265 3598 464 3653 μενος,
519 3578 1028 3650 περιλακιζομένων
1076 3578 1244 3633 αὐτοῦ
1280 3579 1391 3633 τῶν
1448 3580 1672 3650 σαρκῶν
1701 3597 1715 3611 ο
1753 3581 1872 3651 ἅμα

259 3674 333 3728 δὲ
364 3672 462 3726 καὶ
487 3675 608 3737 ταῖς
632 3674 840 3744 ἀκμαῖς
865 3672 977 3725 τῶν
1008 3673 1458 3743 ὑφηρμοσμένων
1489 3672 1760 3743 όργόινων,
1791 3675 1873 3737 είς

264 3761 452 3817 πολλά
494 3763 554 3817 τὸ
586 3762 749 3834 σῶμα
780 3762 1184 3834 κατατμηθεὶς,
1227 3762 1326 3816 καὶ
1374 3762 1584 3833 ὀχετοῖς
1620 3764 1871 3834 αἱμάτων

265 3854 522 3926 φοινίξας
546 3855 616 3909 τὰ
646 3854 1004 3926 κολαστήρια,
1039 3855 1141 3926 ἤδη
1172 3854 1369 3926 νεκρὸς
1389 3857 1504 3917 τοῖς
1535 3856 1755 3926 τυφλοῖς
1779 3872 1868 3909 νο-

264 3945 520 4020 μισθεὶς,
550 3946 649 4001 ἐπὶ
677 3946 962 4019 σχήματος
989 3946 1083 4000 ὑπ’
1111 3945 1295 4001 αὐτῶν
1326 3946 1669 4019 κατελήφθη,
1696 3948 1870 4004 πολλὰ

256 4042 407 4105 τοὺς
443 4041 624 4096 αὐτῶν
653 4039 1047 4113 ἀνυμνούντων
1096 4039 1190 4095 ἐπὶ
1225 4039 1440 4105 τούτοις
1483 4040 1641 4106 θεούς
1684 4059 1744 4096 τε
1774 4043 1872 4098 καὶ

255 4136 565 4206 δαίμονας.

363 4228 502 4282 Ἀλλ’
539 4228 621 4283 ἔτι
654 4228 858 4300 μᾶλλον
897 4230 1273 4302 ἡσχύνοησαν,
1314 4230 1444 4302 ὑγιῆ
1475 4232 1591 4301 μετ’
1641 4232 1706 4287 οὐ
1732 4233 1869 4289 πολῦ

257 4322 646 4394 καθορῶντες,
707 4324 802 4378 τὸν
844 4327 902 4378 ἐν
935 4326 1153 4397 νεκροῖς
1197 4323 1549 4382 ἐλπισθέντα.
1596 4326 1710 4395 Τῆς
1760 4326 1870 4397 γὰρ

255 4415 533 4471 ἁπάντων
564 4415 711 4488 ζωῆς
746 4416 987 4488 Χριστοῦ
1033 4416 1128 4470 τοῦ
1162 4415 1420 4487 ἀληθινοῦ
1452 4416 1593 4471 Θεοῦ
1624 4417 1722 4471 καὶ
1751 4418 1867 4471 Σω-

252 4506 466 4577 τῆρος,
495 4507 634 4577 όμοῦ
668 4508 762 4561 καὶ
791 4508 900 4562 τῶν
928 4508 1289 4580 τραυμάτων,
1318 4509 1416 4562 καὶ
1446 4508 1557 4563 τῶν
1593 4509 1867 4580 κολαστη-

1979 2017 2108 2065 rent
2145 2009 2373 2078 assequi
2420 2010 2569 2077 quod
2602 2006 2884 2061 volebant.
2908 2005 3370 2075 Deniquejuhrnt
3403 2004 3577 2059 Sanc-

1977 2111 2091 2156 tum
2131 2090 2286 2156 recte
2308 2100 2525 2170 percuti
2559 2114 2571 2151 :
2598 2114 2834 2169 cumque
2852 2098 3013 2153 victis
3038 2098 3249 2169 plumbi
3271 2098 3471 2161 instar,
3503 2097 3570 2151 ad

1974 2210 2167 2250 eorum
2223 2193 2392 2247 inane
2442 2192 2801 2263 propositum
2877 2189 3261 2262 urguendum,
3334 2205 3570 2245 aversus

1976 2286 2329 2351 deﬂexisset;
2373 2300 2470 2355 spe
2497 2283 2745 2354 decepti,
2772 2283 2839 2339 ad
2866 2284 2977 2337 alia
3007 2290 3287 2338 tormenta
3313 2282 3569 2338 conversi

1977 2386 2132 2443 sunt,
2184 2393 2249 2435 ac
2310 2377 2495 2432 conati
2550 2376 2909 2447 gravioribus
2956 2375 3253 2431 tormentis
3305 2374 3569 2431 athletam

1977 2469 2280 2539 subjicere,
2316 2468 2559 2539 ingentis
2585 2469 2819 2524 omnino
2852 2468 3019 2523 molis
3047 2467 3310 2538 lapidem,
3340 2475 3563 2522 noctem

1976 2569 2174 2626 totam,
2226 2559 2435 2616 detenti
2491 2560 2547 2614 in
2611 2573 2863 2622 carcere,
2914 2559 3097 2613 ventri
3138 2558 3570 2628 imposuerunt;

1976 2663 2237 2724 excerpta
2270 2654 2454 2724 lignea
2487 2653 2658 2708 etiam
2704 2652 3007 2722 compede,
3046 2665 3112 2706 ac
3152 2651 3279 2706 aliis
3323 2649 3574 2718 complu-

1977 2749 2135 2804 ribus
2191 2726 2617 2817 dirioribusque
2677 2745 2977 2801 tormentis
3033 2743 3321 2799 adhibitis.
3358 2742 3573 2809 Quibus

1964 2857 2100 2905 cum
2144 2841 2350 2896 athleta
2376 2840 2615 2894 nimium
2645 2838 2960 2895 laborasset
2998 2852 3063 2891 ac
3096 2836 3212 2891 lere
3246 2834 3566 2897 defecisset,

1976 2940 2260 3004 postremo
2295 2931 2443 3002 quod
2473 2928 2947 2986 immanissimum
2981 2935 3126 2988 erat,
3175 2927 3571 2990 adhibuerunt,

1973 3028 2238 3084 nimirum
2274 3026 2358 3081 sic
2390 3025 2496 3079 rati
2530 3023 2811 3080 fracturus
2842 3021 3101 3092 generosi
3137 3019 3309 3073 animi
3352 3033 3570 3089 pugna-

1975 3135 2098 3177 cem
2166 3117 2527 3174 renitentiam
2562 3131 2575 3167 :
2611 3113 2669 3169 in
2723 3120 2902 3168 rotam
2956 3110 3454 3177 extulerunt;qua
3488 3109 3575 3161 vir

1975 3209 2369 3283 magnanimis,
2424 3208 2478 3262 in
2521 3204 2750 3261 modum
2803 3201 3015 3272 scorpii
3052 3198 3297 3255 deﬂexus
3349 3199 3571 3253 lumbos

1980 3311 2147 3374 atque
2162 3300 2467 3363 distentus,
2494 3295 2994 3364 vehementiusque
3023 3293 3254 3347 adversa
3288 3290 3572 3344 rotatione

1981 3397 2183 3470 spiritu
2218 3393 2596 3465 angustiatus,
2629 3398 2781 3446 totus
2812 3389 3036 3459 quidem
3077 3385 3349 3441 membris
3388 3384 3572 3438 omni-

1978 3492 2087 3548 bus
2127 3487 2456 3553 confractis,
2496 3484 2943 3553 circumquaque
2984 3479 3225 3549 diruptis
3282 3476 3571 3539 carnibus,

1979 3584 2207 3638 luxatus
2237 3587 2324 3636 est
2357 3595 2371 3631 :
2406 3576 2690 3646 simulque
2721 3574 2903 3629 acutis
2932 3572 3318 3626 subsertorutn
3361 3567 3573 3622 instru—

1980 3684 2298 3729 mentorum
2354 3668 2685 3739 cuspidibus
2739 3666 2794 3720 in
2832 3664 3041 3719 multas
3095 3669 3281 3731 partes
3310 3658 3575 3714 concisus

1978 3783 2206 3839 corpus,
2241 3780 2307 3820 ac
2354 3761 2683 3818 carniﬁcina
2719 3759 2859 3813 rivis
2913 3755 3210 3826 sanguinis
3259 3763 3572 3817 cruentata,

1975 3865 2091 3936 jam
2134 3869 2395 3919 mortuus
2453 3856 2617 3915 etscis
2672 3853 2994 3911 hominibus
3050 3851 3326 3915 creditus,
3393 3849 3466 3903 ita
3512 3855 3576 3902 ut

1977 3966 2100 4013 erat
2147 3955 2285 4027 (54),
2353 3950 2548 4008 multis
2598 3963 2666 4007 ea
2692 3948 2762 4005 de
2814 3962 2877 4002 re
2905 3943 3151 4001 canticis
3189 3942 3329 3999 deos
3352 3955 3484 3997 suos
3509 3954 3574 3994 ac

1978 4050 2261 4106 daemones
2287 4042 2733 4111 celebrantibus,
2766 4040 2872 4096 fuit
2898 4039 3156 4095 relictus.

2048 4231 2317 4288 Caeterum
2337 4227 2535 4299 majori
2575 4225 2788 4297 pudore
2818 4221 3020 4279 sull'usi
3054 4225 3208 4282 sunt,
3242 4232 3369 4272 cum
3419 4215 3573 4270 brevi

1975 4334 2104 4397 post
2126 4338 2321 4379 sanum
2350 4322 2629 4386 viderunt,
2653 4332 2816 4389 quem
2859 4313 3233 4370 credidissent
3256 4320 3566 4363 mortuum.

1976 4417 2113 4473 Cum
2145 4415 2293 4470 enim
2316 4412 2599 4475 Christus,
2627 4412 2745 4480 ipse
2776 4407 3025 4461 omnium
3062 4406 3201 4469 vita,
3230 4416 3398 4455 verus
3428 4399 3573 4454 Deus

1976 4520 2031 4565 et
2054 4509 2338 4572 Salvator,
2373 4512 2429 4561 et
2452 4520 2482 4559 a
2509 4500 2860 4562 vulneribus,
2891 4507 2940 4552 et
2966 4511 2997 4551 a
3039 4494 3336 4551 tormentis
3366 4493 3573 4562 βίη-ξιον

256 4599 414 4673 ρίων
454 4598 645 4653 τοῦτον
689 4600 1127 4667 ἀπαλλάξαντος,
1177 4601 1275 4655 καὶ
1317 4602 1445 4664 τοὺς
1488 4600 1744 4671 φύλακας
1788 4605 1870 4667 εἰς

1979 4602 2295 4663 liberasset,
2349 4595 2726 4665 custodesque
2780 4599 3097 4647 extremum
3137 4585 3572 4658 perterrefartos

257 4690 429 4753 τέλος
468 4690 917 4762 καταπλήξαντός
983 4709 1044 4751 τε
1096 4692 1190 4745 καὶ
1242 4692 1616 4755 ἀπελάσαντος
1643 4709 1659 4725 ο
1709 4690 1870 4757 αὖθις

258 4786 684 4858 κραταιοτέρων
717 4786 1006 4856 ἐφιέμενος
1044 4786 1245 4847 ἄθλων,
1279 4786 1539 4858 δρομαῖος
1574 4789 1602 4841 ὁ
1643 4788 1871 4860 νικηφό-

258 4895 369 4952 ρος
396 4882 511 4942 τοῖς
540 4878 800 4934 ἀσεϐέσιν
849 4879 1221 4947 ὲνεφανίζετο,
1256 4879 1403 4951 ἔργῳ
1434 4880 1530 4933 καὶ
1576 4880 1723 4950 λόγῳ
1769 4880 1863 4952 δη-

261 4971 554 5045 μοσιεύων
585 4971 680 5026 τοῦ
718 4971 962 5042 Χριστοῦ
1014 4972 1113 5042 τὴν
1158 4973 1416 5041 ἀνίκητον
1464 4971 1717 5042 δύναμιν.
1758 4966 1870 5025 Ἦν

259 5065 388 5134 γὰρ
417 5063 587 5128 ὅντως
620 5063 748 5118 ἰδεῖν
782 5063 964 5134 θέαμα
1000 5063 1234 5133 φοϐερὸν
1260 5061 1370 5115 ’καὶ
1414 5061 1744 5134 ἔκπληκτον,
1782 5062 1870 5128 ἐξ·

263 5160 399 5213 ἰσου
433 5159 524 5211 καὶ
551 5154 1168 5228 πιποὺςέπιστηρίζον,
1205 5156 1301 5209 καὶ
1338 5156 1604 5219 ἀπίστους
1645 5158 1869 5210 ἐπιστο-

262 5249 461 5322 μίζον.
495 5251 558 5303 Οἱ
588 5249 642 5303 δὲ
669 5248 749 5321 τῷ
773 5249 1026 5320 ἀδοκήτῳ
1060 5248 1531 5317 καταπλαγέντες,
1569 5248 1664 5302 καὶ
1689 5248 1765 5313 ὡς
1810 5249 1869 5302 οὐ

355 5433 402 5470 θ’
432 5432 587 5486 Rom.
616 5450 731 5497 vttt,
756 5433 952 5488 35-38.
1034 5431 1055 5469 ί
1094 5429 1327 5500 Philipp.
1367 5444 1406 5495 ι,
1441 5427 1536 5483 2i.

1978 4688 2257 4765 abegisset
2294 4709 2309 4747 :
2345 4692 2550 4745 iterum
2607 4690 2787 4743 victor
2811 4686 2928 4751 ille,
2966 4683 3240 4737 validiora
3266 4680 3572 4734 certamina
3618 4706 3621 4711 -

1977 4787 2165 4842 subire
2229 4784 2489 4855 cupiens,
2519 4798 2578 4838 se
2634 4780 2875 4837 festinus
2934 4776 3126 4846 impiis
3164 4788 3353 4828 coram
3398 4770 3572 4829 sistit.

1977 4879 2241 4933 invictam
2265 4876 2475 4931 ChriSti
2523 4872 2825 4946 potentiam
2860 4869 3140 4939 factisque
3172 4882 3234 4920 ac
3264 4862 3449 4918 verbis
3482 4877 3573 4917 os-

1976 4980 2225 5026 tentans.
2259 4968 2391 5023 Erat
2432 4968 2579 5023 enim
2612 4980 2805 5022 revera
2859 4960 3242 5034 spectaculum
3281 4955 3417 5010 illud
3458 4956 3571 5008 lor-

1977 5063 2309 5118 mitlolosum
2343 5067 2509 5129 atque
2544 5057 2839 5120 horribile,
2874 5052 3022 5125 quod
3048 5049 3255 5122 pariter
3284 5055 3339 5103 et
3366 5046 3571 5101 conlir.

1980 5162 2157 5208 maret
2209 5152 2420 5218 lidcles,
2447 5162 2503 5206 et
2556 5146 2883 5204 inﬁdelibus
2942 5159 3041 5197 ora
3084 5142 3427 5197 obstrucrct.
3492 5136 3571 5189 llli

1979 5261 2151 5316 porro
2191 5262 2250 5300 re
2292 5246 2572 5313 inopinata
2605 5239 2869 5312 perculsi,
2918 5245 2972 5291 et
3026 5228 3431 5306 perserutando
3459 5242 3568 5282 cer-

1622 5512 2013 5571 COMBEFISII
2056 5511 2289 5569 NOTIE.

350 5620 463 5687 (54)
496 5620 586 5675 Ila
621 5631 679 5676 ut
708 5631 844 5675 erat.
887 5621 1009 5674 Ἐπὶ
1040 5622 1339 5688 σχήματος.
1372 5614 1533 5688 Velut
1561 5627 1646 5672 eo.
1695 5625 1759 5665 ac
1792 5609 1875 5664 sic

264 5683 492 5762 tragico
521 5693 735 5753 habitu.
767 5696 915 5761 quod
959 5683 1363 5762 Gallildieitnus
1395 5703 1415 5762 _:
1462 5683 1544 5737 En
1596 5689 1748 5762 certe
1773 5696 1870 5762 po:

265 5752 446 5821 Mure.
480 5752 753 5819 Referunt
779 5752 908 5826 ista,
940 5772 1062 5818 acta
1096 5758 1432 5819 Sebastiani,
1481 5769 1591 5834 non
1634 5752 1870 5834 absimili

268 5834 576 5897 miraculo,
604 5850 633 5887 a
672 5842 847 5906 morte
875 5822 1037 5905 quam
1070 5841 1344 5906 tyrannus
1376 5822 1871 5906 ptt_taret_it5lltsis-

269 5922 361 5969 se,
411 5893 653 5978 sospitis.
714 5905 862 5961 Nihil
893 5893 1049 5962 'itcm
1097 5893 1333 5973 'majoris
1376 5893 1641 5953 'miraculi
1675 5894 1729 5949 in
1767 5893 1871 5947 hac

1984 5611 2254 5672 οοοιιι-ιὶι,
2293 5622 2459 5679 quam
2501 5606 2815 5661 Callian-inm
2871 5608 3017 5665 rota,
3065 5597 3257 5657 eadem
3311 5593 3572 5679 ("vilitate

1982 5668 2323 5737 restituente
2346 5681 2454 5733 lien
2479 5679 2775 5732 laceratum
2800 5686 3208 5747 contusumque
3236 5684 3299 5722 ac
3326 5668 3572 5747 lunatum

1980 5753 2202 5824 Georgii
2223 5767 2449 5824 corpus.
2479 5766 2585 5820 qua
2610 5746 2863 5804 dissolvit
2892 5738 3206 5798 Camarina:
3234 5738 3571 5799 machinam,

1980 5839 2049 5882 ne
2072 5819 2157 5879 ita'
2179 5819 2442 5878 alliceret.
