4012 6444
471 423 607 487 1187

1668 423 1733 481 S.
1778 421 2107 481 ANDREJS
2147 420 2567 480 CREIEXSIS

3604 414 3728 475 1133

454 549 642 592 -ιιονοε
666 534 795 589 facti
828 548 957 589 vere
979 549 1105 589 eum
1131 549 1259 590 csse
1292 547 1456 603 quem
1488 534 1769 600 viderem,
1794 549 1920 587 cum
1956 549 2055 604 par

2173 532 2365 604 ρευδὴς
2398 533 2427 584 ὁ
2459 533 2673 602 φανεὶς,
2708 535 2910 604 ἐρεύνῃ
2942 529 3482 602 πληροφορηθὲντες,
3507 530 3621 587 δέον
3655 552 3731 604 με.

466 637 620 684 esset
651 634 712 680 ut
740 639 836 680 eos
860 635 1147 694 gestorum
1187 624 1508 694 paeniteret,
1538 622 1913 679 deterioribus
1945 632 2062 678 tor-

468 717 670 769 mentis
708 714 888 767 virum
923 722 1212 772 strewum
1274 714 1584 784 implicant.
1632 712 1926 779 Nimirum,
1964 730 2062 768 ex-

467 811 673 861 stincta
742 806 870 860 viva
936 807 1095 867 oake
1152 805 1291 877 (55),
1357 822 1454 861 seu
1513 807 1700 862 verius
1762 807 2060 877 loquendo,

467 914 723 959 accensa,
760 899 1127 968 margaritum
1164 898 1302 951 itlnd
1356 898 1659 963 rationale,
1699 913 1765 953 ea
1796 899 2062 966 obruunt,

469 1001 526 1045 ut
554 993 693 1047 tanti
733 993 985 1045 miraculi
1011 992 1251 1055 novitas,
1300 990 1458 1045 (idem
1501 992 1749 1047 adimere
1792 1006 1904 1046 non
1936 1007 2066 1061 pau-

467 1086 547 1139 cis
574 1085 847 1138 videatur.
885 1084 974 1150 Ut,
1014 1084 1266 1154 inquam,
1298 1086 1406 1139 tale
1451 1086 1875 1155 corpusculum,
1914 1086 2064 1156 quod

468 1177 636 1232 facile
693 1186 891 1231 natura
923 1177 1213 1246 corrumpi
1257 1177 1459 1247 possit,
1514 1185 1629 1231 tam
1672 1178 1982 1234 vehementi
2010 1187 2066 1233 et

471 1271 537 1324 ad
562 1270 907 1325 comburend
923 1286 1011 1322 nm
1039 1280 1363 1339 comparato
1385 1270 1557 1324 calcis
1574 1271 1861 1327 bullientis
1878 1274 2067 1327 incen-

469 1364 581 1428 dio,
617 1374 699 1417 vel
754 1363 1043 1433 paululum
1092 1363 1337 1433 potuerit
1393 1364 1680 1428 resistere,
1709 1381 1887 1434 usque
1922 1365 2065 1420 adeo

467 1463 655 1509 tamen
687 1456 756 1509 ab
785 1456 1188 1519 eoineolume,
1241 1463 1302 1508 ut
1330 1470 1398 1509 ne
1436 1456 1521 1510 vel
1560 1457 1746 1512 crines
1787 1460 2064 1513 ambustio

471 1546 696 1603 lassionc
756 1547 1058 1610 invaserit;
1121 1558 1251 1601 utve
1309 1547 1545 1613 animal,
1614 1548 1761 1617 quod
1815 1550 2066 1605 extenui

468 1655 602 1694 aere
627 1638 881 1709 spiritum
910 1637 1187 1702 ducendo,
1217 1641 1524 1693 naturalem
1590 1643 1755 1693 vitam
1788 1642 2064 1706 continet,

475 1731 707 1784 materia
745 1730 811 1783 ad
847 1729 1252 1784 obstruendum
1289 1739 1419 1784 nata
1446 1733 1658 1801 absque
1697 1734 2067 1804 respiratione

469 1822 758 1885 obrutum,
787 1836 895 1873 non
940 1819 1109 1873 etiam
1145 1819 1257 1873 vita
1295 1821 1576 1890 privatum
1614 1823 1705 1878 sit.
1738 1826 1808 1877 At
1835 1825 1879 1878 si
1937 1824 2063 1892 quis

473 1913 677 1965 talibus
711 1911 987 1965 adversari
1024 1911 1281 1976 voluerit,
1331 1924 1521 1982 penset
1560 1916 1628 1977 is,
1663 1915 1925 1986 ut_Jonas
1955 1919 2056 1974 ubi

474 1997 528 2049 in
565 2005 753 2051 ventre
781 1999 888 2051 ceti
920 1998 1106 2053 triduo
1150 2002 1416 2063 vixisset,
1483 2002 1725 2059 intactus
1786 2017 2069 2070 extractus

471 2090 583 2156 sit;
630 2086 1037 2161 Jeretniasque,
1103 2095 1245 2146 utin
1282 2095 1429 2148 (τιοηὶ
1468 2095 1643 2149 laeum
1671 2098 2074 2164 demersus.co

475 2184 621 2239 velut
652 2188 911 2256 sepulcro
933 2188 1227 2245 emerserit
1264 2206 1275 2241 :
1312 2206 1425 2258 quo
1449 2190 1577 2245 item
1620 2194 1787 2248 modo
1825 2199 1978 2266 pueri
2014 2200 2069 2255 in

474 2277 652 2329 media
703 2278 911 2331 camini
938 2278 1161 2331 ﬂamma
1196 2290 1418 2334 tenuem
1445 2294 1628 2335 aerem
1661 2285 1966 2355 spirarent,
2003 2303 2069 2344 ac

480 2385 499 2414 1
522 2381 701 2438 neque
728 2370 863 2422 odor
896 2369 1042 2439 ignis
1068 2370 1128 2423 in
1158 2370 1239 2425 eis
1272 2373 1602 2427 remanserit
1623 2373 1687 2426 εἳ
1720 2393 1738 2426 t
1774 2392 1839 2431 ac
1874 2378 1920 2432 si
1953 2394 2064 2449 qua

471 2458 746 2527 ejusmodi
821 2462 1097 2515 mirabilia
1138 2462 1281 2517 facta
1327 2474 1381 2517 et
1427 2465 1704 2534 prodigia,
1744 2482 1843 2536 per
1874 2479 2070 2527 aetates

474 2555 726 2623 singulas
757 2554 1044 2608 immensae
1090 2555 1285 2625 gloria;
1329 2558 1618 2620 Dominus,
1661 2573 1760 2628 per
1792 2575 1923 2616 suos
1947 2578 2072 2618 ser-

475 2658 577 2698 vos
620 2644 824 2705 eﬂ‘ecit,
887 2645 1171 2715 citiusque
1209 2648 1264 2700 in
1312 2648 1415 2699 hac
1454 2648 1617 2701 nobis
1666 2650 1863 2705 etiam'
1908 2666 2071 2723 parte

476 2737 853 2797 consenserit,
922 2752 987 2790 ac
1054 2738 1217 2791 [idem
1302 2738 1531 2803 habens,
1625 2742 2066 2816 dixerit:Vere,

2164 624 2549 693 ταμελεῖσθαι,
2599 625 2845 694 χείροσιν
2884 623 3160 691 ἀνάγκαις
3204 621 3300 675 τὸν
3354 622 3549 693 εὐγενῆ
3601 642 3733 697 περι-

2166 714 2419 767 έϐαλλον.
2461 714 2743 785 Ἀσϐέστῳ
2779 713 3144 783 σϐεννυμένῃ,
3198 717 3459 784 κρεῖττον
3476 714 3536 768 δὲ
3566 717 3735 783 εἰπεῖν,

2167 806 2538 877 ἐξαπτομένῃ,
2574 806 2667 859 τὸν
2693 805 2912 874 λογικδν
2945 808 3300 877 μαργαρίτην
3344 806 3740 878 ὲγκαταχιὶκιαν-

2166 915 2279 962 τες,
2313 898 2443 951 ἔνθα
2469 897 2566 951 καὶ
2595 897 2950 951 ἀπιστεῖσθαι
2979 896 3135 951 δοκεῖ
3161 900 3278 959 τοῖς
3318 897 3540 962 πολλοῖς
3571 899 3627 952 τὺ
3652 917 3742 953 πα-

2170 989 2414 1060 ράδοξον.
2444 989 2572 1052 Πῶς
2597 989 2659 1042 τὸ
2704 989 2868 1058 φύσει
2911 989 3380 1060 εύκατάφθαρτον
3427 991 3667 1059 σαρκίον,
3696 994 3744 1045 ὲν

2168 1081 2314 1135 οῦτω
2348 1080 2537 1152 λάϐρῳ
2579 1082 2674 1134 καὶ
2704 1080 2995 1151 καυστικῷ
3040 1081 3145 1150 τῆς
3170 1081 3450 1135 ἀσϐέστου
3513 1082 3744 1154 βρασμῷ,

2169 1175 2275 1228 κᾶν
2301 1174 2440 1246 πρὸς
2464 1174 2658 1244 ’ὀλίγον
2687 1174 2971 1246 διήρκεσε,
3005 1174 3169 1247 μέχρι
3197 1176 3295 1230 καὶ
3325 1176 3536 1246 τριχῶν
3560 1175 3747 1247 διαμεῖ-

2167 1286 2266 1323 ναν
2297 1267 2583 1332 παντελῶς
2611 1268 2893 1323 ἄκαυστόν
2918 1284 2980 1321 τε
3030 1270 3127 1323 καὶ
3170 1267 3462 1334 άλώϐητον
3487 1286 3502 1301 ο
3547 1270 3579 1339 ἢ
3626 1270 3679 1322 τὸ
3703 1273 3751 1322 ὲν

2168 1364 2233 1433 τῇ
2263 1362 2507 1429 ἀναπνοῇ
2539 1360 2633 1414 τοῦ
2669 1360 2872 1415 λεπτοῦ
2900 1361 3065 1433 ἀέρος
3095 1360 3199 1431 τὴν
3225 1359 3378 1415 κατά
3421 1359 3586 1429 φύσιν
3627 1361 3752 1431 ζωὴν

2168 1455 2293 1524 ἔχον
2320 1452 2482 1517 ζῶον,
2514 1453 2572 1505 tv
2614 1455 2681 1523 τῇ
2724 1452 2885 1521 φύσει
2934 1452 3410 1524 παρεμπλαστικῇ
3464 1451 3567 1522 ῦλη
3600 1469 3749 1504 κατα-

2171 1546 2399 1617 κρυϐὲν,
2439 1546 2722 1615 ἀναπνοῆς
2749 1547 3142 1616 ἐστερημένον,
3173 1545 3275 1616 τῆς
3308 1544 3462 1615 ζωῆς
3492 1545 3594 1597 ούκ
3618 1546 3752 1597 ἑστε-

2173 1639 2338 1711 ρήθη.
2375 1641 2438 1692 Εἰ
2478 1638 2537 1692 δέ
2562 1656 2647 1702 τις
2671 1641 2786 1702 τοῖς
2827 1644 3096 1703 τοιούτοις
3142 1637 3417 1696 ἀντιτιθεῖ
3441 1637 3714 1708 λογισμοῖς
3738 1655 3749 1667 ·

2169 1731 2288 1794 πῶς
2318 1733 2346 1784 ό
2394 1730 2593 1794 Ἰωνᾶς.
2619 1732 2676 1784 tv
2713 1733 2779 1802 τῇ
2826 1731 3008 1802 κοιλίᾳ
3048 1730 3146 1785 τοῦ
3193 1732 3426 1803 κήτους,
3478 1733 3753 1802 τριήμερον

2169 1822 2415 1886 διαϐιοὺς
2467 1821 2692 1886 ἄθικτος
2752 1823 3037 1894 ἁνιμάθης
3096 1823 3195 1876 καὶ
3254 1823 3536 1894 Ἱερεμίας
3595 1824 3649 1874 tv
3691 1822 3753 1891 τῷ

2168 1916 2359 1986 λάκκῳ
2391 1915 2486 1969 τοῦ
2516 1914 2781 1985 βορϐόρου
2821 1915 3226 1981 καταχωσθεὶς,
3285 1914 3633 1983 ἀνεπίταφος
3677 1914 3755 1966 ἀνα

2175 2009 2378 2082 ηνέχθη
2401 2025 2415 2038 ·
2455 2010 2549 2064 καὶ
2587 2009 2776 2073 παῖδες
2829 2009 2996 2078 μέσον
3045 2011 3281 2081 καμίνου
3321 2010 3552 2080 φλογὸς,
3579 2008 3752 2062 λεπτὸν

2174 2102 2436 2156 ἀνέπνεον
2486 2102 2648 2172 ἀέρα,
2699 2100 2853 2155 «οὐδ’
2887 2101 3034 2169 ὀσμὴ
3086 2101 3261 2172 πυρὸς
3298 2098 3370 2173 ἦν
3422 2103 3483 2155 tv
3518 2101 3748 2164 αὐτοῖς,ι

2172 2195 2268 2248 καὶ
2297 2193 2432 2249 ἄλλα
2462 2194 2563 2248 ὅσα
2620 2184 2906 2265 παράδοξα
2936 2195 3208 2264 τεράστια
3241 2193 3369 2248 καθ’
3401 2191 3646 2261 ἑκάστην
3680 2207 3755 2258 γε·

2171 2286 2301 2343 νεάν
2333 2290 2362 2342 ό
2390 2287 2753 2360 μεγαλόδοξος
2781 2290 3081 2361 εἰργάσατο
3109 2288 3244 2351 Θεὸς
3276 2289 3373 2343 διά
3402 2288 3519 2342 τῶν
3575 2286 3755 2341 δούλων

2172 2379 2363 2434 αὐτοῦ·
2408 2381 2603 2434 θᾶττον
2633 2383 2768 2454 ἡμῖν
2798 2382 2903 2437 κάν
2936 2381 3113 2454 τούτῳ
3164 2382 3652 2453 συνομολογήσειε,
3681 2379 3755 2431 καὶ

2170 2470 2471 2535 πιστεύσας
2520 2473 2678 2543 έρεῖο
2738 2473 2988 2540 Ὄντως,
3038 2490 3057 2524 ι
3105 2470 3431 2544 θαυμαστὸς
3470 2473 3500 2525 ὁ
3551 2470 3679 2534 Gai);
3708 2472 3756 2521 tv

2167 2566 2282 2627 τοῖς
2342 2563 2526 2631 ἁγίοις
2578 2561 2772 2620 αὐτοῦ.
2805 2583 2824 2616 ι
2872 2563 3041 2629 Φύσις
3074 2564 3186 2637 γὰρ
3222 2567 3343 2628 τοῖς
3389 2560 3550 2629 οὖσι,
3601 2562 3660 2616 τὸ
3694 2560 3754 2630 τῷ

2167 2655 2420 2709 κτίσαντι
2448 2653 2641 2709 δοκοῦν
2667 2672 2681 2687 ο
2710 2656 2829 2722 καὶ,
2861 2676 2881 2709 ι
2912 2654 3064 2727 Αὕτη
3087 2658 3121 2729 ἡ
3148 2655 3447 2722 ἀλλοίωσις
3474 2656 3577 2727 τῆς
3598 2652 3755 2718 δεξιᾶς

2168 2747 2264 2802 τοῦ
2316 2740 2603 2819 Ὑψίστου.
2642 2768 2662 2802 ι

484 2847 503 2879 ι
541 2830 813 2884 mirabilis
846 2829 989 2886 Deus
1010 2831 1064 2885 in
1096 2834 1306 2887 sanctis
1328 2835 1446 2889 suis
1478 2834 1529 2887 ιι.
1563 2853 1583 2887 ι
1612 2832 1728 2891 Hoc
1762 2838 2057 2910 siquidem,
2094 2843 2537 2916 unumquodque
2564 2851 2823 2897 naturam
2874 2841 3067 2909 habet,
3124 2841 3272 2913 quod
3308 2841 3541 2898 auctori
3597 2839 3753 2894 visum

477 2926 552 2981 sit
586 2941 598 2976 :
626 2937 794 2992 atque
831 2945 850 2978 ι
885 2926 1012 2982 llaec
1054 2929 1290 2983 mutatio
1315 2938 1403 2984 est
1422 2929 1672 2986 dextera:
1706 2931 1925 2992 Excelsi
1956 2938 2000 2992 ί.
2035 2954 2055 2990 ι

548 3018 749 3074 Verum
789 3036 875 3075 me
906 3029 1143 3089 tempus,
1178 3024 1468 3094 multoque
1502 3027 1678 3097 magis
1713 3029 1894 3084 oratio
1948 3034 2067 3101 ipsa

478 3110 723 3177 deﬁciet,
751 3123 974 3182 propter
1004 3114 1224 3168 dicendi
1244 3116 1675 3186 imperitiam,si
1695 3120 1857 3174 velim
1875 3121 2066 3191 singu-

2259 3027 2403 3082 Ἀλλ’
2436 3024 2712 3096 ἐπιλείψει
2742 3041 2809 3094 με
2837 3025 2866 3078 ὁ
2896 3023 3076 3093 λόγος,
3113 3026 3207 3086 κα),
3251 3023 3465 3095 μᾶλλον
3499 3025 3528 3077 ὀ
3564 3021 3753 3094 χρόνος,

2173 3120 2242 3190 τῇ
2293 3115 2542 3187 ἀμαθείᾳ.
2578 3114 2689 3168 τῶν
2719 3114 2916 3182 λόγων,
2965 3117 3014 3168 εί
3060 3114 3391 3187 βουληθείην
3423 3116 3641 3184 ἀπάσης
3669 3111 3751 3181 βα-

482 3203 815 3275 latimacper
839 3214 1052 3274 partem
1090 3215 1500 3263 tormentorum
1545 3211 1800 3267 omnium
1848 3216 2068 3285 publica

2175 3211 2342 3266 σάνου
2379 3208 2619 3280 δημοσίᾳ
2643 3225 2707 3262 τε
2743 3210 2839 3262 καὶ
2866 3210 2924 3263 tv
2955 3213 3225 3281 φρουραῖς
3251 3209 3665 3281 προσαχθείσης
3691 3202 3754 3275 τῷ

476 3302 531 3347 et
571 3295 626 3346 in
660 3296 985 3351 carceribus
1008 3312 1279 3367 generoso
1312 3299 1523 3356 Christi
1566 3304 1731 3358 militi
1764 3305 2066 3373 illatornm,

480 3382 825 3453 formamque
864 3395 917 3440 et
964 3388 1212 3455 speciem
1247 3404 1311 3444 ac
1352 3391 1762 3448 intolerabilem
1795 3395 2068 3463 dolorem,

478 3475 591 3529 vim
628 3491 851 3533 omnem
883 3482 1160 3534 sermonis
1192 3493 1643 3552 exsuperantem,
1670 3490 2021 3556 perscribere
2050 3505 2065 3543 :

482 3568 724 3639 itemque
752 3585 943 3625 eorum
973 3574 1065 3641 qui
1105 3576 1435 3630 cruciabam
1467 3578 1870 3634 immanitatem
1904 3589 2071 3652 atque

481 3659 775 3723 savitiam,
802 3675 1095 3731 moresque
1116 3662 1559 3728 crudelissimos,
1591 3682 1696 3723 nec
1718 3684 1826 3724 non
1854 3672 2072 3726 athleta:

478 3748 536 3805 in
591 3751 887 3805 tormentis
930 3752 1281 3807 tolerantiam
1310 3762 1366 3809 et
1399 3765 1757 3813 constantem
1797 3762 2069 3824 animum,

484 3849 657 3908 utque
690 3841 742 3893 in
771 3841 865 3894 illo
905 3842 1154 3909 quotidie
1183 3844 1508 3914 impleretur
1551 3846 1848 3903 Paulinum
1878 3850 2015 3905 illud
2055 3868 2070 3907 :

488 3948 504 3980 ι
548 3929 716 3996 Quasi
741 3933 1070 3995 morientes,
1101 3943 1155 3989 et
1179 3951 1315 3990 ecce
1356 3936 1667 3994 vivitnusi.
1716 3953 1735 3986 ι
1765 3940 1896 3997 Dies
1923 3951 2072 3999 totos

485 4031 813 4093 nectesque,
846 4036 1157 4093 protractus
1192 4028 1244 4081 in
1275 4030 1679 4087 certaminibus
1706 4047 1924 4103 preces,
1962 4050 2071 4105 qua

485 4118 793 4187 supplices,
822 4136 840 4169 ι
887 4120 954 4172 ad
996 4135 1121 4173 eum
1155 4122 1248 4190 qui
1273 4130 1461 4191 posset
1487 4126 1700 4180 salvum
1730 4124 1912 4182 facere
1940 4128 1964 4166 κ
1998 4148 2010 4182 :
2047 4146 2065 4179 ι

483 4224 591 4278 qua
627 4210 684 4265 iu
712 4211 1018 4282 gratiarum
1054 4213 1330 4268 actionem
1367 4215 1440 4269 ob
1486 4216 1696 4271 collata
1736 4218 1969 4280 auxilia,
2002 4218 2073 4273 ad

484 4300 623 4367 haec,
657 4315 714 4357 et
766 4318 959 4358 eorum
1016 4305 1115 4373 qui
1171 4306 1245 4359 dii
1298 4304 1667 4374 habebantur,
1724 4308 2071 4377 repentinam

482 4394 642 4464 signo
669 4395 857 4449 crucis
906 4396 1388 4467 proﬂigationem;
1448 4400 1880 4470 daemonumque
1919 4401 2072 4469 ipso-

483 4501 606 4540 rum
656 4487 1068 4542 lamentahilem
1145 4490 1613 4545 eontestationem
1678 4490 1818 4562 (56),
1887 4493 2070 4561 palam

484 4578 874 4633 confitentium
929 4596 986 4635 se
1019 4597 1130 4635 non
1163 4581 1320 4647 deos,
1350 4582 1405 4635 itt
1437 4597 1634 4637 eorum
1671 4583 1940 4652 probrum
1972 4583 2068 4653 qui

487 4670 770 4728 insensate
804 4673 1101 4728 adorarent
1142 4691 1155 4727 :
1192 4683 1304 4728 tum
1333 4675 1644 4745 pr0positas
1668 4676 1889 4729 interim
1913 4675 2064 4745 qua:-

485 4766 695 4819 stiones
734 4776 900 4836 atque
929 4767 1335 4837 oppositiones,
1391 4783 1514 4836 qua:
1544 4767 1685 4821 inse
1717 4767 1942 4822 multam
1966 4768 2067 4823 ha-

558 4902 585 4941 3
610 4900 747 4955 Dan.
788 4917 870 4964 ιιι,
1071 4901 1098 4940 h
1143 4898 1289 4955 Psal.
1319 4916 1483 4967 uvtt,
1520 4900 1589 4954 ὅθ

2171 3301 2410 3373 γενναίῳ
2433 3301 2529 3355 τοῦ
2560 3300 2805 3370 Χριστοῦ
2832 3301 3168 3374 στρατιώτῃ,
3196 3304 3395 3374 σχῆμά
3421 3321 3484 3357 τε
3512 3302 3607 3356 καὶ
3634 3295 3755 3358 εἶδος

2172 3397 2270 3449 καὶ
2286 3395 2484 3465 ὀδύνης
2540 3394 2605 3446 τὸ
2645 3393 2946 3465 ἀφόρητον,
2977 3394 3160 3448 πάντα
3203 3394 3368 3464 λόγον
3419 3394 3751 3466 ύπερϐαἰνον,

2177 3486 2285 3556 ἰδίᾳ
2314 3487 2412 3539 καὶ
2442 3485 2547 3539 ἁνά
2578 3484 2746 3557 μέρος
2772 3485 3116 3555 ἀναγράφειν
3139 3498 3153 3511 ·
3187 3486 3297 3540 τῶν
3331 3505 3397 3542 τε
3435 3486 3753 3550 κολαζόντων

2172 3579 2233 3632 τὸ
2261 3578 2470 3647 ἀπηνὲς
2500 3578 2596 3631 καὶ
2624 3576 2863 3648 σκληρὸν
2897 3579 2991 3632 καὶ
3027 3578 3320 3650 ὠμότατον
3343 3597 3361 3611 ⁸
3393 3579 3493 3634 τοῦ
3517 3595 3575 3633 τε
3605 3574 3756 3644 ἀθλη-

2173 3669 2267 3722 τοῦ
2299 3669 2358 3721 τὸ
2389 3667 2669 3738 τληπαθὲς
2700 3671 2798 3722 καὶ
2823 3670 3115 3727 ἀνένδοτον
3137 3689 3155 3705 ο
3188 3674 3285 3728 καὶ
3329 3673 3485 3738 ὅπως
3522 3672 3605 3742 ἐφ’
3637 3666 3752 3722 ἐκά-

2176 3777 2309 3830 στης
2352 3760 2664 3832 ἐπληροῦτο
2732 3763 2820 3814 ἐπ’
2867 3762 3018 3836 αὐτῷ
3051 3764 3147 3832 τὸ,
3204 3783 3223 3816 ι
3257 3765 3347 3829 Ὣς
3393 3761 3753 3831 ἀποθνήσκον-

2172 3871 2267 3916 τες
2290 3870 2303 3885 °
2337 3854 2432 3907 καὶ
2465 3854 2574 3907 ἰδοὺ
2606 3853 2812 3926 ζῶμεν.
2840 3873 2858 3908 ι
2913 3857 3026 3920 Τάς
3055 3875 3115 3911 τε
3144 3858 3458 3930 παννύχους
3487 3853 3648 3911 αὐτοῦ
3675 3848 3753 3903 καὶ

2179 3943 2555 4015 μεθημερινὰς
2582 3946 2639 3999 ὲν
2677 3948 2791 4008 τοῖς
2834 3947 3046 4015 ἀγῶσιν
3079 3949 3277 4020 εύχάςο
3324 3951 3430 4016 τὰς
3460 3950 3558 4022 μὲν
3590 3948 3755 4010 ῖκετη’

2176 4035 2329 4109 ρίους
2372 4055 2391 4088 ι
2421 4028 2561 4108 πρὸς
2588 4039 2680 4093 τὸν
2707 4040 3010 4113 δυνάμενον
3052 4045 3269 4111 σώζειν,
3311 4062 3331 4095 ι
3393 4044 3494 4108 τὰς
3529 4041 3587 4096 δὲ
3612 4039 3755 4107 εὐχαί

2179 4128 2521 4199 ριστηρίους,
2550 4130 2689 4202 ὑπὲρ
2720 4124 2795 4187 ὧν
2823 4132 3156 4190 ἀύτελὰϐετο
3180 4152 3195 4167 ο
3233 4137 3374 4192 κάπὶ
3399 4135 3633 4195 τούτοις,
3667 4128 3754 4199 τὴν

2174 4219 2285 4274 τῶν
2332 4222 2709 4292 νομιζομένων
2760 4225 2904 4279 θεῶν
2939 4229 3003 4297 τῇ
3037 4227 3342 4299 σημειώσει
3387 4227 3485 4282 τοῦ
3536 4218 3753 4292 σταυροῦ

2176 4311 2381 4382 ἁθρόαν
2429 4314 2668 4384 παντελῆ
2708 4318 2974 4390 στροφὴν,
3024 4319 3207 4374 αὐτῶν
3237 4337 3297 4372 τε
3341 4321 3455 4374 τῶν
3499 4314 3753 4387 δαιμόνων

2177 4403 2275 4475 τὴν
2302 4405 2555 4478 θρηνώδη
2587 4409 2906 4478 κατάθεσιν,
2935 4412 2997 4465 τὸ
3053 4412 3130 4485 μὴ
3183 4413 3324 4468 εῖναι
3373 4413 3535 4476 θεοὺς
3573 4407 3754 4466 αὐτοὺς

2178 4495 2450 4568 ἁριδήλως
2479 4499 2918 4570 ὁμολογούντων,
2948 4506 3030 4568 εἰς
3070 4504 3338 4576 αἰσχύνην
3366 4508 3480 4559 τῶν
3506 4498 3752 4567 ἀναισθή-

2176 4602 2284 4651 τως
2317 4589 2505 4654 αύτοῖς
2537 4595 2991 4663 προσκυνούντων
3017 4614 3032 4628 ·
3065 4593 3182 4652 εἶτα
3212 4599 3313 4662 τὰς
3343 4598 3404 4652 tv
3430 4599 3581 4670 μέσῳ
3626 4606 3751 4661 προσ

2176 4681 2362 4745 τάσεις
2391 4684 2489 4737 καὶ
2519 4686 2851 4753 ἀντιθέσεις,
2907 4690 3113 4760 πολλὴν
3155 4690 3393 4762 ἐχούσας
3445 4690 3544 4761 τὴν
3595 4698 3750 4758 τραγ-

2178 4771 2345 4841 ῳδίαν
2371 4791 2385 4806 ο
2417 4778 2557 4848 πρὸς
2583 4778 2798 4845 τούτοις
2827 4781 2926 4847 τὰς
2952 4782 3171 4855 νύκτωρ
3190 4801 3251 4838 τε
3278 4783 3374 4838 καλ⁵
3393 4779 3746 4856 μεθ”ἡμέρανι

1696 4902 1711 4940 ί
1758 4898 1909 4955 Psai.
1982 4918 2172 4969 vavt,
2231 4908 2321 4962 Η.
2401 4908 2414 4959 i
2451 4909 2496 4965 ll
2552 4911 2684 4970 Cor.
2720 4900 2797 4982 νι,
2825 4916 2878 4972 9.
2959 4919 2985 4958 ιι
3020 4918 3189 4975 Hebr.
3231 4935 3283 4987 ν,
3311 4920 3364 4974 7.

1802 4992 2195 5052 COMBECFISII
2233 4999 2444 5056 ΝΟΤᾸΞ
2461 5041 2472 5055 .

559 5085 671 5157 (55)
707 5084 992 5159 Exstittcta
1022 5085 1145 5159 viva
1192 5084 1357 5159 calce.
1402 5085 1677 5158 Ἀσϐέστῳ
1709 5087 2071 5159 σϐεννυμένῃ.

485 5157 656 5226 Aqua:
706 5157 967 5210 nimirum
1020 5157 1324 5222 injectione
1350 5196 1363 5221 ,
1413 5174 1518 5227 qua
1546 5157 1878 5226 provocatus
1913 5157 2075 5227 ignis

487 5228 900 5299 consopitusin
948 5226 1157 5299 Ιορὶᾱὶεῄ
1177 5228 1373 5282 fortius
1429 5226 1642 5282 excocti
1681 5230 1855 5299 poris,
1905 5226 2075 5285 vehe-

490 5299 659 5353 menti
701 5297 1023 5352 ebullttione
1054 5313 1117 5351 ac
1147 5297 1486 5367 itnportabili
1508 5309 1645 5354 testu
1679 5297 1865 5354 Statim
1889 5316 2077 5355 erum-

490 5370 592 5439 pit,
609 5378 684 5421 ἰιι
708 5367 956 5440 videatur
980 5368 1166 5438 potius
1188 5369 1356 5440 calcis
1387 5370 1647 5425 accensio
1673 5386 1838 5440 quam
1863 5384 2072 5424 BXSIIII-

488 5441 619 5502 ctio,
639 5448 703 5510 ut
729 5440 865 5492 bene
896 5439 1150 5510 Andreas
1176 5439 1272 5493 ait.
1304 5440 1557 5510 lmperite
1582 5439 1876 5495 admodum
1902 5443 2074 5493 inter-

489 5524 615 5579 pres
638 5508 871 5581 Lipont.:
900 5507 1134 5563 Materia
1155 5525 1273 5564 cum
1309 5507 1536 5565 obruunt
1568 5527 1685 5581 qua:
1710 5512 1957 5564 .asbeslos
1986 5512 2075 5563 di—

490 5581 663 5653 citur;
687 5580 785 5631 hoc
813 5588 889 5632 est
920 5596 1037 5652 quin
1092 5597 1194 5634 non
1227 5580 1621 5653 exstinguitur;
1651 5582 1741 5636 scd
1777 5591 1898 5633 tunc
1936 5592 2076 5634 certe

490 5652 591 5720 [uit
624 5661 905 5705 exstructa.

562 5721 671 5790 (:36)
716 5720 1134 5775 Lamentabilem
1212 5723 1668 5776 contestatiuusm.
1743 5722 2072 5776 Κατάθεσιν.

491 5791 775 5865 Quomodo
811 5792 1025 5865 videtur
1082 5794 1342 5846 habuisse
1390 5797 1563 5847 codex
1596 5792 1883 5865 Lipoutani
1916 5793 2077 5861 cujus

492 5863 764 5930 interpres
809 5864 1009 5929 reddit,
1046 5865 1479 5931 consensionem;
1529 5863 1677 5923 velut
1732 5866 1897 5917 l'netit
1945 5881 2079 5930 συγ-

2175 5096 2471 5179 κατάθεσιν
2496 5116 2509 5129 ’
2547 5115 2649 5155 nec
2682 5100 2880 5179 Surius
2902 5104 3042 5161 bene
3064 5108 3319 5179 corrigit,
3348 5107 3745 5179 confessionem:

2177 5169 2459 5235 signiﬁcat
2510 5183 2782 5226 extortam
2827 5177 2972 5228 illam
3016 5169 3421 5235 confessionem
3451 5169 3745 5235 daemonum

2176 5248 2229 5292 et
2266 5238 2936 5319 idolornnrpereontante
2966 5246 3237 5319 Georgio,
3280 5266 3387 5319 qua
3421 5252 3567 5305 velut
3593 5246 3744 5319 depoj

2177 5308 2756 5386 _snerun_t_rverit'atem,
2814 5331 2910 5370 seu
2945 5308 3200 5386 deposito
3226 5308 3585 5385 tradiderint,
3614 5308 3743 5384 οὖσά

2181 5379 2475 5462 habetjlla
2509 5399 2608 5462 vox
2648 5379 2847 5462 :_v_eltt_t
2875 5379 3255 5462 intelligantur
3284 5406 3348 5446 ea
3390 5379 3740 5462 confessitmgi

2180 5450 2485 5533 depositam
2538 5453 2744 5509 homini
2799 5450 3253 5533 Dei‘scientiam,
3280 5476 3443 5530 quam
3474 5450 3744 5533 praestigiis

2183 5523 2300 5598 suis
2323 5523 2486 5598 furati
2515 5536 2721 5588 essent,
2751 5528 3098 5595 postliminio
3127 5523 3356 5586 reddere
3377 5542 3433 5587 et
3465 5523 3742 5598 repone!“

2184 5592 2374 5672 sittcst
2399 5594 2601 5672 ubique
2642 5592 2939 5652 accuratus
2972 5601 3243 5656 Andreas.
3282 5600 3375 5655 Illa
3418 5592 3740 5672 postmodum

2184 5664 2348 5741 verba
2378 5680 2391 5715 :
2427 5666 2568 5728 Quid
2608 5683 2801 5730 mm‘es,
2838 5679 2883 5722 ct
2918 5685 3099 5723 eorum
3132 5688 3250 5741 qua:
3281 5673 3347 5724 ab
3378 5664 3743 5741 ηἱναγιιενσνίξ

2184 5727 2521 5810 dicebantur,
2548 5727 2915 5810 saltemiam,
2970 5742 3103 5795 velut
3144 5727 3212 5797 ἰιι
3246 5743 3431 5798 tabula
3473 5727 3743 5810 ra‘putml"?

2186 5817 2294 5856 non
2325 5804 2490 5861 habet
2523 5807 2727 5877 tit-gius
2760 5811 2957 5865 codex.
