4012 6462
258 473 396 537 Ηιίθ

1564 468 1647 529 1N
1706 466 1768 529 S.
1809 466 2242 529 GEORGIUM.

3408 473 3545 537 Πίίθ

246 594 330 653 εἰς
362 587 636 642 ἀντίδοσιν
675 585 774 654 τῆς
812 587 1093 655 ὑπομονῆς
1116 584 1411 654 γινομένας
1462 582 1541 653 τῷ
1581 585 1844 653 μάρτυρι,

1961 582 2085 636 bent
2115 580 2440 648 tragaadiam
2471 598 2486 635 :
2514 589 2777 651 praeterea
2802 593 2955 648 vero,
2987 580 3211 637 divinas
3233 581 3323 638 die
3350 594 3545 641 nocte-

244 683 407 746 θείας
440 679 745 751 ἐμφανείας
798 695 857 732 τε
910 679 1003 731 καὶ
1035 675 1307 741 διαλέξεις
1333 694 1348 709 ο
1402 677 1653 747 κρεῖττον
1680 676 1739 729 δὲ
1771 678 1851 728 εί-

246 774 397 836 ττεῖν,
427 770 571 823 κατὰ
605 766 695 819 τὸν
719 765 907 833 Δαϐὶδ,
949 765 1224 836 βοηθείας,
1262 763 1644 835 παρακλήσεις
1667 782 1726 817 τε
1760 765 1855 818 καὶ

250 862 431 922 ἐάσεις
457 875 470 890 ’
512 854 580 910 δι’
626 850 704 910 ὧν
744 856 1021 927 εὑρίσκων
1071 854 1408 926 παραψυχὴν
1451 854 1562 907 τῶν
1600 854 1699 925 μὲν
1746 855 1851 925 ⁴ἤδη

244 947 642 1019 παρελθόντων
676 945 859 999 πόνων
900 944 1205 1017 προθύμως
1252 946 1655 1001 ἐπελανθάνετο
1680 962 1694 975 ·
1741 947 1853 1000 τῶν

243 1040 311 1092 δὲ
380 1034 538 1100 αὖθις
595 1037 1019 1108 ἐπειγομένων,
1054 1037 1302 1101 ἐὐτόνως
1364 1036 1853 1109 ἀντελαμϐάνετο,

245 1130 451 1201 ὥσπερ
503 1130 872 1200 ἀδαμάντινον
912 1127 1053 1198 ἔχων
1091 1129 1241 1199 μειά
1284 1128 1601 1207 τῆςῂψυχῆς
1646 1129 1744 1183 καὶ
1793 1129 1853 1182 τδ

250 1223 440 1295 σῶμα.

334 1392 559 1460 Ἔξεστι
589 1394 645 1446 δὲ
685 1393 763 1465 τῷ
808 1395 1121 1467 βουλομένῳ
1176 1397 1315 1468 μετά
1352 1397 1641 1469 ἀκριϐείας
1675 1400 1852 1452 πάντα

254 1483 478 1555 μαθεῖν,
519 1485 597 1556 τῷ
642 1487 935 1558 μαρτυρίῳ
971 1488 1275 1559 ἐντυχόντι,
1322 1489 1420 1542 τοῦ
1471 1490 1851 1560 σπουδαζομέ-

246 1594 352 1630 νου
373 1581 591 1648 τυχείνο
629 1580 844 1632 ἐκεῖθέν
876 1596 935 1633 τε
971 1580 1327 1649 παιδευθῆναι
1375 1582 1472 1636 καὶ
1508 1582 1852 1653 ἐκπλαγῆναι

245 1670 370 1723 τῶν
401 1671 634 1739 ἀγώνων
668 1671 730 1724 τὸ
769 1671 1082 1743 ὑπέρογκον
1103 1689 1117 1702 ·
1154 1672 1246 1727 τοῦ
1292 1674 1562 1743 ἀριστέως
1593 1675 1653 1727 τὸ
1681 1692 1854 1744 μεγα-

246 1761 496 1832 λόψυχον
523 1779 537 1793 ο
566 1763 664 1831 τῆς
711 1762 871 1833 νίκης
912 1763 974 1815 τὸ
1005 1763 1370 1830 δικαιότατον,
1412 1765 1508 1817 καὶ
1545 1764 1656 1817 τῶν
1692 1766 1853 1818 θείων

250 1853 513 1924 ἁμοιϐῶν
555 1855 615 1908 τὺ
663 1854 987 1926 ἀξιόχρεων.
1032 1856 1244 1909 Γνῶναί
1280 1874 1340 1909 τε
1385 1857 1570 1927 σαφῶς
1604 1857 1697 1911 καὶ
1724 1858 1852 1911 θαυ-

1952 687 2063 742 que
2092 670 2339 729 visiones
2397 672 2913 741 collocutionesque
2958 682 3150 729 sancto
3194 672 3445 747 Nlartyri,
3476 679 3544 730 ad

1954 763 2077 833 ejus
2112 762 2576 817 remunerandam
2610 763 2955 833 patientiam,
2988 779 3331 821 concessas:
3368 766 3451 821 vel
3487 778 3548 821 nt

1954 854 2154 908 melius
2192 853 2350 920 juxta
2387 852 2647 907 Davidem
2682 854 2888 920 dicam,
2943 856 3168 920 auxilia,
3206 857 3548 911 consolatio-

1956 961 2057 1000 nes
2107 953 2159 999 et
2194 944 2486 1009 sanitates,
2517 960 2582 999 ex
2632 946 2834 1016 quibus
2893 946 3240 1019 refrigerium
3296 952 3543 1020 capiens,

1957 1039 2364 1107 p'zeteritorum
2430 1038 2684 1093 laborum
2742 1038 2979 1095 libenter
3052 1042 3543 1098 obliviscebatur:

1955 1129 2004 1183 si
2056 1129 2152 1199 qui
2191 1137 2377 1184 autem
2405 1144 2605 1184 rursus
2642 1131 2949 1197 instabant,
2992 1132 3119 1186 forti
3151 1139 3546 1202 constantique

1956 1219 2145 1275 animo
2210 1220 2567 1290 capescebat,
2636 1222 2783 1275 velut
2838 1222 3003 1275 etiam
3039 1238 3244 1292 corpus
3282 1241 3388 1279 una
3414 1241 3540 1279 cum

1958 1312 2143 1366 animo
2170 1312 2588 1366 adamantinum
2632 1312 2882 1370 haberet.

2032 1403 2090 1457 Si
2113 1404 2242 1473 quis
2275 1419 2440 1473 porro
2463 1404 2650 1459 omnia
2679 1405 2781 1459 viri
2814 1405 2955 1459 beati
2988 1417 3241 1459 accurate
3266 1407 3416 1476 cupit
3448 1421 3539 1460 (οολ

1958 1509 2252 1564 gnoscere,
2284 1493 2429 1563 legat
2462 1493 2613 1549 illius
2655 1493 2907 1564 martyrii
2942 1502 3086 1557 acta,
3121 1492 3403 1562 fueritque
3427 1492 3539 1546 voti

1955 1600 2220 1656 compos;
2251 1585 2489 1655 indeque
2555 1592 2982 1655 exsuperantem
3026 1585 3393 1638 certaminum
3430 1598 3544 1636 ma-

1954 1678 2300 1748 gnitudincm
2372 1678 2633 1732 didicerit
2716 1677 3199 1747 obstupucritque,
3284 1691 3543 1747 magnum

1955 1766 2156 1839 egregii
2193 1767 2477 1824 bellatoris
2511 1770 2777 1833 animum,
2825 1768 3199 1838 justissimam
3233 1768 3546 1835 victoriam,

1956 1859 2379 1930 divinorumque
2458 1861 2808 1932 pra'nziorum
2887 1860 3109 1931 dignam
3206 1862 3543 1935 mercedem,

258 1948 459 2018 μάσαι,
493 1949 644 2012 ὅπως
677 1949 724 2001 οί
765 1948 863 2019 μὲν
889 1947 966 2018 τῷ
1001 1946 1149 2019 βυθῷ
1196 1950 1296 2021 τῆς
1334 1949 1593 2015 ἀσεϐείας
1620 1954 1855 2004 ἐσκοτω-

1961 1951 2275 2021 perspicue,
2338 1951 2590 2022 inquam,
2652 1952 3021 2022 cognoverit:
3057 1966 3123 2006 ac
3175 1952 3544 2007 admirationi

257 2042 441 2113 μένοι,
482 2042 541 2093 ὲν
571 2040 729 2111 δόλῳ,
771 2038 850 2111 τῷ
877 2041 1073 2109 γλυκεῖ
1098 2042 1159 2096 τὸ
1192 2042 1392 2115 πικρὸν
1420 2044 1479 2098 ἐν
1521 2046 1635 2107 τοῖς
1672 2044 1852 2115 ῥήμα-

256 2151 349 2187 σιν
372 2133 552 2187 αὐτῶν
578 2132 947 2204 κατεμίγνυον
964 2151 978 2165 ·
1019 2136 1048 2188 ό
1086 2135 1142 2188 δὲ
1169 2136 1252 2209 τῷ
1274 2135 1434 2208 ἁπλῷ
1462 2140 1562 2209 τῆς
1589 2137 1852 2208 ἀληθείας

240 2224 406 2297 λόγῳ
442 2227 542 2290 τὰς
574 2226 757 2291 δεινὰς
799 2229 896 2283 καὶ
946 2229 1216 2295 ὑπούλους
1245 2231 1428 2286 αὑτῶν
1478 2231 1849 2303 τεχνολογίας,

259 2318 465 2390 ῥαδίως
496 2317 678 2382 ἐξέλυε
714 2335 773 2371 τε
820 2319 915 2372 καὶ
968 2321 1238 2393 ἀνέτρεπε
1263 2338 1276 2351 ·
1327 2322 1423 2375 καὶ
1476 2323 1585 2377 τῶν
1617 2324 1853 2395 ὲνεδρῶν

257 2411 447 2464 αὑτῶν
471 2412 565 2463 καὶ
597 2409 871 2481 λαθραίων
907 2412 1131 2481 παγῶν,
1166 2412 1247 2484 τῷ
1276 2413 1489 2486 στερρῷ
1523 2415 1621 2468 καὶ
1662 2414 1854 2488 ὑψηλῷ

254 2502 365 2573 ,τῆς
390 2502 627 2566 διανοίας
654 2503 840 2575 πτερῷ
871 2504 1215 2575 ὑπερίπτατο
1239 2522 1252 2538 ο
1303 2507 1398 2559 καὶ
1430 2506 1539 2560 τῶν
1589 2507 1854 2564 ποικίλων

255 2594 357 2646 καὶ
412 2594 664 2664 χαλεπῶν
713 2595 985 2667 βασάνων,
1055 2597 1135 2669 τῷ
1186 2598 1381 2670 κράτει
1425 2598 1526 2671 τῆς
1575 2600 1854 2671 ὑπομονῆς

252 2687 628 2758 ὑπερεκράτει
690 2691 998 2761 καρτερῶς,
1049 2692 1148 2744 καὶ
1201 2692 1297 2746 τὸν
1322 2692 1367 2724 ⁵⁵⁸
1415 2693 1700 2764 κρηπίδων
1758 2694 1875 2763 καὶ,

249 2779 404 2850 ἥλων
432 2779 660 2843 τελέσας
688 2780 915 2852 δρόμον,
950 2780 1056 2845 ἕως
1096 2783 1287 2853 καὶτῷ
1316 2783 1463 2853 ξίφει
1498 2784 1851 2857 παραδοθεὶς,

248 2870 562 2941 σωματικῷ
602 2871 822 2945 θανάτῳ
850 2872 941 2927 τὸν
968 2872 1201 2944 ψυχικὸν
1232 2875 1652 2947 άπονεκρώσας,
1695 2893 1853 2948 νικη-

250 2964 430 3033 φόρος
479 2965 549 3019 δι’
600 2965 836 3037 αἵματος
885 2967 1249 3038 ἀναδειχθεὶς,
1304 2969 1399 3022 καὶ
1439 2967 1532 3022 τὸν
1562 2970 1662 3040 τῆς
1695 2970 1854 3041 νίκης

248 3058 670 3130 ἀναδησάμενος
702 3060 988 3129 στέφανον,
1020 3060 1168 3133 ἔργῳ
1194 3062 1462 3117 ἐπινίκιον
1482 3061 1561 3134 τῷ
1588 3063 1855 3134 νικοποιῷ

249 3151 508 3223 φαιδρῶς
533 3153 854 3223 ἀνέπεμπεν
886 3151 1058 3224 ὕμνον
1086 3171 1101 3186 ο
1140 3173 1158 3206 ι
1188 3155 1494 3227 Εὐλογητὸς
1528 3156 1753 3227 Κύριος,
1779 3159 1856 3210 εί-

251 3240 407 3308 πὼν,
439 3241 497 3306 ὃς
537 3244 638 3296 οὑκ
664 3243 864 3297 ἔδωκεν
889 3246 1039 3315 ἡμᾶς
1074 3246 1154 3309 εἰς
1183 3244 1357 3317 θήραν
1392 3249 1505 3311 τοῖς
1542 3248 1725 3301 ὀδοῦσι
1757 3250 1854 3302 αὑ-

246 3352 396 3388 των.
438 3352 456 3385 ι

336 3427 557 3481 Είσεται
602 3427 660 3481 δὲ
713 3428 855 3499 πρδς
904 3430 1145 3496 τούτοις,
1196 3432 1225 3485 ὃ
1280 3447 1345 3500 γε
1395 3431 1708 3501 φιλόπονος,
1760 3436 1859 3486 καί¹

248 3521 514 3593 ἀκριϐῶς
567 3523 922 3594 ἐντυγχάνων
983 3525 1063 3597 τῷ
1115 3524 1347 3596 τοιούτῳ
1401 3526 1726 3597 διηγήματι,
1783 3527 1859 3591 ὡς

248 3617 363 3686 οὐχ
420 3615 599 3686 ἑαυτῴ
656 3618 804 3686 μόνῳ
869 3619 1185 3689 πεπόνηκεν
1226 3620 1253 3671 ὁ
1297 3618 1532 3691 μάρτυς,
1578 3619 1714 3672 ἀλλά
1765 3621 1861 3673 καὶ

253 3711 542 3773 πλείστοις
594 3713 808 3782 ἑτέροις
863 3712 965 3782 τὴν
1022 3713 1304 3785 σωτηρίαν
1354 3714 1443 3767 διά
1488 3713 1597 3767 τῶν
1643 3714 1860 3767 οἰκείων

255 3806 428 3875 ἡνυσε
462 3806 639 3859 πόνων
663 3822 677 3835 ·
710 3808 870 3869 ὅσους
908 3824 970 3860 τε
998 3808 1090 3861 τὸν
1132 3808 1245 3862 ἴσον
1283 3809 1485 3879 δρόμον
1516 3810 1730 3863 τελέσαι
1761 3826 1861 3862 πε-

253 3899 485 3967 ποίηκε,
517 3899 637 3971 Θεῴ
661 3898 722 3952 τὸ
746 3903 948 3953 οἰκεῖον
979 3906 1315 3965 σπείσαντας
1358 3897 1497 3973 αἷμα
1519 3920 1530 3932 ·
1582 3904 1659 3966 ὡς
1705 3904 1861 3956 Ἀνα-

246 3991 439 4045 τέλιον
471 3992 488 4065 [
514 3996 609 4047 καὶ
635 3994 654 4065 ]
678 3994 1070 4065 Πρωτολέοντα
1098 3997 1224 4059 τοὺς
1256 3996 1658 4066 στρατηλάτας,
1696 3998 1763 4051 τά
1793 4000 1858 4070 τῇ

245 4086 492 4155 ἀθλήσει
548 4087 1007 4155 συνεκλάμποντα
1054 4086 1510 4154 καταπλαγέντας
1558 4086 1718 4158 ἔργα,
1766 4091 1861 4140 καὶ

246 4178 360 4246 τὴν
393 4179 649 4249 ἀνδρείαν
683 4180 1042 4250 ζηλώσαντας
1073 4192 1087 4205 ⁶
1120 4179 1202 4233 ἔτι
1232 4179 1290 4232 δὲ
1321 4180 1417 4233 καὶ
1448 4179 1745 4251 Γλυκέριον
1768 4180 1862 4233 τὸν

255 4271 536 4341 ἀοίδιμον.
595 4276 660 4343 τῇ
722 4272 858 4343 περὶ
918 4273 1009 4326 τὸν
1067 4259 1272 4343 μόσχον
1311 4273 1701 4345 τερατουργίᾳ,
1762 4273 1862 4342 τῆς

254 4368 463 4432 ἀλόγου
506 4363 615 4418 τῶν
668 4363 907 4420 εἰδώλων
970 4364 1364 4433 ἀπαλλαγέντα
1418 4363 1722 4435 θρησκείας
1749 4381 1764 4397 ·
1803 4362 1862 4429 ἐξ

253 4459 459 4527 αὐτῆς,
511 4457 586 4521 ὼς
614 4460 817 4523 εἰπεῖν,
856 4460 957 4529 τῆς
984 4461 1274 4531 φάρυγγος
1304 4459 1398 4512 τοῦ
1442 4458 1739 4530 δράκοντος
1773 4458 1864 4511 αὑ-

253 4551 391 4612 τοὺς
449 4550 756 4614 ὲκσπάσας,
799 4551 896 4604 καὶ
936 4550 1158 4622 θύματα
1200 4551 1387 4606 τέλεια
1419 4551 1516 4605 καὶ
1568 4550 1863 4622 εὐπρόσδε-

1957 2043 2243 2110 lrabuerit,
2265 2050 2324 2097 ut
2351 2044 2425 2097 illi
2459 2045 2705 2115 quidem,
2728 2043 3002 2110 profunda
3035 2044 3343 2113 impietatis
3375 2060 3542 2099 vora-

1954 2136 2081 2209 gine
2102 2137 2405 2202 obscurati,
2432 2135 2686 2190 dulcibus
2705 2150 2922 2193 amaros
2942 2152 3228 2193 sermones
3246 2137 3374 2192 dolo
3391 2152 3548 2192 com-

1955 2229 2251 2286 miscerent
2283 2249 2299 2297 ;
2336 2229 2451 2300 ipse
2477 2237 2660 2284 autem
2695 2230 2929 2299 simplici
2981 2231 3230 2287 veritatis
3291 2244 3547 2284 sermone

1956 2323 2190 2379 subtiles
2213 2323 2563 2393 callidasqne
2598 2337 2791 2377 eorum
2832 2333 2981 2378 artes
3027 2323 3186 2377 facile
3214 2322 3544 2378 dissolverit

1918 2429 2022 2479 -ac
2063 2414 2435 2481 subvenerit;
2481 2421 2649 2483 utque
2679 2428 2873 2468 eorum
2917 2412 3151 2471 insidias
3210 2426 3265 2470 et
3294 2414 3546 2470 occultos

1955 2507 2187 2578 laqueos
2218 2506 2414 2562 solidis
2459 2505 2905 2575 sublimibusqne
2945 2492 3115 2559 animi
3155 2505 3262 2559 alis
3292 2513 3547 2560 transvo-

1955 2600 2126 2667 larit;
2153 2610 2321 2670 atque
2350 2607 2411 2654 ut
2445 2599 2617 2655 variis
2656 2598 2767 2653 illis
2805 2599 3183 2669 gravibusque
3230 2599 3545 2662 tormentis,

1956 2688 2382 2765 patientiae'suae
2425 2692 2632 2746 robore
2662 2689 2883 2745 fortiter
2919 2690 3227 2762 superatis,
3263 2707 3549 2759 cursuque

1955 2781 2201 2852 crepidis
2255 2782 2431 2837 clavis
2492 2781 2678 2837 inﬁxis
2736 2781 3014 2848 confecto,
3079 2781 3299 2837 tandem
3365 2782 3549 2849 gladio

1956 2873 2198 2929 traditus
2268 2887 2334 2928 ac
2396 2888 2698 2942 percussus
2755 2874 2965 2937 securi,
3036 2885 3213 2929 morte
3270 2875 3546 2944 corporali

1955 2967 2229 3022 exstincta
2279 2965 2476 3020 anima:
2536 2972 2731 3030 morte,
2797 2966 2973 3020 victor
3010 2966 3279 3037 sanguine
3323 2968 3550 3022 etfectns

1957 3072 2023 3113 ac
2054 3058 2300 3114 victoriae
2349 3057 2569 3113 cinctus
2607 3072 2846 3123 corona,
2872 3060 2921 3113 ei
2953 3059 3093 3123 larte,
3132 3060 3381 3116 victoria:
3414 3064 3550 3116 sub-

1955 3152 2170 3207 miserit
2227 3151 2535 3218 canticum,
2597 3151 2691 3220 qui
2723 3151 3021 3206 victoriam
3075 3152 3399 3222 ρτσυιηιὶεειιῑ
3428 3171 3444 3221 ;
3475 3153 3547 3209 ita

1957 3242 2191 3299 dicens:
2229 3261 2249 3295 ι
2298 3242 2632 3298 Benedictus
2665 3244 2948 3310 Dominus,
2996 3245 3094 3315 qui
3134 3259 3241 3300 non
3271 3244 3420 3300 dedit
3449 3262 3549 3302 nos

1960 3335 2017 3390 in
2043 3335 2281 3406 praedam
2305 3335 2569 3390 dentibus
2597 3350 2791 3390 eorum
2832 3333 2873 3389 ι.
2906 3354 2925 3388 ι

2028 3429 2109 3485 Ad
2142 3430 2256 3485 haec
2288 3429 2596 3495 studiosus,
2624 3444 2688 3483 ac
2716 3430 2761 3483 si
2787 3429 2913 3500 quis
2943 3428 3213 3499 ejusmodi
3251 3429 3547 3484 historiam

1959 3522 2251 3592 diligenter
2314 3523 2477 3593 legat,
2516 3522 2732 3577 noverit
2768 3525 2929 3592 plane
2958 3532 3019 3577 ut
3052 3538 3159 3575 non
3191 3524 3296 3576 sibi
3326 3522 3549 3577 labora-

1959 3616 2100 3669 verit
2130 3627 2361 3687 martyr,
2395 3616 2487 3669 sed
2522 3624 2575 3669 et
2609 3614 2868 3684 plurimis
2901 3614 3028 3669 aliis
3056 3614 3167 3668 suis
3189 3615 3305 3682 ipse
3338 3613 3551 3669 labori-

1959 3710 2064 3764 bus
2098 3709 2337 3764 salutcm
2370 3707 2755 3763 conciliaverit
2789 3724 2803 3760 :
2842 3722 3008 3777 quam
3048 3707 3259 3772 multis,
3295 3712 3545 3777 inquam,

1962 3800 2128 3855 fuerit
2188 3808 2381 3854 auctor
2411 3806 2469 3854 ut
2493 3809 2547 3853 et
2575 3800 2677 3868 ipsi
2711 3796 2896 3869 parem
2946 3799 3262 3853 certaminis
3302 3816 3547 3863 cursum,

1962 3893 2242 3962 preprium
2295 3892 2621 3962 sanguinem
2680 3891 2919 3947 libantes
2975 3892 3106 3956 Deo,
3163 3890 3544 3946 conficerent:

1961 3996 2091 4056 puta
2135 3985 2388 4041 Anatolio
2421 3996 2474 4039 ct
2511 3985 2819 4039 l’rotnleuni
2854 3985 3240 4039 belliducibus
3287 3986 3379 4055 qui
3421 3986 3549 4054 ipsi,

1962 4081 2054 4135 ubi
2088 4081 2155 4136 ad
2215 4081 2482 4137 tmracula
2513 4097 2635 4151 quze
2666 4082 2760 4134 illo
2785 4080 3092 4135 certamine
3142 4079 3420 4145 effulsere,
3448 4080 3550 4132 ob-

1961 4175 2325 4244 stupuissent,
2364 4174 2530 4230 etiam
2559 4173 2946 4228 fortitudinem
3007 4174 3267 4243 martyris
3308 4173 3551 4227 armulati

1963 4276 2132 4333 sunt;
2178 4267 2384 4336 inclyto
2439 4266 2565 4320 item
2607 4266 2687 4319 illi
2750 4263 3012 4334 Glycerio
3048 4264 3185 4334 (57),
3219 4279 3385 4333 quem
3426 4279 3556 4333 pro-

1963 4358 2114 4428 digio
2139 4356 2313 4421 vituli,
2348 4357 2419 4410 ab
2452 4354 2757 4409 irrationali
2794 4355 3069 4409 idolorum
3101 4354 3462 4409 observantia
3494 4364 3553 4410 et

1964 4448 2357 4521 superstitioso
2385 4448 2538 4503 cultu
2571 4447 2811 4501 absolvit
2839 4462 2852 4498 :
2889 4461 3034 4516 quos
3062 4461 3257 4500 omnes
3283 4461 3352 4499 ex
3390 4447 3550 4516 ipsis,

1964 4551 2026 4597 ut
2059 4546 2130 4596 ita
2164 4542 2370 4604 dicam,
2416 4549 2697 4596 extractos
2756 4539 3017 4595 draconis
3072 4536 3354 4603 faucibus,
3397 4539 3555 4592 vieti-

250 4661 391 4707 κτα,
426 4645 505 4714 τῷ
532 4643 645 4714 ἰδίῳ
668 4645 913 4716 Δεσπότῃ
943 4644 1336 4715 προσαγαγών.
1365 4645 1487 4697 Ἔτι
1512 4644 1568 4697 δὲ
1604 4644 1696 4696 καὶ
1727 4642 1856 4696 θαύ-

1966 4652 2084 4692 mas
2143 4635 2418 4706 perfectas
2483 4643 2536 4689 et
2573 4642 2851 4703 acceptas,
2905 4632 3140 4687 Domino
3192 4647 3298 4687 suo
3333 4633 3552 4687 obtulit.

258 4752 418 4808 ματα
456 4736 696 4806 μέγιστά
721 4753 780 4789 τε
812 4737 907 4788 καὶ
932 4736 1149 4801 ἐξαίσια
1177 4753 1191 4766 ·
1229 4739 1306 4808 πῆ
1347 4738 1465 4809 μὲν,
1511 4739 1625 4799 τοῖς
1653 4737 1865 4799 πιστοῖς

261 4827 481 4881 αἰτοῦσι
514 4827 754 4895 νιφάδων
790 4827 946 4899 δίκην
977 4829 1354 4899 κεχαρισμένα
1384 4844 1397 4860 ’
1452 4830 1530 4899 πῆ
1579 4828 1640 4882 δὲ
1663 4868 1678 4892 ,
1711 4828 1864 4898 παρὰ

258 4921 376 4974 τῶν
407 4920 671 4972 ἐναντίων
706 4920 767 4972 οὑ
796 4920 1004 4984 πιστῶς
1049 4921 1369 4993 αἰτηθέντα,
1412 4922 1562 4995 ἔργῳ
1600 4923 1666 4976 δι’
1697 4921 1864 4993 εὐχῆς

255 5012 365 5067 τοῦ
403 5012 682 5083 μάρτυρος
710 5010 1059 5090 ἐκϐεϐηκότα
1092 5031 1107 5047 ο
1157 5017 1233 5080 ὡς
1275 5016 1368 5069 καὶ
1407 5014 1601 5086 νεκρὸν
1633 5015 1700 5069 ὲκ
1728 5013 1859 5087 λάρο

349 5144 363 5183 ι
399 5144 547 5199 l‘sal.
613 5160 807 5211 cxxttt,
850 5145 904 5199 6.

1966 4730 2241 4784 Prmterea
2296 4742 2429 4783 vero
2484 4727 2654 4781 etiam
2716 4726 2957 4780 maxime
2990 4726 3081 4779 illa
3117 4726 3558 4796 prmligiosaqne

1966 4824 2254 4880 miracula.
2282 4835 2388 4890 qua
2418 4818 2724 4889 petentibus
2750 4817 3004 4873 ﬁdelibus
3029 4816 3326 4873 confertim
3353 4820 3559 4872 instar-

1963 4931 2070 4986 quc
2110 4912 2302 4968 imbris
2354 4912 2555 4967 nivalis
2592 4909 2686 4965 Dei
2715 4909 2972 4981 largitate
3005 4912 3252 4976 donata;
3316 4924 3423 4979 qua
3463 4910 3557 4963 in-

1962 5009 2192 5065 credulo
2240 5008 2424 5061 animo
2452 5004 2522 5058 ab
2554 5003 2892 5059 adversariis
2955 5003 3145 5073 petita,
3180 5002 3556 5072 precibusque

1586 5235 1821 5292 VAerE
1861 5233 2275 5291 LL'CTIONES.

343 5334 389 5365 ’⁵
421 5331 507 5386 10'.
527 5332 688 5386 λεια.
731 5331 841 5386 διά.

1575 5414 1973 5470 COMBEFISII
2006 5414 2249 5471 NOTAE.

343 5516 841 5592 t57)1nclgtoilli_
890 5512 1157 5592 Glycerio.
1213 5512 1493 5592 Interprcs
1545 5510 1856 5592 Lipomani,

260 5585 418 5645 male
442 5585 691 5655 omnino,
721 5586 878 5642 bovis
907 5585 1230 5639 miraculum
1284 5585 1349 5638 ad
1381 5585 1479 5637 viri
1514 5586 1732 5655 celebre
1750 5600 1857 5655 rno-

262 5678 398 5717 men
434 5664 622 5723 refert,
653 5653 803 5714 velut
858 5656 978 5724 ipse
1023 5655 1158 5708 illud
1189 5656 1441 5724 patrarit,
1481 5669 1586 5709 non
1621 5653 1687 5707 ad
1727 5654 1859 5708 libe-

264 5738 545 5788 rationem
598 5732 666 5786 ab
695 5727 1026 5788 idololatria,
1061 5725 1183 5793 ejus
1211 5726 1539 5790 occasione;
1565 5740 1669 5791 qua
1695 5724 1858 5779 abso-

263 5805 445 5865 lutus,
476 5818 542 5858 ex
568 5801 691 5856 ﬁdei
726 5802 941 5855 fervore
988 5797 1363 5866 martyrioque
1422 5797 1672 5865 quaesito,
1728 5811 1857 5850 vere

265 5873 539 5942 ἀοίδιμος,
573 5880 629 5927 et
650 5866 1043 5942 celeberrimus
1070 5867 1266 5942 evasit,
1300 5880 1615 5937 quanquam
1646 5866 1854 5942 alioqui

266 5936 439 5998 homo
467 5943 683 6014 privata
725 5941 944 5996 fortuna
972 5943 1025 5992 et
1060 5936 1327 6004 rusticus,
1362 5945 1420 5991 ut
1459 5947 1541 5993 est
1576 5936 1718 6005 apud
1745 5937 1854 5992 Me-

1970 5515 2156 5583 taplir.
2192 5512 2350 5579 Quod
2409 5529 2571 5581 porro
2612 5523 2823 5582 spectat
2858 5512 2925 5566 ad
2970 5512 3022 5565 id
3059 5528 3235 5582 genus
3279 5512 3554 5567 miracula

1968 5586 2115 5639 circa
2136 5600 2365 5655 pecora,
2389 5600 2510 5651 qua!
2536 5585 2809 5653 prmcipue
2834 5591 2986 5637 tanto
3014 5584 3137 5636 usui
3166 5593 3312 5642 sunt.
3338 5594 3561 5637 exstant

1967 5656 2307 5711 creberrima
2362 5659 2637 5722 exempla,
2691 5671 2789 5708 nec
2844 5658 2896 5707 in
2935 5656 3001 5707 iis
3034 5656 3219 5708 infima
3252 5666 3400 5707 sunt.
3436 5671 3558 5722 qua:

1969 5727 2033 5778 ad
2068 5727 2459 5781 miraculosam
2516 5726 2577 5782 Β.
2636 5724 2696 5779 Ρ.
2752 5727 3019 5779 Dominici
3069 5725 3364 5793 imaginem
3410 5727 3554 5793 apud
3648 5742 3653 5747 '

1969 5799 2265 5851 Sorianum
2321 5802 2374 5851 in
2433 5797 2691 5851 Calabria
2747 5799 3111 5865 perhibentur
3160 5797 3299 5857 fieri,
3342 5806 3393 5850 et
3428 5810 3555 5850 cum

1965 5869 2093 5925 aliis
2124 5867 2596 5924 circumferuntur
2625 5868 2830 5923 minori
2863 5868 3137 5923 volumine
3170 5867 3337 5923 edita.
