4012 6444
273 488 413 557 1193

1580 481 1661 543 IN
1700 482 1763 542 s.
1805 459 2231 543 NICOLAUM.

3400 475 3432 540 1
3446 473 3546 540 19ιὶ

269 609 431 681 λόγον
481 606 627 678 ζωῆς
674 605 958 678 ἐπέχοντα.
1007 621 1025 652 s
1071 597 1280 661 Πολλὰς
1328 597 1434 667 γάρ
1488 612 1569 647 σοι
1616 594 1767 655 κλεῖς
1816 593 1849 661 ἡ

1958 589 2248 644 contineas
2278 586 2393 659 (60)
2417 596 2581 660 atque
2607 605 2869 662 praetoras
2890 599 2936 643 ο.
2979 609 2997 642 ι
3032 589 3247 661 Quippe
3278 590 3380 646 tibi
3406 593 3545 646 mul-

266 701 443 775 ἀρετὴ
482 700 773 773 πεποίηκε,
810 698 906 751 καὶ
944 695 1102 748 οὐδέν
1138 709 1200 745 σε
1238 689 1349 744 τῶν
1389 687 1570 742 καλῶν
1605 686 1852 752 διέφυγε,

267 795 545 868 ποιμένων
580 794 770 866 ἄριστε
793 833 807 855 ,
844 791 938 845 καὶ
978 785 1285 860 ἀρχιερέων
1317 780 1646 851 πανεύφημε
1683 778 1853 832 Νικόο

268 889 389 944 λαε.
422 887 610 950 Πάσας
644 887 754 958 γὰρ
788 884 862 947 ὡς
896 885 954 935 ὲν
986 875 1247 952 θησαυρῷ
1297 874 1484 947 χρυσῷ
1514 873 1643 935 τοὺς
1673 871 1855 934 λίθους

266 979 548 1050 διαφανεῖς
594 979 660 1050 τῇ
711 974 960 1048 μακαρίᾳ.
1006 989 1100 1026 σου
1144 969 1325 1040 ψυχῇ,
1372 968 1473 1030 τὰς
1517 964 1855 1036 ὖπερτίμους

266 1072 380 1126 τῶν
429 1068 644 1140 ἀρετῶν
690 1063 990 1129 ἑναπέθου,
1045 1060 1372 1131 περιϐόητος
1420 1055 1673 1111 ἐντεῦθεν
1719 1055 1855 1107 πᾶσι

266 1163 459 1234 σχεδον
490 1162 605 1222 τοῖς
640 1160 731 1228 ὑφ’
748 1158 885 1229 ἡλίῳ
918 1154 1229 1225 γενόμενος.
1258 1153 1372 1222 Οὐχ
1404 1147 1547 1204 οὕτω
1593 1147 1704 1218 γὰρ
1754 1147 1852 1201 λύ-

264 1272 395 1325 χνος
412 1253 505 1306 ἐπὶ
535 1251 731 1321 λυχνίᾳ
760 1246 938 1311 τεθεὶς
961 1245 1139 1315 ὑψηλῇ
1171 1244 1268 1298 καὶ¹
1295 1241 1574 1314 διαχρύσῳ
1628 1238 1853 1309 φωτίζει

262 1346 339 1400 τὰ
375 1344 611 1415 πέρατα,
645 1341 719 1404 ὼς
761 1340 824 1393 σύ
862 1356 927 1407 γε
969 1336 1161 1408 πρώην
1196 1335 1290 1388 ἐπὶ
1326 1333 1421 1387 τοῦ
1460 1330 1852 1404 ἀρχιερατικοῦ

265 1436 483 1510 θρόνου,
516 1432 619 1488 ὑπὸ
649 1430 890 1503 Χριστοῦ
922 1428 1015 1482 τοῦ
1047 1426 1305 1499 ἀληθινοῦ
1339 1425 1518 1494 φωτὸς
1549 1423 1851 1490 ἀνατεθεὶς,

264 1527 524 1596 καθάπερ
556 1525 614 1576 ὲν
648 1520 921 1593 αὐχμηρῷ
953 1521 1105 1590 τόπῳ
1136 1517 1214 1588 τῷ
1250 1519 1485 1585 ἀφεγγεῐ
1515 1515 1609 1568 τοῦ
1644 1516 1852 1585 κόσμου

260 1617 475 1688 χωρίῳ,
510 1615 720 1676 πάντας
755 1612 881 1674 τοὺς
920 1609 1025 1664 ὑπὸ
1058 1606 1154 1661 σοῦ
1191 1604 1854 1688 ποιμαινομένουςεπρὸς

260 1686 327 1760 τὸ
356 1686 656 1775 ἀνῦκτερον
683 1700 798 1770 φῶς
827 1698 1120 1769 δᾳδουχῶν,
1151 1694 1467 1763 διαυγάζεις
1487 1709 1501 1723 '
1535 1693 1628 1746 καὶ
1654 1686 1767 1745 οἷον
1791 1691 1855 1745 ἐκ

257 1816 411 1862 τινος
440 1796 715 1868 μετεώρου
742 1791 1039 1862 περιοπῆς,
1064 1789 1125 1842 οὐ
1158 1788 1321 1858 μόνον
1343 1786 1472 1849 τοὺς
1497 1785 1689 1853 ἐγγὺς,
1717 1784 1854 1837 ἀλλά

259 1892 361 1945 καὶ
403 1889 530 1950 τοὺς
608 1885 799 1955 στόρρω
839 1882 1218 1952 διεστηκότας,
1260 1876 1339 1948 τῷ
1382 1878 1612 1931 ἀπλανεϊ
1653 1877 1751 1947 τῆς
1794 1877 1853 1928 ὲν

259 1982 541 2050 πνεύματι
578 1977 856 2046 γνώσεως,
895 1970 1338 2043 καταπυρσεύεις
1402 1969 1744 2038 αὑγὰσματι.
1782 1966 1851 2019 Σὲ

256 2077 373 2145 γὰρ
408 2072 611 2143 ὑψηλὸν
646 2067 864 2138 ἀληθῶς
895 2068 929 2137 ὴ
968 2064 1237 2135 ἀγγελικὴ
1274 2063 1520 2116 πολιτεία
1555 2063 1847 2132 πεποίηκε.

260 2167 335 2221 Σὲ
391 2166 452 2218 τὸ
490 2162 734 2233 καθαρόν
758 2177 819 2213 τε
847 2159 940 2213 καὶ
970 2157 1305 2229 θεωρητικὸν
1330 2159 1429 2221 τῆς
1459 2156 1595 2227 πρὸς
1620 2155 1680 2208 τὸ
1708 2154 1850 2208 θεῖον

264 2254 499 2328 ἀληθοῦς
521 2252 875 2322 ἀνακράσεως
897 2248 1014 2311 ,τὰς
1036 2248 1324 2318 οὐρανίους
1348 2246 1544 2314 ἀψίδας
1569 2244 1849 2316 ὑπερπτῆ-

265 2365 360 2403 ναι
384 2346 565 2417 σχεδὸν
587 2341 1020 2414 παρεσκεύασεν.
1039 2338 1278 2392 Αὐτόθεν
1300 2354 1383 2390 σοι
1405 2336 1470 2407 δὴ
1494 2336 1589 2389 καὶ
1608 2335 1669 2388 τὸ
1694 2334 1852 2389 πολυ-

268 2437 410 2499 ειδὲς
446 2435 552 2488 τῶν
584 2434 818 2506 ἀρετῶν,
933 2430 1002 2483 τὰ
1039 2433 1138 2500 τῆς
1175 2427 1489 2499 πρακτικῆς
1527 2426 1849 2495 φιλοσοφίας

269 2528 630 2591 συνείλεκται,
657 2526 817 2596 δίκην
843 2524 1126 2594 μελίσσης,
1149 2518 1525 2589 ὲκπεριελόντι
1549 2517 1658 2571 τῶν
1679 2517 1849 2587 ἁγίων

259 2620 391 2683 τοὺς
421 2618 597 2688 βίουςο
625 2614 884 2669 κάκεῖθεν
904 2610 1287 2685 ὲρανισαμένῳ
1309 2607 1418 2663 τῶν
1442 2607 1656 2679 ἀρετῶν
1682 2609 1851 2679 ἀκρο-

212 2702 219 2705 ’
259 2710 428 2763 θίνια.
457 2709 593 2761 Τίνα
629 2706 737 2777 γὰρ
771 2704 879 2758 τῶν
914 2701 1128 2774 ἀρετῶν
1159 2701 1268 2753 τῶν
1300 2700 1472 2769 ἁγίων
1505 2699 1566 2754 οὐ
1606 2700 1851 2772 παρεξή-

258 2802 465 2864 λωσας,
509 2793 554 2852 ὣ
601 2800 818 2868 [litt-2p;
848 2797 918 2850 Ἢ
960 2794 1105 2857 τίνος
1149 2793 1262 2846 τῶν
1309 2793 1575 2861 ὑπερλίαν
1617 2793 1679 2845 οὐ
1725 2793 1848 2846 κατ’

263 2895 412 2963 ἴχνος
438 2890 738 2961 εὐώδησας,
764 2889 796 2960 ἢ
825 2891 1072 2958 κρεῖττον
1096 2887 1295 2946 εἰπεῖν,
1319 2884 1426 2936 τίνι
1446 2884 1555 2936 τῶν
1580 2886 1703 2937 κατ’
1723 2886 1849 2953 ἀρε-

260 2988 365 3058 τὴν
395 2985 707 3055 ζησάντων,
740 2979 1081 3052 ἁμιλληθεὶς,
1115 2978 1177 3030 σὲ
1206 2977 1366 3031 αὐτὸν
1394 2977 1456 3030 οὐ
1484 2978 1844 3047 παρίσωσας;

340 3078 508 3131 ’Λϐελ
549 3079 577 3129 ό
614 3076 839 3138 δίκαιος,
870 3072 962 3126 ἐπὶ
998 3074 1115 3134 τοῖς
1146 3069 1340 3139 δώροις
1378 3068 1542 3122 αὐτοῦ
1584 3070 1844 3142 ἐπῃνέθη,

264 3170 431 3232 αὐτος
473 3169 550 3234 δὲ,
591 3166 899 3221 δικαιότατε
946 3163 1149 3234 Πάτερ,
1194 3161 1368 3231 δῶρον
1410 3160 1531 3213 ὅλον
1574 3161 1635 3213 σὲ
1686 3160 1849 3214 αὐτὸν

264 3258 387 3331 Θεῷ
419 3258 494 3329 τῷ
528 3256 765 3310 ἀνεπιδεεί
796 3252 1031 3321 λογικῶς
1065 3249 1445 3311 ἀνατέθεικας.
1484 3249 1656 3320 Ἐνὼχ
1688 3250 1850 3321 ἤλπι-

267 3367 362 3403 σεν
393 3348 486 3401 ἐπὶ
516 3346 741 3418 Κύριονο
782 3343 944 3406 αὐτὸς
972 3343 1029 3396 δὲ
1059 3341 1156 3395 καὶ
1187 3339 1298 3393 τῶν
1329 3340 1853 3409 προσαποκειμένων

264 3441 501 3496 ἐλπίδων
535 3439 683 3510 ᾔδεις
724 3435 823 3498 τὰς
863 3433 1168 3500 ἀποδείξεις
1209 3434 1480 3502 ἐναργεῖς.
1511 3432 1657 3498 Ἔτι,
1686 3431 1854 3502 Ἑνὼχ

265 3532 638 3605 εὐαρεστήσας
667 3527 749 3598 τῷ
782 3527 903 3598 Θεῷ
941 3526 1226 3599 μετετέθη,
1252 3525 1414 3586 αὐτὸς
1448 3524 1505 3577 δὲ
1534 3524 1594 3576 τὸ
1621 3524 1720 3594 τῆς
1753 3524 1855 3594 ψυ-

265 3630 367 3699 χῆς
400 3627 656 3696 φρόνημα
688 3623 808 3677 ὅλον
835 3621 944 3675 ἀπὸ
974 3622 1078 3691 γῆς
1109 3622 1188 3683 είς
1221 3619 1451 3690 οὐρανὸν
1485 3620 1851 3690 μεταστήσας,

266 3721 386 3782 ὅλος
436 3738 454 3770 ι
499 3717 724 3785 ἐξέστης
762 3714 913 3784 Θεῷ,
971 3735 988 3765 ι
1037 3712 1105 3765 τὰ
1154 3713 1347 3782 ῥέοντα
1392 3710 1501 3765 τῶν
1549 3710 1851 3779 μελλόντων

268 3809 759 3877 ἀνταλλαξὰμενος.
797 3805 923 3857 Νῶε
964 3803 1172 3865 δίκαιος
1212 3800 1319 3864 ῶν,
1354 3802 1447 3853 ἐπὶ
1482 3802 1601 3863 ταῖς
1638 3800 1853 3865 θυσίαις

266 3901 628 3961 εὐαπόδεκτος
665 3898 923 3964 γέγονεν·
969 3895 1089 3947 ἐπεὶ
1131 3894 1226 3947 καὶ
1265 3895 1333 3963 τῇ
1373 3892 1603 3963 λάρνακι
1641 3892 1849 3965 ξυλίνῃ,

264 3993 422 4056 ζώων
449 3991 661 4058 ἀλόγων
687 3989 819 4059 γένη
830 3966 1063 4040 ’διέσωσε
1081 3984 1174 4039 τοῦ
1205 3985 1595 4055 κατακλυσμοῦ
1625 3987 1725 4056 τὴν
1747 3985 1851 4055 γῆν

264 4082 715 4153 συγκαλύῲαντος
737 4097 753 4111 ο
780 4079 945 4141 αὐτὸς
974 4079 1031 4131 δὲ
1059 4077 1279 4149 θύματα
1307 4079 1403 4131 καὶ
1432 4079 1604 4146 ἱερεῖα
1633 4078 1848 4146 λογικὰ,

259 4176 363 4240 τὰς
397 4173 665 4244 μυστικὰς
692 4172 948 4242 λατρείας
974 4170 1309 4242 προσφέρεις
1330 4168 1469 4237 Θεῷ,
1492 4169 1660 4240 ἄλλην
1682 4168 1849 4222 κιϐω-

258 4269 352 4322 τὸν
386 4267 600 4328 δεικνὺς
638 4265 735 4336 τὴν
768 4261 1008 4334 Χριστοῦ
1046 4261 1400 4330 Ἐκκλησίαν,
1437 4260 1691 4332 καθάπερ
1732 4261 1849 4325 ζῶα

257 4355 525 4426 πολυειδῆ
540 4355 587 4387 ’⁸
621 4356 689 4408 τὰ
724 4354 824 4423 τῆς
870 4353 1137 4422 αἱρέσεως
1174 4349 1552 4413 διασώζουσαν
1582 4352 1647 4420 τῇ
1688 4351 1847 4421 ὀρθο-

253 4450 424 4521 τομίᾳ
450 4449 559 4501 τῶν
588 4448 763 4515 λόγων
797 4463 913 4500 σου.
947 4444 1201 4514 Ἀϐραὰμ
1233 4446 1290 4497 ὲν
1319 4442 1597 4514 φιλοξενίᾳ
1626 4444 1725 4497 καὶ
1754 4460 1846 4512 φι-

252 4543 441 4613 λοθεΐᾳ
468 4539 829 4611 θαυμάζεται,
855 4539 951 4593 καὶ
980 4537 1097 4609 ἅμα
1126 4538 1274 4609 θῦμα
1300 4536 1487 4592 δεκτῦν
1512 4536 1730 4601 ἀθύτως
1753 4538 1844 4591 τὸν

1904 4088 2095 4147 ,ςηειι
2164 4077 2234 4131 ab
2303 4078 2530 4133 interitu
2594 4079 2863 4149 eripuit:

1958 688 2044 732 tas
2086 678 2218 733 fecit
2270 679 2450 736 virtus
2505 683 2726 750 claves;
2769 699 2869 740 nec
2907 690 3019 738 tete
3078 681 3382 752 qbidquam
3410 683 3543 739 boni

1958 768 2116 840 fugit,
2152 781 2436 840 pastorum
2473 774 2702 844 optime,
2743 775 3186 845 pontiﬁcumque
3210 774 3542 830 celebratis-

1957 861 2101 916 sime
2136 860 2387 918 Nicolae.
2417 864 2866 925 Pretiosissimas
2898 870 3043 925 enim
3074 882 3327 939 quasque
3363 869 3543 923 virtu-

1955 961 2061 1019 tes,
2092 956 2240 1010 velut
2265 958 2321 1012 in
2356 960 2604 1028 pretioso
2654 963 2915 1018 thesauro
2966 962 3271 1032 pellucidos
3303 962 3538 1032 lapides,

1956 1047 2013 1101 in
2045 1049 2201 1102 beata
2254 1050 2436 1105 anima
2468 1062 2562 1106 tua
2591 1054 2915 1117 condidisti,
2944 1056 3076 1112 inde
3132 1057 3389 1112 omnibus
3426 1054 3544 1112 fere

1956 1139 2059 1194 sub
2098 1141 2216 1195 sole
2249 1142 2455 1210 positis
2480 1142 2662 1200 factus
2704 1146 2850 1201 [ama
2887 1148 3262 1206 clarissimus.
3306 1148 3430 1204 Non
3459 1149 3543 1204 sic

1954 1231 2101 1284 enim
2159 1233 2388 1290 lucerna
2444 1238 2668 1293 excelso
2694 1254 2974 1311 aureaque
2999 1241 3332 1297 candelabro
3364 1241 3545 1312 impo-

1956 1321 2086 1388 sita,
2118 1323 2318 1382 domus
2370 1328 2615 1384 illustrat
2663 1330 2801 1386 lines
2841 1347 3037 1388 omnes
3095 1341 3151 1387 et
3179 1334 3450 1403 angulos;
3483 1340 3544 1388 ut

1954 1421 2037 1475 ιιι,
2071 1416 2257 1470 statim
2321 1421 2649 1489 pontiﬁcali,
2683 1438 2713 1477 a
2741 1423 2962 1479 Christo
3004 1440 3137 1480 vero
3192 1425 3286 1479 illo
3310 1426 3539 1493 lumine,

1954 1504 2168 1563 locatus
2229 1510 2455 1578 throno,
2486 1514 2637 1570 velut
2681 1516 2979 1572 tenebroso
3009 1517 3154 1583 loco,
3194 1519 3403 1573 mundo
3438 1518 3545 1572 hoc

1954 1595 2198 1653 obscuro
2236 1615 2518 1673 caecoque,
2553 1606 2810 1663 subditas
2840 1623 3037 1664 omnes
3086 1623 3240 1673 Oves,
3265 1624 3367 1665 ceu
3398 1626 3546 1680 pra!-

1955 1697 2114 1744 tensa
2148 1690 2288 1757 face,
2316 1695 2384 1749 ad
2419 1696 2606 1763 lumen
2643 1699 2858 1756 ducens
2892 1702 3074 1756 noctis
3106 1702 3383 1769 nescium,
3410 1702 3545 1757 illu-

1957 1786 2102 1837 stras
2134 1796 2241 1838 :ac
2268 1786 2420 1840 velut
2452 1787 2521 1843 de
2559 1791 2779 1846 excelsa
2824 1792 3075 1861 specula,
3108 1807 3219 1848 non
3262 1794 3330 1848 iis
3361 1793 3543 1848 solum

1955 1873 2050 1942 qui
2111 1886 2241 1931 sunt
2296 1893 2493 1948 prope,
2530 1881 2625 1935 sed
2684 1892 2739 1937 et
2768 1883 2929 1954 longe
2986 1885 3211 1953 positis,
3270 1885 3542 1955 spiritalis

1955 1966 2200 2021 scientiae
2243 1984 2376 2024 vero
2434 1972 2613 2040 radio,
2658 1975 2950 2044 praeluces.
2986 1974 3158 2032 Plane
3183 1978 3332 2032 enim
3366 1977 3544 2034 subli-

1954 2072 2096 2112 mem
2124 2059 2251 2115 l‘ecit
2286 2064 2539 2133 angelica
2568 2066 2702 2121 vitae
2750 2068 3009 2123 instituta
3043 2070 3208 2124 ratio.
3232 2067 3408 2138 Fecit,
3446 2085 3539 2125 ve.

1952 2164 2028 2203 rae
2059 2151 2125 2203 ad
2167 2150 2335 2207 Deum
2364 2156 2515 2209 velut
2557 2160 2977 2227 temperationis
3036 2161 3255 2231 puritas
3285 2168 3541 2218 contem;

1952 2239 2257 2310 platioqne,
2308 2252 2367 2297 ut
2399 2260 2535 2313 pene
2568 2248 2828 2304 cmlestes
2871 2265 3004 2306 axes
3034 2252 3220 2307 volatu
3249 2260 3541 2309 transcen-

1953 2328 2131 2383 deres.
2162 2330 2295 2386 Inde
2317 2342 2371 2387 et
2405 2334 2501 2388 tibi
2523 2336 2877 2394 multiformis
2904 2340 2998 2394 illa
3028 2341 3238 2406 virtus,
3263 2357 3394 2411 qua,
3416 2342 3540 2412 apis

1953 2420 2154 2488 instar,
2209 2433 2531 2480 sanctorum
2589 2429 2742 2484 velut
2802 2431 3109 2500 decerpens
3160 2433 3326 2497 vitas,
3359 2448 3542 2504 exque

1952 2513 2035 2568 eis
2061 2515 2326 2570 virtutum
2356 2520 2542 2589 opima
2595 2536 2920 2592 corrogans,
2948 2525 3186 2592 positam
3239 2524 3294 2579 in
3324 2526 3543 2581 actione

1953 2607 2361 2679 philosophiam
2406 2614 2652 2685 collegit.
2689 2614 2863 2681 Quam
2888 2616 3035 2671 enim
3065 2625 3389 2673 sanctorum
3427 2620 3544 2673 vir-

1954 2707 2127 2755 tutem
2160 2717 2269 2757 non
2304 2719 2365 2760 es
2394 2706 2703 2772 aemulatus,
2730 2724 2764 2761 ο
2816 2706 3021 2763 Pater?
3059 2708 3304 2775 Quemve
3360 2711 3542 2764 maxi-

1954 2805 2104 2846 mum
2145 2808 2258 2848 non
2288 2810 2319 2850 e
2349 2797 2585 2867 vestigio
2638 2797 2874 2853 feliciter
2939 2813 3169 2856 secutus
3194 2802 3292 2858 es?
3324 2801 3441 2869 Vel,
3480 2811 3544 2857 ut

1953 2883 2151 2940 melius
2183 2885 2398 2956 loquar,
2451 2905 2745 2959 quemnam
2797 2905 2989 2946 eorum
3045 2894 3140 2963 qui
3177 2894 3363 2949 vixere
3393 2910 3425 2950 e
3452 2910 3545 2950 ra-

1954 2974 2103 3030 tione
2133 2977 2377 3046 virtutis,
2422 2983 2730 3037 certamine
2769 2999 2877 3039 non
2911 2987 3189 3054 aequasti?

2022 3069 2155 3123 Abel
2184 3070 2273 3125 ille
2293 3071 2483 3139 justus
2502 3080 2724 3142 propter
2747 3089 2975 3129 munera
3008 3075 3222 3131 laudem
3249 3078 3451 3132 meruit
3472 3088 3539 3141 p;

1954 3171 2008 3214 tu
2035 3172 2239 3229 autem,
2268 3165 2429 3219 Pater
2461 3164 2794 3234 iustissime,
2827 3179 3002 3223 totum
3043 3178 3117 3235 te,
3149 3171 3260 3224 Deo
3289 3172 3379 3240 qui
3411 3171 3538 3224 nul-

1880 3268 1921 3324 ο
1957 3254 2064 3308 lius
2092 3263 2238 3324 eget,
2289 3257 2548 3311 rationali
2591 3274 2819 3315 munere
2859 3262 3229 3317 consecrasti;
3263 3263 3447 3315 Enoch
3484 3262 3541 3316 in

1957 3343 2192 3401 Domino
2230 3346 2761 3420 speravit(61)<t;tu
2785 3361 2965 3406 autem
2980 3353 3148 3406 etiam
3188 3366 3384 3409 eorum
3418 3366 3543 3422 quae

1957 3436 2011 3489 in
2054 3452 2151 3506 spe
2182 3439 2420 3508 reposita
2438 3448 2623 3496 essent
2651 3441 3018 3499 exhibitiones
3050 3443 3340 3513 perspicue
3370 3458 3542 3499 nove-

1956 3542 2066 3583 ras.
2095 3528 2387 3598 Praeterea,
2421 3530 2610 3586 Enoch
2646 3547 2770 3586 cum
2800 3531 2911 3587 Deo
2930 3533 3253 3603 placuisset,
3290 3532 3542 3588 transla-

1956 3626 2044 3672 tus
2081 3627 2167 3673 est
2199 3629 2264 3671 τε
2300 3629 2356 3673 ιιι
2399 3629 2583 3676 autem
2623 3630 2737 3676 toto
2786 3624 2956 3677 animi
3002 3639 3170 3679 sensu
3223 3640 3255 3679 e
3303 3626 3538 3680 terrain

1956 3710 2157 3764 malum
2194 3712 2489 3789 translato,
2526 3713 2669 3768 ﬂuxa
2737 3714 2854 3769 lucc
2889 3714 3098 3770 futuris
3152 3726 3502 3770 commutans
3525 3758 3539 3780 ,

1955 3808 2104 3856 totus
2144 3820 2162 3853 ι
2197 3804 2487 3858 excessisti
2520 3803 2627 3859 Deo
2655 3808 2737 3859 ⁸.»
2773 3804 2886 3862 Noe
2914 3807 2995 3859 γει
3021 3806 3210 3879 justus
3241 3806 3297 3861 in
3337 3808 3541 3863 oblatis

1953 3893 2194 3950 victimis
2220 3905 2481 3964 acceptus
2509 3894 2611 3950 fuit
2632 3897 2651 3934 ι
2681 3914 2696 3962 ;
2724 3897 2868 3951 unde
2894 3907 2948 3952 et
2973 3898 3262 3952 brutarum
3287 3899 3541 3951 animan-

1954 3985 2089 4039 tium
2133 3987 2372 4057 species,
2404 3988 2613 4043 diluvio
2652 3998 2859 4043 terram
2907 3989 3238 4056 inundante,
3308 4006 3438 4045 arca
3468 3992 3541 4044 li-

2919 4091 2976 4135 ιιι
3036 4090 3222 4135 autem
3284 4082 3539 4136 victimas

1950 4169 2250 4225 rationales
2298 4171 2572 4226 saeriticia
2604 4172 2881 4241 Spiritalia
2932 4171 3045 4228 Deo
3082 4172 3342 4239 oﬂ‘erens,
3389 4174 3541 4229 velut

1951 4274 2134 4316 aream
2163 4260 2326 4316 aliam
2360 4263 2586 4318 exhibes
2620 4263 2715 4318 Dei
2749 4262 3054 4319 Ecclesiam
3082 4282 3099 4330 ;
3152 4279 3283 4334 qua.
3316 4274 3535 4319 tuorum

1904 4380 1907 4385 ‹
1951 4366 2269 4407 sermonum
2296 4368 2433 4409 sana
2479 4354 2759 4420 doctrina,
2789 4369 2889 4409 ceu
2920 4356 3276 4410 diversarum
3321 4359 3527 4425 specic~

1949 4460 2071 4498 rum
2132 4445 2414 4510 animalia,
2482 4445 2867 4502 haereticorum
2904 4446 3111 4502 diversi
3167 4455 3348 4503 cretus
3396 4449 3533 4503 salvi

1951 4536 2102 4590 ﬂant.
2145 4537 2421 4592 Abraham
2457 4536 2857 4606 hospitalitatis
2877 4538 3100 4595 nomine
3120 4548 3177 4595 et
3208 4539 3434 4610 pietatis
3474 4541 3532 4594 in

249 4636 311 4702 ἐξ
341 4608 672 4702 ἐπαγγελίας
700 4633 815 4686 υἱον
844 4608 1144 4703 προσάγων
1172 4608 1312 4700 Θεῷ,
1336 4631 1840 4700 μακαρίξεται·αὺο

1952 4627 2119 4684 Deum
2151 4628 2588 4684 admirationem
2616 4631 2779 4686 habet
2805 4644 2854 4697 ιι,
2895 4631 3181 4702 ﬁliumque
3207 4608 3531 4702 susceptum

247 4726 348 4790 τὸς
378 4724 458 4791 δὲ,
492 4724 726 4795 Χριστὸν
756 4722 917 4777 αὐτὸν
949 4721 1193 4791 ξενάγεις
1225 4720 1419 4774 ἐσθίων
1449 4721 1574 4774 καθ’
1598 4722 1833 4792 ἡμέραν,

249 4815 398 4890 [καὶ]
426 4816 806 4887 πνευματικῆς
839 4815 1155 4886 μεταδιδοὺς
1182 4812 1467 4886 τραπέζης
1490 4815 1618 4876 τοὺς
1645 4816 1836 4882 ἐντυγ-

245 4911 517 4980 χάνοντας
540 4924 556 4940 ο
589 4908 685 4962 καὶ
716 4908 840 4980 θύῃ,
871 4909 933 4960 οὐ
961 4908 1054 4960 τὸν
1082 4907 1365 4977 ἀγαπητὸν
1392 4908 1526 4971 υἱὸν,
1555 4907 1587 4977 ἢ
1621 4907 1832 4977 πρόϐα·

319 5097 343 5118 °
370 5085 607 5157 Philipp.
648 5087 895 5157 u.15._
933 5095 960 5134 P
998 5081 1139 5139 Gen.
1171 5100 1249 5157 tv.
1286 5083 1343 5137 4.
1422 5093 1449 5133 ιι
1479 5082 1617 5139 Gen.
1648 5098 1702 5148 ν,
1742 5083 1835 5139 24.

244 5169 276 5197 ιι
311 5157 452 5213 Gen.
484 5152 640 5225 x'viu,
675 5158 732 5211 2.
805 5167 835 5196 ν
859 5152 998 5211 Gen.
1028 5170 1166 5219 χιιι,
1198 5154 1274 5213 16.
1422 5160 1423 5169 ‘

320 5298 368 5332 ’°
393 5298 556 5352 λείπ.
580 5313 654 5354 τι.

1918 5094 1940 5121 τ
1976 5088 2142 5143 Hebr.
2161 5102 2236 5150 ιιι,
2274 5086 2328 5139 5.

1949 4736 2013 4776 ex
2068 4723 2522 4791 repromissione,
2592 4724 2877 4779 victimam
2967 4725 3092 4779 sine
3152 4724 3529 4781 immolatiom

1946 4821 2251 4883 acceptam,
2304 4813 2418 4870 Deo
2466 4814 2727 4881 θεοὶ-οπο,
2760 4817 2956 4873 beatus
2989 4816 3328 4887 praedicatur
3352 4827 3420 4885 ν,
3468 4823 3524 4869 ιιι

1943 4916 2148 4971 autem,
2205 4907 2550 4962 manducans
2615 4909 2869 4979 quotidie
2929 4909 3066 4981 (62),
3119 4918 3282 4980 atque
3316 4925 3412 4965 eos
3437 4910 3533 4979 qui

2410 5092 2430 5118 '
2466 5085 2509 5141 ll
2542 5087 2671 5142 Cor.
2721 5104 2775 5153 v,
2831 5091 2920 5145 l5.
3027 5092 3047 5128 ί
3082 5090 3219 5149 Gen.
3289 5110 3407 5163 vm,
3436 5092 3527 5149 ει.
3566 5160 3573 5172 ‘

1522 5225 1756 5282 VARUS
1797 5229 2180 5286 LECTIONES

1524 5358 1919 5420 COMBEFISII
1949 5364 2183 5421 ΝΟΤᾹΞ.

323 5481 432 5553 (60)
476 5480 580 5553 Qui
633 5480 846 5553 verbum
895 5480 1016 5531 ultre
1069 5476 1361 5553 contineas,
1408 5483 1536 5553 etc._
1574 5476 1645 5532 Ut
1680 5481 1825 5549 apud

241 5546 507 5626 Paulum,
555 5551 633 5626 ita
678 5550 815 5626 hic,“
848 5555 1033 5626 potest
1059 5546 1405 5626 participium
1450 5546 1825 5626 referrentuin

239 5639 409 5694 quem
432 5622 730 5694 alloquitur
752 5618 1058 5694 Nicolaum,
1082 5625 1196 5694 tum
1221 5618 1511 5685 φωστῆρα,
1534 5618 1625 5694 cui
1646 5619 1826 5687 ipsum

240 5686 843 5772 comparat.'lieferunt
866 5686 982 5743 fere
1006 5686 1163 5769 Pauli
1184 5687 1513 5754 interpretes
1542 5689 1610 5743 ad
1642 5704 1829 5757 perso-

240 5780 350 5821 nas
376 5771 431 5818 et
483 5761 863 5830 Philippenses
911 5772 1054 5829 quos
1109 5756 1392 5826 dilaudat,
1430 5771 1595 5827 quem
1634 5768 1688 5814 et
1721 5775 1827 5816 nos

240 5781 350 5821 nas
376 5781 431 5818 et
483 5781 863 5826 rnlllppenses
911 5781 1054 5826 quos
1109 5781 1392 5826 uttauuat,

238 5847 468 5893 sensum
496 5833 671 5887 secuti
709 5843 922 5886 sumus.

318 5904 431 5976 (6t)
465 5900 649 5958 Enoch
671 5901 728 5955 in
772 5898 996 5954 Domino
1020 5898 1271 5968 speravit.
1302 5900 1624 5966 Apostolus,
1656 5897 1823 5956 Hebr.

521 5996 792 6057 PATBOL.
839 5993 956 6053 GR.
987 5993 1226 6056 XCVII.

1938 5483 2168 5558 xt,_tidei
2196 5483 2427 5553 tribuit;
2463 5503 2651 5543 verum
2708 5503 2817 5541 non
2876 5488 3122 5544 excludit
3169 5504 3345 5558 spem,
3400 5504 3521 5555 qum

1937 5563 1991 5608 et
2021 5553 2493 5629 ipsanecessaria
2531 5558 2634 5613 fuit
2661 5567 2719 5613 ut
2744 5560 2984 5628 placeret
3023 5559 3155 5623 Deo,
3186 5553 3521 5629 plurimum-

1937 5639 2047 5699 que
2079 5625 2254 5679 valuit
2278 5626 2347 5680 ad
2386 5629 2506 5696 ejus
2533 5625 2978 5694 translationem,
3013 5630 3163 5685 velut
3186 5625 3297 5685 viri
3338 5631 3430 5699 qui
3455 5646 3522 5684 ea

1938 5694 2236 5766 subvectus
2264 5711 2329 5750 ac
2354 5694 2503 5754 totus
2537 5701 2858 5756 caelestibus
2885 5701 3128 5766 inhians,
3162 5700 3254 5755 vix
3279 5694 3388 5756 non
3419 5701 3524 5754 hu—

1938 5764 2141 5840 manis,
2165 5766 2351 5840 adhuc
2380 5783 2612 5840 corpore
2638 5772 2850 5836 vivens,
2874 5764 3185 5828 excessisse
3215 5772 3518 5827 videretur.

1988 5834 2495 5913 _(62)_Mar_tducan£
2536 5840 2789 5910 quotidie.
2838 5834 3070 5896 Ἕσθίων
3126 5840 3251 5896 καθ’
3282 5842 3512 5913 ἡμέραν.

1943 5903 2036 5958 Pia
2084 5904 2377 5963 admodum
2431 5903 2668 5983 veraque
2722 5913 3119 5970 consideratio.
3179 5913 3253 5967 Ea
3293 5903 3518 5984 pit-tato,

3124 6006 3199 6070 38
