3950 6488
513 465 664 534 ’1195
1719 471 1780 533 S.
1816 467 2146 530 ANDRE/E
2176 465 2607 529 CRETENSIS
3631 466 3738 535 1196

523 582 752 643 adeunt,
811 578 1042 649 mystica
1091 591 1155 631 ac
1197 576 1433 647 spiritali
1508 590 1698 632 mensa
1750 576 2083 645 impertiens

2203 590 2295 627 τον
2327 573 2442 625 ἀντ’
2465 573 2633 627 αὑτοῦ
2675 575 3187 646 συνεισφερόμενον,
3243 574 3354 630 ἀλλ’
3376 576 3489 632 ὅλον
3522 577 3574 633 σὲ
3609 581 3738 636 αὐτὸν

514 671 801 725 Christum
849 650 1030 739 ipsum
1079 668 1322 738 hospitio
1391 667 1646 738 excipis;
1682 668 2074 737 sacriﬁcasque

2206 663 2283 733 τῷ
2318 664 2438 735 Θεῷ
2479 664 2770 736 προσάγων
2804 666 3101 732 διαπαντὸς
3137 667 3519 741 όλοκάρπωμα,
3551 673 3634 725 καὶ
3663 674 3742 745 τὴν

512 778 630 818 non
659 761 923 816 dilectum
959 760 1159 823 lilium,
1190 771 1286 816 aut
1320 762 1544 816 interim
1584 760 1709 831 ejus
1740 760 1865 815 loco
1903 759 1961 814 in
1987 774 2072 815 me

2207 753 2433 808 σεαυτοῦ
2489 754 2671 827 ψυχὴν
2718 756 2860 828 ὑπὲρ
2916 756 3026 811 τῶν
3081 758 3372 830 προϐάτων
3418 760 3743 829 εὐαγγελικῶς

518 854 672 909 dium
723 853 1001 908 inductam
1029 868 1185 909 ovem
1213 870 1227 920 ;
1260 853 1356 909 sed
1385 853 1526 925 ipse,
1568 862 1641 918 te,
1674 858 1853 906 totum
1889 850 2078 922 jugite‘

2205 847 2547 918 προῖέμενος.
2575 848 2763 903 Ἰσαὰκ
2806 849 3127 922 δικαιοσύνη
3168 850 3481 917 δοξάζεται’
3524 853 3666 918 αὐτὸς
3700 856 3746 909 δὲ

511 943 629 999 Deo
662 943 1048 999 holocaustum
1076 944 1344 1009 oll‘er‘ens,
1378 958 1445 999 ac
1467 958 1568 999 ceu
1606 942 1904 1015 Evangelio
1927 940 2071 997 inl‘or

2224 935 2459 1008 ιαθάπερ
2488 953 2573 1001 τις
2604 939 2786 992 κανὼν
2813 939 3162 1011 δικαιοσύνης
3190 942 3465 1013 πανταχοῦ
3489 943 3749 1015 διατρέχων
3781 928 3784 934 ’

512 1044 722 1106 mante,
750 1043 901 1090 tuam
939 1034 1118 1105 ipsius
1160 1035 1403 1090 animam
1431 1049 1534 1104 pro
1563 1033 1760 1090 ovibus
1792 1032 2018 1088 tradens
2051 1040 2072 1067 ¹

2203 1027 2263 1081 ὲν
2296 1028 2597 1099 πνεύματι,
2631 1031 2729 1085 σὺν
2758 1032 3050 1104 παρρησίᾳ
3082 1033 3253 1105 πολλῇ
3287 1035 3414 1097 τοὺς
3444 1034 3635 1089 ἀδικεῖν
3658 1036 3751 1090 ὲθέ·

501 1126 667 1185 Ἰειιιιο
713 1126 942 1198 iustitiae
989 1126 1156 1182 titulo
1205 1126 1564 1203 celebratur;
1621 1132 1683 1180 tu
1740 1133 1947 1189 autem,
1996 1138 2061 1178 ce

2204 1118 2402 1184 λοντας
2434 1122 2674 1193 ἐπέχεις,
2693 1123 3033 1194 ὀνειρώττων
3062 1126 3392 1197 καταφανῶς
3420 1128 3511 1181 καὶ
3540 1128 3752 1196 βασιλέας

513 1218 764 1289 quaedam
813 1217 1044 1288 justitiae
1093 1217 1288 1287 regula
1315 1216 1527 1287 ubique
1556 1216 1612 1270 in
1655 1215 1854 1287 spiritu
1885 1215 2073 1271 discur

2203 1212 2595 1277 καθεύδοντας.
2621 1214 2820 1268 Ἰακὼὸ
2844 1216 3110 1288 ἁπλότητι
3140 1220 3380 1290 τρόπων,
3410 1219 3503 1274 καὶ
3528 1219 3753 1273 πολυπαι-

382 1340 388 1347 ι
496 1327 668 1371 mens.
718 1311 890 1365 multa
947 1311 1205 1365 libertate
1272 1309 1522 1364 volentes
1583 1308 1853 1379 injuriam
1917 1307 1942 1361 l‘:

2201 1304 2290 1376 δίᾳ
2316 1305 2523 1360 τέκνων
2548 1306 2795 1378 ἀοίδιμος
2816 1323 2829 1339 ·
2931 1310 3024 1362 καὶ
3056 1308 3263 1380 κλίμαξ
3289 1310 3499 1381 ἑωρᾶτο
3523 1311 3597 1374 είς
3619 1311 3753 1381 οὐρα-

506 1402 793 1473 reprimis,
825 1403 980 1472 ipsos
1011 1401 1178 1456 etiam
1222 1401 1586 1471 imperatores
1616 1401 1770 1455 clara
1800 1401 1855 1454 in
1886 1400 2065 1455 somni

2202 1398 2327 1461 νοῦς
2360 1396 2672 1465 φθάνουσα,
2711 1399 3012 1471 μυστηρίου
3050 1388 3299 1469 μείζονος
3334 1401 3516 1455 εἰκόνα
3546 1402 3753 1474 προγρά-

496 1496 726 1552 ‘visione
755 1492 1089 1549 informans.
1127 1491 1322 1558 Jacob,
1362 1507 1583 1549 morum
1642 1492 1998 1563 simplicitate
2035 1507 2056 1544 a

2203 1504 2401 1556 φουσα.
2449 1488 2625 1552 Αὐτὸς
2653 1489 2711 1542 δὲ
2741 1489 2948 1557 γεννῶν
2973 1493 3354 1562 πατριάρχας,
3381 1493 3475 1545 καὶ¹
3500 1495 3750 1564 ποιμένας,

476 1599 805 1640 "numerosa
832 1583 988 1654 prole
1038 1583 1302 1653 inclytus,
1352 1583 1523 1638 etiam
1547 1583 1753 1637 scalam
1799 1581 1868 1636 ad
1891 1584 2036 1636 cmlu

2202 1580 2299 1632 ttat
2343 1580 2576 1650 ποίμνια
2616 1581 2693 1652 τῷ
2739 1601 2757 1633 ι
2812 1582 3165 1655 άρχιποιμένι
3214 1604 3233 1637 ι
3281 1585 3521 1658 Χριστῷ,
3563 1580 3753 1657 παρ⁹κοῖι

510 1677 940 1747 pertingentem,
988 1672 1218 1743 majoris
1261 1672 1594 1729 sacramenti
1633 1672 1928 1743 imaginem
1971 1679 2070 1742 typt

2203 1672 2299 1724 καὶ
2325 1672 2421 1744 τὴν
2448 1672 2688 1745 ποίμνην
2706 1674 3062 1746 ὲπιστεύθης,
3083 1677 3186 1728 οὐκ
3210 1675 3424 1741 ἐλιπας,
3455 1696 3475 1728 ι
3504 1677 3753 1741 ἀναϐάσεις

508 1768 890 1832 exhibentem,
922 1765 1062 1821 vidit
1085 1774 1115 1816 1
1144 1781 1158 1817 :
1189 1772 1250 1821 tu
1294 1773 1499 1829 autem,
1526 1780 1660 1820 vero
1685 1764 1762 1819 illi
1801 1783 1820 1816 ι
1852 1762 2068 1833 Princip

2201 1767 2262 1817 ὲν
2289 1768 2359 1836 τῇ
2391 1765 2593 1837 καρδία
2620 1766 2871 1835 θέμενος,
2905 1785 2924 1818 ι
2952 1768 3047 1821 καὶ
3075 1762 3188 1821 οἷον
3217 1770 3282 1822 ἐκ
3317 1767 3526 1840 βαθμοῦ
3555 1771 3628 1833 είς
3654 1769 3754 1840 βαθ-

508 1869 797 1931 pastorum
832 1867 855 1896 ι
886 1878 905 1911 ι
948 1857 1195 1924 Christo,
1256 1872 1287 1912 a
1332 1871 1443 1927 quo
1497 1865 1551 1911 et
1624 1857 1767 1911 ovile
1821 1855 2068 1910 credituu

2205 1855 2336 1926 μὸν,
2376 1856 2453 1919 ὡς
2493 1856 2605 1910 ἀπὸ
2640 1857 2801 1929 δόξης
2843 1859 2924 1919 εἰς
2964 1857 3125 1924 δόξαν
3162 1861 3656 1930 μεταποιούμενος·
3684 1862 3751 1914 καὶ

509 1952 848 2022 accepisses,
908 1950 1280 2021 patriarchas,
1329 1956 1693 2020 pastoresque
1726 1959 1780 2004 et
1837 1963 1992 2013 oves,
2015 1949 2065 2018 gi

2198 1948 2306 2002 ἀπὸ
2336 1949 2439 2018 γῆς
2471 1950 2551 2011 εἰς
2581 1949 2870 2019 οὐρανοὺς,
2902 1948 3260 2020 θεωρητικῶς
3291 1952 3636 2023 ἀναγόμενος.
3662 1951 3751 2005 Ίὼσ

504 2056 679 2111 gnere
740 2055 849 2096 non
900 2039 1159 2104 cessasti,
1224 2056 1241 2088 ι
1292 2038 1654 2094 ascensiones
1686 2037 1741 2090 in
1781 2044 1880 2089 tuo
1939 2034 2064 2089 cord

2209 2042 2302 2095 ἐπὶ
2329 2041 2559 2113 ἀκακία,
2616 2043 2709 2095 καὶ
2741 2042 2871 2114 περὶ
2900 2044 2970 2096 τὰ
2998 2043 3053 2096 δε
3065 2042 3151 2096 ινά
3180 2044 3452 2117 καρτερίᾳ
3506 2044 3751 2115 περιφανὲ-

489 2146 721 2203 οιιοιιθιιε
749 2142 797 2197 ι,
829 2149 846 2182 ι
886 2144 953 2185 ac
982 2129 1136 2184 velut
1167 2144 1196 2182 a
1231 2128 1409 2199 gradu
1450 2129 1505 2182 in
1537 2129 1794 2197 gradum,
1837 2133 2044 2194 tanqua

2209 2150 2405 2198 στατος
2426 2150 2438 2162 ⁸
2460 2132 2621 2198 αὐτὸς
2637 2133 2694 2186 δὲ
2729 2134 2852 2204 οὐχὶ
2885 2135 2981 2188 καὶ
3010 2135 3202 2189 τοῦτον
3230 2136 3516 2208 ἡμελήθης
3546 2135 3751 2207 παραζη⁴

507 2240 538 2279 a
573 2225 753 2296 gloria
815 2229 1229 2276 transmutatus
1280 2222 1333 2274 in
1369 2220 1638 2291 gloriam;
1690 2228 1861 2287 atque
1899 2232 1929 2272 e
1958 2224 2067 2271 terr

2206 2224 2404 2285 λῶσαι,
2430 2228 2552 2286 ταῖς
2581 2224 2911 2299 προσϐολαῖς
2939 2224 2996 2276 δὲ
3028 2225 3104 2296 μὴ
3133 2226 3498 2297 κατεσείσθης
3522 2225 3623 2279 τῶν
3642 2225 3749 2295 αἱρέ-

506 2315 996 2386 contemplatione
1056 2314 1361 2369 subvectus
1409 2312 1464 2366 in
1525 2314 1751 2367 caelum.
1784 2310 1890 2364 Job
1943 2310 2066 2363 inut

2208 2334 2367 2380 σεων,
2384 2318 2592 2369 ἀνεῖναι
2613 2317 2815 2385 μᾶλλον
2828 2317 3165 2388 προθέμενος
3181 2316 3259 2389 τῷ
3279 2317 3475 2390 πύργῳ
3492 2316 3746 2389 προσρῆξαι

482 2410 718 2472 'ccntia,
787 2405 1028 2476 fortique
1059 2405 1115 2458 in
1169 2404 1337 2459 malis
1393 2403 1739 2464 constantia,
1782 2402 2042 2456 illustriss

2324 2408 2566 2477 κύματα,
2606 2408 2639 2477 ἦ
2683 2408 2787 2461 πού
2835 2425 2888 2461 τι
2938 2408 3240 2481 πληθῆναι
3282 2409 3381 2463 τοῦ
3428 2408 3742 2483 θησαυρίσμα·
3846 2480 3850 2487 ⁸

486 2513 634 2553 'mus
690 2505 776 2551 est
815 2512 830 2548 :
866 2503 1081 2550 tantum
1117 2509 1251 2548 vero
1283 2495 1444 2549 abest
1475 2503 1534 2548 ιιι
1563 2503 1619 2549 et
1657 2493 1780 2565 ejus
1841 2490 2039 2545 imitati

2204 2518 2318 2564 τος.
2338 2500 2533 2572 Ἰωσὴφ
2551 2501 2644 2552 ἐπὶ
2664 2501 2993 2575 σωφροσύνῃ
3013 2504 3108 2556 καὶ
3131 2502 3409 2573 σιτοδοσίᾳ
3433 2521 3500 2558 πε
3509 2502 3746 2575 ριόόητος·

509 2606 638 2646 nem
693 2589 1027 2655 neglexeris,
1058 2596 1117 2642 ut
1149 2600 1332 2656 neque
1372 2586 1768 2661 haereticorum
1822 2587 2069 2642 macltini

2207 2590 2370 2653 αὐτὸς
2410 2591 2465 2645 δὲ
2508 2590 2629 2644 ὅλον
2665 2593 2863 2647 σαυτὸν
2898 2592 3258 2664 σωφροσύνης
3277 2595 3324 2627 ⁸⁷
3359 2595 3659 2665 εἰκόνισμα,
3686 2592 3750 2645 καὶ

482 2692 821 2740 commotus
853 2681 932 2735 sis
962 2694 1028 2734 ac
1061 2688 1388 2750 quassatus,
1428 2681 1522 2750 qui
1562 2679 1830 2734 malueris
1866 2690 1925 2735 ut
1952 2682 2039 2737 vel

2207 2680 2510 2745 σιτοδοσίας
2552 2682 2903 2753 ὲμπόρευμα,
2937 2684 3005 2754 τῇ
3043 2684 3287 2755 ἐπαρχίᾳ
3327 2684 3566 2749 Λυκίων,
3602 2683 3668 2754 τῷ
3696 2683 3751 2736 δι-

484 2776 579 2831 ιιιιι
611 2776 811 2831 turritn
871 2773 974 2829 feri
1006 2773 1211 2828 (luctus
1256 2771 1647 2837 alliderentur,
1679 2788 1847 2842 quam
1879 2783 1939 2827 ut
1967 2790 2040 2844 qu

2203 2773 2512 2842 δασκαλείῳ
2573 2775 2673 2843 τῆς
2751 2774 3083 2845 μελικράτου
3140 2778 3331 2847 φωνῆς
3404 2777 3749 2849 ὲχρημάτισας.

485 2869 795 2931 thesauro,
877 2866 1061 2938 praeda
1146 2863 1463 2921 decederet.
1542 2862 1750 2937 Joseph
1840 2866 2040 2919 castita

2205 2864 2445 2932 Μωῦσῆς
2477 2865 2571 2917 ἐπὶ
2606 2865 2880 2935 πραότητι
2919 2866 3013 2919 καὶ
3046 2865 3177 2919 λαοῦ
3211 2867 3509 2939 νομοθεσίᾳ
3541 2864 3752 2938 κηρύττε-

505 2974 846 3031 annonaque
880 2959 1109 3044 provisa
1139 2958 1357 3013 clarum
1384 2957 1592 3028 ubique
1624 2973 1821 3014 nomen
1872 2957 2037 3011 habet

2203 2974 2326 3020 ται,
2372 2956 2467 3009 καὶ
2510 2955 2631 3019 θεὸς
2672 2956 2908 3025 Φαραὼ,
2949 2956 3048 3010 καὶ
3088 2956 3184 3010 τοῦ
3216 2958 3436 3031 Ἰσραὴλ
3476 2954 3752 3030 δημαγωγὸς

507 3067 564 3107 ιιι
598 3060 783 3107 autem
822 3058 997 3106 totum
1032 3058 1086 3105 te
1107 3048 1382 3104 castitatis
1432 3047 1736 3104 exhibuisti
1770 3048 2051 3117 specimen

2203 3050 2585 3119 ἀναγράφεται
2611 3065 2624 3078 ·
2658 3048 2818 3111 αὐτὸς
2847 3048 2925 3113 δὲ,
2961 3049 3220 3103 πανὸλόιε
3256 3051 3463 3123 Πάτερ,
3494 3052 3653 3123 πρᾶος
3681 3047 3752 3118 μὲν

504 3159 571 3198 ac
612 3142 839 3198 mellita:
881 3141 1083 3211 linguae
1140 3139 1357 3206 schola,
1390 3152 1627 3194 annonae
1660 3137 1977 3208 emporium
2013 3136 2062 3190 fa

2200 3142 2313 3203 τοῖς
2344 3141 2512 3205 πᾶσι,
2546 3138 2781 3211 φοϐερὸς
2812 3139 2870 3193 δὲ
2899 3144 3009 3203 τοῖς
3044 3141 3461 3212 ἁμαρτάνουσι,
3495 3135 3752 3210 νομοθετῶν

488 3243 634 3292 ‘etus
669 3250 730 3290 es
779 3233 1081 3304 provinciae
1106 3232 1311 3304 Lyciae.
1347 3231 1571 3303 Moyses
1602 3230 1831 3286 lenitate
1882 3229 2048 3300 popul

2200 3232 2366 3285 παντὶ
2398 3232 2474 3301 τῷ
2507 3230 2624 3301 λαῷ
2655 3231 2764 3285 τῶν
2792 3233 3015 3301 φαύλων
3045 3232 3358 3302 ἀπέχεσθαι
3392 3233 3658 3304 πράξεων,
3684 3227 3753 3282 καὶ

501 3342 615 3398 que
647 3324 1016 3397 legislatione,
1050 3323 1255 3381 celebri
1299 3322 1583 3392 praeconio
1622 3320 1891 3383 habetur;
1927 3319 2061 3375 deus

2204 3325 2304 3386 τὰς
2338 3324 2449 3377 τῶν
2489 3324 2679 3377 παθῶν
2709 3325 3109 3390 ἐπαναστάσεις
3128 3365 3144 3391 ,
3175 3328 3251 3389 ὡς
3290 3326 3463 3398 ἄλλην
3487 3322 3754 3397 Φαραώνιον

502 3436 618 3492 que
674 3419 1010 3483 Pharaonis,
1058 3428 1112 3474 et
1170 3416 1394 3472 lsraelis
1450 3415 1674 3479 ductor,
1707 3412 2049 3469 describitur

2205 3415 2439 3485 δύναμιν
2459 3456 2471 3477 ,
2508 3415 2846 3487 ὑποϐρύχιον
2872 3416 2950 3487 τῷ
2977 3416 3208 3485 πελάγει
3235 3417 3348 3471 τῶν
3382 3418 3490 3474 σῶν
3518 3414 3753 3485 κατορθω-

503 3522 567 3568 ιιι
602 3519 808 3577 autem,
844 3511 1178 3567 beatissime
1234 3510 1422 3572 Pater,
1462 3521 1788 3579 quanquam
1825 3505 2063 3561 terribili

2211 3506 2398 3575 μάτων
2430 3507 2776 3577 ποιοᾷμενος.
2807 3507 3005 3573 Δαδὶδ,
3034 3511 3320 3577 γενναῖος,
3350 3510 3446 3564 καὶ
3474 3510 3563 3563 τὸν
3587 3505 3755 3578 ὑπερή-

503 3600 895 3673 peccantibus,
940 3599 1204 3655 omnibus
1264 3597 1416 3653 fuisti
1478 3597 1642 3663 lenis,
1696 3596 2063 3652 abstinentiar

2208 3611 2379 3664 φανον
2426 3595 2658 3661 Γολιὰθ,
2730 3600 2797 3669 τῇ
2843 3597 2938 3651 τοῦ
2986 3596 3306 3669 πνεύματος
3375 3597 3637 3669 πανοπλία
3667 3611 3753 3666 χειε

506 3710 539 3747 a
594 3693 759 3749 malis
818 3691 1042 3748 actibus
1102 3690 1311 3762 populo
1386 3688 1651 3745 universo
1700 3687 2066 3758 praescribens

2210 3684 2510 3756 ρούμενοςο
2560 3687 2913 3757 ἰσχυρότατος
2959 3687 3056 3741 καὶ
3096 3687 3298 3754 αὐτὸς,
3342 3689 3437 3743 τὸν
3475 3689 3650 3759 νοητὸν
3687 3683 3755 3738 καὶ

506 3786 979 3854 insurgentesque
1035 3782 1266 3837 vitiosos
1299 3792 1506 3847 motus,
1551 3779 1704 3835 velut
1733 3779 1897 3834 aliam
1954 3776 2066 3832 Pba

2206 3777 2609 3849 ψυχοτύραννον
2640 3779 2765 3834 καθ’
2783 3780 3000 3851 ἡμέραν
3025 3781 3427 3852 τροπούμενος.
3460 3783 3553 3835 καὶ⁵
3576 3779 3664 3849 τῆς
3687 3776 3754 3828 λοι

506 3875 699 3929 raouis
730 3873 991 3928 virtutem
1014 3872 1461 3942 exercitumque,
1489 3869 1844 3942 egregiorum
1874 3876 2066 3924 tuorum

2208 3873 2373 3941 γικῆς
2405 3870 2498 3924 τοῦ
2533 3871 2777 3944 Χριστοῦ
2817 3872 3057 3942 ποίμνης
3091 3872 3219 3937 τοὺς
3254 3875 3565 3944 αίρετικοὺς
3597 3871 3753 3927 λύκους

506 3981 740 4038 operum
802 3965 998 4036 pelago
1027 3964 1411 4035 submergens.
1470 3963 1641 4018 David
1710 3971 1977 4019 strenuus
2012 3978 2066 4019 su

2207 3960 2564 4030 ἀποδιῶκων,
2593 3965 2723 4027 τοὺς
2756 3964 3017 4035 ἅρπαγας
3036 4006 3052 4031 ,
3085 3964 3232 4019 οὕτω
3264 3966 3344 4038 τῷ
3377 3965 3650 4034 καταλόγῳ
3674 3960 3755 4014 τῶν

505 4059 738 4128 perbum
793 4050 1015 4112 Goliath
1065 4056 1299 4127 spiritus
1357 4063 1641 4110 armatura
1705 4055 1913 4110 occidit
1950 4071 1964 4109 :
1999 4069 2065 4110 se

2206 4053 2432 4107 δικαίων
2454 4052 2588 4125 εὗση
2599 4071 2724 4126 μον,
2749 4056 2844 4108 καὶ
2868 4054 2975 4107 τῶν
3001 4055 3321 4126 προφητῶν,
3346 4056 3570 4111 σεαυτὸν
3587 4052 3665 4106 διὰ
3680 4048 3756 4116 τῆς

504 4161 560 4208 ct
594 4153 718 4224 ipse
778 4149 1124 4206 fortissimus
1196 4147 1509 4218 spiritalem
1544 4146 1725 4201 —illum
1779 4145 2064 4202 animarur

2207 4146 2524 4216 πρακτικῆς
2567 4147 2771 4216 ἀρετῆς
2815 4146 3066 4216 ἐνειρας,
3108 4139 3153 4199 ὦ
3204 4148 3468 4219 ἱερώτατε
3496 4164 3509 4177 ·
3554 4145 3640 4200 καὶ
3674 4141 3756 4194 τῶν

505 4255 807 4317 tyrannum
861 4241 1114 4314 quotidie
1165 4239 1386 4311 fugatis,
1453 4239 1731 4309 lnposquc
1783 4239 2065 4295 haereticos

2213 4236 2336 4305 μὲν,
2363 4236 2467 4306 τὴν
2492 4236 2812 4310 παρρησίαν
2839 4253 2852 4266 ο
2881 4235 2991 4288 τῶν
3032 4236 3112 4300 δὲ,
3146 4236 3238 4290 τὸν
3267 4237 3433 4309 ζῆλον
3457 4253 3471 4268 ⁸
3500 4236 3601 4289 τῶν
3625 4233 3693 4296 δὲ,
3714 4228 3756 4280 τὸ

505 4346 740 4405 rapaces
797 4332 950 4397 illos,
1011 4345 1040 4384 a
1072 4328 1334 4384 rationali
1390 4326 1599 4384 Christi
1646 4343 1812 4398 grege
1848 4341 2047 4384 arcens

2209 4328 2386 4400 πρᾶον
2407 4342 2419 4357 ³
2456 4326 2565 4381 τῶν
2604 4327 2663 4380 δὲ
2683 4367 2698 4392 ,
2729 4326 2789 4381 τὸ
2830 4327 3119 4398 συμπαθές
3144 4344 3157 4357 ·
3190 4328 3303 4382 τῶν
3336 4330 3424 4395 δὲ,
3459 4327 3550 4382 τοῦ
3586 4325 3688 4397 βίον
3714 4319 3757 4373 τὸ

506 4426 583 4481 ita
606 4433 681 4492 te,
696 4424 974 4495 iustorum
1000 4420 1515 4494 prophetarumth
1526 4419 1776 4492 catalogo
1799 4419 2066 4489 insignem

2210 4418 2413 4489 ὑψηλὸν
2455 4420 2895 4491 περιεζήλωσας.
2956 4421 3031 4473 Οὐ
3083 4421 3244 4493 μόνον
3284 4423 3345 4477 δὲ
3388 4422 3614 4486 τούτων,
3652 4414 3755 4471 ἀλλά

506 4518 596 4570 vir
609 4513 1237 4584 sacratissimehvirtute
1254 4509 1439 4582 posita
1452 4511 1507 4565 in
1528 4510 1774 4579 actione,
1788 4510 2066 4566 inseruisti

2210 4514 2305 4566 καὶ
2338 4512 2577 4583 Χριστοῦ
2621 4511 2883 4583 μαθητῶν
2907 4528 2921 4544 ⁸
2957 4508 3038 4578 οἷς
3074 4515 3107 4586 ἡ
3145 4515 3309 4586 χάρις
3346 4515 3443 4570 καὶ
3475 4516 3507 4586 ἡ
3545 4510 3753 4582 ἀλήθεια,

508 4610 747 4664 aliorum
778 4607 1073 4664 aemulatus
1096 4604 1433 4668 libertatem,
1459 4602 1697 4659 aliorum
1736 4604 1916 4659 zelum
1949 4622 1962 4658 :
1996 4603 2068 4658 ho

2209 4603 2318 4658 τῶν
2349 4602 2593 4675 νομικῶν
2624 4603 2853 4667 σκιῶδες
2883 4603 3264 4659 διαπετάσασα
3294 4606 3656 4677 περιδέραιον,
3681 4597 3756 4665 τῆς

510 4716 634 4756 rum
672 4696 1189 4762 mansuetudinem,
1221 4694 1449 4750 illorum
1483 4692 1740 4750 allectum
1762 4693 1830 4749 ad
1873 4695 2070 4751 misera

2210 4695 2448 4767 ἀληθοῦς
2485 4696 2851 4766 ὲψπνεύματι
2885 4695 3144 4769 λατρείας
3177 4698 3552 4758 ἀνακαλύπτει
3582 4688 3756 4766 τρανῶς

509 4795 718 4849 tionem
752 4793 1021 4857 animum,
1043 4788 1284 4844 aliorum
1304 4787 1475 4843 vitam
1504 4786 1820 4843 sublimem.
1854 4785 1966 4842 Nec
1996 4786 2069 4842 ho

2212 4791 2347 4860 ἡμῖν
2384 4789 2453 4844 τὰ
2495 4790 2797 4860 μυστήρια.
2823 4782 2926 4843 ’Ὧν
2960 4790 3123 4856 αὐτὸς
3160 4778 3475 4847 ἀκολούθως
3510 4784 3688 4849 ὀπαδὸς
3702 4778 3754 4834 δι’

584 4969 800 5025 Il.loan.
841 4986 897 5032 x,
928 4968 1018 5022 Η.
1093 4976 1123 5015 1
1151 4965 1298 5021 Gen.
1332 4980 1527 5031 xxvut,
1553 4965 1640 5019 12.
1724 4975 1746 5001 ι
1776 4964 1795 5018 l
1830 4964 1980 5021 Petr.
2017 4984 2069 5032 v,
2102 4968 2135 5022 4

1287 5005 1298 5018 .
1332 4980 1527 5031 ιικνιιι,
1553 4965 1640 5019 12.
1724 4975 1746 5001 π
1776 4964 1795 5018 l
1830 4964 1980 5021 Petr.
2017 4984 2069 5032 v,
2102 4968 2157 5022 4.
2232 4978 2250 4998 ⁸
2278 4967 2426 5024 Psal.
2453 4982 2687 5033 Lxxxm,
2793 4969 2847 5022 6.

1811 5083 2053 5141 VARIIE
2091 5085 2499 5144 LECTIONES.
3312 5146 3319 5153 .
3764 5122 3775 5191 ι

583 5179 627 5211 ’⁷
662 5180 735 5233 ῐσ.
767 5178 914 5232 λείπ.
951 5175 1183 5241 ἔδειξας
3529 5194 3559 5218 _.

1761 5303 2190 5388 consensu
2230 5302 2472 5362 noras.

509 5411 836 5480 quotannis,
877 5422 1075 5482 magna
1120 5409 1216 5482 i_lla
1245 5406 1438 5482 virago
1493 5404 1787 5469 Theresia,
1830 5402 2099 5482 festodic
2204 5420 2301 5482 seu
2353 5405 2520 5459 etiam
2577 5409 2959 5482 enemplorum
3014 5410 3157 5478 vitae,
3195 5426 3301 5482 qua
3344 5408 3593 5465 Nicolaus
3633 5402 3752 5478 laute

508 5469 849 5553 I3almarum,
911 5469 1061 5553 velut
1094 5469 1413 5553 “Dominum
1467 5485 1767 5553 eaceptura
1830 5475 2096 5545 hospitio,
2208 5475 2417 5553 habens
2470 5490 2537 5530 ac
2613 5469 2961 5553 impertiens,
3022 5469 3489 5553 ὲντιίγχάνοντας,
3546 5492 3634 5532 eos
3674 5469 3750 5552 qui

512 5567 676 5621 quem
706 5566 736 5605 a
773 5542 1055 5621 triumpho
1092 5549 1210 5621 illo.
1260 5542 1704 5621 Hierosolymitat
1754 5542 2097 5621 omnes—me-
2132 5596 2137 5603 ,
2206 5546 2413 5621 adeunt
2453 5562 2548 5601 seu
2584 5542 2959 5621 conveniunt,
3013 5553 3097 5607 vel
3157 5542 3323 5609 etiam
3375 5542 3750 5621 legentes._e_j0_9

514 5613 840 5697 glexissent,
876 5613 1236 5677 devotis'sime
1284 5613 1678 5679 manduc‘abat,
1716 5615 2096 5687 triumphique
2203 5615 2471 5739 praeclara
2502 5628 2680 5687 gesta.
2718 5613 2999 5676 Christum
3046 5623 3225 5691 ipsum
3257 5613 3494 5692 hospitio
3524 5613 3746 5683 excipiat-

514 5693 719 5739 εηρι-ἰρ-
759 5693 944 5739 cibum
984 5691 1190 5739 nar-iter
1244 5699 1299 5739 et
1366 5688 1638 5739 hospitem
1697 5686 2096 5739 nraedilectum.
2256 5684 2573 5739 eldeniuue
2621 5689 2704 5739 τὸ.
2758 5691 2978 5739 ἑστιῶν-
3026 5693 3093 5739 ml
3132 5693 3412 5739 Christum
3441 5682 3746 5739 referendum

514 5682 720 5766 specie,
759 5682 944 5766 cibum
984 5691 1200 5766 pariter
1244 5699 1299 5745 et
1366 5688 1638 5766 hospitem
1697 5682 2096 5766 pracdilectu‘m,
2204 5682 2305 5766 νει
2331 5682 2573 5766 denique
2621 5689 2704 5766 ab,
2738 5691 2979 5766 _éaru‘bv,
3026 5682 3412 5766 adicltristuin
3441 5682 3747 5766 referendum

515 5755 1016 5834 obsequentissimi:
1063 5760 1281 5834 [avebat
1313 5773 1345 5834 :_
1381 5755 1627 5834 nisi‘hoc
1681 5755 1867 5834 minus
1897 5772 2099 5834 c_onse~
2207 5758 2301 5834 sit,
2342 5757 2435 5826 qui
2476 5755 2624 5812 laute
2655 5759 2934 5834 habeatur
2964 5763 3211 5834 hospitio
3251 5769 3545 5834 exceptus,
3579 5755 3749 5834 ita???

410 5882 419 5888 .
514 5820 693 5907 quens
727 5852 740 5888 :
788 5830 1228 5907 fueritquc_ﬁth
1254 5828 1349 5884 τοῦ
1375 5827 1620 5907 ἐσθίων,
1654 5828 1763 5907 τδη
1789 5827 2006 5893 ἑστιῶν,
2036 5836 2098 5882 ιιι
2205 5820 2326 5907 ιὶιῖε
2358 5820 2555 5907 mensa
2587 5830 2827 5907 spiritali
2856 5820 3156 5907 explicata,
3199 5820 3746 5907 iis’qui'adeuntNico“

516 5895 859 5983 signiﬁcetur
879 5895 1145 5975 spiritalis
1171 5908 1490 5957 sermOnum
1509 5909 1560 5955 et
1589 5897 1855 5962 doctrinae
1881 5913 2092 5965 mensa,
2205 5897 2354 5953 laum
2391 5909 2407 5952 :
2446 5895 2639 5970 sicque
2665 5895 3097 5969 redundaritsb,
3128 5895 3223 5960 καὶ
3250 5895 3596 5966 adiectitium.
3814 5895 3822 5903 ’
