3950 6468
355 469 492 540 1197

1653 466 1736 530 ΙΝ
1769 467 1830 530 S.
1876 461 2302 530 NICOLAUM.

3482 460 3620 525 1193

346 592 472 645 ὅλου
505 585 796 659 γενόμενος
816 625 829 649 ,
867 576 1145 656 ὀφθαλμὸς
1178 581 1275 655 τῆς
1308 574 1631 651 Ἐκκλησίας
1664 584 1731 651 τῇ
1770 583 1926 651 μερί-

2052 579 2196 635 nodo
2218 577 2517 633 imitandos
2539 575 2908 649 proposuisti,
2940 575 3039 634 sed
3068 582 3121 631 et
3141 574 3353 632 Christi
3375 575 3625 646 discipu-

353 696 492 753 μνῃ,
532 677 631 732 καὶ
676 675 910 744 σάλπιγξ
952 673 1147 745 εὔηχος
1180 671 1576 742 ὲχρημάτισας.
1617 671 1733 724 Νῦν
1754 672 1800 703 ’⁸
1840 672 1935 726 καὶ

2052 674 2149 737 los,
2168 671 2369 741 quibus
2395 671 2569 740 gratia
2600 683 2654 726 et
2691 672 2892 726 veritas
2920 670 3220 725 tenebroso
3243 668 3502 739 legalium
3532 684 3623 724 ve-

350 773 530 826 είπεῖν
555 769 791 839 ἀληθῶς,
822 768 880 820 τὸ
913 768 1183 838 γραφικδν
1214 768 1391 818 έκεῖνο
1426 764 1590 834 ῥητόν
1613 780 1627 796 ο
1669 782 1688 814 ι
1727 764 1933 835 Μνήμη

2052 764 2127 818 lut
2148 762 2342 817 collari
2367 762 2551 815 laxato
2580 761 2716 831 (65),
2743 763 2860 817 veri
2893 762 2947 817 in
2977 762 3177 832 spiritu
3229 762 3410 817 cultus
3444 759 3625 832 palam

340 862 580 918 δικαίων
612 859 761 933 [μετ’
786 857 1099 929 ἐγκωμίων.
1136 855 1192 919 ι]
1225 856 1337 910 Καὶ
1357 897 1371 909 .
1409 875 1428 905 ι
1464 856 1559 919 Ei;
1591 855 1938 926 μνημόσυνον

2052 854 2208 910 nobis
2248 858 2594 909 sacramenta
2651 852 2877 923 detegit.
2928 852 3134 909 llorum
3195 853 3319 924 ipse
3376 859 3627 907 sectator

351 954 570 1009 αίώνιον
604 951 761 1004 ἔσται
793 949 1023 1010 δίκαιος.
1063 965 1083 999 ι
1120 947 1233 1001 Καὶ
1271 946 1418 1017 μάλα
1453 946 1702 1008 εἰκότως.
1732 944 1939 1014 Ἑγκω-

355 1040 693 1114 μιαζομένου
713 1039 821 1109 γὰρ
840 1038 1078 1103 δικαίου,
1095 1036 1567 1107 εὐφρανθήσονται
1587 1036 1711 1089 λαοὶ
1733 1035 1937 1090 πολλοί.

2044 961 2143 1017 per
2194 948 2379 1002 omnia
2440 946 2641 1014 factus,
2692 946 2951 1001 Ecclesia:
2993 947 3191 1002 oculus
3249 942 3655 1011 sollicituding

2046 1052 2111 1093 ac
2140 1039 2272 1094 tuba
2307 1054 2506 1094 sonora
2563 1037 2738 1093 fuisti.
2768 1035 2962 1092 Fuerit
3011 1038 3123 1107 jam
3150 1052 3281 1093 vere
3303 1037 3455 1107 loqui
3489 1033 3627 1089 illud

354 1132 658 1202 Scriptura:
687 1146 701 1183 :
742 1146 759 1178 ι
787 1126 1347 1195 Memoriajustorum
1374 1140 1498 1180 cum
1525 1124 1797 1180 encomiis
1819 1126 1869 1179 δ.
1901 1145 1921 1177 ι
1964 1125 2034 1182 Et
2060 1145 2074 1182 :
2118 1145 2136 1179 ι
2167 1128 2225 1182 ln
2272 1129 2543 1183 memoria
2573 1136 2780 1183 aeterna
2811 1128 2917 1182 erit
2941 1127 3125 1198 justus
3153 1129 3227 1184 δ’.
3264 1148 3283 1181 ι
3328 1130 3407 1184 Ac
3463 1126 3629 1198 plane

351 1226 574 1284 merito.
632 1220 793 1277 Justo
846 1221 993 1275 enim
1042 1220 1316 1275 eucomiis
1345 1219 1647 1283 celebrato,
1683 1220 1930 1277 futurum
1968 1232 2056 1281 est
2080 1230 2141 1279 ut
2172 1223 2332 1279 multi
2364 1224 2551 1295 populi
2585 1222 2861 1278 lzetentui'.
2928 1230 2935 1235 ’

425 1320 536 1375 Καὶ
564 1318 649 1381 τίς
680 1316 746 1370 ἂν
776 1314 1019 1379 ἐπαξίως
1062 1314 1321 1383 ἀφίκοιτο
1372 1315 1481 1368 τῶν
1513 1316 1736 1386 σεμνῶν
1767 1318 1944 1386 ἔγκω-

358 1410 521 1481 μίων,
551 1409 710 1480 ἢτῶν
741 1406 852 1459 σῶν
876 1406 1022 1459 κατὰ
1066 1404 1159 1457 τὸν
1186 1403 1303 1474 βίον
1366 1405 1943 1477 μεγαλουργημάτων,

355 1501 668 1575 ἁνυμνῆσαι
692 1500 754 1551 τὸ
787 1497 1037 1568 μέγεθος,
1097 1498 1446 1568 πολυθμνητε
1512 1500 1699 1569 Πάτερ
1733 1516 1749 1562 ;
1796 1498 1868 1552 Et
1888 1515 1942 1552 τι

353 1595 469 1664 γὰρ
491 1593 557 1649 ἄν
575 1609 636 1645 σε
653 1590 751 1644 καὶ
775 1590 1027 1659 εἴπομεν.
1055 1589 1275 1642 ἀποδέει
1307 1589 1526 1653 πάντως
1554 1590 1656 1659 τῆς
1685 1589 1945 1659 ἀληθείας

355 1686 387 1737 ὀ
420 1685 600 1752 λόγος.
637 1683 748 1736 Καὶ
773 1683 822 1734 εἰ
849 1680 1288 1752 παρεικάζεσθαι
1326 1681 1659 1752 θελήσαιμεν
1687 1684 1802 1746 τοῖς
1832 1684 1944 1746 σοῖς

354 1780 427 1835 τὰ
477 1779 681 1849 ἑτέρων
727 1775 1156 1846 κατορθώματα,
1224 1775 1439 1844 ἀνάγκη
1498 1775 1650 1828 πᾶσα
1707 1774 1941 1828 κατόπιν

356 1870 558 1936 ἐλθεῖν,
601 1868 713 1922 τῶν
757 1866 1106 1938 πραγμάτων
1136 1867 1204 1920 τά
1232 1865 1675 1938 παραδείγματα.
1710 1862 1845 1918 Τίνα
1880 1881 1942 1917 σε

354 1963 538 2017 τοίνυν
569 1963 834 2030 εῐπομενς
870 1957 1161 2028 Γεωργόν;
1207 1956 1348 2010 Ἀλλ’
1378 1955 1674 2027 ἀληθεύσει
1724 1954 1943 2018 πάντως

351 2053 584 2121 ὁλόγος,
625 2047 983 2120 θεωρητικῶς
1038 2046 1543 2118 ὲκλαμϐανόμενος.
1587 2046 1779 2115 Πάσης
1831 2046 1942 2115 γὰρ

2116 1317 2254 1384 Quis
2284 1332 2437 1384 vero,
2488 1317 2873 1373 laudatissime
2901 1316 3085 1381 Pater,
3120 1316 3470 1373 venerabiles
3498 1322 3629 1373 tuas

2044 1408 2235 1462 laudes
2279 1407 2417 1463 satis
2464 1407 2710 1475 edicere,
2764 1424 2834 1463 ac
2878 1423 2973 1477 per
2998 1409 3168 1462 vitam
3214 1407 3504 1476 magniﬁce
3528 1422 3630 1477 ge-

2044 1490 2263 1556 storum
2311 1500 2774 1571 magnitudinem,
2842 1500 3132 1556 celebrare
3192 1500 3407 1555 valeat?
3458 1499 3632 1567 Quid-

2046 1592 2177 1663 quid
2215 1593 2365 1648 enim
2403 1594 2455 1647 in
2488 1602 2540 1648 te
2570 1593 2902 1660 dixerimus,
2952 1595 3118 1665 plane
3144 1592 3377 1663 jejunus
3436 1608 3624 1648 sermo

2046 1697 2077 1736 a
2112 1682 2347 1737 veritate
2380 1680 2668 1739 defecerit.
2698 1680 3054 1753 Prorsusque
3086 1695 3322 1738 necesse
3349 1691 3437 1737 est
3467 1691 3552 1749 ut,
3581 1681 3630 1737 si

2043 1790 2134 1829 res
2161 1775 2396 1829 aliorum
2425 1775 2691 1844 praeclare
2708 1783 2898 1846 gestas
2952 1774 3064 1830 tuis
3091 1774 3330 1830 velimus
3351 1772 3632 1839 conferre,

2043 1863 2472 1939 haudquaquam
2497 1865 2753 1933 exempla
2783 1880 2873 1921 res
2903 1865 3268 1935 aequaverint.
3301 1864 3475 1930 Quem
3501 1878 3635 1936 ergo

2045 1966 2098 2011 te
2121 1957 2416 2012 dicemus?
2451 1956 2593 2012 Num
2637 1958 2988 2028 agricolam?
3020 1957 3196 2013 Plane
3239 1973 3432 2013 verum
3462 1958 3635 2014 habe-

2044 2047 2128 2103 bit
2163 2048 2368 2112 oratio,
2397 2047 2645 2119 spiritali
2694 2064 2866 2105 sensu
2909 2048 3214 2103 intellecta.
3250 2045 3447 2102 Totius
3482 2048 3632 2102 enim

297 2163 313 2177 ·
356 2143 496 2215 ὁμοῦ
532 2146 630 2212 τῆς
654 2140 877 2194 Λυκίων
915 2139 1211 2209 ἐπαρχίας,
1258 2137 1329 2191 τὰ
1366 2136 1563 2207 λογικά
1590 2136 1942 2206 γεηπονήσας

2052 2138 2342 2208 provinciae
2394 2138 2572 2210 Lyciae
2621 2140 2862 2195 excultis
2903 2134 3277 2195 rationalibus
3338 2138 3517 2209 agris,
3550 2137 3633 2193 in-

359 2236 629 2306 γεώργια,
658 2233 757 2301 τῆς
799 2232 898 2301 μὲν
945 2229 1208 2293 ἀπιστίας
1237 2230 1337 2292 τὰς
1368 2228 1611 2292 ἀκάνθας
1638 2227 1901 2297 ἐξέτεμες.
1926 2243 1941 2258 .

358 2328 463 2396 τῆς
513 2323 792 2397 εὐσεϐείας
840 2322 896 2375 δὲ
950 2321 1044 2375 τὸν
1106 2320 1287 2386 ζῶντα
1336 2320 1497 2389 λόγον
1547 2319 1943 2389 κατέσπειρας,

364 2419 466 2471 καὶ
486 2412 594 2469 οἷον
617 2414 923 2484 ἀποθήκαις
952 2416 1207 2476 σιτικοῖς,
1240 2414 1356 2475 τοῖς
1388 2410 1646 2482 ψυχικοῖς
1670 2410 1947 2481 ταμιείοις

363 2505 751 2574 πνευματικῶς
809 2502 1078 2557 ὲναπέθου
1144 2506 1237 2557 τὸν
1277 2502 1512 2573 ἄμητον.
1557 2500 1948 2571 ’Δρχιτέκτονά

362 2613 424 2650 σε
444 2596 706 2665 εἷπομεν;
736 2595 811 2648 οὐ
834 2593 1157 2665 ψευσόμεθα
1188 2609 1203 2625 ·
1240 2593 1464 2664 βωμοὺς
1518 2593 1627 2663 γὰρ
1684 2592 1942 2659 εἰδώλων,

356 2689 457 2743 καὶ
498 2687 772 2757 δαιμόνων
834 2686 1097 2758 μυσαρῶν
1157 2685 1547 2756 έφιδρύσματα
1601 2684 1945 2755 καθεῖλεςτῇ

360 2780 582 2850 μηχανῇ
631 2776 740 2831 τῶν
787 2776 1079 2847 δογμάτων
1133 2793 1225 2829 σου
1260 2793 1274 2808 ·
1312 2774 1541 2846 Χριστῷ
1590 2777 1735 2830 κατά
1780 2776 1949 2829 τόπον

368 2869 702 2939 Ἕκκλησίας
726 2867 1057 2939 ἀνέστησας,
1093 2868 1299 2938 τεμένη
1325 2867 1423 2920 καὶ
1454 2868 1619 2929 ναοὺς
1647 2867 1948 2937 μαρτύρων

354 2961 687 3032 δειμάμενος
742 2961 922 3033 ἱεροὺς
977 2960 1077 3012 κα)⁵
1134 2958 1493 3027 σεὸασμίους.
1554 2957 1669 3011 Καὶ
1710 2958 1787 3021 ὡς
1848 2959 1948 3029 μὲν

356 3054 631 3125 γεωργὸς,
651 3055 751 3118 τὰς
772 3047 1070 3122 νεοφύτους
1100 3051 1198 3105 καὶ
1227 3049 1459 3118 λογικάς
1483 3048 1772 3119 ἀμπέλους
1816 3049 1948 3103 καλ-

358 3147 621 3219 λιεργῶν,
679 3146 952 3216 εὐφόρους
986 3140 1283 3205 ἀπέδειξας
1308 3158 1321 3171 ο
1353 3140 1426 3202 ὼς
1454 3140 1511 3193 δὲ
1543 3138 1706 3209 σοφὸς
1729 3138 1950 3210 ἀρχιτέ-

359 3254 509 3291 κτων
530 3235 884 3305 Ἐκκλησίας,
912 3233 1005 3286 ἐπὶ
1027 3231 1106 3301 τῷ
1131 3230 1370 3301 θεμελίῳ
1404 3230 1509 3299 τῆς
1541 3229 1782 3292 πίστεως
1810 3246 1949 3283 κατ-

360 3328 684 3399 εστήριξας,
719 3328 787 3397 τῇ
817 3322 1202 3396 ἀρχιτεκτονίᾳ
1248 3319 1344 3373 τοῦ
1391 3318 1728 3389 πνεύματος.
1757 3319 1825 3372 Τί
1855 3315 1951 3373 οὖν

363 3438 429 3476 σε
456 3421 798 3490 καλέσομεν;
831 3416 1222 3488 Στρατιωτήνς
1271 3412 1403 3470 Ναί.
1436 3412 1548 3465 Καὶ
1570 3410 1681 3483 γὰρ
1718 3406 1832 3465 οἷόν
1863 3429 1951 3474 τις

360 3514 593 3583 ὁπλίτης
656 3509 1050 3581 στρατιάρχος,
1100 3505 1246 3559 κατὰ
1302 3503 1410 3556 τῶν
1437 3503 1693 3573 ἀοράτων
1736 3501 1950 3573 ἐχθρῶν

366 3605 853 3677 στρατευσάμενος
886 3643 903 3668 ,
964 3619 983 3651 ι
1032 3598 1133 3669 τὴν
1219 3594 1559 3665 παντευχίαν
1627 3593 1723 3648 τοῦ
1792 3594 1953 3663 λόγου

366 3698 629 3769 περιέθου
649 3712 664 3729 ο
701 3714 720 3748 ι
760 3692 1216 3767 περιζωσάμενος
1248 3687 1387 3761 [τὴν
1416 3686 1591 3757 ὀσφύν
1623 3704 1717 3740 σου
1741 3688 1798 3740 ὲν
1820 3687 1956 3756 ἀλη-

366 3792 514 3863 θείᾳ,
544 3791 640 3843 καὶ
672 3787 1040 3857 ἐνδυσάμενος
1074 3783 1167 3837 τὸν
1199 3782 1427 3852 θώρακα
1455 3779 1831 3848 δικαιοσύνης,
1864 3778 1960 3831 καὶ

316 3882 349 3907 ⁸
371 3881 782 3951 ὕποδυσάμενος
810 3878 940 3941 τοὺς
975 3874 1143 3935 πόδας
1178 3872 1237 3926 ὲν
1264 3869 1561 3940 ἑτοιμασίᾳ
1586 3867 1683 3920 τοῦ
1719 3868 1963 3935 Εὐάγγε-

367 3970 488 4024 λίου
512 3970 612 4040 τῆς
642 3969 888 4042 εἰρήνης.
915 3964 977 4036 t]
1016 3963 1110 4017 Διὸ
1134 3961 1212 4032 τῷ
1253 3960 1353 4031 μὲν
1384 3958 1581 4031 κράνει
1609 3958 1713 4028 τῆς
1746 3956 1952 4030 [σωτη-

371 4065 521 4134 ρίας.
551 4061 575 4134 ]
610 4062 710 4125 τὰς
770 4057 1081 4129 προσϐολὰς
1134 4054 1242 4107 τῶν
1268 4051 1458 4106 παθῶν
1487 4052 1953 4121 άποκρουόμενος,

370 4155 580 4224 πέτρας
629 4153 785 4222 δίκην
851 4148 1100 4220 ἀτρέμας
1126 4146 1222 4199 καὶ
1275 4144 1675 4205 ἀκατάσειστος
1730 4142 1952 4207 ἵστατο,

371 4247 560 4299 πᾶσαν
613 4242 874 4297 ἐναντίων
936 4234 1270 4307 ἀντιπλοκὴν
1300 4233 1702 4306 διορθούμενος.
1738 4232 1956 4286 ’Δσπίδι

1977 3471 2021 3530 C

2048 2227 2332 2286 ﬁdelitatis
2366 2229 2596 2299 quidem
2627 2229 2886 2285 excidisti
2951 2230 3139 2299 spinas
3182 2229 3464 2284 viventem
3499 2244 3633 2283 vero

2048 2320 2334 2376 seminasu
2370 2321 2605 2391 pietatis
2653 2334 3005 2387 sermonem;
3040 2334 3105 2376 ac
3136 2321 3289 2374 velut
3324 2319 3634 2391 frumenta-

2046 2411 2147 2466 riis
2183 2412 2428 2479 horreis,
2462 2412 2777 2467 animarum
2811 2410 3090 2481 penubus,
3123 2426 3359 2467 messem
3400 2411 3633 2467 uberem

2049 2501 2383 2571 spiritaliter
2456 2500 2780 2557 condidisti.
2872 2499 3134 2555 Dicemus
3210 2498 3635 2555 architectum?

2048 2591 2195 2648 Vera
2257 2594 2363 2649 erit
2406 2592 2624 2659 oratio;
2680 2591 2876 2647 solerti
2931 2590 3079 2645 enim
3132 2588 3453 2661 dogmatum
3490 2599 3633 2657 arte,

2048 2683 2325 2739 idolorum
2388 2698 2538 2747 aras,
2596 2682 3021 2753 daemonumque
3082 2680 3377 2737 odibilium
3446 2680 3633 2747 sedes,

2048 2774 2331 2841 evertisti;
2377 2790 2442 2829 ac
2483 2774 2696 2830 Christi
2768 2790 2869 2845 per
2924 2775 3045 2830 loca
3093 2774 3364 2829 ecclesias
3390 2773 3632 2845 erigens,

2049 2868 2285 2929 delubra
2314 2883 2586 2938 sacraque
2622 2875 2679 2923 et
2702 2851 3046 2923 venerabilia
3082 2876 3391 2938 martyrum
3428 2867 3634 2937 templa

2050 2959 2406 3013 exstruxisti.
2434 2959 2514 3014 Ac
2543 2973 2701 3013 more
2728 2958 2955 3028 quidem
2986 2956 3094 3012 viri
3122 2957 3396 3027 agricolae,
3429 2972 3636 3013 novum
3722 2990 3735 2999 -

2051 3056 2208 3103 satas
2267 3056 2323 3102 et
2368 3048 2676 3104 rationales
2732 3049 2873 3104 vites
2951 3048 3186 3118 pulchre
3240 3063 3307 3104 ac
3363 3056 3488 3104 arte
3542 3063 3638 3103 co-

2050 3139 2169 3194 lens
2196 3138 2337 3211 (64),
2368 3139 2581 3193 fructus
2609 3138 2832 3208 plurimi
2859 3138 3036 3193 fecisti
3078 3137 3322 3205 feraces;
3356 3138 3507 3193 velut
3535 3154 3638 3193 au-

2052 3240 2163 3286 tem
2196 3233 2424 3301 sapiens
2456 3230 2798 3285 architectus
2824 3229 3093 3286 Ecclesiae
3149 3246 3320 3300 supra
3344 3230 3473 3285 lidei
3508 3229 3637 3286 fun-

2053 3321 2379 3375 damentum
2426 3320 2868 3376 architectonica
2922 3322 3157 3390 spiritus
3207 3329 3331 3377 arte
3406 3322 3641 3378 ﬁrmiter

2056 3411 2343 3466 stabilisti.
2382 3410 2554 3478 Quem
2599 3420 2653 3467 te
2681 3426 2815 3483 ergo
2841 3427 3037 3469 sumus
3078 3412 3377 3467 vocaturi?
3404 3412 3490 3468 An
3531 3413 3641 3468 mi-

2055 3504 2203 3558 litem
2224 3504 2247 3557 ?
2268 3503 2343 3557 Ita
2366 3506 2565 3573 plane;
2596 3504 2744 3559 velut
2763 3505 2911 3560 enim
2940 3506 3053 3560 dux
3089 3505 3314 3575 quidam
3345 3504 3642 3575 cataphra-

2054 3601 2202 3658 ctus,
2275 3594 2633 3665 expeditione
2710 3594 2984 3651 adversus
3067 3600 3260 3652 hostes
3324 3596 3643 3653 invisibiles

2056 3693 2339 3755 suscepta,
2380 3704 2400 3737 ι
2452 3694 2791 3740 armaturam
2845 3688 3000 3742 verbi
3046 3688 3161 3759 (65)
3203 3688 3476 3755 induisti;
3514 3705 3644 3745 suc-

2057 3776 2279 3830 cinctus
2333 3776 2556 3832 lumbos
2608 3784 2735 3832 tuos
2768 3777 2826 3831 in
2866 3778 3122 3844 veritate,
3160 3787 3215 3834 et
3245 3779 3477 3835 indutus
3505 3780 3647 3835 lori-

2060 3884 2182 3923 cam
2231 3867 2491 3936 justitim,
2544 3869 2942 3941 calceatusque
2973 3872 3142 3942 pedes
3182 3871 3239 3926 in
3274 3873 3644 3944 praeparatio-

2061 3975 2187 4015 nent
2219 3958 2504 4031 Evangelii
2538 3962 2694 4032 pacis
2716 3962 2814 4017 δ”.
2851 3982 2870 4016 ι
2901 3962 3295 4030 Quamobrem,
3331 3966 3490 4036 galea
3520 3970 3650 4035 qui-

2062 4051 2184 4108 dem
2214 4052 2307 4106 illa
2323 4054 2549 4121 salutis,
2575 4053 2935 4111 aﬂ'ectionum
2966 4057 3320 4113 incursiones
3347 4057 3646 4127 repellens,

2062 4141 2243 4196 instar
2271 4149 2465 4212 petrae,
2519 4144 2975 4201 adversariorum
3034 4146 3299 4202 inimicos
3326 4146 3490 4204 dolos
3522 4163 3648 4203 om-

2064 4248 2165 4289 nes
2195 4233 2310 4305 (66)
2365 4235 2670 4291 emendans
2722 4238 3169 4307 dissolvensque,
3210 4237 3429 4308 placide
3457 4247 3512 4292 et
3564 4240 3651 4292 in-

368 4338 453 4402 at,
482 4339 544 4408 τῇ
578 4334 813 4405 ἁσείστῳ
840 4331 1187 4403 κεχρημένος
1218 4328 1422 4393 ἑλπίδι,
1448 4328 1544 4381 καὶ
1575 4327 1704 4390 τοὺς
1734 4324 1951 4395 βάλλειν

2067 4340 2383 4382 concussus
2421 4330 2650 4384 stetisti.
2686 4327 2843 4383 Scuti
2876 4337 3064 4385 autem
3101 4331 3250 4395 loco,
3288 4331 3516 4386 immota
3550 4347 3650 4402 spe

367 4425 692 4496 τολμῶντας
726 4423 1095 4486 ὑπαντιάζων,
1122 4417 1487 4481 ἀντιτοξεύεις
1507 4434 1519 4446 ·
1554 4413 1674 4469 εἶτα
1698 4417 1951 4485 γενναίως

2070 4435 2229 4486 usus,
2278 4420 2545 4491 impetere
2597 4421 2896 4489 audentes,
2946 4438 3012 4478 ex
3049 4423 3289 4480 adverso
3320 4436 3646 4490 occurrens,

448 4580 477 4621 ι’
500 4581 660 4636 Prov.
695 4597 750 4642 ι,
773 4580 826 4635 7.
899 4579 952 4620 δ’
980 4576 1133 4634 Psal.
1170 4591 1279 4641 cn,
1311 4575 1363 4629 7.
1436 4574 1512 4613 δ”
1535 4572 1738 4644 Ephes.
1770 4589 1843 4637 Vl,
1880 4571 1971 4638 15,
1997 4574 2085 4629 ll.

1507 4735 1519 4747 ο
1616 4710 1851 4767 νΑΒΙιΕ
1885 4711 2290 4771 LECTIONES.

445 4791 493 4825 ⁸⁸
518 4791 605 4846 ἶσ.
626 4790 725 4844 Evt.

1631 4871 2021 4927 COMBEFISII
2050 4872 2277 4931 NOTAE.

451 4978 563 5046 (63)
612 4974 761 5031 Velut
784 4970 994 5046 collari.
1027 4967 1816 5046 ζ’ίεριδέραιονβιᾳπετάσασα.
1854 4965 1962 5020 Ea-
1992 4975 2039 5032 Β
2067 4969 2305 5046 cultura,
2333 4972 2429 5046 sed
2457 4973 2683 5046 Ni_colao
2713 4974 2998 5046 similium.
3022 4989 3164 5043 quos
3197 4975 3406 5029 utinam
3440 4974 3645 5044 plures,

375 5035 503 5104 dem
529 5035 752 5103 collaris
776 5035 1143 5096 similitudine
1169 5035 1342 5092 utitur
1368 5037 1607 5091 Methml.
1639 5037 1708 5089 de
1732 5035 1960 5107 Symeo-

377 5135 452 5175 ne
470 5128 524 5172 et
548 5120 728 5177 Anna,
753 5126 879 5168 cum
904 5111 1120 5164 inducit
1140 5118 1393 5161 sanctum
1416 5121 1601 5177 senem
1635 5115 1917 5177 rogantem
1944 5123 1955 5156 :

392 5175 757 5255 ,Απολυθῆναι
807 5181 900 5255 τοῦ
962 5180 1233 5255 δουλικοῦ.
1255 5177 1351 5229 κα)⁸
1388 5175 1695 5255 exorassem
1731 5175 1959 5255 ἔλασε.

378 5256 572 5313 Seruili
619 5246 668 5309 εὶ
720 5251 1010 5320 ponderosa
1042 5246 1300 5320 collario;

382 5329 501 5392 illa,
541 5336 594 5379 et
627 5316 933 5377 amicorum
961 5319 1287 5392 explicatior
1325 5316 1645 5392 divinorum
1693 5316 1960 5392 cognitio,

383 5385 811 5467 impediebatur.
858 5391 1004 5467 ’A_v1:'t
1027 5385 1151 5467 ξτοῦ,
1183 5387 1278 5440 καὶ
1322 5385 1961 5467 μέριμναιγεροξρὶηψε,

378 5455 747 5536 τῇ’μερίμνῂ,
778 5469 839 5516 ut
875 5462 946 5515 sit
976 5459 1253 5529 adjectum
1287 5455 1696 5527 τῷ,“ὀφθαλμὺς
1731 5456 1968 5525 Ἐκκλη-

383 5554 508 5591 σιας
516 5577 526 5587 .

457 5554 567 5674 ξθλ)
606 5602 830 5674 Pulchre
885 5617 944 5654 ac
975 5608 1102 5674 _arte
1154 5595 1364 5674 colens.
1411 5594 1794 5666 Καλλιεργῶν.
1847 5594 1966 5674 Vox

382 5665 710 5746 aptissima;
737 5672 885 5746 _si_ve
937 5668 1080 5746 vites
1122 5666 1431 5746 materiales
1452 5665 1820 5746 _~spec_t_emus,
1839 5665 1966 5721 'sive

383 5735 708 5801 rationales.
726 5741 938 5810 Quippe
961 5739 1165 5810 habent
1185 5747 1298 5788 tum
1323 5736 1428 5810 has,
1447 5735 1562 5789 tum
1585 5735 1710 5799 illa‘,
1738 5749 1966 5790 necesse

382 5817 463 5871 ita
493 5815 623 5878 coli,
654 5825 710 5867 ut
740 5806 977 5866 fructum
1003 5806 1300 5878 plurimum
1331 5806 1565 5878 alteram
1596 5822 1609 5857 :
1639 5820 1819 5878 eoque
1844 5820 1963 5878 gnon

385 5874 634 5941 omnium
663 5893 750 5939 est
787 5874 1061 5952 ejusmodi
1097 5874 1337 5931 maxime
1368 5877 1560 5932 vitium
1607 5874 1964 5930 ratiunalium

1347 5244 1458 5329 quo
1509 5244 1693 5315 plane,
1726 5244 1961 5329 ﬁliorum
2066 5262 2189 5329 post
2226 5244 2311 5315 τὸ,

2065 5037 2268 5093 Christi
2296 5043 2473 5104 vinea,
2508 5043 2757 5099 Ecclesia
2783 5044 3028 5098 haberet.

2135 5110 2246 5186 (65)
2281 5102 2630 5167 Ανιηαιηταυι
2677 5113 2853 5186 Verbi.
2889 5115 3049 5186 Apud
3092 5113 3326 5186 Paulum
3362 5126 3469 5176 est.
3503 5116 3602 5175 Dei
3632 5136 3652 5174 :
3698 5102 3706 5174 Ι

2061 5197 2123 5234 er
2158 5181 2318 5255 cujus
2348 5190 2516 5255 textu
2541 5184 2915 5255 supplevimus
2939 5181 3061 5253 qua!
3092 5184 3282 5239 clausa
3319 5198 3647 5255 sequuntur,
3696 5186 3708 5223 ⁴

2368 5252 2838 5327 περιζωσάμενος.
2890 5252 3089 5327 Sicque
3137 5256 3340 5325 passim
3374 5252 3515 5327 opus
3548 5252 3649 5314 Ita?

2066 5270 2189 5320 posr
2229 5270 2311 5315 το,
2368 5270 2838 5378 πῗριςωσαμενος.
2890 5270 3089 5323 διεηυθ
3137 5270 3340 5325 passnm
3374 5273 3515 5327 opus
3548 5270 3646 5314 Ita-

2065 5321 2287 5375 buimus
2353 5337 2420 5398 _co
2464 5325 2545 5378 ice
2595 5324 2733 5380 satis
2783 5326 3155 5398 mendosouet
3208 5330 3646 5398 compendiario.

2064 5404 2173 5461 qua
2206 5392 2483 5469 supplere.
2520 5409 2630 5463 qua
2653 5394 2965 5469 corrigere;
3000 5394 3092 5451 ubi
3129 5397 3315 5450 statim
3337 5392 3649 5469 apparebat

2075 5459 2404 5532 manifestus
2440 5459 2627 5532 lapsus
2655 5459 2974 5531 antiquarii’.

2143 5529 2257 5605 (66)
2280 5529 2718 5605 Aduersdriorum
2740 5529 2981 5590 inimicos
3015 5536 3169 5590 dolos
3187 5554 3385 5605 omnes,
3405 5548 3514 5593 ctr.
3534 5543 3649 5594 Πᾶ-

2074 5603 2460 5683 σονξναντίερν
2509 5605 2836 5683 ἀντιπλοκὴν
2864 5606 3336 5683 διανορθούμενος.
3372 5603 3443 5663 lla
3476 5628 3650 5683 expo-

2070 5670 2320 5747 _nitBut_l.
2379 5674 2471 5747 Τὸ,
2532 5676 2736 5747 πλοκάς
2794 5670 2936 5745 apud
2994 5670 3354 5747 Gregorium,
3413 5670 3649 5735 alii-rans

2071 5741 2219 5821 hunc
2245 5742 2364 5821 ejus
2395 5741 2885 5821 lpcupt.AT&;_}tEv
2926 5748 2989 5799 ὲκ
3034 5741 3143 5821 τῶν
3184 5749 3461 5821 λογισμῶν
3491 5768 3649 5821 στρο-

2070 5812 2173 5876 φὰς
2222 5814 2317 5865 καὶ
2372 5814 2578 5880 πλοκὰς
2611 5812 2957 5889 διεσείσαμεν
2997 5821 3064 5891 τῇ
3095 5812 3322 5891 δυνάμει
3347 5812 3449 5876 ’τοῦ
3483 5812 3649 5875 πιλὲύ-

2079 5897 2265 5949 ματος.
