3950 6438
487 411 627 474 1203

1682 426 1743 484 S.
1784 425 2115 490 ANDRErE
2148 430 2573 499 CRETENSIS

3601 443 3713 509 12οί

481 538 710 585 tuorum
764 508 1084 587 sermonum
1139 531 1344 603 jaculis
1409 535 1684 609 abegeris,
1738 557 1850 613 quo
1892 553 2066 601 tutum

2177 550 2381 607 στικῶν
2440 552 2818 626 ἀντιλήψεων,
2886 552 3274 627 φανερώτερόν
3330 572 3394 609 τε
3450 556 3541 610 καὶ
3586 559 3715 616 ἐκτι-

481 632 749 693 metuque
800 622 1033 680 liberum
1082 631 1241 681 tuum
1296 625 1453 683 illum
1502 631 1766 700 pusillum
1819 653 2066 709 gregem,

479 729 646 783 quem
678 716 882 786 pavisti
908 715 1048 787 ipse,
1080 720 1393 776 servaverit
1428 740 1441 776 :
1471 738 1542 779 ne
1574 739 1789 792 sacros,
1816 728 2067 801 inquam,

479 821 543 860 ac
574 805 686 861 Deo
733 806 955 864 dicatos
1003 810 1348 879 sacerdotes,
1396 811 1606 885 Deique
1655 826 1933 875 amantem
1970 820 2069 891 po-

476 897 695 966 pulum,
727 898 869 983 vivis
906 900 1021 956 illis
1053 901 1318 972 verisque
1341 904 1570 975 pietatis
1601 907 1901 979 dogmatis,
1938 930 2068 983 pro-

476 977 869 1061 digiortmique
917 992 1230 1062 majestate,
1282 997 1486 1054 animis
1545 977 1751 1070 auge—re
1812 977 1894 1059 act
1928 977 2067 1059 i-nci-

473 1088 622 1146 tare,
675 1084 759 1138 vir
818 1084 931 1141 Deo
988 1087 1189 1154 amate,
1243 1090 1526 1147 desieris:
1578 1108 1644 1148 ac
1689 1110 1756 1151 eo
1798 1098 2063 1167 amplius,

474 1189 588 1244 quo
632 1174 747 1245 jam
797 1175 908 1232 Deo
964 1180 1162 1248 purius
1197 1182 1676 1254 appropinquans,
1735 1203 1799 1243 ea
1834 1191 2063 1260 propin-

474 1265 709 1332 quitate,
731 1268 929 1338 majori
960 1270 1275 1328 divinarum
1308 1273 1746 1331 illustrationum
1766 1280 2065 1350 splendore

470 1358 812 1424 irradiante,
857 1362 1064 1420 clarius
1108 1367 1566 1438 expressiusque,
1620 1371 1963 1438 perspicacis
1993 1373 2061 1429 ad

468 1449 648 1508 Deum
698 1453 973 1510 libertatis
1024 1456 1487 1517 illuminationem
1544 1462 1642 1517 tibi
1694 1462 1950 1520 vindicas
1998 1482 2064 1522 ac

467 1545 709 1601 retines.
747 1546 970 1603 Beatam
1003 1558 1055 1605 te
1084 1550 1233 1616 dico,
1269 1551 1423 1624 Myra
1474 1553 1675 1611 civitas
1716 1556 1901 1628 Lyciae
1946 1574 2065 1615 me-

466 1639 733 1708 tropolis,
767 1640 912 1710 quod
956 1642 1040 1698 sic
1076 1641 1320 1698 ﬁliorum
1376 1653 1650 1700 amantem
1684 1656 1964 1717 pastorem
1998 1664 2063 1705 ac

466 1738 767 1800 patronum
797 1743 1099 1791 consecuta
1127 1736 1240 1802 sis;
1283 1737 1459 1807 quod,
1493 1738 1746 1810 inquam,
1782 1741 1862 1796 sic
1895 1757 2063 1797 vene-

466 1824 704 1880 rabilem
761 1842 826 1881 ac
875 1828 1307 1898 gloriationibus
1355 1830 1726 1886 immortalem
1794 1848 2059 1889 coronam

2172 644 2442 716 πὼτερον,
2474 647 2576 718 τῆς
2625 647 2944 720 αύγηέσσης
2978 647 3117 720 πρὸς
3152 647 3286 702 Θεὸν
3325 648 3720 721 παῤῥησίαςὰν-

2171 737 2307 810 τέχῃ
2359 738 2459 810 τὴν
2544 738 2838 810 ἔλλαμψιν.
2894 738 3206 812 Μακαρίζω
3264 756 3348 805 σε,
3385 738 3539 805 πόλις
3581 741 3724 813 Μύρα

2170 827 2282 881 τῶν
2355 828 2577 884 Λυκίων
2632 829 2994 902 μητρόπολις,
3072 830 3188 883 οἴου
3270 830 3535 901 ποιμένος
3594 832 3724 899 φιλο-

2168 919 2391 982 τέκνου,
2414 921 2509 975 καὶ
2547 921 2856 993 προστάτου
2908 921 3220 992 τετύχηκας
3243 938 3255 950 ·
3285 915 3406 975 οἷον
3455 921 3548 974 ἐπὶ
3576 938 3722 990 κεφα-

2169 1010 2271 1083 λῆς
2299 1011 2470 1078 ἐδέξω
2497 1013 2588 1068 τὸν
2627 1014 2897 1084 στέφανον
2925 1016 3215 1085 αἰδέσιμον
3243 1014 3378 1068 ὄντα
3408 1014 3507 1068 καὶ
3536 1016 3722 1086 γῆρας¹

2170 1106 2495 1176 καυχήσεσι.
2523 1105 2661 1161 Τίνα
2709 1106 2900 1181 τοῦτον
2924 1125 2938 1175 ;
2968 1107 3267 1171 Νικόλαον,
3289 1106 3388 1160 τὸν
3420 1106 3559 1160 πάνυ
3582 1108 3727 1173 θείαις

2168 1193 2538 1265 εὐφροσύναις
2566 1236 2581 1259 ,
2613 1199 2738 1261 ταῖς
2764 1199 2823 1252 ἐν
2857 1198 3131 1267 ἀνάγκαις
3159 1197 3500 1266 καταφανῶς
3530 1198 3728 1254 ὀπτανό-

2171 1286 2489 1363 μενοννντὸν
2547 1287 2979 1359 συντομώματον
3031 1289 3176 1360 ὑπὲρ
3222 1288 3335 1343 τῶν
3381 1290 3727 1361 ἀδικουμένων

2166 1377 2460 1448 ἐπίκουρον
2492 1392 2509 1410 ο
2538 1380 2598 1433 τὺ
2623 1380 2733 1434 τῶν
2789 1381 2983 1450 ίερέων
3039 1379 3338 1452 ἱερώτατον
3373 1380 3626 1452 ἄγαλμω
3653 1383 3727 1438 τὸν

2169 1471 2345 1541 μέγαν
2368 1472 2427 1524 ὲν
2456 1471 2724 1541 θαύμασι,
2779 1473 2878 1527 καὶ
2923 1472 3159 1544 φοϐερὸν
3181 1475 3239 1528 ἐν
3259 1475 3380 1536 τοῖς
3409 1473 3599 1544 τέρασι
3618 1489 3631 1503 ⁶
3653 1476 3727 1529 τὸν

2165 1562 2293 1625 τοὺς
2341 1562 2675 1627 ἀνευθύνους
2723 1562 2834 1618 τῶν
2856 1563 3123 1618 κινδύνων
3155 1563 3453 1635 ῥυόμενον,
3491 1564 3583 1615 καὶ
3608 1565 3726 1618 ovai-

2166 1671 2283 1724 ροις
2326 1656 2453 1718 τοὺς
2480 1655 2688 1709 ἀδικεῖν
2719 1654 2982 1721 θέλοντας
3011 1653 3451 1726 σωφρονίζοντα.
3488 1654 3726 1726 Μακαρία

2163 1742 2348 1796 τοίνυν
2400 1744 2671 1815 ὑπάρχεις
2702 1746 2761 1799 ἐν
2783 1744 2975 1799 πόλεσι
3028 1744 3277 1799 τοιοῦτον
3308 1744 3629 1816 θρεψαμένη
3651 1764 3726 1798 πο·

2165 1835 2400 1907 λιοῦχον,
2451 1837 2547 1891 καὶ
2595 1836 2795 1902 θώκοις
2829 1839 2943 1902 τοῖς
2967 1841 3082 1902 σοῖς
3111 1837 3469 1908 ἐνιδρύσασα.
3513 1855 3533 1888 t
3555 1833 3626 1892 Οὖ
3654 1838 3725 1890 ἐπὶ

465 1916 530 1969 in
562 1916 746 1987 capite
772 1895 1086 1988 acceperis.
1109 1920 1283 1987 Quam
1314 1919 1500 1974 illam?
1535 1920 1732 1992 Utique
1764 1921 2054 1979 Nicolaum

2168 1927 2267 1999 μὲν
2285 1895 2541 1998 ’τῷγφωτὶ
2591 1895 2998 1999 πορευσόμεθα,
3048 1895 3147 1982 καὶ
3174 1895 3243 1981 ἐν·
3297 1930 3371 1997 τῇ
3426 1928 3560 1998 σκιᾷ
3591 1926 3724 1980 αὐτοῦ

466 2005 654 2072 illum,
708 2009 803 2077 qui
865 2025 926 2067 se
969 2012 1129 2081 plane
1187 2012 1394 2067 divinis
1466 2011 1958 2079 delectationibus,
1998 2015 2055 2070 in

2168 2021 2443 2091 ζήσωμεν,
2472 2020 2911 2093 ἀναπαυόμενοι,
2940 2041 2958 2072 ι
2986 2020 3118 2091 φησί
3155 2036 3259 2073 που
3276 2018 3340 2072 τὸ
3371 2017 3521 2086 ἱερὸν
3541 2018 3722 2085 Λόγιον.

465 2098 902 2156 necessitatibus
974 2102 1329 2158 manifestum
1391 2103 1712 2160 exhibeat:
1766 2105 2056 2164 velocissi-

2168 2114 2357 2184 Ἔχεις
2386 2113 2487 2167 σὺν
2548 2112 2728 2184 τούτῳ
2775 2113 2873 2167 καὶ
2918 2113 3045 2176 τοὺς
3084 2109 3379 2173 εὐσεϐείας
3430 2109 3722 2179 γενομένους

465 2204 620 2244 mum
671 2190 827 2246 illum
877 2192 1190 2264 adjutorcm
1248 2195 1512 2265 injuriam
1561 2197 1913 2266 patientium,
1965 2215 2059 2256 sa-

2168 2204 2494 2274 ἀγωνιστάς,
2537 2206 2869 2276 Κρήσκεντα
2909 2203 3078 2273 λέγω,
3106 2202 3205 2259 καὶ
3242 2200 3626 2271 Διοσκορίδην,
3653 2199 3721 2252 καὶ

466 2282 834 2340 cratissimam
868 2287 1223 2341 sacerdotum
1252 2287 1577 2359 imaginem,
1612 2303 1872 2360 magnum
1899 2290 2055 2346 illum

2168 2297 2467 2365 Νικοκλέα,
2494 2297 2621 2360 τοὺς
2662 2298 2811 2368 τρεῖς
2837 2295 2936 2366 τῆς
2977 2293 3211 2366 Τριάδος
3263 2294 3615 2365 ίεροφεγγεῖς
3655 2290 3719 2343 καὶ

463 2375 775 2443 miraculis,
827 2386 882 2434 et
939 2379 1212 2448 portentis
1277 2379 1627 2436 terribilem:
1672 2381 1770 2452 qui
1808 2377 2063 2440 insontes

2168 2388 2497 2459 ὁμόφρονας,
2556 2385 2654 2451 οὒς
2715 2388 2748 2458 ή
2805 2384 2950 2455 α’ύτη
3023 2382 3234 2455 Τριάς,
3288 2384 3412 2445 τοῖς
3462 2378 3718 2446 ἀξιονίκοις

464 2484 497 2519 e
544 2470 808 2538 periculis
839 2471 1058 2537 liberet,
1120 2472 1371 2528 volentes
1403 2471 1666 2542 injuriam
1719 2474 1929 2542 facere,
1997 2476 2055 2532 in

2168 2480 2258 2549 τῆς
2306 2462 2937 2549 βασιλείαςῖτετίμηκεν
2984 2474 3191 2539 ἄθλοις.
3237 2473 3623 2546 Ἐναρμονίωςί
3653 2467 3720 2526 οὖν

464 2561 682 2617 somnis
730 2578 980 2631 monens,
1037 2565 1291 2635 castiget.
1323 2566 1487 2620 Beata
1525 2564 1693 2634 igitur
1750 2566 1895 2623 inter
1918 2567 2061 2623 civi-

2168 2570 2453 2641 συνάψασα
2477 2570 2710 2635 τούτοις,
2734 2568 2834 2641 τὴν
2852 2568 3217 2637 συναοίδημον
3231 2567 3484 2633 ἐπαξίως
3505 2580 3721 2619 συνεστε-

464 2659 631 2718 tates,
688 2667 811 2724 qua:
862 2662 1155 2725 patronum
1200 2657 1368 2712 talem
1433 2654 1783 2722 educaveris,
1839 2658 2063 2729 tuisque

2168 2664 2379 2733 φάνωσε
2431 2662 2715 2733 κεφαλήν·
2767 2660 2928 2715 τοῦτο
2979 2659 3207 2731 μὲν,ὼς
3235 2662 3335 2714 τὸν
3395 2662 3515 2712 ἴσον
3570 2657 3721 2716 αὐτοῖς

463 2744 741 2803 locaveris
792 2749 1038 2805 sedibus.
1111 2751 1225 2805 «1η
1287 2751 1467 2823 cujus,
1503 2771 1521 2803 ι
1586 2753 1768 2821 inquit
1820 2753 2059 2823 quodam

2168 2754 2369 2825 Ξιγῶνα,
2408 2756 2473 2825 τῇ
2505 2754 2648 2809 κατά
2705 2752 3034 2825 προαίρεσιν
3052 2752 3298 2806 διαθέσει
3325 2749 3596 2821 γενναίως
3622 2750 3718 2847 ira:

462 2836 596 2893 loco
632 2838 943 2911 Scriptura,
970 2862 987 2894 ι
1015 2845 1224 2899 lumine
1244 2844 1652 2901 ambulabimus
1684 2856 1733 2911 ο,
1763 2854 1817 2901 et
1846 2846 1901 2901 in
1933 2846 2055 2917 ejus

2168 2847 2475 2919 ἲειξάμενον
2507 2865 2521 2878 ·
2567 2846 2728 2900 τοῦτο
2754 2845 2833 2911 δὲ,
2863 2846 2955 2899 καὶ
2970 2844 3045 2907 ὡς
3067 2843 3172 2915 ήδη
3208 2842 3381 2897 πάλιν
3411 2843 3527 2905 τοίς
3549 2836 3712 2894 ἑαυτοῦ

464 2930 667 2986 umbra
720 2935 1070 3004 quiescentes
1108 2937 1359 2993 vivemus
1395 2936 1439 2992 ί.
1476 2956 1496 2991 ›
1539 2936 1722 2994 Habes
1747 2938 1797 2993 ei
1846 2937 2055 3007 socios,

2168 2939 2345 3002 πόνοις
2394 2938 2521 3001 τοὺς
2555 2937 2843 3008 μάρτυρας
2875 2950 2889 2965 ·
2943 2935 3042 2989 καὶ
3089 2933 3241 3007 ζήλῳ
3269 2933 3357 3005 τῷ
3385 2932 3526 3005 πρὸς
3555 2930 3719 2991 αὐτοὺς

459 3018 686 3089 pietatis
708 3024 944 3094 pugiles,
968 3024 1345 3091 Crescentem,
1375 3028 1626 3098 inquam,
1650 3026 2055 3093 Dioscoridem,

2168 3030 2289 3102 Ξρτι
2345 3030 2438 3083 τὸν
2485 3030 2719 3091 ἐκεῖνοις
2768 3026 3153 3099 ἐμπρέποντα,
3193 3023 3715 3092 συναναπλεκόμενον

463 3120 521 3166 et
545 3113 818 3173 Nicoclem
841 3119 989 3191 (75);
1021 3130 1134 3177 trcs
1154 3121 1279 3176 illos
1305 3121 1599 3179 Trinitatis
1623 3123 1831 3178 lumine
1849 3122 2057 3179 all‘usos
2163 3124 2448 3192 στέφανον.

464 3212 909 3284 concordesquc,
969 3232 1111 3287 quos
1167 3218 1359 3274 eadem
1409 3218 1529 3289 ipsa
1559 3218 1829 3285 Trinitas,
1865 3218 2054 3290 dignis
2088 3234 2188 3291 pro
2238 3220 2501 3286 victoria,
2549 3212 2711 3290 'regni
2776 3217 3025 3306 praemiis
3059 3215 3383 3272 honoravit.
3454 3216 3523 3271 lis
3584 3212 3719 3306 igitur

465 3305 742 3361 concinne
772 3315 1120 3374 consertum,
1158 3312 1277 3380 pari
1335 3313 1513 3384 gloria
1572 3312 1840 3383 inclytum
1870 3321 2057 3384 caput,
2098 3314 2281 3384 dignis
2310 3314 2519 3369 laureis
2553 3311 2720 3369 simul
2770 3303 3064 3367 coronavit
3100 3328 3113 3365 :
3157 3319 3271 3366 tum
3337 3309 3489 3378 quod
3544 3303 3721 3377 aequale

463 3395 606 3467 ipsis
672 3404 976 3462 certamen,
1040 3400 1346 3458 voluntatis
1399 3401 1599 3458 aﬂ‘ectu
1638 3413 1868 3460 strenue
1901 3404 2271 3471 desudasset;
2311 3413 2427 3460 tum
2493 3404 2639 3475 quod
2686 3403 2842 3472 olim,
2914 3404 3035 3461 suis
3106 3402 3223 3473 ipse
3259 3401 3571 3466 laboribus,
3623 3411 3715 3452 ser-

465 3494 584 3541 tum
618 3486 731 3541 Deo
770 3489 1169 3545 concinnasset
1200 3499 1473 3563 martyres
1518 3492 1657 3565 (74),
1700 3495 1932 3566 zeloque
1987 3494 2053 3549 ad
2089 3509 2208 3564 eos,
2238 3510 2544 3568 congruam
2582 3495 2924 3567 martyribus
2995 3508 3259 3551 coronam
3343 3488 3719 3563 impraesentia-

463 3593 590 3632 run
630 3580 952 3636 concinnet.
1698 3659 1703 3665 ο

539 3671 742 3727 Verum
784 3668 974 3732 adeste
1028 3678 1236 3747 pariter
1294 3681 1540 3737 universi
1578 3682 1765 3750 hodie,
1798 3699 1833 3740 o
1863 3700 2053 3741 sacra-
2079 3688 2126 3751 α

466 3763 689 3819 tissima
744 3773 798 3819 ct
856 3766 1044 3823 ﬁdelis
1088 3771 1308 3836 concio,
1368 3781 1645 3845 quotquot
1681 3774 1750 3828 ad
1793 3777 2058 3846 templum

465 3852 617 3908 istud
638 3853 848 3925 pariter
866 3859 1214 3917 occurristis.
1236 3860 1464 3917 Sacram
1493 3864 1689 3921 festive
1714 3862 2059 3924 celebremus

468 3944 638 4006 diem,
689 3961 753 4001 ac
803 3949 964 4019 plane
1020 3951 1221 4018 laetam,
1275 3955 1387 4011 Deo
1445 3955 1611 4012 amati
1641 3956 1821 4014 Patris
1881 3962 2061 4016 nostri

469 4040 794 4094 memoriam
834 4043 1269 4101 laudatissimam
1324 4050 1651 4105 recolentes.
1689 4050 1755 4111 ld_
1772 4067 1899 4107 vero
1929 4069 2063 4124 prte-

471 4138 709 4197 stemus,
744 4138 1023 4191 mundana
1081 4140 1233 4194 οηιηί
1288 4156 1512 4213 pompa,
1574 4152 1965 4216 conventuque
1992 4161 2059 4201 ac

470 4223 776 4283 fallacibus
816 4232 1165 4288 ornamentis
1189 4248 1353 4304 quam
1389 4236 1578 4304 procul
1605 4235 1783 4307 jussis
1813 4239 2015 4293 vadere
2043 4257 2058 4306 ;

475 4317 615 4383 sive,
643 4320 849 4389 quibus
893 4323 1086 4379 infelix
1122 4326 1478 4381 ethnicorum
1514 4329 1751 4385 solertiae
1778 4324 2099 4385 adforma-'

474 4416 565 4463 tur
594 4426 788 4478 error;
825 4414 938 4469 sive
966 4425 1241 4487 quotquot
1275 4418 1516 4484 ludicra,
1547 4419 1685 4475 viris
1707 4421 2054 4485 carnalibus,

474 4521 503 4556 a
537 4506 719 4560 carnis
754 4506 988 4578 ﬁctaque
1019 4510 1111 4564 illa
1160 4511 1490 4566 confusione
1524 4513 1854 4583 dependent.
1888 4511 2061 4570 Plane

473 4597 621 4651 enim
654 4608 787 4653 sunt
816 4600 1085 4669 ejusmodi
1116 4602 1433 4671 ludi’cra,'ct
1463 4605 1629 4677 digna
1672 4606 1811 4670 risu,
1855 4606 2058 4677 quibus

2238 3680 2401 3736 Ἀλλά
2427 3678 2589 3749 δεῦρο
2616 3677 2822 3740 πάντες
2876 3673 3014 3746 ὁμοῦ
3062 3674 3328 3745 σήμερον,
3370 3664 3417 3725 ὧ
3459 3669 3719 3742 ἱερώτατον

2158 3776 2256 3829 καὶ
2281 3771 2494 3826 πιστῶν
2527 3770 2917 3842 ἀκροατήριον,
2968 3766 3063 3818 ἐπ)⁸
3083 3764 3237 3818 τόνδε
3257 3765 3354 3817 τὸν
3388 3764 3518 3849 ναὸν
3549 3775 3718 3815 καταν-

2159 3868 2447 3939 τήσαντες.
2485 3852 2723 3933 Ἐορτὴν
2743 3859 3095 3931 ἐορτάσωμεν
3129 3856 3274 3927 ίερὸν
3300 3856 3402 3909 καὶ
3432 3854 3719 3951 πανέορτοὶθ,

2159 3957 2258 4027 τὴν
2288 3953 2786 4023 ἀξιεπαινεστὰτην
2853 3948 2948 4004 τοῦ
3013 3946 3278 4016 θεοφόρου
3330 3946 3551 4018 Πατρδς
3590 3946 3721 4014 ήμῶν

2159 4048 2578 4119 ἐπιτελούμεναι
2601 4046 2929 4117 ἀνάμνησιν.
2967 4042 3239 4111 Ποιοῦμεν
3277 4040 3334 4094 δὲ
3390 4039 3564 4101 τοῦτο,
3599 4034 3719 4101 πάσῃ

2167 4143 2267 4213 μὲν
2305 4144 2547 4212 κοσμικῇ
2578 4143 2773 4212 πομπῇ
2800 4156 2859 4194 τε
2906 4139 3003 4192 καὶ
3052 4135 3390 4207 πανηγύρει,
3425 4134 3518 4188 καὶ
3542 4133 3720 4196 ἀπατη-

2162 4235 2279 4300 λοῖς
2312 4235 2739 4306 καλλωπίσμασι
2778 4232 2999 4304 μακρὰν
3052 4231 3274 4302 χαίρειν
3333 4228 3594 4325 ἀφέμενοι
3641 4222 3721 4325 δσα

2161 4346 2223 4383 τε
2260 4331 2361 4399 τῆς
2401 4326 2727 4397 Ἑλληνικῆς
2766 4325 3052 4396 ἀγχινοίας
3079 4325 3180 4395 τὴν
3214 4320 3584 4391 κακοδαίμονα
3609 4312 3719 4366 πλά-

2162 4437 2263 4491 νην
2295 4416 2760 4490 ἐπιμορφάζεται,
2790 4418 2888 4470 καὶ
2935 4415 3038 4469 ὅσα
3070 4415 3169 4485 τῆς
3218 4414 3376 4467 κάτω
3415 4407 3717 4480 συγχύσεως,

2164 4513 2262 4568 καὶ
2320 4512 2421 4583 τῆς
2481 4508 2817 4566 ἐπιπλάστου
2880 4508 3165 4580 σαρκίνοις
3233 4505 3442 4578 ἐξήρθη
3502 4499 3716 4567 παίγνια.

2173 4603 2410 4673 Παίγνια
2428 4604 2538 4676 γάρ
2564 4603 2660 4657 καὶ
2669 4601 2920 4673 ,γέλωτος
2947 4599 3097 4668 ἀξια,
3121 4592 3196 4655 ὧν
3226 4598 3384 4653 οὐδὲν
3404 4592 3715 4661 ἀθλιώτερον.

550 4790 572 4819 ο
602 4779 707 4833 lsa.
742 4788 802 4844 ti,
845 4782 897 4835 5.
984 4783 1003 4821 ί
1044 4783 1249 4839 Thren.
1287 4803 1359 4852 Iv,
1387 4788 1479 4841 20.

548 4971 557 4979 .
1792 4917 2031 4974 VARIAﬂ
2070 4917 2473 4975 LECTIONES'

549 5008 566 5038 ⁸
587 5023 679 5077 γρ·
713 5007 858 5077 κάγή
870 5024 969 5077 ρωο

1784 5121 2177 5190 COMBEFISH
2209 5123 2443 5182 ΝΟΤᾸΞ.

549 5236 664 5308 (73)
698 5234 1053 5322 ςτεεεεη-ιειη,
1087 5233 1455 5322 Dioscoriden't
1478 5244 1527 5290 et
1555 5236 1852 5322 Νξορεέςηιτ
1889 5236 2070 5293 [labet
2102 5224 2149 5280 Ῑ)
2178 5248 2291 5305 tus,
2320 5241 2377 5296 in
2406 5256 2472 5297 eo
2487 5241 2685 5322 .posita
2724 5239 2818 5307 sit,
2844 5239 3013 5322 .qtrod
3067 5240 3185 5312 ipse
3224 5239 3567 5322 martyribus,
3589 5230 3711 5322 velli!

480 5305 612 5393 duo.
649 5307 875 5393 primos‘
907 5305 1363 5393 Martyrologium
1404 5305 1567 5393 £10m.
1610 5306 1682 5390 ἓξ
1724 5307 2071 5393 M_aii;.quos
2175 5305 2810 5393 coronaverit__l)eum,'
2844 5305 3152 5393 iisdemque
3193 5305 3446 5393 martyrii
3491 5312 3708 5393 corrigat?

480 5373 705 5436 eosdem
736 5379 813 5433 ait
835 5373 1110 5435 Baronius
1148 5373 1354 5433 habere
1402 5377 1626 5433 Graecos
1661 5379 1718 5452 in
1748 5373 2073 5452 Menel.'_ea-
2174 5384 2326 5436 velut
2348 5382 2613 5447 texuerit,
2640 5381 2938 5452 animando
2972 5382 3038 5437 ad
3062 5373 3415 5452 iuartyriuin,
3449 5393 3541 5452 pr_o
3567 5373 3710 5452 ofﬁcio

483 5453 608 5503 «lt-tn
667 5450 777 5531 die,
840 5466 905 5505 ac
960 5458 1188 5531 e‘xstare.
1229 5462 1417 5503 eorum
1473 5450 1900 5531 inemoriarmin
1947 5447 2070 5529 Vita
2176 5452 2306 5531 boni
2336 5452 2617 5531 pastoris:
2645 5450 3012 5531 Diocletiano,
3059 5447 3293 5531 aliisque
3327 5447 3707 5531 ante'Constﬁt:

485 5518 907 5600 sanctiuNicolai
942 5519 1124 5577 :forte
1146 5520 1238 5600 .in_
1259 5534 1321 5575 ea
1346 5534 1559 5600 .quanl
1588 5518 1900 5600 Methodius
1934 5520 2075 5575 scri-
2176 5518 2356 5600 tinum
2379 5523 2524 5600 _dire
2576 5520 2881 5600 Ecclesiam
2897 5518 3357 5600 “devastantibus
3378 5560 3393 5585 ,
3453 5518 3705 5600 praeseng

486 5589 776 5673 psit..No‘n
798 5590 1200 5673 enimjnvenio
1225 5590 1281 5672 _in
1313 5589 1482 5643 altera
1513 5588 1936 5673 Metaphrastisa
2178 5592 2424 5673 O_rie_ntis
2447 5632 2474 5673 ι
2511 5600 2696 5673 atque,
2734 5592 2871 5673 adeo
2897 5591 3107 5673 Nicolai
3165 5606 3383 5673 gregem
3403 5588 3707 5673 etiejtlfulfﬁf’:

562 5662 674 5727 (74)
710 5662 919 5716 Sertum
954 5662 1060 5717 Deo
1089 5662 1460 5743 concinnasset
1491 5652 1782 5743 martyres.
1806 5659 2072 5743 cogimur
2177 5664 2418 5743 vinciam
2450 5652 2693 5743 Lyciae:-
2720 5661 2814 5743 qui
2848 5664 3097 5743 nec_ipse
3145 5652 3701 5743 confessionistitul");l

486 5734 745 5802 supplere
770 5733 833 5784 τι
882 5732 1458 5802 συναναπλεκόμενον,
1485 5732 1632 5801 quod
1678 5730 1762 5802 vel
1798 5730 2066 5785 subintel-

2176 5735 2406 5787 omnino
2432 5730 2713 5795 aruiserit;
2747 5742 2932 5788 tentus
2962 5730 3018 5788 iri
3068 5748 3292 5791 carcere
3316 5732 3438 5789 ﬁdei
3464 5735 3625 5791 causa,
3650 5732 3672 5770 ³

485 5801 689 5875 ligatur
748 5805 828 5857 vel
878 5805 1244 5875 desideretur.
1282 5801 1352 5857 Ut
1385 5801 1608 5856 afferam
1644 5801 1911 5875 rationem
1966 5816 2067 5856 cur
2177 5819 2353 5875 usque
2384 5812 2633 5874 tempora
2666 5802 3040 5859 Constantini.

483 5872 748 5931 Nicolaus
774 5889 959 5945 parma
992 5874 1334 5944 martyribus
1377 5887 1640 5929 coronam
1680 5872 1750 5927 sit
1797 5886 2065 5927 consecu-
