3950 6478
409 385 549 450 1207

1605 389 1669 451 s.
1706 370 2039 451 ANDRE/E
2075 386 2502 451 CRETENSIS

3545 396 3663 467 me

474 494 719 553 Sanctus
768 493 1037 569 Patapius
1109 507 1217 563 est,
1283 500 1448 570 cujus
1507 501 1834 556 memoriam
1888 501 1992 556 ho—

2167 504 2450 567 Πατάπιος
2488 506 2518 557 6
2548 505 2716 572 ὅσιος,
2775 499 2836 558 οὗ
2888 506 2991 577 τὴν
3031 509 3256 580 μνήμην
3293 511 3648 583 γεραίροντες.

404 602 542 643 nore
570 586 1003 658 prosequentes,
1039 588 1257 645 huncce
1290 588 1621 645 hodiernum
1655 599 1993 647 conventum

403 682 648 750 agimus.
676 680 800 752 Ipse
838 688 945 746 est,
996 681 1093 750 qui
1129 696 1325 738 omnes
1359 681 1549 745 hodie.
1598 684 1824 739 sublimi
1855 698 1997 753 quo-

405 774 532 829 dam
558 772 844 844 praeconio
896 772 1007 829 huc
1042 775 1379 830 convocavit
1405 793 1420 842 ;
1444 775 1696 846 seipsum
1737 775 1991 847 quidem,

403 864 557 920 velut
601 863 957 934 splendidum
995 865 1149 919 omni
1181 866 1386 935 dapnm
1424 868 1993 938 genere'instructum

403 956 722 1012 convivium
743 972 806 1013 ac
822 973 1074 1014 mensam
1094 959 1382 1014 caelestem
1401 974 1754 1030 proponens:
1775 976 1992 1019 sacram

400 1064 535 1104 vero
563 1049 650 1104 sui
694 1050 1050 1115 memoriam,
1088 1048 1367 1105 esculenti
1418 1049 1599 1103 instar
1624 1064 1691 1104 ac
1717 1049 1994 1119 spiritalis

401 1136 743 1193 condimenti
787 1137 936 1205 loco,
974 1136 1310 1207 proferens:
1357 1137 1447 1192 cui
1479 1152 1602 1201 vos,
1633 1137 1850 1205 dilecti,
1879 1153 1995 1194 mo-

399 1242 520 1284 rem
546 1235 827 1298 gerentes,
879 1228 1023 1284 bene
1067 1228 1232 1299 plane
1275 1238 1529 1299 agentes,
1566 1230 1692 1286 loco
1728 1230 1835 1286 hoc
1871 1231 1991 1289 col-

398 1319 529 1375 lecti
560 1320 721 1378 estis.
753 1322 968 1392 Quippe
990 1337 1114 1377 eam
1142 1320 1547 1399 sapientissimi
1574 1322 1738 1381 Pauli
1772 1339 1990 1390 vocem,

398 1410 479 1465 ita
512 1412 935 1484 praecipientis:
979 1432 999 1465 ι
1039 1400 1282 1469 Ohedite
1315 1414 1633 1484 praepositis
1662 1416 1895 1481 vestris,
1937 1423 1994 1470 et

2099 596 2306 666 ταύτην
2339 597 2548 667 ἄγομεν
2570 600 2669 669 τὴν
2694 600 3004 673 πανήγυριν
3022 600 3162 675 σήμε
3173 619 3285 675 ρον.
3320 604 3492 669 Αὐτὸς
3506 606 3663 663 ᾶπαν-

2098 706 2197 752 τας
2223 688 2413 747 ἐνθάδε
2458 689 2555 743 νῦν
2595 693 2950 758 συνεκάλεσε,
3007 693 3130 764 μεθ’
3170 695 3375 766 ὑψηλοῦ
3404 715 3546 762 τινος
3578 717 3665 770 κη·

2101 779 2416 851 ρύγματος·
2461 782 2658 839 ἑαυτὸν
2709 785 2808 851 μὲν
2860 785 3088 855 προθεὶς
3130 788 3268 858 ἡμῖν
3320 787 3508 859 ὥσπερ
3554 793 3666 847 τινὰ

2099 873 2373 945 πολυτελῆ
2429 876 2755 936 πανδαισίαν
2793 878 2891 935 καὶ
2950 877 3210 949 οὐράνιον
3235 879 3517 950 τράπεζαν
3537 898 3552 913 ⁸
3580 883 3669 953 τὴν

2095 963 2153 1019 δὲ
2192 965 2347 1035 ίερὰν
2379 964 2548 1019 αὐτοῦ
2598 967 2823 1037 μνήμην
2859 969 2973 1023 ἀντ’
3008 968 3209 1039 ἐδωδῆς
3254 970 3351 1027 καὶ
3388 972 3671 1041 καρυκείας

2097 1057 2479 1129 πνευματικῆς
2495 1058 2960 1129 προὸαλλόμενος.
2978 1054 3026 1128 ᾧ
3038 1061 3374 1129 πεισθέντες,
3388 1064 3668 1134 ἀγαπητοὶ,

2097 1148 2549 1221 συνηθροίσθητε,
2569 1146 2631 1205 εὖ
2657 1167 2722 1220 γε
2751 1154 2847 1209 καὶ
2863 1152 2986 1207 λίαν
3020 1154 3373 1224 ποιήσαντες.
3398 1155 3511 1224 Τῆς
3540 1156 3639 1227 γάρ
3656 1174 3668 1187 ’

2104 1261 2124 1293 ι
2164 1242 2430 1299 Πείθεσθε
2468 1244 2583 1306 τοῖς
2629 1245 2965 1315 ἡγουμένοις
3014 1245 3172 1316 ὑμῶν
3207 1246 3302 1303 καὶ
3336 1245 3613 1307 ὑπείκετε.
3650 1267 3667 1301 ι

2097 1334 2500 1415 νομοθετούσης
2531 1334 2628 1392 τοῦ
2667 1336 2949 1407 πανσόφου
2981 1338 3198 1395 Παύλου
3230 1336 3422 1407 φωνῆς
3448 1354 3465 1369 ’
3536 1338 3626 1394 καί
3657 1357 3667 1371 ’

2103 1442 2123 1475 ε
2155 1425 2545 1496 Μνημονεύετε
2590 1425 2701 1485 τῶν
2749 1427 3077 1497 ἡγουμένων
3139 1426 3316 1498 ὑμῶν’
3369 1445 3391 1478 ι
3426 1428 3524 1487 καὶ
3575 1429 3671 1485 τῶν

302 5004 306 5010 ’
406 5020 709 5077 coronam?
754 5019 1011 5074 Etiamne
1039 5033 1175 5073 vero
1217 5016 1674 5072 conversationis
1732 5015 1996 5087 splendo-

399 1500 686 1573 subjaeete
736 1504 819 1561 eis
853 1505 901 1567 8,
963 1522 984 1555 ι
1035 1511 1148 1559 et:
1187 1522 1208 1555 ι
1270 1503 1601 1567 Mementote
1659 1508 1994 1578 praeposito-

398 1607 524 1647 rum
553 1602 866 1650 vestrorum
893 1595 946 1658 ιι,
987 1612 1008 1645 ι
1048 1609 1115 1649 ac
1148 1593 1198 1648 si
1239 1594 1373 1664 quid
1411 1596 1482 1651 ab
1512 1596 1584 1653 iis
1616 1603 1843 1667 pendet,
1878 1614 1994 1653 me-

397 1683 585 1739 moria
638 1687 973 1750 retinentes,
1030 1683 1269 1759 ejusque
1317 1686 1636 1743 absolutum
1681 1690 1991 1759 prmmium,
2098 1703 2301 1774 ἀρετὴν

401 1774 785 1832 obedientium
832 1777 1096 1832 virtutem
1137 1774 1507 1844 testimantes,
1564 1779 1824 1851 impigre,
1880 1798 1991 1837 una
2101 1795 2314 1866 ήλθετε,

401 1882 529 1922 eum
562 1878 796 1925 vocante
829 1870 1087 1925 venistis.
2006 1869 2074 1924 εΒ

470 1961 611 2017 Cum
668 1979 837 2035 porro
886 1968 1003 2023 haec
1049 1969 1126 2025 ita
1179 1969 1447 2033 habeant,
1512 1970 1719 2032 venite,
1768 1969 1989 2039 virique

2097 1517 2200 1574 ὅσα
2223 1518 2434 1582 τούτοις
2466 1519 2728 1592 ἐπῆρται,
2762 1520 2864 1592 τὴν
2888 1522 3115 1591 μνήμην
3144 1520 3287 1577 κατὰ
3314 1519 3559 1577 διάνοιαν
3586 1521 3672 1591 φέ-

2102 1628 2311 1681 ροντες,
2343 1613 2440 1668 καὶ
2465 1612 2671 1669 τέλειον
2695 1612 2902 1678 ταύτης
2932 1607 3119 1675 ἆθλον,
3153 1611 3254 1683 τὴν
3284 1610 3397 1667 τῶν
3430 1610 3673 1680 ὑπηκόων

2385 1701 2726 1775 ὁριζόμενοι,
2810 1703 3025 1767 ἀόκνως
3074 1701 3157 1772 τῷ
3216 1700 3478 1761 καλοῦντι
3561 1717 3671 1755 συνη

2177 1979 2332 2037 Ἐπεὶ
2356 1978 2412 2033 δὲ
2442 1978 2619 2034 ταῦτα
2642 1978 2817 2044 οὕτως
2849 1978 2966 2050 ἔχει
2993 1993 3007 2008 ο
3033 1978 3195 2051 δεῦρο
3224 1978 3546 2043 πεισθέντες
3574 1997 3671 2048 μοι.

401 2056 740 2121 encomium,
772 2073 837 2114 ac
867 2059 997 2116 vitae
1028 2061 1154 2131 ejus
1178 2071 1232 2117 et
1260 2063 1709 2119 conversationis
1740 2062 1988 2120 audituri

2101 2070 2154 2127 τὺ
2174 2069 2272 2127 τοῦ
2298 2070 2490 2140 ἀνδρὸς
2520 2070 2799 2142 ἐγκώμιον
2826 2070 3122 2133 ἀκούσατε.
3159 2071 3257 2129 καὶ
3301 2070 3406 2140 τῆς
3433 2069 3556 2126 κατ’
3588 2071 3671 2125 αύ-

392 2144 721 2215 .historiam,
790 2150 932 2207 bene
988 2153 1141 2211 suasi
1196 2153 1505 2226 facilesque
1567 2155 1780 2211 adeste.
1855 2154 1990 2211 Mihi

2101 2163 2186 2218 τὸν
2213 2162 2307 2216 τοῦ
2359 2162 2477 2234 βίου
2517 2163 2820 2231 διαγωγῆς,
2868 2163 3208 2232 ὲκφαντικὴν
3256 2162 3361 2233 τὴν
3414 2160 3671 2232 διήγησιν.

400 2248 575 2304 certe,
606 2248 669 2296 ut
712 2258 875 2300 sacro
917 2245 1043 2302 viro
1095 2256 1368 2317 quantam
1413 2247 1661 2307 facultas
1693 2252 1990 2327 permittit,

2106 2256 2262 2325 Ἐμοὶ
2293 2255 2395 2326 μὲν
2424 2257 2505 2319 εἰς
2532 2254 2762 2325 δύναμιν
2791 2254 2988 2326 ἐκείνῳ
3016 2253 3096 2324 τῷ
3126 2252 3259 2325 ἱερῷ
3288 2253 3387 2311 τὸν
3422 2253 3673 2328 στέφανον

401 2348 667 2391 coronam
710 2335 1007 2406 plectendo
1059 2338 1203 2393 nihil
1247 2338 1484 2399 omnino
1536 2355 1729 2399 eorum
1771 2358 1893 2412 quae
1922 2343 1993 2401 ad

2101 2346 2374 2410 πλέκοντι,
2399 2346 2485 2403 ἐπ’
2516 2345 2695 2401 οὐδενὶ
2746 2344 3007 2411 καθάπαξ
3035 2342 3144 2397 τῶν
3172 2345 3253 2408 είς
3300 2341 3511 2414 ἀρετὴν
3549 2341 3674 2399 ὲκεί-

400 2423 529 2492 ejus
581 2434 836 2495 spectant
901 2428 1171 2487 virtutem
1231 2431 1464 2488 silentio
1538 2433 1845 2501 involvam,
1901 2450 1994 2491 res

2101 2456 2186 2493 vou
2213 2438 2502 2492 τεινόντων
2560 2435 3019 2507 παρασιωπῶντι,
3071 2433 3273 2489 πολλοῦ
3314 2451 3383 2502 γε
3419 2432 3516 2487 καὶ
3560 2432 3668 2487 δεῖ⁶

398 2518 569 2585 plane
598 2521 773 2575 ardua
800 2530 910 2587 est,
937 2527 1108 2592 atque
1136 2522 1193 2579 in
1234 2524 1434 2594 primis
1465 2534 1527 2581 ut
1555 2526 1720 2584 vehis
1747 2527 1875 2585 festi
1904 2544 1993 2585 sa-

2101 2529 2225 2601 ὑμῖν
2262 2529 2318 2582 δὲ
2375 2528 2579 2600 μᾶλλον
2627 2530 2745 2593 τοῖς
2790 2528 2899 2583 τῶν
2964 2527 3284 2599 μυστηρίων
3338 2524 3445 2594 τῆς
3499 2525 3670 2596 ἑορτῆς

402 2619 819 2666 cramentorum
878 2612 1258 2682 auditoribus,
1309 2625 1423 2673 tam
1466 2618 1763 2688 magniﬁce
1806 2619 1991 2675 laetum

2101 2622 2424 2694 ὰκροάμοσι,
2468 2620 2707 2691 φαιδρὰν
2743 2621 2823 2687 εἰς
2870 2621 2997 2674 ὅσον
3062 2617 3544 2706 κατασκευάζοντι
3586 2614 3666 2685 τήν

403 2708 743 2757 conventum
775 2704 1078 2771 instruant,
1128 2706 1437 2778 ingensque
1462 2708 1729 2778 gaudium
1771 2724 1873 2780 pro
1902 2725 1994 2766 so-

2101 2717 2426 2787 πανήγυριν,
2461 2714 2560 2767 καὶ
2591 2712 2796 2783 πολλὴν
2821 2712 2961 2782 ἄγαν
2986 2704 3309 2783 ἐμποιοῦντι
3353 2710 3457 2780 τὴν
3485 2709 3667 2781 εὐφρα-

403 2794 610 2851 lrmnis
648 2795 760 2851 diei
803 2797 1023 2853 ratione
1054 2799 1280 2859 faciam.
2099 2808 2241 2863 σίαν.

477 2887 616 2954 Quis
644 2902 775 2959 ergo
819 2897 874 2943 et
906 2889 1088 2959 qualis
1139 2899 1225 2946 est
1260 2890 1444 2948 dictus
1476 2891 1765 2963 Patapius,
1807 2892 1899 2948 cui
1940 2901 1994 2948 et

2175 2901 2273 2964 Τίς
2299 2898 2394 2956 οὖν
2432 2896 2589 2967 οὗτος
2616 2903 2705 2956 ml.
2732 2902 2884 2964 ποῖος
2916 2900 2945 2952 6
2978 2896 3271 2969 εἰρημένος
3302 2894 3604 2955 Πατάπιος,
3630 2883 3666 2957 ᾧ

403 2995 506 3038 nos
538 2980 923 3035 exornativum
959 2997 1275 3038 sermonem
1330 2982 1598 3041 adhibere
1633 2985 1822 3040 studio
1863 2986 1994 3039 niti-

2101 2990 2193 3043 xa‘t
2223 2991 2385 3061 ἡμεῖς
2408 2992 2539 3054 τοὺς
2569 2992 2679 3046 τῶν
2712 2990 2953 3043 ἐπαίνων
2980 2987 3175 3055 λόγους
3208 2984 3495 3057 προσάψαι
3522 3000 3666 3036 σπου·

403 3092 548 3143 mur,
588 3091 867 3146 quemque
912 3092 1012 3131 vos
1061 3076 1427 3140 celebraturi,
1478 3079 1854 3149 obsequentes
1888 3084 1994 3140 huc

2101 3082 2352 3151 δάζομεν,
2394 3084 2489 3136 καὶ
2508 3083 2667 3153 ὑμεῖς
2696 3081 3020 3145 πεισθέντες
3048 3077 3239 3130 ἐνθάδε
3272 3075 3666 3146 πανηγυρίσονο

402 3169 513 3224 1οοί
568 3171 955 3226 convenistis?
998 3169 1274 3231 Nimirum
1322 3171 1495 3227 eremi
1548 3172 1692 3230 civis
1740 3183 1794 3231 et
1841 3177 1994 3233 orbis

2101 3189 2190 3236 τες
2217 3173 2424 3242 ἦκατες
2466 3174 2527 3226 ’0
2554 3173 2655 3243 τῆς
2706 3173 2915 3246 ἐρήμου
2945 3170 3195 3240 πολίτης,
3229 3168 3324 3223 καὶ
3371 3167 3476 3238 τῆς
3512 3168 3667 3219 οἰκον-

400 3265 711 3333 inspector,
780 3264 1012 3335 angelus
1057 3274 1345 3328 tcrrenus,
1381 3270 1437 3319 et
1481 3265 1734 3322 cmiestis
1788 3268 1990 3324 homo:

2101 3228 2273 3336 μένης
2296 3228 2706 3336 ἐπισκεπτήτης
2739 3228 2827 3297 is
2844 3262 2870 3315 6
2890 3228 3140 3331 ἐπίγειος
3153 3228 3167 3235 ⁷
3182 3228 3567 3329 ἀγγελοςζκαὶ
3585 3255 3664 3308 οὐ·

403 3358 499 3429 qui
536 3366 745 3412 terram
808 3367 866 3411 ut
904 3357 1107 3412 cmlnm
1157 3356 1417 3420 incoluit,
1478 3358 1793 3429 cmlumque
1841 3359 1994 3415 velut

2101 3355 2284 3426 ράνιος
2329 3356 2652 3426 ᾶνθέκινλμεθς·
2691 3357 2722 3409 ὁ
2753 3355 2859 3426 γῆν
2904 3354 2981 3420 ὡς
3018 3352 3250 3423 οὐρανὸν
3298 3351 3556 3419 οἰκήσας,
3587 3346 3666 3399 καὶ

2096 3448 2329 3520 οὐρανὸν
2389 3448 2467 3511 ὡς
2528 3448 2637 3519 γῆν
2684 3447 2968 3518 μυστικῶς
3012 3444 3387 3517 περιπολέσας
3416 3441 3495 3512 τῷ
3521 3438 3666 3493 πνεύ-

2101 3556 2233 3610 ματι
2254 3554 2268 3569 ·
2298 3540 2328 3593 ὁ
2359 3541 2513 3594 κάτω
2559 3540 2873 3612 ἀνθρώποις
2923 3536 3256 3608 συνομιλῶν,
3293 3537 3390 3591 καὶ
3425 3536 3544 3598 ταῖς
3570 3532 3666 3586 ἄνω

2095 3633 2482 3703 χοροστασίαις
2514 3633 3006 3705 συναυλιζόμενοςο
3035 3634 3065 3686 6
3095 3630 3256 3702 σῶμα
3286 3629 3490 3700 θνητὸν
3527 3644 3664 3697 περι-

2096 3727 2374 3797 κείμενος,
2427 3727 2524 3781 καὶ
2574 3726 2688 3781 τῶν
2752 3725 3142 3797 πνευματικῶν
3206 3725 3334 3787 τοὺς
3394 3724 3554 3793 ὅρους
3608 3723 3664 3791 τῇ

2095 3817 2294 3890 πράξει
2340 3818 2705 3890 πιστούμενος
2737 3835 2751 3849 ·
2798 3819 2828 3871 ὁ
2871 3818 3100 3888 ἔσχατος
3142 3818 3201 3871 έν
3247 3817 3540 3886 ἀσκηταῖς,
3586 3813 3665 3865 καὶ

2100 3911 2360 3982 μέγιστος
2391 3911 2449 3964 ὲν
2477 3912 2702 3981 ἀρεταῖς
2726 3926 2740 3940 '
2776 3912 2806 3964 6
2862 3908 3081 3980 ἰδιώτης
3114 3907 3193 3979 τῷ
3233 3908 3405 3977 λόγῳ,
3434 3908 3528 3960 καὶ
3552 3905 3665 3958 πάν-

2098 4025 2263 4078 σοφος
2294 4010 2361 4080 τῇ
2396 4009 2683 4080 φρονήσει.
2709 4026 2728 4060 ι
2782 4009 2844 4061 Ἦ
2877 4007 3008 4078 γὰρ,
3045 4007 3266 4061 πάντων
3309 4008 3547 4077 τεχνῖτις
3572 4002 3665 4056 ἐδί-

2094 4102 2296 4157 δασκεν
2321 4102 2484 4157 αὐτὸν
2514 4101 2709 4170 Σοφία.
2749 4120 2768 4154 ι
2820 4100 2879 4155 '0
2901 4102 2959 4154 ὲν
2987 4100 3181 4171 ἁγνείᾳ
3204 4097 3379 4163 πολύς
3399 4116 3414 4130 ο
3443 4101 3471 4151 6
3495 4099 3551 4150 ἐν
3572 4112 3664 4149 σωκ

2098 4195 2358 4267 φρονήσει
2385 4194 2658 4265 ἐπίσημος
2677 4210 2692 4225 ο
2728 4195 2758 4247 6
2783 4194 2842 4247 ὲν
2874 4193 3057 4246 πίστει
3082 4188 3285 4262 θερμός
3305 4206 3319 4221 ⁸
3357 4191 3387 4243 6
3410 4192 3469 4242 ἐν
3492 4187 3662 4256 ἀγάπῃ

2097 4285 2363 4356 φοϐερός·
2395 4287 2424 4339 6
2447 4284 2605 4338 πόλιν
2636 4283 2822 4349 οἰκῶν,
2877 4282 2974 4338 καὶ
3011 4283 3113 4353 τῆς
3152 4282 3367 4353 ἐρήμου
3403 4277 3663 4338 παντελῶς

2099 4378 2175 4450 μὴ
2201 4379 2548 4449 λειπόμενος.
2581 4373 2715 4447 Εἶχε
2754 4376 2866 4449 γὰρ
2918 4375 3126 4445 ταύτης
3172 4374 3327 4429 ἔνδον
3361 4369 3554 4427 ἑαυτοῦ
3577 4368 3661 4437 τὴν

401 3458 609 3504 terram
644 3450 878 3520 mystice
905 3448 1105 3519 spiritu
1139 3447 1430 3503 lustravit.
1470 3447 1581 3515 Qui
1614 3450 1826 3505 mundo
1866 3449 1994 3516 hoe,

403 3543 667 3598 familiari
698 3542 987 3597 hominum
1019 3541 1433 3597 consuetudine
1462 3548 1737 3605 uteretur,
1758 3542 1998 3597 interes-

403 3645 601 3706 setque
632 3634 958 3692 cmlestibus
995 3635 1209 3690 choris.
1255 3633 1362 3701 Qui
1394 3641 1545 3690 esset
1572 3626 1805 3690 indutus
1843 3649 1997 3690 tuor-

404 3732 515 3785 tale
553 3744 780 3801 corpus,
826 3729 1187 3798 rationesque
1238 3727 1578 3798 spiritalium
1612 3728 1833 3783 actione
1864 3743 1997 3784 san-

405 3822 563 3877 ciret.
605 3820 702 3875 llle
738 3820 887 3875 inter
928 3819 1238 3874 monachos
1291 3819 1527 3874 ultimus
1572 3833 1639 3874 ac
1687 3820 1996 3876 virtutibus

403 3914 721 3969 maximus:
755 3926 1017 3969 sermone
1051 3911 1225 3966 idiota
1258 3926 1323 3965 ac
1364 3911 1544 3976 rudis,
1579 3912 1997 3982 prudentiaque

405 4005 886 4077 sapientissimus:
925 4004 1073 4059 velut
1103 4020 1125 4055 ι
1175 4017 1341 4073 quem
1374 4003 1626 4057 omnium
1654 4002 1857 4058 artifex
1889 4001 1994 4057 Sa-

401 4100 636 4171 pientia,
691 4099 975 4156 docuisset
1019 4099 1074 4165 i;
1113 4115 1131 4147 ι
1188 4094 1672 4166 sapientissimus.
1720 4094 1997 4152 Castitate

402 4194 742 4264 praecipuus,
793 4192 963 4246 animi
1011 4188 1317 4246 sobrietate
1369 4188 1626 4259 insignis,
1672 4187 1778 4243 ilde
1828 4187 1998 4244 fervi-

403 4286 532 4349 dus,
586 4283 953 4340 formidabilis
1001 4283 1275 4338 charitate
1315 4297 1331 4335 :
1373 4281 1466 4350 qui
1521 4280 1863 4337 inhabitaret
1894 4295 1992 4336 ur-

402 4377 552 4441 bem,
604 4390 707 4432 nec
743 4376 972 4430 omnino
1011 4389 1041 4430 a
1077 4374 1300 4431 deserto
1351 4374 1594 4430 abesset.
1646 4372 1864 4444 Quippe
1892 4374 1993 4428 ha-

401 4470 570 4525 bebat
598 4469 751 4525 intus
794 4470 982 4523 animo
1017 4464 1480 4523 aceensi‘ssimum
1533 4465 1873 4537 fervensque
1900 4479 1993 4520 so-

2101 4471 2283 4542 σχέσιν
2315 4471 2665 4543 θερμοτάτην
2694 4470 2789 4523 καὶ
2830 4469 3079 4534 ζέουσαν,
3104 4469 3230 4539 ἣτις
3272 4465 3351 4530 ὡς
3377 4466 3489 4537 πῦρ
3516 4460 3660 4519 αύτοῦ

401 4561 659 4619 litudiuis
692 4562 1051 4626 desiderium,
1087 4575 1219 4631 quo,
1245 4559 1400 4614 velut
1436 4558 1575 4629 igni,
1610 4558 1735 4627 ejus
1768 4558 1987 4614 viscera

2101 4564 2168 4617 τὰ
2194 4562 2342 4617 ἔνδον
2372 4564 2621 4634 ἀσχέτως
2658 4563 2759 4616 οὐκ
2825 4560 3070 4616 ἀνεδίδου
3128 4559 3483 4628 φλογίζουσα,
3534 4554 3586 4610 εἴ
3605 4571 3659 4622 γε

399 4656 533 4727 Ῑυεὶν
572 4655 835 4709 incendio
894 4654 1229 4723 impotenter
1276 4651 1585 4706 arderent:
1635 4648 1863 4719 quando
1904 4651 1992 4704 vir

2101 4653 2167 4707 τὰ
2223 4654 2409 4727 ἐκείνῃ
2462 4655 2830 4726 προσήκοντα,
2903 4652 3071 4723 μέχρι.
3118 4652 3309 4715 τέλους
3347 4653 3376 4705 6
3422 4647 3659 4720 γεννάδας

404 4755 672 4804 strenuus
702 4761 826 4815 quae
856 4751 988 4801 sunt
1026 4757 1277 4812 congrua
1319 4742 1446 4796 vitm
1501 4740 1579 4796 illi
1613 4740 1680 4795 ad
1714 4756 1896 4812 usque
1928 4741 1993 4795 li-

2101 4745 2304 4808 ἑκεῖνος
2331 4745 2498 4819 δρῶν,
2527 4745 2812 4809 παντελῶς
2839 4745 2939 4799 οὐκ
2962 4745 3277 4813 ἀπέκαμεν.

402 4853 531 4895 nem
564 4835 839 4893 indefessa
866 4850 1103 4907 prorsus
1134 4833 1456 4889 constantia
1488 4833 1686 4903 gessit.

477 4929 682 4985 Verum
743 4943 854 4999 qua
905 4928 957 4983 ei
1018 4927 1235 4982 ratione
1300 4924 1559 4980 obtulero
1606 4923 1994 4979 laudationum

2181 4909 2320 4977 Ἀλλ’
2350 4920 2545 4994 ῶῡπῶς
2594 4923 2693 4993 μὲν
2750 4919 2900 4991 αὐτῷ
2932 4919 3042 4973 τῶν
3083 4917 3381 4988 ἐγκωμίων
3424 4909 3656 4986 προσὰξω

2099 5016 2191 5071 τὸν
2226 5015 2522 5084 στέφανον;
2579 5015 2705 5080 Πῶς
2735 5014 2794 5069 δὲ
2841 5013 2935 5068 καὶ¹
2966 5013 3067 5083 τῆς
3107 5011 3384 5073 πολιτείας
3417 5006 3655 5076 ὲκφράσω

353 5181 363 5191 ,
406 5129 524 5171 rem
556 5113 860 5185 exponam?
893 5110 1113 5167 Etenim
1142 5110 1347 5164 anxius
1378 5121 1523 5173 sum,
1557 5108 1771 5172 dilecti,
1802 5123 1905 5163 nec
1940 5106 1994 5163 id

2104 5106 2164 5160 τὸ
2189 5105 2442 5179 λαμπρόν
2466 5122 2482 5170 ;
2532 5105 2671 5159 ’Δλλ’
2708 5106 2858 5176 ὅμως
2878 5104 3139 5157 ἐπίπονον
3159 5098 3373 5172 ἀπορῶ,
3403 5098 3493 5152 καὶ
3531 5094 3651 5191 λίαν,

2108 5197 2405 5269 ἀγαπητοί.
2428 5196 2510 5251 Τὰ
2533 5196 2640 5267 γὰρ
2665 5196 2753 5251 διὰ
2781 5195 2880 5266 τῆς
2925 5193 3133 5249 ἄνωθεν
3158 5192 3379 5266 χάριτος
3401 5188 3488 5243 ὑπ’
3512 5186 3653 5239 αὐτοῦ

2101 5289 2427 5343 τελεσθέντα
2458 5286 2742 5358 τεράστια,
2775 5283 3101 5356 θαυμαστὴν
3121 5282 3314 5355 ἔχοντα
3367 5279 3465 5348 τὴν
3485 5278 3651 5344 διήγησ-

2105 5397 2209 5446 σιν,
2236 5377 2518 5448 κραδαίνει
2577 5394 2678 5448 μου
2711 5376 2802 5430 τὸν
2825 5375 3107 5446 λογισμὸν,
3158 5371 3253 5428 καὶ
3282 5369 3536 5442 ἐξίστησι,
3570 5361 3647 5417 καὶ

407 5205 725 5265 minimum,
755 5202 827 5258 ob
856 5201 1072 5256 laboris
1124 5197 1463 5254 molestiam.
1499 5198 1585 5254 Ab
1622 5213 1688 5253 eo
1720 5197 1870 5253 enim
1905 5213 1998 5254 su-

409 5298 584 5366 perna
619 5294 822 5365 gratia,
855 5300 1014 5363 gesta
1047 5289 1325 5361 prodigia,
1355 5288 1510 5344 dictu
1552 5303 1790 5358 prorsus
1820 5289 1992 5343 mira-

412 5388 545 5442 bilia
599 5394 755 5448 sunt,
805 5378 1077 5441 rationem
1126 5382 1526 5454 quatiunt,'ae
1568 5382 1698 5437 sede
1745 5389 1990 5447 movent,

482 5566 504 5602 ε
544 5560 715 5617 Hebr.
743 5576 861 5624 xm,
889 5561 973 5616 i7.
1051 5561 1076 5601 ιτ
1127 5538 1260 5617 ibid.
1297 5561 1329 5613 ".’
1434 5559 1451 5598 ί
1488 5560 1599 5632 Sap
1662 5576 1757 5626 vtt,
1790 5559 1881 5614 Et.

1690 5740 1925 5798 VARUE
1953 5736 2360 5795 LECTIONES.

456 5829 490 5859 ³⁸
535 5836 621 5890 Id.
658 5834 916 5907 σκεπτής.
