3950 6454
208 416 357 482 1209

1517 418 1603 480 IN
1643 419 1704 481 S.
1745 419 2163 484 PATAPIUM.

3372 412 3535 481 l2ld‘

193 532 328 583 τῶν
359 527 579 584 οἰκείων
602 530 745 601 ὅρων
808 527 1140 586 ἀπελαύνειν
1200 528 1474 599 βιάζεται.
1525 529 1696 601 Πλὴν,
1728 531 1811 594 εἰς

1921 533 2147 604 suisque
2197 532 2373 604 ipsius
2420 533 2679 590 terminis
2714 547 2819 590 ceu
2861 532 2914 587 vi
2962 531 3275 603 depulluut.
3327 531 3506 588 Caete-

190 624 338 678 δσον
364 624 619 693 ἀφίκοιτό
649 641 753 694 μου
781 625 816 695 ἡ
845 624 1074 688 διάνοια,
1109 623 1211 677 ούκ
1238 623 1455 693 ὀκνήσω
1486 621 1693 693 λέγειν.
1733 622 1810 679 Οὐ

190 718 326 788 γὰρ
355 716 418 770 τὸ
447 715 523 787 μὴ
552 716 864 781 κατἰἀξίαν
908 717 1262 787 ἐγκωμιάσαι
1296 715 1648 788 κατάκρισις,
1674 716 1812 772 ἀλλὰ

186 808 268 861 τό
302 823 370 878 γε
398 809 481 872 είς
517 807 746 878 δύναμιν
771 803 907 879 ἧκον
953 809 1028 880 μὴ
1064 807 1272 878 λέγειν,
1317 809 1686 877 κατάγνωσις.
1720 807 1813 862 Διδ

190 899 538 971 σύμμετρον
560 898 699 970 ἔχων
729 899 807 971 τῷ
864 898 1010 968 λόγῳ
1036 899 1137 971 τὴν
1176 899 1410 964 ἔννοιαν,
1446 898 1600 969 πάσῃ
1652 896 1814 970 ῥώμῃ

186 990 312 1046 καὶ
338 990 537 1060 ζεούσῃ
556 971 727 1061 ψυχῇ,
790 989 900 1043 τῶν
947 990 1242 1060 ἐγκωμίων
1289 990 1389 1062 τὴν
1425 989 1668 1059 σπουδὴν
1690 989 1816 1042 ἑπι-

183 1080 454 1152 δείξαιμι
478 1097 494 1112 ο
531 1080 636 1151 τῆς
697 1081 800 1152 μὲν
838 1080 952 1134 τῶν
1001 1080 1243 1153 θύραθεν
1266 1082 1605 1152 τεχνολόγων
1632 1098 1815 1152 κομω-

184 1174 377 1244 τικῆς
423 1173 715 1245 τερθρείας
760 1173 911 1228 τόνδε
953 1174 1047 1228 τὸν
1095 1174 1256 1243 λόγον
1296 1174 1675 1246 ἀπορρηγνὺς,
1712 1172 1814 1243 τῆς

185 1267 583 1338 ἀποπολικῆς
607 1266 665 1319 δὲ
689 1268 786 1320 καὶ
809 1267 1090 1338 ἡμετέρας
1112 1267 1222 1320 τῶν
1250 1266 1484 1331 πιστῶν,
1507 1265 1811 1335 εὐγενείας,

185 1357 230 1428 ἢ
284 1359 592 1423 εὐσεϐείας,
625 1359 659 1430 ἢ
690 1360 973 1432 ἀληθείας,
1007 1360 1042 1432 ἢ
1096 1362 1311 1431 σοφίας,
1350 1362 1384 1433 ἢ
1415 1362 1518 1416 οὐκ
1539 1357 1635 1416 οἷδ’
1665 1362 1815 1423 ὅπως

188 1442 391 1518 αὐτὴν
417 1448 655 1514 καλέσω,
680 1449 1009 1513 ἀποδεικνὺς
1062 1451 1160 1521 τὴν
1191 1452 1558 1522 εὐπρέπειαν,
1595 1450 1691 1506 καὶ
1717 1449 1816 1520 τὴν

183 1544 297 1606 εἰς
317 1542 485 1615 ἄκρον
510 1542 670 1605 ἐκτὸς
724 1542 956 1609 τούτων,
1004 1543 1102 1595 τοῦ
1142 1543 1337 1615 ἀνδρὸς
1383 1545 1609 1614 ἀρετήν.
1662 1543 1816 1597 Ἐπεὶ

186 1633 315 1686 καὶ
342 1631 504 1687 τοῦτο
532 1630 689 1700 φίλον
722 1632 897 1704 αύτῷ,
926 1632 989 1686 τὸ
1014 1632 1180 1697 πεζὸν
1210 1632 1304 1685 τοῦ
1334 1632 1517 1701 λόγου,
1546 1631 1641 1685 καὶ
1673 1632 1814 1686 ἀκα-

184 1724 486 1779 τάσκευον
508 1741 525 1757 ο
575 1725 659 1778 ὅτι
693 1724 832 1795 μηδὲ
893 1724 1075 1794 λόγοις
1111 1724 1212 1795 τὴν
1244 1723 1450 1795 ἀρετὴν
1503 1723 1812 1793 ἑξήσκητο·

189 1815 366 1888 ἔργῳ
411 1816 471 1869 δὲ
531 1816 625 1870 καὶ
667 1815 965 1887 πράξειτά
1020 1815 1242 1886 ἐκείνης
1269 1814 1638 1885 κατώρθωσεν
1667 1814 1807 1882 εἴδη.

1920 638 2070 690 rum,
2126 625 2267 679 nihil
2321 633 2642 692 cunctatus,
2708 626 2892 683 dicam
2957 633 3229 697 quantum
3288 624 3507 680 animus

1919 716 2099 785 possit
2131 716 2380 786 assequi.
2414 715 2528 772 Nec
2575 717 2723 773 enim
2766 716 2823 772 in
2867 731 2937 772 eo
2988 717 3274 773 damnatio
3307 726 3412 779 est,
3448 728 3511 771 ut

1921 823 1992 863 ne
2017 808 2292 878 condigno
2324 809 2582 866 encomio
2620 824 2733 865 non
2760 808 3181 873 celebraverim,
3218 808 3315 864 sed
3346 817 3406 863 ut
3440 824 3509 863 ne

1920 915 2023 970 pro
2063 900 2292 955 modulo
2342 900 2603 956 dixerim.
2668 899 3069 968 Quamobrem,
3121 902 3215 970 qui
3271 900 3507 955 habeam

1920 997 2159 1045 mentem
2203 991 2449 1046 sermoni
2498 991 2889 1059 compositam,
2934 994 3068 1047 totis
3115 990 3354 1053 viribus,
3390 990 3508 1046 fer-

1920 1081 2185 1151 ventique
2253 1082 2466 1145 animo,
2537 1082 2803 1137 laudandi
2862 1083 3109 1138 studium
3168 1083 3506 1138 ostendam:

1923 1174 1998 1230 ita
2029 1191 2162 1229 vero
2194 1185 2255 1231 ut
2296 1192 2614 1232 sermonem
2663 1178 2814 1232 hunc
2858 1192 2891 1232 a
2923 1178 3276 1232 saecularium
3319 1186 3510 1232 orato-

1925 1284 2047 1323 rum
2108 1268 2292 1324 fucato
2349 1270 2651 1325 verborum
2719 1270 3172 1340 elocutionisque
3222 1269 3507 1324 lenocinio

1924 1362 2224 1433 abruptum
2273 1364 2460 1428 velim,
2514 1362 2725 1433 quique
2779 1362 3102 1433 apostolica:
3155 1362 3353 1425 solius,
3418 1376 3510 1414 nn-

1922 1460 2184 1523 straeque,
2239 1453 2484 1507 fidelium
2532 1451 2919 1522 ingenuitatis,
2974 1450 3056 1504 vel
3099 1448 3504 1519 religiositatis,

1924 1553 2020 1599 aut
2053 1545 2326 1609 veritatis,
2376 1552 2479 1599 aut
2524 1543 2815 1614 sapientiae
2858 1550 2955 1597 aut
3010 1541 3202 1596 nescio
3241 1539 3373 1610 quid
3405 1554 3505 1594 vo-

1925 1653 2066 1704 cem,
2102 1637 2358 1692 decorem
2391 1636 2674 1699 exhibeat,
2715 1647 3102 1703 summamque
3143 1631 3269 1698 viri,
3296 1630 3510 1700 absque

1927 1731 2132 1785 talibus
2158 1718 2431 1799 profanis,
2473 1729 2762 1782 virtutem.
2795 1725 2932 1781 Nam
2977 1734 3034 1780 et
3062 1724 3181 1795 ipse
3210 1724 3313 1777 hoc
3361 1730 3512 1776 amat

1924 1820 2080 1874 velut
2133 1819 2410 1890 pedestre,
2465 1833 2532 1874 ac
2566 1817 2753 1872 minus
2803 1833 2871 1872 ex
2910 1826 3031 1872 arte
3075 1825 3130 1871 et
3157 1816 3507 1871 elaboratum

187 1907 388 1962 Τοῦτο
441 1907 551 1978 γὰρ
601 1906 771 1975 αὐτῷ,
834 1908 927 1960 καὶ
968 1906 1029 1972 ἐξ
1084 1907 1271 1960 αὐτῶν
1321 1906 1550 1961 ἁπαλῶν
1594 1905 1804 1975 ὀνύχων

1921 1910 2127 1965 licendi
2163 1927 2387 1981 genus:
2446 1908 2653 1980 quippe
2711 1907 2907 1971 etiam,
2965 1922 3076 1960 non
3107 1919 3211 1975 pro
3259 1902 3506 1957 oratoris

191 1998 578 2054 ἐσπούδαστο.
608 1998 697 2061 Ὦς
718 1999 814 2051 καὶ
838 1997 936 2053 νῦν
964 1998 1025 2050 οὐ
1051 1998 1196 2071 μέγα
1219 1997 1311 2052 τὸν
1340 1999 1422 2060 είς
1449 1998 1615 2053 αὐτὸν
1658 1996 1822 2052 ἐπαι-

194 2107 332 2155 νον,
368 2090 549 2163 ἐννοίᾳ
578 2090 861 2161 μᾶλλον,ἢ
912 2090 1060 2161 λόγῳ
1112 2090 1456 2161 διαχεομένῳ
1491 2091 1589 2145 καὶ
1635 2093 1819 2163 ῥέοντι

199 2182 661 2237 κατασκευάσαι.
695 2180 807 2234 Καί
849 2198 943 2252 μοι
968 2181 1317 2249 συγνώσεσθε
1371 2183 1613 2246 πάντως,
1646 2176 1692 2237 ὦ
1726 2183 1816 2253 φί-

199 2273 305 2326 λοι
329 2275 424 2327 καὶ
445 2272 687 2341 ἀδελφοὶ,
721 2273 841 2325 ὅσοι
886 2289 948 2327 τε
979 2273 1108 2344 παρ’
1140 2273 1274 2343 ἡμῖν
1304 2273 1363 2328 ὲν
1417 2272 1599 2341 λόγοις
1629 2273 1815 2344 ἔχουσι

201 2365 283 2418 τὸ
319 2365 629 2435 περίοπτον,
690 2364 787 2418 καὶ
839 2364 957 2417 ὅσοι
991 2363 1203 2419 τούτων
1238 2366 1493 2435 ἀμοιρεῖν
1533 2365 1814 2429 παντελῶς

208 2455 655 2524 ἐπαγγέλλονται
684 2470 698 2483 ’
742 2457 827 2509 ὅτι
884 2456 961 2526 μὴ
1023 2455 1163 2527 πρὸς
1198 2456 1353 2521 τάξιν
1394 2455 1526 2518 ἴσως
1576 2457 1679 2527 ὁρᾷ
1719 2457 1812 2510 τοῦ

205 2544 407 2611 λόγου,
437 2544 544 2597 τῶν
565 2545 863 2615 ἐγκωμίων
912 2542 1091 2609 εἶδον
1128 2545 1266 2615 πρὸς
1311 2546 1369 2599 δὲ
1422 2546 1520 2616 τὴν
1552 2546 1814 2617 ἀλήθειαν

204 2635 414 2704 μόνην,
440 2635 515 2697 ὡς
542 2636 685 2700 ἐνὸν,
722 2635 786 2689 ἐκ
818 2652 879 2690 τε
912 2636 1022 2690 τῶν
1060 2635 1406 2704 φαινομένων
1442 2637 1532 2689 καὶ
1581 2635 1813 2706 λεγομέ-

198 2741 330 2779 νων
355 2725 449 2778 τοῦ
473 2727 667 2796 ἀνδρὸς
705 2728 1155 2798 κατορθωμάτων
1190 2726 1572 2783 πιστώσασθαι
1591 2743 1606 2769 ’
1647 2723 1722 2783 ὧν
1752 2729 1814 2784 ὓ

204 2815 329 2882 μὲν
375 2818 433 2868 ἐν
486 2816 758 2886 θαύμασι,
789 2817 853 2871 τὸ
878 2817 937 2872 δὲ
1003 2820 1061 2870 ἐν
1090 2818 1456 2888 διηγήμασιν,
1501 2818 1651 2872 ἔστιν
1676 2821 1813 2890 ὁρᾷν

200 2908 320 2961 τὸν
353 2908 704 2979 βουλόμενον.

205 3012 383 3067 sunt,
440 3013 559 3059 tum
617 3019 741 3074 qua:
805 3004 1122 3060 referuntur
1179 3005 1284 3061 viri
1345 3004 1715 3070 facinoribus.
1759 3007 2068 3065 astruxerit
2123 3023 2137 3060 :

203 3098 561 3159 rationibus,
599 3097 838 3165 quisque
874 3096 1035 3150 facile
1068 3096 1283 3151 viderit.
1480 3135 1518 3169 ι,

172 3184 181 3195 “
291 3191 433 3253 Ταῖς
466 3188 635 3242 αὐτοῦ
684 3187 816 3257 γοῦν
874 3190 1039 3258 ἡμεῖς
1079 3189 1267 3260 εὐχαῖς
1314 3188 1813 3260 βοηθούμενοι,καὶ

202 3279 302 3352 τῷ
327 3280 449 3333 κατ’
478 3278 667 3331 οὐσίαν
723 3277 895 3340 ὅντως
955 3276 1071 3332 ὅντι
1108 3280 1203 3332 καὶ
1245 3278 1389 3349 ὑπὲρ
1436 3280 1619 3332 πᾶσαν
1650 3276 1815 3346 φύσιν

204 3371 325 3427 καὶ
354 3368 559 3438 γνῶσιν
605 3368 1021 3439 ὁπερηνωμένῳ
1076 3367 1155 3439 τῷ
1209 3370 1386 3440 Πατρὶ
1410 3369 1506 3423 καὶ
1532 3369 1612 3437 τῷ
1642 3370 1815 3423 Πνεύ-

209 3480 385 3536 μοιτι,
413 3462 571 3532 Λόγῳ
591 3477 606 3494 ο
641 3462 721 3532 τῷ
744 3461 804 3514 ὲν
832 3453 877 3529 ᾧ
894 3462 1096 3524 πάντες
1119 3464 1170 3515 οί
1196 3460 1468 3531 θησαυροὶ
1490 3466 1590 3535 τῆς
1621 3463 1814 3531 σοφίας

205 3555 553 3610 ἀπόκεινται
587 3552 995 3623 στηριζόμενοι,
1025 3552 1136 3609 τῶν
1169 3553 1464 3623 ἐγκωμίων
1494 3553 1777 3624 ἀρξόμεθα
1797 3572 1811 3586 ν

210 3644 775 3717 συμπεριληψόμενοι
826 3644 1072 3714 δηλονότι
1126 3644 1463 3716 περιεκτικῷ
1518 3646 1693 3717 λόγῳ,
1724 3647 1818 3701 καί

210 3755 354 3792 τινα
387 3736 496 3791 τῶν
544 3737 689 3791 κατὰ
720 3726 1039 3807 σάρκα’καὶ
1074 3735 1395 3804 γνωστικῶν
1430 3740 1815 3808 καταφάσεων.

228 3828 404 3884 Ἀλλά
434 3846 526 3899 μοι
558 3828 654 3882 καὶ
716 3829 872 3898 ὑμεῖς
928 3827 1328 3897 συναμιλλᾶσθε
1363 3830 1485 3893 ταῖς
1527 3830 1817 3902 ἐμετέραις

208 3922 439 3991 εὐχαῖς,
472 3919 601 3973 ἵλεω
660 3918 754 3972 τὸν
782 3918 917 3971 θεόν
954 3936 1046 3989 μοι
1086 3918 1431 3990 ποιούμενοι,
1464 3921 1560 3976 καὶ
1592 3940 1610 3974 ι
1643 3922 1818 3991 Λόγον

207 4013 513 4075 αίτοῦντες
561 4014 620 4065 ὲν
668 4010 872 4076 ἀνοίξει
921 4009 1016 4064 τοῦ
1065 4010 1356 4082 στόματος,
1394 4030 1413 4067 ι
1450 4004 1602 4075 ὅπως
1642 4012 1709 4067 ἂν
1742 4014 1819 4084 μὴ

70 4112 97 4127 -
208 4100 505 4173 κριθείην,
536 4100 614 4164 ὡς
647 4100 756 4153 τῶν
792 4100 934 4171 ὑπὲρ
968 4100 1129 4165 ἀξίαν
1176 4100 1480 4171 ἁψάμενος.
1512 4104 1609 4157 καὶ
1650 4103 1821 4175 μηδὲν

206 4190 549 4248 λυσιτελοῦν
603 4190 932 4257 εἰσενεγκὼν
978 4190 1058 4261 τῷ
1087 4190 1233 4261 λόγῳ
1259 4192 1372 4245 τῶν
1398 4192 1712 4262 ἐγκωμίων.
1754 4195 1820 4247 Ὃ

210 4285 373 4361 μηδὲ
415 4285 554 4356 πρὸς
606 4287 676 4356 τῇ
730 4286 838 4355 ἐμῇ
890 4284 1236 4354 καθέστηκεν
1287 4285 1585 4357 ἀσθενείᾳ*
1618 4286 1822 4343 ὁπόταν

207 4377 377 4452 μηδὲ
404 4377 541 4447 πρὸς
566 4376 726 4443 ἀξίαν
747 4370 887 4440 εἶδός
914 4393 968 4429 τι
1008 4377 1216 4444 συνεπή
1227 4388 1421 4447 ρτηται
1440 4392 1453 4406 ·
1507 4377 1645 4447 πρὸς
1670 4378 1726 4430 δὲ
1752 4379 1820 4450 τῇ

205 4467 446 4528 ἄνωθεν
471 4470 678 4539 χάριτι,
708 4470 773 4538 τῇ
806 4467 983 4522 πάντα
1008 4466 1248 4538 νεμούσῃ
1285 4468 1503 4540 ἑκάστῳ
1539 4470 1610 4523 τὰ
1661 4469 1826 4540 πρόσ-

208 4580 403 4636 φορα,
436 4580 455 4614 ι
489 4562 625 4633 Παρ⁹
652 4557 720 4631 ἦς
740 4561 892 4614 πᾶσα
921 4560 1067 4623 δόσις
1099 4560 1304 4631 ἀγαθὴ,
1331 4561 1427 4614 καὶ
1458 4562 1569 4614 πᾶν
1593 4560 1824 4632 δώρημα

1919 2017 2150 2057 munere
2183 2002 2420 2057 dicendo
2451 2001 2629 2059 coluit
2668 2001 2954 2062 virtutem,
2999 1996 3097 2053 sed
3128 1995 3305 2067 gessit
3334 2008 3508 2064 opere

1914 2103 1970 2149 et
2003 2093 2247 2147 actione.
2279 2092 2340 2147 lu
2372 2108 2440 2148 eo
2471 2091 2772 2162 siquidem,
2799 2090 2887 2145 vel
2923 2104 2954 2143 a
2985 2089 3193 2143 teneris
3224 2084 3505 2154 unguibus

1917 2184 2163 2238 studium
2220 2183 2425 2251 posuit.
2482 2183 2663 2252 Atque
2714 2180 2855 2235 adeo
2895 2179 3033 2232 nihil
3070 2178 3238 2231 etiam
3290 2176 3507 2242 imprae-

1916 2275 2231 2329 sentiarum
2270 2287 2560 2343 magnum,
2587 2280 2648 2327 ut
2690 2272 2818 2339 ejus
2875 2269 3122 2325 laudatio
3162 2267 3506 2336 cegitatione

1913 2363 2103 2432 potius
2160 2377 2329 2433 quam
2369 2360 2495 2417 fusa
2544 2373 2611 2415 ac
2665 2360 3001 2416 decurrente
3046 2357 3302 2411 oratione
3345 2353 3506 2408 ador-

1912 2463 2043 2515 nata
2094 2454 2190 2510 sit.
2248 2452 2475 2521 Vosque
2507 2451 2760 2515 omnino,
2802 2449 2968 2504 amici
3013 2448 3353 2516 fratresque,
3386 2455 3502 2500 tum

1912 2553 2194 2616 quotquot
2225 2524 2582 2614 perspicaces
2611 2543 2753 2597 estis
2797 2542 2851 2595 in
2885 2540 3157 2603 oratoria,
3190 2546 3307 2592 tum
3337 2546 3506 2606 quot-

1912 2649 2046 2708 quot
2102 2639 2224 2707 ejus
2274 2651 2377 2693 vos
2425 2636 2660 2691 omnino
2727 2632 2868 2687 artis
2921 2630 3087 2685 rudes
3143 2626 3505 2699 profitemini,

1919 2717 2242 2799 ignoscetis.
2295 2724 2462 2782 Forte
2514 2726 2661 2779 enim
2719 2738 2833 2778 non
2861 2721 3090 2790 respicit
3124 2718 3346 2774 modum
3380 2733 3507 2773 ora-

1920 2821 2091 2876 tionis
2124 2820 2463 2881 laudationis
2514 2832 2713 2886 genus,
2750 2816 2845 2872 sed
2891 2825 2953 2868 ut
2980 2813 3160 2869 solum
3195 2812 3505 2871 veritatem,

1919 2917 2189 2979 quantum
2241 2909 2359 2965 fieri
2410 2915 2613 2978 potest,
2670 2913 2788 2959 tum
2820 2920 2890 2961 ex
2931 2904 2999 2958 iis
3029 2918 3153 2972 qua:
3200 2898 3504 2970 conspicua

2201 3022 2268 3063 ac
2319 3006 2518 3075 partim
2553 3004 2609 3058 in
2641 3001 2948 3068 miraculis,
2985 3001 3186 3070 partim
3265 2997 3321 3051 in
3385 3010 3509 3050 nar-

1990 3189 2123 3258 Ejus
2159 3187 2349 3257 itaque
2387 3182 2781 3254 adjuvantibus
2804 3180 3089 3252 precibus,
3127 3176 3508 3244 Sermoueque

1921 3282 2017 3337 illo
2045 3281 2431 3341 coutirlnante,
2458 3276 2552 3348 qui
2585 3291 2714 3331 vere
2750 3290 2846 3345 per
2870 3272 3174 3328 essentiam
3200 3268 3505 3330 exsistens,

1918 3389 2089 3444 supra
2129 3384 2385 3427 naturam
2428 3385 2649 3426 omnem
2688 3365 3115 3433 scientiamque,
3159 3360 3364 3417 eximie
3404 3357 3510 3413 Pa-

1917 3466 1992 3520 tri
2033 3479 2099 3518 ac
2153 3461 2389 3533 Spiritui
2455 3465 2653 3516 sancto
2710 3456 2902 3511 unitus
2953 3461 3060 3518 est,
3129 3449 3507 3505 laudationem

1917 3556 2249 3628 aggrediar;
2281 3554 2545 3609 nimirum
2593 3550 2881 3606 succincte
2912 3559 3173 3601 sermone
3216 3558 3281 3597 ac
3314 3541 3509 3613 paucis

1915 3650 2245 3720 complexus
2270 3656 2387 3701 tum
2434 3642 2699 3698 nonnulla
2741 3653 2865 3710 quae
2909 3645 3168 3709 spectant
3197 3634 3265 3689 ad
3317 3633 3509 3689 carnis

1917 3740 2198 3803 exercitia,
2264 3746 2382 3793 tum
2420 3750 2544 3806 qua:
2572 3734 2644 3788 ad
2670 3731 2965 3789 scientiam
3000 3738 3055 3784 et
3083 3726 3508 3798 contemplatio-

1918 3848 2044 3891 nem
2094 3832 2391 3902 pertinent.
2448 3827 2555 3882 Sed
2596 3833 2651 3882 et
2694 3840 2794 3881 vos
2830 3825 3037 3879 vestris
3083 3821 3347 3893 precibus
3388 3821 3508 3890 pari

1918 3938 2136 3981 mecum
2164 3920 2516 3976 aemulatione
2560 3915 2907 3979 contendite,
2947 3922 3008 3969 ut
3058 3912 3193 3966 mihi
3248 3909 3394 3964 Deus
3434 3909 3509 3964 sit

1918 4014 2218 4086 propitius,
2244 4011 2599 4068 «Sermonem
2626 4014 2878 4079 petentes
2900 4006 2957 4061 iu
2988 4004 3273 4075 apertioue
3288 4002 3502 4065 orisi‘,i

1920 4116 1983 4165 ut
2009 4121 2079 4163 ne
2106 4106 2161 4161 in
2186 4103 2461 4175 judicium
2485 4116 2676 4165 vocer,
2705 4098 2858 4171 quod
2888 4112 2978 4151 me
3000 4096 3212 4165 majora
3238 4106 3510 4164 praesum-

1922 4199 2155 4270 pserim,
2187 4196 2439 4266 nihilque
2472 4193 2622 4264 quod
2670 4190 2972 4252 conducat,
3016 4185 3344 4242 exornativo
3390 4196 3512 4240 ser-

1922 4291 2074 4347 moni
2102 4288 2402 4344 intulerint.
2439 4289 2507 4344 Et
2538 4301 2691 4350 vero,
2727 4283 2875 4339 haud
2914 4296 3083 4352 penes
3125 4292 3305 4333 meam
3333 4276 3509 4331 imbee

1924 4382 2210 4439 cillitatem
2266 4378 2435 4434 fuerit
2492 4386 2553 4432 ut
2608 4376 2778 4445 digne
2826 4387 3130 4435 exornem,
3182 4371 3276 4440 qui
3333 4383 3514 4436 neque

1925 4472 2133 4542 aliquid
2174 4486 2274 4542 pro
2312 4470 2586 4541 dignitate
2626 4465 2819 4536 eloqui
2862 4461 3158 4522 sulllciam,
3192 4459 3291 4515 sed
3322 4472 3517 4528 exspc~

1870 4552 1873 4553 ⁷
1927 4563 2192 4619 etandum
2240 4578 2270 4617 a
2306 4577 2549 4633 superna
2594 4558 2796 4629 gratia,
2839 4555 3213 4611 distribuente
3256 4550 3516 4606 omnibus

206 4657 445 4713 τέλειον
469 4653 676 4708 ἄνωθέν
728 4654 846 4706 ἔστι
893 4652 1227 4731 καταϐαῖνον
1265 4652 1421 4723 παρά
1467 4653 1562 4706 τοῦ
1608 4654 1815 4724 Ila-cpi);

1928 4654 2074 4725 quod
2104 4655 2307 4725 cuique
2328 4667 2638 4724 congruum
2675 4651 2746 4707 sit
2777 4667 2790 4703 :
2822 4667 2841 4700 ι
2888 4650 2931 4701 Α
2966 4661 3077 4715 qua
3114 4651 3199 4699 est
3222 4657 3389 4697 omne
3415 4639 3516 4693 da-

204 4747 348 4802 τῶν
385 4742 604 4814 φώτων,
654 4762 673 4795 ι
703 4744 760 4797 ὲν
782 4745 898 4807 τοῖς
949 4743 1123 4809 ἀξίοις
1166 4742 1262 4797 τοῦ
1321 4742 1663 4813 Πνεύματος.
1707 4743 1828 4797 Ἐπ’

1927 4756 2046 4801 tum
2096 4746 2392 4816 optimum,
2427 4753 2483 4799 et
2519 4745 2724 4796 donum
2756 4738 3065 4811 perfectum
3100 4732 3445 4790 descendens
3484 4744 3519 4784 a

212 4837 413 4910 αὐτὴν
464 4835 614 4904 γοῦν,
639 4837 714 4899 ὡς
767 4835 1000 4905 ἔφημεν,
1035 4834 1134 4905 τὴν
1162 4835 1339 4907 ἀρχὴν
1380 4836 1491 4888 τῶν
1538 4836 1815 4907 ἐγκωμίωι

1926 4836 2091 4893 Patre
2120 4838 2393 4891 luminum
2435 4834 2491 4902 i;
2526 4854 2545 4887 ι
2583 4836 2640 4889 in
2675 4835 2746 4889 iis
2776 4832 2871 4902 qui
2916 4828 3130 4900 Spiritu
3176 4826 3329 4896 digiti
3363 4832 3515 4879 sunt.

208 4930 571 4998 ἑλεύσομαιυ
609 4926 803 5013 καλὴν,
839 4925 923 4978 ὅτι
986 4923 1226 4994 μάλιστα
1273 4924 1369 4978 καὶ
1407 4927 1638 4996 ταχεῖαν
1665 4925 1815 4997 εὑράι

1926 4929 2010 4985 Ad
2045 4930 2229 5000 ipsum
2252 4943 2406 4999 ergo,
2443 4936 2504 4982 ut
2544 4924 2812 4996 praefatus
2842 4937 2964 4979 sum
2993 4918 3207 4975 veniam
3244 4914 3518 4969 laudatio-

212 5036 411 5097 μενος
466 5019 752 5089 σύμμαχον
784 5016 883 5087 τὴν
914 5016 1199 5086 ἑκατέροιν
1226 5019 1343 5072 τοῖν
1385 5021 1573 5088 μεροῖν
1597 5017 1706 5072 τῶν
1735 5019 1815 5072 εὐ-

1930 5022 2017 5077 nis
2087 5022 2456 5092 principium,
2520 5032 2782 5090 perquam
2875 5013 3086 5084 optimo
3155 5017 3522 5097 proniptoqlte

205 5094 355 5187 ἀῶν
384 5110 630 5181 ἀρωγήν.
657 5108 729 5160 Σὺ
763 5108 822 5161 εέ
868 5124 980 5177 μοι,
1010 5100 1055 5160 ὦ
1094 5106 1208 5177 ἱερά
1257 5108 1355 5162 καὶ
1408 5108 1622 5181 μεγάλη
1649 5111 1815 5181 πανή·

1932 5114 2225 5183 utriusque
2279 5112 2496 5167 ordinis
2547 5124 2798 5181 precum,
2864 5107 3091 5161 invento
3141 5099 3371 5154 auxilio.
3434 5094 3520 5187 Tu

204 5186 428 5277 γυρις,
463 5202 577 5255 ὅσοι
611 5217 670 5255 τε
700 5200 798 5269 τῆς
822 5197 964 5252 κατὰ
997 5197 1233 5264 Χριστὸν
1269 5197 1661 5271 ἀκροδακτύλῳ
1689 5200 1815 5269 φιλο

1929 5221 2086 5271 vero,
2132 5222 2166 5260 0
2200 5220 2360 5261 sacer
2389 5216 2702 5274 magneque
2747 5204 3081 5262 conventus,
3142 5200 3256 5247 tum
3319 5189 3368 5246 si
3425 5186 3521 5257 qui

207 5293 445 5364 σοφίας
483 5292 807 5362 ἐγεύσασθε,
829 5293 925 5345 καὶ
954 5291 1072 5344 ὅσοι
1099 5290 1305 5362 ταύτης
1329 5291 1556 5363 ἐρασταὶ
1578 5292 1810 5362 γενέσθα

1930 5294 2265 5350 Christianae
2299 5292 2665 5364 philosophia:
2695 5289 2784 5344 vel
2825 5288 3001 5344 levem
3052 5293 3276 5356 gustum
3328 5293 3522 5350 perce-

202 5383 607 5452 σπονδάζετε,
624 5383 843 5456 θερμῶς
869 5382 937 5436 τὰ
965 5375 1082 5436 ὦτα
1128 5381 1232 5450 τῆς
1258 5382 1499 5445 διανοίας
1532 5384 1806 5439 πετάσατε

1938 5387 2100 5457 piatis
2144 5387 2282 5457 (76),
2323 5395 2443 5441 tum
2482 5385 2531 5441 si
2568 5385 2664 5454 qui
2716 5382 2840 5452 ejus
2872 5389 3152 5434 amatores
3181 5375 3300 5431 ﬁeri
3331 5371 3525 5431 Stude-

292 5501 354 5549 ι’
384 5499 586 5570 Ephes.
614 5514 691 5565 vt,
719 5498 806 5558 19.
887 5509 900 5548 ι
938 5496 1055 5553 .lac.
1105 5513 1143 5556 ι,
1178 5496 1266 5551 l7.
1296 5576 1299 5579 γ

1105 5584 1115 5595 ’
1194 5598 1201 5606 ’
1322 5586 1327 5591 ’
1547 5583 1945 5642 COMBEFlSll
1987 5584 2217 5641 ΝΟΤᾸΞ.

316 5683 436 5755 (76)
468 5682 558 5755 Vel
584 5686 742 5755 levem
790 5691 1011 5755 gustant
1043 5681 1375 5755 percepistis.
1414 5679 1815 5755 Ἀκροδακτύλιι

1943 5682 2043 5755 τῆς
2068 5682 2199 5753 παρ’
2251 5680 2726 5755 ἡμῖνμὲκκλησίας
2774 5677 3207 5750 ἁπελαυσάμεθα
3270 5676 3518 5755 πέρνῃν.

216 5748 574 5829 ἐγεύσασθε.
597 5748 939 5829 Aﬂine'illud
977 5750 1164 5829 Basilii
1185 5748 1252 5829 _in
1275 5748 1544 5829 epistolis,
1577 5748 1712 5829 υῐὸᾳ
1740 5748 1815 5805 κοί

1944 5748 2104 5829 velut
2134 5748 2354 5829 summa
2368 5753 2555 5829 _digito
2586 5748 2865 5829 attingens
2896 5748 3130 5829 gustaiis
3160 5748 3400 5829 percepi.
3430 5750 3521 5829 ἣτε

210 5819 433 5891 αἰετὸς,
462 5826 510 5878 εἰ
542 5825 636 5880 καὶ
663 5826 816 5894 ἄκρῳ
840 5821 1091 5894 δακτύλῳ
1118 5821 1212 5875 τοῦ
1240 5819 1579 5905 mauu—.034
1615 5822 1815 5891 μέλιτος

1941 5833 1993 5878 et
2020 5822 2327 5880 Jonathasl
2365 5819 2575 5895 Regum
2606 5819 2956 5893 mnam
2989 5819 3083 5875 τού
3117 5819 3401 5888 σκήπτρου
3428 5819 3525 5869 αὺ-
