  <div class='ocr_page' id='page_1' title='image "/cluster/home/n/w/nwhite01/storage/ocr_20150623/97/coo.31924054870013/639.png"; bbox 0 0 3950 6480; ppageno 0'>
   <div class='ocr_carea' id='block_1_1' title="bbox 386 450 1997 551">
    <p class='ocr_par' dir='ltr' id='par_1_1' title="bbox 386 458 1985 551">
     <span class='ocr_line' id='line_1_1' title="bbox 386 458 1985 551; baseline -0.001 -27"><span class='ocrx_word' id='word_1_1' title='bbox 386 458 522 551; x_wconf 71' lang='lat'><strong>1215</strong></span> <span class='ocrx_word' id='word_1_2' title='bbox 1547 465 1608 526; x_wconf 66' lang='grc' dir='ltr'>ε.</span> <span class='ocrx_word' id='word_1_3' title='bbox 1650 460 1985 530; x_wconf 70' lang='lat' dir='ltr'><strong>ANDREE</strong></span> 
     </span>
    </p>
   </div>
   <div class='ocr_carea' id='block_1_2' title="bbox 2105 450 3701 551">
    <p class='ocr_par' dir='ltr' id='par_1_2' title="bbox 2105 450 3701 522">
     <span class='ocr_line' id='line_1_2' title="bbox 2105 450 3701 522; baseline -0.003 -1"><span class='ocrx_word' id='word_1_4' title='bbox 2105 456 2452 522; x_wconf 78' lang='lat' dir='ltr'><strong>lETENSIS&#39;</strong></span> <span class='ocrx_word' id='word_1_5' title='bbox 3565 450 3701 517; x_wconf 76' lang='grc'><strong>1216</strong></span> 
     </span>
    </p>
   </div>
   <div class='ocr_carea' id='block_1_3' title="bbox 384 563 1997 648">
    <p class='ocr_par' dir='ltr' id='par_1_3' title="bbox 384 570 1997 648">
     <span class='ocr_line' id='line_1_3' title="bbox 384 570 1997 648; baseline 0 -17"><span class='ocrx_word' id='word_1_6' title='bbox 384 573 684 648; x_wconf 84' lang='lat' dir='ltr'><strong>apposuit:</strong></span> <span class='ocrx_word' id='word_1_7' title='bbox 716 586 881 644; x_wconf 88' lang='lat' dir='ltr'><strong>quam</strong></span> <span class='ocrx_word' id='word_1_8' title='bbox 937 570 1029 639; x_wconf 89' lang='lat' dir='ltr'><strong>iis,</strong></span> <span class='ocrx_word' id='word_1_9' title='bbox 1065 590 1089 624; x_wconf 85' lang='grc' dir='ltr'><strong>ι</strong></span> <span class='ocrx_word' id='word_1_10' title='bbox 1128 572 1331 644; x_wconf 78' lang='lat' dir='ltr'><strong>quibus</strong></span> <span class='ocrx_word' id='word_1_11' title='bbox 1360 582 1491 630; x_wconf 85' lang='lat' dir='ltr'><strong>sunt</strong></span> <span class='ocrx_word' id='word_1_12' title='bbox 1514 575 1804 632; x_wconf 72' lang='lat' dir='ltr'><strong>exercitati</strong></span> <span class='ocrx_word' id='word_1_13' title='bbox 1836 588 1997 631; x_wconf 90' lang='lat' dir='ltr'><strong>sen-.</strong></span> 
     </span>
    </p>
   </div>
   <div class='ocr_carea' id='block_1_4' title="bbox 2105 563 3709 648">
    <p class='ocr_par' dir='ltr' id='par_1_4' title="bbox 2105 563 3709 645">
     <span class='ocr_line' id='line_1_4' title="bbox 2105 563 3709 645; baseline -0.001 -23"><span class='ocrx_word' id='word_1_14' title='bbox 2105 569 2231 623; x_wconf 85' lang='grc' dir='ltr'>είων</span> <span class='ocrx_word' id='word_1_15' title='bbox 2287 563 2509 623; x_wconf 74' lang='grc' dir='ltr'>ἐννοιῶν</span> <span class='ocrx_word' id='word_1_16' title='bbox 2561 565 2660 637; x_wconf 79' lang='grc' dir='ltr'><strong>τὴν</strong></span> <span class='ocrx_word' id='word_1_17' title='bbox 2705 564 2912 635; x_wconf 85' lang='grc' dir='ltr'>γνῶσιν</span> <span class='ocrx_word' id='word_1_18' title='bbox 2937 563 3288 645; x_wconf 19' lang='grc' dir='ltr'>,προέθηκεν</span> <span class='ocrx_word' id='word_1_19' title='bbox 3312 578 3328 595; x_wconf 82' lang='grc'><em>’</em></span> <span class='ocrx_word' id='word_1_20' title='bbox 3369 581 3394 618; x_wconf 70' lang='grc' dir='ltr'><strong>ι</strong></span> <span class='ocrx_word' id='word_1_21' title='bbox 3422 563 3503 635; x_wconf 77' lang='grc' dir='ltr'>ἢν</span> <span class='ocrx_word' id='word_1_22' title='bbox 3540 564 3593 618; x_wconf 75' lang='lat' dir='ltr'><strong>oi</strong></span> <span class='ocrx_word' id='word_1_23' title='bbox 3633 567 3709 621; x_wconf 82' lang='grc' dir='ltr'><strong>τά</strong></span> 
     </span>
    </p>
   </div>
   <div class='ocr_carea' id='block_1_5' title="bbox 308 655 1997 732">
    <p class='ocr_par' dir='ltr' id='par_1_5' title="bbox 308 663 1966 730">
     <span class='ocr_line' id='line_1_5' title="bbox 308 663 1966 730; baseline -0.002 -7"><span class='ocrx_word' id='word_1_24' title='bbox 308 704 321 711; x_wconf 81' lang='grc'><strong><em>-</em></strong></span> <span class='ocrx_word' id='word_1_25' title='bbox 387 681 486 723; x_wconf 89' lang='lat' dir='ltr'><strong>sus</strong></span> <span class='ocrx_word' id='word_1_26' title='bbox 514 665 582 719; x_wconf 90' lang='lat' dir='ltr'><strong>ad</strong></span> <span class='ocrx_word' id='word_1_27' title='bbox 612 663 1000 721; x_wconf 73' lang='lat' dir='ltr'><strong>discretionem</strong></span> <span class='ocrx_word' id='word_1_28' title='bbox 1032 664 1166 720; x_wconf 89' lang='lat' dir='ltr'><strong>boni</strong></span> <span class='ocrx_word' id='word_1_29' title='bbox 1193 673 1250 721; x_wconf 87' lang='lat' dir='ltr'><strong>et</strong></span> <span class='ocrx_word' id='word_1_30' title='bbox 1273 667 1405 720; x_wconf 88' lang='lat' dir='ltr'><strong>mali</strong></span> <span class='ocrx_word' id='word_1_31' title='bbox 1440 678 1519 730; x_wconf 81' lang='grc' dir='ltr'>ω,</span> <span class='ocrx_word' id='word_1_32' title='bbox 1558 685 1578 718; x_wconf 72' lang='grc' dir='ltr'><strong>ι</strong></span> <span class='ocrx_word' id='word_1_33' title='bbox 1630 680 1966 723; x_wconf 85' lang='lat' dir='ltr'><strong>concessum</strong></span> 
     </span>
    </p>
   </div>
   <div class='ocr_carea' id='block_1_6' title="bbox 2105 655 3708 732">
    <p class='ocr_par' dir='ltr' id='par_1_6' title="bbox 2111 655 3708 732">
     <span class='ocr_line' id='line_1_6' title="bbox 2111 655 3708 732; baseline -0.002 -18"><span class='ocrx_word' id='word_1_34' title='bbox 2111 660 2401 732; x_wconf 83' lang='grc' dir='ltr'>ίσθητήρια</span> <span class='ocrx_word' id='word_1_35' title='bbox 2427 655 2877 731; x_wconf 68' lang='grc' dir='ltr'><strong>[γεγυμνασμένα</strong></span> <span class='ocrx_word' id='word_1_36' title='bbox 2904 656 2950 730; x_wconf 83' lang='grc'><strong>⁹]</strong></span> <span class='ocrx_word' id='word_1_37' title='bbox 2982 658 3118 729; x_wconf 78' lang='grc' dir='ltr'>πρὸς</span> <span class='ocrx_word' id='word_1_38' title='bbox 3139 656 3456 729; x_wconf 79' lang='grc' dir='ltr'><strong>διάκρισιν</strong></span> <span class='ocrx_word' id='word_1_39' title='bbox 3482 655 3708 728; x_wconf 75' lang='grc' dir='ltr'>ἔχοντες</span> 
     </span>
    </p>
   </div>
   <div class='ocr_carea' id='block_1_7' title="bbox 386 742 1997 829">
    <p class='ocr_par' dir='ltr' id='par_1_7' title="bbox 386 754 1968 829">
     <span class='ocr_line' id='line_1_7' title="bbox 386 754 1968 829; baseline -0.001 -16"><span class='ocrx_word' id='word_1_40' title='bbox 386 765 473 813; x_wconf 85' lang='lat' dir='ltr'><strong>est</strong></span> <span class='ocrx_word' id='word_1_41' title='bbox 499 755 865 811; x_wconf 83' lang='lat' dir='ltr'><strong>manducare.</strong></span> <span class='ocrx_word' id='word_1_42' title='bbox 893 754 1021 811; x_wconf 82' lang='lat' dir='ltr'><strong>llaec</strong></span> <span class='ocrx_word' id='word_1_43' title='bbox 1065 755 1244 823; x_wconf 87' lang='lat' dir='ltr'><strong>illum,</strong></span> <span class='ocrx_word' id='word_1_44' title='bbox 1271 766 1333 811; x_wconf 86' lang='lat' dir='ltr'><strong>ut</strong></span> <span class='ocrx_word' id='word_1_45' title='bbox 1360 755 1571 827; x_wconf 71' lang='lat' dir='ltr'><strong>praafati</strong></span> <span class='ocrx_word' id='word_1_46' title='bbox 1603 772 1821 823; x_wconf 88' lang='lat' dir='ltr'><strong>sumus,</strong></span> <span class='ocrx_word' id='word_1_47' title='bbox 1846 770 1968 829; x_wconf 84' lang='lat' dir='ltr'><strong>ma-</strong></span> 
     </span>
    </p>
   </div>
   <div class='ocr_carea' id='block_1_8' title="bbox 2105 742 3708 829">
    <p class='ocr_par' dir='ltr' id='par_1_8' title="bbox 2105 742 3708 822">
     <span class='ocr_line' id='line_1_8' title="bbox 2105 742 3708 822; baseline -0.002 -14"><span class='ocrx_word' id='word_1_48' title='bbox 2105 751 2232 808; x_wconf 86' lang='grc' dir='ltr'>αλοῦ</span> <span class='ocrx_word' id='word_1_49' title='bbox 2261 768 2322 806; x_wconf 89' lang='grc' dir='ltr'><strong>τε</strong></span> <span class='ocrx_word' id='word_1_50' title='bbox 2351 753 2449 806; x_wconf 76' lang='grc' dir='ltr'><strong>καὶ</strong></span> <span class='ocrx_word' id='word_1_51' title='bbox 2480 750 2676 818; x_wconf 80' lang='grc' dir='ltr'>κακοῦ,</span> <span class='ocrx_word' id='word_1_52' title='bbox 2712 770 2730 804; x_wconf 71' lang='grc' dir='ltr'><strong>ι</strong></span> <span class='ocrx_word' id='word_1_53' title='bbox 2757 749 2957 804; x_wconf 71' lang='grc' dir='ltr'>ἐσθίειν</span> <span class='ocrx_word' id='word_1_54' title='bbox 2982 742 3341 822; x_wconf 71' lang='grc' dir='ltr'>ἐτάχθησαν.</span> <span class='ocrx_word' id='word_1_55' title='bbox 3379 747 3551 821; x_wconf 80' lang='grc' dir='ltr'><strong>Αὕτη</strong></span> <span class='ocrx_word' id='word_1_56' title='bbox 3580 749 3708 804; x_wconf 78' lang='grc' dir='ltr'>τοῦ·</span> 
     </span>
    </p>
   </div>
   <div class='ocr_carea' id='block_1_9' title="bbox 386 840 1997 920">
    <p class='ocr_par' dir='ltr' id='par_1_9' title="bbox 386 843 1969 920">
     <span class='ocr_line' id='line_1_9' title="bbox 386 843 1969 920; baseline 0.002 -20"><span class='ocrx_word' id='word_1_57' title='bbox 386 854 544 901; x_wconf 83' lang='lat' dir='ltr'><strong>terno</strong></span> <span class='ocrx_word' id='word_1_58' title='bbox 566 843 746 900; x_wconf 82' lang='lat' dir='ltr'><strong>oﬂicio</strong></span> <span class='ocrx_word' id='word_1_59' title='bbox 771 844 972 911; x_wconf 90' lang='lat' dir='ltr'><strong>edidit,</strong></span> <span class='ocrx_word' id='word_1_60' title='bbox 1010 843 1404 916; x_wconf 80' lang='lat' dir='ltr'><strong>educavitque,</strong></span> <span class='ocrx_word' id='word_1_61' title='bbox 1449 858 1614 920; x_wconf 87' lang='lat' dir='ltr'><strong>atque</strong></span> <span class='ocrx_word' id='word_1_62' title='bbox 1655 856 1715 902; x_wconf 91' lang='lat' dir='ltr'><strong>ut</strong></span> <span class='ocrx_word' id='word_1_63' title='bbox 1760 847 1969 903; x_wconf 86' lang='lat' dir='ltr'><strong>divinis</strong></span> 
     </span>
    </p>
   </div>
   <div class='ocr_carea' id='block_1_10' title="bbox 2105 840 3714 920">
    <p class='ocr_par' dir='ltr' id='par_1_10' title="bbox 2105 840 3714 915">
     <span class='ocr_line' id='line_1_10' title="bbox 2105 840 3714 915; baseline -0.002 -17"><span class='ocrx_word' id='word_1_64' title='bbox 2105 861 2186 909; x_wconf 90' lang='grc' dir='ltr'><strong>ον,</strong></span> <span class='ocrx_word' id='word_1_65' title='bbox 2212 843 2289 905; x_wconf 86' lang='grc' dir='ltr'><strong>ὡς</strong></span> <span class='ocrx_word' id='word_1_66' title='bbox 2315 842 2547 915; x_wconf 69' lang='grc' dir='ltr'>ἔφαμεν,</span> <span class='ocrx_word' id='word_1_67' title='bbox 2593 842 2761 914; x_wconf 82' lang='grc' dir='ltr'>ἀνῆξε</span> <span class='ocrx_word' id='word_1_68' title='bbox 2794 842 3093 915; x_wconf 65' lang='grc' dir='ltr'>»μητρικῶς</span> <span class='ocrx_word' id='word_1_69' title='bbox 3113 843 3216 897; x_wconf 73' lang='grc' dir='ltr'><strong>καὶ</strong></span> <span class='ocrx_word' id='word_1_70' title='bbox 3256 840 3589 913; x_wconf 75' lang='grc' dir='ltr'><strong>ἐθρέψατο,</strong></span> <span class='ocrx_word' id='word_1_71' title='bbox 3614 843 3714 895; x_wconf 76' lang='grc' dir='ltr'><strong>καὶ</strong></span> 
     </span>
    </p>
   </div>
   <div class='ocr_carea' id='block_1_11' title="bbox 387 930 1997 1009">
    <p class='ocr_par' dir='ltr' id='par_1_11' title="bbox 387 934 1971 1009">
     <span class='ocr_line' id='line_1_11' title="bbox 387 934 1971 1009; baseline -0.001 -16"><span class='ocrx_word' id='word_1_72' title='bbox 387 935 590 993; x_wconf 89' lang='lat' dir='ltr'><strong>studiis</strong></span> <span class='ocrx_word' id='word_1_73' title='bbox 639 934 953 1005; x_wconf 87' lang='lat' dir='ltr'><strong>invigilaret</strong></span> <span class='ocrx_word' id='word_1_74' title='bbox 1033 936 1281 992; x_wconf 80' lang='lat' dir='ltr'><strong>edocuit.</strong></span> <span class='ocrx_word' id='word_1_75' title='bbox 1332 936 1460 993; x_wconf 78' lang='lat' dir='ltr'><strong>Haec</strong></span> <span class='ocrx_word' id='word_1_76' title='bbox 1509 937 1633 1009; x_wconf 86' lang='lat' dir='ltr'><strong>ejus</strong></span> <span class='ocrx_word' id='word_1_77' title='bbox 1685 937 1971 993; x_wconf 86' lang='lat' dir='ltr'><strong>illustrans</strong></span> 
     </span>
    </p>
   </div>
   <div class='ocr_carea' id='block_1_12' title="bbox 2105 930 3719 1009">
    <p class='ocr_par' dir='ltr' id='par_1_12' title="bbox 2105 930 3719 1006">
     <span class='ocr_line' id='line_1_12' title="bbox 2105 930 3719 1006; baseline -0.002 -16"><span class='ocrx_word' id='word_1_78' title='bbox 2105 938 2191 1000; x_wconf 84' lang='grc' dir='ltr'>αἶς</span> <span class='ocrx_word' id='word_1_79' title='bbox 2209 935 2382 999; x_wconf 77' lang='grc' dir='ltr'><strong>θείαις</strong></span> <span class='ocrx_word' id='word_1_80' title='bbox 2402 933 2653 1005; x_wconf 75' lang='grc' dir='ltr'><strong>μελέταις</strong></span> <span class='ocrx_word' id='word_1_81' title='bbox 2677 935 3039 1006; x_wconf 82' lang='grc' dir='ltr'>ὲναγρυπνεῖν</span> <span class='ocrx_word' id='word_1_82' title='bbox 3066 932 3520 1001; x_wconf 78' lang='grc' dir='ltr'>έξεπαίδευσεν.</span> <span class='ocrx_word' id='word_1_83' title='bbox 3555 930 3719 1004; x_wconf 32' lang='grc' dir='ltr'><strong>Αὕτη»</strong></span> 
     </span>
    </p>
   </div>
   <div class='ocr_carea' id='block_1_13' title="bbox 385 1020 1997 1097">
    <p class='ocr_par' dir='ltr' id='par_1_13' title="bbox 385 1026 1972 1092">
     <span class='ocr_line' id='line_1_13' title="bbox 385 1026 1972 1092; baseline -0.002 -10"><span class='ocrx_word' id='word_1_84' title='bbox 385 1027 577 1092; x_wconf 88' lang='lat' dir='ltr'><strong>vitam,</strong></span> <span class='ocrx_word' id='word_1_85' title='bbox 610 1026 859 1081; x_wconf 89' lang='lat' dir='ltr'><strong>animum</strong></span> <span class='ocrx_word' id='word_1_86' title='bbox 888 1033 1179 1081; x_wconf 87' lang='lat' dir='ltr'><strong>venustate</strong></span> <span class='ocrx_word' id='word_1_87' title='bbox 1217 1027 1458 1090; x_wconf 86' lang='lat' dir='ltr'><strong>ornavit,</strong></span> <span class='ocrx_word' id='word_1_88' title='bbox 1489 1035 1545 1082; x_wconf 90' lang='lat' dir='ltr'><strong>et</strong></span> <span class='ocrx_word' id='word_1_89' title='bbox 1579 1026 1653 1083; x_wconf 84' lang='lat' dir='ltr'><strong>ad</strong></span> <span class='ocrx_word' id='word_1_90' title='bbox 1687 1026 1972 1083; x_wconf 83' lang='lat' dir='ltr'><strong>celsitudi-</strong></span> 
     </span>
    </p>
   </div>
   <div class='ocr_carea' id='block_1_14' title="bbox 2105 1020 3715 1097">
    <p class='ocr_par' dir='ltr' id='par_1_14' title="bbox 2105 1020 3715 1097">
     <span class='ocr_line' id='line_1_14' title="bbox 2105 1020 3715 1097; baseline -0.004 -15"><span class='ocrx_word' id='word_1_91' title='bbox 2105 1027 2164 1084; x_wconf 75' lang='grc' dir='ltr'>ὸν</span> <span class='ocrx_word' id='word_1_92' title='bbox 2185 1026 2378 1081; x_wconf 88' lang='grc' dir='ltr'>τούτου</span> <span class='ocrx_word' id='word_1_93' title='bbox 2404 1020 2964 1097; x_wconf 77' lang='grc' dir='ltr'>καταλαμπρύνὸυσα,</span> <span class='ocrx_word' id='word_1_94' title='bbox 2995 1025 3091 1097; x_wconf 81' lang='grc' dir='ltr'><strong>τὴν</strong></span> <span class='ocrx_word' id='word_1_95' title='bbox 3134 1022 3344 1096; x_wconf 80' lang='grc' dir='ltr'>ψυχὴν</span> <span class='ocrx_word' id='word_1_96' title='bbox 3400 1022 3715 1096; x_wconf 75' lang='grc' dir='ltr'>ὲξωράῖσε,</span> 
     </span>
    </p>
   </div>
   <div class='ocr_carea' id='block_1_15' title="bbox 385 1113 1997 1192">
    <p class='ocr_par' dir='ltr' id='par_1_15' title="bbox 385 1114 1973 1188">
     <span class='ocr_line' id='line_1_15' title="bbox 385 1114 1973 1188; baseline 0 -15"><span class='ocrx_word' id='word_1_97' title='bbox 385 1133 513 1174; x_wconf 78' lang='lat' dir='ltr'><strong>nam</strong></span> <span class='ocrx_word' id='word_1_98' title='bbox 557 1116 832 1173; x_wconf 82' lang='lat' dir='ltr'><strong>subvexit.</strong></span> <span class='ocrx_word' id='word_1_99' title='bbox 864 1115 992 1172; x_wconf 64' lang='lat' dir='ltr'><strong>Haec</strong></span> <span class='ocrx_word' id='word_1_100' title='bbox 1037 1114 1129 1171; x_wconf 88' lang='lat' dir='ltr'><strong>Dei</strong></span> <span class='ocrx_word' id='word_1_101' title='bbox 1156 1118 1416 1184; x_wconf 88' lang='lat' dir='ltr'><strong>amicum,</strong></span> <span class='ocrx_word' id='word_1_102' title='bbox 1450 1132 1747 1188; x_wconf 76' lang='lat' dir='ltr'><strong>rerumque</strong></span> <span class='ocrx_word' id='word_1_103' title='bbox 1780 1117 1973 1175; x_wconf 72' lang='lat' dir='ltr'><strong>saeculi</strong></span> 
     </span>
    </p>
   </div>
   <div class='ocr_carea' id='block_1_16' title="bbox 2105 1113 3717 1192">
    <p class='ocr_par' dir='ltr' id='par_1_16' title="bbox 2105 1113 3717 1192">
     <span class='ocr_line' id='line_1_16' title="bbox 2105 1113 3717 1192; baseline -0.004 -17"><span class='ocrx_word' id='word_1_104' title='bbox 2105 1119 2173 1176; x_wconf 71' lang='lat' dir='ltr'><strong>:ai.</strong></span> <span class='ocrx_word' id='word_1_105' title='bbox 2220 1119 2360 1192; x_wconf 81' lang='grc' dir='ltr'>πρὸς</span> <span class='ocrx_word' id='word_1_106' title='bbox 2412 1117 2551 1189; x_wconf 76' lang='grc' dir='ltr'>ὕψος</span> <span class='ocrx_word' id='word_1_107' title='bbox 2600 1114 2904 1189; x_wconf 83' lang='grc' dir='ltr'>ἀνήγαγεν.</span> <span class='ocrx_word' id='word_1_108' title='bbox 2925 1115 3077 1188; x_wconf 76' lang='grc' dir='ltr'>Αὕτη</span> <span class='ocrx_word' id='word_1_109' title='bbox 3120 1114 3271 1170; x_wconf 79' lang='grc' dir='ltr'>Θεοῦ</span> <span class='ocrx_word' id='word_1_110' title='bbox 3312 1113 3535 1170; x_wconf 82' lang='grc' dir='ltr'>τοῦτον</span> <span class='ocrx_word' id='word_1_111' title='bbox 3556 1114 3717 1185; x_wconf 88' lang='grc' dir='ltr'>φίλον</span> 
     </span>
    </p>
   </div>
   <div class='ocr_carea' id='block_1_17' title="bbox 384 1206 1997 1285">
    <p class='ocr_par' dir='ltr' id='par_1_17' title="bbox 384 1208 1981 1281">
     <span class='ocr_line' id='line_1_17' title="bbox 384 1208 1981 1281; baseline -0.001 -14"><span class='ocrx_word' id='word_1_112' title='bbox 384 1218 820 1281; x_wconf 83' lang='lat' dir='ltr'><strong>contemptorem</strong></span> <span class='ocrx_word' id='word_1_113' title='bbox 850 1208 1007 1265; x_wconf 76' lang='lat' dir='ltr'><strong>fecit.</strong></span> <span class='ocrx_word' id='word_1_114' title='bbox 1038 1209 1248 1280; x_wconf 85' lang='lat' dir='ltr'><strong>Atque,</strong></span> <span class='ocrx_word' id='word_1_115' title='bbox 1272 1218 1331 1264; x_wconf 94' lang='lat' dir='ltr'><strong>ut</strong></span> <span class='ocrx_word' id='word_1_116' title='bbox 1358 1210 1557 1281; x_wconf 83' lang='lat' dir='ltr'><strong>paucis</strong></span> <span class='ocrx_word' id='word_1_117' title='bbox 1596 1211 1802 1276; x_wconf 85' lang='lat' dir='ltr'><strong>dicam,</strong></span> <span class='ocrx_word' id='word_1_118' title='bbox 1832 1211 1981 1279; x_wconf 67' lang='lat' dir='ltr'><strong>haec,</strong></span> 
     </span>
    </p>
   </div>
   <div class='ocr_carea' id='block_1_18' title="bbox 2105 1206 3716 1285">
    <p class='ocr_par' dir='ltr' id='par_1_18' title="bbox 2105 1206 3716 1285">
     <span class='ocr_line' id='line_1_18' title="bbox 2105 1206 3716 1285; baseline -0.004 -16"><span class='ocrx_word' id='word_1_119' title='bbox 2105 1214 2371 1285; x_wconf 63' lang='grc' dir='ltr'>πεποίηκε,</span> <span class='ocrx_word' id='word_1_120' title='bbox 2400 1210 2619 1267; x_wconf 75' lang='grc' dir='ltr'>καὶτῶν</span> <span class='ocrx_word' id='word_1_121' title='bbox 2636 1209 2921 1282; x_wconf 80' lang='grc' dir='ltr'><strong>παρόντων</strong></span> <span class='ocrx_word' id='word_1_122' title='bbox 2946 1210 3216 1280; x_wconf 79' lang='grc' dir='ltr'>περιορᾷν</span> <span class='ocrx_word' id='word_1_123' title='bbox 3266 1206 3716 1278; x_wconf 81' lang='grc' dir='ltr'><strong>παρεσκεύασε.</strong></span> 
     </span>
    </p>
   </div>
   <div class='ocr_carea' id='block_1_19' title="bbox 384 1298 1997 1381">
    <p class='ocr_par' dir='ltr' id='par_1_19' title="bbox 384 1303 1978 1381">
     <span class='ocr_line' id='line_1_19' title="bbox 384 1303 1978 1381; baseline 0.001 -22"><span class='ocrx_word' id='word_1_124' title='bbox 384 1304 445 1359; x_wconf 90' lang='lat' dir='ltr'><strong>in</strong></span> <span class='ocrx_word' id='word_1_125' title='bbox 481 1305 803 1360; x_wconf 89' lang='lat' dir='ltr'><strong>universum</strong></span> <span class='ocrx_word' id='word_1_126' title='bbox 855 1303 984 1370; x_wconf 88' lang='lat' dir='ltr'><strong>hoc,</strong></span> <span class='ocrx_word' id='word_1_127' title='bbox 1013 1304 1385 1375; x_wconf 86' lang='lat' dir='ltr'><strong>processione</strong></span> <span class='ocrx_word' id='word_1_128' title='bbox 1414 1321 1483 1361; x_wconf 79' lang='lat' dir='ltr'><strong>ex</strong></span> <span class='ocrx_word' id='word_1_129' title='bbox 1520 1306 1705 1381; x_wconf 85' lang='lat' dir='ltr'><strong>_nihilo</strong></span> <span class='ocrx_word' id='word_1_130' title='bbox 1747 1306 1978 1362; x_wconf 85' lang='lat' dir='ltr'><strong>venien-</strong></span> 
     </span>
    </p>
   </div>
   <div class='ocr_carea' id='block_1_20' title="bbox 2105 1298 3723 1381">
    <p class='ocr_par' dir='ltr' id='par_1_20' title="bbox 2105 1298 3723 1376">
     <span class='ocr_line' id='line_1_20' title="bbox 2105 1298 3723 1376; baseline -0.005 -16"><span class='ocrx_word' id='word_1_131' title='bbox 2105 1307 2190 1361; x_wconf 73' lang='grc' dir='ltr'><strong>ἰαὶ</strong></span> <span class='ocrx_word' id='word_1_132' title='bbox 2213 1305 2503 1361; x_wconf 67' lang='grc' dir='ltr'>συνελόντα</span> <span class='ocrx_word' id='word_1_133' title='bbox 2536 1305 2702 1376; x_wconf 85' lang='grc' dir='ltr'>φάναι</span> <span class='ocrx_word' id='word_1_134' title='bbox 2736 1319 2752 1335; x_wconf 77' lang='grc' dir='ltr'><strong><em>ο</em></strong></span> <span class='ocrx_word' id='word_1_135' title='bbox 2783 1301 2926 1372; x_wconf 74' lang='grc' dir='ltr'>αὕτη</span> <span class='ocrx_word' id='word_1_136' title='bbox 2954 1299 3144 1355; x_wconf 76' lang='grc' dir='ltr'>τοῦτον</span> <span class='ocrx_word' id='word_1_137' title='bbox 3188 1300 3290 1364; x_wconf 83' lang='grc' dir='ltr'><strong>είς</strong></span> <span class='ocrx_word' id='word_1_138' title='bbox 3335 1300 3475 1353; x_wconf 78' lang='grc' dir='ltr'>τόδε</span> <span class='ocrx_word' id='word_1_139' title='bbox 3508 1298 3574 1353; x_wconf 83' lang='grc' dir='ltr'>τὸ</span> <span class='ocrx_word' id='word_1_140' title='bbox 3607 1299 3723 1353; x_wconf 79' lang='grc' dir='ltr'><strong>πᾶν</strong></span> 
     </span>
    </p>
   </div>
   <div class='ocr_carea' id='block_1_21' title="bbox 385 1389 1997 1470">
    <p class='ocr_par' dir='ltr' id='par_1_21' title="bbox 385 1395 1980 1467">
     <span class='ocr_line' id='line_1_21' title="bbox 385 1395 1980 1467; baseline 0 -17"><span class='ocrx_word' id='word_1_141' title='bbox 385 1406 517 1460; x_wconf 83' lang='lat' dir='ltr'><strong>tem,</strong></span> <span class='ocrx_word' id='word_1_142' title='bbox 546 1395 825 1466; x_wconf 87' lang='lat' dir='ltr'><strong>suscepit;</strong></span> <span class='ocrx_word' id='word_1_143' title='bbox 872 1396 1239 1467; x_wconf 76' lang='lat' dir='ltr'><strong>eamdemque</strong></span> <span class='ocrx_word' id='word_1_144' title='bbox 1278 1396 1425 1467; x_wconf 86' lang='lat' dir='ltr'><strong>ipsa,</strong></span> <span class='ocrx_word' id='word_1_145' title='bbox 1471 1398 1542 1452; x_wconf 85' lang='lat' dir='ltr'><strong>ab</strong></span> <span class='ocrx_word' id='word_1_146' title='bbox 1577 1398 1838 1454; x_wconf 84' lang='lat' dir='ltr'><strong>humanis</strong></span> <span class='ocrx_word' id='word_1_147' title='bbox 1879 1398 1980 1453; x_wconf 89' lang='lat' dir='ltr'><strong>mi-</strong></span> 
     </span>
    </p>
   </div>
   <div class='ocr_carea' id='block_1_22' title="bbox 2105 1389 3716 1470">
    <p class='ocr_par' dir='ltr' id='par_1_22' title="bbox 2112 1389 3716 1470">
     <span class='ocr_line' id='line_1_22' title="bbox 2112 1389 3716 1470; baseline -0.006 -17"><span class='ocrx_word' id='word_1_148' title='bbox 2112 1417 2146 1453; x_wconf 86' lang='grc' dir='ltr'><em>κ</em></span> <span class='ocrx_word' id='word_1_149' title='bbox 2167 1398 2242 1470; x_wconf 82' lang='grc' dir='ltr'><strong>μὴ</strong></span> <span class='ocrx_word' id='word_1_150' title='bbox 2268 1389 2439 1453; x_wconf 71' lang='grc' dir='ltr'>ὄντων</span> <span class='ocrx_word' id='word_1_151' title='bbox 2463 1397 2711 1461; x_wconf 72' lang='grc' dir='ltr'>ἐλθόντα,</span> <span class='ocrx_word' id='word_1_152' title='bbox 2739 1395 2959 1462; x_wconf 72' lang='grc' dir='ltr'>ἐδέξατο</span> <span class='ocrx_word' id='word_1_153' title='bbox 2978 1410 2994 1425; x_wconf 75' lang='grc' dir='ltr'><strong>ο</strong></span> <span class='ocrx_word' id='word_1_154' title='bbox 3031 1393 3128 1447; x_wconf 70' lang='grc' dir='ltr'><strong>καὶ</strong></span> <span class='ocrx_word' id='word_1_155' title='bbox 3154 1390 3317 1461; x_wconf 73' lang='grc' dir='ltr'>αὕτη</span> <span class='ocrx_word' id='word_1_156' title='bbox 3351 1391 3457 1444; x_wconf 79' lang='grc' dir='ltr'>τὸν</span> <span class='ocrx_word' id='word_1_157' title='bbox 3492 1389 3716 1444; x_wconf 74' lang='grc' dir='ltr'>ἐνθένδε</span> 
     </span>
    </p>
   </div>
   <div class='ocr_carea' id='block_1_23' title="bbox 384 1480 1997 1563">
    <p class='ocr_par' dir='ltr' id='par_1_23' title="bbox 384 1487 1979 1563">
     <span class='ocr_line' id='line_1_23' title="bbox 384 1487 1979 1563; baseline 0.003 -22"><span class='ocrx_word' id='word_1_158' title='bbox 384 1494 666 1557; x_wconf 87' lang='lat' dir='ltr'><strong>grantem.</strong></span> <span class='ocrx_word' id='word_1_159' title='bbox 703 1502 806 1543; x_wconf 90' lang='lat' dir='ltr'><strong>ceu</strong></span> <span class='ocrx_word' id='word_1_160' title='bbox 847 1487 1090 1559; x_wconf 89' lang='lat' dir='ltr'><strong>hospitio</strong></span> <span class='ocrx_word' id='word_1_161' title='bbox 1128 1504 1322 1547; x_wconf 87' lang='lat' dir='ltr'><strong>rursus</strong></span> <span class='ocrx_word' id='word_1_162' title='bbox 1360 1491 1572 1561; x_wconf 83' lang='lat' dir='ltr'><strong>recepit</strong></span> <span class='ocrx_word' id='word_1_163' title='bbox 1605 1508 1618 1545; x_wconf 92' lang='lat'><strong>:</strong></span> <span class='ocrx_word' id='word_1_164' title='bbox 1658 1506 1781 1563; x_wconf 76' lang='lat' dir='ltr'><strong>qua:</strong></span> <span class='ocrx_word' id='word_1_165' title='bbox 1805 1500 1859 1547; x_wconf 89' lang='lat' dir='ltr'><strong>et</strong></span> <span class='ocrx_word' id='word_1_166' title='bbox 1882 1507 1979 1548; x_wconf 81' lang='lat' dir='ltr'><strong>ex-</strong></span> 
     </span>
    </p>
   </div>
   <div class='ocr_carea' id='block_1_24' title="bbox 2105 1480 3716 1563">
    <p class='ocr_par' dir='ltr' id='par_1_24' title="bbox 2105 1480 3716 1558">
     <span class='ocr_line' id='line_1_24' title="bbox 2105 1480 3716 1558; baseline -0.007 -14"><span class='ocrx_word' id='word_1_167' title='bbox 2105 1491 2431 1545; x_wconf 88' lang='grc' dir='ltr'>ιεταστάντα</span> <span class='ocrx_word' id='word_1_168' title='bbox 2485 1489 2648 1545; x_wconf 85' lang='grc' dir='ltr'>πάλιν</span> <span class='ocrx_word' id='word_1_169' title='bbox 2695 1488 2933 1554; x_wconf 76' lang='grc' dir='ltr'><strong>ἐξένισεν</strong></span> <span class='ocrx_word' id='word_1_170' title='bbox 2958 1503 2974 1519; x_wconf 76' lang='grc' dir='ltr'><strong>ο</strong></span> <span class='ocrx_word' id='word_1_171' title='bbox 3008 1487 3046 1558; x_wconf 78' lang='grc' dir='ltr'><strong>ἢ</strong></span> <span class='ocrx_word' id='word_1_172' title='bbox 3084 1484 3180 1540; x_wconf 80' lang='grc' dir='ltr'><strong>καὶ</strong></span> <span class='ocrx_word' id='word_1_173' title='bbox 3246 1482 3494 1554; x_wconf 78' lang='grc' dir='ltr'><strong>μάρτυς</strong></span> <span class='ocrx_word' id='word_1_174' title='bbox 3548 1480 3716 1535; x_wconf 78' lang='grc' dir='ltr'>αὐτοῦ</span> 
     </span>
    </p>
   </div>
   <div class='ocr_carea' id='block_1_25' title="bbox 388 1574 1997 1655">
    <p class='ocr_par' dir='ltr' id='par_1_25' title="bbox 388 1578 1985 1654">
     <span class='ocr_line' id='line_1_25' title="bbox 388 1578 1985 1654; baseline 0.003 -19"><span class='ocrx_word' id='word_1_175' title='bbox 388 1587 601 1649; x_wconf 81' lang='lat' dir='ltr'><strong>spectat</strong></span> <span class='ocrx_word' id='word_1_176' title='bbox 643 1578 909 1650; x_wconf 84' lang='lat' dir='ltr'><strong>praeclare</strong></span> <span class='ocrx_word' id='word_1_177' title='bbox 955 1589 1240 1652; x_wconf 80' lang='lat' dir='ltr'><strong>gestorum</strong></span> <span class='ocrx_word' id='word_1_178' title='bbox 1293 1582 1479 1638; x_wconf 83' lang='lat' dir='ltr'><strong>futura</strong></span> <span class='ocrx_word' id='word_1_179' title='bbox 1531 1583 1713 1650; x_wconf 87' lang='lat' dir='ltr'><strong>testis,</strong></span> <span class='ocrx_word' id='word_1_180' title='bbox 1759 1583 1985 1654; x_wconf 85' lang='lat' dir='ltr'><strong>quando</strong></span> 
     </span>
    </p>
   </div>
   <div class='ocr_carea' id='block_1_26' title="bbox 2105 1574 3715 1655">
    <p class='ocr_par' dir='ltr' id='par_1_26' title="bbox 2105 1574 3715 1655">
     <span class='ocr_line' id='line_1_26' title="bbox 2105 1574 3715 1655; baseline -0.007 -16"><span class='ocrx_word' id='word_1_181' title='bbox 2105 1576 2182 1655; x_wconf 58' lang='grc' dir='ltr'>βῆς</span> <span class='ocrx_word' id='word_1_182' title='bbox 2209 1584 2493 1655; x_wconf 82' lang='grc' dir='ltr'>ἀριστείας</span> <span class='ocrx_word' id='word_1_183' title='bbox 2523 1582 2788 1655; x_wconf 76' lang='grc' dir='ltr'>ἀναμένει</span> <span class='ocrx_word' id='word_1_184' title='bbox 2826 1578 3181 1652; x_wconf 76' lang='grc' dir='ltr'>γενήσεσθαι,</span> <span class='ocrx_word' id='word_1_185' title='bbox 3228 1577 3380 1632; x_wconf 83' lang='grc' dir='ltr'>ὅταν</span> <span class='ocrx_word' id='word_1_186' title='bbox 3412 1576 3571 1630; x_wconf 75' lang='grc' dir='ltr'>πᾶσι</span> <span class='ocrx_word' id='word_1_187' title='bbox 3594 1574 3715 1629; x_wconf 81' lang='grc' dir='ltr'>κατ’</span> 
     </span>
    </p>
   </div>
   <div class='ocr_carea' id='block_1_27' title="bbox 385 1668 1997 1747">
    <p class='ocr_par' dir='ltr' id='par_1_27' title="bbox 385 1670 1984 1743">
     <span class='ocr_line' id='line_1_27' title="bbox 385 1670 1984 1743; baseline 0.003 -17"><span class='ocrx_word' id='word_1_188' title='bbox 385 1671 557 1742; x_wconf 77' lang='lat' dir='ltr'><strong>judex</strong></span> <span class='ocrx_word' id='word_1_189' title='bbox 593 1670 855 1727; x_wconf 89' lang='lat' dir='ltr'><strong>omnibus</strong></span> <span class='ocrx_word' id='word_1_190' title='bbox 885 1685 989 1743; x_wconf 90' lang='lat' dir='ltr'><strong>pro</strong></span> <span class='ocrx_word' id='word_1_191' title='bbox 1016 1672 1235 1730; x_wconf 90' lang='lat' dir='ltr'><strong>meritis</strong></span> <span class='ocrx_word' id='word_1_192' title='bbox 1283 1673 1686 1731; x_wconf 86' lang='lat' dir='ltr'><strong>retributiones</strong></span> <span class='ocrx_word' id='word_1_193' title='bbox 1727 1673 1984 1731; x_wconf 76' lang='lat' dir='ltr'><strong>decretu-</strong></span> 
     </span>
    </p>
   </div>
   <div class='ocr_carea' id='block_1_28' title="bbox 2105 1668 3384 1747">
    <p class='ocr_par' dir='ltr' id='par_1_28' title="bbox 2105 1668 3384 1747">
     <span class='ocr_line' id='line_1_28' title="bbox 2105 1668 3384 1747; baseline -0.006 -16"><span class='ocrx_word' id='word_1_194' title='bbox 2105 1675 2242 1742; x_wconf 66' lang='grc' dir='ltr'>ἰξίαν</span> <span class='ocrx_word' id='word_1_195' title='bbox 2261 1675 2362 1741; x_wconf 81' lang='grc' dir='ltr'>τὰς</span> <span class='ocrx_word' id='word_1_196' title='bbox 2390 1675 2630 1747; x_wconf 80' lang='grc' dir='ltr'>ἀμοιϐὰς</span> <span class='ocrx_word' id='word_1_197' title='bbox 2660 1677 2689 1729; x_wconf 85' lang='grc' dir='ltr'>ὁ</span> <span class='ocrx_word' id='word_1_198' title='bbox 2719 1673 2930 1745; x_wconf 83' lang='grc' dir='ltr'>Κριτὴς</span> <span class='ocrx_word' id='word_1_199' title='bbox 2957 1668 3384 1742; x_wconf 75' lang='grc' dir='ltr'>ἀποφαίνηται.</span> 
     </span>
    </p>
   </div>
   <div class='ocr_carea' id='block_1_29' title="bbox 387 1771 3125 1819">
    <p class='ocr_par' dir='ltr' id='par_1_29' title="bbox 387 1771 3125 1819">
     <span class='ocr_line' id='line_1_29' title="bbox 387 1771 3125 1819; baseline 0 -2"><span class='ocrx_word' id='word_1_200' title='bbox 387 1778 487 1818; x_wconf 86' lang='lat' dir='ltr'><strong>rus</strong></span> <span class='ocrx_word' id='word_1_201' title='bbox 507 1771 612 1819; x_wconf 75' lang='grc' dir='ltr'>εει.</span> <span class='ocrx_word' id='word_1_202' title='bbox 3108 1782 3125 1790; x_wconf 89' lang='grc'><em>’</em></span> 
     </span>
    </p>
   </div>
   <div class='ocr_carea' id='block_1_30' title="bbox 464 1842 1997 1931">
    <p class='ocr_par' dir='ltr' id='par_1_30' title="bbox 464 1854 1985 1931">
     <span class='ocr_line' id='line_1_30' title="bbox 464 1854 1985 1931; baseline 0.007 -23"><span class='ocrx_word' id='word_1_203' title='bbox 464 1854 755 1911; x_wconf 85' lang='lat' dir='ltr'><strong>Enimvero</strong></span> <span class='ocrx_word' id='word_1_204' title='bbox 777 1854 1091 1926; x_wconf 85' lang='lat' dir='ltr'><strong>improvide</strong></span> <span class='ocrx_word' id='word_1_205' title='bbox 1123 1855 1180 1911; x_wconf 92' lang='lat' dir='ltr'><strong>in</strong></span> <span class='ocrx_word' id='word_1_206' title='bbox 1203 1856 1307 1912; x_wconf 86' lang='lat' dir='ltr'><strong>hos</strong></span> <span class='ocrx_word' id='word_1_207' title='bbox 1334 1871 1623 1927; x_wconf 87' lang='lat' dir='ltr'><strong>sermones</strong></span> <span class='ocrx_word' id='word_1_208' title='bbox 1667 1859 1985 1931; x_wconf 78' lang='lat' dir='ltr'><strong>digressus,</strong></span> 
     </span>
    </p>
   </div>
   <div class='ocr_carea' id='block_1_31' title="bbox 2105 1842 3718 1931">
    <p class='ocr_par' dir='ltr' id='par_1_31' title="bbox 2169 1842 3718 1926">
     <span class='ocr_line' id='line_1_31' title="bbox 2169 1842 3718 1926; baseline -0.009 -15"><span class='ocrx_word' id='word_1_209' title='bbox 2169 1855 2331 1911; x_wconf 78' lang='grc' dir='ltr'>Ἀλλά</span> <span class='ocrx_word' id='word_1_210' title='bbox 2353 1855 2458 1926; x_wconf 90' lang='grc' dir='ltr'><strong>γάρ</strong></span> <span class='ocrx_word' id='word_1_211' title='bbox 2483 1852 2674 1909; x_wconf 75' lang='grc' dir='ltr'>ἔλαθον</span> <span class='ocrx_word' id='word_1_212' title='bbox 2694 1852 2954 1924; x_wconf 75' lang='grc' dir='ltr'>ἐμαυτὸν,</span> <span class='ocrx_word' id='word_1_213' title='bbox 2981 1852 3062 1915; x_wconf 84' lang='grc' dir='ltr'><strong>είς</strong></span> <span class='ocrx_word' id='word_1_214' title='bbox 3095 1848 3307 1904; x_wconf 88' lang='grc' dir='ltr'>τούσδε</span> <span class='ocrx_word' id='word_1_215' title='bbox 3337 1845 3448 1901; x_wconf 83' lang='grc' dir='ltr'>νῦν</span> <span class='ocrx_word' id='word_1_216' title='bbox 3468 1844 3608 1909; x_wconf 79' lang='grc' dir='ltr'>τοὺς</span> <span class='ocrx_word' id='word_1_217' title='bbox 3630 1842 3718 1898; x_wconf 85' lang='grc' dir='ltr'><strong>λό-</strong></span> 
     </span>
    </p>
   </div>
   <div class='ocr_carea' id='block_1_32' title="bbox 389 1928 1997 2019">
    <p class='ocr_par' dir='ltr' id='par_1_32' title="bbox 389 1928 1978 2019">
     <span class='ocr_line' id='line_1_32' title="bbox 389 1928 1978 2019; baseline 0.005 -18"><span class='ocrx_word' id='word_1_218' title='bbox 389 1947 588 2019; x_wconf 85' lang='lat' dir='ltr'><strong>reliqui</strong></span> <span class='ocrx_word' id='word_1_219' title='bbox 613 1949 760 2019; x_wconf 92' lang='lat' dir='ltr'><strong>quod</strong></span> <span class='ocrx_word' id='word_1_220' title='bbox 787 1951 943 2019; x_wconf 89' lang='lat' dir='ltr'><strong>prius</strong></span> <span class='ocrx_word' id='word_1_221' title='bbox 978 1948 1336 2006; x_wconf 88' lang='lat' dir='ltr'><strong>incumbebat</strong></span> <span class='ocrx_word' id='word_1_222' title='bbox 1369 1951 1669 2008; x_wconf 87' lang='lat' dir='ltr'><strong>dicendum</strong></span> <span class='ocrx_word' id='word_1_223' title='bbox 1719 1928 1756 2008; x_wconf 36' lang='grc' dir='ltr'>ι.</span> <span class='ocrx_word' id='word_1_224' title='bbox 1772 1963 1834 2009; x_wconf 78' lang='lat' dir='ltr'><strong>ut</strong></span> <span class='ocrx_word' id='word_1_225' title='bbox 1887 1954 1978 2009; x_wconf 90' lang='lat' dir='ltr'><strong>id-</strong></span> 
     </span>
    </p>
   </div>
   <div class='ocr_carea' id='block_1_33' title="bbox 2105 1928 3713 2019">
    <p class='ocr_par' dir='ltr' id='par_1_33' title="bbox 2105 1934 3713 2018">
     <span class='ocr_line' id='line_1_33' title="bbox 2105 1934 3713 2018; baseline -0.007 -16"><span class='ocrx_word' id='word_1_226' title='bbox 2105 1964 2219 2018; x_wconf 59' lang='grc' dir='ltr'>τους</span> <span class='ocrx_word' id='word_1_227' title='bbox 2249 1945 2624 2018; x_wconf 78' lang='grc' dir='ltr'>παρεξελθὼν,</span> <span class='ocrx_word' id='word_1_228' title='bbox 2649 1944 2745 1998; x_wconf 78' lang='grc' dir='ltr'><strong>καὶ</strong></span> <span class='ocrx_word' id='word_1_229' title='bbox 2775 1934 3117 2012; x_wconf 70' lang='grc' dir='ltr'>καταλείψας</span> <span class='ocrx_word' id='word_1_230' title='bbox 3142 1940 3218 1995; x_wconf 88' lang='grc' dir='ltr'><strong>τά</strong></span> <span class='ocrx_word' id='word_1_231' title='bbox 3256 1938 3563 2012; x_wconf 85' lang='grc' dir='ltr'>πρότερον</span> <span class='ocrx_word' id='word_1_232' title='bbox 3590 1936 3713 2006; x_wconf 82' lang='grc' dir='ltr'>λεχ-</span> 
     </span>
    </p>
   </div>
   <div class='ocr_carea' id='block_1_34' title="bbox 390 2026 1997 2111">
    <p class='ocr_par' dir='ltr' id='par_1_34' title="bbox 390 2036 1982 2111">
     <span class='ocr_line' id='line_1_34' title="bbox 390 2036 1982 2111; baseline 0.006 -20"><span class='ocrx_word' id='word_1_233' title='bbox 390 2037 570 2106; x_wconf 88' lang='lat' dir='ltr'><strong>ipsum</strong></span> <span class='ocrx_word' id='word_1_234' title='bbox 596 2036 882 2104; x_wconf 89' lang='lat' dir='ltr'><strong>acciderit,</strong></span> <span class='ocrx_word' id='word_1_235' title='bbox 923 2048 1089 2109; x_wconf 88' lang='lat' dir='ltr'><strong>atque</strong></span> <span class='ocrx_word' id='word_1_236' title='bbox 1128 2039 1200 2095; x_wconf 92' lang='lat' dir='ltr'><strong>iis</strong></span> <span class='ocrx_word' id='word_1_237' title='bbox 1236 2041 1333 2111; x_wconf 88' lang='lat' dir='ltr'><strong>qui</strong></span> <span class='ocrx_word' id='word_1_238' title='bbox 1364 2048 1495 2099; x_wconf 87' lang='lat' dir='ltr'><strong>ante</strong></span> <span class='ocrx_word' id='word_1_239' title='bbox 1552 2041 1982 2101; x_wconf 80' lang='lat' dir='ltr'><strong>fundamentum</strong></span> 
     </span>
    </p>
   </div>
   <div class='ocr_carea' id='block_1_35' title="bbox 2105 2026 3717 2111">
    <p class='ocr_par' dir='ltr' id='par_1_35' title="bbox 2105 2026 3717 2110">
     <span class='ocr_line' id='line_1_35' title="bbox 2105 2026 3717 2110; baseline -0.007 -18"><span class='ocrx_word' id='word_1_240' title='bbox 2105 2039 2246 2110; x_wconf 74' lang='grc' dir='ltr'>Ιῆναι</span> <span class='ocrx_word' id='word_1_241' title='bbox 2274 2038 2583 2107; x_wconf 83' lang='grc' dir='ltr'>ὀφείλοντα,</span> <span class='ocrx_word' id='word_1_242' title='bbox 2609 2031 2776 2109; x_wconf 81' lang='grc' dir='ltr'>ἦττον</span> <span class='ocrx_word' id='word_1_243' title='bbox 2804 2035 2965 2089; x_wconf 72' lang='grc' dir='ltr'>οὐδὲν</span> <span class='ocrx_word' id='word_1_244' title='bbox 3014 2033 3122 2088; x_wconf 87' lang='grc' dir='ltr'><strong>κάν</strong></span> <span class='ocrx_word' id='word_1_245' title='bbox 3159 2031 3361 2102; x_wconf 83' lang='grc' dir='ltr'>τούτῳ</span> <span class='ocrx_word' id='word_1_246' title='bbox 3392 2026 3717 2092; x_wconf 84' lang='grc' dir='ltr'>πεπονθὼς,</span> 
     </span>
    </p>
   </div>
   <div class='ocr_carea' id='block_1_36' title="bbox 390 2123 1997 2202">
    <p class='ocr_par' dir='ltr' id='par_1_36' title="bbox 390 2127 1979 2202">
     <span class='ocr_line' id='line_1_36' title="bbox 390 2127 1979 2202; baseline 0.009 -21"><span class='ocrx_word' id='word_1_247' title='bbox 390 2127 519 2183; x_wconf 89' lang='lat' dir='ltr'><strong>tecti</strong></span> <span class='ocrx_word' id='word_1_248' title='bbox 558 2137 897 2185; x_wconf 89' lang='lat' dir='ltr'><strong>structuram</strong></span> <span class='ocrx_word' id='word_1_249' title='bbox 947 2133 1275 2189; x_wconf 90' lang='lat' dir='ltr'><strong>moliuntur.</strong></span> <span class='ocrx_word' id='word_1_250' title='bbox 1318 2135 1615 2202; x_wconf 68' lang='lat' dir='ltr'><strong>Caeterum,</strong></span> <span class='ocrx_word' id='word_1_251' title='bbox 1658 2146 1979 2195; x_wconf 84' lang='lat' dir='ltr'><strong>vestrarum</strong></span> 
     </span>
    </p>
   </div>
   <div class='ocr_carea' id='block_1_37' title="bbox 2105 2123 3712 2202">
    <p class='ocr_par' dir='ltr' id='par_1_37' title="bbox 2105 2123 3712 2202">
     <span class='ocr_line' id='line_1_37' title="bbox 2105 2123 3712 2202; baseline -0.008 -16"><span class='ocrx_word' id='word_1_252' title='bbox 2105 2134 2213 2195; x_wconf 80' lang='grc' dir='ltr'><strong>ιοῖς</strong></span> <span class='ocrx_word' id='word_1_253' title='bbox 2243 2130 2353 2202; x_wconf 84' lang='grc' dir='ltr'><strong>πρὸ</strong></span> <span class='ocrx_word' id='word_1_254' title='bbox 2378 2130 2481 2200; x_wconf 83' lang='grc' dir='ltr'>τῆς</span> <span class='ocrx_word' id='word_1_255' title='bbox 2511 2130 2677 2202; x_wconf 79' lang='grc' dir='ltr'>έδρας</span> <span class='ocrx_word' id='word_1_256' title='bbox 2703 2128 2802 2199; x_wconf 81' lang='grc' dir='ltr'>τὴν</span> <span class='ocrx_word' id='word_1_257' title='bbox 2828 2126 3037 2198; x_wconf 80' lang='grc' dir='ltr'>ὀροφὴν</span> <span class='ocrx_word' id='word_1_258' title='bbox 3062 2123 3421 2195; x_wconf 78' lang='grc' dir='ltr'>καταρτίσαι</span> <span class='ocrx_word' id='word_1_259' title='bbox 3454 2137 3712 2193; x_wconf 79' lang='grc' dir='ltr'>μηχανω-</span> 
     </span>
    </p>
   </div>
   <div class='ocr_carea' id='block_1_38' title="bbox 390 2211 1997 2299">
    <p class='ocr_par' dir='ltr' id='par_1_38' title="bbox 390 2220 1981 2299">
     <span class='ocr_line' id='line_1_38' title="bbox 390 2220 1981 2299; baseline 0.01 -27"><span class='ocrx_word' id='word_1_260' title='bbox 390 2232 614 2290; x_wconf 87' lang='lat' dir='ltr'><strong>precum</strong></span> <span class='ocrx_word' id='word_1_261' title='bbox 651 2220 1000 2292; x_wconf 83' lang='lat' dir='ltr'><strong>indulgentia</strong></span> <span class='ocrx_word' id='word_1_262' title='bbox 1046 2225 1161 2297; x_wconf 88' lang='lat'><strong>(80)</strong></span> <span class='ocrx_word' id='word_1_263' title='bbox 1216 2225 1414 2295; x_wconf 82' lang='lat' dir='ltr'><strong>fretus,</strong></span> <span class='ocrx_word' id='word_1_264' title='bbox 1458 2229 1618 2299; x_wconf 85' lang='lat' dir='ltr'><strong>parvi</strong></span> <span class='ocrx_word' id='word_1_265' title='bbox 1649 2230 1799 2286; x_wconf 86' lang='lat' dir='ltr'><strong>facio</strong></span> <span class='ocrx_word' id='word_1_266' title='bbox 1828 2246 1981 2287; x_wconf 87' lang='lat' dir='ltr'><strong>com-</strong></span> 
     </span>
    </p>
   </div>
   <div class='ocr_carea' id='block_1_39' title="bbox 2105 2211 3715 2299">
    <p class='ocr_par' dir='ltr' id='par_1_39' title="bbox 2105 2211 3715 2299">
     <span class='ocr_line' id='line_1_39' title="bbox 2105 2211 3715 2299; baseline -0.01 -20"><span class='ocrx_word' id='word_1_267' title='bbox 2105 2224 2299 2287; x_wconf 61' lang='grc' dir='ltr'>κένοις.</span> <span class='ocrx_word' id='word_1_268' title='bbox 2346 2222 2498 2293; x_wconf 73' lang='grc' dir='ltr'>Πλὴν</span> <span class='ocrx_word' id='word_1_269' title='bbox 2535 2222 2649 2285; x_wconf 79' lang='grc' dir='ltr'>τοῖς</span> <span class='ocrx_word' id='word_1_270' title='bbox 2683 2221 2817 2290; x_wconf 85' lang='grc' dir='ltr'>παρ’</span> <span class='ocrx_word' id='word_1_271' title='bbox 2851 2217 3006 2289; x_wconf 84' lang='grc' dir='ltr'>ὑμῶν</span> <span class='ocrx_word' id='word_1_272' title='bbox 3052 2217 3351 2279; x_wconf 84' lang='grc' dir='ltr'>εὐκτικοῖς</span> <span class='ocrx_word' id='word_1_273' title='bbox 3413 2211 3715 2299; x_wconf 77' lang='grc' dir='ltr'>ἀφεσίμοις</span> 
     </span>
    </p>
   </div>
   <div class='ocr_carea' id='block_1_40' title="bbox 391 2297 1997 2389">
    <p class='ocr_par' dir='ltr' id='par_1_40' title="bbox 391 2297 1982 2382">
     <span class='ocr_line' id='line_1_40' title="bbox 391 2297 1982 2382; baseline 0.009 -16"><span class='ocrx_word' id='word_1_274' title='bbox 391 2312 658 2381; x_wconf 86' lang='lat' dir='ltr'><strong>positum,</strong></span> <span class='ocrx_word' id='word_1_275' title='bbox 686 2322 741 2369; x_wconf 90' lang='lat' dir='ltr'><strong>et</strong></span> <span class='ocrx_word' id='word_1_276' title='bbox 761 2330 825 2371; x_wconf 82' lang='lat' dir='ltr'><strong>ex</strong></span> <span class='ocrx_word' id='word_1_277' title='bbox 859 2327 977 2373; x_wconf 89' lang='lat' dir='ltr'><strong>arte</strong></span> <span class='ocrx_word' id='word_1_278' title='bbox 999 2319 1385 2375; x_wconf 86' lang='lat' dir='ltr'><strong>encomiorum</strong></span> <span class='ocrx_word' id='word_1_279' title='bbox 1422 2297 1644 2378; x_wconf 84' lang='lat' dir='ltr'><strong>modum</strong></span> <span class='ocrx_word' id='word_1_280' title='bbox 1678 2339 1846 2379; x_wconf 90' lang='lat' dir='ltr'><strong>:nam</strong></span> <span class='ocrx_word' id='word_1_281' title='bbox 1885 2341 1982 2382; x_wconf 90' lang='lat' dir='ltr'><strong>ne-</strong></span> 
     </span>
    </p>
   </div>
   <div class='ocr_carea' id='block_1_41' title="bbox 2105 2297 3708 2389">
    <p class='ocr_par' dir='ltr' id='par_1_41' title="bbox 2105 2297 3708 2389">
     <span class='ocr_line' id='line_1_41' title="bbox 2105 2297 3708 2389; baseline -0.012 -17"><span class='ocrx_word' id='word_1_282' title='bbox 2105 2318 2393 2389; x_wconf 63' lang='grc' dir='ltr'>λαρσήσας,</span> <span class='ocrx_word' id='word_1_283' title='bbox 2450 2313 2512 2368; x_wconf 90' lang='grc' dir='ltr'><strong>ού</strong></span> <span class='ocrx_word' id='word_1_284' title='bbox 2559 2313 2689 2383; x_wconf 82' lang='grc' dir='ltr'>περὶ</span> <span class='ocrx_word' id='word_1_285' title='bbox 2746 2308 2948 2363; x_wconf 81' lang='grc' dir='ltr'>πολλοῦ</span> <span class='ocrx_word' id='word_1_286' title='bbox 2982 2308 3083 2378; x_wconf 82' lang='grc' dir='ltr'>τὴν</span> <span class='ocrx_word' id='word_1_287' title='bbox 3111 2306 3225 2361; x_wconf 81' lang='grc' dir='ltr'><strong>τῶν</strong></span> <span class='ocrx_word' id='word_1_288' title='bbox 3273 2302 3597 2374; x_wconf 74' lang='grc' dir='ltr'>ἐγκωμίων</span> <span class='ocrx_word' id='word_1_289' title='bbox 3635 2297 3708 2352; x_wconf 77' lang='grc' dir='ltr'>τί·</span> 
     </span>
    </p>
   </div>
   <div class='ocr_carea' id='block_1_42' title="bbox 311 2392 1997 2486">
    <p class='ocr_par' dir='ltr' id='par_1_42' title="bbox 311 2403 1985 2486">
     <span class='ocr_line' id='line_1_42' title="bbox 311 2403 1985 2486; baseline 0.01 -33"><span class='ocrx_word' id='word_1_290' title='bbox 311 2447 320 2453; x_wconf 90' lang='grc'><strong>.</strong></span> <span class='ocrx_word' id='word_1_291' title='bbox 391 2416 499 2473; x_wconf 89' lang='lat' dir='ltr'><strong>que</strong></span> <span class='ocrx_word' id='word_1_292' title='bbox 553 2403 738 2474; x_wconf 88' lang='lat' dir='ltr'><strong>aliqua</strong></span> <span class='ocrx_word' id='word_1_293' title='bbox 799 2407 960 2462; x_wconf 91' lang='lat' dir='ltr'><strong>nobis</strong></span> <span class='ocrx_word' id='word_1_294' title='bbox 1032 2408 1224 2464; x_wconf 85' lang='lat' dir='ltr'><strong>talium</strong></span> <span class='ocrx_word' id='word_1_295' title='bbox 1264 2411 1466 2480; x_wconf 89' lang='lat' dir='ltr'><strong>peritia</strong></span> <span class='ocrx_word' id='word_1_296' title='bbox 1521 2415 1805 2483; x_wconf 82' lang='lat' dir='ltr'><strong>suppetit,</strong></span> <span class='ocrx_word' id='word_1_297' title='bbox 1872 2424 1985 2486; x_wconf 84' lang='lat' dir='ltr'><strong>qua</strong></span> 
     </span>
    </p>
   </div>
   <div class='ocr_carea' id='block_1_43' title="bbox 2105 2392 3707 2486">
    <p class='ocr_par' dir='ltr' id='par_1_43' title="bbox 2105 2392 3707 2480">
     <span class='ocr_line' id='line_1_43' title="bbox 2105 2392 3707 2480; baseline -0.012 -16"><span class='ocrx_word' id='word_1_298' title='bbox 2105 2410 2229 2480; x_wconf 71' lang='grc' dir='ltr'>λημι</span> <span class='ocrx_word' id='word_1_299' title='bbox 2257 2407 2431 2472; x_wconf 83' lang='grc' dir='ltr'>τάξιν.</span> <span class='ocrx_word' id='word_1_300' title='bbox 2473 2405 2629 2458; x_wconf 75' lang='grc' dir='ltr'>Ἐπεὶ</span> <span class='ocrx_word' id='word_1_301' title='bbox 2683 2403 2820 2475; x_wconf 86' lang='grc' dir='ltr'>μηδέ</span> <span class='ocrx_word' id='word_1_302' title='bbox 2859 2419 2943 2466; x_wconf 92' lang='grc' dir='ltr'><strong>τις</strong></span> <span class='ocrx_word' id='word_1_303' title='bbox 2988 2402 3048 2454; x_wconf 89' lang='grc' dir='ltr'>ὲν</span> <span class='ocrx_word' id='word_1_304' title='bbox 3098 2400 3236 2471; x_wconf 80' lang='grc' dir='ltr'>ἡμῖν</span> <span class='ocrx_word' id='word_1_305' title='bbox 3291 2396 3416 2450; x_wconf 85' lang='grc' dir='ltr'><strong>τῶν</strong></span> <span class='ocrx_word' id='word_1_306' title='bbox 3454 2392 3707 2448; x_wconf 77' lang='grc' dir='ltr'>τοιούτων</span> 
     </span>
    </p>
   </div>
   <div class='ocr_carea' id='block_1_44' title="bbox 392 2487 1997 2577">
    <p class='ocr_par' dir='ltr' id='par_1_44' title="bbox 392 2494 1984 2577">
     <span class='ocr_line' id='line_1_44' title="bbox 392 2494 1984 2577; baseline 0.011 -29"><span class='ocrx_word' id='word_1_307' title='bbox 392 2494 636 2550; x_wconf 83' lang='lat' dir='ltr'><strong>exordiis</strong></span> <span class='ocrx_word' id='word_1_308' title='bbox 685 2503 783 2550; x_wconf 90' lang='lat' dir='ltr'><strong>aut</strong></span> <span class='ocrx_word' id='word_1_309' title='bbox 837 2497 1265 2567; x_wconf 84' lang='lat' dir='ltr'><strong>probationibus</strong></span> <span class='ocrx_word' id='word_1_310' title='bbox 1304 2502 1877 2577; x_wconf 86' lang='lat' dir='ltr'><strong>conciusionibusque</strong></span> <span class='ocrx_word' id='word_1_311' title='bbox 1916 2522 1984 2565; x_wconf 78' lang='lat' dir='ltr'><strong>ac</strong></span> 
     </span>
    </p>
   </div>
   <div class='ocr_carea' id='block_1_45' title="bbox 2105 2487 3707 2577">
    <p class='ocr_par' dir='ltr' id='par_1_45' title="bbox 2105 2487 3707 2575">
     <span class='ocr_line' id='line_1_45' title="bbox 2105 2487 3707 2575; baseline -0.012 -19"><span class='ocrx_word' id='word_1_312' title='bbox 2105 2503 2357 2575; x_wconf 80' lang='grc' dir='ltr'>πρόσεστι</span> <span class='ocrx_word' id='word_1_313' title='bbox 2406 2499 2591 2570; x_wconf 78' lang='grc' dir='ltr'>τέχνη,</span> <span class='ocrx_word' id='word_1_314' title='bbox 2650 2498 2725 2551; x_wconf 65' lang='grc' dir='ltr'><strong>δι’</strong></span> <span class='ocrx_word' id='word_1_315' title='bbox 2743 2490 2835 2568; x_wconf 85' lang='grc' dir='ltr'>ἦς,</span> <span class='ocrx_word' id='word_1_316' title='bbox 2893 2493 3209 2566; x_wconf 82' lang='grc' dir='ltr'>προοιμίοις</span> <span class='ocrx_word' id='word_1_317' title='bbox 3253 2489 3442 2556; x_wconf 74' lang='grc' dir='ltr'>τισὶν,</span> <span class='ocrx_word' id='word_1_318' title='bbox 3474 2487 3510 2558; x_wconf 86' lang='grc' dir='ltr'><strong>ἥ</strong></span> <span class='ocrx_word' id='word_1_319' title='bbox 3542 2500 3707 2541; x_wconf 81' lang='grc' dir='ltr'>κατα-</span> 
     </span>
    </p>
   </div>
   <div class='ocr_carea' id='block_1_46' title="bbox 394 2584 1980 2671">
    <p class='ocr_par' dir='ltr' id='par_1_46' title="bbox 394 2584 1980 2671">
     <span class='ocr_line' id='line_1_46' title="bbox 394 2584 1980 2671; baseline 0.01 -35"><span class='ocrx_word' id='word_1_320' title='bbox 394 2584 925 2653; x_wconf 86' lang='lat' dir='ltr'><strong>concertationibus,</strong></span> <span class='ocrx_word' id='word_1_321' title='bbox 946 2587 1204 2658; x_wconf 87' lang='lat' dir='ltr'><strong>aliquove</strong></span> <span class='ocrx_word' id='word_1_322' title='bbox 1233 2590 1508 2671; x_wconf 75' lang='lat' dir='ltr'><strong>ejusmodi</strong></span> <span class='ocrx_word' id='word_1_323' title='bbox 1544 2594 1649 2661; x_wconf 87' lang='lat' dir='ltr'><strong>usi,</strong></span> <span class='ocrx_word' id='word_1_324' title='bbox 1673 2596 1980 2652; x_wconf 89' lang='lat' dir='ltr'><strong>orationem</strong></span> 
     </span>
    </p>
   </div>
   <div class='ocr_carea' id='block_1_47' title="bbox 395 2673 1984 2748">
    <p class='ocr_par' dir='ltr' id='par_1_47' title="bbox 395 2673 1984 2748">
     <span class='ocr_line' id='line_1_47' title="bbox 395 2673 1984 2748; baseline 0.012 -20"><span class='ocrx_word' id='word_1_325' title='bbox 395 2673 724 2730; x_wconf 88' lang='lat' dir='ltr'><strong>concludere</strong></span> <span class='ocrx_word' id='word_1_326' title='bbox 750 2678 1052 2746; x_wconf 82' lang='lat' dir='ltr'><strong>possimus.</strong></span> <span class='ocrx_word' id='word_1_327' title='bbox 1088 2679 1248 2748; x_wconf 83' lang='lat' dir='ltr'><strong>Quod</strong></span> <span class='ocrx_word' id='word_1_328' title='bbox 1280 2683 1647 2741; x_wconf 88' lang='lat' dir='ltr'><strong>nihilominus</strong></span> <span class='ocrx_word' id='word_1_329' title='bbox 1687 2687 1984 2747; x_wconf 87' lang='lat' dir='ltr'><strong>imbecillis</strong></span> 
     </span>
    </p>
   </div>
   <div class='ocr_carea' id='block_1_48' title="bbox 396 2764 1987 2849">
    <p class='ocr_par' dir='ltr' id='par_1_48' title="bbox 396 2764 1987 2849">
     <span class='ocr_line' id='line_1_48' title="bbox 396 2764 1987 2849; baseline 0.011 -30"><span class='ocrx_word' id='word_1_330' title='bbox 396 2764 564 2820; x_wconf 88' lang='lat' dir='ltr'><strong>habet</strong></span> <span class='ocrx_word' id='word_1_331' title='bbox 593 2767 864 2823; x_wconf 83' lang='lat' dir='ltr'><strong>orationis</strong></span> <span class='ocrx_word' id='word_1_332' title='bbox 914 2767 1176 2836; x_wconf 80' lang='lat' dir='ltr'><strong>facultas,</strong></span> <span class='ocrx_word' id='word_1_333' title='bbox 1208 2773 1356 2829; x_wconf 86' lang='lat' dir='ltr'><strong>haud</strong></span> <span class='ocrx_word' id='word_1_334' title='bbox 1396 2785 1641 2845; x_wconf 83' lang='lat' dir='ltr'><strong>gravate,</strong></span> <span class='ocrx_word' id='word_1_335' title='bbox 1689 2794 1813 2849; x_wconf 72' lang='lat' dir='ltr'><strong>qua:</strong></span> <span class='ocrx_word' id='word_1_336' title='bbox 1859 2790 1987 2836; x_wconf 89' lang='lat' dir='ltr'><strong>sunt</strong></span> 
     </span>
    </p>
   </div>
   <div class='ocr_carea' id='block_1_49' title="bbox 398 2864 1982 2943">
    <p class='ocr_par' dir='ltr' id='par_1_49' title="bbox 398 2864 1982 2943">
     <span class='ocr_line' id='line_1_49' title="bbox 398 2864 1982 2943; baseline 0.013 -36"><span class='ocrx_word' id='word_1_337' title='bbox 398 2868 644 2927; x_wconf 87' lang='lat' dir='ltr'><strong>congrua</strong></span> <span class='ocrx_word' id='word_1_338' title='bbox 673 2871 737 2912; x_wconf 88' lang='lat' dir='ltr'><strong>ac</strong></span> <span class='ocrx_word' id='word_1_339' title='bbox 785 2874 885 2929; x_wconf 87' lang='lat' dir='ltr'><strong>par</strong></span> <span class='ocrx_word' id='word_1_340' title='bbox 923 2867 1007 2916; x_wconf 90' lang='lat' dir='ltr'><strong>est</strong></span> <span class='ocrx_word' id='word_1_341' title='bbox 1045 2864 1202 2930; x_wconf 82' lang='lat' dir='ltr'><strong>sciri,</strong></span> <span class='ocrx_word' id='word_1_342' title='bbox 1249 2865 1716 2937; x_wconf 88' lang='lat' dir='ltr'><strong>descripserimus</strong></span> <span class='ocrx_word' id='word_1_343' title='bbox 1749 2889 1763 2927; x_wconf 89' lang='lat'><strong>:</strong></span> <span class='ocrx_word' id='word_1_344' title='bbox 1810 2873 1982 2943; x_wconf 87' lang='lat' dir='ltr'><strong>quod,</strong></span> 
     </span>
    </p>
   </div>
   <div class='ocr_carea' id='block_1_50' title="bbox 401 2948 1991 3035">
    <p class='ocr_par' dir='ltr' id='par_1_50' title="bbox 401 2948 1991 3035">
     <span class='ocr_line' id='line_1_50' title="bbox 401 2948 1991 3035; baseline 0.014 -34"><span class='ocrx_word' id='word_1_345' title='bbox 401 2948 652 3019; x_wconf 85' lang='lat' dir='ltr'><strong>inquam,</strong></span> <span class='ocrx_word' id='word_1_346' title='bbox 681 2960 899 3021; x_wconf 86' lang='lat' dir='ltr'><strong>spectat</strong></span> <span class='ocrx_word' id='word_1_347' title='bbox 928 2954 994 3009; x_wconf 92' lang='lat' dir='ltr'><strong>ad</strong></span> <span class='ocrx_word' id='word_1_348' title='bbox 1028 2958 1262 3026; x_wconf 87' lang='lat' dir='ltr'><strong>patriam</strong></span> <span class='ocrx_word' id='word_1_349' title='bbox 1283 2975 1485 3030; x_wconf 87' lang='lat' dir='ltr'><strong>resque</strong></span> <span class='ocrx_word' id='word_1_350' title='bbox 1512 2963 1571 3017; x_wconf 90' lang='lat' dir='ltr'><strong>in</strong></span> <span class='ocrx_word' id='word_1_351' title='bbox 1597 2964 1707 3018; x_wconf 90' lang='lat' dir='ltr'><strong>vita</strong></span> <span class='ocrx_word' id='word_1_352' title='bbox 1724 2967 1991 3035; x_wconf 69' lang='lat' dir='ltr'><strong>prmclare</strong></span> 
     </span>
    </p>
   </div>
   <div class='ocr_carea' id='block_1_51' title="bbox 402 3042 1991 3118">
    <p class='ocr_par' dir='ltr' id='par_1_51' title="bbox 402 3042 1991 3118">
     <span class='ocr_line' id='line_1_51' title="bbox 402 3042 1991 3118; baseline 0.011 -25"><span class='ocrx_word' id='word_1_353' title='bbox 402 3048 608 3111; x_wconf 88' lang='lat' dir='ltr'><strong>gestas,</strong></span> <span class='ocrx_word' id='word_1_354' title='bbox 655 3042 1146 3118; x_wconf 81' lang='lat' dir='ltr'><strong>Cliristianamque</strong></span> <span class='ocrx_word' id='word_1_355' title='bbox 1194 3050 1300 3105; x_wconf 89' lang='lat' dir='ltr'><strong>viri</strong></span> <span class='ocrx_word' id='word_1_356' title='bbox 1348 3055 1770 3111; x_wconf 88' lang='lat' dir='ltr'><strong>accuratissime</strong></span> <span class='ocrx_word' id='word_1_357' title='bbox 1821 3058 1991 3113; x_wconf 90' lang='lat' dir='ltr'><strong>casti-</strong></span> 
     </span>
    </p>
   </div>
   <div class='ocr_carea' id='block_1_52' title="bbox 402 3135 1990 3220">
    <p class='ocr_par' dir='ltr' id='par_1_52' title="bbox 402 3135 1990 3220">
     <span class='ocr_line' id='line_1_52' title="bbox 402 3135 1990 3220; baseline 0.013 -35"><span class='ocrx_word' id='word_1_358' title='bbox 402 3139 582 3202; x_wconf 81' lang='lat' dir='ltr'><strong>gatam</strong></span> <span class='ocrx_word' id='word_1_359' title='bbox 610 3135 1044 3208; x_wconf 78' lang='lat' dir='ltr'><strong>philuSOpbiam,</strong></span> <span class='ocrx_word' id='word_1_360' title='bbox 1078 3156 1144 3197; x_wconf 87' lang='lat' dir='ltr'><strong>ac</strong></span> <span class='ocrx_word' id='word_1_361' title='bbox 1190 3144 1236 3198; x_wconf 90' lang='lat' dir='ltr'><strong>si</strong></span> <span class='ocrx_word' id='word_1_362' title='bbox 1292 3146 1429 3214; x_wconf 88' lang='lat' dir='ltr'><strong>quid</strong></span> <span class='ocrx_word' id='word_1_363' title='bbox 1483 3147 1759 3216; x_wconf 88' lang='lat' dir='ltr'><strong>ejusmodi</strong></span> <span class='ocrx_word' id='word_1_364' title='bbox 1815 3164 1990 3220; x_wconf 91' lang='lat' dir='ltr'><strong>penes</strong></span> 
     </span>
    </p>
   </div>
   <div class='ocr_carea' id='block_1_53' title="bbox 406 3229 1990 3309">
    <p class='ocr_par' dir='ltr' id='par_1_53' title="bbox 406 3229 1990 3309">
     <span class='ocr_line' id='line_1_53' title="bbox 406 3229 1990 3309; baseline 0.011 -29"><span class='ocrx_word' id='word_1_365' title='bbox 406 3240 508 3282; x_wconf 90' lang='lat' dir='ltr'><strong>nos</strong></span> <span class='ocrx_word' id='word_1_366' title='bbox 540 3235 642 3283; x_wconf 90' lang='lat' dir='ltr'><strong>est.</strong></span> <span class='ocrx_word' id='word_1_367' title='bbox 673 3229 808 3285; x_wconf 92' lang='lat' dir='ltr'><strong>Aliis</strong></span> <span class='ocrx_word' id='word_1_368' title='bbox 839 3232 1065 3301; x_wconf 89' lang='lat' dir='ltr'><strong>quidem</strong></span> <span class='ocrx_word' id='word_1_369' title='bbox 1103 3236 1326 3291; x_wconf 87' lang='lat' dir='ltr'><strong>laudata</strong></span> <span class='ocrx_word' id='word_1_370' title='bbox 1361 3238 1436 3293; x_wconf 87' lang='lat' dir='ltr'><strong>sit</strong></span> <span class='ocrx_word' id='word_1_371' title='bbox 1474 3248 1772 3309; x_wconf 89' lang='lat' dir='ltr'><strong>parentum</strong></span> <span class='ocrx_word' id='word_1_372' title='bbox 1816 3242 1990 3298; x_wconf 88' lang='lat' dir='ltr'><strong>hone-</strong></span> 
     </span>
    </p>
   </div>
   <div class='ocr_carea' id='block_1_54' title="bbox 407 3316 1997 3403">
    <p class='ocr_par' dir='ltr' id='par_1_54' title="bbox 407 3316 1997 3403">
     <span class='ocr_line' id='line_1_54' title="bbox 407 3316 1997 3403; baseline 0.011 -32"><span class='ocrx_word' id='word_1_373' title='bbox 407 3324 525 3373; x_wconf 88' lang='lat' dir='ltr'><strong>stas</strong></span> <span class='ocrx_word' id='word_1_374' title='bbox 586 3316 699 3390; x_wconf 75' lang='lat'><strong>(81)</strong></span> <span class='ocrx_word' id='word_1_375' title='bbox 757 3321 1168 3396; x_wconf 89' lang='lat' dir='ltr'><strong>splendorque,</strong></span> <span class='ocrx_word' id='word_1_376' title='bbox 1222 3325 1610 3403; x_wconf 80' lang='lat' dir='ltr'><strong>ﬂuxarunique</strong></span> <span class='ocrx_word' id='word_1_377' title='bbox 1673 3329 1997 3388; x_wconf 87' lang='lat' dir='ltr'><strong>divitiarum</strong></span> 
     </span>
    </p>
   </div>
   <div class='ocr_carea' id='block_1_55' title="bbox 407 3409 2001 3492">
    <p class='ocr_par' dir='ltr' id='par_1_55' title="bbox 407 3409 2001 3492">
     <span class='ocr_line' id='line_1_55' title="bbox 407 3409 2001 3492; baseline 0.011 -29"><span class='ocrx_word' id='word_1_378' title='bbox 407 3409 602 3480; x_wconf 81' lang='lat' dir='ltr'><strong>gloria,</strong></span> <span class='ocrx_word' id='word_1_379' title='bbox 635 3416 893 3482; x_wconf 58' lang='lat' dir='ltr'><strong>polentia}</strong></span> <span class='ocrx_word' id='word_1_380' title='bbox 920 3418 1174 3487; x_wconf 85' lang='lat' dir='ltr'><strong>ﬁrmitas,</strong></span> <span class='ocrx_word' id='word_1_381' title='bbox 1201 3423 1423 3492; x_wconf 84' lang='lat' dir='ltr'><strong>generis</strong></span> <span class='ocrx_word' id='word_1_382' title='bbox 1443 3424 1777 3484; x_wconf 81' lang='lat' dir='ltr'><strong>excellentia</strong></span> <span class='ocrx_word' id='word_1_383' title='bbox 1803 3433 1859 3482; x_wconf 88' lang='lat' dir='ltr'><strong>et</strong></span> <span class='ocrx_word' id='word_1_384' title='bbox 1882 3427 2001 3482; x_wconf 89' lang='lat' dir='ltr'><strong>cla-</strong></span> 
     </span>
    </p>
   </div>
   <div class='ocr_carea' id='block_1_56' title="bbox 407 3501 2002 3586">
    <p class='ocr_par' dir='ltr' id='par_1_56' title="bbox 407 3501 2002 3586">
     <span class='ocr_line' id='line_1_56' title="bbox 407 3501 2002 3586; baseline 0.011 -30"><span class='ocrx_word' id='word_1_385' title='bbox 407 3501 545 3559; x_wconf 87' lang='lat' dir='ltr'><strong>ritas</strong></span> <span class='ocrx_word' id='word_1_386' title='bbox 594 3522 608 3559; x_wconf 91' lang='lat'>:</span> <span class='ocrx_word' id='word_1_387' title='bbox 660 3507 868 3577; x_wconf 88' lang='lat' dir='ltr'><strong>quibus</strong></span> <span class='ocrx_word' id='word_1_388' title='bbox 900 3509 983 3565; x_wconf 90' lang='lat' dir='ltr'><strong>illi</strong></span> <span class='ocrx_word' id='word_1_389' title='bbox 1040 3511 1373 3581; x_wconf 84' lang='lat' dir='ltr'><strong>gloriantur,</strong></span> <span class='ocrx_word' id='word_1_390' title='bbox 1418 3521 1474 3570; x_wconf 87' lang='lat' dir='ltr'><strong>et</strong></span> <span class='ocrx_word' id='word_1_391' title='bbox 1514 3516 1720 3586; x_wconf 86' lang='lat' dir='ltr'><strong>quibus</strong></span> <span class='ocrx_word' id='word_1_392' title='bbox 1756 3519 1863 3575; x_wconf 91' lang='lat' dir='ltr'><strong>soli</strong></span> <span class='ocrx_word' id='word_1_393' title='bbox 1913 3520 2002 3574; x_wconf 90' lang='lat' dir='ltr'><strong>in-</strong></span> 
     </span>
    </p>
   </div>
   <div class='ocr_carea' id='block_1_57' title="bbox 410 3591 2005 3664">
    <p class='ocr_par' dir='ltr' id='par_1_57' title="bbox 410 3591 2005 3664">
     <span class='ocr_line' id='line_1_57' title="bbox 410 3591 2005 3664; baseline 0.011 -20"><span class='ocrx_word' id='word_1_394' title='bbox 410 3591 586 3660; x_wconf 82' lang='lat' dir='ltr'><strong>hiant,</strong></span> <span class='ocrx_word' id='word_1_395' title='bbox 619 3597 709 3664; x_wconf 88' lang='lat' dir='ltr'><strong>qui</strong></span> <span class='ocrx_word' id='word_1_396' title='bbox 738 3596 810 3653; x_wconf 90' lang='lat' dir='ltr'><strong>ab</strong></span> <span class='ocrx_word' id='word_1_397' title='bbox 845 3599 928 3655; x_wconf 91' lang='lat' dir='ltr'><strong>eis</strong></span> <span class='ocrx_word' id='word_1_398' title='bbox 972 3600 1201 3656; x_wconf 88' lang='lat' dir='ltr'><strong>student</strong></span> <span class='ocrx_word' id='word_1_399' title='bbox 1240 3602 1463 3657; x_wconf 89' lang='lat' dir='ltr'><strong>laudari</strong></span> <span class='ocrx_word' id='word_1_400' title='bbox 1499 3620 1513 3657; x_wconf 89' lang='lat'><strong>:</strong></span> <span class='ocrx_word' id='word_1_401' title='bbox 1548 3602 1705 3659; x_wconf 79' lang='lat' dir='ltr'><strong>unde</strong></span> <span class='ocrx_word' id='word_1_402' title='bbox 1739 3612 1794 3660; x_wconf 91' lang='lat' dir='ltr'><strong>et</strong></span> <span class='ocrx_word' id='word_1_403' title='bbox 1843 3604 2005 3661; x_wconf 88' lang='lat' dir='ltr'><strong>dam-</strong></span> 
     </span>
    </p>
   </div>
   <div class='ocr_carea' id='block_1_58' title="bbox 412 3685 1784 3765">
    <p class='ocr_par' dir='ltr' id='par_1_58' title="bbox 412 3685 1784 3765">
     <span class='ocr_line' id='line_1_58' title="bbox 412 3685 1784 3765; baseline 0.011 -27"><span class='ocrx_word' id='word_1_404' title='bbox 412 3698 545 3740; x_wconf 89' lang='lat' dir='ltr'><strong>num</strong></span> <span class='ocrx_word' id='word_1_405' title='bbox 580 3685 933 3756; x_wconf 89' lang='lat' dir='ltr'><strong>immensum,</strong></span> <span class='ocrx_word' id='word_1_406' title='bbox 980 3691 1249 3763; x_wconf 87' lang='lat' dir='ltr'><strong>nullaque</strong></span> <span class='ocrx_word' id='word_1_407' title='bbox 1284 3694 1521 3765; x_wconf 86' lang='lat' dir='ltr'><strong>emergit</strong></span> <span class='ocrx_word' id='word_1_408' title='bbox 1546 3695 1784 3753; x_wconf 88' lang='lat' dir='ltr'><strong>utilitas.</strong></span> 
     </span>
    </p>
   </div>
   <div class='ocr_carea' id='block_1_59' title="bbox 484 3862 2002 3950">
    <p class='ocr_par' dir='ltr' id='par_1_59' title="bbox 484 3862 2002 3950">
     <span class='ocr_line' id='line_1_59' title="bbox 484 3862 2002 3950; baseline 0.012 -32"><span class='ocrx_word' id='word_1_409' title='bbox 484 3862 618 3919; x_wconf 84' lang='lat' dir='ltr'><strong>Viro</strong></span> <span class='ocrx_word' id='word_1_410' title='bbox 646 3873 832 3923; x_wconf 82' lang='lat' dir='ltr'><strong>autem</strong></span> <span class='ocrx_word' id='word_1_411' title='bbox 866 3868 957 3924; x_wconf 88' lang='lat' dir='ltr'><strong>isti</strong></span> <span class='ocrx_word' id='word_1_412' title='bbox 997 3879 1232 3929; x_wconf 87' lang='lat' dir='ltr'><strong>strenuo</strong></span> <span class='ocrx_word' id='word_1_413' title='bbox 1260 3874 1573 3944; x_wconf 88' lang='lat' dir='ltr'><strong>nobilique,</strong></span> <span class='ocrx_word' id='word_1_414' title='bbox 1601 3877 1763 3949; x_wconf 86' lang='lat' dir='ltr'><strong>cujus</strong></span> <span class='ocrx_word' id='word_1_415' title='bbox 1796 3880 2002 3950; x_wconf 89' lang='lat' dir='ltr'><strong>patria,</strong></span> 
     </span>
    </p>
   </div>
   <div class='ocr_carea' id='block_1_60' title="bbox 417 3957 2005 4037">
    <p class='ocr_par' dir='ltr' id='par_1_60' title="bbox 417 3957 2005 4037">
     <span class='ocr_line' id='line_1_60' title="bbox 417 3957 2005 4037; baseline 0.011 -28"><span class='ocrx_word' id='word_1_416' title='bbox 417 3957 665 4013; x_wconf 68' lang='lat' dir='ltr'><strong>cmlestis</strong></span> <span class='ocrx_word' id='word_1_417' title='bbox 692 3958 781 4014; x_wconf 89' lang='lat' dir='ltr'><strong>illa</strong></span> <span class='ocrx_word' id='word_1_418' title='bbox 812 3959 1126 4019; x_wconf 79' lang='lat' dir='ltr'><strong>Jerusalem</strong></span> <span class='ocrx_word' id='word_1_419' title='bbox 1156 3963 1309 4021; x_wconf 88' lang='lat' dir='ltr'><strong>Petri</strong></span> <span class='ocrx_word' id='word_1_420' title='bbox 1341 3975 1396 4022; x_wconf 90' lang='lat' dir='ltr'><strong>et</strong></span> <span class='ocrx_word' id='word_1_421' title='bbox 1424 3967 1605 4023; x_wconf 85' lang='lat' dir='ltr'><strong>Pauli.</strong></span> <span class='ocrx_word' id='word_1_422' title='bbox 1629 3977 1808 4026; x_wconf 89' lang='lat' dir='ltr'><strong>mater</strong></span> <span class='ocrx_word' id='word_1_423' title='bbox 1833 4009 1848 4037; x_wconf 93' lang='lat'><strong>,</strong></span> <span class='ocrx_word' id='word_1_424' title='bbox 1880 3972 2005 4026; x_wconf 84' lang='lat' dir='ltr'><strong>latt-</strong></span> 
     </span>
    </p>
   </div>
   <div class='ocr_carea' id='block_1_61' title="bbox 417 4047 2006 4128">
    <p class='ocr_par' dir='ltr' id='par_1_61' title="bbox 417 4047 2006 4128">
     <span class='ocr_line' id='line_1_61' title="bbox 417 4047 2006 4128; baseline 0.011 -28"><span class='ocrx_word' id='word_1_425' title='bbox 417 4048 541 4102; x_wconf 89' lang='lat' dir='ltr'><strong>dem</strong></span> <span class='ocrx_word' id='word_1_426' title='bbox 572 4047 834 4109; x_wconf 86' lang='lat' dir='ltr'><strong>habeant.</strong></span> <span class='ocrx_word' id='word_1_427' title='bbox 858 4053 994 4117; x_wconf 85' lang='lat' dir='ltr'><strong>vita,</strong></span> <span class='ocrx_word' id='word_1_428' title='bbox 1027 4057 1434 4128; x_wconf 88' lang='lat' dir='ltr'><strong>contemplatio</strong></span> <span class='ocrx_word' id='word_1_429' title='bbox 1457 4057 1799 4128; x_wconf 91' lang='lat' dir='ltr'><strong>divinorum,</strong></span> <span class='ocrx_word' id='word_1_430' title='bbox 1856 4062 2006 4117; x_wconf 90' lang='lat' dir='ltr'><strong>actio</strong></span> 
     </span>
    </p>
   </div>
   <div class='ocr_carea' id='block_1_62' title="bbox 421 4137 2004 4220">
    <p class='ocr_par' dir='ltr' id='par_1_62' title="bbox 421 4137 2004 4220">
     <span class='ocr_line' id='line_1_62' title="bbox 421 4137 2004 4220; baseline 0.013 -31"><span class='ocrx_word' id='word_1_431' title='bbox 421 4137 829 4207; x_wconf 86' lang='lat' dir='ltr'><strong>probatissima,</strong></span> <span class='ocrx_word' id='word_1_432' title='bbox 852 4146 1331 4218; x_wconf 88' lang='lat' dir='ltr'><strong>certaminumque</strong></span> <span class='ocrx_word' id='word_1_433' title='bbox 1354 4150 1581 4220; x_wconf 65' lang='lat' dir='ltr'><strong>praemia</strong></span> <span class='ocrx_word' id='word_1_434' title='bbox 1602 4166 1713 4207; x_wconf 92' lang='lat' dir='ltr'><strong>non</strong></span> <span class='ocrx_word' id='word_1_435' title='bbox 1731 4152 1910 4209; x_wconf 91' lang='lat' dir='ltr'><strong>desitu</strong></span> <span class='ocrx_word' id='word_1_436' title='bbox 1923 4169 2004 4210; x_wconf 89' lang='lat' dir='ltr'><strong>ra.</strong></span> 
     </span>
    </p>
   </div>
   <div class='ocr_carea' id='block_1_63' title="bbox 420 4230 2008 4312">
    <p class='ocr_par' dir='ltr' id='par_1_63' title="bbox 420 4230 2008 4312">
     <span class='ocr_line' id='line_1_63' title="bbox 420 4230 2008 4312; baseline 0.013 -30"><span class='ocrx_word' id='word_1_437' title='bbox 420 4230 538 4284; x_wconf 88' lang='lat' dir='ltr'><strong>lmo</strong></span> <span class='ocrx_word' id='word_1_438' title='bbox 566 4239 620 4286; x_wconf 90' lang='lat' dir='ltr'><strong>et</strong></span> <span class='ocrx_word' id='word_1_439' title='bbox 651 4246 715 4287; x_wconf 85' lang='lat' dir='ltr'><strong>ea</strong></span> <span class='ocrx_word' id='word_1_440' title='bbox 746 4233 1250 4302; x_wconf 71' lang='lat' dir='ltr'><strong>impraesentiarum</strong></span> <span class='ocrx_word' id='word_1_441' title='bbox 1286 4250 1713 4312; x_wconf 71' lang='lat' dir='ltr'><strong>praetereantur,</strong></span> <span class='ocrx_word' id='word_1_442' title='bbox 1745 4260 1809 4302; x_wconf 88' lang='lat' dir='ltr'><strong>ac</strong></span> <span class='ocrx_word' id='word_1_443' title='bbox 1839 4246 2008 4301; x_wconf 89' lang='lat' dir='ltr'><strong>silen-</strong></span> 
     </span>
    </p>
   </div>
   <div class='ocr_carea' id='block_1_64' title="bbox 421 4320 2009 4411">
    <p class='ocr_par' dir='ltr' id='par_1_64' title="bbox 421 4320 2009 4411">
     <span class='ocr_line' id='line_1_64' title="bbox 421 4320 2009 4411; baseline 0.013 -39"><span class='ocrx_word' id='word_1_444' title='bbox 421 4320 501 4374; x_wconf 92' lang='lat' dir='ltr'><strong>tio</strong></span> <span class='ocrx_word' id='word_1_445' title='bbox 542 4321 906 4390; x_wconf 87' lang='lat' dir='ltr'><strong>honorentur,</strong></span> <span class='ocrx_word' id='word_1_446' title='bbox 941 4327 994 4381; x_wconf 84' lang='lat' dir='ltr'><strong>iu</strong></span> <span class='ocrx_word' id='word_1_447' title='bbox 1026 4332 1394 4401; x_wconf 87' lang='lat' dir='ltr'><strong>opportunius</strong></span> <span class='ocrx_word' id='word_1_448' title='bbox 1424 4342 1671 4406; x_wconf 87' lang='lat' dir='ltr'><strong>tempus,</strong></span> <span class='ocrx_word' id='word_1_449' title='bbox 1720 4339 1791 4392; x_wconf 89' lang='lat' dir='ltr'><strong>ob</strong></span> <span class='ocrx_word' id='word_1_450' title='bbox 1825 4337 2009 4411; x_wconf 86' lang='lat' dir='ltr'><strong>digni-</strong></span> 
     </span>
    </p>
   </div>
   <div class='ocr_carea' id='block_1_65' title="bbox 424 4417 2010 4500">
    <p class='ocr_par' dir='ltr' id='par_1_65' title="bbox 424 4417 2010 4500">
     <span class='ocr_line' id='line_1_65' title="bbox 424 4417 2010 4500; baseline 0.013 -35"><span class='ocrx_word' id='word_1_451' title='bbox 424 4420 594 4469; x_wconf 83' lang='lat' dir='ltr'><strong>tatem</strong></span> <span class='ocrx_word' id='word_1_452' title='bbox 627 4417 888 4487; x_wconf 87' lang='lat' dir='ltr'><strong>reposita.</strong></span> <span class='ocrx_word' id='word_1_453' title='bbox 938 4418 1058 4476; x_wconf 75' lang='lat' dir='ltr'><strong>Iam</strong></span> <span class='ocrx_word' id='word_1_454' title='bbox 1082 4438 1228 4485; x_wconf 85' lang='lat' dir='ltr'><strong>,vero</strong></span> <span class='ocrx_word' id='word_1_455' title='bbox 1269 4435 1328 4480; x_wconf 92' lang='lat' dir='ltr'><strong>ut</strong></span> <span class='ocrx_word' id='word_1_456' title='bbox 1369 4441 1439 4483; x_wconf 90' lang='lat' dir='ltr'><strong>ne</strong></span> <span class='ocrx_word' id='word_1_457' title='bbox 1479 4428 1690 4484; x_wconf 90' lang='lat' dir='ltr'><strong>curiosi</strong></span> <span class='ocrx_word' id='word_1_458' title='bbox 1721 4429 1893 4500; x_wconf 88' lang='lat' dir='ltr'><strong>aliqui</strong></span> <span class='ocrx_word' id='word_1_459' title='bbox 1942 4443 2010 4485; x_wconf 90' lang='lat' dir='ltr'><strong>ac</strong></span> 
     </span>
    </p>
   </div>
   <div class='ocr_carea' id='block_1_66' title="bbox 424 4504 2006 4590">
    <p class='ocr_par' dir='ltr' id='par_1_66' title="bbox 424 4504 2006 4590">
     <span class='ocr_line' id='line_1_66' title="bbox 424 4504 2006 4590; baseline 0.012 -33"><span class='ocrx_word' id='word_1_460' title='bbox 424 4506 609 4563; x_wconf 85' lang='lat' dir='ltr'><strong>carnis</strong></span> <span class='ocrx_word' id='word_1_461' title='bbox 655 4504 930 4577; x_wconf 73' lang='lat' dir='ltr'><strong>amantes,</strong></span> <span class='ocrx_word' id='word_1_462' title='bbox 984 4517 1410 4574; x_wconf 90' lang='lat' dir='ltr'><strong>contentiosiuri</strong></span> <span class='ocrx_word' id='word_1_463' title='bbox 1443 4519 1790 4590; x_wconf 89' lang='lat' dir='ltr'><strong>impudentia</strong></span> <span class='ocrx_word' id='word_1_464' title='bbox 1826 4521 2006 4576; x_wconf 88' lang='lat' dir='ltr'><strong>virum</strong></span> 
     </span>
    </p>
   </div>
   <div class='ocr_carea' id='block_1_67' title="bbox 2095 2580 3703 2661">
    <p class='ocr_par' dir='ltr' id='par_1_67' title="bbox 2095 2580 3703 2661">
     <span class='ocr_line' id='line_1_67' title="bbox 2095 2580 3703 2661; baseline -0.012 -11"><span class='ocrx_word' id='word_1_465' title='bbox 2095 2596 2343 2659; x_wconf 79' lang='grc' dir='ltr'>σκευαῖς,</span> <span class='ocrx_word' id='word_1_466' title='bbox 2376 2593 2472 2647; x_wconf 68' lang='grc' dir='ltr'>καλ.</span> <span class='ocrx_word' id='word_1_467' title='bbox 2503 2588 2940 2661; x_wconf 84' lang='grc' dir='ltr'>συμπεράσμασι</span> <span class='ocrx_word' id='word_1_468' title='bbox 2981 2588 3076 2641; x_wconf 75' lang='grc' dir='ltr'>καὶ</span> <span class='ocrx_word' id='word_1_469' title='bbox 3110 2585 3300 2655; x_wconf 85' lang='grc' dir='ltr'>ἀγῶσι</span> <span class='ocrx_word' id='word_1_470' title='bbox 3334 2580 3703 2654; x_wconf 82' lang='grc' dir='ltr'>χρησάμενοι,</span> 
     </span>
    </p>
   </div>
   <div class='ocr_carea' id='block_1_68' title="bbox 2093 2667 3705 2760">
    <p class='ocr_par' dir='ltr' id='par_1_68' title="bbox 2093 2667 3705 2760">
     <span class='ocr_line' id='line_1_68' title="bbox 2093 2667 3705 2760; baseline -0.012 -18"><span class='ocrx_word' id='word_1_471' title='bbox 2093 2689 2128 2760; x_wconf 74' lang='grc' dir='ltr'>ἦ</span> <span class='ocrx_word' id='word_1_472' title='bbox 2158 2705 2266 2741; x_wconf 90' lang='grc' dir='ltr'>τινι</span> <span class='ocrx_word' id='word_1_473' title='bbox 2304 2685 2415 2740; x_wconf 85' lang='grc' dir='ltr'><strong>τῶν</strong></span> <span class='ocrx_word' id='word_1_474' title='bbox 2446 2683 2729 2746; x_wconf 83' lang='grc' dir='ltr'>τοιούτων,</span> <span class='ocrx_word' id='word_1_475' title='bbox 2779 2681 2872 2734; x_wconf 73' lang='grc' dir='ltr'>τὸν</span> <span class='ocrx_word' id='word_1_476' title='bbox 2902 2679 3060 2748; x_wconf 81' lang='grc' dir='ltr'>λόγον</span> <span class='ocrx_word' id='word_1_477' title='bbox 3097 2674 3526 2748; x_wconf 84' lang='grc' dir='ltr'>συμπεραίνειν</span> <span class='ocrx_word' id='word_1_478' title='bbox 3560 2667 3705 2760; x_wconf 74' lang='grc' dir='ltr'>ἰσχύ-</span> 
     </span>
    </p>
   </div>
   <div class='ocr_carea' id='block_1_69' title="bbox 2095 2757 3705 2848">
    <p class='ocr_par' dir='ltr' id='par_1_69' title="bbox 2095 2757 3705 2848">
     <span class='ocr_line' id='line_1_69' title="bbox 2095 2757 3705 2848; baseline -0.013 -16"><span class='ocrx_word' id='word_1_479' title='bbox 2095 2757 2314 2848; x_wconf 82' lang='grc' dir='ltr'>σαιμεν.</span> <span class='ocrx_word' id='word_1_480' title='bbox 2378 2775 2570 2846; x_wconf 84' lang='grc' dir='ltr'><strong>Ὅμως</strong></span> <span class='ocrx_word' id='word_1_481' title='bbox 2609 2772 2654 2826; x_wconf 79' lang='grc' dir='ltr'>δ’</span> <span class='ocrx_word' id='word_1_482' title='bbox 2687 2770 2789 2825; x_wconf 76' lang='grc' dir='ltr'>οὖν</span> <span class='ocrx_word' id='word_1_483' title='bbox 2839 2771 2965 2824; x_wconf 82' lang='grc' dir='ltr'>ὅσον</span> <span class='ocrx_word' id='word_1_484' title='bbox 2993 2771 3060 2839; x_wconf 78' lang='grc' dir='ltr'><strong>τῇ</strong></span> <span class='ocrx_word' id='word_1_485' title='bbox 3085 2767 3218 2839; x_wconf 76' lang='grc' dir='ltr'>περὶ</span> <span class='ocrx_word' id='word_1_486' title='bbox 3264 2765 3429 2838; x_wconf 80' lang='grc' dir='ltr'>ἡμᾶς</span> <span class='ocrx_word' id='word_1_487' title='bbox 3453 2757 3705 2828; x_wconf 72' lang='grc' dir='ltr'>ἀσθενείᾳ</span> 
     </span>
    </p>
   </div>
   <div class='ocr_carea' id='block_1_70' title="bbox 2094 2855 3700 2936">
    <p class='ocr_par' dir='ltr' id='par_1_70' title="bbox 2094 2855 3700 2936">
     <span class='ocr_line' id='line_1_70' title="bbox 2094 2855 3700 2936; baseline -0.01 -14"><span class='ocrx_word' id='word_1_488' title='bbox 2094 2868 2203 2922; x_wconf 86' lang='grc' dir='ltr'><strong>τῶν</strong></span> <span class='ocrx_word' id='word_1_489' title='bbox 2225 2867 2422 2936; x_wconf 86' lang='grc' dir='ltr'>λόγων,</span> <span class='ocrx_word' id='word_1_490' title='bbox 2477 2864 2871 2935; x_wconf 59' lang='grc' dir='ltr'>ἀποκάμοιμεν</span> <span class='ocrx_word' id='word_1_491' title='bbox 2920 2858 3177 2930; x_wconf 79' lang='grc' dir='ltr'>οὐδαμῶς</span> <span class='ocrx_word' id='word_1_492' title='bbox 3211 2857 3292 2912; x_wconf 79' lang='grc' dir='ltr'><strong>τά</strong></span> <span class='ocrx_word' id='word_1_493' title='bbox 3333 2855 3700 2919; x_wconf 76' lang='grc' dir='ltr'>είκότα⁸συγο</span> 
     </span>
    </p>
   </div>
   <div class='ocr_carea' id='block_1_71' title="bbox 2096 2942 3705 3034">
    <p class='ocr_par' dir='ltr' id='par_1_71' title="bbox 2096 2942 3705 3034">
     <span class='ocr_line' id='line_1_71' title="bbox 2096 2942 3705 3034; baseline -0.012 -19"><span class='ocrx_word' id='word_1_494' title='bbox 2096 2959 2424 3031; x_wconf 76' lang='grc' dir='ltr'>γράφοντες,</span> <span class='ocrx_word' id='word_1_495' title='bbox 2484 2955 2613 3027; x_wconf 89' lang='grc' dir='ltr'>περί</span> <span class='ocrx_word' id='word_1_496' title='bbox 2645 2972 2704 3009; x_wconf 89' lang='grc' dir='ltr'><strong>τε</strong></span> <span class='ocrx_word' id='word_1_497' title='bbox 2753 2950 3014 3025; x_wconf 77' lang='grc' dir='ltr'>πατρίδος</span> <span class='ocrx_word' id='word_1_498' title='bbox 3046 2950 3149 3034; x_wconf 26' lang='grc' dir='ltr'><strong>καὶ.</strong></span> <span class='ocrx_word' id='word_1_499' title='bbox 3182 2949 3313 3019; x_wconf 84' lang='grc' dir='ltr'>βίου</span> <span class='ocrx_word' id='word_1_500' title='bbox 3342 2942 3705 3034; x_wconf 78' lang='grc' dir='ltr'><strong>κατορθωμά⁸</strong></span> 
     </span>
    </p>
   </div>
   <div class='ocr_carea' id='block_1_72' title="bbox 2097 3032 3701 3118">
    <p class='ocr_par' dir='ltr' id='par_1_72' title="bbox 2097 3032 3701 3118">
     <span class='ocr_line' id='line_1_72' title="bbox 2097 3032 3701 3118; baseline -0.011 -15"><span class='ocrx_word' id='word_1_501' title='bbox 2097 3040 2360 3113; x_wconf 65' lang='grc' dir='ltr'>των,’καὶ</span> <span class='ocrx_word' id='word_1_502' title='bbox 2385 3047 2484 3118; x_wconf 81' lang='grc' dir='ltr'>τῆς</span> <span class='ocrx_word' id='word_1_503' title='bbox 2517 3047 2595 3110; x_wconf 85' lang='grc' dir='ltr'><strong>είς</strong></span> <span class='ocrx_word' id='word_1_504' title='bbox 2657 3045 2828 3117; x_wconf 83' lang='grc' dir='ltr'>ἀκρον</span> <span class='ocrx_word' id='word_1_505' title='bbox 2879 3041 2975 3097; x_wconf 77' lang='grc' dir='ltr'><strong>τοῦ</strong></span> <span class='ocrx_word' id='word_1_506' title='bbox 3021 3032 3219 3109; x_wconf 80' lang='grc' dir='ltr'>ἀνδρὸς</span> <span class='ocrx_word' id='word_1_507' title='bbox 3262 3037 3420 3092; x_wconf 84' lang='grc' dir='ltr'>κατά</span> <span class='ocrx_word' id='word_1_508' title='bbox 3476 3032 3701 3108; x_wconf 69' lang='grc' dir='ltr'>Χριστὸν</span> 
     </span>
    </p>
   </div>
   <div class='ocr_carea' id='block_1_73' title="bbox 2102 3121 3701 3212">
    <p class='ocr_par' dir='ltr' id='par_1_73' title="bbox 2102 3121 3701 3212">
     <span class='ocr_line' id='line_1_73' title="bbox 2102 3121 3701 3212; baseline -0.013 -17"><span class='ocrx_word' id='word_1_509' title='bbox 2102 3139 2421 3212; x_wconf 81' lang='grc' dir='ltr'>φιλοσοφίας</span> <span class='ocrx_word' id='word_1_510' title='bbox 2495 3136 2927 3209; x_wconf 75' lang='grc' dir='ltr'>ἐπανορθώσεως</span> <span class='ocrx_word' id='word_1_511' title='bbox 2955 3151 2971 3167; x_wconf 89' lang='grc'><strong>·</strong></span> <span class='ocrx_word' id='word_1_512' title='bbox 3032 3132 3126 3187; x_wconf 75' lang='grc' dir='ltr'><strong>καὶ</strong></span> <span class='ocrx_word' id='word_1_513' title='bbox 3169 3126 3397 3193; x_wconf 77' lang='grc' dir='ltr'>οὗτινος</span> <span class='ocrx_word' id='word_1_514' title='bbox 3454 3122 3555 3181; x_wconf 78' lang='grc' dir='ltr'>οὖν</span> <span class='ocrx_word' id='word_1_515' title='bbox 3604 3121 3701 3177; x_wconf 87' lang='grc' dir='ltr'><strong>τῶν</strong></span> 
     </span>
    </p>
   </div>
   <div class='ocr_carea' id='block_1_74' title="bbox 2101 3214 3703 3301">
    <p class='ocr_par' dir='ltr' id='par_1_74' title="bbox 2101 3214 3703 3301">
     <span class='ocr_line' id='line_1_74' title="bbox 2101 3214 3703 3301; baseline -0.013 -14"><span class='ocrx_word' id='word_1_516' title='bbox 2101 3232 2362 3287; x_wconf 83' lang='grc' dir='ltr'>τοιούτων</span> <span class='ocrx_word' id='word_1_517' title='bbox 2392 3232 2471 3294; x_wconf 88' lang='grc' dir='ltr'><strong>εἰς</strong></span> <span class='ocrx_word' id='word_1_518' title='bbox 2498 3230 2645 3301; x_wconf 79' lang='grc' dir='ltr'>ἡμᾶς</span> <span class='ocrx_word' id='word_1_519' title='bbox 2670 3228 2977 3298; x_wconf 86' lang='grc' dir='ltr'>γεγονότος.</span> <span class='ocrx_word' id='word_1_520' title='bbox 3023 3222 3245 3285; x_wconf 81' lang='grc' dir='ltr'>Ἀλλοις</span> <span class='ocrx_word' id='word_1_521' title='bbox 3288 3220 3396 3293; x_wconf 82' lang='grc' dir='ltr'>μὲν</span> <span class='ocrx_word' id='word_1_522' title='bbox 3426 3214 3524 3273; x_wconf 81' lang='grc' dir='ltr'>οὖν</span> <span class='ocrx_word' id='word_1_523' title='bbox 3553 3217 3703 3268; x_wconf 80' lang='grc' dir='ltr'>ἐπαι-</span> 
     </span>
    </p>
   </div>
   <div class='ocr_carea' id='block_1_75' title="bbox 2103 3309 3701 3392">
    <p class='ocr_par' dir='ltr' id='par_1_75' title="bbox 2103 3309 3701 3392">
     <span class='ocr_line' id='line_1_75' title="bbox 2103 3309 3701 3392; baseline -0.008 -14"><span class='ocrx_word' id='word_1_524' title='bbox 2103 3323 2302 3380; x_wconf 88' lang='grc' dir='ltr'>νείσθω</span> <span class='ocrx_word' id='word_1_525' title='bbox 2336 3322 2540 3392; x_wconf 83' lang='grc' dir='ltr'>γονέων</span> <span class='ocrx_word' id='word_1_526' title='bbox 2579 3319 2856 3391; x_wconf 74' lang='grc' dir='ltr'>κομψεία,</span> <span class='ocrx_word' id='word_1_527' title='bbox 2914 3318 3012 3372; x_wconf 79' lang='grc' dir='ltr'><strong>καὶ</strong></span> <span class='ocrx_word' id='word_1_528' title='bbox 3055 3315 3299 3370; x_wconf 79' lang='grc' dir='ltr'>πλούτου</span> <span class='ocrx_word' id='word_1_529' title='bbox 3357 3309 3701 3383; x_wconf 74' lang='grc' dir='ltr'>διαρρέοντος</span> 
     </span>
    </p>
   </div>
   <div class='ocr_carea' id='block_1_76' title="bbox 2105 3392 3701 3481">
    <p class='ocr_par' dir='ltr' id='par_1_76' title="bbox 2105 3392 3701 3481">
     <span class='ocr_line' id='line_1_76' title="bbox 2105 3392 3701 3481; baseline -0.013 -11"><span class='ocrx_word' id='word_1_530' title='bbox 2105 3414 2280 3481; x_wconf 81' lang='grc' dir='ltr'>κλέος,</span> <span class='ocrx_word' id='word_1_531' title='bbox 2314 3414 2409 3468; x_wconf 62' lang='grc' dir='ltr'><strong>καῖ⁹</strong></span> <span class='ocrx_word' id='word_1_532' title='bbox 2429 3411 2749 3474; x_wconf 86' lang='grc' dir='ltr'>δυναστείας</span> <span class='ocrx_word' id='word_1_533' title='bbox 2781 3409 3047 3481; x_wconf 79' lang='grc' dir='ltr'>ἀνδρότης</span> <span class='ocrx_word' id='word_1_534' title='bbox 3077 3407 3144 3473; x_wconf 87' lang='grc'><strong>¹⁰,</strong></span> <span class='ocrx_word' id='word_1_535' title='bbox 3168 3406 3271 3459; x_wconf 69' lang='grc' dir='ltr'><strong>καὶ</strong></span> <span class='ocrx_word' id='word_1_536' title='bbox 3294 3403 3520 3474; x_wconf 84' lang='grc' dir='ltr'>γένους,</span> <span class='ocrx_word' id='word_1_537' title='bbox 3549 3392 3701 3464; x_wconf 77' lang='grc' dir='ltr'><strong>ἐξοχή</strong></span> 
     </span>
    </p>
   </div>
   <div class='ocr_carea' id='block_1_77' title="bbox 2103 3484 3705 3578">
    <p class='ocr_par' dir='ltr' id='par_1_77' title="bbox 2103 3484 3705 3578">
     <span class='ocr_line' id='line_1_77' title="bbox 2103 3484 3705 3578; baseline -0.012 -16"><span class='ocrx_word' id='word_1_538' title='bbox 2103 3508 2201 3563; x_wconf 72' lang='grc' dir='ltr'><strong>καὶ</strong></span> <span class='ocrx_word' id='word_1_539' title='bbox 2224 3504 2574 3578; x_wconf 82' lang='grc' dir='ltr'>περιφάνεια,</span> <span class='ocrx_word' id='word_1_540' title='bbox 2610 3498 2693 3566; x_wconf 76' lang='grc' dir='ltr'>οἷς</span> <span class='ocrx_word' id='word_1_541' title='bbox 2727 3503 2924 3556; x_wconf 78' lang='grc' dir='ltr'>ἐκεῖνοι</span> <span class='ocrx_word' id='word_1_542' title='bbox 2966 3498 3358 3570; x_wconf 85' lang='grc' dir='ltr'>σεμνύνονται,</span> <span class='ocrx_word' id='word_1_543' title='bbox 3391 3494 3493 3550; x_wconf 72' lang='grc' dir='ltr'><strong>καὶ</strong></span> <span class='ocrx_word' id='word_1_544' title='bbox 3513 3484 3705 3578; x_wconf 53' lang='lat' dir='ltr'><strong>mpii</strong></span> 
     </span>
    </p>
   </div>
   <div class='ocr_carea' id='block_1_78' title="bbox 2105 3577 3698 3673">
    <p class='ocr_par' dir='ltr' id='par_1_78' title="bbox 2105 3577 3698 3673">
     <span class='ocr_line' id='line_1_78' title="bbox 2105 3577 3698 3673; baseline -0.015 -18"><span class='ocrx_word' id='word_1_545' title='bbox 2105 3599 2369 3673; x_wconf 80' lang='grc' dir='ltr'>κεχήνασι</span> <span class='ocrx_word' id='word_1_546' title='bbox 2401 3598 2573 3669; x_wconf 82' lang='grc' dir='ltr'>μόνοι,</span> <span class='ocrx_word' id='word_1_547' title='bbox 2596 3597 2647 3648; x_wconf 86' lang='grc' dir='ltr'>οἱ</span> <span class='ocrx_word' id='word_1_548' title='bbox 2669 3595 2766 3648; x_wconf 81' lang='grc' dir='ltr'><strong>ἀπ’</strong></span> <span class='ocrx_word' id='word_1_549' title='bbox 2790 3592 3016 3647; x_wconf 76' lang='grc' dir='ltr'>ἐκείνων</span> <span class='ocrx_word' id='word_1_550' title='bbox 3053 3584 3415 3644; x_wconf 76' lang='grc' dir='ltr'>ἐπαινεῖσθαι</span> <span class='ocrx_word' id='word_1_551' title='bbox 3471 3577 3698 3673; x_wconf 81' lang='grc' dir='ltr'>σπουδά-</span> 
     </span>
    </p>
   </div>
   <div class='ocr_carea' id='block_1_79' title="bbox 2105 3670 3699 3758">
    <p class='ocr_par' dir='ltr' id='par_1_79' title="bbox 2105 3670 3699 3758">
     <span class='ocr_line' id='line_1_79' title="bbox 2105 3670 3699 3758; baseline -0.009 -11"><span class='ocrx_word' id='word_1_552' title='bbox 2105 3670 2325 3758; x_wconf 59' lang='grc' dir='ltr'>ζονὲές·</span> <span class='ocrx_word' id='word_1_553' title='bbox 2349 3689 2409 3754; x_wconf 80' lang='grc' dir='ltr'>ἐξ</span> <span class='ocrx_word' id='word_1_554' title='bbox 2434 3682 2510 3744; x_wconf 82' lang='grc' dir='ltr'>ὧν</span> <span class='ocrx_word' id='word_1_555' title='bbox 2552 3687 2650 3741; x_wconf 77' lang='grc' dir='ltr'><strong>καὶ</strong></span> <span class='ocrx_word' id='word_1_556' title='bbox 2692 3685 2755 3740; x_wconf 81' lang='grc' dir='ltr'>τὸ</span> <span class='ocrx_word' id='word_1_557' title='bbox 2799 3683 2999 3756; x_wconf 78' lang='grc' dir='ltr'>βλάϐος</span> <span class='ocrx_word' id='word_1_558' title='bbox 3026 3681 3297 3751; x_wconf 79' lang='grc' dir='ltr'>ἐξαίσιον,</span> <span class='ocrx_word' id='word_1_559' title='bbox 3326 3676 3484 3749; x_wconf 79' lang='grc' dir='ltr'><strong>καὶὴ</strong></span> <span class='ocrx_word' id='word_1_560' title='bbox 3524 3670 3699 3742; x_wconf 76' lang='grc' dir='ltr'>ὄνησις</span> 
     </span>
    </p>
   </div>
   <div class='ocr_carea' id='block_1_80' title="bbox 2106 3787 2400 3857">
    <p class='ocr_par' dir='ltr' id='par_1_80' title="bbox 2106 3787 2400 3857">
     <span class='ocr_line' id='line_1_80' title="bbox 2106 3787 2400 3857; baseline -0.02 -15"><span class='ocrx_word' id='word_1_561' title='bbox 2106 3787 2400 3857; x_wconf 78' lang='grc' dir='ltr'>ἄχρηστος.</span> 
     </span>
    </p>
   </div>
   <div class='ocr_carea' id='block_1_81' title="bbox 2178 3859 3697 3948">
    <p class='ocr_par' dir='ltr' id='par_1_81' title="bbox 2178 3859 3697 3948">
     <span class='ocr_line' id='line_1_81' title="bbox 2178 3859 3697 3948; baseline -0.014 -16"><span class='ocrx_word' id='word_1_562' title='bbox 2178 3875 2368 3948; x_wconf 84' lang='grc' dir='ltr'>Τούτῳ</span> <span class='ocrx_word' id='word_1_563' title='bbox 2389 3875 2446 3929; x_wconf 82' lang='grc' dir='ltr'>δὲ</span> <span class='ocrx_word' id='word_1_564' title='bbox 2473 3874 2554 3946; x_wconf 81' lang='grc' dir='ltr'><strong>τῷ</strong></span> <span class='ocrx_word' id='word_1_565' title='bbox 2580 3871 2835 3943; x_wconf 84' lang='grc' dir='ltr'>γεννάδᾳ,</span> <span class='ocrx_word' id='word_1_566' title='bbox 2865 3861 2928 3924; x_wconf 69' lang='grc' dir='ltr'><strong>οὗ</strong></span> <span class='ocrx_word' id='word_1_567' title='bbox 2966 3865 3166 3939; x_wconf 71' lang='grc' dir='ltr'>πατρὶς</span> <span class='ocrx_word' id='word_1_568' title='bbox 3193 3866 3227 3936; x_wconf 79' lang='grc' dir='ltr'><strong>ἡ</strong></span> <span class='ocrx_word' id='word_1_569' title='bbox 3267 3864 3389 3919; x_wconf 78' lang='grc' dir='ltr'>ἄνω</span> <span class='ocrx_word' id='word_1_570' title='bbox 3432 3859 3697 3948; x_wconf 76' lang='grc' dir='ltr'>Ἰερουσα-</span> 
     </span>
    </p>
   </div>
   <div class='ocr_carea' id='block_1_82' title="bbox 2105 3946 3695 4040">
    <p class='ocr_par' dir='ltr' id='par_1_82' title="bbox 2105 3946 3695 4040">
     <span class='ocr_line' id='line_1_82' title="bbox 2105 3946 3695 4040; baseline -0.013 -17"><span class='ocrx_word' id='word_1_571' title='bbox 2105 3968 2297 4040; x_wconf 79' lang='grc' dir='ltr'>λὴμ,ή</span> <span class='ocrx_word' id='word_1_572' title='bbox 2326 3946 2535 4037; x_wconf 86' lang='grc' dir='ltr'>Πέτρου</span> <span class='ocrx_word' id='word_1_573' title='bbox 2566 3965 2662 4018; x_wconf 73' lang='grc' dir='ltr'><strong>καὶ</strong></span> <span class='ocrx_word' id='word_1_574' title='bbox 2694 3956 2912 4018; x_wconf 82' lang='grc' dir='ltr'>Παύλου</span> <span class='ocrx_word' id='word_1_575' title='bbox 2946 3959 3152 4030; x_wconf 76' lang='grc' dir='ltr'>μήτηρο</span> <span class='ocrx_word' id='word_1_576' title='bbox 3182 3946 3695 4040; x_wconf 51' lang='grc' dir='ltr'>εὐφημείσθωρίος.</span> 
     </span>
    </p>
   </div>
   <div class='ocr_carea' id='block_1_83' title="bbox 2105 4034 3697 4130">
    <p class='ocr_par' dir='ltr' id='par_1_83' title="bbox 2105 4034 3697 4130">
     <span class='ocr_line' id='line_1_83' title="bbox 2105 4034 3697 4130; baseline -0.019 -13"><span class='ocrx_word' id='word_1_577' title='bbox 2105 4034 2372 4130; x_wconf 75' lang='grc' dir='ltr'>ἀναγωγὴ</span> <span class='ocrx_word' id='word_1_578' title='bbox 2398 4034 2662 4122; x_wconf 76' lang='grc' dir='ltr'>διανοίας,</span> <span class='ocrx_word' id='word_1_579' title='bbox 2691 4052 2893 4124; x_wconf 81' lang='grc' dir='ltr'>πρᾶξις</span> <span class='ocrx_word' id='word_1_580' title='bbox 2918 4050 3144 4120; x_wconf 82' lang='grc' dir='ltr'>ἀρίστη,</span> <span class='ocrx_word' id='word_1_581' title='bbox 3178 4045 3278 4100; x_wconf 60' lang='grc' dir='ltr'><strong>καὶ⁵</strong></span> <span class='ocrx_word' id='word_1_582' title='bbox 3298 4042 3533 4113; x_wconf 80' lang='grc' dir='ltr'>ἀγώνων</span> <span class='ocrx_word' id='word_1_583' title='bbox 3555 4034 3697 4093; x_wconf 82' lang='grc' dir='ltr'>ἆθλοι</span> 
     </span>
    </p>
   </div>
   <div class='ocr_carea' id='block_1_84' title="bbox 2106 4130 3694 4226">
    <p class='ocr_par' dir='ltr' id='par_1_84' title="bbox 2106 4130 3694 4226">
     <span class='ocr_line' id='line_1_84' title="bbox 2106 4130 3694 4226; baseline -0.018 -13"><span class='ocrx_word' id='word_1_584' title='bbox 2106 4158 2260 4221; x_wconf 81' lang='grc' dir='ltr'>τέλος</span> <span class='ocrx_word' id='word_1_585' title='bbox 2278 4154 2653 4226; x_wconf 81' lang='grc' dir='ltr'>οὺκέχοντες.</span> <span class='ocrx_word' id='word_1_586' title='bbox 2693 4149 2917 4206; x_wconf 83' lang='grc' dir='ltr'>Μᾶλλον</span> <span class='ocrx_word' id='word_1_587' title='bbox 2945 4147 3002 4201; x_wconf 82' lang='grc' dir='ltr'>δὲ</span> <span class='ocrx_word' id='word_1_588' title='bbox 3048 4140 3327 4214; x_wconf 84' lang='grc' dir='ltr'>παρήσθω</span> <span class='ocrx_word' id='word_1_589' title='bbox 3363 4136 3542 4193; x_wconf 82' lang='grc' dir='ltr'>ταῦτα</span> <span class='ocrx_word' id='word_1_590' title='bbox 3586 4130 3694 4226; x_wconf 67' lang='grc' dir='ltr'>νῦν,</span> 
     </span>
    </p>
   </div>
   <div class='ocr_carea' id='block_1_85' title="bbox 2107 4219 3694 4325">
    <p class='ocr_par' dir='ltr' id='par_1_85' title="bbox 2107 4219 3694 4325">
     <span class='ocr_line' id='line_1_85' title="bbox 2107 4219 3694 4325; baseline -0.014 -22"><span class='ocrx_word' id='word_1_591' title='bbox 2107 4248 2203 4303; x_wconf 61' lang='grc' dir='ltr'><strong>καὶ⁵</strong></span> <span class='ocrx_word' id='word_1_592' title='bbox 2233 4219 2358 4318; x_wconf 83' lang='grc' dir='ltr'>σιγῇ</span> <span class='ocrx_word' id='word_1_593' title='bbox 2382 4219 2636 4316; x_wconf 75' lang='grc' dir='ltr'>τιμάσθω</span> <span class='ocrx_word' id='word_1_594' title='bbox 2661 4240 2741 4311; x_wconf 84' lang='grc' dir='ltr'>τῷ</span> <span class='ocrx_word' id='word_1_595' title='bbox 2755 4238 2901 4308; x_wconf 85' lang='grc' dir='ltr'>λόγῳ</span> <span class='ocrx_word' id='word_1_596' title='bbox 2923 4235 3016 4289; x_wconf 81' lang='grc' dir='ltr'><strong>τοῦ</strong></span> <span class='ocrx_word' id='word_1_597' title='bbox 3040 4231 3381 4325; x_wconf 79' lang='grc' dir='ltr'>ἀξιώματος,</span> <span class='ocrx_word' id='word_1_598' title='bbox 3404 4228 3489 4290; x_wconf 89' lang='grc' dir='ltr'><strong>είς</strong></span> <span class='ocrx_word' id='word_1_599' title='bbox 3513 4219 3694 4325; x_wconf 49' lang='grc' dir='ltr'>παιρξν</span> 
     </span>
    </p>
   </div>
   <div class='ocr_carea' id='block_1_86' title="bbox 2107 4317 3694 4412">
    <p class='ocr_par' dir='ltr' id='par_1_86' title="bbox 2107 4317 3694 4412">
     <span class='ocr_line' id='line_1_86' title="bbox 2107 4317 3694 4412; baseline -0.02 -16"><span class='ocrx_word' id='word_1_600' title='bbox 2107 4341 2200 4395; x_wconf 78' lang='grc' dir='ltr'><strong>τὸν</strong></span> <span class='ocrx_word' id='word_1_601' title='bbox 2232 4317 2514 4412; x_wconf 82' lang='grc' dir='ltr'>πρέποντα</span> <span class='ocrx_word' id='word_1_602' title='bbox 2571 4331 3011 4405; x_wconf 85' lang='grc' dir='ltr'>συντηρούμενα.</span> <span class='ocrx_word' id='word_1_603' title='bbox 3056 4326 3173 4381; x_wconf 80' lang='grc' dir='ltr'><strong>Νῦν</strong></span> <span class='ocrx_word' id='word_1_604' title='bbox 3219 4324 3300 4387; x_wconf 79' lang='grc' dir='ltr'>δὲ,</span> <span class='ocrx_word' id='word_1_605' title='bbox 3326 4317 3694 4412; x_wconf 5' lang='grc' dir='ltr'>ἵναγμὴπῶν</span> 
     </span>
    </p>
   </div>
   <div class='ocr_carea' id='block_1_87' title="bbox 2109 4405 3692 4502">
    <p class='ocr_par' dir='ltr' id='par_1_87' title="bbox 2109 4405 3692 4502">
     <span class='ocr_line' id='line_1_87' title="bbox 2109 4405 3692 4502; baseline -0.013 -17"><span class='ocrx_word' id='word_1_606' title='bbox 2109 4405 2427 4502; x_wconf 72' lang='grc' dir='ltr'>περιέργων</span> <span class='ocrx_word' id='word_1_607' title='bbox 2474 4426 2572 4482; x_wconf 64' lang='grc' dir='ltr'><strong>καὶ</strong></span> <span class='ocrx_word' id='word_1_608' title='bbox 2617 4422 2973 4495; x_wconf 82' lang='grc' dir='ltr'>φιλοσάρκων</span> <span class='ocrx_word' id='word_1_609' title='bbox 3024 4418 3194 4482; x_wconf 75' lang='grc' dir='ltr'>τινὲς,</span> <span class='ocrx_word' id='word_1_610' title='bbox 3247 4405 3692 4484; x_wconf 82' lang='grc' dir='ltr'>ἀσκαρδαμύκτφ</span> 
     </span>
    </p>
   </div>
   <div class='ocr_carea' id='block_1_88' title="bbox 2110 4501 3693 4594">
    <p class='ocr_par' dir='ltr' id='par_1_88' title="bbox 2110 4501 3693 4594">
     <span class='ocr_line' id='line_1_88' title="bbox 2110 4501 3693 4594; baseline -0.02 -13"><span class='ocrx_word' id='word_1_611' title='bbox 2110 4501 2306 4594; x_wconf 77' lang='grc' dir='ltr'>γνώμῃ</span> <span class='ocrx_word' id='word_1_612' title='bbox 2335 4515 2851 4592; x_wconf 78' lang='grc' dir='ltr'>ἀναισχυντοῦντες,</span> <span class='ocrx_word' id='word_1_613' title='bbox 2880 4511 3073 4568; x_wconf 80' lang='grc' dir='ltr'>ἄπολιν</span> <span class='ocrx_word' id='word_1_614' title='bbox 3118 4508 3256 4581; x_wconf 80' lang='grc' dir='ltr'>ἡμῖν</span> <span class='ocrx_word' id='word_1_615' title='bbox 3283 4506 3379 4562; x_wconf 80' lang='grc' dir='ltr'>τὸν</span> <span class='ocrx_word' id='word_1_616' title='bbox 3408 4501 3578 4572; x_wconf 77' lang='grc' dir='ltr'>ἄνδρα</span> <span class='ocrx_word' id='word_1_617' title='bbox 3600 4510 3693 4594; x_wconf 65' lang='grc' dir='ltr'><strong>κα-</strong></span> 
     </span>
    </p>
   </div>
   <div class='ocr_carea' id='block_1_89' title="bbox 427 4582 1997 4691">
    <p class='ocr_par' dir='ltr' id='par_1_89' title="bbox 427 4582 1997 4676">
     <span class='ocr_line' id='line_1_89' title="bbox 427 4582 1997 4676; baseline 0.012 -25"><span class='ocrx_word' id='word_1_618' title='bbox 427 4599 586 4655; x_wconf 85' lang='lat' dir='ltr'><strong>nobis</strong></span> <span class='ocrx_word' id='word_1_619' title='bbox 636 4602 707 4657; x_wconf 91' lang='lat' dir='ltr'><strong>ob</strong></span> <span class='ocrx_word' id='word_1_620' title='bbox 755 4603 1040 4661; x_wconf 88' lang='lat' dir='ltr'><strong>silentium</strong></span> <span class='ocrx_word' id='word_1_621' title='bbox 1099 4617 1382 4676; x_wconf 89' lang='lat' dir='ltr'><strong>nostrum,</strong></span> <span class='ocrx_word' id='word_1_622' title='bbox 1433 4582 1585 4667; x_wconf 76' lang='lat' dir='ltr'><strong>velut</strong></span> <span class='ocrx_word' id='word_1_623' title='bbox 1618 4611 1744 4670; x_wconf 87' lang='lat' dir='ltr'><strong>sine</strong></span> <span class='ocrx_word' id='word_1_624' title='bbox 1776 4613 1997 4670; x_wconf 79' lang='lat' dir='ltr'><strong>civitate</strong></span> 
     </span>
    </p>
   </div>
   <div class='ocr_carea' id='block_1_90' title="bbox 2105 4582 3689 4691">
    <p class='ocr_par' dir='ltr' id='par_1_90' title="bbox 2110 4582 3689 4680">
     <span class='ocr_line' id='line_1_90' title="bbox 2110 4582 3689 4680; baseline -0.018 -11"><span class='ocrx_word' id='word_1_625' title='bbox 2110 4582 2533 4680; x_wconf 46' lang='lat' dir='ltr'><strong>rasasba&#39;tawat:</strong></span> <span class='ocrx_word' id='word_1_626' title='bbox 2564 4608 2656 4666; x_wconf 91' lang='grc' dir='ltr'><strong>διά</strong></span> <span class='ocrx_word' id='word_1_627' title='bbox 2696 4606 2793 4662; x_wconf 75' lang='grc' dir='ltr'><strong>τὸν</strong></span> <span class='ocrx_word' id='word_1_628' title='bbox 2823 4602 3026 4677; x_wconf 82' lang='grc' dir='ltr'>τρόπον</span> <span class='ocrx_word' id='word_1_629' title='bbox 3066 4599 3171 4671; x_wconf 81' lang='grc' dir='ltr'>τῆς</span> <span class='ocrx_word' id='word_1_630' title='bbox 3224 4594 3464 4666; x_wconf 81' lang='grc' dir='ltr'>σιωπῆς,</span> <span class='ocrx_word' id='word_1_631' title='bbox 3500 4582 3689 4655; x_wconf 72' lang='grc' dir='ltr'>πειρά-</span> 
     </span>
    </p>
   </div>
   <div class='ocr_carea' id='block_1_91' title="bbox 500 4774 983 4847">
    <p class='ocr_par' dir='ltr' id='par_1_91' title="bbox 500 4774 983 4847">
     <span class='ocr_line' id='line_1_91' title="bbox 500 4774 983 4847; baseline 0.017 -16"><span class='ocrx_word' id='word_1_632' title='bbox 500 4786 546 4813; x_wconf 73' lang='grc' dir='ltr'>ιη</span> <span class='ocrx_word' id='word_1_633' title='bbox 579 4774 750 4833; x_wconf 80' lang='lat' dir='ltr'><strong>Hebr.</strong></span> <span class='ocrx_word' id='word_1_634' title='bbox 781 4794 836 4847; x_wconf 73' lang='grc' dir='ltr'><strong>ν,</strong></span> <span class='ocrx_word' id='word_1_635' title='bbox 896 4782 983 4839; x_wconf 57' lang='lat' dir='ltr'><strong>id.</strong></span> 
     </span>
    </p>
   </div>
   <div class='ocr_carea' id='block_1_92' title="bbox 1722 4924 2399 4985">
    <p class='ocr_par' dir='ltr' id='par_1_92' title="bbox 1722 4924 2399 4985">
     <span class='ocr_line' id='line_1_92' title="bbox 1722 4924 2399 4985; baseline 0.003 -4"><span class='ocrx_word' id='word_1_636' title='bbox 1722 4924 1959 4983; x_wconf 66' lang='lat' dir='ltr'><strong>VARIE</strong></span> <span class='ocrx_word' id='word_1_637' title='bbox 1989 4925 2399 4985; x_wconf 84' lang='lat' dir='ltr'><strong>LECTIONES.</strong></span> 
     </span>
    </p>
   </div>
   <div class='ocr_carea' id='block_1_93' title="bbox 502 5016 1537 5095">
    <p class='ocr_par' dir='ltr' id='par_1_93' title="bbox 502 5016 1537 5095">
     <span class='ocr_line' id='line_1_93' title="bbox 502 5016 1537 5095; baseline 0.004 -21"><span class='ocrx_word' id='word_1_638' title='bbox 502 5016 522 5053; x_wconf 67' lang='grc' dir='ltr'><strong>ε</strong></span> <span class='ocrx_word' id='word_1_639' title='bbox 552 5019 628 5074; x_wconf 80' lang='lat' dir='ltr'><strong>Ex</strong></span> <span class='ocrx_word' id='word_1_640' title='bbox 674 5025 822 5074; x_wconf 82' lang='lat' dir='ltr'><strong>textu</strong></span> <span class='ocrx_word' id='word_1_641' title='bbox 840 5018 1015 5075; x_wconf 86' lang='lat' dir='ltr'><strong>Pauli.</strong></span> <span class='ocrx_word' id='word_1_642' title='bbox 1095 5020 1139 5052; x_wconf 79' lang='lat'>&quot;</span> <span class='ocrx_word' id='word_1_643' title='bbox 1161 5018 1247 5076; x_wconf 80' lang='grc' dir='ltr'><strong>ῑσ.</strong></span> <span class='ocrx_word' id='word_1_644' title='bbox 1279 5019 1537 5095; x_wconf 82' lang='grc' dir='ltr'>ἀδρότης.</span> 
     </span>
    </p>
   </div>
   <div class='ocr_carea' id='block_1_94' title="bbox 1680 5156 2354 5219">
    <p class='ocr_par' dir='ltr' id='par_1_94' title="bbox 1680 5156 2354 5219">
     <span class='ocr_line' id='line_1_94' title="bbox 1680 5156 2354 5219; baseline -0.007 0"><span class='ocrx_word' id='word_1_645' title='bbox 1680 5159 2081 5219; x_wconf 80' lang='lat' dir='ltr'><strong>COMBEFISII</strong></span> <span class='ocrx_word' id='word_1_646' title='bbox 2119 5156 2354 5216; x_wconf 65' lang='lat' dir='ltr'><strong>NOTAE.</strong></span> 
     </span>
    </p>
   </div>
   <div class='ocr_carea' id='block_1_95' title="bbox 506 5270 2023 5347">
    <p class='ocr_par' dir='ltr' id='par_1_95' title="bbox 506 5270 2023 5347">
     <span class='ocr_line' id='line_1_95' title="bbox 506 5270 2023 5347; baseline -0.002 -18"><span class='ocrx_word' id='word_1_647' title='bbox 506 5271 618 5342; x_wconf 89' lang='lat'><strong>(80)</strong></span> <span class='ocrx_word' id='word_1_648' title='bbox 639 5270 863 5347; x_wconf 62' lang='lat' dir='ltr'><strong>Precum</strong></span> <span class='ocrx_word' id='word_1_649' title='bbox 880 5279 1178 5347; x_wconf 66' lang='lat' dir='ltr'><strong>vestrarum</strong></span> <span class='ocrx_word' id='word_1_650' title='bbox 1202 5271 1691 5347; x_wconf 51' lang='lat' dir='ltr'><strong>iitdulgentieloic</strong></span> <span class='ocrx_word' id='word_1_651' title='bbox 1711 5274 1845 5347; x_wconf 85' lang='grc' dir='ltr'>παρ’</span> <span class='ocrx_word' id='word_1_652' title='bbox 1864 5272 2023 5343; x_wconf 84' lang='grc' dir='ltr'>ὑμῶν</span> 
     </span>
    </p>
   </div>
   <div class='ocr_carea' id='block_1_96' title="bbox 435 5342 2019 5414">
    <p class='ocr_par' dir='ltr' id='par_1_96' title="bbox 435 5342 2019 5414">
     <span class='ocr_line' id='line_1_96' title="bbox 435 5342 2019 5414; baseline -0.001 -16"><span class='ocrx_word' id='word_1_653' title='bbox 435 5344 709 5407; x_wconf 85' lang='grc' dir='ltr'>εὐκτικοϊς</span> <span class='ocrx_word' id='word_1_654' title='bbox 757 5344 1048 5414; x_wconf 78' lang='grc' dir='ltr'>ἀφεσίμοις</span> <span class='ocrx_word' id='word_1_655' title='bbox 1097 5342 1398 5414; x_wconf 74' lang='grc' dir='ltr'>θαρσήσας.</span> <span class='ocrx_word' id='word_1_656' title='bbox 1454 5344 1661 5414; x_wconf 84' lang='lat' dir='ltr'><strong>Alludit</strong></span> <span class='ocrx_word' id='word_1_657' title='bbox 1695 5345 1762 5399; x_wconf 89' lang='lat' dir='ltr'><strong>ad</strong></span> <span class='ocrx_word' id='word_1_658' title='bbox 1796 5342 2019 5399; x_wconf 60' lang='lat' dir='ltr'><strong>&#39;morem</strong></span> 
     </span>
    </p>
   </div>
   <div class='ocr_carea' id='block_1_97' title="bbox 437 5412 2024 5482">
    <p class='ocr_par' dir='ltr' id='par_1_97' title="bbox 437 5412 2024 5482">
     <span class='ocr_line' id='line_1_97' title="bbox 437 5412 2024 5482; baseline -0.001 -13"><span class='ocrx_word' id='word_1_659' title='bbox 437 5415 590 5469; x_wconf 89' lang='lat' dir='ltr'><strong>illum</strong></span> <span class='ocrx_word' id='word_1_660' title='bbox 618 5429 728 5482; x_wconf 89' lang='lat' dir='ltr'><strong>quo</strong></span> <span class='ocrx_word' id='word_1_661' title='bbox 751 5412 1111 5469; x_wconf 67' lang='lat' dir='ltr'><strong>Graecietiam</strong></span> <span class='ocrx_word' id='word_1_662' title='bbox 1132 5412 1317 5478; x_wconf 80' lang='lat' dir='ltr'><strong>modo,</strong></span> <span class='ocrx_word' id='word_1_663' title='bbox 1341 5415 1435 5469; x_wconf 75' lang='lat' dir='ltr'><strong>vix</strong></span> <span class='ocrx_word' id='word_1_664' title='bbox 1465 5413 1615 5469; x_wconf 87' lang='lat' dir='ltr'><strong>aliud</strong></span> <span class='ocrx_word' id='word_1_665' title='bbox 1644 5415 1750 5471; x_wconf 88' lang='lat' dir='ltr'><strong>sibi</strong></span> <span class='ocrx_word' id='word_1_666' title='bbox 1780 5415 1835 5469; x_wconf 90' lang='lat' dir='ltr'><strong>in</strong></span> <span class='ocrx_word' id='word_1_667' title='bbox 1875 5415 2024 5469; x_wconf 89' lang='lat' dir='ltr'><strong>salu-</strong></span> 
     </span>
    </p>
   </div>
   <div class='ocr_carea' id='block_1_98' title="bbox 438 5483 2014 5557">
    <p class='ocr_par' dir='ltr' id='par_1_98' title="bbox 438 5483 2014 5557">
     <span class='ocr_line' id='line_1_98' title="bbox 438 5483 2014 5557; baseline -0.002 -17"><span class='ocrx_word' id='word_1_668' title='bbox 438 5485 747 5541; x_wconf 84' lang='lat' dir='ltr'><strong>tationibus</strong></span> <span class='ocrx_word' id='word_1_669' title='bbox 775 5492 836 5557; x_wconf 70' lang='lat' dir='ltr'><strong>et</strong></span> <span class='ocrx_word' id='word_1_670' title='bbox 854 5484 1434 5557; x_wconf 82' lang='lat' dir='ltr'><strong>commendationibus</strong></span> <span class='ocrx_word' id='word_1_671' title='bbox 1461 5501 1626 5555; x_wconf 83' lang='lat' dir='ltr'><strong>quam</strong></span> <span class='ocrx_word' id='word_1_672' title='bbox 1661 5483 2014 5557; x_wconf 81' lang='grc' dir='ltr'>συγχώρησιν</span> 
     </span>
    </p>
   </div>
   <div class='ocr_carea' id='block_1_99' title="bbox 439 5554 2022 5627">
    <p class='ocr_par' dir='ltr' id='par_1_99' title="bbox 439 5554 2022 5627">
     <span class='ocr_line' id='line_1_99' title="bbox 439 5554 2022 5627; baseline -0.001 -17"><span class='ocrx_word' id='word_1_673' title='bbox 439 5564 495 5611; x_wconf 85' lang='lat' dir='ltr'><strong>et</strong></span> <span class='ocrx_word' id='word_1_674' title='bbox 520 5555 971 5627; x_wconf 79' lang='grc' dir='ltr'>συγχωρηθῆναι,</span> <span class='ocrx_word' id='word_1_675' title='bbox 1003 5554 1327 5625; x_wconf 81' lang='lat' dir='ltr'><strong>loquuntur,</strong></span> <span class='ocrx_word' id='word_1_676' title='bbox 1352 5554 1502 5610; x_wconf 81' lang='lat' dir='ltr'><strong>velut</strong></span> <span class='ocrx_word' id='word_1_677' title='bbox 1529 5557 1737 5627; x_wconf 85' lang='lat' dir='ltr'><strong>mutuis</strong></span> <span class='ocrx_word' id='word_1_678' title='bbox 1758 5554 2022 5627; x_wconf 77' lang='lat' dir='ltr'><strong>precibus</strong></span> 
     </span>
    </p>
   </div>
   <div class='ocr_carea' id='block_1_100' title="bbox 438 5626 2023 5697">
    <p class='ocr_par' dir='ltr' id='par_1_100' title="bbox 438 5626 2023 5697">
     <span class='ocr_line' id='line_1_100' title="bbox 438 5626 2023 5697; baseline -0.002 -16"><span class='ocrx_word' id='word_1_679' title='bbox 438 5626 721 5697; x_wconf 68' lang='lat' dir='ltr'><strong>veniama</strong></span> <span class='ocrx_word' id='word_1_680' title='bbox 758 5626 868 5681; x_wconf 89' lang='lat' dir='ltr'><strong>Deo</strong></span> <span class='ocrx_word' id='word_1_681' title='bbox 890 5626 1289 5697; x_wconf 56' lang='lat' dir='ltr'><strong>dwreeentur;</strong></span> <span class='ocrx_word' id='word_1_682' title='bbox 1322 5626 1553 5697; x_wconf 81' lang='lat' dir='ltr'><strong>adquod</strong></span> <span class='ocrx_word' id='word_1_683' title='bbox 1586 5629 1754 5681; x_wconf 88' lang='lat' dir='ltr'><strong>etiam</strong></span> <span class='ocrx_word' id='word_1_684' title='bbox 1783 5626 1909 5682; x_wconf 82' lang='lat' dir='ltr'><strong>usui</strong></span> <span class='ocrx_word' id='word_1_685' title='bbox 1936 5632 2023 5697; x_wconf 84' lang='lat' dir='ltr'><strong>est</strong></span> 
     </span>
    </p>
   </div>
   <div class='ocr_carea' id='block_1_101' title="bbox 438 5695 2022 5767">
    <p class='ocr_par' dir='ltr' id='par_1_101' title="bbox 438 5695 2022 5767">
     <span class='ocr_line' id='line_1_101' title="bbox 438 5695 2022 5767; baseline -0.001 -17"><span class='ocrx_word' id='word_1_686' title='bbox 438 5706 548 5750; x_wconf 68' lang='lat' dir='ltr'><strong>vo:</strong></span> <span class='ocrx_word' id='word_1_687' title='bbox 592 5696 872 5767; x_wconf 85' lang='grc' dir='ltr'>μετάνοια.</span> <span class='ocrx_word' id='word_1_688' title='bbox 903 5695 1047 5762; x_wconf 75' lang='lat' dir='ltr'><strong>Quid</strong></span> <span class='ocrx_word' id='word_1_689' title='bbox 1076 5712 1207 5753; x_wconf 86' lang='lat' dir='ltr'><strong>vero</strong></span> <span class='ocrx_word' id='word_1_690' title='bbox 1238 5695 1477 5753; x_wconf 79' lang='lat' dir='ltr'><strong>habeant</strong></span> <span class='ocrx_word' id='word_1_691' title='bbox 1496 5698 1590 5752; x_wconf 88' lang='lat' dir='ltr'><strong>illa</strong></span> <span class='ocrx_word' id='word_1_692' title='bbox 1615 5697 1847 5750; x_wconf 75' lang='grc' dir='ltr'>εὐκτικὰ</span> <span class='ocrx_word' id='word_1_693' title='bbox 1877 5695 2022 5767; x_wconf 66' lang='grc' dir='ltr'>ἀφέτ</span> 
     </span>
    </p>
   </div>
   <div class='ocr_carea' id='block_1_102' title="bbox 443 5765 2022 5837">
    <p class='ocr_par' dir='ltr' id='par_1_102' title="bbox 443 5765 2022 5837">
     <span class='ocr_line' id='line_1_102' title="bbox 443 5765 2022 5837; baseline 0.001 -20"><span class='ocrx_word' id='word_1_694' title='bbox 443 5765 681 5837; x_wconf 15' lang='grc' dir='ltr'>σιμαήὶη</span> <span class='ocrx_word' id='word_1_695' title='bbox 729 5767 1125 5837; x_wconf 86' lang='lat' dir='ltr'><strong>euchologieis,</strong></span> <span class='ocrx_word' id='word_1_696' title='bbox 1168 5783 1370 5822; x_wconf 84' lang='lat' dir='ltr'><strong>numve</strong></span> <span class='ocrx_word' id='word_1_697' title='bbox 1425 5783 1488 5822; x_wconf 90' lang='lat' dir='ltr'><strong>ea</strong></span> <span class='ocrx_word' id='word_1_698' title='bbox 1508 5769 1620 5823; x_wconf 87' lang='lat' dir='ltr'><strong>sint</strong></span> <span class='ocrx_word' id='word_1_699' title='bbox 1657 5767 1859 5836; x_wconf 79' lang='lat' dir='ltr'><strong>quibus</strong></span> <span class='ocrx_word' id='word_1_700' title='bbox 1877 5765 2022 5837; x_wconf 84' lang='lat' dir='ltr'><strong>apud</strong></span> 
     </span>
    </p>
   </div>
   <div class='ocr_carea' id='block_1_103' title="bbox 442 5836 2022 5907">
    <p class='ocr_par' dir='ltr' id='par_1_103' title="bbox 442 5836 2022 5907">
     <span class='ocr_line' id='line_1_103' title="bbox 442 5836 2022 5907; baseline -0.001 -18"><span class='ocrx_word' id='word_1_701' title='bbox 442 5836 663 5907; x_wconf 60' lang='grc' dir='ltr'>(ἑτερου</span> <span class='ocrx_word' id='word_1_702' title='bbox 687 5836 1094 5893; x_wconf 77' lang='lat' dir='ltr'><strong>sacramentum</strong></span> <span class='ocrx_word' id='word_1_703' title='bbox 1129 5840 1462 5907; x_wconf 69' lang='lat' dir='ltr'><strong>pientitcutiae</strong></span> <span class='ocrx_word' id='word_1_704' title='bbox 1488 5837 1814 5894; x_wconf 87' lang='lat' dir='ltr'><strong>sacerdotali</strong></span> <span class='ocrx_word' id='word_1_705' title='bbox 1846 5836 2022 5890; x_wconf 77' lang='lat' dir='ltr'><strong>oliicio</strong></span> 
     </span>
    </p>
   </div>
   <div class='ocr_carea' id='block_1_104' title="bbox 444 5906 2024 5980">
    <p class='ocr_par' dir='ltr' id='par_1_104' title="bbox 444 5906 2024 5980">
     <span class='ocr_line' id='line_1_104' title="bbox 444 5906 2024 5980; baseline -0.002 -18"><span class='ocrx_word' id='word_1_706' title='bbox 444 5906 821 5978; x_wconf 73' lang='lat' dir='ltr'><strong>dispensatur,</strong></span> <span class='ocrx_word' id='word_1_707' title='bbox 852 5923 919 5964; x_wconf 84' lang='lat' dir='ltr'><strong>an</strong></span> <span class='ocrx_word' id='word_1_708' title='bbox 953 5909 1057 5964; x_wconf 82' lang='lat' dir='ltr'><strong>alia</strong></span> <span class='ocrx_word' id='word_1_709' title='bbox 1080 5906 1298 5966; x_wconf 67' lang='lat' dir='ltr'><strong>chtcut</strong></span> <span class='ocrx_word' id='word_1_710' title='bbox 1349 5925 1516 5980; x_wconf 79' lang='lat' dir='ltr'><strong>penes</strong></span> <span class='ocrx_word' id='word_1_711' title='bbox 1560 5906 1931 5980; x_wconf 77' lang='grc' dir='ltr'>πνευματικὸς</span> <span class='ocrx_word' id='word_1_712' title='bbox 1969 5914 2024 5962; x_wconf 87' lang='lat' dir='ltr'><strong>ct</strong></span> 
     </span>
    </p>
   </div>
   <div class='ocr_carea' id='block_1_105' title="bbox 2119 5248 3686 5332">
    <p class='ocr_par' dir='ltr' id='par_1_105' title="bbox 2119 5248 3686 5332">
     <span class='ocr_line' id='line_1_105' title="bbox 2119 5248 3686 5332; baseline -0.016 -3"><span class='ocrx_word' id='word_1_713' title='bbox 2119 5267 2567 5329; x_wconf 82' lang='lat' dir='ltr'><strong>confessionibus</strong></span> <span class='ocrx_word' id='word_1_714' title='bbox 2589 5262 2879 5321; x_wconf 88' lang='lat' dir='ltr'><strong>audiendis</strong></span> <span class='ocrx_word' id='word_1_715' title='bbox 2897 5259 3209 5332; x_wconf 65' lang='lat' dir='ltr'><strong>prmi‘ectos</strong></span> <span class='ocrx_word' id='word_1_716' title='bbox 3244 5248 3686 5332; x_wconf 38' lang='lat' dir='ltr'><strong>sacerdptes.‘i_l_|&#39;</strong></span> 
     </span>
    </p>
   </div>
   <div class='ocr_carea' id='block_1_106' title="bbox 2120 5322 3682 5404">
    <p class='ocr_par' dir='ltr' id='par_1_106' title="bbox 2120 5322 3682 5404">
     <span class='ocr_line' id='line_1_106' title="bbox 2120 5322 3682 5404; baseline -0.019 -5"><span class='ocrx_word' id='word_1_717' title='bbox 2120 5322 2596 5401; x_wconf 30' lang='lat' dir='ltr'><strong>dicantisviormas,</strong></span> <span class='ocrx_word' id='word_1_718' title='bbox 2629 5337 2791 5404; x_wconf 87' lang='lat' dir='ltr'><strong>eique</strong></span> <span class='ocrx_word' id='word_1_719' title='bbox 2830 5322 3006 5387; x_wconf 69' lang='lat' dir='ltr'><strong>adibis</strong></span> <span class='ocrx_word' id='word_1_720' title='bbox 3043 5343 3153 5400; x_wconf 89' lang='lat' dir='ltr'><strong>qua</strong></span> <span class='ocrx_word' id='word_1_721' title='bbox 3188 5332 3418 5404; x_wconf 52' lang='lat' dir='ltr'><strong>utuntur</strong></span> <span class='ocrx_word' id='word_1_722' title='bbox 3440 5322 3682 5404; x_wconf 40' lang='lat' dir='ltr'><strong>inﬁgi:</strong></span> 
     </span>
    </p>
   </div>
   <div class='ocr_carea' id='block_1_107' title="bbox 2123 5382 3679 5484">
    <p class='ocr_par' dir='ltr' id='par_1_107' title="bbox 2123 5382 3679 5484">
     <span class='ocr_line' id='line_1_107' title="bbox 2123 5382 3679 5484; baseline -0.015 -15"><span class='ocrx_word' id='word_1_723' title='bbox 2123 5382 3679 5484; x_wconf 29' lang='lat' dir='ltr'><strong>mento-baptismi.ididc&#39;uerit&quot;Exspectatusulgﬁigfiggg</strong></span> 
     </span>
    </p>
   </div>
   <div class='ocr_carea' id='block_1_108' title="bbox 2122 5457 3650 5552">
    <p class='ocr_par' dir='ltr' id='par_1_108' title="bbox 2122 5457 3650 5552">
     <span class='ocr_line' id='line_1_108' title="bbox 2122 5457 3650 5552; baseline -0.02 -15"><span class='ocrx_word' id='word_1_724' title='bbox 2122 5457 2915 5552; x_wconf 45' lang='lat' dir='ltr'><strong>marita.&quot;Saliis];Iaan</strong></span> <span class='ocrx_word' id='word_1_725' title='bbox 2947 5487 3062 5527; x_wconf 89' lang='lat' dir='ltr'><strong>rem</strong></span> <span class='ocrx_word' id='word_1_726' title='bbox 3081 5457 3205 5525; x_wconf 59' lang='lat' dir='ltr'><strong>&#39;non</strong></span> <span class='ocrx_word' id='word_1_727' title='bbox 3236 5457 3553 5537; x_wconf 82' lang='lat' dir='ltr'><strong>spernendis</strong></span> <span class='ocrx_word' id='word_1_728' title='bbox 3568 5462 3650 5505; x_wconf 80' lang='lat' dir='ltr'><strong>m0</strong></span> 
     </span>
    </p>
   </div>
   <div class='ocr_carea' id='block_1_109' title="bbox 2124 5542 3620 5638">
    <p class='ocr_par' dir='ltr' id='par_1_109' title="bbox 2124 5542 3620 5638">
     <span class='ocr_line' id='line_1_109' title="bbox 2124 5542 3620 5638; baseline 0 0"><span class='ocrx_word' id='word_1_729' title='bbox 2124 5542 2407 5638; x_wconf 64' lang='grc' dir='ltr'><strong>ωεξξέεηὶξ</strong></span> <span class='ocrx_word' id='word_1_730' title='bbox 2430 5542 2496 5605; x_wconf 73' lang='grc' dir='ltr'><strong>έι</strong></span> <span class='ocrx_word' id='word_1_731' title='bbox 2531 5547 2819 5638; x_wconf 61' lang='grc' dir='ltr'><strong>9οάί⁰ἓ¹³¹¹⁵</strong></span> <span class='ocrx_word' id='word_1_732' title='bbox 2839 5542 3480 5638; x_wconf 56' lang='grc' dir='ltr'><strong>Ἒῖ,¹“9⁸⁰ξξῖῗ¹ἕ¹..ἷ¹¹ἱῗ..ι.εη</strong></span> <span class='ocrx_word' id='word_1_733' title='bbox 3534 5586 3620 5638; x_wconf 78' lang='lat' dir='ltr'><strong>Vel</strong></span> 
     </span>
    </p>
   </div>
   <div class='ocr_carea' id='block_1_110' title="bbox 2202 5587 3677 5704">
    <p class='ocr_par' dir='ltr' id='par_1_110' title="bbox 2202 5587 3677 5704">
     <span class='ocr_line' id='line_1_110' title="bbox 2202 5587 3677 5704; baseline -0.032 -9"><span class='ocrx_word' id='word_1_734' title='bbox 2202 5587 3677 5704; x_wconf 53' lang='grc' dir='ltr'><strong>ὶῆῖ’ὶῖαῑεηῖξιῑένιξδιέξεῑέζῖῡδςέξωζ</strong></span> 
     </span>
    </p>
   </div>
   <div class='ocr_carea' id='block_1_111' title="bbox 2134 5670 3652 5762">
    <p class='ocr_par' dir='ltr' id='par_1_111' title="bbox 2134 5670 3652 5762">
     <span class='ocr_line' id='line_1_111' title="bbox 2134 5670 3652 5762; baseline 0.002 -3"><span class='ocrx_word' id='word_1_735' title='bbox 2134 5670 2571 5762; x_wconf 61' lang='grc' dir='ltr'><strong>σείιῖιὶὲτῐςῖίὶὰό</strong></span> <span class='ocrx_word' id='word_1_736' title='bbox 2588 5670 2752 5762; x_wconf 55' lang='grc' dir='ltr'>ὁμοίιο</span> <span class='ocrx_word' id='word_1_737' title='bbox 2794 5684 3033 5762; x_wconf 65' lang='lat' dir='ltr'><strong>ﬂesych-</strong></span> <span class='ocrx_word' id='word_1_738' title='bbox 3077 5681 3174 5745; x_wconf 67' lang='grc' dir='ltr'><strong>τὸν</strong></span> <span class='ocrx_word' id='word_1_739' title='bbox 3232 5670 3652 5762; x_wconf 50' lang='grc' dir='ltr'><strong>ηὶμψὲἓῗτῗξιξῗ</strong></span> 
     </span>
    </p>
   </div>
   <div class='ocr_carea' id='block_1_112' title="bbox 2132 5728 3671 5834">
    <p class='ocr_par' dir='ltr' id='par_1_112' title="bbox 2132 5728 3671 5834">
     <span class='ocr_line' id='line_1_112' title="bbox 2134 5728 3438 5762; baseline -0.015 1"><span class='ocrx_word' id='word_1_740' title='bbox 2134 5728 2423 5762; x_wconf 55' lang='lat' dir='ltr'><strong>“tl-&quot;ww</strong></span> <span class='ocrx_word' id='word_1_741' title='bbox 2452 5728 2562 5759; x_wconf 75' lang='grc' dir='ltr'>ιιυν</span> <span class='ocrx_word' id='word_1_742' title='bbox 2589 5728 2749 5742; x_wconf 73' lang='grc' dir='ltr'>πτνην</span> <span class='ocrx_word' id='word_1_743' title='bbox 2794 5728 3033 5755; x_wconf 64' lang='grc' dir='ltr'><strong>’ωιτν-υ</strong></span> <span class='ocrx_word' id='word_1_744' title='bbox 3089 5728 3133 5734; x_wconf 80' lang='grc'><strong>--</strong></span> <span class='ocrx_word' id='word_1_745' title='bbox 3160 5728 3174 5745; x_wconf 81' lang='grc' dir='ltr'>ι</span> <span class='ocrx_word' id='word_1_746' title='bbox 3234 5728 3319 5760; x_wconf 55' lang='grc' dir='ltr'><strong>-ῖνς</strong></span> <span class='ocrx_word' id='word_1_747' title='bbox 3351 5728 3363 5744; x_wconf 78' lang='grc' dir='ltr'><strong><em>ο</em></strong></span> <span class='ocrx_word' id='word_1_748' title='bbox 3429 5743 3438 5752; x_wconf 81' lang='grc'><strong>,</strong></span> 
     </span>
     <span class='ocr_line' id='line_1_113' title="bbox 2132 5728 3671 5834; baseline -0.019 -16"><span class='ocrx_word' id='word_1_749' title='bbox 2132 5763 2448 5834; x_wconf 81' lang='grc' dir='ltr'>σεμνύεται.</span> <span class='ocrx_word' id='word_1_750' title='bbox 2477 5759 2659 5816; x_wconf 87' lang='lat' dir='ltr'><strong>Sumit</strong></span> <span class='ocrx_word' id='word_1_751' title='bbox 2704 5759 2909 5830; x_wconf 85' lang='lat' dir='ltr'><strong>passim</strong></span> <span class='ocrx_word' id='word_1_752' title='bbox 2956 5768 3054 5825; x_wconf 87' lang='lat' dir='ltr'><strong>pro</strong></span> <span class='ocrx_word' id='word_1_753' title='bbox 3089 5749 3491 5822; x_wconf 69' lang='lat' dir='ltr'><strong>magniﬁcentia,</strong></span> <span class='ocrx_word' id='word_1_754' title='bbox 3515 5728 3671 5800; x_wconf 73' lang='grc' dir='ltr'><strong>δριοη·</strong></span> 
     </span>
    </p>
   </div>
   <div class='ocr_carea' id='block_1_113' title="bbox 2130 5836 2412 5901">
    <p class='ocr_par' dir='ltr' id='par_1_113' title="bbox 2130 5836 2412 5901">
     <span class='ocr_line' id='line_1_114' title="bbox 2130 5836 2412 5901; baseline 0 -13"><span class='ocrx_word' id='word_1_755' title='bbox 2130 5836 2280 5901; x_wconf 83' lang='lat' dir='ltr'><strong>dore,</strong></span> <span class='ocrx_word' id='word_1_756' title='bbox 2303 5844 2412 5889; x_wconf 82' lang='lat' dir='ltr'><strong>etc.</strong></span> 
     </span>
    </p>
   </div>
  </div>
