3950 6494
289 516 427 582 1217
460 554 461 557 η

1597 524 1682 588 IN
1722 524 1782 584 s.
1826 524 2239 612 PATAPIUM.

3405 532 3542 603 1218

287 646 452 702 συμαι
505 634 602 686 καὶ
655 633 912 706 πατρίδος
964 632 1369 705 ἐπιμνησθῆναι
1400 633 1501 704 τῆς
1544 634 1715 699 κάτω,
1769 633 1849 688 τὰς

1969 642 2247 703 astruant,
2297 634 2543 692 conabor
2594 637 2761 693 etiam
2811 644 3050 696 terrenae
3105 639 3297 713 patriae
3346 648 3544 708 memi-

284 723 513 776 ὲκείνων
558 725 798 803 ἀναιρῶν
828 726 1190 789 ὲθελοκάκους
1215 725 1563 796 ἐρεσχελίας.
1593 726 1867 796 Ἐπιμεμ-

281 813 470 884 φέσθω
503 815 560 868 δέ
595 833 680 881 τις
710 817 922 882 τούτοις
962 817 1249 890 μηδαμῶς·
1275 816 1544 870 σκοπείτω
1569 818 1628 871 δὲ
1668 816 1867 888 μᾶλλον

276 911 395 972 πᾶς
432 910 585 973 ὅστις
642 910 701 963 ὲν
743 909 873 980 ὑμῖν
906 912 1202 982 φιλοῒστωρ
1237 909 1564 980 καθέστηκε,
1603 909 1699 963 καὶ
1746 908 1867 963 λίαν

272 1000 554 1072 εὐκρινῶς
585 1002 878 1056 ὲπιστείτω
909 1003 950 1034 ¹¹
997 1006 1066 1075 τῇ
1115 1003 1326 1074 διανοίᾳ
1377 1003 1487 1055 τῶν
1532 1001 1862 1071 λεγομένων.

268 1090 667 1161 Σπουδάσομαι
687 1093 817 1164 γάρ,
836 1093 937 1162 ὅση
958 1092 1209 1165 δύναμις,
1229 1095 1386 1164 δίκην
1411 1093 1564 1155 τινος,
1579 1091 1863 1163 διαλλήλου

264 1181 503 1247 δείξεώς
531 1199 595 1236 τε
637 1184 732 1236 καὶ
777 1183 1128 1248 ἀντιθέσεως,
1174 1185 1359 1253 διττὴν
1402 1183 1569 1238 αὑτοῦ
1608 1184 1707 1254 τήν
1753 1200 1862 1236 πα-

268 1273 462 1345 τρίδα,
494 1276 607 1338 τοῖς
641 1275 955 1343 φιλοκάλοις
1003 1276 1133 1345 ὑμῖν
1167 1276 1468 1340 ὑποδεῖξαι·
1518 1276 1617 1345 τὴν
1670 1275 1768 1346 μὲν
1798 1277 1862 1329 ὲκ

264 1365 406 1434 γῆς,
439 1367 535 1418 καὶ
564 1369 647 1429 είς
674 1366 781 1435 γῆν
806 1369 906 1436 τὴν
936 1368 1153 1435 γένεσιν
1179 1370 1273 1421 καὶ
1301 1368 1398 1438 τὴν
1434 1366 1679 1422 διάλυσιν
1709 1367 1863 1437 ἔχου-

272 1472 403 1509 σαν·
430 1456 530 1527 τὴν
554 1457 635 1522 δὲ,
668 1456 727 1523 ἐξ
756 1458 1013 1530 οὐρανοῦ.
1051 1458 1148 1512 καὶ
1175 1459 1414 1524 αἰώνιον,
1452 1458 1547 1512 καὶ
1575 1458 1727 1522 τέλος
1758 1460 1859 1513 οὐκ

262 1544 526 1617 ἔχουσαν.
560 1542 662 1599 Ὧν
695 1548 794 1617 τὴν
828 1550 910 1611 είς
947 1548 1010 1602 τὸ
1055 1553 1304 1621 κρεῖττον
1338 1549 1620 1620 ὲκνίκησιν
1661 1553 1724 1603 ἐκ
1757 1567 1858 1603 πε-

264 1639 523 1707 ριουσίας
564 1636 780 1708 θατέρῳ
825 1639 1181 1709 προσάψομεν
1228 1639 1338 1693 τῶν
1370 1640 1576 1712 μερῶν.
1618 1641 1694 1694 Οὐ
1749 1641 1856 1712 γὰρ

269 1730 564 1785 ἰσοστάσια
595 1730 789 1795 ταῦτα,
828 1734 948 1786 οὐδὲ
973 1734 1215 1803 ὁμότιμα
1256 1734 1399 1802 μετὰ
1426 1734 1525 1804 τὴν
1548 1733 1726 1800 ἀξίανο
1771 1735 1855 1788 ὅτι

269 1822 417 1891 μηδὲ
459 1822 561 1892 τῆς
597 1823 770 1894 αὐτῆς
804 1825 1090 1895 ἐνεργείας
1125 1824 1221 1878 καὶ
1253 1826 1497 1896 χάριτος.
1544 1823 1671 1878 Ἐπὶ
1701 1824 1758 1879 δὲ
1791 1825 1854 1879 τὸ

266 1912 641 1983 ’προκείμενον
668 1913 1078 1985 ἐπανέλθωμεν.

1970 724 2146 787 nisse,
2179 737 2288 791 quo
2336 724 2581 792 maligna
2621 740 2815 781 eorum
2866 726 3207 786 irritamenta
3259 748 3544 805 nugaeque

1966 815 2274 869 destruam.
2311 814 2389 870 Ne
2422 817 2547 886 quis
2597 833 2731 873 vero
2772 819 2876 874 ista
2909 823 3349 892 vituperaverit:
3381 827 3541 897 cogi-

1966 914 2043 961 tet
2072 920 2226 971 vero,
2258 907 2307 961 si
2355 908 2479 976 quis
2509 909 2657 963 inter
2701 922 2800 964 vos
2846 911 3097 968 discendi
3145 915 3385 984 cupidus
3430 924 3540 981 est,

1965 1014 2301 1068 sensumque
2346 1001 2708 1056 dicendorum
2743 1010 2858 1057 tota
2896 1004 3237 1065 discretione
3294 1011 3540 1065 animum
3639 1052 3651 1071 ,

1965 1092 2237 1146 intendat.
2284 1092 2543 1147 Conabor
2587 1095 2757 1162 enim,
2810 1106 3016 1166 quanta
3070 1098 3235 1157 fuerit
3278 1101 3538 1168 facultas,

1963 1196 2063 1237 ceu
2085 1198 2150 1236 ex
2175 1182 2413 1238 adverso
2447 1186 2855 1250 contendendo,
2889 1201 2954 1241 ac
2979 1190 3230 1258 opposita
3253 1206 3541 1262 compara«

1961 1278 2136 1341 tione,
2201 1275 2477 1344 duplicem
2556 1276 2680 1345 ejus
2746 1278 2979 1346 patriam
3050 1281 3316 1339 studiosis
3379 1283 3540 1339 vobis

1962 1366 2300 1422 ostendere:
2336 1367 2569 1420 alteram
2607 1368 2828 1436 quidem
2882 1369 3045 1438 cujus
3103 1380 3260 1428 ortus
3305 1387 3337 1427 ο
3389 1381 3539 1428 terra

1961 1456 2057 1519 sit,
2078 1454 2558 1525 dissolutioquein
2588 1464 2790 1511 terram
2813 1474 2828 1523 ;
2851 1459 3079 1513 alteram
3110 1468 3289 1516 autem
3311 1476 3341 1517 e
3369 1463 3535 1528 ccelo,

1958 1555 2331 1617 aeternamque
2360 1563 2424 1601 ac
2451 1548 2856 1616 immortalem;
2890 1550 3119 1607 alterius
3174 1567 3395 1623 quoque
3425 1569 3539 1622 prae

1959 1638 2133 1694 altera
2166 1639 2218 1692 in
2255 1638 2452 1692 melius
2480 1626 2739 1705 victoria,
2796 1641 2938 1711 parti
2996 1642 3177 1708 alteri,
3229 1658 3296 1697 ex
3352 1644 3537 1698 abun-

1956 1729 2108 1784 danti
2147 1744 2380 1785 annexa.
2408 1730 2530 1786 Non
2563 1731 2708 1784 enim
2741 1732 2989 1801 ejusdem
3023 1744 3153 1787 sunt
3183 1733 3417 1790 rationis
3441 1743 3538 1789 aut

1957 1822 2152 1892 a'quali
2183 1821 2474 1892 dignitate,
2502 1823 2727 1892 quando
2759 1839 2860 1878 nec
2886 1824 3034 1892 paris
3052 1823 3311 1880 ellicaciaa
3337 1838 3397 1878 ac
3412 1839 3540 1897 gra-

1958 1913 2079 1967 tiae;
2106 1911 2311 1967 Verum
2338 1921 2681 1967 revertamur
2716 1914 2783 1967 ad
2815 1915 3178 1984 propositum.

344 1981 550 2055 Τοῦτον
571 2003 754 2057 τοίνυν
785 2004 879 2057 τὸν
919 1981 976 2058 ἐν
1002 2005 1180 2072 ἁγίοις
1213 2005 1516 2070 Πατάπιον,
1550 2005 1724 2076 Θῆϐαι
1754 2006 1849 2076 μὲν

2032 2005 2298 2059 Sanctum
2353 2019 2508 2075 ergo,
2574 2020 2741 2075 quem
2793 1981 3161 2067 celebramus.
3218 2005 3533 2077 Patapium,

264 2094 334 2147 τὸ
364 2095 506 2151 κατὰ
543 2096 725 2166 σάρκα
748 2098 1058 2150 τετόκασινσ
1081 2099 1114 2167 ἡ
1150 2096 1207 2150 δὲ
1236 2096 1391 2169 κοινὴ
1420 2097 1638 2151 πάντων
1667 2098 1853 2168 μήτηρ

264 2186 430 2256 ¹ἡμῶν
466 2188 843 2259 κολυμϐήθρα,
871 2190 934 2242 τὸ
958 2189 1235 2259 δεύτερον.
1273 2184 1394 2253 Ὦν,
1420 2190 1521 2253 τὰς
1555 2191 1654 2261 μὲν
1684 2191 1854 2258 Δίγυ-

268 2296 406 2343 πτος
441 2281 617 2351 αὐχεῖ,
645 2282 739 2334 καὶ
764 2282 957 2334 Νεῖλον
987 2281 1133 2351 ἔχειν
1166 2281 1258 2334 τὸν
1287 2284 1669 2354 καρποτρόφον
1702 2299 1854 2335 συνο-

271 2371 514 2442 μόρῤους
549 2373 641 2427 καὶ
679 2372 949 2440 γείτονας,
988 2372 1147 2437 δόξαν
1176 2390 1234 2425 τε
1274 2374 1595 2444 χαμαιπετῆ
1632 2375 1727 2426 καὶ
1754 2391 1853 2443 χα-

274 2464 563 2535 μαίζηλον·
593 2465 694 2533 τὴν
722 2465 779 2517 δὲ
812 2464 907 2517 τοῦ
947 2465 1080 2518 Θεοῦ
1129 2464 1197 2517 τὰ
1236 2464 1504 2535 βασίλεια,
1542 2466 1687 2535 ζωῆς
1715 2467 1852 2519 ἀθα-

270 2555 453 2616 νάτου,
484 2555 579 2608 καὶ
635 2554 868 2608 πλούτου
905 2556 1127 2621 παντὸς,
1172 2558 1266 2609 καὶ
1314 2556 1471 2625 δόξης
1502 2558 1850 2627 ὲμπόρευμαο

263 2645 369 2697 καὶ
399 2644 545 2715 μάλα
571 2662 634 2712 γε
685 2646 932 2708 εἰκότως.
976 2645 1040 2698 Ἦ
1091 2646 1190 2715 μὲν
1213 2646 1342 2715 γὰρ,
1373 2644 1580 2715 ταύτην
1617 2644 1854 2698 ἀπολλυ-

260 2735 440 2806 μένην
470 2736 675 2805 βρῶσιν
704 2737 989 2789 πιαίνοντα
1041 2735 1278 2789 εὐθύνει’
1330 2738 1364 2805 ή
1414 2737 1492 2801 δὲ,
1525 2737 1626 2806 τὴν
1679 2736 1853 2788 εἰσαεὶ

251 2826 695 2904 παραμένουσαν
723 2827 832 2881 τῶν
863 2827 1086 2895 ἀγαθῶν
1113 2828 1378 2899 χορηγίαν
1399 2829 1741 2900 καρποδοτεϊ.
1788 2828 1853 2881 Ἦ

261 2917 373 2985 μὲν
421 2918 638 2984 ἀδοξίας
667 2920 847 2986 δόξαν,
883 2922 977 2973 καὶ
1024 2920 1241 2991 σαρκῶν
1292 2921 1636 2989 ὑπισχνεῖται
1683 2920 1855 2990 παχύ.

256 3023 432 3077 τητα·
458 3011 491 3079 ἡ
509 3010 588 3070 δὲ,
614 3010 773 3075 δόξαν
797 3012 1169 3076 ἀνέκλειπτον,
1194 3013 1288 3065 καὶ
1314 3011 1548 3083 θεωρίαν
1583 3012 1850 3083 μυστικὴν

248 3099 689 3167 ἐπαγγέλλεται.
735 3101 800 3154 Ἡ
830 3101 950 3169 μὲν,
970 3102 1196 3173 χρυσίου
1226 3103 1320 3156 καὶ
1347 3101 1510 3155 λίθων
1541 3101 1849 3156 πολυτελῶν

247 3190 473 3256 γίνεται
521 3191 782 3262 πάροχοςο
816 3194 847 3261 ἡ
881 3192 958 3257 δὲ,
1016 3194 1125 3245 τῶν
1168 3193 1587 3267 ἡτοιμασμένων
1626 3192 1847 3260 ἀγαθῶν

244 3282 373 3340 τοῖς
410 3279 580 3345 ἀξίοις
639 3281 735 3333 τοῦ
790 3280 1131 3352 Πνεύματος,
1191 3283 1518 3337 καθίσταται
1563 3283 1841 3352 πρόξενος.
1874 3311 1917 3368 α

247 3370 377 3423 Καὶ
407 3370 459 3422 τί
499 3372 579 3424 δεῖ
612 3373 1005 3443 μακρολογεῐν;
1051 3374 1351 3443 Αἴγυπτος,
1406 3377 1439 3445 ἡ
1479 3374 1577 3445 μὲν
1611 3374 1848 3445 ὑπάρχει

246 3462 358 3514 καὶ
389 3462 630 3528 λέγεται·
663 3465 696 3533 ἡ
722 3463 798 3527 δὲ,
836 3464 1197 3537 κολυμϐήθρα
1223 3467 1342 3518 ἐστὶ
1373 3467 1471 3520 καί⁹
1491 3465 1842 3537 ὀνομάζεται.

266 3552 413 3605 Ἀλλ’
446 3554 652 3624 ἐκείνη,
684 3556 912 3619 σκότους
939 3559 1034 3610 καὶ
1059 3557 1224 3626 ζόφου
1255 3559 1570 3629 γεννὴτριαο
1599 3556 1737 3628 αὕτη
1765 3558 1843 3621 δὲ,

248 3645 443 3708 φωτὸς
461 3645 626 3698 ἀηΰλου
649 3645 962 3717 λοχεύτρια.
995 3648 1213 3718 Ἐκείνη
1240 3650 1599 3717 πταισμάτων
1622 3647 1844 3718 τροφὸς,

248 3734 401 3805 αὕτη
435 3736 821 3804 δικαιωμάτων
844 3741 1106 3810 χορηγός⁹
1153 3740 1337 3810 ἐκείνη
1367 3738 1601 3793 θανάτου
1629 3740 1843 3810 ὁδηγὸς,

250 3825 399 3895 αὕτη
453 3827 598 3898 ζωῆς
640 3828 914 3882 ἀθανάτου
963 3830 1327 3901 χειραγωγός.
1381 3830 1595 3902 Ἐκείνη
1655 3830 1845 3885 παθῶν

249 3917 618 3988 δημιουργὸς,
678 3918 818 3989 αὕτη
871 3920 1142 3984 ἀπαθείας
1200 3921 1573 3990 παιδαγωγός.
1628 3921 1842 3992 Ἐκείνη

247 4006 438 4077 λύπης
476 4011 701 4081 χωρίον,
737 4010 877 4082 αὕτη
907 4014 1083 4084 χαρᾶς
1105 4017 1375 4083 ταμιεῖον.
1392 4014 1607 4083 Ἐκείνη
1646 4014 1845 4078 κακίας

247 4101 532 4153 σκοτεινὸν
556 4103 895 4174 οἰκητήριον,
931 4102 1075 4174 αὕτη
1104 4104 1365 4172 φωτεινὸν
1384 4105 1587 4175 ἀρετῆς
1620 4107 1843 4178 οἰκητή-

250 4205 396 4260 ριον.
442 4190 530 4257 Ἐξ
559 4192 775 4264 ἐκείνης
811 4189 926 4258 οὖν,
962 4194 1040 4258 ὡς
1068 4193 1302 4264 ἔφαμεν,
1332 4196 1360 4247 ὁ
1392 4198 1661 4267 μακάριος
1682 4191 1840 4261 οὗτος

248 4280 322 4333 τὸ
365 4282 508 4339 κατὰ
560 4284 743 4355 σάρκα
781 4286 1072 4356 κατήγετο·
1107 4289 1174 4340 ὲκ
1233 4287 1290 4341 δὲ
1341 4288 1546 4359 ταύτης
1591 4288 1653 4342 τὸ
1696 4289 1839 4344 κατὰ

250 4371 479 4443 ςτνεῦμα
514 4379 903 4445 πνευματικῶς
923 4382 1056 4452 ἔχρη
1067 4384 1316 4453 μάτισεν.

1956 2096 2103 2168 quod
2141 2095 2363 2166 quidem
2399 2103 2616 2166 spectat
2669 2096 2737 2150 ad
2802 2112 3027 2151 carnem
3082 2095 3283 2152 Thebae
3331 2112 3536 2168 genue-

1955 2198 2085 2244 runt
2118 2187 2261 2257 (82);
2300 2186 2446 2255 quod
2484 2195 2667 2241 autem
2717 2187 2784 2240 ad
2815 2187 3114 2242 secundam
3159 2188 3307 2242 illam
3339 2188 3538 2243 nativi-

1955 2286 2143 2341 tatem,
2171 2276 2367 2345 genuit
2397 2275 2635 2345 piscina,
2667 2278 2980 2332 communis
3005 2278 3249 2332 omnium
3280 2287 3533 2333 nostrum

1955 2376 2152 2420 mater.
2192 2367 2320 2420 Illas
2352 2367 2573 2436 quidem
2598 2366 2706 2420 Nili
2733 2368 2955 2437 frugum
2990 2369 3190 2423 altoris
3221 2369 3537 2426 conﬂuente

1955 2457 2161 2511 habere
2193 2457 2464 2525 gloriatur
2511 2456 2783 2529 Egyptus
2806 2500 2822 2525 ,
2856 2459 3020 2529 eique
3049 2460 3282 2521 vicinas,
3337 2462 3530 2515 humili

1954 2549 2146 2617 utique
2179 2548 2360 2617 gloria
2407 2547 2744 2618 abiectaque
2774 2567 2789 2603 :
2816 2550 2959 2604 hanc
2985 2559 3186 2614 autem,
3219 2551 3347 2606 caeli
3383 2553 3531 2623 regia

1954 2637 2291 2708 gratulatur,
2341 2634 2675 2692 immortalis
2705 2638 2865 2707 plane
2909 2639 3054 2703 vitm,
3103 2638 3539 2709 divitiarumque

1953 2731 2201 2783 omnium
2231 2737 2287 2782 et
2326 2729 2539 2799 gloriae,
2582 2739 2975 2783 mercaturam.
3013 2731 3093 2784 Ac
3132 2744 3289 2785 sane.
3323 2730 3535 2800 Quippe

1954 2820 2047 2874 illa
2079 2829 2223 2874 recta
2250 2819 2454 2875 ﬂumen
2498 2821 2552 2874 in
2588 2835 2741 2875 mare
2775 2821 2904 2891 agit,
2937 2821 3086 2890 quod
3120 2822 3328 2876 hancce
3348 2836 3533 2877 escam

1952 2911 2366 2979 corruptibilem
2400 2911 2841 2981 impinguaverit'
2870 2930 2884 2965 :
2923 2914 3038 2966 haec
3078 2921 3285 2978 autem,
3320 2912 3376 2966 in
3408 2928 3534 2981 per-

1951 3010 2175 3072 petuum
2212 3011 2530 3058 manentem
2563 3005 2835 3058 bonorum
2867 3004 3080 3074 copiam
3114 3004 3299 3058 fructu
3332 3019 3532 3074 sugge-

1951 3095 2047 3151 rit.
2090 3096 2212 3159 Illa,
2244 3096 2561 3166 ignominiaa
2590 3096 2861 3166 gloriam,
2895 3097 3255 3165 carniumque
3293 3095 3535 3150 obesita-

1952 3193 2097 3254 tem;
2161 3188 2300 3252 haec,
2335 3188 2566 3257 gloriam
2629 3187 3063 3241 indefectihilem
3120 3203 3186 3241 ac
3241 3187 3528 3257 mysticam

1950 3280 2474 3350 contemplationem
2508 3279 2802 3350 promittit.
2836 3278 3050 3333 Praebet
3095 3280 3186 3333 illa
3235 3294 3429 3333 aurum
3465 3291 3532 3332 ac

1947 3371 2158 3441 lapides
2203 3372 2504 3441 pretiosos;
2556 3371 2674 3426 hzec
2734 3371 2918 3432 bona,
2969 3372 3038 3424 iis
3085 3371 3177 3439 qui
3211 3378 3341 3423 sunt
3379 3367 3530 3438 digni

1949 3462 2156 3533 Spiritu
2185 3471 2523 3532 praeparata,
2554 3462 2842 3517 conciliat.
2875 3462 3017 3528 Quid
3055 3476 3188 3519 vero
3221 3476 3361 3529 opus
3397 3473 3531 3528 pro-

1944 3553 2117 3609 lixum
2159 3553 2322 3610 esse?
2373 3554 2492 3619 llla,
2538 3563 2594 3609 et
2644 3563 2729 3608 est
2783 3553 3090 3624 Egyptus,
3141 3551 3532 3623 Egyptusque

1945 3655 2335 3715 nuncupatur;
2377 3646 2491 3701 haec
2540 3654 2749 3713 autem,
2785 3655 2840 3702 et
2866 3657 2957 3704 cst
2988 3647 3225 3716 piscina,
3250 3653 3303 3699 et
3329 3659 3529 3699 nomen

1945 3739 2175 3810 piscinae
2197 3738 2397 3803 habet;
2431 3755 2622 3792 verum
2656 3739 2775 3803 illa,
2827 3739 3086 3793 tenebras
3133 3738 3306 3806 gignit
3343 3746 3399 3790 et
3433 3749 3529 3789 ea-

1945 3832 2196 3903 ligiuem,
2242 3830 2357 3885 haec
2387 3831 2530 3899 parit
2578 3830 3009 3886 immateriatum
3065 3830 3268 3882 lumen.
3308 3827 3406 3882 Est
3436 3826 3528 3880 illa

1944 3932 2299 3994 peccatorum
2335 3923 2537 3989 altrix;
2575 3923 2712 3987 hare,
2743 3921 3207 3993 justiticationum
3234 3917 3528 3990 largitrix:

1943 4016 2057 4080 illa,
2086 4014 2195 4070 dux
2232 4015 2333 4069 viae
2374 4015 2604 4080 mortis;
2659 4014 2796 4079 haec,
2835 4013 2900 4067 ad
2950 4011 3313 4067 immortalem
3362 4009 3528 4063 vitam
3581 4030 3588 4045 ι

1942 4105 2265 4160 manuducit
2288 4124 2301 4159 :
2325 4106 2438 4169 illa,
2473 4106 2731 4159 vitiorum
2766 4102 3001 4172 artifex;
3034 4103 3148 4157 lunc
3178 4100 3467 4156 vacuitatis
3499 4114 3530 4151 a

1946 4197 2101 4253 vitiis
2130 4196 2347 4251 doctrix
2386 4214 2400 4251 :
2442 4197 2576 4262 illa,
2631 4195 2874 4251 tristitiae
2928 4196 3118 4266 regio;
3172 4195 3287 4248 haec
3343 4191 3530 4263 gaudii

1946 4304 2142 4360 penu:
2178 4289 2298 4353 illa,
2366 4288 2723 4343 tenebrosum
2782 4288 3080 4353 vitiorum;
3128 4286 3261 4349 haec,
3309 4283 3531 4336 virtutis

1946 4381 2284 4435 luminosum
2345 4379 2714 4434 domicilium.
2753 4379 2836 4433 Ex
2892 4380 2993 4434 illa
3020 4393 3176 4449 ergo,
3223 4383 3284 4431 ut
3314 4373 3530 4445 praelati

253 4481 476 4532 sumus,
524 4471 609 4525 vir
656 4474 746 4528 hic
780 4475 976 4533 beatus
1003 4515 1020 4542 ,
1057 4478 1201 4547 quod
1243 4486 1458 4547 spectat
1491 4476 1557 4533 ad
1586 4492 1833 4541 carnem,
1872 4476 2202 4539 descendit;
2235 4492 2303 4532 ex
2338 4476 2442 4531 hac
2470 4485 2656 4531 autem
2680 4516 2695 4542 ,
2743 4476 2891 4545 quod
2960 4483 3176 4546 spectat
3245 4471 3315 4527 ad
3364 4470 3532 4540 spiri-

249 4571 394 4623 tum,
427 4562 663 4632 spiritali
690 4568 906 4622 ratione
937 4580 1119 4623 ortum
1153 4571 1339 4624 trahit.

335 4655 491 4709 Ἐπεὶ
514 4656 571 4709 δὲ
587 4658 755 4713 ταῦτα
778 4661 959 4726 καλῶς
983 4662 1124 4733 ἔχειν
1148 4664 1295 4718 δοκεῖ
1320 4682 1429 4734 μοι,
1461 4664 1573 4735 ὁρῶ
1599 4664 1656 4718 δέ
1681 4682 1832 4728 τινας

2010 4660 2124 4716 Etsi
2155 4671 2288 4713 vero
2317 4657 2434 4712 hanc
2478 4656 2556 4710 ita
2590 4656 2729 4711 bene
2775 4655 2978 4709 habere
3005 4652 3333 4717 videantur,
3367 4648 3534 4703 video
3588 4645 3596 4653 ’

241 4744 364 4799 τῶν
388 4747 519 4818 περὶ
551 4748 621 4801 τὰ
650 4751 896 4822 παρόντα
932 4753 1328 4824 ἐπτοημένους,
1373 4755 1447 4826 μὴ
1484 4754 1603 4807 λίαν
1631 4756 1830 4824 ἐπιμε-

242 4836 360 4901 λῶς
391 4838 501 4891 τῶν
524 4826 836 4910 λεγομένων
866 4843 1186 4911 ἀκούοντας,
1222 4846 1347 4898 ἐπεὶ
1379 4845 1545 4917 μηδὲν
1566 4847 1698 4915 περὶ
1728 4863 1835 4898 πα-

241 4924 459 5001 τρίδοςί
486 4930 582 4986 τοῦ
613 4935 885 5006 μακαρίου
928 4937 1137 5007 κομψὸν
1171 4938 1204 5008 ἢ
1231 4938 1472 5007 σοφῶδες
1507 4938 1829 5008 εἰρήκαμεν.

242 5020 475 5075 dulcia:
500 5024 572 5092 γά
582 5041 613 5095 ρ
637 5027 688 5078 oi
717 5025 972 5094 φιλόζωοι
1000 5030 1114 5091 τοῖς
1142 5028 1251 5082 τῶν
1284 5029 1458 5097 λόγων
1498 5030 1835 5096 σοφιστικοῖς

242 5110 662 5186 λαρυγγίσμασι
692 5118 792 5187 τὴν
824 5118 992 5190 ἀκοὴν
1030 5119 1474 5185 καταυλίζεσθαι,
1509 5116 1591 5185 οἷς
1631 5121 1725 5174 καὶ
1765 5122 1835 5174 τά

249 5204 497 5274 μουσικά
530 5205 641 5261 τῶν
669 5209 975 5280 ἐσπερινῶν
1000 5208 1401 5281 βακχευμάτων
1438 5212 1689 5280 παίγνια,
1738 5212 1834 5269 καὶ

1939 4752 2305 4807 nihilominus
2355 4750 2599 4819 aliquos,
2653 4749 2771 4817 qui,
2802 4746 2972 4801 rebus
3020 4747 3205 4802 δίρρυιί
3243 4743 3531 4799 desiderio

1941 4843 2147 4907 allecti,
2172 4858 2287 4897 non
2324 4841 2567 4897 libenter
2596 4838 2890 4894 admodum
2923 4838 3176 4901 audiant,
3206 4836 3354 4906 quod
3390 4833 3530 4889 nihil

1942 4933 2294 5005 magnificum
2349 4932 2624 4989 scitumve
2668 4930 2738 4984 de
2769 4929 2913 4983 beati
2948 4929 3053 4982 viri
3106 4928 3287 4996 patria
3323 4924 3528 4981 dixeri-

1943 5040 2091 5080 mus.
2120 5025 2323 5079 Amant
2374 5024 2524 5079 enim
2556 5024 2649 5092 qui
2685 5022 2807 5075 vitae
2839 5021 3146 5076 commodis
3196 5020 3325 5089 plus
3360 5031 3526 5085 aequo

1943 5117 2191 5178 student,
2226 5123 2289 5169 ut
2357 5115 2668 5185 sophistica;
2699 5114 2932 5183 argutiae
2977 5127 3041 5167 ac
3081 5128 3181 5166 ceu
3206 5109 3524 5166 crocitatio-

1943 5224 2043 5263 nes
2100 5221 2265 5263 aures
2326 5207 2626 5276 obsepiaut
2678 5204 3147 5275 obtundantque:
3210 5201 3413 5274 quibus
3468 5206 3521 5253 et

1504 5379 1734 5438 \‘ARUE
1781 5378 2188 5439 LECTIONES.

323 5475 365 5509 “
400 5475 488 5530 τσ.
517 5474 813 5547 ὲπίστητω.

3542 5441 3557 5613 ξ

1165 5680 1170 5685 .
1499 5621 1895 5678 COMBEFISH
1928 5621 2162 5681 ΝΟΤᾹΞ.

320 5718 434 5789 (82)
462 5718 655 5789 Thebaa
701 5722 1039 5789 θεηιιεζιιηε..
1083 5712 1367 5789 Scripsere
1428 5715 1614 5789 plures
1663 5713 1730 5767 de
1753 5728 1828 5789 ea
1935 5715 2151 5789 exteris
2183 5711 2455 5769 illustrior
2481 5713 2800 5789 :Atdcnolw
2838 5711 3392 5789 LXXLEzechaxxx,
3422 5709 3515 5766 ubi

243 5783 599 5858 urbe,'quam
624 5783 813 5858 Steph.
849 5783 1256 5858 Ἑκατόμπυλον
1286 5792 1499 5858 vocat._
1490 5784 1595 5836 Sed
1625 5790 1680 5858 et
1712 5785 1831 5853 plu-

244 5878 337 5919 res
359 5852 582 5914 luerunt
607 5852 798 5913 eodem
826 5852 1085 5918 nomine;
1105 5854 1197 5907 illa
1223 5864 1404 5924 tamen
1434 5852 1677 5924 Egypti,
1705 5852 1831 5924 qua:

244 5940 302 5992 et
323 5930 612 5993 Διόσπολις
667 5926 903 5984 Eusebio
936 5932 1007 6000 ct‘
1038 5924 1323 5992 Straboni,
1358 5921 1591 5994 Patap'ii
1620 5922 1820 5993 patria,

1935 5786 2104 5842 Hebr.
2180 5796 2263 5839 est
2322 5792 2426 5845 un,
2504 5782 2871 5854 Hieronymus
2923 5779 3515 5854 'Alexanidriamuex-

1938 5856 2271 5926 ponit;aliis
2298 5854 2532 5923 interpr.
2568 5848 2940 5910 retinentibus
2973 5852 3305 5912 llelvraicum
3332 5848 3443 5905 No.
