3950 6488
528 454 665 524 1219

1712 457 1774 519 S.
1811 455 2141 517 ANDRE/E
2178 455 2602 518 CRETENSIS

3663 450 3764 515 me

523 565 919 624 bacchantium
978 563 1199 635 vesperi
1253 561 1469 619 ludicra
1538 563 1788 630 musica,
1848 563 2103 635 fastuque

2220 566 2273 620 τὰ
2327 565 2534 638 σοϐαρά
2564 565 2674 620 τῶν
2709 566 2804 620 ἐπὶ
2850 569 3024 639 σκηνῇ
3057 566 3416 638 ἀθυρμάτων
3465 564 3770 639 lavdem",

524 660 690 731 plena
750 658 1104 715 scenicorum
1167 655 1423 712 ludorum
1470 654 1731 719 verbula,
1794 654 2097 709 maximum

426 780 427 783 η
460 816 465 825 Δ
524 749 808 821 quidpiam
837 748 1149 813 videantur,
1182 761 1247 801 ac
1276 747 1440 817 plane
1466 747 1606 802 utile
1635 765 1649 801 :
1682 747 1911 811 idcirco,
1932 747 2104 802 hucce

524 840 799 897 sermonis
830 848 1152 909 provectus,
1181 854 1365 909 operae
1410 840 1647 909 pretium
1677 849 1739 893 ut
1768 853 1940 910 pauca
1957 855 2106 910 quae-

472 935 477 1007 ξ
525 933 650 987 dam
685 931 1005 987 accuratius
1035 930 1104 986 de
1140 929 1380 1000 [Egypto
1432 930 1763 995 edisseram,
1798 930 1944 1000 quod
1986 945 2106 984 ma-

524 1025 672 1080 xime
706 1038 821 1078 non
847 1022 1033 1078 desint
1072 1021 1285 1075 cordati
1318 1022 1623 1089 auditores,
1655 1031 1709 1076 et
1736 1021 1829 1090 qui
1861 1022 2108 1077 studium

526 1118 691 1172 rebus
733 1114 1021 1184 praeclaris
1054 1123 1286 1184 ponant,
1309 1121 1496 1168 vestra
1528 1114 1791 1169 nimirum
1824 1113 2051 1170 dilectio
2086 1132 2101 1170 :

525 1214 587 1260 ut
616 1221 797 1276 neque
821 1204 1568 1267 habeamusnecessum,vel
1593 1203 1714 1257 illos
1747 1203 2106 1269 contristare,

523 1296 612 1350 vel
638 1311 738 1351 vos
763 1295 1035 1365 decipere.
1056 1294 1271 1364 Quippe
1295 1294 1530 1348 alterum
1558 1294 1941 1355 inhumanum,
1974 1295 2111 1350 alte-

526 1401 650 1440 rum
686 1388 914 1443 stultum
957 1395 1064 1441 est.
1117 1384 1321 1441 Omnes
1355 1386 1525 1451 enim,
1571 1400 1820 1456 prmsens
1852 1385 1944 1439 hic
1973 1401 2110 1440 con-

525 1486 733 1534 ventus
779 1493 844 1534 ac
875 1478 1171 1532 celebritas
1216 1484 1518 1543 convocat;
1554 1491 1859 1546 omnesque
1890 1485 2114 1546 propter

2213 654 2470 725 μέγιστόν
2499 672 2554 708 τι
2585 655 2888 726 καθορᾶται
2921 657 3017 710 καὶ
3046 658 3362 728 χρήσιμονο
3402 655 3593 711 τούτου
3621 675 3679 727 γε
3702 665 3776 732 χά-

2214 762 2318 816 ριν,
2348 746 2534 817 ᾠήθην
2559 746 2794 800 ἐνταῢθα
2826 747 2921 801 τοῦ
2950 748 3107 816 λόγου
3130 748 3472 819 γενόμενος,
3508 752 3671 819 μικρά
3688 770 3780 811 τινα

2213 835 2344 905 περὶ
2372 835 2472 905 τῆς
2501 834 2784 904 Αἰγύπτου
2806 841 2910 908 γῆς
2941 838 3315 909 φιλολογῆσαι
3344 838 3420 893 τὰ
3446 838 3563 903 νῦν,
3586 842 3783 915 εὐπορή-

2216 942 2316 989 σας
2347 926 2430 979 ὄτι
2466 927 2702 997 μάλιστα
2730 929 2999 1000 νουνεχῶν
3030 931 3333 1002 ἀκροατῶν
3362 933 3465 987 καὶ
3520 937 3782 993 σπουδαίων

2218 1018 2348 1090 περὶ
2380 1017 2451 1072 τὰ
2481 1019 2770 1086 κάλλιστα,
2799 1025 2899 1094 τὴν
2925 1025 3198 1095 ὑμετέραν
3222 1025 3498 1097 ἀγάπην,
3524 1026 3657 1080 ὥστε
3681 1033 3784 1100 μηδι

2214 1112 2458 1178 ἐκείνους
2480 1114 2745 1188 λυπῆσαι,
2776 1120 2911 1191 μηδέ
2931 1118 3075 1188 ὑμᾶς
3096 1118 3621 1189 παραλογίσασθαιο
3651 1121 3722 1174 ὅτι
3742 1124 3783 1176 τὸ

2217 1206 2318 1275 μὲν
2340 1207 2732 1280 ἀπάνθρωπον,
2762 1210 2825 1264 τὸ
2850 1210 2907 1265 δὲ
2939 1210 3168 1282 ἠλίθιον.
3216 1212 3458 1273 Πάντας
3494 1210 3605 1280 γάρ
3638 1213 3670 1281 ή
3711 1230 3785 1266 κσ-

2221 1296 2389 1367 ροῦσα
2424 1302 2779 1370 συγκαλεῖται
2811 1305 3142 1374 πανήγυρις,
3185 1305 3288 1357 καὶ
3344 1304 3568 1367 πάντας
3600 1304 3784 1375 εὐφραξ.

2217 1406 2333 1444 νειν
2364 1393 2648 1461 ἐπείγεται
2671 1394 2761 1448 διά
2782 1395 2872 1448 τὸν
2896 1396 3034 1466 εὔφη
3044 1396 3354 1467 μούμενον.
3375 1394 3510 1446 Ἐπὶ
3532 1393 3591 1446 δέ
3620 1395 3699 1447 τὸν
3715 1398 3787 1465 τῆς

2221 1483 2483 1553 πατρίδος
2508 1483 2667 1554 λόγον
2694 1487 3055 1557 χωρήσωμεν.

525 1590 654 1630 eum
724 1590 887 1645 quem
943 1574 1144 1629 faustis
1197 1572 1481 1629 ominibus
1554 1573 1946 1643 prosequimur
1968 1588 2036 1629 ac
2107 1573 2498 1645 celebramus,
2573 1595 2827 1637 recreare
2886 1581 3127 1638 festinat.
3179 1582 3531 1653 Loquamur
3580 1597 3698 1652 ergo
3736 1584 3781 1639 de

524 1667 730 1736 patria.

599 1778 735 1833 Eam
770 1776 1068 1849 Egyptum
1112 1775 1288 1833 nostis
1351 1790 1569 1840 omnes,
1619 1783 1738 1830 tum
1775 1775 1820 1831 si
1855 1753 1963 1845 “qui
1995 1775 2109 1830 illic

2286 1774 2564 1842 Αἴγυπτον
2617 1775 2825 1846 ταύτην
2877 1776 2992 1830 ἴστε
3049 1777 3283 1845 πάντες,
3349 1781 3591 1851 ὅσοιπερ
3639 1788 3777 1841 αὐτόθι

528 1868 760 1933 fuistis,
821 1876 937 1922 tum
997 1868 1045 1922 si
1107 1868 1201 1936 qui
1256 1867 1449 1921 auditu
1527 1866 1883 1936 percepistis.
1944 1865 2108 1932 Quae-

2220 1865 2504 1934 γεγόνατε·
2537 1867 2653 1921 ὅσοι
2690 1866 2899 1939 ταύτην
2925 1869 2983 1934 ἐξ
3018 1871 3189 1940 ἀκοῆς
3228 1872 3653 1945 παρειλήφατε.
3685 1879 3774 1932 Ποία

528 1973 661 2012 nam
712 1972 842 2011 vero
897 1966 953 2012 et
1001 1965 1203 2026 quanta
1229 1956 1350 2010 illa!
1400 1955 1575 2022 Quam
1625 1971 1759 2010 vero
1799 1964 1853 2009 et
1915 1953 2111 2010 Thebaa

2220 1973 2279 2011 τε
2303 1954 2372 2027 ἦν
2400 1958 2493 2012 καὶ
2523 1960 2662 2030 ὅσης
2718 1956 2843 2014 Οἷαι
2877 1960 2935 2014 δέ
2982 1962 3077 2015 καὶ
3119 1962 3306 2033 Θῆϐαι
3349 1964 3773 2036 τυγχάνουσιςῶν

522 2048 867 2119 magnificae!
934 2063 1170 2121 quarum
1232 2062 1420 2117 parem
1495 2048 1771 2112 novimus,
1828 2062 2112 2117 unumque

2221 2050 2344 2120 ἴσην
2375 2051 2471 2104 καὶ
2496 2051 2627 2118 μίαν
2655 2050 2816 2121 ῐσμεν
2841 2051 2935 2105 τοῦ
2961 2055 3176 2123 κόμπου
3212 2057 3323 2127 τὴν
3349 2056 3638 2113 εὔκλειαν.
3677 2061 3771 2115 Ἐκεῖ

524 2152 741 2208 pompae
817 2137 1199 2208 splendorem.
1258 2134 1380 2189 illic
1431 2137 1656 2209 pinguis
1717 2144 1902 2201 terra,
1948 2152 2111 2191 arva-

522 2244 639 2301 que
686 2229 870 2299 opinta
918 2244 982 2284 ac
1042 2228 1274 2284 fertilia.
1328 2228 1448 2283 lllic
1519 2227 1787 2283 confertae
1832 2228 2112 2294 civitates,

526 2319 816 2390 herbaque
888 2319 1140 2388 copiosa,
1174 2317 1421 2372 virentes
1473 2318 1618 2387 agri.
1670 2314 1788 2371 lllic
1838 2332 2115 2387 equorum

528 2425 740 2480 pascua
768 2423 1174 2479 pecorumque,
1208 2415 1323 2460 tum
1384 2419 1706 2476 caprarum,
1744 2416 1856 2459 tum
1922 2406 2115 2472 boum,

528 2518 811 2574 suumque
862 2509 1089 2563 turum;
1142 2515 1208 2554 ac
1240 2499 1289 2553 si
1341 2497 1482 2568 quid
1534 2498 1588 2551 in
1643 2498 1800 2553 cibos
1855 2496 2117 2552 delicias-

531 2609 678 2664 que,
741 2607 806 2647 ac
856 2593 987 2646 vita:
1074 2591 1240 2659 hujus
1303 2589 1521 2643 misera:
1600 2604 1764 2643 usum
1823 2588 2118 2643 conducit.

531 2685 850 2741 Fluminum
884 2699 1041 2753 aquae
1083 2685 1259 2758 maris
1292 2681 1490 2745 instar,
1529 2696 1666 2752 gyro
1698 2682 1951 2736 ambiunt
1979 2696 2115 2736 con-

534 2779 829 2845 liuentem,
862 2784 1148 2845 totamque
1175 2773 1462 2844 regionem
1492 2773 1748 2844 irrigant.
1783 2771 1922 2827 Nam
1963 2770 2116 2829 Geon

533 2869 675 2940 (85),
728 2885 897 2924 unum
945 2868 1078 2923 illud
1133 2881 1508 2937 magnumque
1562 2866 1708 2922 inter
1742 2874 1989 2936 quatuor
2012 2866 2118 2920 llu-

534 2978 680 3025 men.
713 2977 949 3033 quorum
977 2962 1032 3015 in
1069 2960 1261 3013 mundi
1298 2958 1471 3014 creati
1501 2958 1738 3012 historia
1769 2959 1982 3013 mentio
2011 2966 2119 3023 est,

531 3070 563 3110 a
606 3055 749 3109 locis
804 3054 915 3108 Deo
966 3052 1115 3107 notis
1166 3051 1381 3115 exiens,
1436 3047 1798 3119 deﬂuensque
1855 3050 1911 3104 in
1968 3066 2121 3105 mare

532 3160 820 3216 magnum,
886 3144 1017 3198 illac
1070 3141 1395 3212 pertransit.
1439 3140 1676 3196 Flumen
1721 3141 1827 3195 huc
1855 3179 1871 3205 ,
1917 3141 2122 3198 annuis

530 3245 679 3293 state
702 3235 926 3291 ﬂuentis
968 3242 1290 3289 tumescens
1324 3232 1766 3301 ascendensque,
1798 3232 1852 3286 in
1896 3232 2117 3288 modum

532 3329 708 3408 maris
743 3329 1129 3394 dilatatur;ac
1170 3334 1378 3380 terram
1423 3324 1587 3394 aquis
1626 3324 1857 3395 implet:
1886 3340 2120 3396 quaeque

2215 2142 2286 2210 γῆ
2345 2141 2576 2211 λιπαρὰ,
2634 2144 2731 2197 καὶ
2779 2145 3014 2215 ἄρουραι
3069 2151 3303 2218 παχεῖαν.
3367 2150 3476 2204 καὶ
3536 2152 3765 2221 εὔκαρποι.

2229 2230 2378 2284 Ἐκεῖ
2433 2231 2618 2296 πόλεις
2667 2234 3037 2301 πυκάζουσαι,
3090 2238 3186 2291 καὶ
3245 2237 3444 2309 χῶραι
3507 2240 3759 2303 ποάζουσιι

2229 2318 2380 2371 Ἐκεῖ
2408 2319 2592 2371 ἵππων
2624 2320 2842 2387 ἀγέλαι,
2873 2323 2968 2375 καὶ
3002 2323 3350 2396 θρεμμάτων
3375 2330 3573 2399 νομαί,
3607 2332 3753 2384 ainant

2215 2425 2277 2461 τε
2313 2408 2410 2461 καὶ
2458 2408 2713 2479 βουκόλια
2769 2413 2864 2464 καὶ
2920 2414 3210 2484 συφόρϐια·
3247 2419 3355 2471 καὶ
3412 2422 3530 2472 πᾶν
3580 2421 3753 2491 arrepti,-

2218 2499 2417 2570 ἐδωδὴν
2448 2501 2543 2553 καὶ
2576 2502 2788 2573 τρυφὴν
2807 2505 2991 2568 τείνει,
3018 2508 3112 2560 καὶ⁵
3142 2507 3257 2577 βίον
3284 2512 3521 2564 τουτονὶ
3548 2513 3638 2566 τὸν
3653 2513 3760 2565 ἀϐίω-

2217 2608 2329 2646 τον.
2369 2592 2582 2646 ’Υδατα
2612 2595 2856 2664 ποτάμια
2887 2595 3163 2666 θαλάσσης
3185 2598 3352 2671 δίκην
3389 2601 3686 2656 κυκλοῦντο
3703 2604 3761 2672 τὴν

2218 2683 2469 2753 ἤπειρον,
2525 2687 2621 2739 καὶ
2673 2687 2853 2742 πάντα
2888 2694 3066 2762 χῶρον
3103 2694 3440 2764 άρδεύοντα.
3484 2694 3626 2748 Γεὼν
3649 2694 3761 2763 γάρὸ

2217 2768 2300 2836 εἷς
2333 2774 2430 2827 καὶ
2460 2775 2634 2845 μέγας
2665 2778 2775 2831 τῶν
2796 2782 3077 2851 τεσσάρων
3111 2785 3391 2855 ποταμῶν
3428 2789 3491 2839 ὲν
3525 2788 3591 2856 τῇ
3624 2800 3763 2852 κοσμο-

2220 2866 2372 2938 ποιίᾳ
2398 2867 2713 2939 λεγόμενος,
2744 2869 2843 2932 τὰς
2872 2871 3140 2937 διεξόδους
3185 2875 3313 2928 ὅθεν
3366 2878 3399 2930 ὁ
3444 2876 3635 2937 κτίσας
3669 2869 3760 2926 οἶδεν

2220 2956 2568 3027 ποιούμενος,
2599 2959 2827 3013 αὐτόθεν
2860 2961 2954 3014 ἐπὶ
2982 2962 3080 3034 τὴν
3120 2965 3377 3037 μεγάλην
3422 2965 3641 3028 κατιὼν,
3665 2962 3763 3026 διεξ-

2218 3051 2461 3122 έρχεται,
2491 3052 2792 3107 θάλασσαν.
2830 3054 2926 3117 ⁸ος
2951 3057 3066 3118 τοῖς
3121 3058 3370 3127 ἐτησίοις
3425 3057 3657 3128 ῥείθροις
3696 3072 3759 3107 το-

2221 3142 2426 3206 κτικῶς
2476 3142 2578 3206 τὰς
2647 3144 2944 3207 ἀναϐάσεις
3000 3146 3348 3218 ποιούμενος,
3422 3145 3761 3207 θαλασσοειδῶς

2220 3219 2580 3304 διευρύνεταὶ,
2637 3235 2732 3288 καὶ
2765 3234 3010 3305 ὑδατώδη
3070 3237 3169 3307 τὴν
3221 3238 3332 3305 γῆν
3389 3236 3757 3305 ἀπειργάζεται·

2222 3322 2318 3376 καὶ
2342 3322 2442 3393 τὴν
2472 3323 2577 3394 πρὸ
2598 3324 2798 3395 μικροῦ
2819 3327 3177 3395 γεννημάτων
3192 3328 3436 3400 εὐφορίᾳ
3463 3326 3760 3397 χλοάζουσον,

534 3434 646 3474 non
701 3419 777 3472 ita
824 3419 1036 3490 pridem
1091 3416 1346 3487 frugibus
1411 3415 1656 3483 copiosis
1737 3415 1926 3471 virens
1977 3425 2116 3482 erat,

2229 3414 2584 3485 μυριοφόροις
2621 3415 2816 3471 ὁλκάσι
2857 3418 3022 3471 ναυσὶ
3068 3419 3363 3488 πορεῖσθαι
3419 3419 3757 3489 προτρέπεται.

532 3511 824 3565 onerarias
848 3523 1040 3572 naves,
1062 3504 1566 3562 innumerabilibus
1588 3514 1819 3561 onustas
1844 3506 2123 3563 mercibus

534 3601 603 3655 ad
664 3602 774 3655 iter
826 3607 1116 3669 provocat,
1159 3596 1406 3666 sinitque
1444 3604 1506 3650 ut
1540 3595 1856 3662 arva,,dum
1899 3597 2125 3653 interim

534 3702 663 3765 apta
690 3701 846 3759 sunt,
877 3700 1067 3746 aratro
1095 3698 1501 3756 exerceantur;
1535 3697 1698 3760 atque
1727 3690 1988 3759 aquatilia
2007 3697 2124 3745 ter-

533 3786 849 3855 restriaque
883 3784 1167 3848 animalia,
1219 3796 1461 3853 quorum
1500 3781 1607 3835 alia
1649 3780 1838 3837 herbis
1887 3797 2125 3852 pascan-

536 3885 651 3941 tur,
684 3877 791 3930 alia
845 3877 957 3932 sint
991 3877 1320 3939 carnivora,
1369 3874 1424 3927 in
1470 3888 1642 3927 unum
1702 3873 2123 3946 velut,gregem

535 3967 711 4036 cogit.
772 3966 818 4019 0
875 3981 992 4022 rem
1042 3965 1391 4019 mirandaml
1448 3963 1583 4031 Heri
1633 3964 1800 4019 tellus
1850 3965 2124 4034 profunda

537 4065 756 4121 aratro;
782 4056 947 4122 hodie
978 4056 1139 4125 aquis
1166 4053 1506 4125 profundum
1539 4068 1752 4123 aequor.
1784 4052 1913 4109 Heri
1936 4053 2123 4111 feren-

537 4148 627 4205 dis
682 4148 948 4205 oneribus
983 4144 1486 4219 jumentorum'ac
1530 4144 1839 4201 bestiarum
1893 4145 2126 4201 domici-

537 4240 710 4305 lium;
768 4238 933 4295 bodie
987 4237 1226 4309 piscium
1288 4236 1715 4304 belluarumque
1774 4233 2123 4287 marinarum

537 4332 856 4387 latibulum.
893 4328 1192 4396 Nimirum,
1219 4326 1495 4398 Egyptus
1534 4325 1685 4379 hunc
1723 4324 1885 4378 nobis
1928 4322 2122 4387 edidit,

535 4424 765 4494 iuvenili
800 4428 1041 4495 'pectore
1091 4435 1157 4475 ac
1205 4419 1518 4474 animosum
1566 4417 1768 4470 virum.
1824 4414 2120 4485 Egyptus,

538 4516 790 4587 inquam,
818 4516 972 4584 larga
1004 4513 1096 4567 illa
1122 4521 1473 4566 terrenarum
1498 4508 1840 4578 voluptatum
1871 4507 2126 4576 suppedi-

442 4614 450 4622 '
538 4604 1183 4676 tatrix,splendidarum
1229 4605 1469 4658 vestium
1528 4597 1808 4668 operaria,
1864 4597 2122 4651 vitiorum

541 4697 764 4761 artifex,
814 4698 1163 4766 voluptatum
1222 4695 1447 4758 ancilla,
1496 4692 1596 4745 luti
1652 4690 2002 4745 conciliatrix
2059 4704 2124 4742 ac

2228 3507 2324 3560 καὶ
2354 3506 2558 3577 μεταξὺ
2606 3507 2717 3561 τῶν
2760 3509 3016 3579 ἁρμένων
3061 3510 3353 3582 ἐπιτρέπει
3404 3513 3523 3573 τοῖς
3561 3510 3758 3578 ἀρότρως

2227 3595 2583 3667 ἐργάξεσθαι,
2613 3596 2708 3650 καὶ
2734 3597 2842 3650 τῶν
2884 3595 3040 3659 ζώων
3069 3597 3139 3650 τὰ
3162 3597 3365 3665 ἔνυδρα
3400 3601 3515 3660 τοῖς
3538 3591 3755 3666 χερσαίαις

2229 3686 2697 3756 συναγελάζεσθαι
2727 3686 3188 3758 παρακελεύεται,
3220 3688 3288 3741 τὰ
3340 3689 3445 3760 μὲν
3476 3681 3755 3755 ποηϐοροῦνο

2226 3796 2317 3841 τα,
2353 3778 2425 3831 τὰ
2459 3778 2518 3831 δὲ
2568 3777 2989 3849 κρεοϐοροῦντα.
3036 3779 3101 3830 ’Ὠ
3150 3778 3247 3832 τοῦ
3302 3777 3613 3849 θαύματοςέ
3652 3771 3753 3831 Χθὲς

2228 3866 2519 3935 βαθύγειος
2573 3868 2803 3939 ἄρουρα,
2855 3869 3097 3938 σήμερον
3151 3868 3486 3938 βαθύλιμνος
3540 3865 3752 3918 θάλασσα.

2225 3956 2368 4019 Χθὲς
2397 3953 2718 4027 ἀχθοφόρων
2736 3957 2953 4027 κτηνῶν
2982 3958 3077 4010 καὶ
3110 3958 3295 4030 θηρῶν
3324 3958 3658 4028 ἐνδιαίτημα.
3684 3951 3750 4017 σή⁴

2228 4064 2398 4127 μερον
2427 4047 2630 4117 ἰχθύων
2679 4048 2778 4102 καὶ
2810 4049 3024 4120 νηκτῶν
3066 4047 3272 4122 θηρίων
3308 4048 3660 4120 ἐμφώλευμα.
3687 4040 3753 4096 Al-

2223 4156 2431 4210 γυπτος
2456 4139 2659 4209 δηλαδὴ
2688 4138 2878 4193 τοῦτον
2897 4141 3029 4210 ἡμῖν
3056 4140 3149 4194 τὸν
3181 4143 3407 4195 νεανίαν
3448 4138 3747 4204 ἐϐλάστησεν.

2223 4232 2523 4299 Αἴγυπτος,
2555 4233 2588 4301 ή
2617 4230 2718 4299 τῆς
2751 4230 2999 4299 ἐπιγείου
3030 4233 3242 4303 τρυφῆς
3267 4234 3506 4303 ἄφθονος
3544 4225 3747 4300 χορηγία·

2225 4326 2259 4397 ἡ
2287 4323 2397 4378 τῶν
2429 4320 2703 4394 λαμπρῶν
2745 4322 3074 4394 ἐσθημάτων
3104 4326 3352 4395 ἐργάτις·
3389 4328 3423 4395 ἡ
3467 4324 3574 4377 τῶν
3609 4313 3751 4373 παθῶν

2224 4415 2479 4484 τεχνῖτις
2502 4412 2610 4467 τῶν
2642 4412 2846 4483 ἡδονῶν
2881 4414 2916 4483 ή
2953 4409 3281 4484 θεράπαινα·
3317 4417 3352 4486 ή
3382 4414 3479 4471 τοῦ
3510 4407 3664 4481 πηλοῦ
3685 4401 3749 4456 καὶ

2222 4504 2324 4574 τῆς
2363 4505 2643 4570 πλινθειας
2682 4507 2967 4578 πρόξενοςο
2997 4513 3031 4579 ή
3071 4509 3180 4562 τῶν
3215 4508 3401 4579 κρεῶν
3440 4508 3534 4561 καὶ
3556 4500 3750 4568 λεϐήτων

2208 4596 2489 4673 πάροχος.
2518 4600 2670 4671 Αύτη
2702 4602 2885 4657 τοίνυν
2914 4605 2946 4674 ή
2979 4604 3288 4674 σκοτασμὸς
3322 4604 3463 4675 πρὸς
3497 4602 3558 4670 τῇ
3599 4589 3743 4664 Γραφῇ

2224 4692 2555 4763 καλουμένη,
2598 4692 2687 4745 τὸν
2734 4692 2829 4746 τοῦ
2883 4694 3109 4758 σκότους
3155 4694 3394 4763 διώκτην
3440 4682 3743 4783 ἐξήστραψεῩ

544 4788 804 4858 figulinae,
834 4787 1088 4842 carnium
1131 4783 1416 4853 prabitrix
1453 4796 1519 4836 ac
1554 4780 1823 4835 lebetum.
1857 4776 1983 4833 Haec
2020 4779 2116 4831 ita-

2224 4784 2371 4856 Αὕτη
2404 4785 2467 4838 τὸ
2489 4785 2592 4855 τῆς
2623 4785 3014 4856 εἰδωλομανίας
3044 4787 3434 4865 ἐργαστήριον,
3467 4783 3553 4836 τδν
3573 4776 3742 4865 τῆς-εῖν

542 4894 651 4949 que
682 4878 887 4935 divinis
921 4878 1225 4947 Scriptura:
1256 4875 1523 4937 oraculis,
1573 4872 1723 4927 dicta
1750 4872 1929 4941 caligo
1978 4871 2112 4943 (84),

543 4971 900 5028 tenebrarum
961 4977 1380 5041 persecutorem
1433 4965 1663 5022 effulsit.
1723 4962 1951 5019 Oliicina
2021 4964 2116 5017 illa

2225 4877 2442 4941 σεϐείας
2484 4879 2621 4949 ἡμῖν
2651 4878 2967 4949 εἰσεκόμισε
3001 4879 3245 4949 κήρυκα.
3275 4862 3425 4948 Ᾱῦτη
3462 4875 3520 4928 τὸ
3545 4867 3638 4922 τῶν
3661 4862 3742 4912 δαι-

2229 4967 2404 5038 μόνων
2467 4969 2744 5022 σκοτεινὸν
2810 4964 3178 5037 καταγώγιον,
3236 4967 3327 5021 τὸν
3383 4966 3489 5019 τῶν
3545 4950 3736 5024 ἀγγέλων

1814 5139 2054 5197 VARIAE
2078 5138 2486 5197 LECTIONES.

502 5327 508 5337 I
616 5244 660 5276 “
688 5245 775 5300 la’.
803 5244 1036 5315 λογάρια
1058 5244 1094 5313 ἢ
1127 5241 1354 5312 λογίδια.

1812 5394 2202 5455 COMBEFlSll
2239 5391 2475 5449 NOTAE.

615 5517 727 5590 (8‘5)
758 5516 901 5590 Nam
914 5515 1078 5590 Gron.
1098 5515 1360 5590 Eumdem
1386 5515 1537 5590 hunc
1555 5504 1714 5590 atque
1740 5512 1920 5590 Nilum
1943 5514 2108 5590 etiam

544 5588 635 5661 alii
666 5583 873 5661 passim
908 5587 1151 5661 tradunt,
1182 5593 1244 5640 ut
1281 5583 1449 5661 fuerit
1478 5584 1665 5661 multis
1688 5584 1892 5661 “modis
1920 5584 2112 5661 appel-

542 5652 713 5720 latus.
776 5672 876 5727 pro
902 5726 912 5727 ί
937 5656 1182 5712 locorum
1214 5670 1336 5727 qua:
1365 5655 1628 5727 alluebat,
1673 5652 2032 5718 diversitate;
2057 5653 2112 5706 in

544 5722 1050 5798 IEtbiopi’aUGeon;
1101 5730 1155 5781 in
1211 5722 1468 5798 Egypto,
1530 5722 1693 5777 Nilus
1740 5735 2113 5798 :_quanquam

548 5810 633 5853 est
652 5792 1024 5864 rcs'tlillicilis,
1048 5814 1214 5869 quam
1238 5792 1381 5855 sacri
1402 5796 1753 5864 interpretes,
1772 5793 1909 5850 Gen.
1938 5792 1977 5862 ι,
1994 5792 2115 5849 elu-

548 5871 755 5928 citlant.
1804 5882 1809 5883 ν

2290 5508 2404 5577 (84)
2446 5505 2840 5577 υἱεια-εαιὶρο.
2862 5575 2867 5577 _
2891 5503 2956 5558 Ἠ
2996 5503 3308 5577 σκοτασμδς
3329 5500 3464 5573 πρὸς
3490 5478 3725 5577 ’τῆς

2218 5564 2550 5647 καλουμένη.
2587 5564 2906 5647 Non_'satis
2956 5564 3220 5647 occurrit"
3246 5564 3400 5647 locus
3448 5564 3724 5647 'uhi‘Jl-‘gff;

2220 5627 3132 5732 ίίξέέέξθῖόίξιξεὶνιᾉῖέςρῖυέςηξεί
3162 5638 3302 5732 forte
3331 5641 3514 5732 allludit
3538 5627 3724 5732 Αρςάτξέῗ

2222 5698 2879 5787 aditi—llas_Egypitiaccda's
2911 5698 3219 5787 _tenebras,
3264 5712 3435 5787 Exod.
3490 5725 3535 5766 ι.

2222 5766 2651 5842 ὲῧωὶῗειὲῐῆῖ
2668 5766 2834 5850 'i'gi;
2854 5766 2958 5851 ‘18,
2972 5766 3094 5839 ἰἶιᾶῐ
3109 5766 3392 5839 νυοῖῐιίιιυε
3429 5766 3717 5851 comlnjllawr

2227 5839 2877 5915 obteneln'andumdient
2910 5839 2966 5911 in
3008 5853 3259 5926 Taphnis
3284 5850 3502 5924 Egypti
3524 5839 3643 5901 urbc-
