3950 6478
278 484 413 551 1221

1577 487 1663 550 ΙΝ
1702 489 1766 550 S.
1803 488 2213 552 PATAPIUM.

3410 488 3545 555 12‘22

271 594 652 667 συγχορευτὴν
698 596 1124 669 ἀνεϐλάστησεν,
1181 598 1210 650 ὃ
1262 597 1359 651 καὶ
1409 596 1715 669 θαυμάζειν
1764 601 1850 654 ἐπι

1965 599 2146 654 insani
2172 599 2447 654 idolorum
2482 602 2703 669 cultus,
2744 618 3057 674 prarconem
3106 604 3270 661 nobis
3317 607 3544 675 pietatis

266 686 446 754 ἀξιον.

342 957 411 1013 Et
438 958 550 1031 γὰρ
583 959 862 1032 βδέλυγμα
888 965 1090 1028 παντὸς
1116 962 1347 1027 ἀσεϐοῦς
1381 962 1685 1027 θεοσέϐεια,
1740 965 1857 1029 πῶς

266 1052 415 1122 αὕτη
448 1051 708 1124 βδελυκτή
738 1071 827 1117 τις
867 1052 1022 1117 οὖσα,
1054 1055 1299 1109 τοιούτου
1337 1058 1472 1127 ἡμῖν
1505 1057 1734 1120 σκεύους
1764 1058 1859 1110 ὲκ-

262 1142 440 1214 λογῆς
470 1147 662 1214 γέγονε
707 1147 950 1216 πατρίς;
982 1149 1107 1210 Πῶς
1148 1148 1339 1212 σκότος
1372 1149 1711 1220 ὑπάρχουσα,
1746 1166 1858 1216 φω-

268 1235 455 1305 στῆρα
482 1234 650 1305 ζόφου
696 1236 932 1308 διώκτην
974 1240 1258 1306 άνέτειλε;
1289 1241 1401 1296 Καὶ
1434 1241 1582 1312 μάλα
1606 1243 1851 1306 εἰκότωςο

272 1342 298 1375 ‹
339 1325 517 1377 Ὅπου
567 1325 680 1396 γὰρ
725 1325 1051 1382 ἐπλεόνασεν
1093 1330 1128 1400 ἡ
1183 1331 1449 1401 ἁμαρτία,
1490 1332 1856 1403 ὑπερπεριέσ-

272 1433 479 1470 σευσεν
510 1418 544 1488 ἡ
574 1418 754 1488 χάρις.
795 1438 815 1472 ι
865 1421 945 1490 Τῇ
970 1421 1081 1491 γάρ
1113 1423 1208 1476 τοῦ
1242 1423 1570 1492 μονογενοῦς
1593 1424 1726 1478 Υἱοῦ
1757 1423 1854 1478 τοῦ

264 1509 414 1563 θεοῦ
461 1510 599 1582 πρὸς
648 1513 798 1581 ἡμᾶς
853 1512 1081 1583 ἀρρήτῳ
1135 1515 1581 1583 συγκατασάσει,
1635 1516 1733 1569 καὶ
1787 1519 1854 1587 τῇ

266 1600 542 1671 ἀφράστῳ
565 1601 657 1654 καὶ
688 1601 829 1672 ὑπὲρ
856 1603 1015 1670 λόγον
1038 1604 1206 1658 αὐτοῦ
1234 1606 1484 1670 κενώσει,
1514 1606 1854 1679 ἐληλαμένης

273 1692 379 1761 μὲν
410 1692 592 1761 πάσης
636 1692 856 1763 ἀπάτης
906 1696 1002 1748 καὶ
1032 1695 1264 1765 πλάνης,
1291 1698 1372 1760 είς
1403 1697 1634 1767 φροῦδον
1661 1698 1718 1751 δὲ
1746 1698 1855 1752 τῶν

222 1835 227 1839 ,
269 1783 478 1854 βωμῶν
520 1784 618 1837 καὶ
662 1785 773 1838 τῶν
810 1786 1022 1855 ἐναγῶν
1078 1789 1315 1843 εἰδώλων
1369 1793 1676 1860 γενομένων
1724 1792 1849 1862 ἤδη,

263 1875 539 1947 ἐσαλεύθη
561 1875 661 1957 μὲν
686 1876 985 1946 Αἴγυπτοςο
1019 1880 1239 1950 ἐσείσθη
1278 1882 1336 1935 δέ
1361 1882 1535 1951 αὐτῆς
1572 1885 1641 1937 τά
1671 1901 1852 1955 χειρο-

1962 690 2192 744 invexit.
2243 687 2624 747 Tenebrosum
2676 693 2814 748 illud
2871 696 3185 750 daemonum
3235 697 3542 769 stabulum,

1959 795 2084 835 eum
2117 780 2285 837 nobis
2315 784 2571 851 produxit
2603 786 2698 853 qui
2731 801 2857 841 cum
2892 788 3107 858 angelis
3129 787 3331 845 choros
3354 788 3543 857 ducat,

1959 871 2107 942 quod
2135 873 2298 942 plane
2325 873 2640 930 mirandum
2666 876 2760 932 sit.

2028 961 2168 1016 Nam
2216 978 2342 1017 cum
2381 964 2537 1034 impii
2589 969 2772 1022 omnis
2830 970 3088 1042 religiosa
3119 971 3300 1042 pietas
3330 972 3544 1027 abomi-

1958 1056 2114 1110 natio
2144 1056 2240 1120 sit,
2268 1056 2363 1126 qui
2398 1057 2489 1111 illa
2522 1058 2921 1119 abominabilis
2948 1066 3252 1129 exsistens,
3283 1066 3408 1120 talis
3441 1080 3545 1120 no-

1956 1147 2045 1202 bis
2099 1147 2253 1203 vasis
2307 1147 2600 1206 electionis
2658 1154 2836 1221 patria
2882 1154 3033 1208 fuit?
3080 1156 3373 1221 Quomodo
3423 1172 3545 1227 quae

1956 1247 2108 1294 esset
2141 1241 2399 1307 tenebrae,
2439 1243 2716 1299 luminare
2769 1246 3029 1301 submisit
3068 1250 3214 1318 quod
3252 1251 3542 1320 caliginem

1959 1330 2189 1386 haberet
2223 1332 2564 1402 dispellere?
2597 1333 2743 1389 Sane
2790 1336 2846 1390 id
2899 1338 3099 1393 merito
3134 1357 3148 1391 :
3189 1359 3209 1392 ι
3255 1338 3360 1394 Ubi
3390 1341 3543 1396 enim

1958 1422 2263 1477 abundavit
2316 1434 2632 1495 peccatum,
2690 1428 3164 1495 superabundavit
3223 1434 3398 1501 gratia
3428 1438 3478 1507 ιξ.
3517 1450 3538 1483 ι

1953 1512 2171 1569 Arcana
2221 1516 2368 1570 enim
2429 1518 2696 1588 unigeniti
2750 1516 2874 1572 Filii
2914 1519 3008 1573 Dei
3062 1522 3128 1575 ad
3172 1536 3272 1576 nos
3304 1522 3543 1577 inclina-

1956 1604 2132 1671 tione,
2162 1606 2544 1677 ineﬂ‘ahiliqne
2583 1624 2647 1664 ac
2676 1610 2786 1664 vim
2818 1612 3055 1667 rationis
3090 1622 3391 1683 superante
3420 1617 3541 1685 ejus

1954 1698 2360 1762 exinanitione,
2391 1701 2539 1754 omni
2581 1717 2773 1757 errore
2807 1703 3244 1775 deceptioneque
3287 1706 3539 1776 depulsa,

1954 1785 2183 1856 arisque
2216 1803 2281 1842 ac
2326 1789 2575 1857 profanis
2621 1790 2784 1845 idolis
2824 1792 2938 1859 jam
2981 1793 3224 1856 abolitis,
3261 1810 3541 1852 concussa

1952 1875 2200 1950 Egypto
2223 1919 2239 1945 ,
2270 1880 2391 1949 ejus
2423 1895 2697 1936 concussa
2739 1890 2870 1937 sunt
2905 1884 3248 1949 manufacta,
3287 1901 3352 1940 ac
3389 1888 3540 1942 omni

263 1968 504 2037 statuta,-
549 1970 644 2022 καὶ
678 1970 857 2025 πάντα
888 1973 1000 2027 τῶν
1040 1973 1312 2043 δαιμόνων
1349 1976 1416 2029 τά
1449 1976 1672 2047 μυσαρὰ
1701 1977 1850 2030 τελέ-

1959 1969 2269 2024 daemonum
2300 1973 2629 2026 exsecrabili
2661 1973 2813 2027 cultu
2849 1975 3140 2041 subverso,
3177 1986 3324 2031 terra
3352 1980 3543 2034 omnis

266 2072 459 2128 σματα
507 2061 892 2125 καταλέλυται,
923 2063 1020 2117 καὶ
1068 2066 1306 2136 ἡγιάσθη
1347 2068 1562 2137 πᾶσαηὴ
1593 2069 1686 2138 γῆ·
1721 2069 1751 2121 ό
1793 2069 1851 2122 δὲ

263 2149 399 2214 λαὸς
431 2151 540 2204 τῶν
571 2151 899 2223 ἀνθρώπων,
947 2174 966 2207 ι
1010 2158 1038 2209 ὁ
1071 2158 1127 2209 ὲν
1162 2157 1345 2210 σκότει
1386 2159 1482 2211 καὶ
1518 2160 1645 2229 σκιᾷ
1677 2158 1849 2212 θανά-

264 2259 365 2297 του
391 2243 723 2313 καθήμενος,
753 2243 859 2299 εἶδε
886 2247 1003 2314 φῶς
1045 2248 1191 2316 μέγα
1219 2267 1237 2300 ι
1272 2248 1369 2302 τοῦ
1414 2249 1566 2318 ἡλίου
1599 2250 1852 2321 λαμπρό-

266 2350 453 2405 τερον,
486 2334 549 2387 τὸ
578 2353 596 2387 ι
632 2336 869 2403 φωτίζον
891 2338 1069 2391 πάντα
1103 2339 1392 2409 ἄνθρωπον
1424 2342 1505 2401 είς
1525 2340 1618 2394 τὸν
1644 2341 1850 2410 κόσμον

268 2426 584 2497 ἐρχόμενον,
616 2446 635 2479 ι
675 2430 910 2498 Χριστὸν
936 2430 1030 2483 τὸν
1060 2431 1193 2483 Θεὸν
1236 2431 1416 2500 ἡμῶν.
1446 2431 1609 2502 Αὐτῷ
1640 2432 1845 2501 ἡδόξα,

271 2516 376 2568 σὺν
397 2515 473 2585 τῷ
502 2518 678 2587 Πατρὶ
708 2519 801 2571 καὶ
833 2517 913 2588 τῷ
957 2520 1099 2589 ἁγίῳ
1140 2521 1445 2591 Πνεύματι,
1471 2521 1567 2577 νῦν
1599 2522 1693 2575 καὶ
1739 2522 1847 2589 ἀεὶ,

265 2607 366 2659 καὶ
395 2608 477 2670 είς
505 2610 632 2673 τοὺς
659 2610 859 2674 αἰῶνας
882 2610 993 2664 τῶν
1032 2610 1264 2667 αἰώνων.
1299 2613 1495 2684 Ἀμήν.

885 2728 966 2779 ΘΑ
981 2727 1120 2781 ΥΜΑ
1129 2729 1206 2780 TA

480 2814 589 2868 τοῦ
623 2816 801 2869 ὁσίου
832 2816 1066 2883 Πατρός
1095 2814 1266 2885 ἡμῶν
1292 2817 1625 2871 Παταπίου.

334 2927 448 2998 Τὴν
468 2928 579 2981 τῶν
599 2927 891 2997 ἐγκωμίων
924 2927 1080 2981 τοῦδε
1106 2927 1199 2980 τοῦ
1226 2929 1443 2999 Πατρὸς
1468 2927 1851 2993 ἀποδὼσαντες

1957 2062 2311 2115 sanctiﬁcata
2359 2070 2483 2126 est;
2547 2063 2789 2132 viditque
2840 2064 3145 2121 humanum
3207 2084 3383 2137 genus
3420 2086 3440 2120 ι
3480 2068 3538 2123 in

1953 2149 2204 2204 tenebris
2228 2159 2282 2204 et
2309 2151 2505 2205 umbra
2535 2153 2733 2206 mortis
2746 2152 2963 2220 sedens,
2985 2154 3163 2209 lucem
3196 2171 3447 2225 magnam
3474 2164 3532 2208 ο»

1953 2241 2073 2294 sole
2100 2239 2556 2309 splendidiorem,
2584 2256 2706 2311 quae
2738 2259 2757 2292 ι
2799 2243 3074 2298 illuminet
3104 2259 3325 2300 omnem
3356 2246 3538 2300 homi-

1952 2348 2078 2388 nem
2107 2334 2164 2387 in
2192 2334 2459 2388 mundum
2489 2336 2800 2390 venientem
2823 2347 2872 2403 P,
2912 2356 2930 2389 ι
2962 2337 3242 2393 Christum
3275 2336 3537 2394 nimirum

1954 2424 2128 2478 Deum
2166 2434 2450 2480 nostrum.
2495 2424 2576 2479 llli
2610 2426 2809 2495 gloria,
2855 2442 2978 2481 cum
3010 2427 3175 2484 Patre
3219 2438 3275 2484 et
3322 2430 3539 2500 Spiritu

1954 2523 2171 2581 sancto,
2199 2509 2350 2571 nunc
2377 2525 2433 2573 et
2462 2531 2703 2587 semper,
2734 2527 2789 2572 et
2818 2517 2876 2572 in
2923 2520 3123 2575 saecula
3180 2522 3533 2576 saeculorum.

1956 2604 2150 2661 Amen.

2546 2718 2781 2776 MIRAC
2791 2721 2929 2775 ULA

2304 2812 2480 2865 sancti
2510 2812 2701 2867 Patris
2742 2817 2915 2868 nostri
2943 2814 3191 2884 Patapii.

2022 2920 2315 2976 Celebralo
2356 2925 2560 2990 quibus
2611 2925 2771 2980 licuit
2818 2927 3042 2980 laudum
3074 2930 3389 2997 praeconiis,
3426 2929 3535 2986 Pa-

261 3018 408 3089 εύφη
420 3019 570 3089 μίαν,
604 3017 834 3071 καθόσον
873 3019 1007 3088 ἡμῖν
1032 3018 1275 3086 ἐφικτὸν,
1299 3021 1397 3089 τὴν
1420 3019 1528 3072 τῶν
1553 3013 1850 3088 θαυμάτων

1959 3011 2054 3066 Iris
2085 3012 2254 3081 hujus
2280 3017 2560 3081 encomio,
2594 3031 2775 3086 operae
2801 3019 3036 3087 pretium
3072 3021 3248 3074 visum
3270 3029 3355 3077 est
3393 3034 3536 3079 utet

258 3109 433 3162 αὑτοῦ
473 3108 735 3179 ᾠήθημεν
772 3108 1027 3162 ἐκθέσθαι
1058 3108 1441 3179 ἀληθεστάτην
1471 3110 1747 3181 διήγησιν,
1782 3111 1849 3163 ἵν’

1959 3103 2297 3157 verissimam
2320 3105 2441 3174 ejus
2464 3108 2859 3163 miraculorum
2881 3113 3258 3167 narrationem
3289 3113 3533 3180 ederem,

260 3200 327 3254 ὲν
355 3201 528 3272 ταύτῃ
559 3203 672 3262 τοῖς
702 3199 973 3268 φιλοθέοις
1011 3201 1107 3253 καὶ
1140 3201 1445 3270 φιλεόρτοις
1471 3217 1849 3271 συμπανηγυ-

1959 3209 2063 3262 quo
2093 3195 2197 3260 eis,
2224 3212 2330 3249 una
2353 3213 2477 3251 cum
2514 3199 2604 3253 Dci
2624 3200 2865 3271 festique
2889 3205 3227 3270 amantibus,
3255 3221 3357 3262 nos
3386 3207 3537 3261 oble-

267 3290 542 3363 ρίσαντες,
590 3291 856 3359 εἴπωμεν·
916 3309 934 3341 ι
973 3291 1303 3359 Θαυμαστὸς
1345 3291 1514 3354 ὅντως
1552 3292 1611 3344 ἐν
1669 3292 1847 3359 ἁγίοις

1959 3287 2456 3352 ctantes,dicamus
2481 3308 2493 3343 :
2517 3309 2535 3341 ι
2571 3290 2837 3347 Mirabilis
2870 3309 3063 3349 revera
3085 3296 3225 3351 Deus
3246 3297 3298 3350 in
3324 3298 3534 3354 sanctis

172 3437 183 3447 _
263 3384 504 3455 ὑπάρχει
533 3385 562 3435 ὁ
595 3381 825 3453 Κύριος.
861 3400 879 3432 ι
908 3384 1019 3435 Καὶ
1048 3383 1237 3453 μηδεὶς
1268 3383 1586 3448 ἀπιστείτω,
1614 3384 1850 3453 μάλιστα

1959 3373 2167 3427 ευίες.»
2198 3374 2307 3429 Nec
2337 3393 2395 3432 se
2421 3378 2713 3448 quisquam
2744 3382 3091 3438 incredulum
3107 3387 3387 3451 exhibeat,
3407 3404 3532 3442 cum

261 3476 433 3529 αὑτοῦ
463 3473 556 3529 τοῦ
594 3474 801 3545 Κυρίου
827 3474 1102 3543 λέγοντοςο
1141 3494 1158 3525 ι
1220 3474 1279 3527 ’0
1309 3476 1582 3530 πιστεύων
1616 3480 1699 3541 είς
1723 3478 1848 3548 ἐμὲ,

261 3568 334 3619 τὰ
359 3565 497 3636 ἔργα
520 3567 554 3620 ἃ
591 3565 702 3635 ἐγὼ
731 3566 894 3631 ποιῶ,
937 3568 1193 3629 κάκεῖνος
1223 3568 1461 3637 ποιήσει,
1491 3568 1586 3623 καὶ
1626 3569 1851 3640 μείζονα

260 3659 471 3712 τούτων
502 3661 740 3730 ποιήσει.
766 3677 797 3712 η»
827 3659 901 3711 Οὐ
932 3661 999 3729 τῇ
1032 3658 1137 3730 ἰδίᾳ
1152 3658 1379 3730 δυνάμει
1406 3660 1502 3730 τὴν
1526 3661 1852 3732 εὐεργεσίαν

264 3753 548 3821 πηγάζων,
585 3753 721 3806 ἀλλὰ
752 3752 829 3823 τῷ
876 3752 996 3821 ἐμῷ
1026 3752 1255 3822 ὀνόματι
1305 3752 1400 3817 καὶ
1432 3755 1498 3824 τῇ
1548 3753 1740 3825 κλήσει
1782 3758 1847 3825 τῇ

267 3845 395 3915 ἐμῇο
433 3863 452 3896 ι
487 3844 631 3912 Ἐγὼ
661 3845 768 3915 γάρ
799 3846 916 3914 είμι
944 3845 973 3897 ό
999 3843 1067 3897 τὰ
1098 3845 1276 3898 πάντα
1308 3846 1366 3897 ἐν
1392 3846 1560 3897 πᾶσιν
1579 3846 1844 3915 ἐνεργῶν»

263 3938 331 4005 τῇ
359 3937 661 4005 Δεσποτικῇ
685 3935 928 4001 ἐξουσίᾳ
959 3933 1047 3985 Ἐν
1076 3932 1252 3997 τούτῳ
1283 3933 1311 3985 ὁ
1334 3934 1509 4004 μέγας
1544 3936 1848 4003 Πατάπιος,

260 4030 292 4082 ό
313 4028 529 4098 άληθῶς
564 4028 700 4082 Θεοῦ
741 4029 1054 4101 ἄνθρωπος,
1095 4032 1124 4084 ό
1144 4030 1207 4083 τὸ
1248 4030 1410 4098 ζόφος
1437 4029 1598 4097 ἀφεὶς
1618 4029 1718 4099 τῆς
1751 4031 1849 4081 Αἰ-

261 4118 496 4187 γύπτου,
549 4120 646 4171 καὶ
689 4118 768 4189 τῷ
814 4116 957 4187 φωτὶ
994 4118 1329 4189 πλησιάσας,
1368 4117 1466 4171 καὶ
1498 4115 1722 4186 Χριστῷ
1758 4132 1852 4168 συο

264 4209 623 4281 σταυρωθεὶς,
658 4210 753 4263 καὶ
785 4208 896 4264 τῶν
918 4209 1231 4280 ἀσωμάτων
1259 4208 1552 4278 δυνάμεων
1579 4208 1639 4259 ἐν
1666 4205 1849 4276 θνητῷ

259 4299 480 4371 σώματι
511 4300 933 4371 συμϐιωτεύσας
964 4299 1103 4370 βίον.
1156 4301 1215 4354 Ὀ
1248 4300 1431 4370 τίμιος
1468 4301 1534 4369 τῇ
1561 4297 1707 4369 ψυχῇ
1754 4296 1849 4350 καὶ

255 4394 338 4463 τῷ
370 4392 606 4462 σώματι·
645 4393 673 4445 ό
701 4391 792 4446 τὸν
823 4391 1116 4463 ἀκτήμονα
1154 4391 1272 4462 βίον
1308 4390 1583 4462 ποθήσας,
1642 4390 1737 4442 καὶ
1766 4389 1850 4452 είς

253 4482 391 4535 Θεὸν
425 4483 759 4552 πλουτήσας,
811 4482 909 4535 καὶ
947 4482 1046 4549 τῆς
1099 4481 1438 4545 πολυτελοῦς
1481 4480 1849 4546 καταξιωθεὶς

255 4575 504 4646 χάριτος,
544 4569 701 4637 οὗτος
729 4591 748 4625 ι
781 4573 963 4630 λαϐὼν
985 4577 1137 4647 παρὰ
1167 4575 1303 4630 Θεοῦ
1336 4574 1588 4643 ἐξουσίαν
1618 4573 1710 4628 τοῦ
1743 4591 1845 4626 πα-

1950 3468 2259 3539 prarsertim
2294 3469 2560 3526 Dominus
2584 3473 2701 3542 ipse
2719 3474 2898 3530 dicat:
2921 3494 2939 3526 ‹
2973 3474 3078 3543 Qui
3116 3478 3294 3532 credit
3337 3479 3391 3532 in
3423 3494 3531 3543 me,

1952 3576 2118 3631 Opera
2148 3577 2269 3631 qius
2297 3577 2401 3632 ego
2423 3562 2589 3628 facio,
2622 3573 2677 3619 et
2707 3566 2826 3634 ipse
2845 3565 3007 3621 faciet
3022 3575 3075 3622 et
3098 3569 3307 3638 majora
3336 3571 3530 3623 horum

1951 3652 2118 3707 faciet
2147 3662 2191 3707 ι’.
2230 3673 2249 3705 ι
2283 3652 2402 3707 Νοη
2429 3655 2578 3708 velut
2609 3656 2729 3725 ipse
2758 3655 2801 3712 a’
2834 3673 2894 3713 se
2938 3659 3190 3715 beneﬁcii
3226 3661 3375 3715 velut
3409 3660 3535 3717 fons

1951 3747 2203 3811 exsistat,
2235 3747 2329 3801 sed
2356 3747 2412 3799 in
2433 3762 2556 3802 meo
2582 3750 2828 3812 nomine,
2857 3766 2919 3805 ac
2943 3767 3028 3807 me
3054 3752 3330 3807 invocato.
3367 3772 3386 3804 ι
3414 3754 3533 3822 Ipse

1952 3835 2097 3889 enim
2134 3835 2318 3890 omnia
2360 3836 2415 3889 in
2465 3837 2721 3893 omnibus
2764 3847 2786 3877 ³
2822 3858 2841 3892 ι
2902 3839 3191 3897 Dominica
3260 3852 3535 3912 potestate

1960 3946 1981 3978 ‹
2003 3942 2223 3996 operor.
2250 3946 2269 3980 ι
2307 3928 2364 3982 lu
2401 3928 2519 3990 illo,
2549 3944 2781 4000 magnus
2805 3933 3090 4003 Patapius,
3126 3950 3253 3988 vere
3288 3935 3335 3990 is
3371 3935 3535 3990 homo

1950 4018 2068 4086 Dei,
2094 4021 2214 4089 qui,
2248 4022 2439 4077 relicta
2468 4020 2690 4093 Egypti
2720 4023 2976 4093 caligine,
3021 4027 3087 4079 ad
3130 4027 3311 4082 lumen
3345 4042 3537 4083 acces‘

1951 4111 2042 4176 sit,
2078 4127 2143 4166 ac
2185 4112 2410 4168 Christo
2456 4115 2710 4171 conﬁxus
2747 4116 2936 4182 cruci,
2969 4116 3136 4171 vitam
3176 4119 3533 4189 incorporea-

1949 4217 2071 4256 rutn
2121 4203 2389 4258 virtutum
2447 4206 2647 4260 vixerit
2693 4205 2748 4260 in
2798 4208 3018 4262 mortali
3073 4224 3354 4278 corpore:
3405 4211 3532 4277 ille,

1950 4293 2200 4362 inquam,
2251 4302 2308 4348 et
2371 4295 2553 4349 anima
2606 4297 2881 4363 pretiosus
2941 4296 3428 4367 honorabilisque,
3477 4310 3532 4352 et

1949 4399 2186 4454 corpore
2218 4405 2231 4440 :
2261 4387 2353 4456 qui
2387 4387 2646 4442 dilexerit
2695 4388 2860 4442 vitam
2908 4388 3150 4459 inepem,
3199 4405 3264 4443 ac
3310 4390 3363 4443 in
3420 4389 3532 4445 Deo

1949 4474 2128 4541 dives,
2166 4474 2490 4546 magniﬁcas
2527 4478 2718 4547 gratiae
2749 4492 2884 4547 opes
2915 4480 3148 4549 adeptus
3180 4480 3280 4546 sit;
3336 4479 3463 4544 hoc,
3500 4496 3528 4534 a

1951 4564 2063 4620 Deo
2097 4584 2116 4617 ι
2153 4572 2380 4635 accepta
2417 4574 2693 4635 potestate
2725 4567 2975 4622 ealcandi
3017 4584 3185 4639 supra
3216 4578 3527 4639 serpentes,

258 4669 375 4719 τεῖν
401 4666 589 4720 ἐπάνω
615 4667 792 4736 ὄφεων
813 4668 909 4723 καὶ⁹
942 4668 1246 4739 σκορπίων,
1276 4667 1376 4720 καὶ
1410 4667 1504 4719 ἐπὶ
1537 4667 1718 4719 πᾶσαν
1748 4664 1847 4734 τὴν

1959 4666 2004 4712 et
2034 4657 2372 4726 scorpiones,
2404 4668 2459 4713 et
2499 4673 2717 4713 onmem
2768 4662 3030 4716 virtutem
3066 4662 3275 4716 inimici
3309 4662 3355 4727 t;
3390 4682 3409 4715 ›
3462 4693 3533 4704 -

260 4758 493 4828 δύναμιν
540 4759 637 4813 τοῦ
691 4759 914 4831 ἐχθροῦ*
949 4780 968 4813 ι
1012 4789 1084 4801 -
1118 4779 1137 4812 ι
1175 4759 1517 4830 Θεραπεύειν
1556 4775 1616 4810 τε
1664 4758 1849 4810 πᾶσαν

1959 4764 1971 4796 ι
2018 4745 2366 4816 curandique
2414 4763 2633 4803 onmem
2667 4750 2923 4803 morbum
2951 4758 3007 4802 et
3043 4765 3262 4806 omnem
3298 4751 3529 4818 languo-

257 4848 417 4902 νόσον
447 4850 543 4904 καλ⁸
566 4854 751 4906 πᾶσαν
784 4851 1077 4922 μαλακίαν,
1111 4869 1140 4903 ι·
1165 4849 1368 4916 ἔδειξεν
1398 4850 1534 4920 ἡμῖν
1557 4848 1761 4912 κάυτὸς
1790 4850 1847 4902 ὲν

1959 4850 2064 4891 rem
2097 4843 2150 4900 υ,
2183 4855 2204 4888 ι
2235 4837 2479 4891 ostendit
2507 4848 2561 4892 et
2603 4839 2722 4909 ipse
2754 4839 2917 4895 nobis
2952 4840 3009 4895 in
3047 4841 3252 4911 seipso,
3293 4840 3387 4896 Dei
3421 4841 3528 4893 mi-

256 4937 407 5009 αὐτῷ
437 4940 506 4993 τά
557 4940 652 4993 τοῦ
710 4938 1150 5010 παραδοξοποιοῦ
1204 4935 1343 4991 Θεοῦ
1384 4937 1696 5003 θαυμάσια·
1743 4936 1846 5008 τὴν

1959 4927 2198 4983 rabilium
2266 4930 2576 4998 patratoris
2653 4931 2934 4986 mirabilia
3018 4948 3226 5004 Opera,
3291 4934 3528 5003 gratiam

257 5027 492 5096 ἄφθονον
529 5029 709 5100 χάρινο
742 5029 843 5098 τὴν
870 5027 1142 5099 βρύουσαν
1170 5029 1378 5099 πηγήν’
1404 5029 1475 5080 τὰ
1507 5027 1843 5099 μελλίῤῥυτα

1959 5020 2201 5084 uberem,
2240 5029 2557 5078 manantem
2589 5021 2824 5089 fontem,
2858 5024 3149 5080 mellitluos
3183 5026 3394 5080 latices.

256 5119 500 5188 νάματα.
1676 5127 1692 5142 ⁸

572 5212 713 5280 Περὶ
751 5210 861 5279 τῆς
880 5211 1095 5277 ἰάσεως
1129 5211 1238 5265 τοῦ
1269 5210 1525 5279 τυφλοῦη

2076 5258 2079 5263 .
2497 5205 2576 5261 De
2602 5224 2741 5262 caeco
2768 5222 2981 5264 sanato.

204 5262 249 5296 ι’.

210 5302 251 5373 ’ί
330 5321 516 5394 Τούτῳ
562 5325 674 5397 γάρ
714 5342 846 5378 ποτε
896 5325 977 5395 τῷ
1019 5324 1298 5397 μακαρίῳ,
1338 5323 1540 5393 τυφλός
1568 5340 1653 5387 τις
1695 5324 1840 5378 κατὰ

256 5411 349 5466 τὸν
393 5413 458 5467 ὲκ
489 5419 759 5487 γεωητῆς
790 5416 1017 5484 τυφλὸν,
1060 5417 1459 5488 προσέρχεται,
1487 5416 1706 5487 κράζων
1744 5416 1840 5470 καὶ

259 5505 456 5574 λέγων’
496 5506 661 5560 Δοῦλε
686 5508 783 5562 τοῦ
815 5508 952 5561 Θεοῦ
984 5508 1079 5563 τοῦ
1109 5509 1359 5579 ὑψίστου,
1390 5509 1662 5575 Πατάπιε,
1692 5507 1842 5560 ἵασαί

1959 5518 2198 5572 :ensque
2234 5521 2247 5558 :
2282 5502 2450 5560 Serve
2474 5503 2570 5560 Dei
2602 5504 2884 5566 altissimi.
2916 5504 3132 5575 Patapi,
3167 5521 3303 5560 sana
3335 5508 3528 5561 oculos

261 5615 367 5668 μου
401 5598 527 5662 τοὺς
548 5600 884 5671 ὀφθαλμούςο
920 5600 1137 5666 ἄνοιξόν
1171 5619 1273 5671 μου
1313 5600 1414 5672 τὴν
1441 5601 1713 5672 πήρωσιν,
1745 5598 1841 5651 καὶ

1959 5616 2137 5667 meos;
2173 5602 2327 5673 aperi
2357 5617 2537 5660 meam
2586 5604 2918 5665 caecitatem,
2955 5617 3021 5656 ac
3069 5616 3155 5656 me
3191 5601 3527 5656 obtcnebra-

260 5690 497 5759 φώτισόν
537 5708 606 5763 με
648 5693 744 5748 τὸν
775 5694 1187 5765 ἐσκοτισμένον,
1213 5695 1266 5747 εί
1291 5711 1408 5757 πως
1437 5693 1526 5747 διὰ
1566 5690 1684 5753 σοῦ,
1746 5688 1846 5759 τὴν

1959 5700 2069 5746 ιυιυ
2100 5693 2349 5750 illunu'na
2384 5712 2398 5749 :
2432 5694 2481 5749 si
2529 5693 2807 5764 quomodo
2838 5709 2936 5763 per
2974 5702 3026 5748 te
3064 5693 3259 5748 videns
3281 5735 3296 5760 ,
3331 5706 3526 5747 corum

2016 5314 2154 5372 Cum
2188 5319 2255 5372 ad
2284 5333 2406 5373 eum
2462 5321 2802 5392 quandoque
2844 5337 3023 5377 caecus
3066 5322 3289 5391 quidam
3317 5364 3333 5388 ,
3384 5336 3559 5401 careo

1947 5409 2027 5466 illi
2058 5425 2089 5465 a
2148 5410 2446 5467 nativitate
2475 5404 2677 5467 similis
2718 5418 2767 5475 ν,
2797 5413 3117 5469 accessisset
3153 5414 3397 5468 clamans
3442 5414 3527 5468 di-

338 5847 539 5902 l’ilom.
573 5863 626 5908 ν,
657 5844 749 5902 20;
826 5857 853 5885 ο
884 5850 990 5905 lsa.
1025 5860 1105 5907 Ix,
1134 5844 1201 5911 2;
1238 5845 1374 5901 Luc.
1400 5860 1438 5911 ι,
1465 5844 1580 5915 79η
1629 5856 1656 5897 ι)
1683 5843 1842 5900 Joan.

1959 5847 2010 5903 9.
2088 5857 2116 5898 τι
2144 5846 2291 5905 Psal.
2327 5862 2497 5915 um,
2529 5846 2620 5903 56.
2728 5854 2754 5885 ι’
2784 5844 2945 5902 Joan.
2972 5860 3086 5912 xxv,
3126 5845 3214 5902 l2.
3295 5854 3319 5885 ³
3350 5845 3534 5905 lCor.‘

160 5950 165 5953 τ
261 5925 435 5984 xn,6.
519 5922 533 5955 ι
570 5917 704 5973 Luc.
737 5934 792 5984 ι,
835 5919 926 5972 l9.
1064 5915 1254 5972 Matth.
1288 5932 1342 5983 ι,
1371 5915 1422 5970 1.
1498 5926 1527 5957 τ
1556 5913 1716 5971 Joan.
1751 5932 1829 5986 Ix,
1874 5918 1925 5972 i.
