  <div class='ocr_page' id='page_1' title='image "/cluster/home/n/w/nwhite01/storage/ocr_20150623/97/coo.31924054870013/643.png"; bbox 0 0 3950 6478; ppageno 0'>
   <div class='ocr_carea' id='block_1_1' title="bbox 481 464 623 529">
    <p class='ocr_par' dir='ltr' id='par_1_1' title="bbox 481 464 623 529">
     <span class='ocr_line' id='line_1_1' title="bbox 481 464 623 529; baseline 0.021 -3"><span class='ocrx_word' id='word_1_1' title='bbox 481 464 623 529; x_wconf 73' lang='lat'><strong>1223</strong></span> 
     </span>
    </p>
   </div>
   <div class='ocr_carea' id='block_1_2' title="bbox 1658 462 2549 538">
    <p class='ocr_par' dir='ltr' id='par_1_2' title="bbox 1658 462 2549 538">
     <span class='ocr_line' id='line_1_2' title="bbox 1658 462 2549 538; baseline -0.002 -10"><span class='ocrx_word' id='word_1_2' title='bbox 1658 469 1724 532; x_wconf 88' lang='lat' dir='ltr'><strong>S.</strong></span> <span class='ocrx_word' id='word_1_3' title='bbox 1763 462 2097 528; x_wconf 73' lang='lat' dir='ltr'><strong>ANDREIE</strong></span> <span class='ocrx_word' id='word_1_4' title='bbox 2124 462 2549 538; x_wconf 80' lang='lat' dir='ltr'><strong>CRETENSIS</strong></span> 
     </span>
    </p>
   </div>
   <div class='ocr_carea' id='block_1_3' title="bbox 3648 450 3765 535">
    <p class='ocr_par' dir='ltr' id='par_1_3' title="bbox 3648 450 3765 535">
     <span class='ocr_line' id='line_1_3' title="bbox 3648 450 3765 535; baseline 0 0"><span class='ocrx_word' id='word_1_5' title='bbox 3648 450 3765 535; x_wconf 66' lang='lat' dir='ltr'><strong>mi</strong></span> 
     </span>
    </p>
   </div>
   <div class='ocr_carea' id='block_1_4' title="bbox 479 561 2065 647">
    <p class='ocr_par' dir='ltr' id='par_1_4' title="bbox 479 574 2064 647">
     <span class='ocr_line' id='line_1_4' title="bbox 479 574 2064 647; baseline 0 -17"><span class='ocrx_word' id='word_1_6' title='bbox 479 591 607 647; x_wconf 75' lang='lat' dir='ltr'><strong>quae</strong></span> <span class='ocrx_word' id='word_1_7' title='bbox 636 574 817 632; x_wconf 88' lang='lat' dir='ltr'><strong>oculis</strong></span> <span class='ocrx_word' id='word_1_8' title='bbox 842 582 973 631; x_wconf 89' lang='lat' dir='ltr'><strong>sunt</strong></span> <span class='ocrx_word' id='word_1_9' title='bbox 995 575 1268 646; x_wconf 83' lang='lat' dir='ltr'><strong>subjecta,</strong></span> <span class='ocrx_word' id='word_1_10' title='bbox 1309 574 1802 631; x_wconf 87' lang='lat' dir='ltr'><strong>eonciunissimam</strong></span> <span class='ocrx_word' id='word_1_11' title='bbox 1832 589 2064 647; x_wconf 89' lang='lat' dir='ltr'><strong>compo-</strong></span> 
     </span>
    </p>
   </div>
   <div class='ocr_carea' id='block_1_5' title="bbox 2167 561 3763 647">
    <p class='ocr_par' dir='ltr' id='par_1_5' title="bbox 2169 561 3763 646">
     <span class='ocr_line' id='line_1_5' title="bbox 2169 561 3763 646; baseline -0.008 -19"><span class='ocrx_word' id='word_1_12' title='bbox 2169 572 2283 628; x_wconf 83' lang='grc' dir='ltr'><strong>τῶν</strong></span> <span class='ocrx_word' id='word_1_13' title='bbox 2326 573 2627 646; x_wconf 74' lang='grc' dir='ltr'><strong>ὁρωμένων</strong></span> <span class='ocrx_word' id='word_1_14' title='bbox 2681 572 3028 642; x_wconf 83' lang='grc' dir='ltr'><strong>θεασάμενος</strong></span> <span class='ocrx_word' id='word_1_15' title='bbox 3066 568 3462 640; x_wconf 80' lang='grc' dir='ltr'><strong>παναρμόνιον</strong></span> <span class='ocrx_word' id='word_1_16' title='bbox 3504 561 3763 624; x_wconf 80' lang='grc' dir='ltr'><strong>σύστασιν,</strong></span> 
     </span>
    </p>
   </div>
   <div class='ocr_carea' id='block_1_6' title="bbox 482 654 2065 740">
    <p class='ocr_par' dir='ltr' id='par_1_6' title="bbox 482 666 2065 740">
     <span class='ocr_line' id='line_1_6' title="bbox 482 666 2065 740; baseline 0.002 -19"><span class='ocrx_word' id='word_1_17' title='bbox 482 668 766 730; x_wconf 85' lang='lat' dir='ltr'><strong>sitionem,</strong></span> <span class='ocrx_word' id='word_1_18' title='bbox 803 666 1150 738; x_wconf 74' lang='lat' dir='ltr'><strong>miratusque</strong></span> <span class='ocrx_word' id='word_1_19' title='bbox 1181 668 1446 724; x_wconf 75' lang='lat' dir='ltr'><strong>eximiam</strong></span> <span class='ocrx_word' id='word_1_20' title='bbox 1491 683 1679 724; x_wconf 90' lang='lat' dir='ltr'><strong>rerum</strong></span> <span class='ocrx_word' id='word_1_21' title='bbox 1721 670 1963 740; x_wconf 77' lang='lat' dir='ltr'><strong>speciem</strong></span> <span class='ocrx_word' id='word_1_22' title='bbox 1988 709 2004 734; x_wconf 93' lang='lat'><strong>,</strong></span> <span class='ocrx_word' id='word_1_23' title='bbox 2036 685 2065 724; x_wconf 90' lang='lat' dir='ltr'><strong>a</strong></span> 
     </span>
    </p>
   </div>
   <div class='ocr_carea' id='block_1_7' title="bbox 2167 654 3767 740">
    <p class='ocr_par' dir='ltr' id='par_1_7' title="bbox 2172 654 3767 737">
     <span class='ocr_line' id='line_1_7' title="bbox 2172 654 3767 737; baseline -0.008 -17"><span class='ocrx_word' id='word_1_24' title='bbox 2172 666 2270 720; x_wconf 77' lang='grc' dir='ltr'><strong>καὶ</strong></span> <span class='ocrx_word' id='word_1_25' title='bbox 2295 666 2587 737; x_wconf 78' lang='grc' dir='ltr'><strong>θαυμάσας</strong></span> <span class='ocrx_word' id='word_1_26' title='bbox 2612 666 2797 719; x_wconf 81' lang='grc' dir='ltr'><strong>αὐτῶν</strong></span> <span class='ocrx_word' id='word_1_27' title='bbox 2831 665 2892 717; x_wconf 73' lang='grc' dir='ltr'><strong>τὸ</strong></span> <span class='ocrx_word' id='word_1_28' title='bbox 2922 664 3227 733; x_wconf 81' lang='grc' dir='ltr'><strong>ἐξαίρετον,</strong></span> <span class='ocrx_word' id='word_1_29' title='bbox 3275 659 3529 729; x_wconf 70' lang='grc' dir='ltr'><strong>ὑμνήσω</strong></span> <span class='ocrx_word' id='word_1_30' title='bbox 3553 654 3642 710; x_wconf 78' lang='grc' dir='ltr'><strong>διὰ</strong></span> <span class='ocrx_word' id='word_1_31' title='bbox 3672 657 3767 709; x_wconf 79' lang='grc' dir='ltr'><strong>τῶν</strong></span> 
     </span>
    </p>
   </div>
   <div class='ocr_carea' id='block_1_8' title="bbox 440 758 2071 832">
    <p class='ocr_par' dir='ltr' id='par_1_8' title="bbox 440 758 2071 832">
     <span class='ocr_line' id='line_1_8' title="bbox 440 758 2071 832; baseline 0.004 -23"><span class='ocrx_word' id='word_1_32' title='bbox 440 803 445 809; x_wconf 86' lang='grc'>.</span> <span class='ocrx_word' id='word_1_33' title='bbox 484 760 710 825; x_wconf 76' lang='lat' dir='ltr'><strong>creatis,</strong></span> <span class='ocrx_word' id='word_1_34' title='bbox 737 758 1058 816; x_wconf 77' lang='lat' dir='ltr'><strong>Creatorem</strong></span> <span class='ocrx_word' id='word_1_35' title='bbox 1085 769 1491 832; x_wconf 87' lang='lat' dir='ltr'><strong>auctoremque</strong></span> <span class='ocrx_word' id='word_1_36' title='bbox 1517 762 1737 818; x_wconf 90' lang='lat' dir='ltr'><strong>laudem</strong></span> <span class='ocrx_word' id='word_1_37' title='bbox 1778 777 1942 817; x_wconf 76' lang='lat' dir='ltr'><strong>:eum</strong></span> <span class='ocrx_word' id='word_1_38' title='bbox 1986 762 2071 816; x_wconf 83' lang='lat' dir='ltr'><strong>vir</strong></span> 
     </span>
    </p>
   </div>
   <div class='ocr_carea' id='block_1_9' title="bbox 486 853 2072 924">
    <p class='ocr_par' dir='ltr' id='par_1_9' title="bbox 486 853 2072 924">
     <span class='ocr_line' id='line_1_9' title="bbox 486 853 2072 924; baseline 0.003 -18"><span class='ocrx_word' id='word_1_39' title='bbox 486 853 684 906; x_wconf 88' lang='lat' dir='ltr'><strong>beatus</strong></span> <span class='ocrx_word' id='word_1_40' title='bbox 709 853 951 908; x_wconf 77' lang='lat' dir='ltr'><strong>intuitus</strong></span> <span class='ocrx_word' id='word_1_41' title='bbox 975 855 1129 924; x_wconf 88' lang='lat' dir='ltr'><strong>gravi</strong></span> <span class='ocrx_word' id='word_1_42' title='bbox 1161 854 1507 912; x_wconf 75' lang='lat' dir='ltr'><strong>laborantem</strong></span> <span class='ocrx_word' id='word_1_43' title='bbox 1549 854 1821 921; x_wconf 70' lang='lat' dir='ltr'><strong>caecitate,</strong></span> <span class='ocrx_word' id='word_1_44' title='bbox 1860 855 2072 924; x_wconf 86' lang='lat' dir='ltr'><strong>quique</strong></span> 
     </span>
    </p>
   </div>
   <div class='ocr_carea' id='block_1_10' title="bbox 452 943 2070 1016">
    <p class='ocr_par' dir='ltr' id='par_1_10' title="bbox 452 943 2070 1016">
     <span class='ocr_line' id='line_1_10' title="bbox 452 943 2070 1016; baseline 0.001 -18"><span class='ocrx_word' id='word_1_45' title='bbox 452 943 852 1016; x_wconf 58' lang='lat' dir='ltr'><strong>fnibilbminus</strong></span> <span class='ocrx_word' id='word_1_46' title='bbox 879 945 1043 1001; x_wconf 73' lang='lat' dir='ltr'><strong>fidem</strong></span> <span class='ocrx_word' id='word_1_47' title='bbox 1075 961 1200 1016; x_wconf 69' lang='lat' dir='ltr'><strong>quae</strong></span> <span class='ocrx_word' id='word_1_48' title='bbox 1225 945 1494 1002; x_wconf 77' lang='lat' dir='ltr'><strong>transfert</strong></span> <span class='ocrx_word' id='word_1_49' title='bbox 1524 953 1766 1012; x_wconf 83' lang='lat' dir='ltr'><strong>montes,</strong></span> <span class='ocrx_word' id='word_1_50' title='bbox 1818 946 2070 1011; x_wconf 85' lang='lat' dir='ltr'><strong>haberet,</strong></span> 
     </span>
    </p>
   </div>
   <div class='ocr_carea' id='block_1_11' title="bbox 482 1038 2069 1110">
    <p class='ocr_par' dir='ltr' id='par_1_11' title="bbox 482 1038 2069 1110">
     <span class='ocr_line' id='line_1_11' title="bbox 482 1038 2069 1110; baseline 0.003 -19"><span class='ocrx_word' id='word_1_51' title='bbox 482 1038 533 1091; x_wconf 88' lang='lat' dir='ltr'><strong>ei</strong></span> <span class='ocrx_word' id='word_1_52' title='bbox 576 1039 869 1109; x_wconf 86' lang='lat' dir='ltr'><strong>respondit</strong></span> <span class='ocrx_word' id='word_1_53' title='bbox 909 1056 923 1092; x_wconf 91' lang='lat'><strong>:</strong></span> <span class='ocrx_word' id='word_1_54' title='bbox 965 1039 1111 1105; x_wconf 84' lang='lat' dir='ltr'><strong>Quid</strong></span> <span class='ocrx_word' id='word_1_55' title='bbox 1152 1041 1219 1095; x_wconf 88' lang='lat' dir='ltr'><strong>ad</strong></span> <span class='ocrx_word' id='word_1_56' title='bbox 1267 1056 1356 1096; x_wconf 90' lang='lat' dir='ltr'><strong>me</strong></span> <span class='ocrx_word' id='word_1_57' title='bbox 1400 1040 1695 1106; x_wconf 84' lang='lat' dir='ltr'><strong>accedens,</strong></span> <span class='ocrx_word' id='word_1_58' title='bbox 1746 1055 1780 1095; x_wconf 83' lang='grc' dir='ltr'><strong>ο</strong></span> <span class='ocrx_word' id='word_1_59' title='bbox 1820 1040 2069 1110; x_wconf 85' lang='lat' dir='ltr'><strong>juvenis,</strong></span> 
     </span>
    </p>
   </div>
   <div class='ocr_carea' id='block_1_12' title="bbox 479 1129 2070 1200">
    <p class='ocr_par' dir='ltr' id='par_1_12' title="bbox 479 1129 2070 1200">
     <span class='ocr_line' id='line_1_12' title="bbox 479 1129 2070 1200; baseline 0.002 -17"><span class='ocrx_word' id='word_1_60' title='bbox 479 1129 600 1183; x_wconf 88' lang='lat' dir='ltr'><strong>dari</strong></span> <span class='ocrx_word' id='word_1_61' title='bbox 644 1131 784 1200; x_wconf 81' lang='lat' dir='ltr'><strong>petis</strong></span> <span class='ocrx_word' id='word_1_62' title='bbox 827 1146 950 1200; x_wconf 69' lang='lat' dir='ltr'><strong>qua:</strong></span> <span class='ocrx_word' id='word_1_63' title='bbox 980 1141 1247 1200; x_wconf 88' lang='lat' dir='ltr'><strong>superant</strong></span> <span class='ocrx_word' id='word_1_64' title='bbox 1279 1147 1458 1187; x_wconf 88' lang='lat' dir='ltr'><strong>meam</strong></span> <span class='ocrx_word' id='word_1_65' title='bbox 1508 1130 1830 1189; x_wconf 79' lang='lat' dir='ltr'><strong>facultatem</strong></span> <span class='ocrx_word' id='word_1_66' title='bbox 1857 1132 1885 1186; x_wconf 85' lang='lat'><strong>?</strong></span> <span class='ocrx_word' id='word_1_67' title='bbox 1926 1130 2070 1199; x_wconf 82' lang='lat' dir='ltr'><strong>Quid</strong></span> 
     </span>
    </p>
   </div>
   <div class='ocr_carea' id='block_1_13' title="bbox 482 1223 2072 1293">
    <p class='ocr_par' dir='ltr' id='par_1_13' title="bbox 482 1223 2072 1293">
     <span class='ocr_line' id='line_1_13' title="bbox 482 1223 2072 1293; baseline 0.003 -20"><span class='ocrx_word' id='word_1_68' title='bbox 482 1236 616 1275; x_wconf 85' lang='lat' dir='ltr'><strong>vero</strong></span> <span class='ocrx_word' id='word_1_69' title='bbox 647 1223 699 1275; x_wconf 90' lang='lat' dir='ltr'><strong>in</strong></span> <span class='ocrx_word' id='word_1_70' title='bbox 726 1238 818 1278; x_wconf 90' lang='lat' dir='ltr'><strong>me</strong></span> <span class='ocrx_word' id='word_1_71' title='bbox 840 1223 1109 1293; x_wconf 77' lang='lat' dir='ltr'><strong>aspexisti</strong></span> <span class='ocrx_word' id='word_1_72' title='bbox 1158 1224 1311 1289; x_wconf 89' lang='lat' dir='ltr'><strong>boni,</strong></span> <span class='ocrx_word' id='word_1_73' title='bbox 1348 1240 1382 1279; x_wconf 89' lang='grc' dir='ltr'><strong>ο</strong></span> <span class='ocrx_word' id='word_1_74' title='bbox 1425 1224 1615 1291; x_wconf 83' lang='lat' dir='ltr'><strong>homo,</strong></span> <span class='ocrx_word' id='word_1_75' title='bbox 1649 1233 1710 1278; x_wconf 91' lang='lat' dir='ltr'><strong>ut</strong></span> <span class='ocrx_word' id='word_1_76' title='bbox 1747 1238 1870 1280; x_wconf 84' lang='lat' dir='ltr'><strong>eam</strong></span> <span class='ocrx_word' id='word_1_77' title='bbox 1909 1236 1941 1276; x_wconf 89' lang='lat' dir='ltr'><strong>a</strong></span> <span class='ocrx_word' id='word_1_78' title='bbox 1983 1238 2072 1278; x_wconf 91' lang='lat' dir='ltr'><strong>me</strong></span> 
     </span>
    </p>
   </div>
   <div class='ocr_carea' id='block_1_14' title="bbox 483 1317 2072 1387">
    <p class='ocr_par' dir='ltr' id='par_1_14' title="bbox 483 1317 2072 1387">
     <span class='ocr_line' id='line_1_14' title="bbox 483 1317 2072 1387; baseline 0.004 -20"><span class='ocrx_word' id='word_1_79' title='bbox 483 1329 645 1384; x_wconf 89' lang='lat' dir='ltr'><strong>roges</strong></span> <span class='ocrx_word' id='word_1_80' title='bbox 679 1317 934 1385; x_wconf 83' lang='lat' dir='ltr'><strong>accipere</strong></span> <span class='ocrx_word' id='word_1_81' title='bbox 965 1318 1312 1371; x_wconf 82' lang='lat' dir='ltr'><strong>curationem</strong></span> <span class='ocrx_word' id='word_1_82' title='bbox 1365 1332 1532 1387; x_wconf 90' lang='lat' dir='ltr'><strong>quam</strong></span> <span class='ocrx_word' id='word_1_83' title='bbox 1584 1319 1740 1373; x_wconf 89' lang='lat' dir='ltr'><strong>solus</strong></span> <span class='ocrx_word' id='word_1_84' title='bbox 1783 1319 2072 1373; x_wconf 88' lang='lat' dir='ltr'><strong>universo-</strong></span> 
     </span>
    </p>
   </div>
   <div class='ocr_carea' id='block_1_15' title="bbox 482 1406 2073 1478">
    <p class='ocr_par' dir='ltr' id='par_1_15' title="bbox 482 1406 2073 1478">
     <span class='ocr_line' id='line_1_15' title="bbox 482 1406 2073 1478; baseline 0.006 -21"><span class='ocrx_word' id='word_1_85' title='bbox 482 1422 605 1458; x_wconf 89' lang='lat' dir='ltr'><strong>rum</strong></span> <span class='ocrx_word' id='word_1_86' title='bbox 636 1406 894 1462; x_wconf 90' lang='lat' dir='ltr'><strong>conditor</strong></span> <span class='ocrx_word' id='word_1_87' title='bbox 934 1408 1102 1473; x_wconf 87' lang='lat' dir='ltr'><strong>Deus,</strong></span> <span class='ocrx_word' id='word_1_88' title='bbox 1142 1409 1260 1476; x_wconf 88' lang='lat' dir='ltr'><strong>ubi,</strong></span> <span class='ocrx_word' id='word_1_89' title='bbox 1307 1416 1362 1463; x_wconf 92' lang='lat' dir='ltr'><strong>et</strong></span> <span class='ocrx_word' id='word_1_90' title='bbox 1408 1409 1688 1478; x_wconf 88' lang='lat' dir='ltr'><strong>quomodo</strong></span> <span class='ocrx_word' id='word_1_91' title='bbox 1712 1449 1726 1474; x_wconf 90' lang='lat'><strong>,</strong></span> <span class='ocrx_word' id='word_1_92' title='bbox 1764 1418 1820 1464; x_wconf 83' lang='lat' dir='ltr'><strong>et</strong></span> <span class='ocrx_word' id='word_1_93' title='bbox 1868 1410 2073 1478; x_wconf 80' lang='lat' dir='ltr'><strong>quibus</strong></span> 
     </span>
    </p>
   </div>
   <div class='ocr_carea' id='block_1_16' title="bbox 484 1495 2064 1565">
    <p class='ocr_par' dir='ltr' id='par_1_16' title="bbox 484 1495 2064 1565">
     <span class='ocr_line' id='line_1_16' title="bbox 484 1495 2064 1565; baseline 0.003 -17"><span class='ocrx_word' id='word_1_94' title='bbox 484 1495 603 1548; x_wconf 88' lang='lat' dir='ltr'><strong>vult</strong></span> <span class='ocrx_word' id='word_1_95' title='bbox 639 1495 996 1565; x_wconf 84' lang='lat' dir='ltr'><strong>impertitur?</strong></span> <span class='ocrx_word' id='word_1_96' title='bbox 1022 1496 1229 1563; x_wconf 84' lang='lat' dir='ltr'><strong>Quidni</strong></span> <span class='ocrx_word' id='word_1_97' title='bbox 1258 1498 1326 1551; x_wconf 91' lang='lat' dir='ltr'><strong>ad</strong></span> <span class='ocrx_word' id='word_1_98' title='bbox 1356 1513 1482 1553; x_wconf 88' lang='lat' dir='ltr'><strong>eum</strong></span> <span class='ocrx_word' id='word_1_99' title='bbox 1534 1497 1865 1553; x_wconf 83' lang='lat' dir='ltr'><strong>recurristi?</strong></span> <span class='ocrx_word' id='word_1_100' title='bbox 1896 1497 2064 1565; x_wconf 84' lang='lat' dir='ltr'><strong>Quid,</strong></span> 
     </span>
    </p>
   </div>
   <div class='ocr_carea' id='block_1_17' title="bbox 482 1586 2073 1656">
    <p class='ocr_par' dir='ltr' id='par_1_17' title="bbox 482 1586 2073 1656">
     <span class='ocr_line' id='line_1_17' title="bbox 482 1586 2073 1656; baseline 0.003 -15"><span class='ocrx_word' id='word_1_101' title='bbox 482 1587 694 1643; x_wconf 89' lang='lat' dir='ltr'><strong>omisso</strong></span> <span class='ocrx_word' id='word_1_102' title='bbox 735 1586 1023 1652; x_wconf 86' lang='lat' dir='ltr'><strong>Creatore,</strong></span> <span class='ocrx_word' id='word_1_103' title='bbox 1060 1591 1129 1643; x_wconf 88' lang='lat' dir='ltr'><strong>ad</strong></span> <span class='ocrx_word' id='word_1_104' title='bbox 1161 1599 1476 1645; x_wconf 83' lang='lat' dir='ltr'><strong>creaturam</strong></span> <span class='ocrx_word' id='word_1_105' title='bbox 1513 1590 1758 1646; x_wconf 79' lang='lat' dir='ltr'><strong>venisti?</strong></span> <span class='ocrx_word' id='word_1_106' title='bbox 1786 1590 1955 1656; x_wconf 83' lang='lat' dir='ltr'><strong>Quid,</strong></span> <span class='ocrx_word' id='word_1_107' title='bbox 1983 1606 2073 1645; x_wconf 88' lang='lat' dir='ltr'><strong>re-</strong></span> 
     </span>
    </p>
   </div>
   <div class='ocr_carea' id='block_1_18' title="bbox 482 1678 2072 1750">
    <p class='ocr_par' dir='ltr' id='par_1_18' title="bbox 482 1678 2072 1750">
     <span class='ocr_line' id='line_1_18' title="bbox 482 1678 2072 1750; baseline 0.001 -19"><span class='ocrx_word' id='word_1_108' title='bbox 482 1678 618 1732; x_wconf 86' lang='lat' dir='ltr'><strong>licto</strong></span> <span class='ocrx_word' id='word_1_109' title='bbox 654 1678 911 1741; x_wconf 88' lang='lat' dir='ltr'><strong>Domino,</strong></span> <span class='ocrx_word' id='word_1_110' title='bbox 950 1678 1017 1732; x_wconf 86' lang='lat' dir='ltr'><strong>ad</strong></span> <span class='ocrx_word' id='word_1_111' title='bbox 1045 1694 1270 1734; x_wconf 87' lang='lat' dir='ltr'><strong>servum</strong></span> <span class='ocrx_word' id='word_1_112' title='bbox 1301 1680 1655 1750; x_wconf 75' lang='lat' dir='ltr'><strong>confugisti?</strong></span> <span class='ocrx_word' id='word_1_113' title='bbox 1692 1678 1891 1735; x_wconf 84' lang='lat' dir='ltr'><strong>Nescis</strong></span> <span class='ocrx_word' id='word_1_114' title='bbox 1923 1680 2072 1733; x_wconf 90' lang='lat' dir='ltr'><strong>indi-</strong></span> 
     </span>
    </p>
   </div>
   <div class='ocr_carea' id='block_1_19' title="bbox 480 1771 2073 1843">
    <p class='ocr_par' dir='ltr' id='par_1_19' title="bbox 480 1771 2073 1843">
     <span class='ocr_line' id='line_1_19' title="bbox 480 1771 2073 1843; baseline 0.003 -23"><span class='ocrx_word' id='word_1_115' title='bbox 480 1785 614 1839; x_wconf 77' lang='lat' dir='ltr'><strong>gere</strong></span> <span class='ocrx_word' id='word_1_116' title='bbox 648 1784 753 1824; x_wconf 87' lang='lat' dir='ltr'><strong>nos</strong></span> <span class='ocrx_word' id='word_1_117' title='bbox 781 1771 1087 1826; x_wconf 84' lang='lat' dir='ltr'><strong>universim</strong></span> <span class='ocrx_word' id='word_1_118' title='bbox 1129 1771 1282 1826; x_wconf 86' lang='lat' dir='ltr'><strong>illius</strong></span> <span class='ocrx_word' id='word_1_119' title='bbox 1314 1772 1558 1825; x_wconf 85' lang='lat' dir='ltr'><strong>auxilio?</strong></span> <span class='ocrx_word' id='word_1_120' title='bbox 1587 1773 1815 1843; x_wconf 83' lang='lat' dir='ltr'><strong>Ignoras</strong></span> <span class='ocrx_word' id='word_1_121' title='bbox 1844 1773 1994 1843; x_wconf 86' lang='lat' dir='ltr'><strong>quod</strong></span> <span class='ocrx_word' id='word_1_122' title='bbox 2017 1780 2073 1828; x_wconf 86' lang='lat' dir='ltr'><strong>et</strong></span> 
     </span>
    </p>
   </div>
   <div class='ocr_carea' id='block_1_20' title="bbox 479 1856 2070 1931">
    <p class='ocr_par' dir='ltr' id='par_1_20' title="bbox 479 1856 2070 1931">
     <span class='ocr_line' id='line_1_20' title="bbox 479 1856 2070 1931; baseline 0.005 -22"><span class='ocrx_word' id='word_1_123' title='bbox 479 1873 584 1927; x_wconf 81' lang='lat' dir='ltr'><strong>ego</strong></span> <span class='ocrx_word' id='word_1_124' title='bbox 627 1857 730 1911; x_wconf 86' lang='lat' dir='ltr'><strong>sim</strong></span> <span class='ocrx_word' id='word_1_125' title='bbox 773 1856 950 1912; x_wconf 73' lang='lat' dir='ltr'><strong>homo</strong></span> <span class='ocrx_word' id='word_1_126' title='bbox 993 1859 1142 1913; x_wconf 86' lang='lat' dir='ltr'><strong>sicut</strong></span> <span class='ocrx_word' id='word_1_127' title='bbox 1186 1868 1242 1914; x_wconf 91' lang='lat' dir='ltr'><strong>et</strong></span> <span class='ocrx_word' id='word_1_128' title='bbox 1290 1860 1392 1913; x_wconf 83' lang='lat' dir='ltr'><strong>tu?</strong></span> <span class='ocrx_word' id='word_1_129' title='bbox 1439 1857 1586 1926; x_wconf 83' lang='lat' dir='ltr'><strong>Quid</strong></span> <span class='ocrx_word' id='word_1_130' title='bbox 1632 1877 1770 1931; x_wconf 85' lang='lat' dir='ltr'><strong>ergo</strong></span> <span class='ocrx_word' id='word_1_131' title='bbox 1824 1863 2070 1931; x_wconf 82' lang='lat' dir='ltr'><strong>exquiris</strong></span> 
     </span>
    </p>
   </div>
   <div class='ocr_carea' id='block_1_21' title="bbox 479 1950 2070 2023">
    <p class='ocr_par' dir='ltr' id='par_1_21' title="bbox 479 1950 2070 2023">
     <span class='ocr_line' id='line_1_21' title="bbox 479 1950 2070 2023; baseline 0.004 -21"><span class='ocrx_word' id='word_1_132' title='bbox 479 1953 631 2019; x_wconf 91' lang='lat' dir='ltr'><strong>quod</strong></span> <span class='ocrx_word' id='word_1_133' title='bbox 674 1966 782 2005; x_wconf 86' lang='lat' dir='ltr'><strong>non</strong></span> <span class='ocrx_word' id='word_1_134' title='bbox 828 1950 957 2004; x_wconf 90' lang='lat' dir='ltr'><strong>licet</strong></span> <span class='ocrx_word' id='word_1_135' title='bbox 993 1950 1302 2020; x_wconf 61' lang='lat' dir='ltr'><strong>praestare?</strong></span> <span class='ocrx_word' id='word_1_136' title='bbox 1326 1950 1473 2017; x_wconf 85' lang='lat' dir='ltr'><strong>Quid</strong></span> <span class='ocrx_word' id='word_1_137' title='bbox 1509 1959 1680 2006; x_wconf 68' lang='lat' dir='ltr'><strong>tantae</strong></span> <span class='ocrx_word' id='word_1_138' title='bbox 1720 1968 1808 2007; x_wconf 89' lang='lat' dir='ltr'><strong>me</strong></span> <span class='ocrx_word' id='word_1_139' title='bbox 1840 1954 2070 2023; x_wconf 66' lang='lat' dir='ltr'><strong>aegritu-</strong></span> 
     </span>
    </p>
   </div>
   <div class='ocr_carea' id='block_1_22' title="bbox 478 2044 2074 2114">
    <p class='ocr_par' dir='ltr' id='par_1_22' title="bbox 478 2044 2074 2114">
     <span class='ocr_line' id='line_1_22' title="bbox 478 2044 2074 2114; baseline 0.003 -16"><span class='ocrx_word' id='word_1_140' title='bbox 478 2046 628 2100; x_wconf 74' lang='lat' dir='ltr'><strong>dinis</strong></span> <span class='ocrx_word' id='word_1_141' title='bbox 650 2045 924 2099; x_wconf 89' lang='lat' dir='ltr'><strong>medicum</strong></span> <span class='ocrx_word' id='word_1_142' title='bbox 960 2047 1143 2114; x_wconf 91' lang='lat' dir='ltr'><strong>cupis,</strong></span> <span class='ocrx_word' id='word_1_143' title='bbox 1171 2044 1335 2114; x_wconf 84' lang='lat' dir='ltr'><strong>cujus</strong></span> <span class='ocrx_word' id='word_1_144' title='bbox 1362 2053 1577 2100; x_wconf 86' lang='lat' dir='ltr'><strong>tantum</strong></span> <span class='ocrx_word' id='word_1_145' title='bbox 1605 2046 1868 2101; x_wconf 65' lang='lat' dir='ltr'><strong>sanandae</strong></span> <span class='ocrx_word' id='word_1_146' title='bbox 1896 2048 2074 2101; x_wconf 84' lang='lat' dir='ltr'><strong>virtu-</strong></span> 
     </span>
    </p>
   </div>
   <div class='ocr_carea' id='block_1_23' title="bbox 478 2136 2069 2206">
    <p class='ocr_par' dir='ltr' id='par_1_23' title="bbox 478 2136 2069 2206">
     <span class='ocr_line' id='line_1_23' title="bbox 478 2136 2069 2206; baseline 0.004 -19"><span class='ocrx_word' id='word_1_147' title='bbox 478 2142 590 2188; x_wconf 89' lang='lat' dir='ltr'><strong>tem</strong></span> <span class='ocrx_word' id='word_1_148' title='bbox 627 2136 673 2189; x_wconf 89' lang='lat' dir='ltr'><strong>is</strong></span> <span class='ocrx_word' id='word_1_149' title='bbox 707 2136 895 2206; x_wconf 83' lang='lat' dir='ltr'><strong>largiri</strong></span> <span class='ocrx_word' id='word_1_150' title='bbox 930 2138 1141 2206; x_wconf 88' lang='lat' dir='ltr'><strong>possit,</strong></span> <span class='ocrx_word' id='word_1_151' title='bbox 1186 2139 1280 2206; x_wconf 86' lang='lat' dir='ltr'><strong>qui</strong></span> <span class='ocrx_word' id='word_1_152' title='bbox 1332 2137 1464 2192; x_wconf 87' lang='lat' dir='ltr'><strong>olim</strong></span> <span class='ocrx_word' id='word_1_153' title='bbox 1516 2138 1852 2193; x_wconf 80' lang='lat' dir='ltr'><strong>auctoritate</strong></span> <span class='ocrx_word' id='word_1_154' title='bbox 1882 2139 2069 2193; x_wconf 86' lang='lat' dir='ltr'><strong>divina</strong></span> 
     </span>
    </p>
   </div>
   <div class='ocr_carea' id='block_1_24' title="bbox 477 2227 2069 2299">
    <p class='ocr_par' dir='ltr' id='par_1_24' title="bbox 477 2227 2069 2299">
     <span class='ocr_line' id='line_1_24' title="bbox 477 2227 2069 2299; baseline 0.005 -20"><span class='ocrx_word' id='word_1_155' title='bbox 477 2239 692 2279; x_wconf 55' lang='lat' dir='ltr'><strong>caecum</strong></span> <span class='ocrx_word' id='word_1_156' title='bbox 714 2228 978 2281; x_wconf 82' lang='lat' dir='ltr'><strong>sanavit?</strong></span> <span class='ocrx_word' id='word_1_157' title='bbox 1011 2229 1149 2282; x_wconf 88' lang='lat' dir='ltr'><strong>Cum</strong></span> <span class='ocrx_word' id='word_1_158' title='bbox 1185 2228 1374 2283; x_wconf 86' lang='lat' dir='ltr'><strong>verbis</strong></span> <span class='ocrx_word' id='word_1_159' title='bbox 1404 2227 1681 2299; x_wconf 87' lang='lat' dir='ltr'><strong>ejusmodi</strong></span> <span class='ocrx_word' id='word_1_160' title='bbox 1723 2229 1807 2283; x_wconf 87' lang='lat' dir='ltr'><strong>vir</strong></span> <span class='ocrx_word' id='word_1_161' title='bbox 1841 2240 2069 2297; x_wconf 84' lang='lat' dir='ltr'><strong>sanctus</strong></span> 
     </span>
    </p>
   </div>
   <div class='ocr_carea' id='block_1_25' title="bbox 477 2318 2069 2385">
    <p class='ocr_par' dir='ltr' id='par_1_25' title="bbox 477 2318 2069 2385">
     <span class='ocr_line' id='line_1_25' title="bbox 477 2318 2069 2385; baseline 0.003 -15"><span class='ocrx_word' id='word_1_162' title='bbox 477 2318 887 2372; x_wconf 86' lang='lat' dir='ltr'><strong>adolescentem</strong></span> <span class='ocrx_word' id='word_1_163' title='bbox 943 2320 1129 2376; x_wconf 89' lang='lat' dir='ltr'><strong>lenius</strong></span> <span class='ocrx_word' id='word_1_164' title='bbox 1178 2320 1576 2385; x_wconf 87' lang='lat' dir='ltr'><strong>submoveret,</strong></span> <span class='ocrx_word' id='word_1_165' title='bbox 1610 2323 1857 2377; x_wconf 88' lang='lat' dir='ltr'><strong>acvelut</strong></span> <span class='ocrx_word' id='word_1_166' title='bbox 1904 2322 2069 2377; x_wconf 83' lang='lat' dir='ltr'><strong>bonis</strong></span> 
     </span>
    </p>
   </div>
   <div class='ocr_carea' id='block_1_26' title="bbox 475 2410 2067 2481">
    <p class='ocr_par' dir='ltr' id='par_1_26' title="bbox 475 2410 2067 2481">
     <span class='ocr_line' id='line_1_26' title="bbox 475 2410 2067 2481; baseline 0.003 -18"><span class='ocrx_word' id='word_1_167' title='bbox 475 2410 831 2466; x_wconf 87' lang='lat' dir='ltr'><strong>sermonibus</strong></span> <span class='ocrx_word' id='word_1_168' title='bbox 865 2412 1195 2481; x_wconf 81' lang='lat' dir='ltr'><strong>expelleret,</strong></span> <span class='ocrx_word' id='word_1_169' title='bbox 1219 2412 1425 2467; x_wconf 80' lang='lat' dir='ltr'><strong>institit</strong></span> <span class='ocrx_word' id='word_1_170' title='bbox 1463 2413 1554 2468; x_wconf 92' lang='lat' dir='ltr'><strong>ille</strong></span> <span class='ocrx_word' id='word_1_171' title='bbox 1588 2413 1831 2478; x_wconf 86' lang='lat' dir='ltr'><strong>iterum,</strong></span> <span class='ocrx_word' id='word_1_172' title='bbox 1860 2430 1927 2469; x_wconf 82' lang='lat' dir='ltr'><strong>ac</strong></span> <span class='ocrx_word' id='word_1_173' title='bbox 1964 2430 2067 2468; x_wconf 80' lang='lat' dir='ltr'><strong>an-</strong></span> 
     </span>
    </p>
   </div>
   <div class='ocr_carea' id='block_1_27' title="bbox 474 2504 2067 2578">
    <p class='ocr_par' dir='ltr' id='par_1_27' title="bbox 474 2504 2067 2578">
     <span class='ocr_line' id='line_1_27' title="bbox 474 2504 2067 2578; baseline 0.003 -20"><span class='ocrx_word' id='word_1_174' title='bbox 474 2504 694 2573; x_wconf 85' lang='lat' dir='ltr'><strong>tiquum</strong></span> <span class='ocrx_word' id='word_1_175' title='bbox 734 2504 888 2558; x_wconf 91' lang='lat' dir='ltr'><strong>illum</strong></span> <span class='ocrx_word' id='word_1_176' title='bbox 944 2504 1196 2563; x_wconf 87' lang='lat' dir='ltr'><strong>imitatus</strong></span> <span class='ocrx_word' id='word_1_177' title='bbox 1236 2520 1446 2561; x_wconf 82' lang='lat' dir='ltr'><strong>caecum</strong></span> <span class='ocrx_word' id='word_1_178' title='bbox 1472 2514 1522 2570; x_wconf 73' lang='grc' dir='ltr'><strong>κ,</strong></span> <span class='ocrx_word' id='word_1_179' title='bbox 1578 2521 1778 2578; x_wconf 80' lang='lat' dir='ltr'><strong>magna</strong></span> <span class='ocrx_word' id='word_1_180' title='bbox 1831 2509 2067 2577; x_wconf 81' lang='lat' dir='ltr'><strong>supplex</strong></span> 
     </span>
    </p>
   </div>
   <div class='ocr_carea' id='block_1_28' title="bbox 475 2580 2067 2666">
    <p class='ocr_par' dir='ltr' id='par_1_28' title="bbox 475 2580 2067 2666">
     <span class='ocr_line' id='line_1_28' title="bbox 475 2580 2067 2666; baseline 0.004 -19"><span class='ocrx_word' id='word_1_181' title='bbox 475 2596 741 2647; x_wconf 84' lang='lat' dir='ltr'><strong>clamavit</strong></span> <span class='ocrx_word' id='word_1_182' title='bbox 797 2610 952 2657; x_wconf 87' lang='lat' dir='ltr'><strong>voce,</strong></span> <span class='ocrx_word' id='word_1_183' title='bbox 1014 2580 1252 2651; x_wconf 80' lang='lat' dir='ltr'><strong>dicens:</strong></span> <span class='ocrx_word' id='word_1_184' title='bbox 1291 2596 1559 2652; x_wconf 84' lang='lat' dir='ltr'><strong>Miserere</strong></span> <span class='ocrx_word' id='word_1_185' title='bbox 1614 2599 1760 2666; x_wconf 90' lang='lat' dir='ltr'><strong>mei,</strong></span> <span class='ocrx_word' id='word_1_186' title='bbox 1807 2614 1938 2654; x_wconf 84' lang='lat' dir='ltr'><strong>vere</strong></span> <span class='ocrx_word' id='word_1_187' title='bbox 1976 2601 2067 2654; x_wconf 85' lang='lat' dir='ltr'><strong>Dei</strong></span> 
     </span>
    </p>
   </div>
   <div class='ocr_carea' id='block_1_29' title="bbox 474 2683 2062 2759">
    <p class='ocr_par' dir='ltr' id='par_1_29' title="bbox 474 2683 2062 2759">
     <span class='ocr_line' id='line_1_29' title="bbox 474 2683 2062 2759; baseline 0.002 -19"><span class='ocrx_word' id='word_1_188' title='bbox 474 2683 661 2747; x_wconf 81' lang='lat' dir='ltr'><strong>serve,</strong></span> <span class='ocrx_word' id='word_1_189' title='bbox 694 2685 910 2757; x_wconf 88' lang='lat' dir='ltr'><strong>Patapi.</strong></span> <span class='ocrx_word' id='word_1_190' title='bbox 941 2686 1066 2741; x_wconf 89' lang='lat' dir='ltr'><strong>Tibi</strong></span> <span class='ocrx_word' id='word_1_191' title='bbox 1118 2690 1265 2742; x_wconf 91' lang='lat' dir='ltr'><strong>enim</strong></span> <span class='ocrx_word' id='word_1_192' title='bbox 1314 2688 1404 2743; x_wconf 88' lang='lat' dir='ltr'><strong>ille</strong></span> <span class='ocrx_word' id='word_1_193' title='bbox 1441 2705 1561 2744; x_wconf 87' lang='lat' dir='ltr'><strong>eam</strong></span> <span class='ocrx_word' id='word_1_194' title='bbox 1624 2692 1860 2759; x_wconf 83' lang='lat' dir='ltr'><strong>gratiam</strong></span> <span class='ocrx_word' id='word_1_195' title='bbox 1891 2690 2062 2745; x_wconf 83' lang='lat' dir='ltr'><strong>dona-</strong></span> 
     </span>
    </p>
   </div>
   <div class='ocr_carea' id='block_1_30' title="bbox 474 2778 2067 2848">
    <p class='ocr_par' dir='ltr' id='par_1_30' title="bbox 474 2778 2067 2848">
     <span class='ocr_line' id='line_1_30' title="bbox 474 2778 2067 2848; baseline 0.004 -17"><span class='ocrx_word' id='word_1_196' title='bbox 474 2778 582 2843; x_wconf 87' lang='lat' dir='ltr'><strong>vit,</strong></span> <span class='ocrx_word' id='word_1_197' title='bbox 611 2787 822 2848; x_wconf 89' lang='lat' dir='ltr'><strong>tuoque</strong></span> <span class='ocrx_word' id='word_1_198' title='bbox 863 2780 1200 2847; x_wconf 90' lang='lat' dir='ltr'><strong>ministerio,</strong></span> <span class='ocrx_word' id='word_1_199' title='bbox 1232 2797 1426 2837; x_wconf 83' lang='lat' dir='ltr'><strong>verum</strong></span> <span class='ocrx_word' id='word_1_200' title='bbox 1463 2782 1598 2844; x_wconf 88' lang='lat' dir='ltr'><strong>illud</strong></span> <span class='ocrx_word' id='word_1_201' title='bbox 1631 2784 1841 2847; x_wconf 85' lang='lat' dir='ltr'><strong>lumen,</strong></span> <span class='ocrx_word' id='word_1_202' title='bbox 1869 2786 2067 2837; x_wconf 90' lang='lat' dir='ltr'><strong>oculo-</strong></span> 
     </span>
    </p>
   </div>
   <div class='ocr_carea' id='block_1_31' title="bbox 474 2870 2067 2940">
    <p class='ocr_par' dir='ltr' id='par_1_31' title="bbox 474 2870 2067 2940">
     <span class='ocr_line' id='line_1_31' title="bbox 474 2870 2067 2940; baseline 0.004 -19"><span class='ocrx_word' id='word_1_203' title='bbox 474 2883 601 2924; x_wconf 88' lang='lat' dir='ltr'><strong>rum</strong></span> <span class='ocrx_word' id='word_1_204' title='bbox 641 2870 776 2923; x_wconf 89' lang='lat' dir='ltr'><strong>mihi</strong></span> <span class='ocrx_word' id='word_1_205' title='bbox 825 2871 1176 2940; x_wconf 87' lang='lat' dir='ltr'><strong>splendorem</strong></span> <span class='ocrx_word' id='word_1_206' title='bbox 1217 2872 1409 2926; x_wconf 89' lang='lat' dir='ltr'><strong>donat.</strong></span> <span class='ocrx_word' id='word_1_207' title='bbox 1468 2872 1790 2939; x_wconf 83' lang='lat' dir='ltr'><strong>Enimvero,</strong></span> <span class='ocrx_word' id='word_1_208' title='bbox 1830 2881 1934 2938; x_wconf 83' lang='lat' dir='ltr'><strong>&#39;ne,</strong></span> <span class='ocrx_word' id='word_1_209' title='bbox 1981 2876 2067 2929; x_wconf 90' lang='lat' dir='ltr'><strong>vir</strong></span> 
     </span>
    </p>
   </div>
   <div class='ocr_carea' id='block_1_32' title="bbox 474 2961 2062 3028">
    <p class='ocr_par' dir='ltr' id='par_1_32' title="bbox 474 2961 2062 3028">
     <span class='ocr_line' id='line_1_32' title="bbox 474 2961 2062 3028; baseline 0.002 -13"><span class='ocrx_word' id='word_1_210' title='bbox 474 2961 659 3024; x_wconf 89' lang='lat' dir='ltr'><strong>beate,</strong></span> <span class='ocrx_word' id='word_1_211' title='bbox 677 2963 1040 3017; x_wconf 90' lang='lat' dir='ltr'><strong>cunctatione</strong></span> <span class='ocrx_word' id='word_1_212' title='bbox 1072 2963 1333 3017; x_wconf 86' lang='lat' dir='ltr'><strong>ﬁduciam</strong></span> <span class='ocrx_word' id='word_1_213' title='bbox 1368 2963 1682 3028; x_wconf 84' lang='lat' dir='ltr'><strong>obtuderis,</strong></span> <span class='ocrx_word' id='word_1_214' title='bbox 1709 2981 1847 3021; x_wconf 91' lang='lat' dir='ltr'><strong>neve</strong></span> <span class='ocrx_word' id='word_1_215' title='bbox 1877 2965 2062 3021; x_wconf 81' lang='lat' dir='ltr'><strong>distu-</strong></span> 
     </span>
    </p>
   </div>
   <div class='ocr_carea' id='block_1_33' title="bbox 472 3051 2065 3129">
    <p class='ocr_par' dir='ltr' id='par_1_33' title="bbox 472 3051 2065 3129">
     <span class='ocr_line' id='line_1_33' title="bbox 472 3051 2065 3129; baseline 0.005 -23"><span class='ocrx_word' id='word_1_216' title='bbox 472 3051 608 3108; x_wconf 89' lang='lat' dir='ltr'><strong>leris</strong></span> <span class='ocrx_word' id='word_1_217' title='bbox 639 3055 862 3120; x_wconf 86' lang='lat' dir='ltr'><strong>donum,</strong></span> <span class='ocrx_word' id='word_1_218' title='bbox 901 3065 997 3110; x_wconf 89' lang='lat' dir='ltr'><strong>aut</strong></span> <span class='ocrx_word' id='word_1_219' title='bbox 1026 3058 1199 3112; x_wconf 85' lang='lat' dir='ltr'><strong>solem</strong></span> <span class='ocrx_word' id='word_1_220' title='bbox 1230 3060 1377 3115; x_wconf 89' lang='lat' dir='ltr'><strong>nube</strong></span> <span class='ocrx_word' id='word_1_221' title='bbox 1404 3059 1779 3113; x_wconf 87' lang='lat' dir='ltr'><strong>occultaveris</strong></span> <span class='ocrx_word' id='word_1_222' title='bbox 1807 3077 1818 3112; x_wconf 96' lang='lat'>:</span> <span class='ocrx_word' id='word_1_223' title='bbox 1853 3062 1947 3115; x_wconf 91' lang='lat' dir='ltr'><strong>sed</strong></span> <span class='ocrx_word' id='word_1_224' title='bbox 1969 3060 2065 3129; x_wconf 88' lang='lat' dir='ltr'><strong>qui</strong></span> 
     </span>
    </p>
   </div>
   <div class='ocr_carea' id='block_1_34' title="bbox 471 3146 2065 3223">
    <p class='ocr_par' dir='ltr' id='par_1_34' title="bbox 471 3146 2065 3223">
     <span class='ocr_line' id='line_1_34' title="bbox 471 3146 2065 3223; baseline 0.006 -25"><span class='ocrx_word' id='word_1_225' title='bbox 471 3146 666 3201; x_wconf 81' lang='lat' dir='ltr'><strong>videas</strong></span> <span class='ocrx_word' id='word_1_226' title='bbox 719 3148 1078 3203; x_wconf 83' lang='lat' dir='ltr'><strong>alllictionem</strong></span> <span class='ocrx_word' id='word_1_227' title='bbox 1115 3192 1130 3213; x_wconf 90' lang='lat'><strong>,</strong></span> <span class='ocrx_word' id='word_1_228' title='bbox 1201 3152 1386 3221; x_wconf 65' lang='lat' dir='ltr'><strong>praebe</strong></span> <span class='ocrx_word' id='word_1_229' title='bbox 1437 3152 1763 3207; x_wconf 89' lang='lat' dir='ltr'><strong>sanitatem.</strong></span> <span class='ocrx_word' id='word_1_230' title='bbox 1830 3150 2065 3223; x_wconf 80' lang='lat' dir='ltr'><strong>Metiens</strong></span> 
     </span>
    </p>
   </div>
   <div class='ocr_carea' id='block_1_35' title="bbox 2172 746 3770 830">
    <p class='ocr_par' dir='ltr' id='par_1_35' title="bbox 2172 746 3770 830">
     <span class='ocr_line' id='line_1_35' title="bbox 2172 746 3770 830; baseline -0.006 -19"><span class='ocrx_word' id='word_1_231' title='bbox 2172 760 2501 830; x_wconf 82' lang='grc' dir='ltr'><strong>κτισμάτων</strong></span> <span class='ocrx_word' id='word_1_232' title='bbox 2523 758 2618 811; x_wconf 79' lang='grc' dir='ltr'><strong>τὸν</strong></span> <span class='ocrx_word' id='word_1_233' title='bbox 2646 758 2951 812; x_wconf 73' lang='grc' dir='ltr'><strong>κτίσαντα.</strong></span> <span class='ocrx_word' id='word_1_234' title='bbox 2981 755 3188 810; x_wconf 84' lang='grc' dir='ltr'><strong>Τοῦτον</strong></span> <span class='ocrx_word' id='word_1_235' title='bbox 3206 757 3235 807; x_wconf 90' lang='grc' dir='ltr'><strong>ό</strong></span> <span class='ocrx_word' id='word_1_236' title='bbox 3265 750 3560 823; x_wconf 79' lang='grc' dir='ltr'><strong>μακάριος</strong></span> <span class='ocrx_word' id='word_1_237' title='bbox 3587 746 3770 802; x_wconf 80' lang='grc' dir='ltr'><strong>θεασά-</strong></span> 
     </span>
    </p>
   </div>
   <div class='ocr_carea' id='block_1_36' title="bbox 2176 840 3769 920">
    <p class='ocr_par' dir='ltr' id='par_1_36' title="bbox 2176 840 3769 920">
     <span class='ocr_line' id='line_1_36' title="bbox 2176 840 3769 920; baseline -0.007 -16"><span class='ocrx_word' id='word_1_238' title='bbox 2176 866 2361 920; x_wconf 82' lang='grc' dir='ltr'><strong>μενος,</strong></span> <span class='ocrx_word' id='word_1_239' title='bbox 2383 849 2575 913; x_wconf 78' lang='grc' dir='ltr'>δεινῶς</span> <span class='ocrx_word' id='word_1_240' title='bbox 2593 850 2692 920; x_wconf 83' lang='grc' dir='ltr'><strong>μὲν</strong></span> <span class='ocrx_word' id='word_1_241' title='bbox 2720 850 2828 903; x_wconf 79' lang='grc' dir='ltr'><strong>ὑπὸ</strong></span> <span class='ocrx_word' id='word_1_242' title='bbox 2848 848 2942 901; x_wconf 81' lang='grc' dir='ltr'><strong>τοῦ</strong></span> <span class='ocrx_word' id='word_1_243' title='bbox 2973 846 3144 915; x_wconf 80' lang='grc' dir='ltr'>ζόφου</span> <span class='ocrx_word' id='word_1_244' title='bbox 3176 847 3259 908; x_wconf 88' lang='grc' dir='ltr'><strong>εἰς</strong></span> <span class='ocrx_word' id='word_1_245' title='bbox 3294 840 3581 911; x_wconf 67' lang='grc' dir='ltr'><strong>άϐλεψίαν</strong></span> <span class='ocrx_word' id='word_1_246' title='bbox 3606 842 3769 908; x_wconf 78' lang='grc' dir='ltr'><strong>ἀμαυ-</strong></span> 
     </span>
    </p>
   </div>
   <div class='ocr_carea' id='block_1_37' title="bbox 2176 930 3770 1011">
    <p class='ocr_par' dir='ltr' id='par_1_37' title="bbox 2176 930 3770 1011">
     <span class='ocr_line' id='line_1_37' title="bbox 2176 930 3770 1011; baseline -0.006 -17"><span class='ocrx_word' id='word_1_247' title='bbox 2176 940 2447 1011; x_wconf 85' lang='grc' dir='ltr'><strong>ρωθέντα,</strong></span> <span class='ocrx_word' id='word_1_248' title='bbox 2481 940 2669 994; x_wconf 85' lang='grc' dir='ltr'><strong>πίστιν</strong></span> <span class='ocrx_word' id='word_1_249' title='bbox 2715 940 2776 993; x_wconf 75' lang='grc' dir='ltr'><strong>δὲ</strong></span> <span class='ocrx_word' id='word_1_250' title='bbox 2822 938 3172 1008; x_wconf 77' lang='grc' dir='ltr'><strong>κεκτημένον</strong></span> <span class='ocrx_word' id='word_1_251' title='bbox 3216 938 3327 1006; x_wconf 81' lang='grc' dir='ltr'><strong>τὴν</strong></span> <span class='ocrx_word' id='word_1_252' title='bbox 3357 933 3469 1003; x_wconf 77' lang='grc' dir='ltr'><strong>ὅρη</strong></span> <span class='ocrx_word' id='word_1_253' title='bbox 3527 930 3770 985; x_wconf 70' lang='grc' dir='ltr'><strong>ποιοῦσαν</strong></span> 
     </span>
    </p>
   </div>
   <div class='ocr_carea' id='block_1_38' title="bbox 2177 1023 3768 1104">
    <p class='ocr_par' dir='ltr' id='par_1_38' title="bbox 2177 1023 3768 1104">
     <span class='ocr_line' id='line_1_38' title="bbox 2177 1023 3768 1104; baseline -0.008 -19"><span class='ocrx_word' id='word_1_254' title='bbox 2177 1032 2573 1104; x_wconf 77' lang='grc' dir='ltr'><strong>μεθίστασθαι,</strong></span> <span class='ocrx_word' id='word_1_255' title='bbox 2593 1033 2732 1104; x_wconf 57' lang='grc' dir='ltr'><strong>πρὶς</strong></span> <span class='ocrx_word' id='word_1_256' title='bbox 2759 1032 2925 1086; x_wconf 79' lang='grc' dir='ltr'><strong>αὑτὸν</strong></span> <span class='ocrx_word' id='word_1_257' title='bbox 2952 1031 3325 1101; x_wconf 71' lang='grc' dir='ltr'><strong>ἀπεκρίνατοο</strong></span> <span class='ocrx_word' id='word_1_258' title='bbox 3348 1026 3421 1079; x_wconf 87' lang='grc' dir='ltr'><strong>Τί</strong></span> <span class='ocrx_word' id='word_1_259' title='bbox 3442 1040 3560 1093; x_wconf 88' lang='grc' dir='ltr'><strong>μοι,</strong></span> <span class='ocrx_word' id='word_1_260' title='bbox 3583 1023 3768 1085; x_wconf 77' lang='grc' dir='ltr'><strong>νεανία,</strong></span> 
     </span>
    </p>
   </div>
   <div class='ocr_carea' id='block_1_39' title="bbox 2173 1113 3769 1195">
    <p class='ocr_par' dir='ltr' id='par_1_39' title="bbox 2173 1113 3769 1195">
     <span class='ocr_line' id='line_1_39' title="bbox 2173 1113 3769 1195; baseline -0.009 -17"><span class='ocrx_word' id='word_1_261' title='bbox 2173 1123 2445 1195; x_wconf 82' lang='grc' dir='ltr'><strong>προσιὼν,</strong></span> <span class='ocrx_word' id='word_1_262' title='bbox 2477 1123 2548 1177; x_wconf 83' lang='grc' dir='ltr'><strong>τὰ</strong></span> <span class='ocrx_word' id='word_1_263' title='bbox 2579 1124 2721 1194; x_wconf 79' lang='grc' dir='ltr'><strong>ὑπὲρ</strong></span> <span class='ocrx_word' id='word_1_264' title='bbox 2754 1125 2859 1194; x_wconf 76' lang='grc' dir='ltr'><strong>ἐμὲ</strong></span> <span class='ocrx_word' id='word_1_265' title='bbox 2890 1123 3101 1176; x_wconf 79' lang='grc' dir='ltr'><strong>διδόναι</strong></span> <span class='ocrx_word' id='word_1_266' title='bbox 3145 1119 3379 1191; x_wconf 56' lang='lat' dir='ltr'><strong>huic;</strong></span> <span class='ocrx_word' id='word_1_267' title='bbox 3429 1116 3500 1169; x_wconf 83' lang='grc' dir='ltr'><strong>Τί</strong></span> <span class='ocrx_word' id='word_1_268' title='bbox 3532 1114 3643 1167; x_wconf 77' lang='grc' dir='ltr'><strong>τῶν</strong></span> <span class='ocrx_word' id='word_1_269' title='bbox 3663 1113 3769 1183; x_wconf 76' lang='grc' dir='ltr'><strong>ἀρί-</strong></span> 
     </span>
    </p>
   </div>
   <div class='ocr_carea' id='block_1_40' title="bbox 2175 1206 3768 1287">
    <p class='ocr_par' dir='ltr' id='par_1_40' title="bbox 2175 1206 3768 1287">
     <span class='ocr_line' id='line_1_40' title="bbox 2175 1206 3768 1287; baseline -0.008 -17"><span class='ocrx_word' id='word_1_270' title='bbox 2175 1233 2319 1271; x_wconf 85' lang='grc' dir='ltr'><strong>στων</strong></span> <span class='ocrx_word' id='word_1_271' title='bbox 2348 1218 2409 1271; x_wconf 82' lang='grc' dir='ltr'><strong>ἐν</strong></span> <span class='ocrx_word' id='word_1_272' title='bbox 2435 1218 2562 1285; x_wconf 72' lang='grc' dir='ltr'><strong>ἐμοὶ</strong></span> <span class='ocrx_word' id='word_1_273' title='bbox 2588 1217 2954 1287; x_wconf 75' lang='grc' dir='ltr'><strong>θεασάμενος,</strong></span> <span class='ocrx_word' id='word_1_274' title='bbox 2984 1214 3195 1284; x_wconf 79' lang='grc' dir='ltr'><strong>ταύτην</strong></span> <span class='ocrx_word' id='word_1_275' title='bbox 3234 1210 3383 1281; x_wconf 80' lang='grc' dir='ltr'><strong>παρ’</strong></span> <span class='ocrx_word' id='word_1_276' title='bbox 3417 1207 3561 1277; x_wconf 71' lang='grc' dir='ltr'><strong>ὲμοῦ</strong></span> <span class='ocrx_word' id='word_1_277' title='bbox 3581 1206 3768 1271; x_wconf 74' lang='grc' dir='ltr'><strong>λαϐεῖν,</strong></span> 
     </span>
    </p>
   </div>
   <div class='ocr_carea' id='block_1_41' title="bbox 2172 1298 3769 1381">
    <p class='ocr_par' dir='ltr' id='par_1_41' title="bbox 2172 1298 3769 1381">
     <span class='ocr_line' id='line_1_41' title="bbox 2172 1298 3769 1381; baseline -0.002 -17"><span class='ocrx_word' id='word_1_278' title='bbox 2172 1309 2453 1381; x_wconf 75' lang='grc' dir='ltr'><strong>ἄνθρωπε,</strong></span> <span class='ocrx_word' id='word_1_279' title='bbox 2483 1309 2585 1380; x_wconf 82' lang='grc' dir='ltr'><strong>τὴν</strong></span> <span class='ocrx_word' id='word_1_280' title='bbox 2623 1309 2925 1380; x_wconf 79' lang='grc' dir='ltr'><strong>θεραπείαν</strong></span> <span class='ocrx_word' id='word_1_281' title='bbox 2960 1308 3158 1371; x_wconf 75' lang='grc' dir='ltr'><strong>αἰτεῖς,</strong></span> <span class='ocrx_word' id='word_1_282' title='bbox 3181 1304 3253 1377; x_wconf 78' lang='grc' dir='ltr'><strong>ἢν</strong></span> <span class='ocrx_word' id='word_1_283' title='bbox 3291 1301 3472 1374; x_wconf 78' lang='grc' dir='ltr'><strong>μόνος</strong></span> <span class='ocrx_word' id='word_1_284' title='bbox 3500 1299 3531 1350; x_wconf 78' lang='grc' dir='ltr'>δ</span> <span class='ocrx_word' id='word_1_285' title='bbox 3555 1298 3769 1367; x_wconf 74' lang='grc' dir='ltr'><strong>Κτίστης</strong></span> 
     </span>
    </p>
   </div>
   <div class='ocr_carea' id='block_1_42' title="bbox 2173 1386 3765 1466">
    <p class='ocr_par' dir='ltr' id='par_1_42' title="bbox 2173 1386 3765 1466">
     <span class='ocr_line' id='line_1_42' title="bbox 2173 1386 3765 1466; baseline -0.008 -12"><span class='ocrx_word' id='word_1_286' title='bbox 2173 1400 2283 1454; x_wconf 79' lang='grc' dir='ltr'><strong>τῶν</strong></span> <span class='ocrx_word' id='word_1_287' title='bbox 2326 1400 2466 1455; x_wconf 81' lang='grc' dir='ltr'><strong>ὅλων</strong></span> <span class='ocrx_word' id='word_1_288' title='bbox 2517 1402 2673 1465; x_wconf 85' lang='grc' dir='ltr'><strong>Θεὸς,</strong></span> <span class='ocrx_word' id='word_1_289' title='bbox 2710 1399 2862 1466; x_wconf 70' lang='grc' dir='ltr'><strong>ἔνθα,</strong></span> <span class='ocrx_word' id='word_1_290' title='bbox 2903 1399 3003 1453; x_wconf 64' lang='grc' dir='ltr'><strong>καί⁹</strong></span> <span class='ocrx_word' id='word_1_291' title='bbox 3033 1398 3181 1461; x_wconf 84' lang='grc' dir='ltr'><strong>ὅποι,</strong></span> <span class='ocrx_word' id='word_1_292' title='bbox 3240 1395 3351 1447; x_wconf 80' lang='grc' dir='ltr'><strong>καὶ</strong></span> <span class='ocrx_word' id='word_1_293' title='bbox 3400 1386 3493 1455; x_wconf 73' lang='grc' dir='ltr'><strong>οἷς</strong></span> <span class='ocrx_word' id='word_1_294' title='bbox 3542 1389 3765 1460; x_wconf 76' lang='grc' dir='ltr'><strong>βούλεται</strong></span> 
     </span>
    </p>
   </div>
   <div class='ocr_carea' id='block_1_43' title="bbox 2174 1482 3765 1566">
    <p class='ocr_par' dir='ltr' id='par_1_43' title="bbox 2174 1482 3765 1566">
     <span class='ocr_line' id='line_1_43' title="bbox 2174 1482 3765 1566; baseline -0.008 -19"><span class='ocrx_word' id='word_1_295' title='bbox 2174 1495 2455 1565; x_wconf 75' lang='grc' dir='ltr'><strong>διανέμει;</strong></span> <span class='ocrx_word' id='word_1_296' title='bbox 2488 1496 2541 1549; x_wconf 93' lang='grc' dir='ltr'><strong>τί</strong></span> <span class='ocrx_word' id='word_1_297' title='bbox 2593 1495 2671 1566; x_wconf 76' lang='grc' dir='ltr'><strong>μὴ</strong></span> <span class='ocrx_word' id='word_1_298' title='bbox 2718 1494 2859 1565; x_wconf 83' lang='grc' dir='ltr'><strong>πρὸς</strong></span> <span class='ocrx_word' id='word_1_299' title='bbox 2916 1494 3131 1546; x_wconf 74' lang='grc' dir='ltr'><strong>ἐκεῖνον</strong></span> <span class='ocrx_word' id='word_1_300' title='bbox 3170 1488 3535 1559; x_wconf 71' lang='grc' dir='ltr'><strong>ἀνόδραμεςς</strong></span> <span class='ocrx_word' id='word_1_301' title='bbox 3588 1482 3671 1547; x_wconf 85' lang='grc' dir='ltr'><strong>Τί,</strong></span> <span class='ocrx_word' id='word_1_302' title='bbox 3691 1484 3765 1535; x_wconf 75' lang='grc' dir='ltr'><strong>τὸν</strong></span> 
     </span>
    </p>
   </div>
   <div class='ocr_carea' id='block_1_44' title="bbox 2176 1574 3763 1658">
    <p class='ocr_par' dir='ltr' id='par_1_44' title="bbox 2176 1574 3763 1658">
     <span class='ocr_line' id='line_1_44' title="bbox 2176 1574 3763 1658; baseline -0.011 -17"><span class='ocrx_word' id='word_1_303' title='bbox 2176 1587 2422 1658; x_wconf 75' lang='grc' dir='ltr'><strong>κτίστην</strong></span> <span class='ocrx_word' id='word_1_304' title='bbox 2443 1588 2628 1656; x_wconf 75' lang='grc' dir='ltr'><strong>ἀφεὶς,</strong></span> <span class='ocrx_word' id='word_1_305' title='bbox 2657 1588 2755 1641; x_wconf 73' lang='grc' dir='ltr'><strong>ἐπὶ</strong></span> <span class='ocrx_word' id='word_1_306' title='bbox 2782 1588 2843 1639; x_wconf 83' lang='grc' dir='ltr'><strong>τὸ</strong></span> <span class='ocrx_word' id='word_1_307' title='bbox 2859 1586 3069 1655; x_wconf 83' lang='grc' dir='ltr'><strong>κτίσμα</strong></span> <span class='ocrx_word' id='word_1_308' title='bbox 3100 1578 3425 1651; x_wconf 77' lang='grc' dir='ltr'><strong>ὲλὴλυθαςς</strong></span> <span class='ocrx_word' id='word_1_309' title='bbox 3463 1576 3556 1640; x_wconf 85' lang='grc' dir='ltr'><strong>Τί,</strong></span> <span class='ocrx_word' id='word_1_310' title='bbox 3581 1574 3669 1627; x_wconf 82' lang='grc' dir='ltr'><strong>τδν</strong></span> <span class='ocrx_word' id='word_1_311' title='bbox 3686 1576 3763 1626; x_wconf 81' lang='grc' dir='ltr'><strong>Δε-</strong></span> 
     </span>
    </p>
   </div>
   <div class='ocr_carea' id='block_1_45' title="bbox 2177 1668 3761 1749">
    <p class='ocr_par' dir='ltr' id='par_1_45' title="bbox 2177 1668 3761 1749">
     <span class='ocr_line' id='line_1_45' title="bbox 2177 1668 3761 1749; baseline -0.007 -19"><span class='ocrx_word' id='word_1_312' title='bbox 2177 1678 2384 1749; x_wconf 87' lang='grc' dir='ltr'><strong>σπότην</strong></span> <span class='ocrx_word' id='word_1_313' title='bbox 2417 1678 2761 1742; x_wconf 86' lang='grc' dir='ltr'><strong>καταλιπὼν,</strong></span> <span class='ocrx_word' id='word_1_314' title='bbox 2782 1676 2923 1749; x_wconf 81' lang='grc' dir='ltr'><strong>πρὸς</strong></span> <span class='ocrx_word' id='word_1_315' title='bbox 2948 1676 3042 1732; x_wconf 80' lang='grc' dir='ltr'><strong>τὸν</strong></span> <span class='ocrx_word' id='word_1_316' title='bbox 3064 1674 3253 1729; x_wconf 82' lang='grc' dir='ltr'><strong>δοῦλον</strong></span> <span class='ocrx_word' id='word_1_317' title='bbox 3281 1670 3645 1739; x_wconf 76' lang='grc' dir='ltr'><strong>κατέφυγεςς</strong></span> <span class='ocrx_word' id='word_1_318' title='bbox 3670 1668 3761 1721; x_wconf 74' lang='grc' dir='ltr'><strong>Οὐκ</strong></span> 
     </span>
    </p>
   </div>
   <div class='ocr_carea' id='block_1_46' title="bbox 2174 1763 3759 1842">
    <p class='ocr_par' dir='ltr' id='par_1_46' title="bbox 2174 1763 3759 1842">
     <span class='ocr_line' id='line_1_46' title="bbox 2174 1763 3759 1842; baseline -0.006 -17"><span class='ocrx_word' id='word_1_319' title='bbox 2174 1768 2326 1835; x_wconf 80' lang='grc' dir='ltr'><strong>οἶδας</strong></span> <span class='ocrx_word' id='word_1_320' title='bbox 2355 1772 2440 1825; x_wconf 81' lang='grc' dir='ltr'><strong>ὅτι</strong></span> <span class='ocrx_word' id='word_1_321' title='bbox 2474 1774 2628 1841; x_wconf 79' lang='grc' dir='ltr'><strong>κοινῇ</strong></span> <span class='ocrx_word' id='word_1_322' title='bbox 2657 1771 2862 1834; x_wconf 80' lang='grc' dir='ltr'><strong>πάντες</strong></span> <span class='ocrx_word' id='word_1_323' title='bbox 2900 1771 3001 1842; x_wconf 85' lang='grc' dir='ltr'><strong>τῆς</strong></span> <span class='ocrx_word' id='word_1_324' title='bbox 3056 1768 3273 1823; x_wconf 69' lang='grc' dir='ltr'><strong>ἐκείνου</strong></span> <span class='ocrx_word' id='word_1_325' title='bbox 3325 1766 3511 1834; x_wconf 74' lang='grc' dir='ltr'><strong>ἐσμὲν</strong></span> <span class='ocrx_word' id='word_1_326' title='bbox 3560 1763 3759 1825; x_wconf 74' lang='grc' dir='ltr'><strong>ἐπιδεεῖς</strong></span> 
     </span>
    </p>
   </div>
   <div class='ocr_carea' id='block_1_47' title="bbox 2176 1853 3759 1934">
    <p class='ocr_par' dir='ltr' id='par_1_47' title="bbox 2176 1853 3759 1934">
     <span class='ocr_line' id='line_1_47' title="bbox 2176 1853 3759 1934; baseline -0.001 -18"><span class='ocrx_word' id='word_1_327' title='bbox 2176 1864 2538 1934; x_wconf 74' lang='grc' dir='ltr'><strong>συμμαχίαςς</strong></span> <span class='ocrx_word' id='word_1_328' title='bbox 2573 1865 2688 1916; x_wconf 80' lang='grc' dir='ltr'><strong>Οὐκ</strong></span> <span class='ocrx_word' id='word_1_329' title='bbox 2714 1858 2865 1925; x_wconf 81' lang='grc' dir='ltr'><strong>οἶδας</strong></span> <span class='ocrx_word' id='word_1_330' title='bbox 2890 1862 2975 1915; x_wconf 80' lang='grc' dir='ltr'><strong>ὅτι</strong></span> <span class='ocrx_word' id='word_1_331' title='bbox 3013 1861 3110 1915; x_wconf 76' lang='grc' dir='ltr'><strong>καὶ</strong></span> <span class='ocrx_word' id='word_1_332' title='bbox 3133 1858 3308 1922; x_wconf 73' lang='grc' dir='ltr'><strong>αὐτὸς</strong></span> <span class='ocrx_word' id='word_1_333' title='bbox 3355 1855 3478 1924; x_wconf 74' lang='grc' dir='ltr'><strong>ἐγὼ</strong></span> <span class='ocrx_word' id='word_1_334' title='bbox 3504 1853 3759 1923; x_wconf 69' lang='grc' dir='ltr'><strong>ἄνθρωπός</strong></span> 
     </span>
    </p>
   </div>
   <div class='ocr_carea' id='block_1_48' title="bbox 2171 1945 3753 2024">
    <p class='ocr_par' dir='ltr' id='par_1_48' title="bbox 2171 1945 3753 2024">
     <span class='ocr_line' id='line_1_48' title="bbox 2171 1945 3753 2024; baseline -0.005 -19"><span class='ocrx_word' id='word_1_335' title='bbox 2171 1955 2293 2024; x_wconf 85' lang='grc' dir='ltr'><strong>είμι</strong></span> <span class='ocrx_word' id='word_1_336' title='bbox 2328 1954 2405 2023; x_wconf 83' lang='grc' dir='ltr'><strong>ὡς</strong></span> <span class='ocrx_word' id='word_1_337' title='bbox 2432 1954 2529 2007; x_wconf 74' lang='grc' dir='ltr'><strong>καὶ</strong></span> <span class='ocrx_word' id='word_1_338' title='bbox 2569 1952 2670 2019; x_wconf 88' lang='grc' dir='ltr'><strong>σύ;</strong></span> <span class='ocrx_word' id='word_1_339' title='bbox 2700 1953 2766 2006; x_wconf 82' lang='grc' dir='ltr'><strong>Τί</strong></span> <span class='ocrx_word' id='word_1_340' title='bbox 2803 1948 2897 2006; x_wconf 79' lang='grc' dir='ltr'><strong>οὖν</strong></span> <span class='ocrx_word' id='word_1_341' title='bbox 2934 1952 3120 2021; x_wconf 78' lang='grc' dir='ltr'><strong>ζητεῖς</strong></span> <span class='ocrx_word' id='word_1_342' title='bbox 3145 1949 3183 2004; x_wconf 76' lang='grc' dir='ltr'>ἃ</span> <span class='ocrx_word' id='word_1_343' title='bbox 3209 1948 3499 2019; x_wconf 84' lang='grc' dir='ltr'><strong>παρέχειν</strong></span> <span class='ocrx_word' id='word_1_344' title='bbox 3531 1946 3592 1999; x_wconf 77' lang='grc' dir='ltr'><strong>οὐ</strong></span> <span class='ocrx_word' id='word_1_345' title='bbox 3620 1945 3753 1998; x_wconf 79' lang='grc' dir='ltr'><strong>δύνε-</strong></span> 
     </span>
    </p>
   </div>
   <div class='ocr_carea' id='block_1_49' title="bbox 2175 2037 3750 2115">
    <p class='ocr_par' dir='ltr' id='par_1_49' title="bbox 2175 2037 3750 2115">
     <span class='ocr_line' id='line_1_49' title="bbox 2175 2037 3750 2115; baseline -0.006 -17"><span class='ocrx_word' id='word_1_346' title='bbox 2175 2062 2296 2115; x_wconf 85' lang='grc' dir='ltr'><strong>μαι.</strong></span> <span class='ocrx_word' id='word_1_347' title='bbox 2335 2045 2401 2098; x_wconf 87' lang='grc' dir='ltr'><strong>Τί</strong></span> <span class='ocrx_word' id='word_1_348' title='bbox 2448 2044 2711 2115; x_wconf 81' lang='grc' dir='ltr'><strong>τοιαύτης</strong></span> <span class='ocrx_word' id='word_1_349' title='bbox 2762 2043 2938 2107; x_wconf 85' lang='grc' dir='ltr'><strong>θέλεις</strong></span> <span class='ocrx_word' id='word_1_350' title='bbox 2985 2059 3053 2114; x_wconf 86' lang='grc' dir='ltr'><strong>με</strong></span> <span class='ocrx_word' id='word_1_351' title='bbox 3084 2043 3244 2097; x_wconf 80' lang='grc' dir='ltr'><strong>νόσου</strong></span> <span class='ocrx_word' id='word_1_352' title='bbox 3292 2039 3577 2110; x_wconf 83' lang='grc' dir='ltr'><strong>γενέσθαι</strong></span> <span class='ocrx_word' id='word_1_353' title='bbox 3617 2037 3750 2107; x_wconf 76' lang='grc' dir='ltr'><strong>θερα-</strong></span> 
     </span>
    </p>
   </div>
   <div class='ocr_carea' id='block_1_50' title="bbox 2171 2130 3747 2207">
    <p class='ocr_par' dir='ltr' id='par_1_50' title="bbox 2171 2130 3747 2207">
     <span class='ocr_line' id='line_1_50' title="bbox 2171 2130 3747 2207; baseline -0.005 -17"><span class='ocrx_word' id='word_1_354' title='bbox 2171 2137 2399 2207; x_wconf 81' lang='grc' dir='ltr'><strong>πευτὴν,</strong></span> <span class='ocrx_word' id='word_1_355' title='bbox 2429 2134 2498 2207; x_wconf 82' lang='grc' dir='ltr'><strong>ἧς</strong></span> <span class='ocrx_word' id='word_1_356' title='bbox 2530 2137 2596 2190; x_wconf 80' lang='grc' dir='ltr'><strong>τὸ</strong></span> <span class='ocrx_word' id='word_1_357' title='bbox 2649 2137 2916 2191; x_wconf 82' lang='grc' dir='ltr'><strong>δύνασθαι</strong></span> <span class='ocrx_word' id='word_1_358' title='bbox 2960 2137 3124 2204; x_wconf 83' lang='grc' dir='ltr'><strong>μόνος</strong></span> <span class='ocrx_word' id='word_1_359' title='bbox 3177 2136 3403 2197; x_wconf 69' lang='grc' dir='ltr'><strong>ἐκεῖνος</strong></span> <span class='ocrx_word' id='word_1_360' title='bbox 3432 2132 3555 2203; x_wconf 78' lang='grc' dir='ltr'><strong>ἔχει</strong></span> <span class='ocrx_word' id='word_1_361' title='bbox 3590 2130 3747 2201; x_wconf 82' lang='grc' dir='ltr'><strong>δωρεί-</strong></span> 
     </span>
    </p>
   </div>
   <div class='ocr_carea' id='block_1_51' title="bbox 2171 2224 3746 2300">
    <p class='ocr_par' dir='ltr' id='par_1_51' title="bbox 2171 2224 3746 2300">
     <span class='ocr_line' id='line_1_51' title="bbox 2171 2224 3746 2300; baseline -0.004 -17"><span class='ocrx_word' id='word_1_362' title='bbox 2171 2230 2301 2283; x_wconf 87' lang='grc' dir='ltr'><strong>σθαι</strong></span> <span class='ocrx_word' id='word_1_363' title='bbox 2334 2230 2435 2300; x_wconf 82' lang='grc' dir='ltr'><strong>τὴν</strong></span> <span class='ocrx_word' id='word_1_364' title='bbox 2460 2231 2625 2294; x_wconf 84' lang='grc' dir='ltr'><strong>ῐασιν,</strong></span> <span class='ocrx_word' id='word_1_365' title='bbox 2653 2233 2682 2284; x_wconf 91' lang='grc' dir='ltr'><strong>ὁ</strong></span> <span class='ocrx_word' id='word_1_366' title='bbox 2711 2232 2806 2285; x_wconf 66' lang='grc' dir='ltr'><strong>καὶ</strong></span> <span class='ocrx_word' id='word_1_367' title='bbox 2830 2230 2960 2299; x_wconf 77' lang='grc' dir='ltr'><strong>πρὶν</strong></span> <span class='ocrx_word' id='word_1_368' title='bbox 2993 2229 3086 2283; x_wconf 81' lang='grc' dir='ltr'><strong>τὸν</strong></span> <span class='ocrx_word' id='word_1_369' title='bbox 3105 2228 3317 2298; x_wconf 72' lang='grc' dir='ltr'><strong>τυφλὸν</strong></span> <span class='ocrx_word' id='word_1_370' title='bbox 3354 2227 3438 2290; x_wconf 85' lang='grc' dir='ltr'><strong>ὡς</strong></span> <span class='ocrx_word' id='word_1_371' title='bbox 3468 2224 3605 2287; x_wconf 74' lang='grc' dir='ltr'><strong>Θεὸς</strong></span> <span class='ocrx_word' id='word_1_372' title='bbox 3627 2225 3746 2277; x_wconf 69' lang='grc' dir='ltr'><strong>ἰασά-</strong></span> 
     </span>
    </p>
   </div>
   <div class='ocr_carea' id='block_1_52' title="bbox 2175 2321 3739 2393">
    <p class='ocr_par' dir='ltr' id='par_1_52' title="bbox 2175 2321 3739 2393">
     <span class='ocr_line' id='line_1_52' title="bbox 2175 2321 3739 2393; baseline -0.001 -19"><span class='ocrx_word' id='word_1_373' title='bbox 2175 2338 2359 2392; x_wconf 86' lang='grc' dir='ltr'><strong>μενος.</strong></span> <span class='ocrx_word' id='word_1_374' title='bbox 2393 2321 2621 2386; x_wconf 83' lang='grc' dir='ltr'><strong>Τούτοις</strong></span> <span class='ocrx_word' id='word_1_375' title='bbox 2671 2322 2769 2393; x_wconf 77' lang='grc' dir='ltr'><strong>μὲν</strong></span> <span class='ocrx_word' id='word_1_376' title='bbox 2800 2321 2899 2376; x_wconf 81' lang='grc' dir='ltr'><strong>τοῦ</strong></span> <span class='ocrx_word' id='word_1_377' title='bbox 2933 2323 3084 2376; x_wconf 87' lang='grc' dir='ltr'><strong>ὁσίου</strong></span> <span class='ocrx_word' id='word_1_378' title='bbox 3112 2324 3230 2384; x_wconf 83' lang='grc' dir='ltr'><strong>τοῖς</strong></span> <span class='ocrx_word' id='word_1_379' title='bbox 3275 2322 3541 2392; x_wconf 76' lang='grc' dir='ltr'><strong>ῥήμασιν</strong></span> <span class='ocrx_word' id='word_1_380' title='bbox 3586 2321 3739 2372; x_wconf 71' lang='grc' dir='ltr'><strong>ἀποσο-</strong></span> 
     </span>
    </p>
   </div>
   <div class='ocr_carea' id='block_1_53' title="bbox 2173 2405 3735 2485">
    <p class='ocr_par' dir='ltr' id='par_1_53' title="bbox 2173 2405 3735 2485">
     <span class='ocr_line' id='line_1_53' title="bbox 2173 2405 3735 2485; baseline -0.003 -19"><span class='ocrx_word' id='word_1_381' title='bbox 2173 2412 2398 2477; x_wconf 80' lang='grc' dir='ltr'><strong>ϐοῦντος</strong></span> <span class='ocrx_word' id='word_1_382' title='bbox 2423 2414 2609 2484; x_wconf 72' lang='grc' dir='ltr'><strong>ἠρέμα</strong></span> <span class='ocrx_word' id='word_1_383' title='bbox 2629 2413 2720 2467; x_wconf 79' lang='grc' dir='ltr'><strong>τὸν</strong></span> <span class='ocrx_word' id='word_1_384' title='bbox 2750 2414 2996 2478; x_wconf 81' lang='grc' dir='ltr'><strong>νεανίαν,</strong></span> <span class='ocrx_word' id='word_1_385' title='bbox 3038 2413 3135 2467; x_wconf 78' lang='grc' dir='ltr'><strong>καὶ</strong></span> <span class='ocrx_word' id='word_1_386' title='bbox 3152 2415 3438 2485; x_wconf 74' lang='grc' dir='ltr'><strong>χρηστοῖς</strong></span> <span class='ocrx_word' id='word_1_387' title='bbox 3481 2405 3573 2464; x_wconf 79' lang='grc' dir='ltr'><strong>οἶα</strong></span> <span class='ocrx_word' id='word_1_388' title='bbox 3603 2411 3735 2479; x_wconf 77' lang='grc' dir='ltr'><strong>λόγοις</strong></span> 
     </span>
    </p>
   </div>
   <div class='ocr_carea' id='block_1_54' title="bbox 2171 2503 3740 2571">
    <p class='ocr_par' dir='ltr' id='par_1_54' title="bbox 2171 2503 3740 2571">
     <span class='ocr_line' id='line_1_54' title="bbox 2171 2503 3740 2571; baseline -0.001 -13"><span class='ocrx_word' id='word_1_389' title='bbox 2171 2505 2335 2559; x_wconf 84' lang='grc' dir='ltr'><strong>αὐτὸν</strong></span> <span class='ocrx_word' id='word_1_390' title='bbox 2370 2508 2750 2571; x_wconf 74' lang='grc' dir='ltr'><strong>ὲκδιώκοντος,</strong></span> <span class='ocrx_word' id='word_1_391' title='bbox 2794 2508 3005 2570; x_wconf 75' lang='grc' dir='ltr'><strong>ἐκεῖνος</strong></span> <span class='ocrx_word' id='word_1_392' title='bbox 3035 2503 3193 2569; x_wconf 80' lang='grc' dir='ltr'><strong>αὖθις</strong></span> <span class='ocrx_word' id='word_1_393' title='bbox 3235 2506 3533 2569; x_wconf 83' lang='grc' dir='ltr'><strong>ἐνίστατο,</strong></span> <span class='ocrx_word' id='word_1_394' title='bbox 3565 2506 3654 2558; x_wconf 78' lang='grc' dir='ltr'><strong>καὶ</strong></span> <span class='ocrx_word' id='word_1_395' title='bbox 3678 2504 3740 2557; x_wconf 67' lang='grc' dir='ltr'><strong>τὸν</strong></span> 
     </span>
    </p>
   </div>
   <div class='ocr_carea' id='block_1_55' title="bbox 2170 2594 3743 2668">
    <p class='ocr_par' dir='ltr' id='par_1_55' title="bbox 2170 2594 3743 2668">
     <span class='ocr_line' id='line_1_55' title="bbox 2170 2594 3743 2668; baseline 0.001 -22"><span class='ocrx_word' id='word_1_396' title='bbox 2170 2594 2302 2664; x_wconf 75' lang='grc' dir='ltr'><strong>πρὶν</strong></span> <span class='ocrx_word' id='word_1_397' title='bbox 2337 2594 2541 2663; x_wconf 80' lang='grc' dir='ltr'><strong>τυφλὸν</strong></span> <span class='ocrx_word' id='word_1_398' title='bbox 2589 2595 3032 2667; x_wconf 73' lang='grc' dir='ltr'><strong>ἐκμιμούμενος,</strong></span> <span class='ocrx_word' id='word_1_399' title='bbox 3091 2597 3316 2667; x_wconf 85' lang='grc' dir='ltr'><strong>μεγάλα</strong></span> <span class='ocrx_word' id='word_1_400' title='bbox 3376 2597 3525 2668; x_wconf 85' lang='grc' dir='ltr'><strong>βοῶν</strong></span> <span class='ocrx_word' id='word_1_401' title='bbox 3555 2596 3743 2650; x_wconf 72' lang='grc' dir='ltr'><strong>καθικέο</strong></span> 
     </span>
    </p>
   </div>
   <div class='ocr_carea' id='block_1_56' title="bbox 2170 2679 3741 2755">
    <p class='ocr_par' dir='ltr' id='par_1_56' title="bbox 2170 2679 3741 2755">
     <span class='ocr_line' id='line_1_56' title="bbox 2170 2679 3741 2755; baseline -0.001 -19"><span class='ocrx_word' id='word_1_402' title='bbox 2170 2699 2319 2736; x_wconf 88' lang='grc' dir='ltr'><strong>τευε·</strong></span> <span class='ocrx_word' id='word_1_403' title='bbox 2367 2684 2627 2754; x_wconf 84' lang='grc' dir='ltr'><strong>Ἐλέησόν</strong></span> <span class='ocrx_word' id='word_1_404' title='bbox 2654 2701 2742 2755; x_wconf 85' lang='grc' dir='ltr'><strong>με,</strong></span> <span class='ocrx_word' id='word_1_405' title='bbox 2771 2685 2971 2754; x_wconf 86' lang='grc' dir='ltr'><strong>λέγων.</strong></span> <span class='ocrx_word' id='word_1_406' title='bbox 3008 2679 3054 2739; x_wconf 81' lang='grc' dir='ltr'><strong>ὦ</strong></span> <span class='ocrx_word' id='word_1_407' title='bbox 3079 2687 3274 2754; x_wconf 78' lang='grc' dir='ltr'><strong>γνήσιε</strong></span> <span class='ocrx_word' id='word_1_408' title='bbox 3311 2685 3414 2738; x_wconf 80' lang='grc' dir='ltr'><strong>τοῦ</strong></span> <span class='ocrx_word' id='word_1_409' title='bbox 3451 2684 3589 2737; x_wconf 86' lang='grc' dir='ltr'><strong>Θεοῦ</strong></span> <span class='ocrx_word' id='word_1_410' title='bbox 3614 2682 3741 2753; x_wconf 75' lang='grc' dir='ltr'><strong>θερά-</strong></span> 
     </span>
    </p>
   </div>
   <div class='ocr_carea' id='block_1_57' title="bbox 2171 2776 3740 2848">
    <p class='ocr_par' dir='ltr' id='par_1_57' title="bbox 2171 2776 3740 2848">
     <span class='ocr_line' id='line_1_57' title="bbox 2171 2776 3740 2848; baseline -0.003 -18"><span class='ocrx_word' id='word_1_411' title='bbox 2171 2794 2291 2830; x_wconf 86' lang='grc' dir='ltr'><strong>πων</strong></span> <span class='ocrx_word' id='word_1_412' title='bbox 2321 2777 2597 2830; x_wconf 85' lang='grc' dir='ltr'><strong>Πατάπιε.</strong></span> <span class='ocrx_word' id='word_1_413' title='bbox 2623 2777 2716 2831; x_wconf 75' lang='grc' dir='ltr'><strong>Σοὶ</strong></span> <span class='ocrx_word' id='word_1_414' title='bbox 2743 2777 2855 2848; x_wconf 87' lang='grc' dir='ltr'><strong>γὰρ</strong></span> <span class='ocrx_word' id='word_1_415' title='bbox 2881 2778 3090 2848; x_wconf 82' lang='grc' dir='ltr'><strong>ταύτην</strong></span> <span class='ocrx_word' id='word_1_416' title='bbox 3120 2780 3340 2841; x_wconf 77' lang='grc' dir='ltr'><strong>ἐκεῖνος</strong></span> <span class='ocrx_word' id='word_1_417' title='bbox 3370 2778 3479 2847; x_wconf 76' lang='grc' dir='ltr'><strong>τὴν</strong></span> <span class='ocrx_word' id='word_1_418' title='bbox 3510 2777 3659 2846; x_wconf 82' lang='grc' dir='ltr'><strong>χάριν</strong></span> <span class='ocrx_word' id='word_1_419' title='bbox 3675 2776 3740 2826; x_wconf 84' lang='grc' dir='ltr'><strong>δε-</strong></span> 
     </span>
    </p>
   </div>
   <div class='ocr_carea' id='block_1_58' title="bbox 2168 2865 3737 2940">
    <p class='ocr_par' dir='ltr' id='par_1_58' title="bbox 2168 2865 3737 2940">
     <span class='ocr_line' id='line_1_58' title="bbox 2168 2865 3737 2940; baseline 0.005 -19"><span class='ocrx_word' id='word_1_420' title='bbox 2168 2868 2431 2939; x_wconf 85' lang='grc' dir='ltr'><strong>δώρηται,</strong></span> <span class='ocrx_word' id='word_1_421' title='bbox 2463 2870 2560 2924; x_wconf 73' lang='grc' dir='ltr'><strong>καὶ</strong></span> <span class='ocrx_word' id='word_1_422' title='bbox 2595 2869 2685 2923; x_wconf 78' lang='grc' dir='ltr'><strong>διὰ</strong></span> <span class='ocrx_word' id='word_1_423' title='bbox 2738 2868 2857 2933; x_wconf 80' lang='grc' dir='ltr'><strong>σοῦ,</strong></span> <span class='ocrx_word' id='word_1_424' title='bbox 2905 2865 2997 2940; x_wconf 73' lang='grc' dir='ltr'><strong>μοὶ</strong></span> <span class='ocrx_word' id='word_1_425' title='bbox 3028 2872 3090 2923; x_wconf 80' lang='grc' dir='ltr'><strong>τὸ</strong></span> <span class='ocrx_word' id='word_1_426' title='bbox 3122 2871 3240 2939; x_wconf 81' lang='grc' dir='ltr'><strong>φῶς</strong></span> <span class='ocrx_word' id='word_1_427' title='bbox 3267 2869 3334 2922; x_wconf 79' lang='grc' dir='ltr'><strong>τὸ</strong></span> <span class='ocrx_word' id='word_1_428' title='bbox 3367 2867 3624 2939; x_wconf 74' lang='grc' dir='ltr'><strong>ἀληθινὸν</strong></span> <span class='ocrx_word' id='word_1_429' title='bbox 3664 2865 3737 2934; x_wconf 68' lang='grc' dir='ltr'><strong>τὴν</strong></span> 
     </span>
    </p>
   </div>
   <div class='ocr_carea' id='block_1_59' title="bbox 2170 2946 3745 3034">
    <p class='ocr_par' dir='ltr' id='par_1_59' title="bbox 2170 2946 3745 3034">
     <span class='ocr_line' id='line_1_59' title="bbox 2170 2946 3745 3034; baseline -0.006 -16"><span class='ocrx_word' id='word_1_430' title='bbox 2170 2961 2347 3034; x_wconf 80' lang='grc' dir='ltr'><strong>αὐγὴν</strong></span> <span class='ocrx_word' id='word_1_431' title='bbox 2379 2964 2637 3033; x_wconf 82' lang='grc' dir='ltr'><strong>δωρεῖται</strong></span> <span class='ocrx_word' id='word_1_432' title='bbox 2663 2963 2774 3018; x_wconf 86' lang='grc' dir='ltr'><strong>τῶν</strong></span> <span class='ocrx_word' id='word_1_433' title='bbox 2815 2963 3139 3032; x_wconf 69' lang='grc' dir='ltr'><strong>ὀφθαλμῶν.</strong></span> <span class='ocrx_word' id='word_1_434' title='bbox 3188 2963 3361 3017; x_wconf 87' lang='grc' dir='ltr'><strong>Ἀλλὰ</strong></span> <span class='ocrx_word' id='word_1_435' title='bbox 3396 2965 3477 3034; x_wconf 84' lang='grc' dir='ltr'><strong>μὴ</strong></span> <span class='ocrx_word' id='word_1_436' title='bbox 3506 2962 3641 3031; x_wconf 79' lang='grc' dir='ltr'><strong>ὄκνῳ</strong></span> <span class='ocrx_word' id='word_1_437' title='bbox 3664 2946 3745 3028; x_wconf 70' lang='grc' dir='ltr'><strong>τὴν</strong></span> 
     </span>
    </p>
   </div>
   <div class='ocr_carea' id='block_1_60' title="bbox 2172 3045 3737 3128">
    <p class='ocr_par' dir='ltr' id='par_1_60' title="bbox 2172 3045 3737 3128">
     <span class='ocr_line' id='line_1_60' title="bbox 2172 3045 3737 3128; baseline -0.003 -20"><span class='ocrx_word' id='word_1_438' title='bbox 2172 3056 2494 3128; x_wconf 75' lang='grc' dir='ltr'><strong>παρρησίαν</strong></span> <span class='ocrx_word' id='word_1_439' title='bbox 2543 3056 2854 3127; x_wconf 78' lang='grc' dir='ltr'><strong>ἀμϐλύνῃς,</strong></span> <span class='ocrx_word' id='word_1_440' title='bbox 2908 3056 3243 3127; x_wconf 76' lang='grc' dir='ltr'><strong>μακαριστὲ,</strong></span> <span class='ocrx_word' id='word_1_441' title='bbox 3298 3045 3737 3125; x_wconf 74' lang='grc' dir='ltr'><strong>μηδὲ’ἁνα6ο).αῖ;</strong></span> 
     </span>
    </p>
   </div>
   <div class='ocr_carea' id='block_1_61' title="bbox 2167 3140 3738 3225">
    <p class='ocr_par' dir='ltr' id='par_1_61' title="bbox 2167 3140 3738 3225">
     <span class='ocr_line' id='line_1_61' title="bbox 2167 3140 3738 3225; baseline -0.003 -29"><span class='ocrx_word' id='word_1_442' title='bbox 2167 3143 2268 3214; x_wconf 78' lang='grc' dir='ltr'><strong>τὴν</strong></span> <span class='ocrx_word' id='word_1_443' title='bbox 2318 3144 2531 3214; x_wconf 82' lang='grc' dir='ltr'><strong>δωρεὰν</strong></span> <span class='ocrx_word' id='word_1_444' title='bbox 2580 3145 2930 3225; x_wconf 58' lang='grc' dir='ltr'><strong>ὑπερ-τίθεσο,</strong></span> <span class='ocrx_word' id='word_1_445' title='bbox 2963 3147 3101 3217; x_wconf 80' lang='grc' dir='ltr'><strong>μήτε</strong></span> <span class='ocrx_word' id='word_1_446' title='bbox 3132 3146 3345 3218; x_wconf 77' lang='grc' dir='ltr'><strong>νεφέλῃ</strong></span> <span class='ocrx_word' id='word_1_447' title='bbox 3387 3143 3631 3215; x_wconf 67' lang='grc' dir='ltr'><strong>καλύψῃς</strong></span> <span class='ocrx_word' id='word_1_448' title='bbox 3671 3140 3738 3193; x_wconf 74' lang='grc' dir='ltr'><strong>τὸν</strong></span> 
     </span>
    </p>
   </div>
   <div class='ocr_carea' id='block_1_62' title="bbox 473 3232 2065 3314">
    <p class='ocr_par' dir='ltr' id='par_1_62' title="bbox 473 3238 2064 3314">
     <span class='ocr_line' id='line_1_62' title="bbox 473 3238 2064 3314; baseline 0.003 -23"><span class='ocrx_word' id='word_1_449' title='bbox 473 3238 659 3303; x_wconf 79' lang='lat' dir='ltr'><strong>Iidem,</strong></span> <span class='ocrx_word' id='word_1_450' title='bbox 700 3242 881 3296; x_wconf 88' lang='lat' dir='ltr'><strong>tribue</strong></span> <span class='ocrx_word' id='word_1_451' title='bbox 912 3244 1172 3312; x_wconf 78' lang='lat' dir='ltr'><strong>gratiam.</strong></span> <span class='ocrx_word' id='word_1_452' title='bbox 1209 3242 1395 3299; x_wconf 87' lang='lat' dir='ltr'><strong>Lance</strong></span> <span class='ocrx_word' id='word_1_453' title='bbox 1424 3243 1655 3314; x_wconf 81' lang='lat' dir='ltr'><strong>exigens</strong></span> <span class='ocrx_word' id='word_1_454' title='bbox 1695 3242 2064 3309; x_wconf 87' lang='lat' dir='ltr'><strong>desiderium,</strong></span> 
     </span>
    </p>
   </div>
   <div class='ocr_carea' id='block_1_63' title="bbox 2167 3232 3735 3314">
    <p class='ocr_par' dir='ltr' id='par_1_63' title="bbox 2167 3232 3735 3310">
     <span class='ocr_line' id='line_1_63' title="bbox 2167 3232 3735 3310; baseline -0.004 -20"><span class='ocrx_word' id='word_1_455' title='bbox 2167 3237 2339 3308; x_wconf 74' lang='grc' dir='ltr'><strong>ἥλιονο</strong></span> <span class='ocrx_word' id='word_1_456' title='bbox 2375 3238 2495 3292; x_wconf 88' lang='grc' dir='ltr'><strong>ἀλλ’</strong></span> <span class='ocrx_word' id='word_1_457' title='bbox 2528 3237 2652 3292; x_wconf 85' lang='grc' dir='ltr'><strong>ἰδών</strong></span> <span class='ocrx_word' id='word_1_458' title='bbox 2704 3256 2812 3310; x_wconf 86' lang='grc' dir='ltr'><strong>μου</strong></span> <span class='ocrx_word' id='word_1_459' title='bbox 2860 3237 2961 3308; x_wconf 84' lang='grc' dir='ltr'><strong>τὴν</strong></span> <span class='ocrx_word' id='word_1_460' title='bbox 3011 3238 3283 3301; x_wconf 83' lang='grc' dir='ltr'><strong>κάκωσιν,</strong></span> <span class='ocrx_word' id='word_1_461' title='bbox 3344 3238 3627 3307; x_wconf 81' lang='grc' dir='ltr'><strong>παράσχου</strong></span> <span class='ocrx_word' id='word_1_462' title='bbox 3661 3232 3735 3301; x_wconf 80' lang='grc' dir='ltr'><strong>τὴν</strong></span> 
     </span>
    </p>
   </div>
   <div class='ocr_carea' id='block_1_64' title="bbox 467 3334 2063 3408">
    <p class='ocr_par' dir='ltr' id='par_1_64' title="bbox 467 3334 2063 3408">
     <span class='ocr_line' id='line_1_64' title="bbox 467 3334 2063 3408; baseline 0.006 -23"><span class='ocrx_word' id='word_1_463' title='bbox 467 3345 605 3385; x_wconf 85' lang='lat' dir='ltr'><strong>cura</strong></span> <span class='ocrx_word' id='word_1_464' title='bbox 641 3334 1051 3403; x_wconf 81' lang='lat' dir='ltr'><strong>aegritudinem.</strong></span> <span class='ocrx_word' id='word_1_465' title='bbox 1102 3336 1245 3402; x_wconf 85' lang='lat' dir='ltr'><strong>Quid</strong></span> <span class='ocrx_word' id='word_1_466' title='bbox 1275 3337 1443 3408; x_wconf 77' lang='lat' dir='ltr'><strong>igitur</strong></span> <span class='ocrx_word' id='word_1_467' title='bbox 1481 3339 1565 3391; x_wconf 88' lang='lat' dir='ltr'><strong>vir</strong></span> <span class='ocrx_word' id='word_1_468' title='bbox 1603 3338 1837 3394; x_wconf 89' lang='lat' dir='ltr'><strong>beatus?</strong></span> <span class='ocrx_word' id='word_1_469' title='bbox 1860 3339 2063 3408; x_wconf 78' lang='lat' dir='ltr'><strong>Habes,</strong></span> 
     </span>
    </p>
   </div>
   <div class='ocr_carea' id='block_1_65' title="bbox 2171 3326 3735 3403">
    <p class='ocr_par' dir='ltr' id='par_1_65' title="bbox 2171 3326 3735 3403">
     <span class='ocr_line' id='line_1_65' title="bbox 2171 3326 3735 3403; baseline -0.003 -20"><span class='ocrx_word' id='word_1_470' title='bbox 2171 3330 2340 3385; x_wconf 75' lang='grc' dir='ltr'><strong>ἴασιν.</strong></span> <span class='ocrx_word' id='word_1_471' title='bbox 2367 3332 2672 3403; x_wconf 82' lang='grc' dir='ltr'><strong>Μετρήσας</strong></span> <span class='ocrx_word' id='word_1_472' title='bbox 2707 3348 2812 3401; x_wconf 90' lang='grc' dir='ltr'><strong>μου</strong></span> <span class='ocrx_word' id='word_1_473' title='bbox 2845 3330 2944 3400; x_wconf 73' lang='grc' dir='ltr'><strong>τὴν</strong></span> <span class='ocrx_word' id='word_1_474' title='bbox 2975 3330 3183 3396; x_wconf 83' lang='grc' dir='ltr'><strong>πίστιν,</strong></span> <span class='ocrx_word' id='word_1_475' title='bbox 3239 3330 3392 3384; x_wconf 80' lang='grc' dir='ltr'><strong>δίδου</strong></span> <span class='ocrx_word' id='word_1_476' title='bbox 3441 3331 3541 3398; x_wconf 77' lang='grc' dir='ltr'><strong>τὴν</strong></span> <span class='ocrx_word' id='word_1_477' title='bbox 3587 3326 3735 3398; x_wconf 76' lang='grc' dir='ltr'><strong>χάριν.</strong></span> 
     </span>
    </p>
   </div>
   <div class='ocr_carea' id='block_1_66' title="bbox 468 3418 2065 3498">
    <p class='ocr_par' dir='ltr' id='par_1_66' title="bbox 468 3420 2065 3498">
     <span class='ocr_line' id='line_1_66' title="bbox 468 3420 2065 3498; baseline 0.004 -22"><span class='ocrx_word' id='word_1_478' title='bbox 468 3420 677 3492; x_wconf 87' lang='lat' dir='ltr'><strong>inquit,</strong></span> <span class='ocrx_word' id='word_1_479' title='bbox 706 3424 913 3480; x_wconf 82' lang='lat' dir='ltr'><strong>ﬁdem?</strong></span> <span class='ocrx_word' id='word_1_480' title='bbox 947 3427 1145 3483; x_wconf 89' lang='lat' dir='ltr'><strong>Credis</strong></span> <span class='ocrx_word' id='word_1_481' title='bbox 1179 3426 1293 3482; x_wconf 88' lang='lat' dir='ltr'><strong>Deo</strong></span> <span class='ocrx_word' id='word_1_482' title='bbox 1323 3428 1417 3496; x_wconf 89' lang='lat' dir='ltr'><strong>qui</strong></span> <span class='ocrx_word' id='word_1_483' title='bbox 1459 3428 1629 3483; x_wconf 80' lang='lat' dir='ltr'><strong>liabet</strong></span> <span class='ocrx_word' id='word_1_484' title='bbox 1686 3430 2065 3498; x_wconf 82' lang='lat' dir='ltr'><strong>potestatem?</strong></span> 
     </span>
    </p>
   </div>
   <div class='ocr_carea' id='block_1_67' title="bbox 2167 3418 3733 3498">
    <p class='ocr_par' dir='ltr' id='par_1_67' title="bbox 2168 3418 3733 3492">
     <span class='ocr_line' id='line_1_67' title="bbox 2168 3418 3733 3492; baseline -0.004 -18"><span class='ocrx_word' id='word_1_485' title='bbox 2168 3424 2589 3492; x_wconf 79' lang='grc' dir='ltr'><strong>Ζυγοστατήσας</strong></span> <span class='ocrx_word' id='word_1_486' title='bbox 2623 3440 2724 3491; x_wconf 87' lang='grc' dir='ltr'><strong>μου</strong></span> <span class='ocrx_word' id='word_1_487' title='bbox 2760 3422 2852 3475; x_wconf 81' lang='grc' dir='ltr'><strong>τὸν</strong></span> <span class='ocrx_word' id='word_1_488' title='bbox 2882 3421 3073 3487; x_wconf 88' lang='grc' dir='ltr'><strong>πόθον,</strong></span> <span class='ocrx_word' id='word_1_489' title='bbox 3098 3421 3455 3491; x_wconf 82' lang='grc' dir='ltr'><strong>θεράπευσον</strong></span> <span class='ocrx_word' id='word_1_490' title='bbox 3480 3420 3569 3473; x_wconf 85' lang='grc' dir='ltr'><strong>τὸν</strong></span> <span class='ocrx_word' id='word_1_491' title='bbox 3586 3418 3733 3473; x_wconf 85' lang='grc' dir='ltr'><strong>πόνον.</strong></span> 
     </span>
    </p>
   </div>
   <div class='ocr_carea' id='block_1_68' title="bbox 469 3511 2060 3585">
    <p class='ocr_par' dir='ltr' id='par_1_68' title="bbox 469 3511 2060 3585">
     <span class='ocr_line' id='line_1_68' title="bbox 469 3511 2060 3585; baseline 0.008 -21"><span class='ocrx_word' id='word_1_492' title='bbox 469 3511 673 3569; x_wconf 83' lang='lat' dir='ltr'><strong>Credis</strong></span> <span class='ocrx_word' id='word_1_493' title='bbox 724 3516 803 3568; x_wconf 90' lang='lat' dir='ltr'><strong>illi</strong></span> <span class='ocrx_word' id='word_1_494' title='bbox 841 3518 933 3585; x_wconf 86' lang='lat' dir='ltr'><strong>qui</strong></span> <span class='ocrx_word' id='word_1_495' title='bbox 968 3527 1131 3573; x_wconf 88' lang='lat' dir='ltr'><strong>sanat</strong></span> <span class='ocrx_word' id='word_1_496' title='bbox 1182 3534 1403 3574; x_wconf 89' lang='lat' dir='ltr'><strong>onmem</strong></span> <span class='ocrx_word' id='word_1_497' title='bbox 1441 3520 1696 3575; x_wconf 89' lang='lat' dir='ltr'><strong>morbum</strong></span> <span class='ocrx_word' id='word_1_498' title='bbox 1743 3529 1801 3574; x_wconf 91' lang='lat' dir='ltr'><strong>et</strong></span> <span class='ocrx_word' id='word_1_499' title='bbox 1836 3536 2060 3576; x_wconf 90' lang='lat' dir='ltr'><strong>omnem</strong></span> 
     </span>
    </p>
   </div>
   <div class='ocr_carea' id='block_1_69' title="bbox 424 3598 2060 3685">
    <p class='ocr_par' dir='ltr' id='par_1_69' title="bbox 424 3598 2060 3685">
     <span class='ocr_line' id='line_1_69' title="bbox 424 3598 2060 3685; baseline 0.007 -28"><span class='ocrx_word' id='word_1_500' title='bbox 424 3598 435 3613; x_wconf 83' lang='grc'><em>’</em></span> <span class='ocrx_word' id='word_1_501' title='bbox 464 3604 835 3685; x_wconf 80' lang='lat' dir='ltr'><strong>languorem?</strong></span> <span class='ocrx_word' id='word_1_502' title='bbox 863 3612 945 3665; x_wconf 86' lang='lat' dir='ltr'><strong>Ad</strong></span> <span class='ocrx_word' id='word_1_503' title='bbox 983 3612 1101 3667; x_wconf 67' lang='lat' dir='ltr'><strong>base</strong></span> <span class='ocrx_word' id='word_1_504' title='bbox 1148 3612 1350 3668; x_wconf 86' lang='lat' dir='ltr'><strong>iterum</strong></span> <span class='ocrx_word' id='word_1_505' title='bbox 1386 3614 1520 3668; x_wconf 89' lang='lat' dir='ltr'><strong>ille:</strong></span> <span class='ocrx_word' id='word_1_506' title='bbox 1556 3613 1765 3676; x_wconf 87' lang='lat' dir='ltr'><strong>Credo.</strong></span> <span class='ocrx_word' id='word_1_507' title='bbox 1809 3614 2060 3680; x_wconf 89' lang='lat' dir='ltr'><strong>Domine,</strong></span> 
     </span>
    </p>
   </div>
   <div class='ocr_carea' id='block_1_70' title="bbox 420 3701 2061 3776">
    <p class='ocr_par' dir='ltr' id='par_1_70' title="bbox 420 3701 2061 3776">
     <span class='ocr_line' id='line_1_70' title="bbox 420 3701 2061 3776; baseline 0.007 -26"><span class='ocrx_word' id='word_1_508' title='bbox 420 3742 428 3750; x_wconf 94' lang='lat'><strong>.</strong></span> <span class='ocrx_word' id='word_1_509' title='bbox 470 3712 537 3750; x_wconf 91' lang='lat' dir='ltr'><strong>ac</strong></span> <span class='ocrx_word' id='word_1_510' title='bbox 568 3701 805 3756; x_wconf 88' lang='lat' dir='ltr'><strong>credens</strong></span> <span class='ocrx_word' id='word_1_511' title='bbox 834 3705 1066 3763; x_wconf 82' lang='lat' dir='ltr'><strong>accedo.</strong></span> <span class='ocrx_word' id='word_1_512' title='bbox 1107 3705 1178 3757; x_wconf 87' lang='lat' dir='ltr'><strong>At</strong></span> <span class='ocrx_word' id='word_1_513' title='bbox 1210 3704 1517 3776; x_wconf 86' lang='lat' dir='ltr'><strong>Patapius:</strong></span> <span class='ocrx_word' id='word_1_514' title='bbox 1554 3704 1614 3759; x_wconf 86' lang='lat' dir='ltr'><strong>In</strong></span> <span class='ocrx_word' id='word_1_515' title='bbox 1646 3707 1874 3760; x_wconf 87' lang='lat' dir='ltr'><strong>nomine</strong></span> <span class='ocrx_word' id='word_1_516' title='bbox 1930 3705 2061 3761; x_wconf 86' lang='lat' dir='ltr'><strong>Jesu</strong></span> 
     </span>
    </p>
   </div>
   <div class='ocr_carea' id='block_1_71' title="bbox 468 3790 2062 3868">
    <p class='ocr_par' dir='ltr' id='par_1_71' title="bbox 468 3790 2062 3868">
     <span class='ocr_line' id='line_1_71' title="bbox 468 3790 2062 3868; baseline 0.007 -25"><span class='ocrx_word' id='word_1_517' title='bbox 468 3790 701 3857; x_wconf 85' lang='lat' dir='ltr'><strong>Christi,</strong></span> <span class='ocrx_word' id='word_1_518' title='bbox 743 3793 837 3863; x_wconf 90' lang='lat' dir='ltr'><strong>qui</strong></span> <span class='ocrx_word' id='word_1_519' title='bbox 870 3797 1086 3851; x_wconf 89' lang='lat' dir='ltr'><strong>curavit</strong></span> <span class='ocrx_word' id='word_1_520' title='bbox 1132 3812 1363 3861; x_wconf 69' lang='lat' dir='ltr'><strong>caecum,</strong></span> <span class='ocrx_word' id='word_1_521' title='bbox 1396 3798 1451 3851; x_wconf 90' lang='lat' dir='ltr'><strong>in</strong></span> <span class='ocrx_word' id='word_1_522' title='bbox 1481 3813 1647 3868; x_wconf 88' lang='lat' dir='ltr'><strong>quem</strong></span> <span class='ocrx_word' id='word_1_523' title='bbox 1689 3797 1923 3854; x_wconf 86' lang='lat' dir='ltr'><strong>credens</strong></span> <span class='ocrx_word' id='word_1_524' title='bbox 1953 3798 2062 3854; x_wconf 87' lang='lat' dir='ltr'><strong>huc</strong></span> 
     </span>
    </p>
   </div>
   <div class='ocr_carea' id='block_1_72' title="bbox 403 3869 2063 3960">
    <p class='ocr_par' dir='ltr' id='par_1_72' title="bbox 403 3869 2063 3960">
     <span class='ocr_line' id='line_1_72' title="bbox 403 3869 2063 3960; baseline 0.007 -26"><span class='ocrx_word' id='word_1_525' title='bbox 403 3869 406 3872; x_wconf 58' lang='grc'><strong>’</strong></span> <span class='ocrx_word' id='word_1_526' title='bbox 468 3884 778 3947; x_wconf 87' lang='lat' dir='ltr'><strong>accessisti,</strong></span> <span class='ocrx_word' id='word_1_527' title='bbox 806 3887 917 3941; x_wconf 90' lang='lat' dir='ltr'><strong>eris</strong></span> <span class='ocrx_word' id='word_1_528' title='bbox 952 3888 1149 3943; x_wconf 88' lang='lat' dir='ltr'><strong>videns</strong></span> <span class='ocrx_word' id='word_1_529' title='bbox 1180 3889 1381 3951; x_wconf 86' lang='lat' dir='ltr'><strong>solem,</strong></span> <span class='ocrx_word' id='word_1_530' title='bbox 1415 3890 1570 3943; x_wconf 92' lang='lat' dir='ltr'><strong>nullo</strong></span> <span class='ocrx_word' id='word_1_531' title='bbox 1600 3905 1840 3959; x_wconf 87' lang='lat' dir='ltr'><strong>usquam</strong></span> <span class='ocrx_word' id='word_1_532' title='bbox 1887 3890 2063 3960; x_wconf 88' lang='lat' dir='ltr'><strong>impc-</strong></span> 
     </span>
    </p>
   </div>
   <div class='ocr_carea' id='block_1_73' title="bbox 469 3975 2061 4054">
    <p class='ocr_par' dir='ltr' id='par_1_73' title="bbox 469 3975 2061 4054">
     <span class='ocr_line' id='line_1_73' title="bbox 469 3975 2061 4054; baseline 0.006 -25"><span class='ocrx_word' id='word_1_533' title='bbox 469 3975 780 4031; x_wconf 90' lang='lat' dir='ltr'><strong>dimentum</strong></span> <span class='ocrx_word' id='word_1_534' title='bbox 819 3980 1121 4049; x_wconf 72' lang='lat' dir='ltr'><strong>praebente.</strong></span> <span class='ocrx_word' id='word_1_535' title='bbox 1170 3981 1478 4036; x_wconf 82' lang='lat' dir='ltr'><strong>Confestim</strong></span> <span class='ocrx_word' id='word_1_536' title='bbox 1514 3982 1684 4053; x_wconf 83' lang='lat' dir='ltr'><strong>igitur</strong></span> <span class='ocrx_word' id='word_1_537' title='bbox 1713 3983 1836 4053; x_wconf 88' lang='lat' dir='ltr'><strong>ejus</strong></span> <span class='ocrx_word' id='word_1_538' title='bbox 1880 3984 2061 4054; x_wconf 89' lang='lat' dir='ltr'><strong>aperti</strong></span> 
     </span>
    </p>
   </div>
   <div class='ocr_carea' id='block_1_74' title="bbox 470 4071 2058 4143">
    <p class='ocr_par' dir='ltr' id='par_1_74' title="bbox 470 4071 2058 4143">
     <span class='ocr_line' id='line_1_74' title="bbox 470 4071 2058 4143; baseline 0.004 -18"><span class='ocrx_word' id='word_1_539' title='bbox 470 4076 605 4125; x_wconf 90' lang='lat' dir='ltr'><strong>sunt</strong></span> <span class='ocrx_word' id='word_1_540' title='bbox 632 4071 800 4135; x_wconf 92' lang='lat' dir='ltr'><strong>oculi,</strong></span> <span class='ocrx_word' id='word_1_541' title='bbox 845 4072 1194 4143; x_wconf 72' lang='lat' dir='ltr'><strong>eﬂ‘ectusque</strong></span> <span class='ocrx_word' id='word_1_542' title='bbox 1224 4085 1310 4129; x_wconf 89' lang='lat' dir='ltr'><strong>est</strong></span> <span class='ocrx_word' id='word_1_543' title='bbox 1339 4090 1513 4129; x_wconf 87' lang='lat' dir='ltr'><strong>sanus</strong></span> <span class='ocrx_word' id='word_1_544' title='bbox 1546 4074 1896 4141; x_wconf 87' lang='lat' dir='ltr'><strong>adolescens,</strong></span> <span class='ocrx_word' id='word_1_545' title='bbox 1927 4090 1993 4131; x_wconf 91' lang='lat' dir='ltr'><strong>ac</strong></span> <span class='ocrx_word' id='word_1_546' title='bbox 2012 4077 2058 4133; x_wconf 91' lang='lat' dir='ltr'><strong>si</strong></span> 
     </span>
    </p>
   </div>
   <div class='ocr_carea' id='block_1_75' title="bbox 468 4166 2059 4238">
    <p class='ocr_par' dir='ltr' id='par_1_75' title="bbox 468 4166 2059 4238">
     <span class='ocr_line' id='line_1_75' title="bbox 468 4166 2059 4238; baseline 0.004 -23"><span class='ocrx_word' id='word_1_547' title='bbox 468 4178 752 4234; x_wconf 89' lang='lat' dir='ltr'><strong>nunquam</strong></span> <span class='ocrx_word' id='word_1_548' title='bbox 807 4166 1099 4221; x_wconf 83' lang='lat' dir='ltr'><strong>habuisset</strong></span> <span class='ocrx_word' id='word_1_549' title='bbox 1151 4167 1312 4222; x_wconf 81' lang='lat' dir='ltr'><strong>laesas</strong></span> <span class='ocrx_word' id='word_1_550' title='bbox 1361 4168 1622 4238; x_wconf 89' lang='lat' dir='ltr'><strong>pupillas,</strong></span> <span class='ocrx_word' id='word_1_551' title='bbox 1655 4176 1751 4221; x_wconf 88' lang='lat' dir='ltr'><strong>aut</strong></span> <span class='ocrx_word' id='word_1_552' title='bbox 1798 4170 2059 4224; x_wconf 88' lang='lat' dir='ltr'><strong>morbum</strong></span> 
     </span>
    </p>
   </div>
   <div class='ocr_carea' id='block_1_76' title="bbox 467 4255 2058 4327">
    <p class='ocr_par' dir='ltr' id='par_1_76' title="bbox 467 4255 2058 4327">
     <span class='ocr_line' id='line_1_76' title="bbox 467 4255 2058 4327; baseline 0.004 -18"><span class='ocrx_word' id='word_1_553' title='bbox 467 4255 741 4323; x_wconf 83' lang='lat' dir='ltr'><strong>ejusmodi</strong></span> <span class='ocrx_word' id='word_1_554' title='bbox 784 4272 982 4327; x_wconf 87' lang='lat' dir='ltr'><strong>passus</strong></span> <span class='ocrx_word' id='word_1_555' title='bbox 1030 4268 1201 4314; x_wconf 86' lang='lat' dir='ltr'><strong>esset.</strong></span> <span class='ocrx_word' id='word_1_556' title='bbox 1256 4259 1480 4314; x_wconf 84' lang='lat' dir='ltr'><strong>Demum</strong></span> <span class='ocrx_word' id='word_1_557' title='bbox 1538 4260 1781 4315; x_wconf 89' lang='lat' dir='ltr'><strong>mirabili</strong></span> <span class='ocrx_word' id='word_1_558' title='bbox 1840 4261 1945 4315; x_wconf 83' lang='lat' dir='ltr'><strong>hac</strong></span> <span class='ocrx_word' id='word_1_559' title='bbox 2002 4262 2058 4316; x_wconf 90' lang='lat' dir='ltr'><strong>in</strong></span> 
     </span>
    </p>
   </div>
   <div class='ocr_carea' id='block_1_77' title="bbox 467 4350 2060 4424">
    <p class='ocr_par' dir='ltr' id='par_1_77' title="bbox 467 4350 2060 4424">
     <span class='ocr_line' id='line_1_77' title="bbox 467 4350 2060 4424; baseline 0.003 -17"><span class='ocrx_word' id='word_1_560' title='bbox 467 4365 594 4407; x_wconf 84' lang='lat' dir='ltr'><strong>cum</strong></span> <span class='ocrx_word' id='word_1_561' title='bbox 632 4350 776 4405; x_wconf 88' lang='lat' dir='ltr'><strong>facta</strong></span> <span class='ocrx_word' id='word_1_562' title='bbox 807 4354 1084 4417; x_wconf 70' lang='lat' dir='ltr'><strong>sanitate,</strong></span> <span class='ocrx_word' id='word_1_563' title='bbox 1126 4352 1380 4409; x_wconf 81' lang='lat' dir='ltr'><strong>videntes</strong></span> <span class='ocrx_word' id='word_1_564' title='bbox 1430 4353 1656 4424; x_wconf 88' lang='lat' dir='ltr'><strong>quidem</strong></span> <span class='ocrx_word' id='word_1_565' title='bbox 1688 4353 2060 4412; x_wconf 87' lang='lat' dir='ltr'><strong>admiratione</strong></span> 
     </span>
    </p>
   </div>
   <div class='ocr_carea' id='block_1_78' title="bbox 467 4442 2059 4519">
    <p class='ocr_par' dir='ltr' id='par_1_78' title="bbox 467 4442 2059 4519">
     <span class='ocr_line' id='line_1_78' title="bbox 467 4442 2059 4519; baseline 0.006 -24"><span class='ocrx_word' id='word_1_566' title='bbox 467 4443 667 4512; x_wconf 86' lang='lat' dir='ltr'><strong>perciti</strong></span> <span class='ocrx_word' id='word_1_567' title='bbox 701 4442 873 4498; x_wconf 91' lang='lat' dir='ltr'><strong>Deum</strong></span> <span class='ocrx_word' id='word_1_568' title='bbox 906 4445 1275 4505; x_wconf 83' lang='lat' dir='ltr'><strong>laudaverunt</strong></span> <span class='ocrx_word' id='word_1_569' title='bbox 1297 4463 1313 4514; x_wconf 79' lang='lat'><strong>;</strong></span> <span class='ocrx_word' id='word_1_570' title='bbox 1338 4447 1437 4516; x_wconf 86' lang='lat' dir='ltr'><strong>qui</strong></span> <span class='ocrx_word' id='word_1_571' title='bbox 1481 4461 1612 4501; x_wconf 86' lang='lat' dir='ltr'><strong>vero</strong></span> <span class='ocrx_word' id='word_1_572' title='bbox 1645 4445 1831 4502; x_wconf 88' lang='lat' dir='ltr'><strong>fuerat</strong></span> <span class='ocrx_word' id='word_1_573' title='bbox 1862 4462 2059 4519; x_wconf 83' lang='lat' dir='ltr'><strong>sospes</strong></span> 
     </span>
    </p>
   </div>
   <div class='ocr_carea' id='block_1_79' title="bbox 466 4534 2074 4620">
    <p class='ocr_par' dir='ltr' id='par_1_79' title="bbox 466 4534 2074 4620">
     <span class='ocr_line' id='line_1_79' title="bbox 466 4534 2074 4620; baseline 0.006 -33"><span class='ocrx_word' id='word_1_574' title='bbox 466 4534 718 4590; x_wconf 85' lang='lat' dir='ltr'><strong>redditus</strong></span> <span class='ocrx_word' id='word_1_575' title='bbox 764 4537 901 4620; x_wconf 72' lang='lat' dir='ltr'><strong>abiit</strong></span> <span class='ocrx_word' id='word_1_576' title='bbox 947 4538 1200 4609; x_wconf 78' lang='lat' dir='ltr'><strong>gaudens</strong></span> <span class='ocrx_word' id='word_1_577' title='bbox 1249 4540 1673 4609; x_wconf 85' lang='lat' dir='ltr'><strong>exsultansque,</strong></span> <span class='ocrx_word' id='word_1_578' title='bbox 1722 4540 1961 4597; x_wconf 86' lang='lat' dir='ltr'><strong>laudans</strong></span> <span class='ocrx_word' id='word_1_579' title='bbox 1993 4538 2074 4597; x_wconf 69' lang='lat' dir='ltr'><strong>ac&#39;</strong></span> 
     </span>
    </p>
   </div>
   <div class='ocr_carea' id='block_1_80' title="bbox 467 4625 2058 4702">
    <p class='ocr_par' dir='ltr' id='par_1_80' title="bbox 467 4625 2058 4702">
     <span class='ocr_line' id='line_1_80' title="bbox 467 4625 2058 4702; baseline 0.006 -24"><span class='ocrx_word' id='word_1_580' title='bbox 467 4625 787 4694; x_wconf 84' lang='lat' dir='ltr'><strong>gloriiicans</strong></span> <span class='ocrx_word' id='word_1_581' title='bbox 842 4626 1054 4693; x_wconf 88' lang='lat' dir='ltr'><strong>Deum,</strong></span> <span class='ocrx_word' id='word_1_582' title='bbox 1124 4630 1223 4699; x_wconf 89' lang='lat' dir='ltr'><strong>qui</strong></span> <span class='ocrx_word' id='word_1_583' title='bbox 1292 4631 1503 4702; x_wconf 87' lang='lat' dir='ltr'><strong>gratias</strong></span> <span class='ocrx_word' id='word_1_584' title='bbox 1551 4631 1897 4701; x_wconf 83' lang='lat' dir='ltr'><strong>ejuscemodi</strong></span> <span class='ocrx_word' id='word_1_585' title='bbox 1953 4632 2058 4687; x_wconf 71' lang='lat' dir='ltr'><strong>ad.</strong></span> 
     </span>
    </p>
   </div>
   <div class='ocr_carea' id='block_1_81' title="bbox 463 4719 2059 4795">
    <p class='ocr_par' dir='ltr' id='par_1_81' title="bbox 463 4719 2059 4795">
     <span class='ocr_line' id='line_1_81' title="bbox 463 4719 2059 4795; baseline 0.006 -25"><span class='ocrx_word' id='word_1_586' title='bbox 463 4732 666 4773; x_wconf 89' lang='lat' dir='ltr'><strong>versus</strong></span> <span class='ocrx_word' id='word_1_587' title='bbox 711 4719 937 4777; x_wconf 86' lang='lat' dir='ltr'><strong>morbos</strong></span> <span class='ocrx_word' id='word_1_588' title='bbox 972 4723 1191 4778; x_wconf 90' lang='lat' dir='ltr'><strong>sanctis</strong></span> <span class='ocrx_word' id='word_1_589' title='bbox 1225 4724 1344 4780; x_wconf 85' lang='lat' dir='ltr'><strong>suis</strong></span> <span class='ocrx_word' id='word_1_590' title='bbox 1376 4726 1606 4794; x_wconf 67' lang='lat' dir='ltr'><strong>praebet.</strong></span> <span class='ocrx_word' id='word_1_591' title='bbox 1653 4722 1781 4779; x_wconf 83' lang='lat' dir='ltr'><strong>Fuit</strong></span> <span class='ocrx_word' id='word_1_592' title='bbox 1813 4725 1918 4780; x_wconf 87' lang='lat' dir='ltr'><strong>hoc</strong></span> <span class='ocrx_word' id='word_1_593' title='bbox 1951 4725 2059 4795; x_wconf 89' lang='lat' dir='ltr'><strong>pri-</strong></span> 
     </span>
    </p>
   </div>
   <div class='ocr_carea' id='block_1_82' title="bbox 465 4813 2056 4886">
    <p class='ocr_par' dir='ltr' id='par_1_82' title="bbox 465 4813 2056 4886">
     <span class='ocr_line' id='line_1_82' title="bbox 465 4813 2056 4886; baseline 0.009 -26"><span class='ocrx_word' id='word_1_594' title='bbox 465 4823 619 4861; x_wconf 88' lang='lat' dir='ltr'><strong>mum</strong></span> <span class='ocrx_word' id='word_1_595' title='bbox 659 4822 689 4862; x_wconf 88' lang='lat' dir='ltr'><strong>a</strong></span> <span class='ocrx_word' id='word_1_596' title='bbox 732 4820 928 4865; x_wconf 89' lang='lat' dir='ltr'><strong>sancto</strong></span> <span class='ocrx_word' id='word_1_597' title='bbox 958 4813 1168 4867; x_wconf 84' lang='lat' dir='ltr'><strong>editum</strong></span> <span class='ocrx_word' id='word_1_598' title='bbox 1218 4816 1573 4872; x_wconf 87' lang='lat' dir='ltr'><strong>miraculum.</strong></span> <span class='ocrx_word' id='word_1_599' title='bbox 1615 4814 1763 4870; x_wconf 88' lang='lat' dir='ltr'><strong>Sunt</strong></span> <span class='ocrx_word' id='word_1_600' title='bbox 1796 4819 1877 4871; x_wconf 66' lang='lat' dir='ltr'><strong>iam</strong></span> <span class='ocrx_word' id='word_1_601' title='bbox 1932 4817 2056 4886; x_wconf 78' lang='lat' dir='ltr'><strong>ejus</strong></span> 
     </span>
    </p>
   </div>
   <div class='ocr_carea' id='block_1_83' title="bbox 464 4899 2056 4979">
    <p class='ocr_par' dir='ltr' id='par_1_83' title="bbox 464 4899 2056 4979">
     <span class='ocr_line' id='line_1_83' title="bbox 464 4899 2056 4979; baseline 0.007 -26"><span class='ocrx_word' id='word_1_602' title='bbox 464 4899 722 4955; x_wconf 89' lang='lat' dir='ltr'><strong>laborum</strong></span> <span class='ocrx_word' id='word_1_603' title='bbox 756 4903 1019 4972; x_wconf 68' lang='lat' dir='ltr'><strong>primitiae</strong></span> <span class='ocrx_word' id='word_1_604' title='bbox 1053 4925 1065 4961; x_wconf 90' lang='lat'><strong>:</strong></span> <span class='ocrx_word' id='word_1_605' title='bbox 1095 4922 1335 4977; x_wconf 90' lang='lat' dir='ltr'><strong>quarum</strong></span> <span class='ocrx_word' id='word_1_606' title='bbox 1370 4904 1475 4964; x_wconf 82' lang='lat' dir='ltr'><strong>nos</strong></span> <span class='ocrx_word' id='word_1_607' title='bbox 1526 4909 1845 4979; x_wconf 82' lang='lat' dir='ltr'><strong>largitorem</strong></span> <span class='ocrx_word' id='word_1_608' title='bbox 1892 4908 2056 4964; x_wconf 87' lang='lat' dir='ltr'><strong>Chri-</strong></span> 
     </span>
    </p>
   </div>
   <div class='ocr_carea' id='block_1_84' title="bbox 466 5001 2048 5070">
    <p class='ocr_par' dir='ltr' id='par_1_84' title="bbox 466 5001 2048 5070">
     <span class='ocr_line' id='line_1_84' title="bbox 466 5001 2048 5070; baseline 0.008 -24"><span class='ocrx_word' id='word_1_609' title='bbox 466 5002 635 5059; x_wconf 86' lang='lat' dir='ltr'><strong>stum,</strong></span> <span class='ocrx_word' id='word_1_610' title='bbox 670 5003 1038 5068; x_wconf 86' lang='lat' dir='ltr'><strong>sanctumquc</strong></span> <span class='ocrx_word' id='word_1_611' title='bbox 1069 5001 1363 5070; x_wconf 81' lang='lat' dir='ltr'><strong>condignis</strong></span> <span class='ocrx_word' id='word_1_612' title='bbox 1398 5002 1639 5056; x_wconf 88' lang='lat' dir='ltr'><strong>canticis</strong></span> <span class='ocrx_word' id='word_1_613' title='bbox 1681 5003 2048 5068; x_wconf 82' lang='lat' dir='ltr'><strong>celebrantes,</strong></span> 
     </span>
    </p>
   </div>
   <div class='ocr_carea' id='block_1_85' title="bbox 464 5081 1697 5155">
    <p class='ocr_par' dir='ltr' id='par_1_85' title="bbox 464 5081 1697 5155">
     <span class='ocr_line' id='line_1_85' title="bbox 464 5081 1697 5155; baseline 0.006 -20"><span class='ocrx_word' id='word_1_614' title='bbox 464 5081 534 5135; x_wconf 91' lang='lat' dir='ltr'><strong>ad</strong></span> <span class='ocrx_word' id='word_1_615' title='bbox 566 5083 717 5138; x_wconf 89' lang='lat' dir='ltr'><strong>aliud</strong></span> <span class='ocrx_word' id='word_1_616' title='bbox 754 5085 883 5141; x_wconf 88' lang='lat' dir='ltr'><strong>hinc</strong></span> <span class='ocrx_word' id='word_1_617' title='bbox 915 5089 1245 5145; x_wconf 87' lang='lat' dir='ltr'><strong>miraculum</strong></span> <span class='ocrx_word' id='word_1_618' title='bbox 1270 5130 1284 5155; x_wconf 92' lang='lat'><strong>,</strong></span> <span class='ocrx_word' id='word_1_619' title='bbox 1323 5099 1697 5146; x_wconf 88' lang='lat' dir='ltr'><strong>transeamus.</strong></span> 
     </span>
    </p>
   </div>
   <div class='ocr_carea' id='block_1_86' title="bbox 782 5383 1745 5457">
    <p class='ocr_par' dir='ltr' id='par_1_86' title="bbox 782 5383 1745 5457">
     <span class='ocr_line' id='line_1_86' title="bbox 782 5383 1745 5457; baseline 0.006 -19"><span class='ocrx_word' id='word_1_620' title='bbox 782 5383 861 5440; x_wconf 85' lang='lat' dir='ltr'><strong>De</strong></span> <span class='ocrx_word' id='word_1_621' title='bbox 891 5386 1185 5457; x_wconf 72' lang='lat' dir='ltr'><strong>hydropico</strong></span> <span class='ocrx_word' id='word_1_622' title='bbox 1214 5389 1443 5443; x_wconf 75' lang='lat' dir='ltr'><strong>sanitati</strong></span> <span class='ocrx_word' id='word_1_623' title='bbox 1472 5390 1745 5444; x_wconf 77' lang='lat' dir='ltr'><strong>restituto.</strong></span> 
     </span>
    </p>
   </div>
   <div class='ocr_carea' id='block_1_87' title="bbox 2166 3507 3735 3587">
    <p class='ocr_par' dir='ltr' id='par_1_87' title="bbox 2166 3507 3735 3587">
     <span class='ocr_line' id='line_1_87' title="bbox 2166 3507 3735 3587; baseline -0.004 -20"><span class='ocrx_word' id='word_1_624' title='bbox 2166 3514 2233 3567; x_wconf 88' lang='grc' dir='ltr'><strong>Τί</strong></span> <span class='ocrx_word' id='word_1_625' title='bbox 2262 3507 2354 3568; x_wconf 75' lang='grc' dir='ltr'><strong>οὖν</strong></span> <span class='ocrx_word' id='word_1_626' title='bbox 2389 3516 2418 3567; x_wconf 91' lang='grc' dir='ltr'><strong>ὁ</strong></span> <span class='ocrx_word' id='word_1_627' title='bbox 2461 3515 2771 3585; x_wconf 87' lang='grc' dir='ltr'><strong>μακάριος;</strong></span> <span class='ocrx_word' id='word_1_628' title='bbox 2800 3515 2987 3587; x_wconf 88' lang='grc' dir='ltr'><strong>Ἔχεις</strong></span> <span class='ocrx_word' id='word_1_629' title='bbox 3028 3514 3250 3581; x_wconf 87' lang='grc' dir='ltr'><strong>πίστιν;</strong></span> <span class='ocrx_word' id='word_1_630' title='bbox 3282 3515 3449 3585; x_wconf 77' lang='grc' dir='ltr'><strong>φησί.</strong></span> <span class='ocrx_word' id='word_1_631' title='bbox 3490 3508 3735 3568; x_wconf 77' lang='grc' dir='ltr'><strong>Πιστεύεις</strong></span> 
     </span>
    </p>
   </div>
   <div class='ocr_carea' id='block_1_88' title="bbox 2164 3601 3733 3677">
    <p class='ocr_par' dir='ltr' id='par_1_88' title="bbox 2164 3601 3733 3677">
     <span class='ocr_line' id='line_1_88' title="bbox 2164 3601 3733 3677; baseline -0.004 -17"><span class='ocrx_word' id='word_1_632' title='bbox 2164 3607 2243 3676; x_wconf 83' lang='grc' dir='ltr'><strong>τῷ</strong></span> <span class='ocrx_word' id='word_1_633' title='bbox 2284 3606 2383 3677; x_wconf 79' lang='grc' dir='ltr'><strong>τὴν</strong></span> <span class='ocrx_word' id='word_1_634' title='bbox 2430 3606 2684 3671; x_wconf 79' lang='grc' dir='ltr'><strong>ἐξουσίαν</strong></span> <span class='ocrx_word' id='word_1_635' title='bbox 2715 3607 2895 3677; x_wconf 73' lang='grc' dir='ltr'><strong>ἔχοντι</strong></span> <span class='ocrx_word' id='word_1_636' title='bbox 2931 3605 3081 3677; x_wconf 81' lang='grc' dir='ltr'><strong>Θεῷ;</strong></span> <span class='ocrx_word' id='word_1_637' title='bbox 3123 3606 3429 3669; x_wconf 80' lang='grc' dir='ltr'><strong>Πιστεύεις</strong></span> <span class='ocrx_word' id='word_1_638' title='bbox 3479 3604 3556 3673; x_wconf 86' lang='grc' dir='ltr'><strong>τῷ</strong></span> <span class='ocrx_word' id='word_1_639' title='bbox 3601 3601 3733 3669; x_wconf 84' lang='grc' dir='ltr'><strong>θερα-</strong></span> 
     </span>
    </p>
   </div>
   <div class='ocr_carea' id='block_1_89' title="bbox 2166 3696 3733 3768">
    <p class='ocr_par' dir='ltr' id='par_1_89' title="bbox 2166 3696 3733 3768">
     <span class='ocr_line' id='line_1_89' title="bbox 2166 3696 3733 3768; baseline -0.001 -18"><span class='ocrx_word' id='word_1_640' title='bbox 2166 3697 2391 3751; x_wconf 82' lang='grc' dir='ltr'><strong>πεύοντι</strong></span> <span class='ocrx_word' id='word_1_641' title='bbox 2420 3701 2605 3752; x_wconf 78' lang='grc' dir='ltr'><strong>πᾶσαν</strong></span> <span class='ocrx_word' id='word_1_642' title='bbox 2631 3699 2791 3752; x_wconf 88' lang='grc' dir='ltr'><strong>νόσον</strong></span> <span class='ocrx_word' id='word_1_643' title='bbox 2813 3698 2906 3752; x_wconf 62' lang='grc' dir='ltr'><strong>κα)¹</strong></span> <span class='ocrx_word' id='word_1_644' title='bbox 2931 3699 3115 3752; x_wconf 82' lang='grc' dir='ltr'><strong>πᾶσαν</strong></span> <span class='ocrx_word' id='word_1_645' title='bbox 3149 3698 3470 3768; x_wconf 84' lang='grc' dir='ltr'><strong>μαλακίαν;</strong></span> <span class='ocrx_word' id='word_1_646' title='bbox 3500 3696 3733 3750; x_wconf 74' lang='grc' dir='ltr'><strong>Κάκεῖνος</strong></span> 
     </span>
    </p>
   </div>
   <div class='ocr_carea' id='block_1_90' title="bbox 2165 3782 3732 3860">
    <p class='ocr_par' dir='ltr' id='par_1_90' title="bbox 2165 3782 3732 3860">
     <span class='ocr_line' id='line_1_90' title="bbox 2165 3782 3732 3860; baseline -0.004 -17"><span class='ocrx_word' id='word_1_647' title='bbox 2165 3785 2328 3854; x_wconf 82' lang='grc' dir='ltr'><strong>αὖθίς</strong></span> <span class='ocrx_word' id='word_1_648' title='bbox 2362 3806 2519 3860; x_wconf 75' lang='grc' dir='ltr'><strong>φησι·</strong></span> <span class='ocrx_word' id='word_1_649' title='bbox 2549 3790 2820 3857; x_wconf 86' lang='grc' dir='ltr'><strong>Πιστεύω,</strong></span> <span class='ocrx_word' id='word_1_650' title='bbox 2861 3789 3058 3860; x_wconf 80' lang='grc' dir='ltr'><strong>Κύριε,</strong></span> <span class='ocrx_word' id='word_1_651' title='bbox 3092 3790 3190 3843; x_wconf 76' lang='grc' dir='ltr'><strong>καὶ</strong></span> <span class='ocrx_word' id='word_1_652' title='bbox 3219 3789 3504 3842; x_wconf 82' lang='grc' dir='ltr'><strong>πιστεύων</strong></span> <span class='ocrx_word' id='word_1_653' title='bbox 3533 3782 3732 3856; x_wconf 81' lang='grc' dir='ltr'><strong>προσέρ-</strong></span> 
     </span>
    </p>
   </div>
   <div class='ocr_carea' id='block_1_91' title="bbox 2165 3870 3731 3954">
    <p class='ocr_par' dir='ltr' id='par_1_91' title="bbox 2165 3870 3731 3954">
     <span class='ocr_line' id='line_1_91' title="bbox 2165 3870 3731 3954; baseline -0.004 -19"><span class='ocrx_word' id='word_1_654' title='bbox 2165 3900 2356 3953; x_wconf 83' lang='grc' dir='ltr'><strong>χομαι.</strong></span> <span class='ocrx_word' id='word_1_655' title='bbox 2391 3883 2449 3935; x_wconf 87' lang='lat'><strong>&#39;0</strong></span> <span class='ocrx_word' id='word_1_656' title='bbox 2502 3883 2561 3936; x_wconf 77' lang='grc' dir='ltr'><strong>δὲ</strong></span> <span class='ocrx_word' id='word_1_657' title='bbox 2610 3882 2747 3954; x_wconf 79' lang='grc' dir='ltr'><strong>πρὸς</strong></span> <span class='ocrx_word' id='word_1_658' title='bbox 2792 3883 2979 3937; x_wconf 85' lang='grc' dir='ltr'><strong>αὐτόν·</strong></span> <span class='ocrx_word' id='word_1_659' title='bbox 3041 3882 3131 3935; x_wconf 88' lang='grc' dir='ltr'><strong>Ἐν</strong></span> <span class='ocrx_word' id='word_1_660' title='bbox 3168 3881 3246 3951; x_wconf 84' lang='grc' dir='ltr'><strong>τῷ</strong></span> <span class='ocrx_word' id='word_1_661' title='bbox 3294 3881 3533 3951; x_wconf 85' lang='grc' dir='ltr'><strong>ὀνόματι</strong></span> <span class='ocrx_word' id='word_1_662' title='bbox 3585 3870 3731 3941; x_wconf 77' lang='grc' dir='ltr'><strong>Ἰησοῦ</strong></span> 
     </span>
    </p>
   </div>
   <div class='ocr_carea' id='block_1_92' title="bbox 2165 3966 3731 4047">
    <p class='ocr_par' dir='ltr' id='par_1_92' title="bbox 2165 3966 3731 4047">
     <span class='ocr_line' id='line_1_92' title="bbox 2165 3966 3731 4047; baseline -0.005 -20"><span class='ocrx_word' id='word_1_663' title='bbox 2165 3974 2408 4047; x_wconf 77' lang='grc' dir='ltr'><strong>Χριστοῦ</strong></span> <span class='ocrx_word' id='word_1_664' title='bbox 2445 3975 2540 4029; x_wconf 82' lang='grc' dir='ltr'><strong>τοῦ</strong></span> <span class='ocrx_word' id='word_1_665' title='bbox 2563 3974 2657 4029; x_wconf 81' lang='grc' dir='ltr'><strong>τὸν</strong></span> <span class='ocrx_word' id='word_1_666' title='bbox 2687 3975 2889 4044; x_wconf 78' lang='grc' dir='ltr'><strong>τυφλὸν</strong></span> <span class='ocrx_word' id='word_1_667' title='bbox 2913 3975 3391 4047; x_wconf 81' lang='grc' dir='ltr'><strong>θεραπεύσαντος,</strong></span> <span class='ocrx_word' id='word_1_668' title='bbox 3416 3976 3497 4036; x_wconf 87' lang='grc' dir='ltr'><strong>είς</strong></span> <span class='ocrx_word' id='word_1_669' title='bbox 3518 3971 3575 4025; x_wconf 89' lang='grc' dir='ltr'><strong>ὃν</strong></span> <span class='ocrx_word' id='word_1_670' title='bbox 3601 3966 3731 4022; x_wconf 73' lang='grc' dir='ltr'><strong>ἐνθά-</strong></span> 
     </span>
    </p>
   </div>
   <div class='ocr_carea' id='block_1_93' title="bbox 2163 4062 3729 4141">
    <p class='ocr_par' dir='ltr' id='par_1_93' title="bbox 2163 4062 3729 4141">
     <span class='ocr_line' id='line_1_93' title="bbox 2163 4062 3729 4141; baseline -0.004 -19"><span class='ocrx_word' id='word_1_671' title='bbox 2163 4069 2221 4122; x_wconf 89' lang='grc' dir='ltr'><strong>δε</strong></span> <span class='ocrx_word' id='word_1_672' title='bbox 2249 4067 2637 4132; x_wconf 84' lang='grc' dir='ltr'><strong>πεπιστευκὼς</strong></span> <span class='ocrx_word' id='word_1_673' title='bbox 2667 4067 3078 4138; x_wconf 80' lang='grc' dir='ltr'><strong>παραγέγονας,</strong></span> <span class='ocrx_word' id='word_1_674' title='bbox 3109 4067 3210 4141; x_wconf 72' lang='grc' dir='ltr'><strong>ἔσῃ</strong></span> <span class='ocrx_word' id='word_1_675' title='bbox 3243 4067 3467 4138; x_wconf 82' lang='grc' dir='ltr'><strong>βλέπων</strong></span> <span class='ocrx_word' id='word_1_676' title='bbox 3500 4065 3587 4118; x_wconf 83' lang='grc' dir='ltr'><strong>τὸν</strong></span> <span class='ocrx_word' id='word_1_677' title='bbox 3608 4062 3729 4132; x_wconf 76' lang='grc' dir='ltr'><strong>ἥλιον</strong></span> 
     </span>
    </p>
   </div>
   <div class='ocr_carea' id='block_1_94' title="bbox 2168 4155 3730 4233">
    <p class='ocr_par' dir='ltr' id='par_1_94' title="bbox 2168 4155 3730 4233">
     <span class='ocr_line' id='line_1_94' title="bbox 2168 4155 3730 4233; baseline -0.008 -17"><span class='ocrx_word' id='word_1_678' title='bbox 2168 4160 2486 4233; x_wconf 85' lang='grc' dir='ltr'><strong>μηδαμόθεν</strong></span> <span class='ocrx_word' id='word_1_679' title='bbox 2533 4161 2878 4232; x_wconf 82' lang='grc' dir='ltr'><strong>εἰργόμενος.</strong></span> <span class='ocrx_word' id='word_1_680' title='bbox 2946 4159 3161 4213; x_wconf 82' lang='grc' dir='ltr'><strong>Αὐτίκα</strong></span> <span class='ocrx_word' id='word_1_681' title='bbox 3209 4159 3347 4228; x_wconf 81' lang='grc' dir='ltr'><strong>γοῦν</strong></span> <span class='ocrx_word' id='word_1_682' title='bbox 3408 4155 3730 4229; x_wconf 70' lang='grc' dir='ltr'><strong>ἠνεῴχθησαν</strong></span> 
     </span>
    </p>
   </div>
   <div class='ocr_carea' id='block_1_95' title="bbox 2163 4242 3729 4322">
    <p class='ocr_par' dir='ltr' id='par_1_95' title="bbox 2163 4242 3729 4322">
     <span class='ocr_line' id='line_1_95' title="bbox 2163 4242 3729 4322; baseline -0.001 -17"><span class='ocrx_word' id='word_1_683' title='bbox 2163 4251 2332 4305; x_wconf 80' lang='grc' dir='ltr'><strong>αὐτοῦ</strong></span> <span class='ocrx_word' id='word_1_684' title='bbox 2362 4252 2414 4304; x_wconf 87' lang='grc' dir='ltr'><strong>οἰ</strong></span> <span class='ocrx_word' id='word_1_685' title='bbox 2439 4250 2739 4321; x_wconf 75' lang='grc' dir='ltr'><strong>ὀφθαλμοὶ,</strong></span> <span class='ocrx_word' id='word_1_686' title='bbox 2759 4252 2856 4304; x_wconf 77' lang='grc' dir='ltr'><strong>καὶ</strong></span> <span class='ocrx_word' id='word_1_687' title='bbox 2888 4250 3117 4321; x_wconf 84' lang='grc' dir='ltr'><strong>γέγονεν</strong></span> <span class='ocrx_word' id='word_1_688' title='bbox 3149 4252 3309 4322; x_wconf 79' lang='grc' dir='ltr'><strong>ὑγιὴς</strong></span> <span class='ocrx_word' id='word_1_689' title='bbox 3345 4253 3374 4305; x_wconf 92' lang='grc' dir='ltr'><strong>ὁ</strong></span> <span class='ocrx_word' id='word_1_690' title='bbox 3403 4250 3633 4310; x_wconf 81' lang='grc' dir='ltr'><strong>νεανίας,</strong></span> <span class='ocrx_word' id='word_1_691' title='bbox 3670 4242 3729 4304; x_wconf 79' lang='grc' dir='ltr'>ὡς</span> 
     </span>
    </p>
   </div>
   <div class='ocr_carea' id='block_1_96' title="bbox 2094 4332 3727 4416">
    <p class='ocr_par' dir='ltr' id='par_1_96' title="bbox 2094 4332 3727 4416">
     <span class='ocr_line' id='line_1_96' title="bbox 2094 4332 3727 4416; baseline -0.026 12"><span class='ocrx_word' id='word_1_692' title='bbox 2094 4350 2103 4355; x_wconf 82' lang='grc'><strong>’</strong></span> <span class='ocrx_word' id='word_1_693' title='bbox 2166 4343 2397 4416; x_wconf 84' lang='grc' dir='ltr'><strong>μηδέπω</strong></span> <span class='ocrx_word' id='word_1_694' title='bbox 2423 4343 2706 4415; x_wconf 70' lang='grc' dir='ltr'><strong>πηρωθεὶς</strong></span> <span class='ocrx_word' id='word_1_695' title='bbox 2729 4343 2830 4407; x_wconf 77' lang='grc' dir='ltr'><strong>τὰς</strong></span> <span class='ocrx_word' id='word_1_696' title='bbox 2861 4343 3032 4415; x_wconf 82' lang='grc' dir='ltr'><strong>κόρας</strong></span> <span class='ocrx_word' id='word_1_697' title='bbox 3053 4341 3165 4396; x_wconf 81' lang='grc' dir='ltr'><strong>τῶν</strong></span> <span class='ocrx_word' id='word_1_698' title='bbox 3179 4342 3502 4413; x_wconf 82' lang='grc' dir='ltr'><strong>ὀφθαλμῶν,</strong></span> <span class='ocrx_word' id='word_1_699' title='bbox 3526 4339 3557 4410; x_wconf 85' lang='grc' dir='ltr'><strong>ῆ</strong></span> <span class='ocrx_word' id='word_1_700' title='bbox 3586 4332 3727 4391; x_wconf 48' lang='lat' dir='ltr'><strong>me</strong></span> 
     </span>
    </p>
   </div>
   <div class='ocr_carea' id='block_1_97' title="bbox 2088 4595 2135 4651">
    <p class='ocr_par' dir='ltr' id='par_1_97' title="bbox 2088 4595 2135 4651">
     <span class='ocr_line' id='line_1_97' title="bbox 2088 4595 2135 4651; baseline 0 0"><span class='ocrx_word' id='word_1_701' title='bbox 2088 4595 2135 4651; x_wconf 76' lang='grc' dir='ltr'><strong>Β</strong></span> 
     </span>
    </p>
   </div>
   <div class='ocr_carea' id='block_1_98' title="bbox 536 5493 2095 5576">
    <p class='ocr_par' dir='ltr' id='par_1_98' title="bbox 536 5493 2095 5576">
     <span class='ocr_line' id='line_1_98' title="bbox 536 5493 2095 5576; baseline 0.008 -27"><span class='ocrx_word' id='word_1_702' title='bbox 536 5493 810 5553; x_wconf 87' lang='lat' dir='ltr'><strong>Proccdat</strong></span> <span class='ocrx_word' id='word_1_703' title='bbox 842 5515 1004 5572; x_wconf 85' lang='lat' dir='ltr'><strong>ergo,</strong></span> <span class='ocrx_word' id='word_1_704' title='bbox 1058 5516 1122 5556; x_wconf 88' lang='lat' dir='ltr'><strong>ac</strong></span> <span class='ocrx_word' id='word_1_705' title='bbox 1158 5517 1218 5557; x_wconf 90' lang='lat' dir='ltr'><strong>se</strong></span> <span class='ocrx_word' id='word_1_706' title='bbox 1261 5503 1499 5559; x_wconf 89' lang='lat' dir='ltr'><strong>orationi</strong></span> <span class='ocrx_word' id='word_1_707' title='bbox 1550 5516 1673 5574; x_wconf 87' lang='lat' dir='ltr'><strong>post</strong></span> <span class='ocrx_word' id='word_1_708' title='bbox 1718 5519 2095 5576; x_wconf 49' lang='lat' dir='ltr'><strong>generosum‘</strong></span> 
     </span>
    </p>
   </div>
   <div class='ocr_carea' id='block_1_99' title="bbox 465 5587 2053 5667">
    <p class='ocr_par' dir='ltr' id='par_1_99' title="bbox 465 5587 2053 5667">
     <span class='ocr_line' id='line_1_99' title="bbox 465 5587 2053 5667; baseline 0.008 -25"><span class='ocrx_word' id='word_1_709' title='bbox 465 5587 620 5643; x_wconf 88' lang='lat' dir='ltr'><strong>illum</strong></span> <span class='ocrx_word' id='word_1_710' title='bbox 676 5590 902 5656; x_wconf 88' lang='lat' dir='ltr'><strong>inferat,</strong></span> <span class='ocrx_word' id='word_1_711' title='bbox 959 5594 1122 5647; x_wconf 86' lang='lat' dir='ltr'><strong>homo</strong></span> <span class='ocrx_word' id='word_1_712' title='bbox 1172 5596 1266 5650; x_wconf 91' lang='lat' dir='ltr'><strong>ille</strong></span> <span class='ocrx_word' id='word_1_713' title='bbox 1317 5597 1388 5651; x_wconf 92' lang='lat' dir='ltr'><strong>ab</strong></span> <span class='ocrx_word' id='word_1_714' title='bbox 1436 5596 1730 5667; x_wconf 83' lang='lat' dir='ltr'><strong>hydropisi</strong></span> <span class='ocrx_word' id='word_1_715' title='bbox 1759 5600 2053 5655; x_wconf 88' lang='lat' dir='ltr'><strong>sanitatem</strong></span> 
     </span>
    </p>
   </div>
   <div class='ocr_carea' id='block_1_100' title="bbox 466 5683 2054 5761">
    <p class='ocr_par' dir='ltr' id='par_1_100' title="bbox 466 5683 2054 5761">
     <span class='ocr_line' id='line_1_100' title="bbox 466 5683 2054 5761; baseline 0.008 -28"><span class='ocrx_word' id='word_1_716' title='bbox 466 5683 722 5754; x_wconf 86' lang='lat' dir='ltr'><strong>adeptus.</strong></span> <span class='ocrx_word' id='word_1_717' title='bbox 759 5684 889 5739; x_wconf 88' lang='lat' dir='ltr'><strong>Fuit</strong></span> <span class='ocrx_word' id='word_1_718' title='bbox 915 5688 962 5740; x_wconf 94' lang='lat' dir='ltr'><strong>is</strong></span> <span class='ocrx_word' id='word_1_719' title='bbox 987 5687 1240 5743; x_wconf 79' lang='lat' dir='ltr'><strong>incolens</strong></span> <span class='ocrx_word' id='word_1_720' title='bbox 1269 5688 1462 5745; x_wconf 87' lang='lat' dir='ltr'><strong>urbem</strong></span> <span class='ocrx_word' id='word_1_721' title='bbox 1504 5691 1737 5761; x_wconf 85' lang='lat' dir='ltr'><strong>regiam.</strong></span> <span class='ocrx_word' id='word_1_722' title='bbox 1764 5689 1902 5745; x_wconf 89' lang='lat' dir='ltr'><strong>Cum</strong></span> <span class='ocrx_word' id='word_1_723' title='bbox 1951 5708 2054 5746; x_wconf 90' lang='lat' dir='ltr'><strong>au-</strong></span> 
     </span>
    </p>
   </div>
   <div class='ocr_carea' id='block_1_101' title="bbox 468 5778 2051 5852">
    <p class='ocr_par' dir='ltr' id='par_1_101' title="bbox 468 5778 2051 5852">
     <span class='ocr_line' id='line_1_101' title="bbox 468 5778 2051 5852; baseline 0.01 -27"><span class='ocrx_word' id='word_1_724' title='bbox 468 5782 574 5828; x_wconf 78' lang='lat' dir='ltr'><strong>tem</strong></span> <span class='ocrx_word' id='word_1_725' title='bbox 605 5791 737 5831; x_wconf 89' lang='lat' dir='ltr'><strong>casn</strong></span> <span class='ocrx_word' id='word_1_726' title='bbox 770 5778 826 5832; x_wconf 92' lang='lat' dir='ltr'><strong>in</strong></span> <span class='ocrx_word' id='word_1_727' title='bbox 872 5793 998 5832; x_wconf 89' lang='lat' dir='ltr'><strong>eum</strong></span> <span class='ocrx_word' id='word_1_728' title='bbox 1041 5779 1294 5836; x_wconf 86' lang='lat' dir='ltr'><strong>morbum</strong></span> <span class='ocrx_word' id='word_1_729' title='bbox 1331 5783 1642 5852; x_wconf 86' lang='lat' dir='ltr'><strong>incidisset,</strong></span> <span class='ocrx_word' id='word_1_730' title='bbox 1701 5783 1796 5837; x_wconf 91' lang='lat' dir='ltr'><strong>illo</strong></span> <span class='ocrx_word' id='word_1_731' title='bbox 1844 5784 2051 5841; x_wconf 86' lang='lat' dir='ltr'><strong>misere</strong></span> 
     </span>
    </p>
   </div>
   <div class='ocr_carea' id='block_1_102' title="bbox 536 5915 1057 5986">
    <p class='ocr_par' dir='ltr' id='par_1_102' title="bbox 536 5915 1057 5986">
     <span class='ocr_line' id='line_1_102' title="bbox 536 5915 1057 5986; baseline 0.002 -13"><span class='ocrx_word' id='word_1_732' title='bbox 536 5925 565 5956; x_wconf 76' lang='grc'>³</span> <span class='ocrx_word' id='word_1_733' title='bbox 593 5915 728 5975; x_wconf 86' lang='lat' dir='ltr'><strong>Luc.</strong></span> <span class='ocrx_word' id='word_1_734' title='bbox 769 5934 929 5986; x_wconf 83' lang='lat' dir='ltr'><strong>xvm,</strong></span> <span class='ocrx_word' id='word_1_735' title='bbox 965 5919 1057 5974; x_wconf 77' lang='lat'><strong>38.</strong></span> 
     </span>
    </p>
   </div>
   <div class='ocr_carea' id='block_1_103' title="bbox 2161 4428 3724 4508">
    <p class='ocr_par' dir='ltr' id='par_1_103' title="bbox 2161 4428 3724 4508">
     <span class='ocr_line' id='line_1_103' title="bbox 2161 4428 3724 4508; baseline -0.003 -18"><span class='ocrx_word' id='word_1_736' title='bbox 2161 4454 2257 4490; x_wconf 89' lang='grc' dir='ltr'><strong>του</strong></span> <span class='ocrx_word' id='word_1_737' title='bbox 2288 4436 2496 4501; x_wconf 87' lang='grc' dir='ltr'><strong>πάθους</strong></span> <span class='ocrx_word' id='word_1_738' title='bbox 2553 4438 2613 4491; x_wconf 86' lang='grc' dir='ltr'><strong>ὲν</strong></span> <span class='ocrx_word' id='word_1_739' title='bbox 2659 4437 2828 4508; x_wconf 80' lang='grc' dir='ltr'><strong>πείρᾳ</strong></span> <span class='ocrx_word' id='word_1_740' title='bbox 2863 4435 3185 4505; x_wconf 82' lang='grc' dir='ltr'><strong>γενόμενος.</strong></span> <span class='ocrx_word' id='word_1_741' title='bbox 3255 4435 3503 4507; x_wconf 82' lang='grc' dir='ltr'><strong>Ἀμέλει,</strong></span> <span class='ocrx_word' id='word_1_742' title='bbox 3549 4428 3724 4494; x_wconf 77' lang='grc' dir='ltr'><strong>ταύτης</strong></span> 
     </span>
    </p>
   </div>
   <div class='ocr_carea' id='block_1_104' title="bbox 2162 4517 3724 4600">
    <p class='ocr_par' dir='ltr' id='par_1_104' title="bbox 2162 4517 3724 4600">
     <span class='ocr_line' id='line_1_104' title="bbox 2162 4517 3724 4600; baseline -0.006 -17"><span class='ocrx_word' id='word_1_743' title='bbox 2162 4530 2242 4593; x_wconf 88' lang='grc' dir='ltr'><strong>είς</strong></span> <span class='ocrx_word' id='word_1_744' title='bbox 2274 4530 2440 4586; x_wconf 75' lang='grc' dir='ltr'><strong>αὐτὸν</strong></span> <span class='ocrx_word' id='word_1_745' title='bbox 2469 4529 2573 4600; x_wconf 80' lang='grc' dir='ltr'><strong>τῆς</strong></span> <span class='ocrx_word' id='word_1_746' title='bbox 2603 4528 2913 4600; x_wconf 82' lang='grc' dir='ltr'><strong>παραδόξου</strong></span> <span class='ocrx_word' id='word_1_747' title='bbox 2942 4529 3248 4598; x_wconf 74' lang='grc' dir='ltr'><strong>γενομένης</strong></span> <span class='ocrx_word' id='word_1_748' title='bbox 3295 4530 3518 4593; x_wconf 76' lang='grc' dir='ltr'><strong>ἰάσεως,</strong></span> <span class='ocrx_word' id='word_1_749' title='bbox 3552 4525 3598 4576; x_wconf 87' lang='lat' dir='ltr'><strong>oi</strong></span> <span class='ocrx_word' id='word_1_750' title='bbox 3643 4517 3724 4590; x_wconf 78' lang='grc' dir='ltr'><strong>μὲν</strong></span> 
     </span>
    </p>
   </div>
   <div class='ocr_carea' id='block_1_105' title="bbox 2162 4615 3720 4694">
    <p class='ocr_par' dir='ltr' id='par_1_105' title="bbox 2162 4615 3720 4694">
     <span class='ocr_line' id='line_1_105' title="bbox 2162 4615 3720 4694; baseline -0.009 -17"><span class='ocrx_word' id='word_1_751' title='bbox 2162 4623 2425 4694; x_wconf 85' lang='grc' dir='ltr'><strong>ὁρῶντες,</strong></span> <span class='ocrx_word' id='word_1_752' title='bbox 2451 4622 2547 4677; x_wconf 83' lang='grc' dir='ltr'><strong>τὸν</strong></span> <span class='ocrx_word' id='word_1_753' title='bbox 2575 4621 2712 4676; x_wconf 77' lang='grc' dir='ltr'><strong>Θεὸν</strong></span> <span class='ocrx_word' id='word_1_754' title='bbox 2742 4620 3019 4692; x_wconf 86' lang='grc' dir='ltr'><strong>ἀνύμνουν</strong></span> <span class='ocrx_word' id='word_1_755' title='bbox 3050 4617 3453 4691; x_wconf 78' lang='grc' dir='ltr'><strong>θαυμάζοντες.</strong></span> <span class='ocrx_word' id='word_1_756' title='bbox 3491 4618 3546 4671; x_wconf 90' lang='lat'><strong>&#39;0</strong></span> <span class='ocrx_word' id='word_1_757' title='bbox 3573 4615 3624 4668; x_wconf 83' lang='grc' dir='ltr'><strong>δὲ</strong></span> <span class='ocrx_word' id='word_1_758' title='bbox 3649 4626 3720 4663; x_wconf 77' lang='grc' dir='ltr'><strong>τυ·</strong></span> 
     </span>
    </p>
   </div>
   <div class='ocr_carea' id='block_1_106' title="bbox 2164 4708 3720 4792">
    <p class='ocr_par' dir='ltr' id='par_1_106' title="bbox 2164 4708 3720 4792">
     <span class='ocr_line' id='line_1_106' title="bbox 2164 4708 3720 4792; baseline -0.021 -17"><span class='ocrx_word' id='word_1_759' title='bbox 2164 4718 2276 4792; x_wconf 86' lang='grc' dir='ltr'><strong>χὼν</strong></span> <span class='ocrx_word' id='word_1_760' title='bbox 2309 4720 2410 4790; x_wconf 83' lang='grc' dir='ltr'><strong>τῆς</strong></span> <span class='ocrx_word' id='word_1_761' title='bbox 2448 4719 2668 4784; x_wconf 74' lang='grc' dir='ltr'><strong>ἰάσεως,</strong></span> <span class='ocrx_word' id='word_1_762' title='bbox 2694 4718 2861 4791; x_wconf 79' lang='grc' dir='ltr'><strong>ἀπῄει</strong></span> <span class='ocrx_word' id='word_1_763' title='bbox 2885 4719 3142 4792; x_wconf 74' lang='grc' dir='ltr'><strong>γεγηθὼς</strong></span> <span class='ocrx_word' id='word_1_764' title='bbox 3172 4718 3266 4772; x_wconf 71' lang='grc' dir='ltr'><strong>καὶ</strong></span> <span class='ocrx_word' id='word_1_765' title='bbox 3285 4717 3631 4788; x_wconf 63' lang='grc' dir='ltr'><strong>γαννύμενος,</strong></span> <span class='ocrx_word' id='word_1_766' title='bbox 3655 4708 3720 4759; x_wconf 75' lang='grc' dir='ltr'><strong>αι.</strong></span> 
     </span>
    </p>
   </div>
   <div class='ocr_carea' id='block_1_107' title="bbox 2162 4800 3716 4877">
    <p class='ocr_par' dir='ltr' id='par_1_107' title="bbox 2162 4800 3716 4877">
     <span class='ocr_line' id='line_1_107' title="bbox 2162 4800 3716 4877; baseline -0.005 -9"><span class='ocrx_word' id='word_1_767' title='bbox 2162 4812 2271 4868; x_wconf 85' lang='grc' dir='ltr'><strong>νῶν</strong></span> <span class='ocrx_word' id='word_1_768' title='bbox 2296 4812 2391 4866; x_wconf 75' lang='grc' dir='ltr'><strong>τὸν</strong></span> <span class='ocrx_word' id='word_1_769' title='bbox 2427 4811 2702 4865; x_wconf 76' lang='grc' dir='ltr'><strong>Θεὸν.καὶ</strong></span> <span class='ocrx_word' id='word_1_770' title='bbox 2745 4810 2988 4877; x_wconf 78' lang='grc' dir='ltr'><strong>δοξάζων</strong></span> <span class='ocrx_word' id='word_1_771' title='bbox 3023 4811 3118 4865; x_wconf 80' lang='grc' dir='ltr'><strong>τὸν</strong></span> <span class='ocrx_word' id='word_1_772' title='bbox 3145 4810 3376 4864; x_wconf 83' lang='grc' dir='ltr'><strong>τοιαῦτα</strong></span> <span class='ocrx_word' id='word_1_773' title='bbox 3408 4809 3521 4869; x_wconf 80' lang='grc' dir='ltr'><strong>τοῖς</strong></span> <span class='ocrx_word' id='word_1_774' title='bbox 3567 4800 3716 4868; x_wconf 78' lang='grc' dir='ltr'><strong>ἁγίοις</strong></span> 
     </span>
    </p>
   </div>
   <div class='ocr_carea' id='block_1_108' title="bbox 2161 4898 3703 4974">
    <p class='ocr_par' dir='ltr' id='par_1_108' title="bbox 2161 4898 3703 4974">
     <span class='ocr_line' id='line_1_108' title="bbox 2161 4898 3703 4974; baseline -0.006 -16"><span class='ocrx_word' id='word_1_775' title='bbox 2161 4901 2332 4958; x_wconf 81' lang='grc' dir='ltr'><strong>αύτοῦ</strong></span> <span class='ocrx_word' id='word_1_776' title='bbox 2370 4903 2688 4974; x_wconf 80' lang='grc' dir='ltr'><strong>παρέχοντα</strong></span> <span class='ocrx_word' id='word_1_777' title='bbox 2717 4902 2863 4958; x_wconf 61' lang='grc' dir='ltr'><strong>κατὰ</strong></span> <span class='ocrx_word' id='word_1_778' title='bbox 2889 4901 3001 4957; x_wconf 84' lang='grc' dir='ltr'><strong>τῶν</strong></span> <span class='ocrx_word' id='word_1_779' title='bbox 3041 4904 3371 4974; x_wconf 87' lang='grc' dir='ltr'><strong>νοσημάτων</strong></span> <span class='ocrx_word' id='word_1_780' title='bbox 3414 4898 3703 4972; x_wconf 66' lang='grc' dir='ltr'><strong>χαρίσματα</strong></span> 
     </span>
    </p>
   </div>
   <div class='ocr_carea' id='block_1_109' title="bbox 2162 4989 3708 5067">
    <p class='ocr_par' dir='ltr' id='par_1_109' title="bbox 2162 4989 3708 5067">
     <span class='ocr_line' id='line_1_109' title="bbox 2162 4989 3708 5067; baseline -0.005 -16"><span class='ocrx_word' id='word_1_781' title='bbox 2162 4996 2337 5051; x_wconf 83' lang='grc' dir='ltr'><strong>Τοῦτο</strong></span> <span class='ocrx_word' id='word_1_782' title='bbox 2379 4995 2598 5067; x_wconf 80' lang='grc' dir='ltr'><strong>πρῶτον</strong></span> <span class='ocrx_word' id='word_1_783' title='bbox 2646 4994 2740 5049; x_wconf 77' lang='grc' dir='ltr'><strong>τοῦ</strong></span> <span class='ocrx_word' id='word_1_784' title='bbox 2795 4996 2949 5049; x_wconf 83' lang='grc' dir='ltr'><strong>ὁσίου</strong></span> <span class='ocrx_word' id='word_1_785' title='bbox 3001 4995 3198 5065; x_wconf 85' lang='grc' dir='ltr'><strong>γέγονε</strong></span> <span class='ocrx_word' id='word_1_786' title='bbox 3247 4989 3708 5066; x_wconf 82' lang='grc' dir='ltr'><strong>θαυματούργημα’</strong></span> 
     </span>
    </p>
   </div>
   <div class='ocr_carea' id='block_1_110' title="bbox 2163 5073 3712 5161">
    <p class='ocr_par' dir='ltr' id='par_1_110' title="bbox 2163 5073 3712 5161">
     <span class='ocr_line' id='line_1_110' title="bbox 2163 5073 3712 5161; baseline -0.007 -17"><span class='ocrx_word' id='word_1_787' title='bbox 2163 5090 2307 5161; x_wconf 80' lang='grc' dir='ltr'><strong>αὕτη</strong></span> <span class='ocrx_word' id='word_1_788' title='bbox 2328 5089 2495 5144; x_wconf 81' lang='grc' dir='ltr'><strong>αὑτοῦ</strong></span> <span class='ocrx_word' id='word_1_789' title='bbox 2529 5089 2639 5143; x_wconf 85' lang='grc' dir='ltr'><strong>τῶν</strong></span> <span class='ocrx_word' id='word_1_790' title='bbox 2667 5089 2848 5144; x_wconf 88' lang='grc' dir='ltr'><strong>πόνων</strong></span> <span class='ocrx_word' id='word_1_791' title='bbox 2877 5089 2912 5159; x_wconf 82' lang='grc' dir='ltr'><strong>ή</strong></span> <span class='ocrx_word' id='word_1_792' title='bbox 2944 5088 3193 5160; x_wconf 87' lang='grc' dir='ltr'><strong>ὰπαρχή.</strong></span> <span class='ocrx_word' id='word_1_793' title='bbox 3218 5081 3329 5150; x_wconf 80' lang='grc' dir='ltr'><strong>ἾῙς</strong></span> <span class='ocrx_word' id='word_1_794' title='bbox 3356 5087 3509 5158; x_wconf 82' lang='grc' dir='ltr'><strong>ἡμεῖς</strong></span> <span class='ocrx_word' id='word_1_795' title='bbox 3538 5080 3622 5133; x_wconf 83' lang='grc' dir='ltr'><strong>τὸν</strong></span> <span class='ocrx_word' id='word_1_796' title='bbox 3645 5073 3712 5125; x_wconf 84' lang='grc' dir='ltr'><strong>δο·</strong></span> 
     </span>
    </p>
   </div>
   <div class='ocr_carea' id='block_1_111' title="bbox 2163 5176 3705 5255">
    <p class='ocr_par' dir='ltr' id='par_1_111' title="bbox 2163 5176 3705 5255">
     <span class='ocr_line' id='line_1_111' title="bbox 2163 5176 3705 5255; baseline -0.018 -3"><span class='ocrx_word' id='word_1_797' title='bbox 2163 5183 2311 5254; x_wconf 79' lang='grc' dir='ltr'><strong>τῆρα</strong></span> <span class='ocrx_word' id='word_1_798' title='bbox 2357 5183 2620 5255; x_wconf 77' lang='grc' dir='ltr'><strong>Χριστὸν,</strong></span> <span class='ocrx_word' id='word_1_799' title='bbox 2656 5184 2873 5237; x_wconf 77' lang='grc' dir='ltr'><strong>καὶτὸν</strong></span> <span class='ocrx_word' id='word_1_800' title='bbox 2915 5187 3067 5240; x_wconf 81' lang='grc' dir='ltr'><strong>ὅσιον</strong></span> <span class='ocrx_word' id='word_1_801' title='bbox 3115 5183 3355 5249; x_wconf 78' lang='grc' dir='ltr'><strong>ἐπαξίως</strong></span> <span class='ocrx_word' id='word_1_802' title='bbox 3386 5176 3705 5251; x_wconf 73' lang='grc' dir='ltr'><strong>ὑμνήσαντες,</strong></span> 
     </span>
    </p>
   </div>
   <div class='ocr_carea' id='block_1_112' title="bbox 2165 5263 3624 5353">
    <p class='ocr_par' dir='ltr' id='par_1_112' title="bbox 2165 5263 3624 5353">
     <span class='ocr_line' id='line_1_112' title="bbox 2165 5263 3624 5353; baseline -0.008 -18"><span class='ocrx_word' id='word_1_803' title='bbox 2165 5281 2251 5349; x_wconf 80' lang='grc' dir='ltr'><strong>ἐφ’</strong></span> <span class='ocrx_word' id='word_1_804' title='bbox 2287 5278 2485 5350; x_wconf 82' lang='grc' dir='ltr'><strong>ἑτέραν</strong></span> <span class='ocrx_word' id='word_1_805' title='bbox 2514 5277 2765 5333; x_wconf 75' lang='grc' dir='ltr'><strong>ἐντεῦθεν</strong></span> <span class='ocrx_word' id='word_1_806' title='bbox 2788 5263 3243 5353; x_wconf 75' lang='grc' dir='ltr'><strong>θαυματουργίαν</strong></span> <span class='ocrx_word' id='word_1_807' title='bbox 3274 5275 3624 5350; x_wconf 76' lang='grc' dir='ltr'><strong>μετέλθωμενο</strong></span> 
     </span>
    </p>
   </div>
   <div class='ocr_carea' id='block_1_113' title="bbox 2428 5386 3493 5459">
    <p class='ocr_par' dir='ltr' id='par_1_113' title="bbox 2428 5386 3493 5459">
     <span class='ocr_line' id='line_1_113' title="bbox 2428 5386 3493 5459; baseline 0.003 -14"><span class='ocrx_word' id='word_1_808' title='bbox 2428 5390 2569 5458; x_wconf 76' lang='grc' dir='ltr'><strong>Περὶ</strong></span> <span class='ocrx_word' id='word_1_809' title='bbox 2598 5388 2711 5459; x_wconf 73' lang='grc' dir='ltr'><strong>τῖῆς</strong></span> <span class='ocrx_word' id='word_1_810' title='bbox 2737 5389 2957 5458; x_wconf 70' lang='grc' dir='ltr'><strong>ἰάσεως</strong></span> <span class='ocrx_word' id='word_1_811' title='bbox 2982 5390 3091 5446; x_wconf 84' lang='grc' dir='ltr'><strong>τοῦ</strong></span> <span class='ocrx_word' id='word_1_812' title='bbox 3121 5386 3493 5458; x_wconf 74' lang='grc' dir='ltr'><strong>ὑδεριῶντος·</strong></span> 
     </span>
    </p>
   </div>
   <div class='ocr_carea' id='block_1_114' title="bbox 2234 5485 3697 5574">
    <p class='ocr_par' dir='ltr' id='par_1_114' title="bbox 2234 5485 3697 5574">
     <span class='ocr_line' id='line_1_114' title="bbox 2234 5485 3697 5574; baseline -0.012 -20"><span class='ocrx_word' id='word_1_813' title='bbox 2234 5501 2440 5555; x_wconf 84' lang='grc' dir='ltr'><strong>Εἰσίτω</strong></span> <span class='ocrx_word' id='word_1_814' title='bbox 2463 5501 2645 5555; x_wconf 88' lang='grc' dir='ltr'><strong>τοίνυν</strong></span> <span class='ocrx_word' id='word_1_815' title='bbox 2668 5500 2748 5571; x_wconf 85' lang='grc' dir='ltr'><strong>τῷ</strong></span> <span class='ocrx_word' id='word_1_816' title='bbox 2772 5500 2919 5572; x_wconf 86' lang='grc' dir='ltr'><strong>λόγῳ</strong></span> <span class='ocrx_word' id='word_1_817' title='bbox 2951 5501 3093 5574; x_wconf 82' lang='grc' dir='ltr'><strong>μετὰ</strong></span> <span class='ocrx_word' id='word_1_818' title='bbox 3113 5501 3206 5555; x_wconf 78' lang='grc' dir='ltr'><strong>τὸν</strong></span> <span class='ocrx_word' id='word_1_819' title='bbox 3225 5496 3484 5569; x_wconf 81' lang='grc' dir='ltr'><strong>γεννάδαν</strong></span> <span class='ocrx_word' id='word_1_820' title='bbox 3510 5485 3697 5542; x_wconf 60' lang='grc' dir='ltr'><strong>έκεῖνοη</strong></span> 
     </span>
    </p>
   </div>
   <div class='ocr_carea' id='block_1_115' title="bbox 2163 5577 3699 5667">
    <p class='ocr_par' dir='ltr' id='par_1_115' title="bbox 2163 5577 3699 5667">
     <span class='ocr_line' id='line_1_115' title="bbox 2163 5577 3699 5667; baseline -0.007 -17"><span class='ocrx_word' id='word_1_821' title='bbox 2163 5598 2192 5650; x_wconf 91' lang='grc' dir='ltr'><strong>ὁ</strong></span> <span class='ocrx_word' id='word_1_822' title='bbox 2223 5595 2422 5667; x_wconf 75' lang='grc' dir='ltr'><strong>ὁδερίῳ</strong></span> <span class='ocrx_word' id='word_1_823' title='bbox 2457 5594 2620 5649; x_wconf 84' lang='grc' dir='ltr'><strong>πάθει</strong></span> <span class='ocrx_word' id='word_1_824' title='bbox 2642 5594 2980 5666; x_wconf 82' lang='grc' dir='ltr'><strong>νενοσηκὼς,</strong></span> <span class='ocrx_word' id='word_1_825' title='bbox 3011 5595 3110 5649; x_wconf 74' lang='grc' dir='ltr'><strong>καὶ</strong></span> <span class='ocrx_word' id='word_1_826' title='bbox 3141 5596 3245 5665; x_wconf 83' lang='grc' dir='ltr'><strong>τῆς</strong></span> <span class='ocrx_word' id='word_1_827' title='bbox 3279 5584 3561 5664; x_wconf 83' lang='grc' dir='ltr'><strong>θεραπείας</strong></span> <span class='ocrx_word' id='word_1_828' title='bbox 3592 5577 3699 5667; x_wconf 59' lang='grc' dir='ltr'><strong>ἀπξν</strong></span> 
     </span>
    </p>
   </div>
   <div class='ocr_carea' id='block_1_116' title="bbox 2162 5659 3696 5764">
    <p class='ocr_par' dir='ltr' id='par_1_116' title="bbox 2162 5659 3696 5764">
     <span class='ocr_line' id='line_1_116' title="bbox 2162 5659 3696 5764; baseline 0 -22"><span class='ocrx_word' id='word_1_829' title='bbox 2162 5659 2469 5751; x_wconf 62' lang='grc' dir='ltr'><strong>λελαυκιθς.</strong></span> <span class='ocrx_word' id='word_1_830' title='bbox 2504 5688 2617 5759; x_wconf 81' lang='grc' dir='ltr'><strong>Τὴν</strong></span> <span class='ocrx_word' id='word_1_831' title='bbox 2650 5659 2900 5759; x_wconf 77' lang='grc' dir='ltr'><strong>βασιλίδα</strong></span> <span class='ocrx_word' id='word_1_832' title='bbox 2921 5659 3327 5742; x_wconf 78' lang='grc' dir='ltr'><strong>κατοικούντων</strong></span> <span class='ocrx_word' id='word_1_833' title='bbox 3347 5659 3696 5764; x_wconf 37' lang='grc' dir='ltr'><strong>ἐτύγχανεψβ</strong></span> 
     </span>
    </p>
   </div>
   <div class='ocr_carea' id='block_1_117' title="bbox 2168 5763 3693 5852">
    <p class='ocr_par' dir='ltr' id='par_1_117' title="bbox 2168 5763 3693 5852">
     <span class='ocr_line' id='line_1_117' title="bbox 2168 5763 3693 5852; baseline -0.016 -13"><span class='ocrx_word' id='word_1_834' title='bbox 2168 5785 2225 5838; x_wconf 80' lang='grc' dir='ltr'><strong>ὲν</strong></span> <span class='ocrx_word' id='word_1_835' title='bbox 2257 5781 2673 5852; x_wconf 75' lang='grc' dir='ltr'><strong>συμϐεϐηκότος</strong></span> <span class='ocrx_word' id='word_1_836' title='bbox 2719 5782 2803 5844; x_wconf 88' lang='grc' dir='ltr'><strong>εἰς</strong></span> <span class='ocrx_word' id='word_1_837' title='bbox 2851 5779 3083 5851; x_wconf 84' lang='grc' dir='ltr'><strong>ὓδρωπα</strong></span> <span class='ocrx_word' id='word_1_838' title='bbox 3128 5778 3422 5852; x_wconf 76' lang='grc' dir='ltr'><strong>μετελθὼν,</strong></span> <span class='ocrx_word' id='word_1_839' title='bbox 3463 5763 3693 5829; x_wconf 71' lang='grc' dir='ltr'><strong>δυστυχῶς</strong></span> 
     </span>
    </p>
   </div>
  </div>
