3950 6520
362 402 498 469 1225

1663 397 1747 459 ΙΝ
1784 398 1847 460 S.
1880 397 2300 458 PATAPIUM.

3490 391 3627 456 1226

358 520 464 571 ὑπὸ
495 517 589 569 τοῦ
626 515 832 579 πάθους
860 510 1147 585 ὴλγύνετοο
1176 510 1271 566 καὶ
1312 506 1377 579 δὴ
1408 507 1588 562 πᾶσαν
1621 506 1788 562 αὐτοῦ
1822 525 1945 578 σχε-

2062 507 2408 562 :ruciabatur
2442 524 2454 560 :
2481 521 2547 562 ac
2580 506 2693 563 fere
2722 506 2981 564 universa
3006 505 3325 564 substantia
3346 505 3627 576 insumpta

355 610 446 664 δὸν
474 607 573 679 τὴν
604 605 924 677 περιουσίαν
959 606 1042 670 είς
1073 603 1295 676 ἰατροὺς
1348 599 1758 671 ἐκδαπανήσας,
1789 599 1945 663 τέλος

355 702 537 773 ὢνησε
568 702 630 754 τὸ
657 701 920 773 παράπαν
954 698 1129 755 οὐδέν.
1157 692 1291 750 Εἶτα
1317 695 1412 749 ἐπὶ
1437 695 1540 765 τὴν
1587 693 1797 764 ἄφατον
1850 693 1947 746 καὶ⁹

326 791 743 865 ’γαλοπάροχον
765 791 863 846 τοῦ
912 791 1155 863 Χριστοῦ
1185 788 1601 861 φιλανθρωπίαν
1629 784 1946 858 ἐξώρμησε,

287 878 292 882 ”
358 883 665 948 πιστεύσας
691 883 875 955 μέντοι
903 884 964 937 τὸ
997 883 1291 955 πρότερον,
1333 885 1429 935 καὶ
1458 878 1559 951 τὴν
1582 879 1768 932 πίστιν
1801 877 1949 948 ἔργῳ

359 978 638 1051 κυρώσας·
660 978 756 1030 καλ⁸
782 977 846 1047 δὴ
873 976 967 1031 ἐπὶ
988 976 1078 1029 τὸν
1100 974 1374 1044 μακάριον
1399 972 1682 1027 [Ιατάπιον
1704 970 1946 1040 ἔρχεται,

359 1067 456 1120 καὶ
488 1065 767 1120 δείκνυσιν
798 1064 950 1135 αὐτῷ
978 1064 1079 1135 τὴν
1105 1063 1202 1118 τοῦ
1248 1061 1457 1126 πάθους
1498 1062 1803 1126 ἐπίστασιν,
1855 1059 1951 1113 καὶ

358 1156 457 1228 τὴν
485 1156 595 1209 τῶν
623 1156 829 1210 ὀδυνῶν
853 1155 1171 1225 ἐξαγγέλλει
1208 1154 1539 1228 δριμύτητα.
1574 1155 1669 1207 Ὃν
1706 1154 1734 1206 ὁ
1770 1152 1951 1223 μακά-

360 1266 479 1322 ριος
545 1247 910 1319 θεασάμενος,
960 1248 1213 1319 σφοδρῶς
1276 1247 1383 1301 ὑπὸ
1448 1244 1543 1299 τοῦ
1591 1244 1798 1308 πάθους
1850 1243 1950 1313 μὲν

358 1342 708 1412 πιεζόμενον,
735 1341 802 1393 δι’
842 1341 968 1394 ὅλου
1016 1341 1072 1393 δὲ
1118 1339 1211 1393 τὸν
1242 1338 1409 1407 ὄγκον
1440 1337 1809 1409 διαδραμόντα
1853 1334 1949 1388 τοῦ

361 1433 638 1505 σώματος,
673 1434 734 1486 οὐ
763 1430 1198 1501 καταπλάσμασί
1230 1448 1378 1484 τισιν
1401 1429 1434 1501 ἢ
1461 1430 1771 1501 φαρμάκοις
1795 1428 1953 1498 ἐχρή-

361 1546 519 1595 σατο,
545 1523 629 1592 οἷς
675 1526 1105 1598 Ἀσκληπιάδης,
1154 1526 1250 1577 καὶ
1288 1523 1681 1593 Ἱπποκράτης,
1714 1521 1809 1574 καὶ
1850 1520 1954 1573 Γα-

358 1620 521 1691 ληνὸς
557 1620 961 1691 κατάχρηνται,
997 1617 1092 1672 καὶ
1140 1617 1192 1670 οί
1238 1615 1449 1669 τούτων
1484 1612 1691 1676 παῖδες,
1736 1610 1954 1681 ψυχρὰς

360 1712 701 1782 παρέχοντες
721 1712 823 1774 τὰς
852 1708 1199 1782 παρηγορίας
1228 1710 1341 1770 τοῖς
1373 1705 1697 1777 κάμνουσιν
1727 1701 1865 1756 ἀλλὰ
1887 1703 1953 1772 τῇ

359 1805 495 1873 εὐχῇ
544 1801 825 1872 φαρμάκῳ
853 1801 1222 1871 χρησάμενος,
1264 1795 1487 1866 ὀργάνῳ
1513 1793 1570 1847 δὲ
1591 1791 1669 1864 τῷ
1708 1791 1954 1869 σταυρῷ,

2049 601 2102 655 in
2140 600 2407 667 medicos,
2439 600 2578 655 nihil
2614 601 2835 656 tandem
2892 599 3169 657 commodi
3226 599 3438 656 retulit.
3487 598 3629 653 Tum

2049 708 2108 748 se
2160 692 2226 746 ad
2279 692 2493 747 Christi
2550 693 2984 749 inenarrabilem
3017 693 3270 762 lacteque
3308 700 3630 747 manantem

2049 783 2590 839 clementiamillam
2620 783 2860 850 confert,
2896 784 2992 840 ubi
3027 785 3293 839 nimirum
3326 784 3485 855 prius
3507 798 3631 838 cre-

2050 876 2310 941 didisset,
2348 874 2621 947 fidemque
2657 892 2825 947 opere
2886 875 3275 932 conﬁrmasset
3332 894 3346 930 :
3401 876 3632 946 aditque

2051 969 2271 1024 beatum
2313 967 2625 1037 Patapium,
2664 985 2729 1025 ac
2760 968 2974 1024 indicat
3001 981 3290 1040 urgentem
3350 970 3628 1026 morbum.

2051 1068 2108 1115 et
2137 1059 2393 1115 dolorum
2429 1061 2788 1118 acerbitatem
2817 1063 3098 1119 enuntiat.
3133 1064 3183 1119 ls
3211 1072 3399 1118 autem
3440 1062 3634 1118 videns

2052 1150 2296 1219 graviter
2331 1150 2529 1206 morbo
2568 1166 2847 1222 pressum,
2879 1163 3262 1225 tumoremque
3305 1169 3514 1224 corpus
3545 1161 3637 1208 to-

2051 1248 2169 1294 tum
2210 1242 2640 1312 pervadentem,
2695 1244 2870 1301 nullis
2918 1246 3340 1317 cataplasmatis
3401 1247 3638 1302 medica-

2051 1334 2388 1405 mentisque,
2455 1337 2643 1408 qualia
2676 1337 3057 1407 Asclepiades,
3118 1353 3184 1393 ac
3249 1338 3635 1410 Hippocrates,

2054 1424 2429 1498 Galenusque,
2485 1435 2540 1483 et
2602 1429 2799 1484 medici
2863 1430 2981 1495 alii,
3034 1430 3235 1502 frigide
3285 1432 3639 1486 consolantes

2055 1528 2313 1591 :rgrotos,
2344 1521 2697 1577 adhibuerint
2719 1522 2854 1595 (85),
2889 1524 2987 1578 sed
3017 1525 3272 1579 oratione
3317 1526 3433 1579 sola
3464 1525 3640 1579 medi-

2056 1621 2312 1667 camento
2372 1628 2531 1678 usus,
2593 1629 2761 1669 cruce
2812 1624 3022 1680 autem,
3072 1631 3309 1689 organo,
3366 1617 3644 1672 intercute

2059 1718 2196 1771 aqua
2220 1719 2426 1774 aegrum
2460 1713 2709 1760 ventrem
2753 1706 3030 1778 signavit,
3062 1709 3465 1779 emplastrique
3497 1709 3641 1773 loco,

2061 1793 2426 1849 commiscens
2446 1795 2568 1850 oleo
2590 1795 2889 1868 lacrymas,
2916 1799 3277 1870 superposuit
3302 1799 3376 1854 ita
3408 1801 3603 1855 dicens
3629 1819 3643 1855 :

359 1894 459 1965 τὴν
490 1894 792 1965 ὑδεριῶσαν
810 1893 1019 1947 κοιλίαν
1040 1893 1369 1964 ἐσφράγισε,
1399 1891 1494 1944 καὶ
1518 1889 1758 1967 δάκρυον
1786 1886 1953 1954 ἐλαίῳ

2062 1884 2113 1938 lu
2150 1886 2372 1955 nomine
2411 1885 2540 1941 Jcsu
2569 1887 2813 1957 Christi,
2868 1891 2964 1961 qui
3008 1892 3226 1947 sanavit
3259 1892 3644 1965 hydropicum,

361 1986 645 2057 συμμίξας
670 1986 786 2039 ἀντ’
817 1984 1196 2055 ἐμπλὰστρου,
1226 1980 1503 2052 ἐπέθηκεν
1531 1978 1705 2042 οὕτως
1759 1975 1953 2031 εἰπών·

373 2081 464 2134 Ἐν
493 2080 570 2151 τῷ
587 2081 822 2150 ’ὀνόματι
852 2077 949 2132 τοῦ
987 2077 1166 2150 Ἰησοῦ
1210 2075 1475 2148 Χριστοῦ,
1516 2073 1611 2127 τοῦ
1649 2072 1744 2125 τὸν
1778 2072 1958 2142 ὑδρω-

362 2172 526 2225 πικὸν
564 2172 1032 2242 θεραπεύσαντος,
1071 2169 1182 2223 ἴσθι
1212 2170 1373 2236 ὑγιὴς
1403 2165 1514 2221 ἀπὸ
1551 2166 1650 2235 τῆς
1689 2164 1959 2236 μάστιγός

363 2284 483 2321 σου.
518 2266 630 2320 Καὶ
657 2266 818 2317 τοῦτο
848 2265 1095 2327 εἰπόντος
1120 2262 1305 2328 αὑτοῦ,
1330 2261 1682 2333 παραχρῆμα
1704 2257 1957 2328 διελύθη-

364 2375 469 2412 σαν
498 2359 547 2410 οί
576 2358 770 2427 δεσμοὶ
790 2357 900 2411 τῶν
929 2357 1116 2426 ὑγρῶν
1144 2355 1248 2426 τῆς
1263 2349 1472 2418 κοιλίας
1488 2352 1840 2424 ἐμφράξεων,
1862 2349 1958 2404 καὶ

366 2451 700 2519 ἠνοίχθησαν
729 2451 778 2502 oi
809 2450 971 2521 πόροι
996 2448 1107 2502 τῶν
1143 2447 1393 2518 φυσικῶν
1445 2444 1814 2500 καταδύσεωνο
1862 2441 1960 2497 καὶ

368 2540 659 2611 ἐξέρρευσε
689 2542 841 2595 πᾶσα
872 2540 967 2594 τοῦ
1011 2538 1478 2613 ὲπιπροσθοῦντος
1517 2535 1708 2598 ὓδατος
1751 2535 1785 2606 ὴ
1838 2531 1959 2587 ἐπί-

364 2634 578 2698 κλυσις,
610 2635 706 2689 καὶ
748 2634 973 2705 διεχύθη
1026 2634 1094 2689 τὰ
1143 2633 1223 2706 τῷ
1269 2634 1449 2705 χρόνῳ
1482 2628 1669 2693 κακῶς
1732 2629 1959 2681 ἐπισυν-

356 2724 601 2795 αχθέντα
629 2724 769 2796 πρὸς
794 2728 908 2788 τοῖς
928 2724 1261 2795 σπλάγχνοις
1292 2722 1574 2786 ἀπόζοντα
1601 2721 1843 2790 νάματα,
1866 2719 1960 2774 καὶ

356 2817 689 2890 ἀνερῤώσθη
720 2819 750 2869 ὁ
799 2816 1110 2888 ἄνθρωπος,
1151 2816 1247 2871 καὶ
1279 2815 1494 2886 ἀπέδρα
1522 2813 1585 2866 τὸ
1631 2812 1845 2881 νόσημα
1868 2809 1960 2864 διὰ

357 2908 465 2979 τῆς
490 2909 601 2961 τῶν
636 2908 839 2979 χειρῶν
881 2908 976 2960 τοῦ
1025 2907 1185 2976 ἁγίου
1222 2906 1546 2968 ἐπιθέσεως*
1585 2903 1679 2957 καὶ
1712 2900 1959 2971 ἀπῆλθεν

356 3001 553 3071 ὑμνῶν
583 3001 678 3054 καὶ
705 3000 952 3069 εὐλογῶν
973 3001 1066 3054 τὸν
1094 3000 1227 3053 Θεὸν
1275 2999 1375 3052 καὶ
1411 2998 1693 3065 Δεσπότην
1722 2997 1816 3049 καὶ
1844 2994 1959 3047 Σω-

354 3096 508 3167 τῆρα
529 3095 640 3147 τῶν
671 3094 928 3148 ἁπάντων
963 3092 1223 3164 Χριστὸν,
1250 3086 1343 3144 τὸν
1384 3091 1472 3145 ἀεὶ
1505 3088 1817 3158 παρέχοντα
1845 3087 1959 3149 τοῖς

351 3187 546 3255 ἁγίοις
573 3186 741 3241 αὑτοῦ
784 3185 893 3239 τῶν
930 3182 1308 3271 ἰαμάτωνπὴν
1338 3181 1597 3252 δύναμιν,
1641 3180 1739 3233 καὶ
1768 3176 1959 3233 διῗαύ-

2060 1985 2183 2031 esto
2208 1993 2384 2035 sanus
2419 1980 2487 2034 ab
2524 1980 2626 2033 hac
2660 1982 2820 2051 plaga
2858 1991 2974 2038 tua.
2998 1983 3235 2056 Moxque
3260 1996 3318 2041 ut
3341 1986 3442 2042 hoc
3465 1986 3648 2042 dixis-

2060 2081 2162 2133 set,
2229 2072 2412 2126 soluta
2469 2082 2602 2128 sunt
2658 2076 2901 2144 vincula,
2950 2078 3159 2148 quibus
3220 2079 3648 2135 obstruentibus

2060 2176 2215 2230 aquae
2236 2152 2628 2219 detinebantur
2651 2166 2707 2221 in
2737 2178 2951 2238 ventre,
2980 2185 3046 2224 ac
3069 2178 3285 2226 meatus
3311 2174 3646 2228 naturalium

2059 2255 2445 2310 excretionnm
2505 2261 2707 2339 aperti,
2761 2262 3184 2334 peremuxitque
3237 2272 3355 2320 tota
3416 2268 3650 2337 adjecta:

2061 2360 2218 2414 aquae
2248 2346 2487 2416 illuvies,
2519 2364 2583 2425 ac
2619 2353 2764 2407 male
2821 2355 2979 2423 lapsu
3028 2358 3291 2428 temporis
3340 2360 3561 2415 collecti
3592 2361 3647 2414 in

2059 2437 2372 2511 visceribus
2401 2441 2556 2497 fetidi
2585 2444 2780 2509 latices
2799 2447 3058 2503 exhausti
3089 2452 3651 2523 sunt,convaluitque

2062 2529 2254 2599 homo,
2320 2547 2384 2588 ac
2440 2536 2666 2612 morbus
2727 2553 2990 2595 manuum
3056 2546 3231 2599 sancti
3293 2546 3651 2616 impositiono

2061 2622 2688 2698 evanuit.Demumque,
2719 2629 2857 2685 abiit
2890 2632 2986 2687 ille
3018 2633 3253 2692 laudans
3287 2636 3648 2694 benedicens-

2060 2729 2169 2785 que
2196 2715 2369 2772 Deum
2400 2733 2464 2773 ac
2497 2718 2792 2791 Dominum
2857 2722 3315 2799 Salvatoremque
3363 2731 3655 2788 universo-

2062 2822 2186 2861 rum
2241 2807 2549 2880 Christum,
2583 2816 2677 2884 qui
2724 2830 2949 2887 semper
2980 2823 3197 2877 sanctis
3232 2822 3354 2878 suis
3386 2824 3651 2881 virtutem

2061 2901 2271 2970 praabet
2299 2905 2676 2974 sanationum,
2709 2922 2776 2962 ac
2808 2923 2904 2978 per
2938 2924 3034 2966 eos
3064 2914 3456 2983 aegrotantium
3503 2932 3654 2972 mor-

2061 2990 2149 3045 bis
2206 2993 2480 3048 medetur.
2534 2995 2647 3054 Nos
2713 3012 2894 3067 porro,
2936 3002 3152 3070 pariter
3209 3003 3526 3072 laudantes,
3583 3008 3652 3064 ad

2061 3084 2288 3140 tertium
2332 3085 2594 3160 deinceps
2654 3099 3009 3151 transeamus
3072 3096 3175 3150 viri
3229 3100 3410 3154 sancti
3464 3105 3655 3172 prodi-

2063 3192 2233 3248 gnum.

353 3280 474 3334 τῶν
509 3282 602 3345 τὰς
629 3282 821 3344 νόσους
855 3278 964 3334 τῶν
1004 3278 1330 3349 καμνόντων
1378 3277 1630 3348 ἰώμενον.
1677 3273 1870 3345 Ἡμεῖς
1904 3272 1961 3326 δὲ
2002 3271 2103 3328 σὺν
2136 3274 2288 3348 αὑτῷ
2315 3276 2408 3332 τὸν
2430 3275 2564 3335 Θεὸν
2595 3280 3020 3356 ἀνυμνήσωμεν,
3052 3285 3147 3341 καὶ
3175 3289 3268 3342 ἐπὶ
3323 3291 3506 3362 τρίτον
3564 3296 3655 3347 ὲν..

351 3373 556 3429 τεῦθεν
582 3374 874 3444 τεράστιον
905 3373 1000 3428 τοῦ
1032 3371 1179 3427 ὁσίου
1221 3369 1597 3441 μετέλθωμεν.

592 3506 732 3575 Περὶ
763 3505 877 3575 τῆς
903 3504 1121 3572 ἰάσεως
1146 3503 1255 3559 τοῦ
1290 3502 1743 3574 δαιμονιῶντος.

434 3620 671 3683 Νεανίας
724 3637 811 3683 τις
856 3619 964 3673 ὑπὸ
1007 3618 1204 3674 σκαιοῦ
1260 3618 1521 3690 δαίμονος
1575 3616 1959 3687 ἐλαυνόμενος,

354 3714 461 3768 καὶ
493 3716 582 3767 ἐπ’
620 3713 721 3767 οὐκ
748 3713 931 3782 ὀλίγον
964 3713 1161 3785 χρόνον
1190 3713 1285 3766 ὑπ’
1332 3712 1500 3766 αὑτοῦ
1547 3710 1918 3781 κατεχόμενος
1945 3722 1961 3739 ⁶

358 3808 502 3863 ποτὲ
565 3808 667 3877 μὲν
722 3809 928 3879 γυμνός
984 3824 1072 3870 τις
1121 3806 1219 3861 καὶ
1271 3804 1579 3876 ῥακοδύτης
1622 3803 1958 3874 ηὑρίσκετο’

357 3898 497 3951 ποτὲ
527 3898 584 3952 δὲ
620 3899 717 3952 καὶ¹
755 3897 1059 3970 μονοχίτων
1093 3898 1238 3952 κατὰ
1275 3896 1542 3969 κρημνῶν
1590 3896 1687 3949 καὶ
1719 3893 1961 3964 βοθύνων

354 3991 706 4062 κατεφέρετο
735 4007 747 4020 ·
776 3992 868 4044 ὁτὲ
898 3990 977 4056 δὲ,
1019 3990 1100 4054 είς
1127 3989 1230 4060 ὄρη
1270 3991 1367 4043 καὶ
1392 3989 1636 4060 ἐρημίας
1663 3988 1758 4040 καὶ
1789 3986 1962 4059 βάρα-

355 4088 472 4159 Θρα
495 4086 858 4158 διωκόμενος,
897 4085 1183 4156 δυστυχῶς
1216 4081 1553 4155 ἐμαστίζετο
1583 4098 1596 4112 ·
1648 4082 1744 4136 καὶ
1773 4080 1962 4135 ἄλλοτε

356 4179 489 4233 καθ’
523 4176 736 4232 ὑδάτων
765 4181 859 4232 καὶ
888 4177 1178 4232 θαλασσῶν
1214 4177 1537 4248 ἑλκόμενος,
1571 4175 1806 4228 θάνατον
1834 4174 1963 4227 ὑπο-

359 4269 556 4343 μένειν
596 4269 817 4340 ἠπείλει
861 4269 955 4323 τὸν
1004 4270 1303 4332 οἴκτιστον,
1348 4270 1396 4321 εί
1443 4267 1518 4339 μὴ
1575 4266 1901 4337 προφθάσας
1935 4265 1964 4319 ὁ

360 4363 543 4436 μέγας
574 4363 880 4425 Πατάπιος,
922 4363 1024 4433 τὴν
1075 4361 1378 4433 θεραπείαν
1422 4359 1672 4429 παρέσχε
1733 4358 1810 4428 τῷ
1863 4357 1964 4410 κά-

361 4471 557 4525 μνοντι
590 4456 657 4525 τῇ
688 4453 785 4507 τοῦ
828 4451 1155 4522 Πνεύματος
1201 4450 1410 4523 χάριτι.
1438 4449 1502 4502 Τί
1535 4448 1684 4518 γάρ;
1718 4448 1811 4512 Ἐξ
1839 4448 1963 4501 ἁδο-

357 4547 537 4616 κήτου
581 4546 660 4617 τῷ
712 4544 913 4617 δικαίῳ
975 4545 1324 4614 συναντήσας
1384 4544 1412 4597 ὁ
1457 4542 1769 4614 ἄνθρωπος,
1823 4542 1853 4594 ὁ
1902 4542 1964 4596 τὸ

358 4637 591 4709 πνεῦμα
640 4638 989 4709 κεκτημένος
1031 4637 1128 4690 τοῦ
1179 4635 1461 4706 δαίμονος,
1511 4633 1719 4706 ἤρξατο
1760 4634 1960 4706 πηδᾷν,

358 4731 465 4786 καὶ
494 4732 788 4803 ταράττειν
837 4729 1265 4799 εὐπεριδρόμοις
1303 4728 1597 4799 ἐξάλμασι,
1644 4728 1740 4781 καὶ
1786 4726 1962 4798 ἀφρὸν

2504 3501 2585 3557 De
2627 3505 2960 3562 dwmoniaco
2997 3518 3210 3564 sanato.

2134 3613 2372 3681 Quidam
2418 3615 2642 3686 juvenis
2672 3635 2704 3677 a
2733 3636 2880 3677 saevo
2928 3631 3092 3679 actus
3123 3624 3393 3692 daemone,
3448 3643 3657 3699 perque

2063 3715 2282 3779 tempus
2322 3709 2465 3766 haud
2504 3713 2766 3785 exiguum
2792 3722 3005 3783 tentus,
3043 3734 3192 3774 nunc
3222 3721 3441 3790 quidem
3473 3724 3656 3777 nudus

2064 3803 2336 3871 pannisve
2363 3805 2579 3861 obsitus
2619 3807 3010 3865 inveniebatur
3045 3827 3061 3866 :
3121 3828 3271 3868 nunc
3322 3824 3506 3869 autem
3544 3832 3655 3870 una

2066 3894 2298 3953 indutus
2326 3898 2535 3963 tunica,
2581 3914 2678 3970 per
2705 3901 2829 3958 loca
2860 3914 3137 3974 praerupta
3175 3907 3472 3979 foveasque
3514 3924 3654 3980 prae-

2065 4004 2195 4059 ceps
2229 3990 2501 4060 agebatur
2532 4009 2546 4045 :
2581 3993 2920 4065 quandoque
2953 3997 3021 4052 ad
3051 3992 3288 4065 montes,
3320 3998 3654 4072 desertaque

2063 4089 2118 4138 et
2154 4082 2377 4137 baratra
2411 4083 2630 4153 pulsus,
2652 4087 2856 4142 misere
2890 4089 3227 4158 vapulabat:
3262 4106 3655 4164 nonnunquam

2064 4187 2162 4243 per
2194 4187 2365 4243 aquas
2391 4181 2445 4230 et
2477 4175 2653 4230 maria
2689 4186 2923 4247 tractus,
2959 4181 3298 4239 miserabilis
3328 4185 3528 4240 mortis
3560 4201 3658 4255 pc—

2065 4263 2307 4319 riculum
2370 4260 2676 4336 ingerebat,
2716 4268 2828 4324 nisi
2864 4284 3147 4340 occupans
3196 4288 3435 4343 magnus
3494 4274 3659 4330 Pata-

2066 4356 2212 4427 pius,
2248 4357 2425 4427 gratia
2460 4357 2711 4429 Spiritus
2744 4362 3274 4434 sancti,.aagrotanti
3309 4365 3655 4421 curationem

2066 4450 2442 4519 praestitisset.
2481 4450 2625 4517 Quid
2657 4452 2842 4507 enim?
2867 4451 3005 4507 Cum
3039 4470 3104 4510 ex
3155 4455 3461 4526 improviso
3493 4458 3660 4515 homo

2068 4542 2158 4599 ille
2191 4542 2403 4599 habens
2452 4543 2725 4601 daemonis
2774 4545 3035 4615 spirituum
3088 4546 3243 4616 justo
3292 4551 3657 4618 occurrisset,

2067 4649 2193 4688 mox
2242 4635 2474 4691 exsilire
2524 4636 2713 4706 erepit,
2751 4638 3105 4710 saltibusque
3160 4656 3296 4712 gyro
3327 4658 3654 4706 excurrens,

2068 4727 2351 4793 territare,
2401 4742 2467 4781 ac
2520 4743 2618 4784 ore
2672 4744 2928 4799 spumam
2985 4732 3281 4802 despuere,
3335 4743 3391 4788 et
3436 4750 3660 4790 versare

358 4820 629 4876 ἐκπτύειν
669 4822 761 4875 τοῦ
807 4822 1100 4893 στόματος,
1142 4822 1241 4874 καὶ
1288 4822 1419 4885 τοὺς
1469 4820 1789 4891 ὀφθαλμοὺς
1823 4819 1954 4872 ὐπο-

2064 4820 2277 4881 oculos,
2322 4828 2695 4891 sanctumque
2736 4823 3056 4891 percellere.
3110 4825 3187 4879 Ac
3218 4841 3350 4880 vero
3391 4828 3657 4896 paulatim

362 4916 646 4986 στρέφειν,
678 4916 774 4969 καὶ
804 4914 1212 4985 καταπλήττειν
1251 4914 1345 4967 τὸν
1371 4915 1544 4969 ὅσιον.
1581 4914 1693 4968 Καὶ
1721 4913 1785 4984 δὴ
1819 4913 1965 4967 κατὰ

362 5007 568 5079 μικρὸν
613 5008 958 5080 πλησιάζων,
998 5007 1150 5079 αὐτῷ
1179 5009 1598 5079 κατεπὴρχετο·
1636 5008 1712 5071 ὡς
1747 5009 1842 5061 καὶ
1895 5007 1964 5061 δι’

358 5099 533 5153 αὑτοῦ
566 5101 628 5154 τὸ
658 5102 883 5172 πνεῦμα
914 5101 1110 5172 βοῆσαι
1144 5103 1242 5155 κα)⁹
1270 5103 1451 5154 εἰπεῖν
1477 5100 1614 5172 πρὸς
1645 5101 1734 5154 τὸν
1776 5102 1925 5154 ὅσιον
1950 5118 1964 5131 ·

358 5189 436 5245 ’Ὦ
484 5194 737 5247 Πατάπιε
767 5194 945 5248 δίκαιε
975 5194 988 5247 !
1038 5194 1125 5250 Τί.
1157 5194 1259 5258 τὰς
1296 5193 1483 5264 Θήϐας
1514 5192 1851 5257 καταλιπὼν,
1880 5194 1968 5245 ἐν·

359 5282 492 5337 θάδε
521 5283 616 5336 νῦν
644 5286 1068 5356 παραγέγοναςς
1103 5284 1307 5354 Ἰ’ί,τὴν
1336 5285 1613 5352 Αἴγυπτον
1647 5284 1837 5345 ἐάσας,
1864 5283 1965 5354 τὴν

362 5374 620 5446 βασιλίδα
659 5377 964 5441 κατέλαϐες
991 5395 1007 5443 ;
1035 5378 1121 5442 Τί,
1150 5376 1251 5447 τὴν
1285 5376 1496 5448 ἔρημον
1537 5375 1719 5446 ἀφεὶς,
1749 5377 1829 5439 εἰς
1864 5376 1963 5447 τὴν

2064 4912 2473 4981 pr0pinquans,
2516 4912 2565 4967 ci
2598 4913 2852 4968 infensus
2889 4914 3203 4985 ingruebat,
3235 4929 3294 4970 ut
3324 4918 3490 4972 etiam
3549 4922 3663 4990 spi-

2063 5004 2205 5060 ritus
2248 5004 2514 5057 clamarct
2541 5020 2639 5073 per
2674 5006 2980 5070 hominem,
3016 5009 3336 5078 diceretque
3379 5010 3443 5062 ad
3479 5009 3658 5062 virum

2063 5109 2316 5153 sanctum
2350 5116 2364 5152 :
2394 5095 2615 5168 Ojustc
2666 5097 2877 5171 Patapi,
2983 5102 3181 5170 utquid
3259 5103 3469 5158 relictis
3511 5102 3659 5158 Thc-

2066 5190 2173 5255 bis,
2204 5190 2311 5243 huc
2352 5190 2516 5245 modo
2556 5190 2875 5246 advenisti?
2942 5191 3171 5262 Ut-iuid,
3202 5193 3442 5265 Aigypto
3468 5196 3660 5249 valere

2069 5281 2319 5351 jussa,in
2348 5276 2538 5338 urbem
2565 5294 2614 5338 tc
2645 5285 2852 5354 regiam
2883 5286 3208 5340 contulisti?
3234 5288 3448 5357 utquid,
3485 5289 3660 5343 missa

2072 5376 2217 5429 facta
2249 5390 2457 5465 e\remo,
2504 5376 2561 5429 in
2615 5377 2881 5431 mundum
2933 5379 3271 5446 prosiliisti?
3302 5383 3412 5433 Aut
3464 5397 3550 5435 me
3600 5381 3656 5435 in

1610 5535 1997 5592 (ZOMBEFISII
2040 5535 2306 5612 ΝΟΤᾸΕ..

439 5629 553 5701 (85)
600 5631 664 5703 Et
720 5633 911 5687 medici
961 5633 1059 5687 alii
1122 5633 1486 5687 adhibuerim.
1538 5633 1976 5703 Κατάχρηνται.’

360 5699 541 5773 νι-ιιιι
563 5702 718 5757 abusi
772 5704 980 5757 fuerint
1046 5705 1246 5771 frigide
1306 5703 1666 5759 consolandis
1704 5699 1953 5773 aegrotis,

361 5771 518 5825 nullo
557 5774 1016 5844 stepelcvamine.
1077 5774 1208 5828 Erat
1255 5775 1308 5827 in
1345 5774 1516 5844 Regio
1568 5771 1958 5828 codice'xardt-

2069 5631 2255 5696 litura,
2281 5640 2342 5685 ut
2369 5631 2620 5685 videatur
2652 5630 2797 5700 quod
2831 5630 3174 5684 rcstituimus
3206 5630 3257 5700 χ’
3294 5645 3460 5683 manu
3491 5612 3655 5684 scioli

2065 5717 2287 5757 erasum
2316 5718 2437 5757 csse
2466 5698 2696 5770 excepto
2731 5711 3026 5769 augmento
3063 5718 3147 5754 κε.
3175 5698 3300 5755 Fuit
3330 5709 3476 5755 certe
3494 5715 3656 5755 erasa

2066 5773 2253 5845 littera
2306 5774 2493 5845 aliqua
2530 5775 2718 5828 animo
2751 5772 3117 5836 restituenda,
3145 5788 3253 5843 qua
3297 5773 3457 5841 plane
3504 5772 3656 5826 nulla

364 5859 595 5914 ρηνται,
623 5843 718 5898 sed
754 5844 1096 5913 interpolata
1142 5843 1737 5915 dictione,’hiatuque
1767 5845 1950 5899 medio
1977 5844 2154 5901 etalia
2186 5843 2374 5900 fuerit.

696 5934 967 5996 PATROL.
1015 5937 1129 5995 Gn.
1176 5935 1383 5996 XCVII

3185 5931 3258 5992 39
