3950 6472
507 364 640 427 1327

1699 373 1762 434 S.
1796 372 1894 431 AN
1908 373 2126 431 DRErE
2154 370 2584 431 CRETENSIS

3624 376 3726 442 1223

492 485 795 554 .digypttttrt
848 484 1003 554 fuga,
1040 483 1185 538 unde
1231 481 1349 552 ipse
1390 480 1601 554 fugisti,
1629 492 1721 538 aut
1751 484 1875 539 sine
1903 492 1959 536 ut
1991 482 2062 537 hic

2182 481 2514 551 οἰκουμένην
2546 480 2854 549 ἁνέδραμες
2880 499 2893 546 ;
2938 485 3009 536 Ἦ
3052 483 3243 549 δίωξον
3269 485 3371 555 ἐμὲ
3405 485 3525 540 ὅθεν
3553 491 3609 542 σὺ
3643 493 3725 544 ἁπ-

494 577 766 633 ὶιιιὶιίιειιι.
792 574 885 632 Va:
946 575 1078 631 mihi
1145 592 1173 629 ιι
1209 586 1284 639 te,
1312 573 1642 629 Nazaraenel
1677 575 1937 642 Quandiu
1978 590 2062 628 ll0l

2192 573 2450 643 ἐδρασας,
2489 574 2520 643 ἢ
2560 573 2724 627 ἔασόν
2749 591 2814 644 με
2855 577 3077 644 οἰκῆσαι
3131 576 3391 632 ἐνταῦθα.
3426 579 3487 631 Ὢ
3505 579 3605 635 ἀπὸ
3635 582 3729 649 σοῦ,

490 670 738 736 quiescis
765 684 793 723 a
825 668 985 725 nobis
1012 667 1458 739 persequendis?
1479 667 1735 734 Quandiu
1762 669 2062 739 impugnari

2189 665 2487 736 Ναζωραῖε
2521 666 2532 719 !
2570 667 2714 729 Ἕως
2756 668 2887 719 πότε
2915 669 3018 721 οὐκ
3048 670 3283 739 ὴρεμεῖς
3312 671 3410 739 ἀφ’
3441 671 3587 741 ἡμῶν
3609 690 3622 739 ;
3644 676 3733 728 Μέ-

490 779 602 817 uon
656 762 905 818 desinis?
952 760 1085 817 Sine
1129 770 1190 816 ut
1243 761 1612 816 tabernaculo
1662 776 1785 816 meo
1818 762 2081 827 delieier;

490 857 575 910 sin
607 865 790 910 autem
819 854 984 909 abibo
1011 855 1064 907 in
1097 862 1378 920 montem;
1421 868 1530 907 non
1574 852 1723 907 enim
1761 852 1909 906 ultra
1957 866 2081 922 per-

2188 775 2280 830 χρι
2304 758 2451 822 τίνος
2483 757 2765 829 πολεμοῦν
2817 760 2920 813 οὐκ
2970 760 3306 830 ὰφίστασαις
3341 763 3466 826 Ἔα,
3504 779 3740 837 κατατρυτ

2187 849 2353 918 φήσω
2386 866 2489 920 μου
2535 850 2632 903 τοῦ
2669 850 3036 921 σκηνώματος
3067 868 3080 882 ’
3116 854 3167 906 εἰ
3197 853 3254 906 δὲ
3306 854 3408 924 μὴ,
3446 857 3523 918 εἰς
3543 856 3601 909 τὸ
3634 856 3735 924 ὅρος

489 955 813 1019 sequentem
852 947 1003 1015 fero;
1041 961 1379 1017 quocunque
1411 944 1689 1017 siquidem
1721 944 1933 1009 abiero,
1971 943 2062 999 illic

2191 941 2540 1013 πορεύσομαι
2572 958 2585 976 ’
2615 944 2675 997 ού
2705 943 2815 1015 γὰρ
2847 947 3029 1014 στέγω
3062 945 3145 999 ἔτι
3172 948 3277 1001 ὑπὸ
3302 947 3399 1000 σοῦ
3428 947 3734 1018 διωκόμενος.

488 1054 543 1096 te
578 1043 822 1114 priorem
867 1042 1122 1109 invenio;
1154 1056 1263 1096 non
1302 1041 1557 1098 sustineo
1596 1049 1744 1096 tuam
1774 1081 1788 1105 ,
1831 1038 2077 1108 Christe,

490 1137 788 1201 virtutem;
821 1151 930 1189 non
959 1135 1115 1190 valeo
1139 1135 1406 1189 resistere
1437 1134 1614 1189 servis
1642 1132 1755 1189 tuis
1780 1151 1794 1188 :
1821 1131 2035 1204 Quippe
2060 1173 2076 1199 ,

2188 1033 2365 1089 Ἔνθα
2397 1035 2511 1106 γὰρ
2547 1035 2615 1090 ἂν
2655 1035 3040 1107 πορεύσωμαι,
3072 1039 3193 1092 ἐκεῖ
3226 1032 3291 1091 σε’
3313 1038 3641 1110 προλαϐόντα
3666 1043 3739 1095 e6-

2186 1126 2384 1197 ρίσκω.
2434 1128 2509 1182 Οὐ
2550 1128 2704 1201 φέρω
2745 1146 2865 1197 σου,
2915 1131 3149 1199 Χριστδ,
3197 1133 3297 1201 τὴν
3345 1133 3611 1204 δύναμιν·
3655 1136 3738 1189 οὐκ

487 1236 601 1282 uno
638 1243 726 1281 me
758 1226 1095 1281 confodiunt
1139 1225 1364 1296 jaculo;
1416 1239 1483 1280 ac
1529 1238 1633 1280 ceu
1685 1224 1910 1286 nubem,
1965 1237 2062 1278 unt

2189 1218 2362 1290 ἰσχύω
2408 1221 2680 1298 τοῖςρσοίς
2718 1222 3108 1277 ἀντιπαλαίειν
3156 1223 3516 1295 θεράπουσιν.
3561 1226 3661 1279 Ἐνί
3687 1245 3738 1297 με

486 1319 719 1390 abigunt
762 1318 1018 1371 invocato
1076 1315 1323 1370 nomine.
1357 1312 1476 1369 Non
1503 1313 1618 1384 jam
1655 1311 1777 1367 fero
1828 1314 2062 1367 vexatio-

2179 1313 2290 1382 γὰρ
2316 1311 2470 1383 ὅπλῳ
2498 1314 2887 1385 τιτρώσκουσι,
2921 1316 3019 1372 καὶ
3068 1316 3150 1370 ὲνί
3203 1334 3273 1386 με
3324 1317 3573 1397 ὀνόματι,
3612 1320 3740 1392 δίκην

483 1428 653 1477 nem;
680 1412 862 1465 victus
891 1425 1050 1473 sum;
1093 1407 1171 1463 fui
1191 1415 1525 1479 superatus;
1562 1404 1825 1474 deinceps
1847 1404 2071 1465 recedo,

2178 1403 2356 1474 νεφῶν
2397 1404 2823 1465 ἀπελαύνουσιν.
2878 1408 3089 1464 Οὐκέτι
3137 1413 3317 1480 στέγω
3352 1411 3455 1482 τὴν
3505 1412 3738 1480 κάκωσιν,

482 1515 537 1557 et
593 1503 651 1558 in
700 1504 989 1558 desertmn
1033 1515 1226 1571 pergo.
1286 1499 1560 1555 Lassatus
1609 1512 1731 1552 sum
1774 1495 2062 1568 quaerenda

2174 1498 2474 1569 νενίκημαι
2500 1513 2513 1528 ’
2549 1498 2799 1571 ἥττημαι
2826 1515 2841 1530 ο
2891 1501 3168 1574 ὑποχωρῶ
3196 1502 3261 1556 τὸ
3291 1502 3505 1567 λοιπὸν,
3556 1505 3641 1558 καὶ
3676 1507 3740 1570 εἰς

480 1596 854 1658 domicilium,
894 1595 1257 1663 inventoque,
1307 1593 1461 1647 velut
1508 1590 1822 1661 inquilinus
1881 1590 2068 1645 detur-

482 1693 606 1745 hor.
642 1687 755 1750 Vm,
815 1704 914 1750 vae,
968 1686 1308 1741 Nazaraenel
1367 1683 1537 1739 Multa
1589 1691 1676 1739 est
1726 1690 1818 1737 tua
1870 1682 2068 1750 virtus,

481 1777 990 1847 inenarrabilisqne
1053 1775 1324 1847 potentia.
1378 1772 1487 1829 Fac
1528 1773 1675 1844 quod
1723 1772 1881 1829 velis.
1936 1770 2068 1827 Mihi

480 1871 754 1942 siquidem
787 1872 873 1924 hic
901 1870 1007 1922 loci
1044 1868 1361 1922 consistere
1391 1881 1503 1921 non
1536 1866 1686 1921 licet.

546 2052 694 2117 Περ,
734 2053 913 2121 iisque
951 2051 1107 2121 plura
1156 2048 1430 2121 malignus
1478 2046 1710 2118 spiritus
1743 2046 1810 2102 ad
1845 2048 2068 2102 beatum

475 2150 654 2213 dixit;
691 2145 1057 2202 validissimis
1086 2142 1428 2200 tremoribus
1458 2141 1865 2197 subsultantem
1886 2140 2066 2195 virum

475 2241 799 2296 ostendens.
837 2240 907 2293 At
939 2237 1037 2294 Dei
1081 2237 1330 2295 famulus
1351 2235 1626 2306 Patapius
1655 2234 1828 2306 digito
1856 2232 1911 2287 in
1942 2249 2069 2289 aere

475 2332 659 2389 crucis
688 2332 923 2403 figuram
969 2331 1314 2402 exprimens,
1347 2328 1548 2385 leniori
1596 2327 1664 2384 ad
1720 2342 1844 2382 eum
1874 2341 2008 2382 voce
2052 2344 2064 2380 :

474 2425 724 2498 Spiritus
771 2440 1008 2495 nequam
1052 2432 1106 2478 et
1156 2423 1440 2478 immunde
1463 2462 1478 2489 ,
1515 2421 1604 2475 exi
1640 2420 1709 2474 ab
1740 2433 1805 2474 eo
1851 2418 1946 2488 qui
1982 2426 2070 2473 est

474 2526 698 2573 rreatus
721 2518 792 2573 ad
832 2517 1117 2572 Creatoris
1152 2517 1475 2586 imaginem.
1510 2512 1636 2580 Exi,
1671 2530 1737 2568 ac
1767 2510 1924 2583 fuge,
1955 2525 2067 2581 quo

476 2624 525 2665 te
556 2612 825 2668 Christus
857 2627 986 2667 cum
1026 2610 1396 2682 complicibus
1450 2609 1809 2680 relegandum
1854 2608 2063 2661 sanxit.

477 2704 574 2759 llic
607 2703 929 2772 Nazarzeus,
951 2720 1110 2776 quem
1143 2703 1289 2758 haud
1323 2703 1502 2758 libens
1525 2700 1813 2772 Christum
1846 2699 2067 2756 confes-

474 2812 663 2861 suses,
687 2797 829 2869 ipse,
853 2797 1102 2865 inquam,
1132 2795 1224 2865 qui
1253 2808 1352 2865 per
1383 2808 1471 2848 me
1543 2807 1712 2847 cruce
1749 2800 1802 2847 te
1837 2807 2065 2862 percus-

473 2890 567 2954 sit,
597 2897 874 2946 extorrem
907 2887 1171 2959 praecepit
1210 2902 1360 2943 esse.
1393 2885 1520 2957 Ipse
1546 2896 1596 2942 te
1628 2886 2063 2956 persequitur,o

472 2984 636 3053 plane
669 2983 859 3046 miser,
893 2983 1249 3053 invitumque.
1274 2982 1524 3053 expellit.
1582 2982 1689 3039 Ubi
1723 2982 1841 3037 haec
1870 2981 2062 3052 justus

469 3075 736 3141 dixisset,
773 3091 1011 3147 nequam
1053 3076 1288 3146 spiritus
1321 3090 1557 3147 puerum
1599 3076 1920 3142 discerpsit,
1950 3074 2061 3129 illi-

467 3173 676 3242 sitque,
710 3177 878 3240 atque
899 3170 969 3224 ah
998 3168 1124 3240 ejus
1149 3185 1245 3224 ore
1277 3169 1413 3223 fumi
1448 3168 1629 3225 instar
1652 3169 1845 3235 exivit,
1872 3183 1936 3224 ac
1959 3183 2060 3225 ceu

2174 1587 2273 1651 τὰς
2298 1587 2544 1660 ἐρήμους
2571 1590 2940 1662 πορεύσομαι.
2987 1593 3304 1665 Ἀπέκαμον
3334 1594 3520 1665 ζητῶν
3548 1598 3740 1668 οἰκητήο

2177 1696 2313 1750 ριον,
2348 1683 2445 1735 καὶ
2488 1682 2689 1755 εὑρὼν,
2733 1683 2812 1748 ὡς
2840 1685 3109 1757 πάροικος
3151 1686 3323 1741 αὐτοῦ
3371 1687 3734 1760 ἀπελαύνομαι.

2174 1772 2259 1838 Ὦ,
2292 1770 2338 1826 ὣ
2365 1774 2662 1847 Ναζωραῖε
2700 1777 2713 1829 ι
2748 1776 2923 1848 Πολλή
2954 1794 3051 1831 σου
3081 1779 3115 1850 ή
3143 1777 3408 1850 δύναμις,
3438 1781 3533 1833 καὶ
3568 1780 3737 1849 deputo;

2102 1842 2145 1902 Β
2175 1864 2207 1934 ἠ
2237 1863 2479 1935 ἐξουσία.
2512 1842 2661 1921 [fetet
2687 1865 2716 1920 ὃ
2739 1842 2940 1933 θέλεις.
2979 1842 3138 1940 Ἐμοὶ
3164 1842 3540 1943 γὰρ-ἐνταῦθα
3570 1842 3735 1943 μένειν,

2174 1956 2275 2027 οὐχ
2297 1950 2413 2010 οἷόν
2447 1975 2529 2012 τε.
2603 2018 2616 2029 ο

2244 2046 2433 2101 Ταῦτα
2455 2049 2552 2103 καὶ
2575 2047 2802 2104 πλείονα
2826 2049 3038 2105 τούτων
3070 2051 3133 2105 τὸ
3162 2051 3393 2122 πνεῦμα
3421 2053 3486 2106 τὸ
3519 2055 3734 2125 πονηρὶν,

2176 2138 2572 2209 σφοδροτάτοις
2611 2139 2852 2211 παλμοῖς
2903 2139 3266 2213 ἐξαλλόμενον
3312 2143 3409 2195 τὸν
3448 2143 3615 2212 ἄνδρα
3655 2143 3734 2196 δει-

2170 2232 2326 2297 κνὺς,
2358 2231 2497 2302 πρὸς
2521 2231 2614 2286 τὸν
2646 2232 2922 2306 μακάριον
2951 2231 3167 2301 ἔλεγεν.
3217 2232 3277 2286 '0
3306 2233 3366 2287 δὲ
3389 2232 3488 2286 τοῦ
3517 2232 3641 2286 Θεοῦ
3674 2233 3735 2286 θε-

2175 2323 2368 2396 ράπων
2404 2325 2710 2393 Πατάπιος,
2756 2325 2837 2396 τῷ
2869 2325 3125 2398 δακτύλῳ
3150 2325 3246 2381 τοῦ
3280 2327 3527 2398 σταυροῦ
3551 2328 3637 2380 τὸν
3670 2326 3730 2380 τύ·

2173 2435 2274 2471 πον
2306 2418 2688 2489 ἀερόγραπτον
2737 2419 3135 2490 ποιησάμενος,
3187 2422 3345 2491 φωνῇ
3402 2421 3604 2491 πραείᾳ
3633 2419 3729 2486 πρὸς

2171 2509 2337 2563 αὐτὸν
2391 2510 2709 2579 διελέγετο·
2758 2510 2989 2583 Πνεῦμα
3027 2511 3274 2583 πονηρὸν
3311 2511 3416 2565 καὶ
3440 2512 3729 2584 ἀκάθαρτον,

2169 2599 2355 2665 ἔξελθε
2387 2600 2451 2653 ὲκ
2495 2600 2592 2654 τοῦ
2641 2603 2763 2656 κατ’
2804 2603 2996 2657 εἰκόνα
3025 2602 3352 2668 κτισθέντος
3386 2604 3485 2657 τοῦ
3537 2606 3732 2659 Κτίσαν‹

2167 2708 2278 2755 τος.
2320 2691 2502 2757 Ἐξιθι
2526 2694 2624 2747 καὶ
2657 2693 2932 2766 ἀπόδραθι
2962 2694 3094 2750 ἔνθα
3133 2712 3195 2750 σε
3225 2697 3473 2767 Χριστὸς
3497 2697 3628 2769 μετὰ
3654 2697 3731 2748 τῶν

2166 2784 2372 2853 ὁμοίων
2405 2786 2755 2856 κατέκρινεν.
2797 2786 2975 2852 Αὐτὸς
3003 2788 3032 2842 6
3068 2787 3423 2859 Ναζωραῖος,
3457 2788 3517 2843 ὃν
3546 2791 3606 2843 σὺ
3632 2790 3727 2859 Χρι-

2168 2875 2293 2929 στὸν
2322 2876 2423 2948 οὐχ
2464 2876 2608 2931 ἑκὼν
2651 2878 3148 2953 καθωμολόγησας,
3200 2880 3371 2946 αὑτός
3402 2898 3465 2935 σε
3519 2881 3584 2936 δι’
3625 2879 3726 2951 ἐμοῦ

2164 2966 2243 3038 τῷ
2272 2968 2495 3041 σταυρῷ
2523 2971 2801 3042 τυπήσας,
2851 2971 3131 3045 ἐξόριστον
3162 2974 3431 3044 γενέσθαι
3471 2978 3731 3049 προστέταο

2163 3077 2278 3131 χεν.
2306 3061 2483 3126 Αὐτός
2526 3078 2586 3115 σε
2616 3062 2826 3131 διώκει,
2864 3065 3153 3132 πανάθλιε,
3201 3067 3303 3121 καὶ
3339 3068 3635 3123 ἀπελαύνει
3675 3066 3730 3137 μὴ

2165 3152 2418 3210 θέλοντα.
2455 3153 2628 3208 Τοῦτο
2651 3157 2929 3227 φήσαντος
2960 3156 3059 3212 τοῦ
3087 3158 3329 3224 δικαίου,
3361 3161 3635 3234 ὲσπάραξε
3664 3158 3732 3211 τὸν

469 3264 612 3318 furia
646 3264 702 3318 in
738 3278 920 3318 aerem
954 3279 1016 3319 se
1057 3262 1364 3319 verticibus
1418 3262 1765 3318 attollentem
1797 3261 2053 3333 aufugit;

2169 3244 2385 3300 νεανίαν
2431 3245 2494 3299 τὸ
2533 3248 2773 3318 πνεῦμα,
2819 3248 2920 3302 καὶ
2966 3247 3193 3321 ἔρρηξε,
3246 3251 3347 3304 καὶ
3382 3250 3603 3322 ἐξῆλθεν
3629 3250 3731 3303 ὡσεὶ

466 3358 745 3428 coepitque
796 3357 961 3412 verba
1008 3357 1350 3427 cjuscemodi
1397 3357 1645 3412 clamore
1692 3356 1747 3411 in
1802 3363 2059 3411 sanctum

459 3453 676 3521 jactare
708 3447 905 3504 :Haud
934 3449 1095 3520 plane
1126 3465 1214 3505 me
1238 3448 1479 3513 latuisti,
1511 3446 1730 3518 Patapi.
1763 3444 1882 3501 Non
1907 3446 2057 3502 enim

464 3550 519 3595 te
556 3539 784 3612 fugante
860 3539 1044 3608 abeo,
1102 3539 1201 3596 sed
1253 3539 1482 3596 Christo
1528 3541 1690 3613 cujus
1740 3540 2057 3596 ministrum

464 3631 606 3700 agis.
641 3631 737 3685 Ille
775 3646 861 3686 me
900 3630 1130 3687 humilis
1181 3630 1364 3687 factus
1411 3630 1678 3697 nudavit;
1705 3631 1887 3701 ipsum
1914 3632 2061 3688 veri-

466 3736 556 3778 tus
595 3723 813 3779 recedo.
840 3722 1015 3780 Porro
1037 3724 1475 3789 adolescentior,
1506 3724 1655 3780 velut
1691 3724 1747 3780 in
1781 3741 1843 3782 se
1870 3740 2059 3782 rever-

463 3832 594 3878 sus,
650 3816 952 3871 confestim
1012 3817 1295 3885 surrexit,
1360 3817 1769 3886 advolutusque
1826 3818 1892 3873 ad
1957 3817 2060 3873 viri

465 3908 642 3963 sancti
677 3908 862 3975 pedes,
916 3907 1045 3963 fletu
1082 3910 1292 3980 gratias
1326 3911 1462 3980 egit,
1501 3910 1755 3982 dixitque
1791 3928 1803 3965 :
1839 3908 2060 3967 Gratias

465 4003 585 4068 tibi,
605 4018 767 4058 serve
791 4001 890 4057 Dei
922 4004 1204 4069 altissimi,
1231 4003 1455 4075 Patapi,
1480 4005 1627 4076 quod
1658 4021 1746 4060 me
1777 4005 2057 4072 Christus,

465 4094 718 4155 medicus
744 4096 838 4153 ille
867 4096 1242 4166 inﬁrmorum,
1271 4113 1370 4168 per
1395 4105 1447 4154 te
1472 4100 1774 4154 curaverit.
1799 4097 1903 4155 Ubi
1927 4114 2059 4171 ergo

463 4191 660 4247 beatus
706 4193 791 4247 vir
838 4191 965 4263 ejus
1012 4191 1253 4246 frontem
1298 4191 1472 4260 digito
1530 4192 1939 4262 consignasset,
1991 4191 2059 4247 ad

462 4288 687 4356 propria
735 4286 954 4341 dimisit
1018 4283 1353 4356 gaudentem
1389 4299 1455 4339 ac
1500 4285 1820 4340 laudantem
1858 4282 2057 4352 Deum,

461 4397 695 4451 eumque
722 4378 1157 4448 glorificantem,
1216 4378 1310 4448 qui
1365 4378 1628 4433 omnibus
1663 4377 1874 4435 sanctis
1912 4378 2056 4443 suis,

461 4471 604 4539 largo
641 4476 828 4528 lrilmit
859 4489 973 4543 quo
1006 4473 1216 4528 morbis
1253 4471 1602 4526 medeantur.

633 4743 706 4797 De
733 4755 932 4799 sanata
965 4745 1167 4812 [entina
1192 4760 1308 4815 qua:
1345 4759 1582 4798 mamma
1605 4739 1913 4797 laborabat.

484 4892 489 4897 ~
530 4859 705 4914 Nobis
749 4861 937 4930 itaque
983 4860 1038 4913 in
1096 4857 1337 4913 medium
1385 4855 1651 4928 procedat
1682 4856 1889 4911 mulier
1922 4854 2053 4909 olim

461 4952 655 5008 aﬂ'ecta
693 4966 972 5015 mamma;
1016 4966 1143 5021 quae
1184 4966 1245 5004 se
1292 4948 1524 5004 medicis
1573 4946 1760 5003 ubivis
1802 4945 2050 5016 gentium

460 5046 865 5108 occurrissent,
927 5041 1322 5114 recuperandae
1371 5041 1630 5096 sanitatis
1683 5038 1881 5110 gratia,
1938 5048 2053 5090 tra-

460 5141 618 5206 dens,
661 5140 779 5195 suis
814 5139 992 5209 ipsius
1037 5138 1403 5195 facultatibus
1436 5137 1739 5205 insumptis
1770 5134 1906 5189 nihil
1931 5135 2056 5189 inde

460 5234 527 5289 ad
589 5233 765 5289 morbi
832 5232 1080 5288 levamen
1141 5237 1554 5300 comparasset.
1603 5227 1732 5284 llaec
1775 5243 2052 5292 mammae,

460 5335 624 5382 enato
654 5326 720 5380 ad
756 5325 1019 5396 papillam
1060 5338 1289 5387 cancro,
1326 5338 1389 5379 ac
1414 5323 1529 5391 jam
1567 5322 1685 5378 fere
1732 5316 1850 5378 toto
1882 5338 2053 5379 exeso

461 5419 729 5481 membro,
751 5412 1430 5474 acerbissimisdoloribus
1456 5416 1799 5485 implicatur.
1821 5415 2050 5471 Multum

459 5525 594 5582 ergo
616 5509 982 5566 excruciante
1014 5510 1231 5575 morbo,
1259 5507 1491 5578 diroque
1526 5509 1884 5573 absumente,
1912 5512 2053 5565 nihil

462 5605 791 5662 occurrebat
847 5604 995 5675 quod
1050 5605 1315 5659 solatium
1370 5604 1615 5659 afferret.
1671 5605 1902 5676 Demnm
1960 5606 2052 5660 ubi

2161 3337 2371 3400 καπνὸς
2398 3338 2464 3391 ὲκ
2495 3337 2595 3392 τοῦ
2625 3338 2924 3410 στόματος,
2963 3341 3063 3395 καὶ
3106 3341 3302 3414 ὥσπερ
3331 3361 3422 3408 τις
3446 3344 3647 3416 ὲριννὺς
3672 3343 3731 3403 εἰς

2159 3428 2251 3482 τὸν
2284 3428 2427 3500 ἀέρα
2474 3430 2892 3504 κορυφούμενον
2928 3433 3307 3506 ἀπεδίδρασκε
3332 3475 3349 3500 ,
3406 3437 3503 3489 καὶ
3544 3434 3729 3489 τοιαῦτα

2163 3518 2293 3590 βοᾷν
2328 3520 2467 3593 πρὸς
2491 3522 2584 3575 τὸν
2618 3522 2768 3577 ὅσιον
2801 3523 3039 3596 ἤρξατο·
3078 3524 3292 3589 Ὄντως
3315 3526 3423 3580 οὐκ
3444 3524 3628 3587 ἔλαθές
3661 3537 3728 3594 με.

2162 3612 2437 3669 Πατάπιε.
2473 3614 2550 3667 Οὐ
2585 3615 2698 3687 γὰρ
2733 3611 2789 3669 εἴ
2821 3618 2890 3671 σὺ
2917 3617 2947 3671 6
2969 3615 3186 3672 διώκων
3218 3634 3310 3689 με,
3337 3617 3461 3672 ἀλλ’
3487 3620 3516 3672 6
3538 3615 3635 3671 ὑπὸ
3661 3611 3728 3668 σοῦ

2160 3703 2659 3777 λειτουργούμενος
2708 3708 2967 3780 Χριστός.
3011 3709 3255 3774 Ἐκεῖνός
3294 3727 3367 3782 με
3421 3707 3731 3766 ταπεινώσας

2160 3796 2474 3869 ἐγύμνωσε,
2509 3800 2766 3856 κάκεῖνον
2832 3802 3109 3873 ὑποχωρῶ
3152 3803 3556 3876 δεδιττόμενος.
3601 3803 3652 3855 '0
3689 3798 3731 3851 δὲ

2160 3889 2452 3964 νεώτερος,
2477 3892 2629 3947 ὥσπε
2638 3911 2671 3966 ρ
2698 3895 2779 3960 εἰς
2802 3895 2998 3949 ἑαυτὸν
3025 3895 3219 3962 ἐλθὼν,
3243 3898 3450 3969 ἀνέστη
3472 3894 3727 3970 δρομαίωςι

2163 3985 2261 4039 καὶ
2289 3985 2419 4040 ποσὶ
2446 3986 2541 4040 τοῦ
2588 3987 2739 4042 ὁσίου
2788 3989 3140 4061 προσέπιπτε
3166 4007 3181 4021 ·
3223 3991 3323 4045 καὶ
3367 3991 3571 4045 κλαίων
3596 3988 3730 4059 ηὑχα·

2163 4077 2359 4149 ρίστει,
2394 4080 2491 4134 καὶ
2521 4080 2710 4150 ἔλεγεν
2735 4097 2751 4112 ο
2793 4082 3123 4154 Εὐχαριστῶ
3156 4099 3261 4150 σοι,
3301 4082 3463 4137 δοῦλε
3497 4080 3591 4135 τοῦ
3619 4074 3730 4132 Θεοῦ

2161 4171 2257 4225 τοῦ
2292 4171 2524 4243 ὑψίστου
2557 4174 2833 4241 Πατάπιε,
2870 4176 2955 4230 ὅτι
2984 4194 3052 4247 με
3085 4179 3115 4231 6
3145 4176 3387 4249 Χριστὸς
3416 4178 3447 4231 6
3477 4176 3583 4230 τῶν
3607 4170 3753 4237 ἀσθεί

2162 4265 2402 4320 νούντων
2463 4266 2670 4338 ἰατρὸς,
2718 4267 2811 4321 διὰ
2876 4266 2971 4322 σοῦ
3029 4268 3397 4341 ἐθεράπευσε.
3450 4263 3728 4339 Σφραγίσας

2161 4353 2256 4413 οὖν
2309 4358 2481 4413 αὐτοῦ
2534 4362 2562 4414 6
2604 4360 2882 4432 μακάριος
2933 4360 3013 4433 τῷ
3068 4362 3326 4434 δακτύλῳ
3372 4362 3436 4417 τὸ
3487 4362 3727 4433 μέτωπον,

2162 4450 2442 4506 ἀπέλυσεν
2487 4453 2569 4517 εἰς
2613 4451 2683 4505 τὰ
2726 4452 2855 4518 ίδια,
2916 4453 3189 4525 χαίροντα
3238 4456 3340 4508 καὶ
3374 4452 3621 4508 αἰνοῦντα
3658 4446 3729 4499 τὸν

2162 4542 2321 4608 Θεὸν,
2357 4545 2453 4597 καὶ
2486 4543 2805 4612 δοξάζοντα,
2837 4543 2932 4599 τὸν
2962 4547 3134 4600 πᾶσιν
3164 4546 3422 4616 ἀφθόνως
3443 4546 3556 4609 τοῖς
3584 4539 3728 4609 ἁγίοις

2164 4636 2332 4691 αὑτοῦ
2357 4637 2675 4710 παρέχοντα
2701 4636 2814 4692 τῶν
2840 4637 3034 4695 παθῶν
3067 4640 3298 4709 ἰάματα.

2181 4819 2200 4829 ἢ
2260 4753 2404 4820 Περί
2443 4751 2554 4825 τῆς
2584 4752 2805 4822 ἰάσεως
2833 4751 2947 4825 τῆς
2984 4755 3094 4809 τόν
3125 4753 3317 4825 μαζὸν
3343 4751 3660 4823 συνούσης·

2244 4864 2491 4933 ’Δγέσθω
2536 4866 2718 4923 τοίνυν
2756 4868 2840 4931 εἰς
2873 4867 3043 4939 μέσον
3080 4868 3234 4938 ἡμῖν,
3268 4867 3302 4939 ἡ
3347 4867 3440 4920 τὸν
3493 4858 3651 4934 μαζδν
3678 4855 3725 4904 ἐκ

2159 4957 2371 5027 χρόνων
2397 4957 2714 5029 ἀλγήσασαν
2752 4960 2850 5013 καὶ
2876 4960 3133 5031 πανταχῆ
3176 4960 3372 5014 παισὶν
3400 4956 3596 5028 ἰατρῶν
3622 4955 3723 5006 ἑαυ-

2159 5047 2259 5119 τὴν
2286 5049 2522 5103 ὲκδοῦσα
2550 5051 2619 5105 δι’
2648 5052 2865 5119 ἄκεσιν,
2915 5052 3012 5108 καὶ
3050 5054 3121 5107 τὰ
3157 5054 3360 5122 ἑαυτῆς
3405 5047 3723 5106 ἀναλώσασα,

2166 5141 2339 5212 μηδὲν
2367 5141 2426 5196 δὲ
2454 5145 2555 5214 τῆς
2603 5144 2762 5198 νόσου
2794 5145 3148 5217 πορισαμένη
3187 5144 3326 5217 πρὸς
3370 5143 3573 5213 ὄνησιν.
3606 5129 3720 5189 Tati-

2159 5251 2262 5306 της
2301 5236 2568 5308 καρκίνου
2597 5237 2677 5307 τῷ
2701 5236 2860 5308 μοιζῷ
2891 5237 3037 5294 κατὰ
3064 5238 3166 5310 τῆς
3200 5237 3373 5309 θηλῆς
3400 5232 3719 5303 ἐκφύσαντοςν

2161 5330 2258 5385 καὶ
2298 5331 2444 5385 ἅπαν
2502 5332 2601 5403 ἤδη
2654 5331 2716 5385 τὸ
2769 5331 2962 5403 μόριον
3012 5330 3199 5402 σχεδὸν
3258 5326 3646 5396 καταδάψαντος
3670 5314 3716 5373 ¹³ι

2158 5425 2526 5496 δριμυτάταις
2551 5425 2850 5498 ἀλγηδόσιν
2901 5424 3173 5495 ἐμπίπτει
3222 5422 3286 5477 τὸ
3345 5421 3578 5506 γύναιον,
3621 5403 3715 5506 Ἐῗῖ

2164 5514 2300 5569 πολὺ
2328 5512 2423 5569 οὖν
2454 5517 2560 5571 ὑπὸ
2589 5516 2687 5570 τοῦ
2729 5515 2943 5580 πάθους
2983 5517 3332 5589 σμυχόμενον
3366 5513 3455 5567 καὶ
3503 5504 3712 5579 χαλεπέυί

2162 5609 2548 5681 ἁλισκόμενον,
2579 5610 2746 5665 τόπον
2770 5612 3125 5682 παρηγορίας
3159 5610 3259 5680 οὐχ
3291 5607 3527 5679 εὕρισκε.
3557 5592 3711 5651 T906-

1759 5768 1994 5824 VAlil/i’.
2031 5770 2433 5827 LECTIONlTS.

536 5865 575 5893 ⁸³
605 5863 693 5917 ἴον.
734 5861 1156 5933 καταόἠξαντος.
