3950 6510
302 415 437 480 1229

1600 410 1679 468 ὶΝ
1722 410 1782 469 S.
1828 408 2239 469 PATAPIUM.

3437 415 3567 483 120

297 529 429 598 περὶ
456 528 551 581 τοῦ
586 526 863 597 μακαρίου
896 523 1201 587 ἀκούσασα,
1242 522 1516 592 δρομαίως
1548 523 1686 592 πρὸς
1716 521 1879 576 αὑτὸν

2009 523 2049 577 ιιι
2083 538 2203 578 eam
2234 524 2335 577 viri
2384 526 2531 582 beati
2585 526 2730 584 {ulna
2763 528 3216 600 percrebuisset,
3262 529 3463 586 festina
3498 536 3569 587 ad

297 618 686 689 παραγίνεται,
736 618 830 670 καὶ
877 618 992 679 τοῖς
1047 613 1174 668 ποσί
1220 612 1319 684 τὴν
1377 612 1623 683 κεφαλὴν
1672 612 1878 666 ὑποκύ-

1989 630 2115 669 eum
2141 616 2310 681 venit,
2334 627 2613 689 caputque
2645 621 2922 679 inclinans
2952 622 3075 692 ejus
3108 621 3366 693 pedibus,
3392 639 3568 694 genua

298 726 531 775 πτουσα,
570 709 679 762 τῶν
709 709 950 776 γονάτων
977 707 1276 776 ἐφήπτετο,
1323 704 1419 758 καὶ
1442 704 1623 758 τοιάδε
1673 703 1883 775 γοερῶς

2009 708 2373 776 ipprehendit,
2403 726 2469 765 ac
2505 702 2938 770 lamentabiliter
2959 716 3304 786 supplicans,
3333 717 3389 770 in
3426 717 3571 772 hunc

298 801 683 867 ἅντιϐολοῦσα,
732 801 1020 871 ἐδυσφόρει
1057 798 1152 852 καὶ
1182 796 1341 865 ἔλεγε
1364 810 1379 824 ·
1431 794 1597 848 Δοῦλε
1627 797 1722 848 τοῦ
1745 794 1882 848 Θεοῦ

298 893 410 947 τῶν
437 893 598 956 ὅλων,
633 893 907 954 Πατάπιε,
934 890 1085 944 ἰασαί
1117 906 1184 958 με
1205 889 1305 960 τὴν
1332 889 1615 957 δύστηνον,
1647 888 1744 959 τὴν
1783 888 1886 941 πά-

303 1003 404 1056 σης
461 985 668 1057 ἔρημον
707 983 982 1055 βοηθείας.
1031 983 1184 1037 Δίδου
1241 981 1415 1053 δῶρον
1461 982 1522 1034 τὸ
1568 982 1881 1050 φάρμακον.

302 1078 474 1132 Οὐδέν
497 1095 586 1148 μοι
612 1077 722 1146 γὰρ
750 1076 1163 1132 ὑπολέλειπται.
1183 1076 1371 1129 Πάντα
1397 1077 1475 1138 εἰς
1506 1075 1726 1144 ἰατροὺς
1748 1090 1885 1127 κατ-

303 1170 580 1241 ηνάλωσα,
611 1169 776 1237 ἄλγος
817 1168 1017 1239 μᾶλλον
1047 1168 1080 1237 ἢ
1118 1168 1411 1239 φάρμακον
1462 1165 1884 1234 ὲγκολπὼσασα.

302 1261 668 1332 Μεμνημένος
688 1256 781 1314 οὖν
809 1259 905 1313 τοῦ
931 1260 1138 1331 Κυρίου
1168 1260 1439 1327 λέγοντος·
1479 1278 1498 1310 ‹
1525 1258 1744 1329 Δωρεὰν
1767 1256 1889 1310 tm-

307 1354 455 1417 ϐετε,
484 1354 696 1425 δωρεὰν
730 1352 872 1418 δότε,
913 1370 933 1404 ι
987 1351 1139 1406 ίασαί
1174 1370 1263 1423 με,
1286 1354 1387 1423 τὴν
1410 1353 1608 1414 διττοίς
1661 1351 1886 1403 ὑποκει-

310 1447 483 1517 μένην
513 1446 731 1499 ἕλκεσιν
753 1462 766 1477 ·
801 1444 1088 1516 ἀρρωστία
1123 1445 1217 1498 καὶ
1247 1444 1436 1515 πενίᾳ.
1467 1444 1559 1497 Διὸ
1583 1441 1781 1512 διπλῆν
1808 1442 1893 1494 αἰ-

304 1537 386 1591 τῶ
414 1538 515 1608 τήν
545 1537 817 1590 ἀντίδοσιν
841 1552 855 1568 ο
893 1535 1342 1606 ἀλεξιφάρμακον
1387 1538 1530 1589 ἴασιν
1553 1573 1567 1598 ,
1615 1533 1711 1587 καί
1746 1531 1892 1585 δόσιν

307 1632 644 1703 ἀνάργυρον.
694 1628 852 1683 Οὕτω
892 1628 1003 1699 γάρ
1035 1645 1121 1682 σοι
1164 1628 1376 1683 κελεύει
1402 1627 1602 1682 διδόναι
1629 1626 1689 1680 τὸ
1731 1626 1892 1697 χάρι-

309 1742 448 1797 σμα,
483 1723 581 1777 καὶ
606 1721 750 1776 οὕτω
800 1738 867 1793 με
899 1720 1200 1792 λαμϐάνειν
1236 1719 1701 1789 παρακελεύεται.
1746 1715 1807 1769 Ὀ
1837 1715 1895 1769 δὲ

310 1817 608 1888 μακάριος,
638 1814 831 1886 ὥσπερ
880 1813 1222 1883 κατελεήσας
1271 1811 1463 1882 αὐτὴν,
1513 1808 1850 1881 ἀπεκρίνατο
1878 1823 1892 1838 ⁸

1992 800 2207 851 modum
2247 800 2506 867 quiritari
2540 807 2728 876 οωρίι,
2764 822 2827 860 ac
2856 807 3045 862 dicere
3084 827 3097 861 :
3128 807 3222 863 Dei
3279 808 3569 864 universo-

1994 906 2115 944 rum
2151 908 2331 957 serve,
2354 892 2567 966 Patapi,
2604 912 2739 951 sana
2778 915 2864 954 me
2894 899 3150 955 miseram
3175 941 3189 967 ,
3222 903 3371 955 omni
3416 902 3577 970 plant:

1993 985 2204 1038 auxilio
2235 985 2581 1042 destitutam.
2622 988 2810 1045 Gratis
2844 992 3028 1062 prwbe
3060 993 3388 1046 remedium.
3431 993 3574 1047 Nihil

1993 1076 2267 1146 siquidem
2308 1078 2583 1149 reliquum
2619 1091 2725 1136 est.
2759 1081 2955 1137 Omnia
3000 1084 3269 1154 insumpsi
3313 1086 3366 1140 in
3404 1087 3577 1141 medi-

1994 1180 2115 1231 cos,
2150 1167 2340 1224 dolore
2371 1171 2558 1239 potius
2607 1174 2733 1227 sinu
2768 1176 3003 1228 collecto
3031 1214 3044 1239 ,
3099 1193 3260 1243 quam
3314 1177 3575 1232 remedio.

1997 1256 2204 1313 Memor
2264 1260 2439 1331 igitur
2475 1260 2693 1316 Domini
2728 1264 2970 1319 dicentis
3000 1284 3012 1318 :
3067 1284 3086 1317 ι
3123 1266 3310 1321 Gratis
3360 1268 3583 1337 accepi-

1996 1350 2119 1415 stis,
2144 1352 2320 1421 gratis
2342 1353 2549 1420 datel;
2583 1374 2600 1406 ι
2629 1371 2761 1410 sana
2808 1357 3011 1426 duplici
3044 1358 3215 1413 ulceri
3243 1358 3534 1415 obnoxiam
3560 1399 3575 1422 ,

1996 1443 2338 1512 aegritudini,
2407 1445 2657 1515 inquam.
2713 1454 2767 1501 ct
2824 1450 3165 1519 paupertati.
3203 1449 3580 1516 Quamobrem

1999 1547 2131 1603 rogo
2183 1534 2459 1604 duplicem
2524 1539 2972 1604 retributionem,
3024 1540 3287 1595 nimirutn
3341 1543 3585 1598 medica-

2002 1635 2247 1679 mentum
2285 1628 2432 1696 quod
2469 1630 2720 1683 morbum
2751 1631 3013 1699 depellat,
3045 1632 3438 1701 dationemque
3462 1649 3589 1704 pre—

2003 1717 2081 1770 tio
2114 1718 2364 1772 liberam.
2408 1717 2499 1773 Sic
2530 1721 2677 1774 enim
2712 1722 2804 1776 illc
2847 1725 3099 1794 przecipit
3132 1731 3190 1778 ut
3218 1724 3316 1780 des
3361 1741 3584 1787 munus.

2005 1809 2368 1881 hortaturque
2411 1819 2465 1865 ct
2498 1823 2689 1868 monet
2723 1824 2779 1867 ut
2823 1830 2892 1869 eo
2938 1816 3103 1870 modo
3138 1816 3259 1886 ipsa
3291 1818 3586 1886 accipiam.

309 1910 375 1962 Εἰ
401 1907 685 1971 πιστεύεις
720 1906 801 1977 τῷ
841 1908 944 1976 τὴν
972 1904 1224 1971 ἐξουσίαν
1266 1905 1464 1977 ἔχοντι,
1500 1903 1641 1967 ἕξεις
1672 1900 1766 1956 τοῦ
1804 1900 1903 1955 πό-

2009 1899 2076 1952 At
2123 1899 2208 1953 vir
2251 1899 2471 1965 beatus,
2515 1903 2831 1959 miserantis
2860 1906 3052 1976 specie
3090 1924 3103 1961 :
3146 1906 3204 1959 Si
3236 1907 3457 1972 credis,
3508 1909 3592 1962 in-

307 2000 405 2055 θου
436 2001 497 2053 τὸ
522 1999 719 2070 πέρας.
750 1998 810 2051 Et
842 1998 1026 2052 πίστιν
1048 1997 1197 2068 ἔχεις
1223 1996 1497 2067 εἰλικρινῆ
1526 1995 1621 2049 καὶ
1635 1993 1901 2059 διάθεσιν,

306 2092 408 2165 ἔσῃ
440 2093 607 2164 ὑγιὴς
635 2092 730 2146 καὶ
756 2091 1083 2161 ἀνάλγητος.
1129 2091 1193 2144 'H
1230 2089 1290 2143 δὲ
1313 2088 1585 2160 ταυρηδὸν
1626 2088 1776 2154 ἐϐόα,
1808 2088 1905 2141 καὶ

308 2185 467 2254 ἔλεγε
490 2201 503 2214 ·
560 2185 750 2239 Πίστει
809 2184 1219 2256 προσέρχομαι,
1249 2183 1525 2237 δέσποτα·
1583 2183 1765 2235 πίστει
1801 2179 1904 2252 τὴν

313 2275 459 2329 ἴασιν
498 2274 800 2345 κομίσομαι
827 2290 841 2304 °
890 2275 964 2346 μή
1008 2270 1104 2328 οὖν
1149 2273 1566 2346 ἀποστραφείην
1599 2276 1633 2344 ή
1673 2273 1906 2328 τάλαινα

317 2366 396 2438 μὴ
424 2366 666 2420 λαϐοῦσα
694 2366 791 2420 τοῦ
822 2366 1019 2431 ἕλκους
1050 2367 1150 2438 τὴν
1184 2368 1330 2422 ἴασιν
1355 2384 1370 2398 ·
1406 2368 1484 2439 μὴ
1520 2366 1683 2421 πάλιν
1720 2366 1905 2421 οἴκαδε

313 2464 407 2516 τὸν
441 2463 696 2530 καρκίνον
725 2460 1041 2532 κεκτημένη
1073 2460 1457 2535 πορεύσομαι·
1494 2460 1556 2512 ού
1599 2460 1710 2531 γὰρ
1745 2459 1904 2531 φέρω

314 2553 414 2616 τὰς
460 2552 782 2623 ἀλγηδόνας.
836 2552 913 2605 Οὐ
962 2553 1143 2620 στέγω
1180 2553 1310 2616 τοὺς
1360 2553 1690 2622 αἰκισμούςο
1744 2551 1907 2623 μέχρι

311 2645 511 2715 βάθους
542 2645 771 2717 καρδίας
800 2645 1108 2717 σπαράττει
1138 2663 1206 2716 με
1228 2660 1244 2677 ⁶
1275 2645 1448 2716 αὐτήν
1476 2662 1579 2716 μου
1609 2645 1709 2716 τὴν
1729 2645 1907 2717 ψυχὴν

306 2742 536 2813 ἐκτήκει
563 2742 626 2795 τὸ
647 2740 864 2811 νόσημα
891 2755 904 2769 ·
935 2738 1072 2793 ἀλλὰ
1095 2738 1290 2809 δέομαί
1315 2755 1435 2805 σου,
1460 2738 1682 2809 ἐλέησόν
1713 2754 1782 2807 με
1808 2738 1909 2808 τὴν

308 2833 528 2889 ἀθλίαν.
571 2831 628 2885 '0
649 2832 707 2884 δὲ
739 2830 1017 2901 ῥαγδαίως
1041 2829 1213 2899 αὐτὴν
1248 2828 1355 2882 ὑπὸ
1378 2828 1474 2882 τοῦ
1510 2830 1716 2891 πάθους
1743 2828 1909 2896 ἀλγυ-

308 2925 552 2994 νομένην
602 2920 887 2990 ἑωρακὼς,
936 2921 1246 2992 ἐπέτρεπεν
1281 2919 1646 2974 ἐπιδεικνύειν
1679 2921 1772 2973 τόν
1814 2919 1907 2972 τό-

306 3033 416 3070 πον
452 3013 549 3068 τοῦ
578 3014 910 3084 νοσήματος.
952 3012 1067 3066 Καὶ
1103 3012 1169 3083 δὴ
1215 3012 1316 3082 τὴν
1355 3012 1521 3081 ἁγίαν
1550 3011 1717 3066 αὑτοῦ
1747 3014 1908 3083 χεῖρα

308 3106 524 3169 ἐπιθεὶς
554 3106 633 3175 τῷ
664 3104 843 3175 μαζῷ,
890 3103 987 3157 καὶ
1039 3103 1141 3173 τὴν
1187 3102 1466 3173 σφραγίδα
1509 3100 1604 3154 τοῦ
1664 3100 1906 3171 σταυροῦ

310 3198 711 3268 ποιησάμενος,
740 3196 872 3250 ἔνθα
905 3194 1001 3248 τοῦ
1040 3194 1303 3266 καρκίνου
1328 3194 1390 3247 τὸ
1417 3192 1593 3256 πάθος
1619 3195 1904 3264 ἐτύγχανε,

309 3293 452 3361 φησί
500 3281 636 3361 πρὸς
680 3291 851 3359 αὐτὴν
877 3305 889 3318 ·
934 3289 994 3340 '0
1019 3287 1173 3350 Θεὸς.
1215 3280 1261 3341 ὦ
1311 3286 1499 3355 γῦναι,
1526 3287 1606 3351 εἰς
1639 3287 1698 3340 όν
1727 3289 1790 3340 σὺ
1820 3305 1912 3340 πι-

311 3382 595 3436 στεύσασα
646 3383 785 3451 πρὸς
830 3383 982 3451 ήμᾶς
1017 3379 1428 3451 παραγέγονας,
1460 3379 1628 3443 αὑτός
1676 3396 1770 3433 σου
1811 3380 1910 3451 τὴν

310 3480 508 3532 πίστιν
561 3476 897 3548 δεξάμενος,
949 3475 1350 3546 ἀνταμείψεται
1401 3474 1496 3529 τοῦ
1554 3475 1761 3539 πάθους
1811 3476 1911 3546 τὴν

314 3571 469 3625 ἴασιν
498 3586 511 3600 ⁶
546 3572 581 3641 ή
634 3571 734 3640 μὲν
762 3570 873 3640 γὰρ
907 3568 1093 3631 πίστις
1122 3586 1240 3632 σου,
1266 3568 1518 3640 τολμηρά
1543 3585 1604 3621 τε
1638 3569 1733 3622 καὶ
1759 3568 1913 3634 ζέου-

313 3678 410 3715 ca:
427 3662 488 3714 τὸ
517 3660 575 3714 δὲ
602 3646 796 3726 πάθος,
830 3660 1072 3730 χαλεπόν
1100 3676 1160 3711 τε
1177 3659 1280 3712 καί
1306 3658 1581 3712 δυσίατον.
1624 3658 1769 3711 Ἀλλ’
1801 3676 1820 3708 t
1845 3658 1911 3711 Ἦ

312 3755 506 3816 πίστις
539 3770 634 3807 σου
668 3751 881 3806 σέσωκέ
914 3768 998 3815 σε,
1045 3751 1285 3824 πορεύου
1319 3752 1401 3815 εἰς
1444 3751 1693 3821 εἰρήνην.
1727 3770 1745 3802 ι
1799 3751 1911 3804 Καὶ

314 3845 567 3917 ἀπῆλθεν
598 3848 630 3915 ή
659 3845 824 3914 γυνὴ,
851 3845 981 3915 ὑγιῆ
1014 3844 1255 3898 λαϐοῦσα
1276 3844 1370 3898 τὸν
1407 3842 1580 3913 μαζὸν
1620 3843 1715 3895 καὶ
1746 3843 1910 3897 ἀνάλ-

314 3956 509 4010 γητον,
548 3937 851 4004 δοξάζουσα
887 3939 980 3991 τὸν
1012 3936 1170 4003 Θεὸν,
1200 3937 1294 3991 τὸν
1335 3938 1424 3990 ἀεὶ
1449 3936 1768 4007 παρέχοντα
1797 3938 1909 4000 τοῖς

314 4030 499 4101 ἁγίοις
525 4030 636 4084 τῶν
662 4031 910 4101 ἰαμάτων
937 4031 1035 4100 τὴν
1069 4030 1328 4100 δύναμιν.
1597 4050 1604 4059 ·

390 4208 581 4264 Ταῦτα
606 4205 705 4262 τοῦ
748 4206 905 4276 ἁγίου
952 4205 1237 4259 Παταπίου
1291 4203 1361 4257 τὰ
1408 4203 1688 4273 θαύματα.
1722 4202 1911 4257 Ταῦτα

315 4300 434 4354 τῶν
466 4302 680 4355 ἐκείνου
711 4300 893 4354 πόνων
927 4299 996 4353 τὰ
1036 4296 1275 4350 έπαθλα’
1311 4295 1449 4366 αὕτη
1487 4297 1520 4367 ή
1572 4296 1772 4367 μερικὴ
1799 4295 1910 4351 τῶν

316 4395 419 4449 ὑπ’
448 4392 613 4448 αὐτοῦ
639 4395 948 4463 γενομένων
980 4391 1285 4463 τεραστίων
1309 4390 1586 4460 διήγησις.
1616 4390 1912 4453 Τοιαύταις

314 4486 583 4556 ἀμοιϐαῖς
611 4486 738 4548 τοὺς
777 4482 974 4539 ἑαυτοῦ
1007 4481 1350 4553 θεράποντας
1378 4484 1407 4534 ὁ
1447 4480 1724 4550 Δεσπότης
1760 4481 1910 4549 cptio-

2004 1994 2147 2062 quit,
2172 1995 2223 2049 ei
2256 1995 2348 2063 qui
2391 1995 2554 2052 habet
2596 2006 2952 2068 potestatem,
2996 2001 3271 2055 intentum
3315 2000 3592 2057 desiderio

2006 2088 2168 2140 tinem
2201 2089 2584 2158 consequeris.
2619 2092 2674 2146 Si
2711 2091 2975 2148 habueris
3009 2093 3284 2149 sinceram
3326 2093 3489 2149 ﬁdem
3523 2109 3591 2148 ac

2005 2176 2344 2234 aﬂ'ectionem
2372 2222 2386 2247 ,
2422 2195 2556 2235 sana
2610 2183 2723 2239 eris
2760 2194 2814 2238 et
2848 2200 2876 2238 a
2909 2185 3105 2239 dolore
3151 2185 3436 2240 immttnis.
3493 2187 3590 2239 Illa

2004 2285 2139 2324 vero
2186 2271 2339 2325 velut
2389 2272 2531 2326 tauri
2584 2274 2805 2329 sublato
2851 2277 3062 2346 mugitu
3103 2277 3273 2330 altum
3319 2277 3588 2341 clamans,

2007 2363 2124 2417 ait:
2155 2361 2401 2420 Credens
2447 2367 2669 2430 accedo,
2716 2365 2976 2435 domine;
3012 2369 3115 2424 lide
3168 2369 3460 2424 sanitatem
3502 2385 3589 2424 re-

2008 2455 2278 2524 portabo;
2312 2471 2378 2511 ne
2418 2472 2551 2527 ergo
2585 2459 2787 2514 misera
2810 2500 2824 2526 ,
2857 2475 2967 2514 non
2994 2468 3192 2515 curato
3223 2462 3457 2517 vulnere
3506 2476 3593 2515 re-

2008 2547 2190 2614 diero;
2223 2563 2291 2603 ne
2316 2549 2520 2605 iterum
2554 2565 2766 2604 cancro
2795 2551 3059 2606 laborans
3091 2552 3319 2606 domum
3353 2554 3546 2608 ahiero
3574 2570 3591 2621 ;

2009 2655 2119 2694 non
2147 2642 2297 2695 enim
2335 2640 2454 2697 fero
2487 2643 2812 2709 cruciatus;
2869 2659 2983 2699 non
3044 2645 3300 2701 sustineo
3329 2660 3549 2716 poenam
3578 2665 3593 2715 ;

2009 2733 2076 2787 ad
2109 2748 2283 2804 usque
2318 2734 2486 2789 imum
2518 2751 2620 2790 cor
2647 2736 2953 2806 discerpit;
2986 2738 3159 2808 ipsam
3188 2739 3427 2793 animam
3448 2754 3598 2794 mor-

2008 2824 2062 2878 bi
2122 2825 2204 2879 vis
2236 2825 2499 2881 tabefacit
2533 2844 2547 2882 :
2584 2829 2682 2882 sed
2716 2845 2848 2899 rogo
2908 2837 2962 2883 te
2999 2838 3060 2884 ut
3113 2831 3438 2887 miserearis
3488 2833 3599 2888 mei

2010 2919 2243 2972 miserae.
2276 2916 2324 2972 ls
2355 2934 2542 2988 porro,
2601 2920 2692 2975 ubi
2741 2922 3064 2977 horribilius
3113 2923 3345 2979 vidisset
3401 2924 3600 2981 dolore

2005 3007 2335 3074 cruciatam,
2382 3009 2553 3077 jussit
2593 3020 2651 3063 ut
2689 3011 2869 3066 morbi
2918 3012 3100 3068 locum
3135 3013 3480 3070 ostenderet.
3516 3018 3609 3068 A6

2008 3112 2140 3153 vero
2182 3114 2337 3154 sacra
2370 3116 2535 3155 manu
2588 3118 2842 3175 matrima:
2874 3104 3154 3173 imposita,
3189 3109 3490 3176 crucisque
3523 3108 3601 3161 si-

2011 3191 2283 3260 gnaculo,
2344 3207 2450 3262 qua
2509 3204 2664 3262 parte
2709 3210 2914 3251 cancer
2958 3198 3249 3263 exedebat,
3306 3214 3599 3269 expresso,

2013 3284 2090 3336 ait
2116 3285 2183 3339 ad
2209 3298 2367 3338 eam:
2407 3283 2574 3351 Deus,
2632 3302 2665 3341 ο
2718 3288 2940 3354 mulier,
2984 3290 3041 3343 in
3077 3305 3239 3359 quem
3267 3291 3503 3346 credens
3531 3291 3601 3345 ad

2013 3391 2118 3432 nos
2164 3378 2401 3440 venisti,
2444 3379 2561 3448 ipse
2611 3387 2705 3433 tua
2745 3389 3003 3451 suscepta
3056 3381 3163 3438 lide
3219 3384 3602 3453 probataque,

2012 3485 2204 3525 sanam
2231 3473 2612 3543 sospitemque
2643 3488 2673 3527 a
2702 3475 2894 3529 morbo
2924 3475 3142 3531 elﬁciet.
3170 3475 3315 3532 Sane
3348 3476 3602 3547 quidem,

2011 3573 2100 3618 est
2141 3563 2276 3619 titles
2319 3575 2593 3635 praestans
2621 3580 3001 3637 accensaque,
3029 3577 3084 3621 at
3132 3569 3362 3626 morbus
3392 3572 3603 3640 gravis,

2011 3667 2069 3714 et
2094 3658 2333 3714 dillicilis
2385 3668 2582 3714 curatu
2612 3677 2626 3727 ;
2671 3660 2977 3725 enimvero,
3010 3680 3029 3714 ι
3067 3659 3234 3719 Fides
3268 3670 3360 3716 tua
3407 3672 3460 3718 te
3493 3664 3605 3717 sul-

2013 3767 2137 3808 vam
2181 3752 2348 3818 fecit;
2386 3753 2526 3808 vade
2558 3754 2615 3807 in
2648 3768 2782 3821 pace
2814 3762 2859 3807 ι.
2910 3772 2929 3805 ι
2968 3753 3232 3824 Ahiitque
3273 3756 3476 3811 mulier
3516 3771 3605 3807 re-

2008 3849 2176 3912 cepto
2215 3858 2358 3898 sano
2386 3844 2557 3898 ubere
2589 3857 2656 3897 ac
2684 3843 2880 3899 dolore
2930 3858 3132 3911 vacuo,
3175 3843 3346 3899 Deum
3388 3844 3605 3916 gloriﬁ-

2001 3949 2172 4001 cans,
2216 3937 2313 4005 qui
2362 3950 2583 4007 semper
2638 3936 2998 3993 sanationum
3061 3937 3334 3992 virtutem
3399 3938 3608 4008 praebet

2013 4029 2225 4084 sanctis
2255 4029 2402 4085 suis.

2084 4204 2163 4258 Ea
2195 4212 2327 4258 sunt
2350 4204 2533 4259 sancti
2565 4203 2783 4276 Patapii
2819 4206 3089 4262 miracula
3128 4223 3141 4261 :
3195 4206 3311 4262 hac
3350 4205 3604 4262 laborum

2013 4295 2137 4366 ejus
2176 4298 2424 4366 praemia.
2460 4296 2587 4352 Hzec
2626 4298 2695 4353 ab
2727 4314 2795 4353 eo
2842 4308 3189 4368 patratorum
3227 4297 3604 4368 prodigiorum
3652 4340 3655 4344 .

2015 4387 2377 4454 particularis
2437 4386 2710 4458 narratio.
2774 4389 2869 4443 Sic
2925 4386 3194 4443 Dominus
3257 4388 3435 4444 servis
3490 4388 3607 4443 suis

2014 4479 2309 4548 magniﬁce
2360 4480 2643 4540 retribuit.
2690 4499 2708 4533 t
2750 4479 2807 4535 Si
2853 4481 2990 4549 quid
3038 4481 3212 4545 enim,
3267 4480 3469 4549 inquit,
3510 4496 3609 4548 pe-

315 4581 582 4648 τιμεῖται.
631 4595 651 4629 t
687 4578 776 4630 Ἐν
823 4575 936 4645 γάρ
981 4573 1058 4644 τῷ
1103 4572 1330 4643 ὀνόματί
1363 4591 1488 4643 μου,
1541 4573 1727 4643 φησὶν,
1760 4573 1788 4625 ὃ
1815 4573 1905 4626 ἐὰν

2021 4570 2225 4629 tieritis
2254 4572 2470 4627 Patrem
2524 4573 2580 4627 in
2625 4573 2853 4628 nomine
2891 4586 3051 4636 meo,
3095 4572 3254 4627 dabit
3297 4572 3458 4628 vobis
3493 4584 3540 4625 ο.
3584 4590 3603 4624 ι

315 4672 590 4743 αἰτήσητε
626 4654 779 4739 παρὰ
816 4668 911 4723 τοῦ
941 4668 1157 4737 Πατρός
1191 4684 1314 4737 μου,
1358 4666 1523 4720 δώσει
1576 4667 1725 4735 ὑμῖν.
1750 4684 1768 4716 ι
1800 4665 1914 4718 Καὶ

311 4763 391 4819 τὰ
424 4763 524 4834 μὲν
558 4763 705 4816 κατὰ
741 4760 841 4831 τὴν
871 4758 1158 4829 παροῦσαν
1198 4759 1345 4830 ζωὴν
1377 4758 1530 4830 παρὰ
1564 4757 1700 4811 Θεοῦ
1726 4756 1804 4828 τῷ
1830 4758 1914 4811 δι-

316 4855 465 4923 καίῳ
502 4854 882 4925 δεδωρημένα,
914 4851 1179 4905 τοιαῦτα·
1204 4852 1273 4905 τὰ
1304 4852 1360 4905 δὲ
1404 4850 1542 4922 μετὰ
1573 4851 1672 4922 τὴν
1699 4849 1914 4912 ἐνθένδε

320 4948 684 5018 μετάστασιν,
717 4940 807 4999 οἶα
837 4945 934 4998 καὶ
965 4945 1066 4998 ὅσα
1093 4961 1107 4976 ο
1143 4943 1178 4998 ἃ
1204 4944 1300 4997 καὶ
1350 4944 1513 5014 μέχρι
1541 4944 1636 4996 τοῦ
1672 4944 1768 4995 νῦν
1796 4943 1918 5014 ᾄδε-

314 5055 416 5092 ται
444 5036 879 5110 τραγῳδούμενα
913 5052 927 5064 ·
957 5034 995 5090 ὃ.
1019 5036 1111 5089 διὰ
1135 5036 1235 5107 τὴν
1265 5035 1361 5090 τοῦ
1384 5038 1543 5105 λόγου
1579 5037 1913 5106 παράτασιν,

316 5130 530 5200 ἀρτίως
559 5127 969 5200 ἐπιμνησθῆναι
996 5129 1099 5182 οὐκ
1142 5127 1367 5200 ἔκρινα,
1407 5131 1481 5199 μή
1522 5146 1641 5192 πως
1669 5127 1747 5199 τῷ
1780 5128 1917 5200 πλή-

316 5222 409 5278 Θει
434 5224 543 5278 τῶν
576 5224 876 5295 θαυμάτων
902 5223 985 5285 εἰς
1012 5223 1275 5276 ἀπιστίαν
1329 5221 1537 5276 έλθοιέν
1580 5238 1747 5287 τινες,
1776 5221 1916 5292 ὅπερ

313 5316 425 5369 οὐκ
454 5315 702 5385 ἄμεινον.
752 5314 896 5368 Ἀλλ’
936 5316 1122 5367 ἐκεῖνα
1168 5313 1408 5384 στόμασι
1461 5314 1560 5384 μὲν
1607 5311 1916 5385 ἀνθρώπων

312 5408 553 5477 ἀφέντες
584 5407 848 5480 ᾀδόμενα,
876 5407 997 5478 Θεῷ
1030 5407 1089 5460 δὲ
1125 5407 1294 5477 μόνῳ,
1337 5406 1417 5478 τῷ
1463 5407 1530 5460 δι’
1561 5400 1625 5462 οὗ
1654 5408 1916 5476 γεγόνασι

312 5500 735 5571 γινωσκόμενα,
786 5499 1023 5553 ἐνταῦθα
1068 5498 1161 5554 τὸν
1219 5499 1381 5567 λόγον
1436 5498 1913 5570 καταπαύσωμεν,

318 5596 500 5667 μικρὰ
529 5594 801 5665 πρότερον
848 5593 981 5666 περὶ
1014 5592 1115 5665 τῆς
1149 5591 1317 5647 αὐτοῦ
1359 5591 1738 5663 διαλεχθέντες
1773 5593 1915 5661 πρὸς

313 5688 458 5741 (ἐείιν
485 5686 901 5751 μεταστάσεως.

400 5879 429 5921 7
461 5869 656 5925 Matth.
690 5886 744 5939 κ,
771 5872 826 5927 8.
908 5883 929 5910 ι
957 5871 1094 5931 Luc.
1148 5886 1242 5934 vn,
1447 5879 1475 5909 ι
1508 5866 1670 5926 Joan.
1716 5884 1827 5933 xvt,
1855 5867 1950 5923 25.

2024 4664 2101 4720 Ac
2136 4664 2358 4735 quidem
2391 4666 2567 4734 justo,
2622 4667 2750 4721 dum
2809 4676 2955 4722 esset
3004 4665 3060 4719 in
3121 4667 3403 4737 humanis,
3433 4680 3462 4719 a
3501 4663 3611 4719 Deo

2016 4757 2249 4821 donata,
2297 4758 2371 4812 ita
2430 4758 2680 4815 habent;
2731 4757 2826 4811 ubi
2889 4764 3075 4811 autem
3136 4758 3436 4828 migrasset
3470 4772 3611 4810 cou-

2016 4862 2200 4914 cessa,
2258 4855 2425 4918 atque
2489 4849 2762 4903 hactenus
2821 4848 3071 4902 omnium
3126 4847 3421 4901 decantata
3487 4861 3607 4912 ore,

2016 4944 2202 5014 qualia
2236 4951 2370 5000 sunt
2420 4958 2485 4999 ac
2534 4942 2786 5014 quanta?
2828 4942 3000 4997 Porro
3057 4942 3237 4998 visum
3289 4950 3376 5004 est
3428 4953 3489 4996 ut
3540 4956 3612 4997 ne

2019 5038 2186 5092 modo
2217 5037 2480 5093 cavendae
2516 5038 2859 5108 prolixitatis
2910 5037 3109 5106 gratia,
3142 5052 3334 5090 eorum
3372 5037 3611 5090 mentio-

2019 5144 2146 5184 nem
2181 5128 2440 5191 inferam,
2475 5143 2541 5183 ac
2574 5145 2644 5183 ne
2677 5127 3083 5182 miraculorum
3111 5126 3277 5195 copia
3312 5125 3609 5178 nonnullos

2019 5225 2078 5279 in
2136 5224 2587 5279 incredulitatem
2641 5222 2918 5293 impellat,
2960 5219 3111 5293 quod
3158 5234 3265 5273 non
3309 5216 3610 5272 admodum

2018 5333 2079 5372 et
2093 5317 2264 5388 pedit.
2290 5314 2698 5386 Relinquentes
2718 5329 2852 5385 ergo
2879 5314 3168 5369 heminum
3193 5310 3470 5367 celebrata
3488 5324 3609 5373 ore,

2022 5407 2245 5479 Deoque
2284 5409 2413 5474 soli,
2451 5406 2616 5475 cujus
2651 5413 2786 5461 sunt
2819 5412 3034 5477 patrata
3077 5405 3284 5457 virtute
3310 5443 3326 5467 ,
3361 5399 3609 5469 cognita,

2020 5500 2187 5557 ﬁnem
2245 5501 2337 5557 hic
2368 5499 2590 5556 dicendi
2644 5497 2943 5561 faciamus,
2979 5496 3074 5551 ubi
3109 5495 3380 5549 duntaxat
3434 5505 3609 5561 pauca

2022 5594 2273 5664 quaedam
2336 5593 2405 5649 de
2467 5592 2593 5662 ejus
2653 5590 2723 5646 ad
2788 5588 2961 5646 Deum
3022 5587 3262 5642 transitu
3323 5582 3612 5639 diss-"rue-

2017 5703 2223 5743 rimus.
