3950 6480
492 392 619 457 lim

559 506 634 555 De
668 500 767 553 viri
797 496 935 566 justi
961 496 1023 547 ab
1057 493 1307 547 humanis
1341 491 1411 544 ad
1454 490 1626 546 Deum
1657 494 1998 563 migratione.

554 683 661 738 llic
722 683 908 750 itaque
953 678 1037 732 vir
1088 678 1330 746 beatus,
1386 678 1479 733 ubi
1532 679 1813 748 sapienter
1857 675 2070 741 omnia,

485 790 648 848 atque
687 781 748 827 ut
784 773 897 827 Deo
947 770 1215 841 placitum
1264 779 1458 835 esset,
1502 770 1559 824 in
1610 772 1727 825 vita
1775 769 2069 840 gessisset,

483 884 651 940 seque
705 864 1032 937 prudentem
1084 864 1554 935 patremfamilias
1586 864 2072 926 exhibuisset,to-

483 971 595 1012 tum
617 972 679 1013 se
710 956 807 1009 Dei
834 954 1121 1009 vasculum
1153 961 1327 1022 atque
1355 954 1425 1006 ad
1450 968 1578 1007 eum
1611 953 1903 1008 transitum
1919 966 2072 1006 com—

484 1059 732 1121 paratum
780 1047 938 1101 fecit.
964 1046 1344 1115 Quapropter,
1380 1043 1834 1099 immarcescibili
1883 1057 1914 1096 a
1958 1041 2071 1097 Deo

480 1150 702 1211 accepta
728 1156 966 1204 corona,
992 1142 1047 1192 in
1080 1149 1295 1191 aaterna
1326 1136 1718 1199 tabernacula,
1748 1134 2070 1205 angelorum

479 1232 907 1289 contubernalis
936 1228 1205 1291 ell‘ectus,
1240 1227 1739 1295 apostolorumque
1773 1237 2072 1280 consertus

478 1326 668 1381 eboris
692 1332 751 1380 et
781 1322 1037 1387 sedibus,
1071 1335 1139 1374 ac
1165 1330 1493 1375 sanctorum
1531 1333 1744 1383 comes,
1780 1318 2070 1387 recipitur.

481 1415 637 1470 Haud
667 1422 857 1468 tamen
886 1427 951 1467 ea
986 1410 1145 1481 prius
1182 1409 1498 1478 contigere,
1521 1422 1690 1477 quam
1716 1408 1802 1460 vir
1832 1406 2072 1461 admira-

481 1508 631 1571 bilis,
685 1506 944 1576 patribus
988 1502 1083 1569 qui
1137 1500 1548 1554 monasterium
1606 1498 1744 1551 illud
1801 1497 2072 1561 colerent,

482 1598 756 1653 fratribus
797 1596 1004 1666 pariter
1040 1602 1212 1663 atque
1242 1591 1474 1647 senibus
1496 1632 1513 1657 ,
1554 1608 1574 1640 ι
1625 1590 1858 1644 meliora
1887 1604 1951 1643 ac
1982 1604 2074 1642 sa-

483 1691 683 1749 lutaria
722 1709 743 1743 ι
794 1698 1141 1745 enarrasset.
1179 1686 1399 1754 Quippe
1445 1693 1610 1739 erant
1668 1685 1721 1736 id
1782 1682 2072 1751 temporis,

484 1784 673 1839 ma:in
709 1798 928 1845 omnes,
962 1780 1115 1833 vultu
1151 1778 1437 1839 demisso,
1474 1779 1665 1830 tristes
1733 1775 1952 1836 ccruui,
2009 1788 2075 1827 ac

479 1878 688 1948 quibus
725 1876 840 1929 vita
870 1873 1033 1940 tatdio
1058 1878 1234 1927 esset.
1266 1869 1465 1937 Qualia
1492 1868 1643 1924 enim
1675 1876 1956 1937 quantave
1984 1854 2144 1919 lu-‘B

477 1970 730 2041 gubriter
761 1967 833 2023 ab
857 1967 941 2022 eis
963 1962 1302 2020 decantata?
1328 1960 1441 2017 Cur
1470 1961 1642 2025 enim,
1698 1959 1881 2028 inquit
1906 1997 1921 2021 ,
1975 1972 2073 2027 pa-

477 2075 589 2127 tcr,
625 2060 886 2117 omnibus
927 2058 1167 2122 relictis,
1214 2055 1275 2110 in
1317 2053 1556 2108 alienam
1610 2049 2075 2121 peregrinamquc

478 2155 762 2227 regionem
801 2150 1054 2222 migras?
1087 2147 1297 2215 Quidni
1332 2160 1486 2210 vero,
1542 2143 1701 2214 prius
1732 2142 1837 2211 ipsi
1870 2140 2076 2211 migra-

479 2249 684 2309 vimus,
720 2260 787 2300 ac
815 2254 876 2297 tu
910 2244 1178 2311 deinceps
1219 2239 1466 2294 ﬁliorum
1515 2235 1751 2291 amans?
1778 2234 2076 2288 Enimvero

479 2338 628 2393 furto
652 2337 817 2393 nobis
844 2335 1100 2391 sublatus
1122 2347 1205 2397 es,
1240 2346 1350 2402 qua
1376 2328 1663 2387 nescimus
1694 2326 1932 2382 ratione.
1974 2324 2076 2381 De-

480 2431 823 2503 praedatione
857 2424 1150 2484 amisimus
1185 2426 1516 2481 thesaurum
1570 2423 1902 2494 pretiosum.
1939 2421 2077 2487 Quis

477 2527 747 2595 deinceps
785 2537 890 2578 nos
930 2522 1214 2576 ditaturus
1243 2529 1351 2582 est,
1386 2516 1688 2571 morbosve
1721 2522 1945 2570 nostros
1976 2529 2078 2568 cu-

480 2615 751 2671 raturus?
781 2613 912 2669 Haec
937 2611 1033 2666 alii
1083 2610 1443 2675 clamabant,
1490 2608 1587 2662 alii
1647 2622 1708 2663 se
1768 2607 2078 2660 lacerantes

479 2708 957 2771 lamentabantur,
1008 2704 1222 2775 aliique
1275 2701 1455 2759 modis
1517 2701 1646 2757 aliis
1695 2698 2074 2755 calamitatem

482 2803 707 2856 funeste
729 2797 1121 2869 deplorabant,
1149 2795 1447 2866 omnisque
1480 2793 1889 2852 consolationis
1920 2792 2076 2847 locus

478 2895 775 2951 submotus
802 2899 946 2947 erat.

551 2987 698 3054 Quid
730 2999 862 3041 vero
906 2984 993 3039 vir
1020 2982 1113 3038 ille
1136 2996 1272 3037 vere
1299 2979 1536 3037 beatus?
1566 2979 1703 3036 Cum
1742 2992 1803 3034 se
1847 2976 2075 3049 quidem

474 3082 590 3151 jam
624 3077 905 3133 delectum
937 3076 1195 3139 vidisset,
1240 3073 1607 3144 proximeque
1635 3071 1704 3126 ad
1735 3070 1902 3125 Deum
1941 3085 2075 3140 pro-

479 3175 783 3235 fecturum,
819 3170 928 3224 huc
964 3168 1215 3238 illucque
1261 3164 1465 3223 blande
1496 3165 1730 3220 intuens
1756 3203 1773 3231 ,
1805 3163 1920 3218 ait:
1955 3160 2035 3217 Ne
2056 3204 2072 3229 ,

480 3263 581 3315 tilii
616 3259 954 3323 dulcissimi,
986 3272 1161 3328 super
1209 3272 1297 3313 me
1345 3255 1632 3321 ﬂeveritis,
1663 3270 1768 3311 nec
1822 3262 2073 3311 vestrum

483 3363 700 3424 patrem
767 3352 1034 3408 lamentis
1104 3351 1550 3422 praemiseritis:
1606 3350 1721 3404 imo
1786 3351 2072 3420 precibus,

478 3464 625 3518 quas
662 3445 927 3501 eructctis
977 3461 1046 3501 ex
1090 3448 1205 3500 imo
1247 3445 1437 3510 corde,
1490 3458 1603 3514 quo
1644 3426 1895 3497 meorum
1934 3442 2077 3497 deli-

480 3550 698 3596 ctorum
748 3538 1157 3594 absolutionem
1211 3538 1519 3603 inveniam,
1579 3535 1955 3605 ﬁduciamque
2008 3537 2076 3591 ad

481 3636 815 3689 immensum
857 3631 1045 3688 lumen
1077 3629 1212 3686 illud
1239 3630 1460 3687 decoris
1494 3629 1924 3692 inaecessibilis,
1949 3643 2076 3683 cum

483 3727 772 3782 tremendo
811 3726 935 3797 ejus
977 3724 1246 3781 tribunali
1289 3724 1418 3781 sisti
1448 3722 1767 3779 habuerim.
1818 3720 1899 3777 Ne
1919 3737 2075 3792 ergo,

484 3819 610 3883 lilii,
644 3818 904 3889 lugeatis.
944 3815 1119 3871 Plane
1145 3817 1298 3871 enim
1336 3815 1407 3871 ad
1437 3831 1565 3872 eum
1609 3815 1810 3884 migro,
1851 3815 1948 3885 qui
1979 3831 2079 3870 vo-

484 3922 575 3969 cat
600 3932 614 3969 :
639 3928 735 3968 vos
774 3922 988 3979 autem,
1031 3909 1238 3969 fratres
1285 3922 1606 3983 patresque,
1650 3927 1672 3962 ι
1710 3910 1868 3966 vobis
1897 3919 2081 3966 atten-

483 4006 599 4061 dite
628 4013 684 4059 et
725 4004 991 4060 universo
1026 4003 1182 4076 gregi
1229 4015 1418 4061 vestro
1454 4004 1505 4057 ιι.
1549 4023 1569 4057 ι
1637 4003 1811 4059 Scitis
1862 4014 1927 4059 ut
1974 4004 2078 4058 sim

486 4098 773 4153 vobiscum
802 4105 1207 4162 conversatus,
1269 4102 1439 4162 utque
1491 4096 1784 4153 vobiscum
1844 4094 2080 4151 vixerim

485 4203 552 4243 ac
602 4187 1066 4243 ministraverim.
1124 4185 1333 4244 Omnes
1399 4196 1458 4243 ut
1525 4188 1800 4257 meipsum
1869 4185 2081 4253 dilexi;

1681 387 1744 447 S.
1776 382 2106 447 ΑΝΒΒΕΕ
2142 379 2573 441 CRETEXSIS

3597 380 3699 446 τινα

2102 500 2147 556 Α
2177 490 2327 558 Περὶ
2368 486 2479 556 τῆς
2516 488 2585 542 ἐκ
2624 486 2743 541 τῶν
2784 488 2956 541 ἐνθεν
3012 488 3164 555 πρὸς
3206 488 3355 543 Θεὸν
3390 489 3489 545 τοῦ
3517 489 3704 549 dicatos

2825 558 3144 627 ἐκδημίας.

2133 694 2157 723 ο
2253 669 2428 737 Οῦτος
2456 671 2752 743 τοιγαροῦν
2780 672 2811 723 ὁ
2861 672 3139 743 μακάριος
3188 672 3408 727 ἅπαντα
3443 674 3606 742 σοφῶς
3638 678 3710 731 καὶ

2173 769 2496 840 Οεαρέστως
2546 771 2694 821 κατὰ
2746 768 2839 820 τὸν
2886 766 3089 819 ἑαυτοῦ
3135 766 3559 838 διαπραξάμενος
3602 768 3711 839 βίον,

2171 864 2274 917 καί
2330 881 2413 926 τις
2467 864 2735 934 φρόνιμος
2785 862 3182 933 οἰκοδεσπότης
3231 862 3574 934 ἀναδειχθεὶς,
3619 866 3715 920 ὃλιν

2170 956 2375 1009 ἑαυτὸν
2402 955 2542 1008 Θεοῦ
2568 955 2777 1026 δοχείον
2801 956 3130 1027 εἰργάσατο,
3160 957 3258 1009 καὶ
3302 956 3439 1028 πρὸς
3480 956 3571 1027 τὴν
3594 956 3717 1012 ἐνθεν

2171 1050 2299 1101 ἐκεῖ
2353 1048 2656 1118 μετάϐασιν
2721 1049 2962 1118 ἕτοιμον.
3036 1047 3326 1102 Ἐντεῦθεν
3380 1047 3626 1117 στέφανον
3669 1050 3720 1103 ὲκ

2169 1140 2315 1193 Θεοῦ
2345 1140 2640 1210 δεξάμενος
2669 1140 3063 1212 ἀμαράντινον,
3100 1142 3185 1203 εἰς
3210 1141 3312 1204 τὰς
3348 1140 3588 1205 αἰωνίους
3612 1157 3722 1212 σκη-

2171 1233 2273 1296 νὰς
2301 1232 2684 1298 εἱσοικίζεται,
2715 1234 2814 1285 καὶ
2858 1235 3083 1302 γίνεται
3106 1233 3221 1286 τῶν
3261 1232 3506 1301 ἀγγέλων
3534 1233 3720 1302 συνύμι-

2171 1325 2297 1388 λοςο
2339 1325 2448 1378 τῶν
2480 1326 2800 1377 ἀποστόλων
2846 1325 3224 1396 συγχορευτὴς
3251 1327 3348 1378 καλ⁵
3377 1324 3721 1397 συγκάθεόρος,

2172 1418 2276 1470 καὶ
2301 1418 2410 1469 τῶν
2435 1416 2609 1483 ἁγίων
2640 1417 3003 1487 συνέκδημος.
3047 1418 3192 1470 Ἀλλ’
3236 1418 3300 1470 ού
3328 1419 3583 1489 πρότερον
3608 1419 3725 1471 ἑκεί-

2172 1507 2454 1578 νῳπαῦτα
2487 1506 2775 1560 συνέϐαινε
2821 1507 2953 1578 πρὶν
2991 1506 3060 1560 ἂν
3085 1508 3115 1560 ὁ
3165 1505 3457 1569 Θεσπέσιος
3504 1506 3609 1567 co't;
3648 1503 3725 1573 τὴν

2176 1600 2353 1670 μονὴν
2380 1598 2596 1652 οἰκοῦσι
2646 1598 2922 1668 Πατράσι,
2954 1597 3216 1667 ἀδελφοῖς
3259 1614 3321 1650 τε
3367 1596 3466 1651 καὶ
3510 1596 3726 1667 γέρουσιν

2177 1695 2494 1763 ἐξηγήσατο
2523 1691 2591 1744 τὰ
2620 1710 2640 1742 ι
2674 1690 2968 1760 κρείττονα
2996 1690 3096 1743 καὶ
3136 1689 3416 1760 σωτηρίας
3447 1687 3683 1758 ἐχόμενα.
3708 1707 3723 1738 ι

2180 1784 2365 1839 Ἷισαν
2388 1786 2498 1855 γάρ
2529 1784 2772 1846 άπαντες
2796 1781 2860 1836 τὸ
2887 1782 3197 1850 τηνικαῦτα
3236 1782 3575 1851 σκυθρωποὶ,
3625 1798 3726 1835 κατ-

2177 1882 2361 1946 ηφεῖς,
2385 1879 2777 1948 λελυπημένοι,
2799 1877 2953 1931 κάτω
2972 1874 3252 1941 νεύοντες,
3276 1875 3374 1929 καὶ
3391 1873 3490 1928 τοῦ
3513 1874 3607 1947 ζῇν
3632 1876 3727 1927 ἑαυο

2176 1973 2306 2031 τοὺς
2339 1968 2794 2038 ἀποστεροῦντες.
2828 1959 2932 2020 Οἷα
2965 1966 3077 2035 γάρ
3107 1966 3205 2018 καὶ
3235 1965 3339 2017 ὅσα
3367 1963 3441 2018 τά
3469 1964 3597 2034 παρ’
3617 1964 3727 2017 ὲκεί-

2176 2082 2287 2116 νων
2316 2061 2527 2130 γοερῶς
2562 2059 2912 2132 ὲπᾳδόμενα;
2957 2058 3079 2112 ἰνα
3113 2058 3166 2111 τί
3207 2057 3340 2128 γὰρ,
3375 2057 3580 2125 Πάτερ,
3608 2053 3726 2123 φησὶ,

2177 2156 2391 2217 πάντας
2423 2151 2766 2215 καταλιπὼν,
2810 2154 2889 2215 είς
2929 2149 3243 2221 ἀλλοδαπὴν
3272 2149 3368 2203 καὶ
3395 2147 3556 2215 ξένην
3584 2146 3727 2217 χώραν

2155 2248 2551 2320 pallio-tacut;
2583 2249 2651 2302 Τί
2702 2248 2780 2318 μὴ
2814 2248 3083 2319 πρότερον
3113 2245 3280 2315 ἡμεῖς
3320 2238 3725 2312 μετῳκίσθημεν.

2176 2345 2277 2396 καὶ
2310 2338 2411 2395 εἷθ’
2444 2341 2590 2395 οὕτω
2622 2341 2711 2405 σὺ,
2746 2340 2792 2394 ὦ
2836 2340 3166 2410 φιλότεκνε;
3214 2336 3361 2389 ⁹Ἀλλ’
3401 2334 3641 2404 ἐκλάπης
3666 2331 3726 2399 ἀεῖ

2174 2434 2339 2504 ἡμῶν
2368 2432 2444 2496 ὡς
2471 2434 2574 2485 οὐκ
2605 2431 2878 2502 ἔγνωμεν.
2926 2428 3230 2500 Ἐσυλήθης
3257 2430 3286 2480 ὁ
3312 2424 3592 2497 θησαυρὸς
3613 2424 3640 2476 ὁ
3665 2439 3723 2475 πι-

2176 2529 2426 2597 λύτιμος.
2470 2526 2569 2589 Τίς
2620 2525 2776 2579 ἔσται
2821 2523 3012 2578 λοιπὸν
3047 2525 3078 2577 ὁ
3128 2520 3639 2590 πλουτίσων’ήμᾶς,
3666 2514 3728 2585 ﬁl

2176 2620 2542 2693 θεραπεύσων
2566 2618 2669 2682 τὰς
2691 2619 2919 2685 νόσους;
2950 2615 3141 2669 Ταῦτα
3168 2616 3219 2668 οἱ
3258 2612 3359 2683 μὲν
3393 2610 3567 2665 ὲὸὁων
3588 2651 3603 2676 ,
3634 2609 3673 2662 οἱ
3692 2606 3727 2658 ii

2177 2713 2447 2782 ὲορήνουν
2486 2709 2875 2780 σφαδάζοντες,
2901 2708 2997 2762 καὶ
3035 2704 3187 2759 ἄλλοι
3231 2703 3412 2765 ἄλλως
3440 2700 3541 2771 τὴν
3570 2711 3729 2768 συμφο-

2180 2805 2281 2875 ρὰν
2321 2800 2802 2872 ὲκτραγῳδοῦντες
2843 2796 3139 2869 ἠλάλαζον,
3170 2794 3268 2849 καὶ
3288 2793 3462 2858 τόπος
3494 2792 3630 2855 ἄπας
3652 2804 3729 2840 πα·

2180 2900 2449 2974 ρηγορίας
2486 2898 2792 2968 ἀπῴκιστο.

2251 2970 2404 3045 Τί-δὲ
2431 2993 2460 3045 ὁ
2493 2987 2771 3061 μακάριος
2809 2986 3024 3047 ἐκεῖνος
3079 2981 3253 3047 ὅντως
3276 2981 3466 3052 άνήρς
3511 2977 3639 3045 ’Ἤδη
3661 2970 3730 3061 μέν

2180 3060 2546 3137 ἐκλελοιπότα
2577 3080 2771 3133 ἑαυτὸν
2822 3074 3190 3144 θεασάμενος,
3236 3071 3340 3142 τῆς
3390 3071 3451 3124 δὲ
3486 3067 3615 3141 πρὸς
3635 3060 3731 3116 Θεὸν

2180 3177 2402 3244 ἕτοιμον
2430 3171 2722 3242 ἐκδημίας,
2754 3167 2882 3240 τῇδε
2909 3166 3141 3219 κάκεῖσε
3186 3162 3247 3216 τὸ
3275 3160 3458 3230 γλυκὺ
3492 3150 3732 3212 ἐπανατεί-

2177 3284 2275 3328 νας
2300 3265 2473 3335 ὄμμα,
2507 3261 2730 3331 ἔλεγεν
2764 3260 2858 3330 Μὴ
2905 3256 3125 3310 κλαίετε
3159 3253 3247 3308 ἐπ’
3280 3252 3438 3324 ἐμοὶ,
3465 3247 3732 3320 γλυκύτατα

2175 3359 2365 3424 τέκνα,
2400 3355 2539 3427 μηδὲ
2569 3355 2795 3425 θρήνοις
2844 3347 3211 3422 προπέμψητε
3240 3345 3334 3398 τὸν
3358 3344 3630 3417 ἡμέτερον
3652 3339 3733 3392 Πι-

2177 3453 2335 3522 τέρα.
2353 3448 2495 3503 Ἀλλ’
2526 3447 2717 3517 εὐχαῖς
2742 3447 2807 3498 ἐκ
2838 3442 3037 3514 βάθους
3089 3438 3498 3511 ὲρευγομέναις
3529 3431 3732 3503 καρδίας,

2182 3546 2271 3598 ἵνα
2309 3541 2458 3615 εὕρω
2490 3540 2646 3594 λύσιν
2676 3538 2786 3593 τῶν
2832 3533 3214 3605 ὲπταισμένων
3264 3549 3377 3602 μοι,
3419 3530 3517 3584 καὶ
3561 3525 3734 3615 mm-

2182 3639 2304 3692 σίαν
2329 3637 2430 3707 τὴν
2460 3634 2600 3706 πρὸς
2633 3632 2695 3686 τὸ
2728 3631 3013 3703 ἀμήχανον
3040 3626 3161 3698 φῶς
3191 3624 3289 3679 τοῦ
3312 3623 3614 3695 ἀπροσίτου
3639 3614 3734 3707 xii:

2180 3732 2328 3794 λους,
2365 3705 2532 3800 ἡνίκα
2559 3743 2627 3796 με
2656 3724 3007 3797 παραστῆναι
3037 3721 3222 3790 δεήσει
3252 3717 3334 3788 τῷ
3358 3714 3578 3786 φοϐερῷ
3604 3705 3733 3765 αὑτοῦ

2185 3825 2417 3894 βήματι.
2442 3818 2536 3890 Μὴ
2569 3812 2665 3872 οὖν
2716 3815 2955 3879 κλαίετε,
2995 3813 3193 3866 τέκναο
3246 3806 3362 3878 ἐγὼ
3417 3805 3531 3877 γὰρ
3560 3803 3735 3894 πάντως

2359 3914 2455 3968 τὸν
2480 3909 2755 3968 καλοῦντα
2790 3907 3157 3980 μεθίσταμαι.
3198 3902 3389 3975 Ὑμεῖς
3431 3901 3514 3966 δὲ,
3560 3890 3736 3987 ἀδελφά

2185 3980 2284 4065 καὶ
2313 4007 2576 4078 πατέρες,
2614 4022 2633 4055 ι
2662 4003 2966 4077 προσέχετε
2998 4000 3236 4063 ἑαυτοῖς,
3266 3996 3366 4049 καὶ
3397 3980 3736 4078 σύμπαντι

2185 4100 2426 4171 ποιμνίῳ
2461 4073 2643 4169 ύμῶν.
2674 4073 2859 4166 ιν⁶Τὴν
2912 4090 3031 4163 μεθ’
3087 4086 3241 4157 ὑμῶν
3278 4102 3381 4156 μου
3432 4073 3735 4171 ἀναστροφὴν

2190 4164 2552 4267 μεμαθήκατε
2574 4207 2589 4220 ο
2618 4188 2739 4252 πῶς
2754 4164 2824 4241 τε
2843 4187 2974 4255 ὑμῖν
3014 4179 3297 4250 συνδιῆξα,
3319 4177 3418 4232 καὶ
3448 4175 3567 4238 πῶς
3590 4164 3735 4267 sum.

487 4296 683 4337 oiunes
756 4290 987 4351 paterne
1035 4281 1221 4334 amavi
1279 4280 1547 4350 fovique;
1618 4295 1783 4335 nemo
1839 4290 1959 4336 est
1995 4278 2074 4335 cui

2187 4262 2348 4357 νησα.
2400 4283 2617 4345 Πάντας
2657 4280 2734 4343 ὡς
2772 4277 3013 4350 ἐμαυτὸν
3037 4274 3304 4344 ἠγάπησα
3326 4287 3340 4300 ο
3362 4269 3572 4329 πάντας
3591 4262 3736 4327 ἔστερ-

382 4442 387 4449 .
488 4390 574 4430 me
633 4389 856 4429 servum
919 4389 1028 4428 non
1096 4373 1406 4429 addixerim
1442 4412 1457 4438 ,
1516 4381 1745 4444 propter
1799 4390 1927 4429 eum
1987 4374 2074 4443 qui

2191 4382 2258 4447 ξα
2279 4396 2292 4409 ·
2313 4379 2481 4434 παντὶ
2506 4375 2752 4447 ἐμαυτὸν
2779 4368 3186 4429 κατεδούλωσα,
3215 4365 3306 4419 διὰ
3326 4364 3423 4417 τὸν
3445 4360 3587 4414 οὕτω
3618 4365 3736 4425 ἐρω-

490 4469 566 4520 ita
626 4467 919 4536 iussisset.
971 4464 1075 4521 Ubi
1124 4467 1209 4522 vir
1267 4466 1469 4522 beatus
1547 4468 1665 4523 hace
1722 4467 2074 4523 disseruisset

2195 4474 2458 4540 τάξαντα.
2514 4469 2706 4524 Ταῦτα
2753 4466 2851 4520 καὶ
2900 4462 3112 4525 τούτοις
3186 4456 3552 4530 παραπλήσια
3593 4445 3734 4540 δια).εέ

491 4572 557 4611 ac
627 4534 696 4613 iis
762 4557 967 4612 similia
1002 4597 1017 4623 ,
1076 4557 1366 4627 simulque
1418 4559 1671 4629 singulos
1731 4574 1836 4629 pro
1902 4559 2082 4614 anatis
2115 4548 2160 4604 ι)
2190 4534 2394 4642 χθεῖςδ
2425 4560 2853 4638 μακάριος,ἆμα
2897 4557 2955 4610 δὲ
2997 4556 3092 4609 καὶ
3118 4550 3463 4624 παραινέσας
3494 4534 3735 4642 αὐτοῖς’

492 4648 769 4718 cujusque
820 4664 887 4704 ac
944 4649 1235 4720 dignitatis
1264 4652 1451 4718 modo,
1509 4627 1839 4707 adhortatus
1903 4658 2074 4717 essetl

2190 4627 2596 4730 ἓκάὲτψᾶωά
2631 4653 2695 4707 τδ
2745 4627 2944 4722 μέτρον
2995 4648 3097 4716 τῆς
3131 4661 3191 4696 τε
3222 4639 3442 4713 ἡλικίας
3477 4636 3569 4689 καὶ
3613 4627 3736 4730 liga“;

497 4756 658 4796 senes
682 4741 905 4810 quidem
943 4714 1221 4812 utvpatres
1253 4742 1391 4815 (86),
1426 4714 1660 4812 juvenes
1698 4752 1881 4799 autem
1921 4714 2074 4814 juxta

2190 4751 2356 4807 αὐτοῦ
2386 4768 2403 4784 ·
2429 4750 2542 4813 τοῖς
2572 4746 2673 4819 μὲν
2700 4741 3065 4816 πρεσϐύταις,
3092 4738 3168 4800 ὡς
3201 4735 3431 4805 γέρουσι
3460 4731 3504 4763 ιδ
3528 4745 3540 4758 ·
3577 4714 3736 4819 τοῖςξέ

498 4834 645 4907 quod
685 4837 767 4891 eis
795 4835 1147 4890 conducibile
1177 4844 1296 4890 erat
1322 4873 1337 4899 ,
1378 4836 1761 4905 ortinihusque
1790 4836 1939 4906 quod
1967 4835 2074 4890 cui-

2187 4846 2353 4908 νέοις,
2380 4840 2646 4902 ὡσαύτως
2676 4836 2966 4909 πρόσφορα
2990 4846 3005 4862 ο
3034 4829 3132 4884 καὶ
3170 4829 3306 4881 πᾶσι
3340 4823 3488 4878 κατὰ
3512 4819 3600 4871 τον
3624 4807 3736 4909 εξκξί

499 4943 607 4997 que
634 4938 785 4982 esset
812 4942 1121 4998 congruum
1153 4928 1626 4998 praescripsisset,
1673 4944 1741 4984 ae
1795 4944 1994 4999 preces
2024 4943 2074 4981 at

2188 4898 2258 4990 τα
2305 4898 2463 5004 λύγον
2505 4898 2928 4998 διαταξάμενος,
2983 4922 3079 4977 καλ⁵
3115 4920 3216 4992 τὴν
3260 4916 3396 4988 πρὸς
3441 4912 3587 5004 Θεὸν-
3611 4898 3737 5004 and”

501 5018 669 5074 Deum
711 5028 1197 5088 consummasset,
1263 5021 1609 5075 obdormivit
1658 5022 1713 5075 in
1773 5036 1931 5091 pace,
1975 5029 2074 5074 tra-

2190 4994 2538 5090 ἐπιτελέσας,
2574 4994 2851 5092 exeipiqu
2886 5020 2944 5070 ὲν
2968 5017 3183 5087 εἰρήνῃ,
3218 5008 3503 5081 παραδοὺς
3540 5000 3631 5070 τὴν
3656 4994 3736 5082 tit”:

503 5112 639 5165 deus
666 5111 915 5165 animam
938 5109 995 5166 in
1025 5126 1225 5169 manus
1248 5114 1605 5184 angelorum,
1635 5114 1690 5167 in
1704 5117 1837 5188 ejus
1857 5114 2074 5185 glorian

2193 5116 2297 5187 Χῆν
2328 5116 2407 5179 εἷς
2440 5115 2631 5185 χεῖρας
2655 5106 2930 5179 ἀγγέλων,
2965 5103 3046 5167 εἰς
3081 5100 3241 5166 δόξαν
3272 5097 3369 5151 καὶ
3413 5094 3627 5147 ἔπαινον
3670 5092 3737 5132 του

577 5295 603 5332 ι’
630 5293 755 5347 Aet.
794 5308 881 5358 xx,
924 5293 1019 5349 28.

1790 5408 1875 5462 VA
1887 5402 2039 5464 “le
2053 5407 2435 5464 LECTIONES

581 5502 643 5534 ¹³⁶
658 5501 826 5573 αύτῷ.
906 5501 950 5534 ⁸⁸
983 5503 1248 5572 πατράσι.

1783 5591 2174 5648 COMBEFISII
2200 5589 2434 5649 NOTAE.
2516 5630 2521 5635 ι

581 5690 691 5761 (86)
728 5689 887 5745 Senes
915 5689 1124 5761 quidem
1177 5689 1486 5761 utifatres.
1536 5683 1830 5739 Manili-sta
1892 5684 2099 5761 allusio
2204 5700 2355 5749 vero,
2399 5696 2508 5736 non
2533 5678 2730 5761 eadem
2762 5681 3021 5761 omnibus
3052 5683 3394 5750 congruunt;
3425 5686 3486 5727 ac
3523 5668 3732 5735 magnum

508 5750 686 5817 csfud'
710 5764 860 5816 l’auli
881 5750 1194 5815 doctrinam
1222 5750 1507 5814 l'l‘imolh.
1536 5772 1587 5821 ν,
1630 5772 1695 5811 ex
1719 5774 1830 5825 quo
1859 5754 2095 5823 margini
2205 5765 2288 5810 est
2320 5766 2508 5809 tenere
2533 5752 2587 5806 in
2622 5750 2710 5807 his
2743 5753 2986 5807 modum.

511 5834 888 5904 ascripsimus,
917 5831 1038 5885 ἀντὶ
1062 5828 1177 5895 τοῦ,
1210 5831 1459 5901 γέρουσι,
1502 5828 1583 5895 τὸ,
1640 5829 1900 5899 πατράσι.
1929 5825 2074 5880 Ρι.ιιι‹
