3950 6464
385 520 489 585 233

1646 520 1729 580 ΙΝ
1773 518 1832 580 S.
1869 515 2258 577 PATAPIUM
2269 561 2282 575 .

3488 511 3621 577 123i

349 628 753 701 προσλαϐόντος
778 631 962 686 αὐτόν.
996 632 1069 684 Τὸ
1097 632 1151 684 6‘:
1177 632 1355 702 τίμιον
1389 632 1552 688 αὐτοῦ
1581 633 1677 684 καὶ
1698 630 1931 701 ἱερώτα-

2039 635 2090 681 et
2128 625 2350 682 laudent
2381 625 2480 697 qui
2516 641 2645 682 eum
2679 624 3100 697 assumpsisset.
3140 624 3273 696 Ejus
3303 640 3468 694 porro
3495 641 3622 695 pre-

346 737 441 775 τον
466 720 746 791 λείψανον,
778 724 828 775 οἱ
870 724 969 792 τῆς
1009 723 1171 791 ἁγίας
1217 724 1383 793 μονῆς
1424 725 1481 787 ἐς
1525 725 1721 777 ταυτὸν
1767 725 1933 795 ὁμόσε

346 813 653 882 γενόμενοι,
679 815 776 866 καὶ
824 817 882 867 ὲν
915 818 1051 886 τιμῇ
1078 817 1170 868 καὶ
1192 816 1318 887 δόξῃ
1348 815 1735 886 κηδεύσαντες,
1777 819 1835 870 ὲν
1857 817 1935 887 τῷ

348 905 464 976 ναῷ
500 904 595 959 τού
624 906 782 975 ἁγίου
825 910 1108 979 προφήτου
1152 894 1467 980 Προδρόμου
1494 911 1588 963 καὶ
1628 910 1933 964 Βαπτιστοῦ

361 997 610 1052 Ἰωάννου
649 998 973 1054 κατέθεντου
1024 1001 1143 1071 ἦτοι
1195 1003 1252 1054 ἐν
1294 1003 1361 1072 τῇ
1404 1001 1544 1073 αὐτῇ
1593 1002 1933 1074 εύαγεστάτῃ

347 1087 460 1141 τῶν
491 1088 807 1156 Αἰγυπτίων
833 1092 991 1160 μονῇ,
1030 1090 1267 1159 ψαλμοῖς
1299 1092 1392 1143 καὶ
1436 1091 1628 1162 ὕμνοις
1650 1093 1745 1146 καὶ
1770 1093 1934 1164 ᾠδαῖς

351 1182 751 1249 πνευματικαῖς
808 1181 1294 1252 προπεμψὰμενοι,
1343 1182 1502 1248 δόξαν
1550 1201 1609 1236 τε
1660 1185 1754 1239 καὶ
1785 1179 1935 1239 αἶνον

349 1269 778 1340 ἁναπέμψαντες
814 1272 891 1342 τῷ
920 1277 1021 1344 τῆς
1064 1273 1212 1344 ζωῆς
1253 1276 1348 1329 καὶ
1385 1275 1618 1331 θανάτου
1657 1276 1758 1351 τὴν
1784 1277 1934 1345 ἐξου-

352 1378 379 1412 σ
391 1361 475 1414 ίαν
504 1360 705 1431 ἔχοντι.

435 1537 626 1608 Ἡμεῖς
680 1534 794 1602 οὖν,
862 1540 1161 1612 ἀγαπητοὶ,
1221 1544 1314 1595 ἐπὶ
1365 1544 1499 1596 πᾶσι
1529 1547 1641 1609 τοῖς
1690 1545 1933 1616 λεχθεῖσι

348 1629 442 1680 τὶν
483 1629 618 1685 Θεὸν
648 1631 1080 1703 ἁνυμνήσαντες,
1141 1636 1237 1688 καὶ
1275 1638 1397 1697 ταῖς
1424 1636 1536 1690 ἄνω
1569 1637 1678 1691 τῶν
1707 1638 1934 1694 δικαίων

352 1723 545 1790 μοναῖς
568 1723 658 1776 τὸν
687 1724 834 1777 ὅσιον
853 1724 1046 1779 τοῦτον
1079 1727 1303 1797 οἰκῆσαι
1326 1728 1743 1794 πιστεύσαντες,
1779 1733 1936 1787 αὐτοὶ

347 1814 494 1868 κατὰ
514 1814 625 1868 τῶν
654 1815 843 1870 παθῶν
862 1819 1262 1890 ἐνστησάμενοι
1293 1822 1581 1892 τρόπαιον,
1610 1824 1691 1886 εἰς
1717 1823 1809 1877 τὸν
1834 1829 1935 1898 τῆς

349 1909 623 1973 ἀπαθείας
675 1914 1110 1983 καταντήσωμεν
1157 1914 1390 1986 λιμένα’
1425 1917 1609 1970 ἐκεῖνα
1652 1920 1772 1988 μεθ’
1806 1922 1933 1974 ἑαυ-

344 1998 457 2051 τῶν
482 2001 959 2073 συνεισφέροντες,
995 2006 1063 2060 τὰ
1083 2006 1169 2076 ἐφ’
1195 2001 1275 2068 οἷς
1312 2008 1371 2060 τὸ
1412 2007 1569 2061 Θεῖον
1597 2010 1932 2079 ἀγάλλεσθαι

346 2091 599 2161 πέφυκεν
626 2112 639 2124 ·
680 2096 737 2147 ὲν
760 2088 804 2162 ᾧ
837 2098 931 2149 καὶ
956 2097 1264 2167 γενόμενοι,
1325 2102 1426 2173 τῆς
1460 2103 1597 2171 μετὰ
1624 2104 1734 2158 τῶν
1768 2106 1935 2171 ἀξίων

343 2182 563 2247 τελείας
608 2186 1015 2250 καταπαύσεως
1070 2188 1352 2260 τύχοιμεν,
1389 2193 1623 2247 καὶτῶν
1660 2196 1934 2265 ἐπηγγελ-

349 2272 535 2340 μένων
567 2274 813 2343 ἀγαθῶν,
841 2277 1028 2349 χάριτι
1065 2281 1159 2333 καὶ
1188 2280 1573 2354 φιλανθρωπίᾳ
1604 2285 1696 2339 τοῦ
1728 2288 1934 2357 Κυρίου

344 2363 386 2434 ἡ
398 2363 514 2433 μῶν
548 2366 721 2437 Ἰησοῦ
753 2369 1014 2439 Χριστοῦ,
1048 2370 1169 2441 μεθ’
1195 2365 1257 2426 οὗ
1289 2372 1367 2444 τῷ
1399 2376 1573 2445 Πατρὶ
1603 2380 1753 2431 πᾶσα
1786 2379 1932 2447 δόξα,

350 2459 508 2527 τιμὴ,
570 2459 795 2528 κράτες,
847 2462 1199 2535 μεγαλοσύνη
1224 2482 1284 2518 τε
1317 2466 1412 2520 καὶ
1446 2468 1933 2541 μεγαλοπρέπεια,

346 2549 469 2618 ἅμα
497 2550 575 2621 τῷ
592 2551 735 2623 ἁγίῳ
765 2555 861 2607 καὶ
894 2555 1146 2627 ζωοποιῷ
1211 2557 1513 2627 Πνεύματι,
1546 2558 1641 2614 νῦν
1689 2563 1786 2616 καὶ
1825 2563 1932 2631 ἀεὶ,

339 2640 442 2693 καὶ
477 2642 558 2705 είς
589 2644 719 2708 τοὺς
753 2646 960 2710 αἰῶνας
990 2647 1098 2702 τῶν
1126 2649 1362 2705 αἰώνων.
1414 2652 1611 2725 Ἀμήν.

976 2759 1335 2815 ΕΓΚΩΜΙΟΝ

342 2863 464 2939 Τὸν
510 2867 943 2939 ,ϐίονᾼδηλοῦν
985 2870 1094 2925 τοῦ
1133 2873 1436 2939 μακαρίου
1492 2880 1807 2936 Παταπίου
1840 2886 1932 2939 τέ-

416 2938 608 3017 ⁸ξενον,
658 2937 780 2992 ἀπὸ
834 2939 1042 3009 φωνῆς
1108 2937 1393 3007 Ἀνδρέου
1451 2937 1933 3017 ἀρχιεπισκόέὲου

418 3006 676 3075 Κρήτης-

418 3118 605 3174 Πὰντα
638 3121 921 3178 πιστεύειν
941 3125 1091 3193 ἄξιον
1120 3131 1190 3184 τὰ
1216 3132 1386 3199 ὅντως
1419 3135 1542 3192 θεῖα
1572 3139 1664 3192 καὶ
1719 3140 1932 3212 ἀνθρὼο

334 3225 472 3273 ποις
490 3229 555 3264 συ
563 3214 671 3283 μφέ
679 3232 863 3283 ροντα.
890 3219 1216 3278 Πιστεύεται
1237 3224 1294 3278 δὲ
1319 3227 1390 3281 δι’
1408 3229 1580 3298 ἀκοῆς
1596 3231 1664 3285 τὰ
1682 3233 1927 3300 τοιαῦτα,

2035 722 2214 778 tiosas
2265 719 2802 791 sacratissimasque
2864 721 3152 791 reliquias,
3218 720 3620 783 convenientes

2034 812 2253 886 pariter
2291 811 2441 868 sacri
2474 810 2629 867 illius
2668 811 2995 866 monasterii
3016 811 3148 874 viri,
3192 809 3505 865 honorabili
3556 823 3622 862 ae

2034 905 2284 977 glorioso
2315 902 2514 959 funere
2565 910 2992 974 prosequentes,
3032 903 3089 957 in
3119 902 3299 959 sancti
3337 901 3623 973 propheta!

2039 998 2409 1054 Praecursoris
2435 997 2810 1067 Baptistaeque
2835 995 3073 1052 Joannis
3121 995 3239 1051 aede
3281 1009 3441 1050 sacra
3464 1034 3479 1060 ,
3515 994 3620 1048 hoc

2035 1101 2143 1157 est,
2173 1091 2229 1146 in
2262 1089 2460 1147 eodem
2496 1090 2620 1160 ipso
2657 1088 3014 1144 sanctissimo
3068 1088 3456 1159 Egyptiorum
3499 1101 3619 1139 mo-

2038 1182 2304 1249 nasterio,
2321 1180 2554 1252 psalmis
2571 1188 2625 1236 et
2643 1181 2886 1252 hymnis,
2902 1179 3254 1249 canticisque
3273 1179 3621 1250 spiritalibus

2038 1273 2436 1347 praeeuntibus,
2473 1274 2885 1343 deposuerunt,
2922 1269 3152 1342 gloriam
3202 1279 3258 1325 et
3312 1269 3529 1324 laudem
3568 1269 3616 1323 ei

2036 1367 2426 1422 submittentes
2466 1406 2480 1429 ,
2545 1365 2642 1436 qui
2704 1364 2872 1418 habet
2948 1368 3285 1433 potestatem
3367 1361 3495 1415 vitzc
3565 1371 3619 1414 ct

2038 1459 2252 1515 mortis.

2104 1550 2217 1607 Nos
2254 1552 2445 1622 igitur,
2475 1551 2687 1617 dilecti,
2736 1552 2794 1607 in
2824 1550 3091 1607 omnibus
3124 1549 3293 1606 dictis
3330 1548 3619 1603 laudantes

2036 1646 2231 1712 Deum,
2287 1645 2456 1713 dicta,
2518 1654 2890 1716 sanctumque
2946 1644 3113 1702 istum
3173 1643 3230 1699 in
3300 1640 3619 1698 coelestibus

2032 1740 2313 1810 justorum
2346 1739 2738 1795 mansionibus
2765 1738 3021 1794 habitare
3056 1736 3381 1801 credentes,
3432 1740 3621 1790 erecto

2039 1831 2309 1888 adversus
2344 1830 2480 1886 vitia
2517 1828 3277 1900 animiqueperturbationes
3308 1835 3537 1896 tropaeo,
3564 1824 3617 1877 in
3670 1876 3673 1879 λ

2040 1930 2261 1993 portum
2322 1935 2579 1976 securum
2660 1928 2716 1974 et
2772 1935 2803 1974 a
2861 1916 3379 1990 perturbationibus
3440 1921 3618 1968 tutum

2038 2029 2447 2080 occurramus;
2505 2029 2569 2069 ea
2623 2012 2980 2069 conferentes
3033 2012 3361 2075 nobiseum,
3415 2008 3620 2079 quibus

2036 2109 2181 2167 Deus
2206 2108 2466 2165 delectari
2499 2107 2639 2163 solet
2668 2125 2681 2161 :
2718 2109 2773 2161 in
2805 2122 2917 2178 quo
2949 2106 3117 2163 etiam
3147 2108 3616 2162 consummatam,

2028 2208 2163 2259 cum
2192 2203 2262 2259 iis
2293 2202 2388 2273 qui
2421 2202 2574 2272 digni
2620 2207 2776 2267 sunt,
2811 2201 3057 2272 requiem
3092 2210 3529 2268 consequamur,
3554 2209 3619 2248 ac

2035 2296 2313 2367 promissa
2335 2295 2482 2350 bona
2513 2312 2527 2349 :
2560 2294 2737 2364 gratia
2764 2294 3175 2362 clementiaque
3201 2287 3417 2344 Domini
3442 2283 3619 2341 nostri

2036 2390 2164 2447 Jesu
2195 2389 2402 2445 Christi
2438 2430 2455 2455 ,
2483 2404 2606 2444 cum
2639 2404 2752 2460 quo
2802 2387 2952 2442 Patri
2986 2384 3174 2440 omnis
3214 2381 3389 2454 gloria
3415 2420 3430 2444 ,
3462 2385 3620 2449 pote-
3708 2396 3720 2419 ι

2037 2492 2176 2551 stas,
2209 2481 2646 2552 magnificentia,
2687 2494 2753 2534 ae
2788 2478 2987 2543 decor,
3026 2489 3137 2530 una
3176 2488 3305 2529 cum
3338 2478 3534 2527 sancto
3566 2476 3621 2524 et

2036 2574 2260 2630 vivifico
2297 2574 2534 2645 Spiritu,
2564 2587 2713 2628 nunc
2747 2580 2803 2628 et
2832 2584 3074 2641 semper,
3101 2575 3155 2624 et
3188 2567 3243 2622 in
3290 2563 3490 2622 smcula
3516 2574 3621 2617 Ste-

2037 2667 2310 2723 culorum.
2335 2666 2530 2721 Amen.

2551 2772 2913 2831 succuum
2939 2772 3053 2844 (8'7)

2037 2889 2153 2955 Quo
2186 2888 2496 2943 declaratur
2522 2886 2631 2940 vita
2652 2884 2793 2938 beati
2829 2881 3074 2955 Patapii,
3109 2882 3222 2934 vira
3254 2892 3372 2932 voce
3392 2875 3619 2930 Andrea:

2517 2954 2905 3024 archiepiscopi
2927 2951 3124 3008 Cretw.

2107 3139 2248 3195 Sunt
2296 3137 2402 3193 fide
2435 3137 2619 3208 digna,
2668 3137 2715 3191 si
2760 3149 2872 3207 qua
2909 3147 3098 3189 revera
3133 3130 3320 3185 divina
3365 3134 3495 3183 sunt
3554 3140 3618 3179 ac

2035 3233 2355 3288 hominibus
2409 3229 2805 3285 conducibilia.
2849 3225 3354 3297 Ejusmodiautem
3389 3235 3478 3275 res
3500 3261 3515 3284 ,
3547 3234 3617 3272 ex

330 3302 419 3366 ὡς
445 3305 473 3356 ὁ
506 3304 647 3366 θεῖος
676 3309 928 3378 χρησμός
950 3327 964 3340 ·
992 3311 1130 3386 ἀκοὴ
1184 3317 1314 3388 γὰρ,
1349 3320 1439 3375 διὰ
1471 3321 1632 3392 λόγου
1655 3342 1669 3356 ·
1694 3326 1851 3395 λόγος
1877 3329 1931 3384 δὲ

2039 3325 2226 3380 auditu
2259 3323 2563 3381 creduntur
2585 3363 2599 3389 ,
2633 3318 3098 3392 quemadmodum
3153 3315 3315 3371 habet
3367 3312 3616 3367 divinum

334 3396 568 3491 πάντως
583 3400 803 3491 ΑΔείπεῖν,
832 3401 892 3468 ἐξ
926 3403 1136 3477 ἀγαθῆς
1164 3415 1539 3484 προαιρέσεως
1587 3421 1931 3491 προερχόμε-

332 3506 453 3584 νος,
484 3490 553 3584 ου
574 3487 643 3564 ἧς
672 3494 700 3546 ὁ
726 3494 921 3564 μισθὸς
967 3502 1083 3564 τοῖς
1113 3502 1189 3573 μὴ
1257 3506 1487 3579 νωθροῖς
1515 3487 1929 3584 εὑρισκομένοις

332 3581 401 3675 εν
445 3580 695 3675 οὐρανοῖς
737 3587 1057 3646 ἀπόκειται.
1109 3595 1320 3649 Οὐκοῦν
1378 3580 1593 3673 ὲπειδὴί
1626 3604 1720 3657 καὶ
1746 3580 1930 3675 *λόγος

332 3673 494 3741 ἡμᾶς
522 3675 665 3747 ὲντῇ
684 3679 880 3751 ἀγήρῳ
914 3685 1293 3754 προτρέπεται
1321 3687 1496 3760 χώρᾳ,
1520 3692 1657 3763 πρὸς
1694 3673 1929 3750 ἀπόλαυ-

244 3769 253 3773 ’
335 3781 428 3857 σιν
458 3765 682 3834 ἀγαθῶν
718 3773 815 3825 καὶ
846 3772 1004 3838 δόξαν
1038 3776 1097 3829 ἐν
1125 3776 1247 3848 Θεῷ
1267 3778 1333 3843 ¹⁵,
1372 3781 1513 3848 μετὰ
1532 3782 1740 3853 πολλῆς
1764 3786 1927 3857 ἀκρι-

332 3856 500 3919 ϐείας
517 3858 587 3913 τὰ
616 3861 769 3933 χείλη
800 3866 1145 3936 κινήσαντες,
1182 3869 1370 3923 τοῦτον
1398 3872 1474 3935 ὡς
1496 3875 1658 3944 χρέος
1683 3856 1924 3950 προσθή-

333 3964 528 4015 σωμεν
558 3965 570 3978 ·
613 3952 680 4005 ἵν’
707 3955 768 4006 οὐ
797 3955 959 4024 μόνον
1004 3960 1167 4028 ἡμεῖς
1221 3961 1460 4033 ἀμοιϐὴν
1500 3965 1645 4038 ὑπὲρ
1671 3967 1765 4021 τοῦ
1792 3969 1923 4033 ἴσως

329 4040 729 4116 κατάσχωμεν,
787 4047 926 4104 ἀλλὰ
966 4050 1061 4105 καὶ
1087 4050 1251 4106 πλέον
1280 4052 1424 4125 ὑπὲρ
1449 4054 1605 4115 ὥν¹⁶.
1650 4061 1803 4116 Ἐπεὶ
1827 4066 1922 4119 καὶ

328 4133 530 4188 τούτου
558 4138 720 4210 χάριν
744 4126 1138 4213 διαγράφόνται
1170 4146 1349 4201 πάντα
1366 4165 1380 4179 ·
1403 4149 1480 4214 ὠς
1506 4151 1594 4205 διὰ
1616 4154 1714 4224 τῆς
1741 4159 1923 4212 τοιαύ-

325 4243 443 4297 της
464 4227 652 4284 λοιπὸν
694 4233 1038 4306 ἀκροάσεως,
1074 4237 1337 4305 πολλάκις
1368 4243 1515 4307 τινὲς
1537 4244 1627 4298 τὸν
1665 4244 1777 4301 ἴσον
1805 4248 1920 4319 βίον

412 4503 453 4535 ³⁵
485 4501 679 4558 ἔνθεοι.
793 4506 835 4537 ¹⁶
860 4505 987 4576 [.eg.
1019 4509 1203 4563 πλεῖον
1241 4510 1622 4583 ὑπερώναντο,

2034 3419 2319 3476 oraculum
2350 3434 2365 3472 :
2397 3416 2531 3471 fides
2557 3417 2730 3480 enim,
2760 3429 2859 3485 per
2900 3424 3257 3476 sermonem;
3293 3419 3477 3464 sermo
3521 3420 3620 3459 au-

2036 3522 2167 3578 tem,
2198 3519 2263 3564 ut
2300 3510 2374 3562 ita
2407 3509 2638 3562 omnino
2669 3506 2876 3570 dicam,
2904 3520 2971 3560 ex
3004 3504 3148 3560 bona
3172 3500 3455 3556 voluntate
3485 3513 3615 3569 pro-

2033 3603 2212 3670 cedit;
2243 3617 2373 3672 qua,
2405 3600 2475 3657 iis
2504 3600 2599 3671 qui
2636 3613 2748 3653 non
2795 3596 3004 3651 fuerint
3055 3591 3383 3664 deprehensi
3419 3604 3617 3659 segnes

2035 3696 2278 3766 reposita
2320 3701 2406 3751 est
2440 3707 2657 3748 merces
2688 3692 2743 3745 in
2794 3689 2974 3745 crelis.
3021 3687 3292 3756 Quoniam
3342 3684 3512 3754 igitur
3564 3689 3619 3736 et

2033 3801 2220 3844 sermo
2252 3787 2319 3842 ad
2347 3785 2627 3857 regionem
2653 3799 2754 3839 nos
2786 3780 3183 3844 immortalem,
3229 3779 3618 3846 bonorumque

2031 3879 2379 3942 fruitionem,
2427 3894 2492 3933 ac
2539 3878 2784 3933 divinam
2835 3875 3069 3946 gloriam
3131 3872 3405 3944 impellit,
3462 3869 3613 3925 omni

2032 3973 2320 4044 diligentia
2372 3978 2665 4028 moventes
2694 3969 2839 4024 labia
2865 4010 2880 4034 ,
2916 3969 3089 4023 hocce
3130 3963 3413 4021 sermonis
3443 3960 3613 4017 debiti

2032 4075 2247 4138 partem
2283 4065 2615 4136 adjiciamus
2645 4083 2659 4120 :
2699 4071 2760 4121 ut
2787 4079 2899 4119 non
2924 4062 3103 4120 solum
3140 4059 3245 4129 ipsi
3280 4072 3491 4127 mquam
3527 4070 3613 4110 re—

2029 4159 2304 4228 cipiamus
2340 4158 2672 4223 mercedem,
2710 4155 2807 4212 sed
2843 4163 2897 4211 et
2926 4155 3114 4225 plures
3144 4150 3372 4220 majoris
3408 4146 3612 4217 aliquid

2029 4251 2388 4307 emolumenti
2420 4250 2729 4322 percipiant
2759 4248 2892 4321 (88).
2930 4245 3068 4302 Nam
3122 4252 3178 4301 et
3221 4258 3285 4299 ea
3327 4242 3394 4296 de
3445 4253 3613 4294 causa

1604 4397 1842 4457 VARI/E
1866 4402 2273 4462 LECTIONES.

892 4693 899 4701 ξ
1480 4695 1505 4701 _
1579 4631 1971 4689 COMBEFISH
2015 4633 2245 4694 ΝΟΤιΕ.

409 4719 523 4786 (87)
549 4718 988 4801 Setiat_titnlt_ts,
1032 4740 1138 4779 non
1170 4695 1754 4801 Andream,‘sed_ejus
1789 4737 1910 4787 stn-
1947 4738 1990 4793 Ι)
2023 4736 2163 4801 rint;
2196 4751 2265 4792 eo
2295 4734 2458 4789 modo
2484 4747 2596 4801 quo
2636 4731 2726 4786 ille
2766 4730 2818 4786 in
2879 4728 3096 4801 laudem
3133 4727 3373 4801 Georgii,
3400 4748 3463 4785 ex
3499 4733 3604 4789 {ille

324 4792 576 4868 diosum,
609 4791 757 4844 velut
783 4791 851 4846 ab
872 4792 994 4868 ejus
1025 4809 1119 4868 ore
1158 4791 1750 4868 acceptum,edidisse;
1776 4817 1911 4868 quo-

326 4863 499 4938 moolo
530 4868 747 4938 exsta_nt
793 4863 1051 4938 _qu_redatn
1100 4866 1155 4919 in
1195 4866 1333 4938 ijl.
1401 4868 1496 4924 Gr.
1552 4869 1685 4923 Ἀπὸ
1721 4863 1910 4938 φωνῆς

326 4930 699 5010 ᾼαμαισκήνού
725 4950 740 4965 ο
793 4933 1078 5010 habeoque
1106 4951 1171 4989 ex
1224 4936 1413 5010 Regiis
1445 4930 1908 5010 codicibus-qua};

328 5001 623 5078 -_latn
675 5002 862 5078 φωνῇς
905 5000 1185 5078 Θεοδώρου
1247 5007 1414 5078 esse,
1470 5025 1592 5078 quae
1651 5000 1909 5066 vide'ntur

334 5070 551 5125 Leontii
576 5070 885 5141 Byzantini,
919 5070 1273 5141 cujus’etiam
1310 5070 1780 5134 fuerit'lucnlenta
1814 5082 1907 5136 illa

329 5142 589 5221 oratioin
632 5142 864 5221 Mediam
916 5140 1319 5221 Pentecoste"),
1358 5147 1555 5221 iisdem
1593 5148 1780 5221 Regiis
1813 5166 1910 5221 co-

329 5211 553 5284 dicibus
581 5213 801 5284 nomine
832 5211 1043 5268 Leontii
1071 5215 1371 5284 presbyteri
1405 5211 1702 5273 Constant:
1722 5220 1908 5275 Codex

331 5280 475 5355 satis
502 5283 823 5355 mendosus,
842 5280 1154 5355 quanquam
1172 5280 1452 5355 antiquus.
1475 5287 1571 5344 Est
1596 5304 1703 5343 non
1728 5290 1911 5346 minus

330 5350 615 5429 laudando
638 5350 885 5429 Patapio’,
915 5350 1079 5429 quam
1113 5350 1437 5429 illustre—nilo
1463 5358 1711 5423 Androm,
1743 5375 1907 5429 quem

286 5478 291 5483 λ
331 5422 414 5477 ita
440 5419 583 5477 Deus
630 5419 1013 5480 sollicitaverit
1073 5425 1139 5477 ad
1178 5435 1495 5481 sanctorum
1549 5419 1909 5486 celebra-udas

230 5495 235 5500 ’
334 5493 566 5567 laudes,
605 5494 757 5567 velut
793 5493 923 5547 olim
950 5493 1337 5567 Hieronymum
1373 5509 1619 5553 nosmtm
1658 5500 1725 5553 ad
1762 5499 1909 5556 Scri-

333 5569 515 5637 ptura;
555 5562 864 5637 lectionem,
897 5562 1209 5637 quemejus
1235 5581 1529 5621 maximum
1554 5570 1911 5637 interpretem
1980 5572 1985 5575 ’

338 5631 801 5708 delegisset.__Sic
854 5631 1004 5708 certe
1053 5631 1301 5691 Andreas
1347 5640 1657 5708 praecipuus
1702 5631 1814 5695 'fuit
1855 5640 1909 5694 in

338 5701 721 5773 declamandis
772 5703 1007 5759 maxime
1059 5701 1399 5765 cxornativis
1442 5701 1815 5773 sermonibus,
1854 5719 1912 5763 ut

338 5772 427 5849 γει
457 5772 747 5849 ipsi_,_qnos
777 5787 988 5849 paucos
1008 5773 1203 5849 damus
1220 5790 1287 5849 ei;
1312 5778 1477 5849 Regia
1501 5792 1634 5848 gaza
1654 5778 1907 5848 probant.

334 5841 459 5901 Nec
478 5843 705 5918 dubium
738 5851 955 5918 exstare
977 5845 1030 5899 in
1065 5841 1420 5903 Bibliothecis
1459 5841 1602 5907 aliis.
1636 5841 1741 5903 rion
1766 5865 1906 5918 pan-

334 5927 435 5967 cos
462 5912 631 5989 alios;
668 5915 1088 5989 maximamque
1123 5923 1366 5989 partem,
1414 5934 1554 5988 quos
1589 5912 1904 5989 Metaphra-

330 5989 449 6041 stes
480 5981 811 6048 ἀδεσπότους
838 5981 1020 6053 habet,
1045 5981 1292 6058 nullique
1317 5981 1606 6059 aScriptos,
1639 5981 1759 6060 ejus
1782 5989 1900 6045 fuc-

2022 4798 2174 4876 Regii
2211 4805 2423 4860 codicis
2458 4798 2562 4874 ipsi
2619 4801 2953 4876 vindicatus.
3009 4798 3309 4876 Exordiurn
3354 4817 3604 4873 magnam

2020 4869 2492 4930 habetutilitatcni
2530 4884 2733 4940 :atque
2797 4872 3019 4940 utinam
3065 4869 3170 4924 sibi
3204 4869 3607 4940 quisquc'scri-

2018 4954 2168 5012 ptum
2193 4948 2512 5014 editumque
2567 4939 2887 5013 arripuerit,
2925 4939 3243 5014 videritque
3274 4939 3383 5014 quo
3435 4942 3607 5012 poSSit

2016 5010 2276 5071 exercere
2323 5010 2624 5076 talentum,
2678 5010 2844 5082 atque
2884 5011 3093 5080 aliquid
3130 5010 3333 5082 inferre
3360 5010 3606 5069 inincra

2023 5085 2271 5140 Dorninil
2309 5085 2561 5155 Magnum
2581 5093 2736 5155 certe?
2757 5081 2816 5155 et
2838 5097 2939 5155 ego
2964 5097 3087 5155 cum
3115 5081 3335 5137 Andrea
3370 5084 3607 5139 arbitror

2020 5155 2298 5223 plerisque
2341 5150 2579 5209 maxime
2606 5153 2851 5214 clericis,
2886 5152 2991 5206 hac.
3038 5150 3093 5205 in
3131 5160 3309 5221 parte,
3334 5164 3602 5223 icreatnm

2020 5222 2325 5294 periculum
2351 5263 2366 5287 ,
2403 5224 2605 5294 quibus
2645 5224 2728 5279 sic
2763 5223 2972 5278 infossa
3004 5230 3264 5294 maneant
3294 5222 3603 5293 obrutaque

2018 5291 2307 5350 Dominica
2360 5291 2587 5358 talenta,
2655 5309 2720 5349 ac
2768 5294 3036 5363 neglecta
3068 5291 3300 5346 fratrum
3333 5294 3485 5363 salus
3512 5291 3600 5350 re.

2018 5363 2292 5435 feetioque
2330 5383 2343 5419 :
2377 5381 2487 5434 qua
2519 5364 2587 5418 de
2631 5380 2690 5418 re
2719 5364 2786 5419 ad
2819 5361 3074 5435 Ainphil.“
3097 5363 3335 5435 adducto
3358 5362 3601 5435 Chryso-

2017 5431 2217 5496 stomo,
2258 5431 2419 5490 titulo
2448 5435 2647 5490 melius
2691 5434 2877 5498 fuerit,
2927 5431 2983 5486 ut
3008 5431 3106 5501 τῷ,
3146 5432 3372 5495 τέλειον,
3397 5431 3602 5489 referat

2018 5505 2133 5629 Ξίον
2180 5506 2345 5561 vitam
2394 5506 2695 5576 perfectam
2758 5502 2991 5574 Patapii,
3034 5502 3195 5571 cujus
3233 5503 3306 5558 sit
3360 5503 3602 5560 laudatio

2057 5590 2153 5629 aee.

2057 5590 2153 5630 ωε.

2092 5644 2204 5717 (88)
2241 5645 2428 5702 Plures
2456 5640 2679 5716 maioris
2707 5644 2910 5713 aliquid
2928 5643 3267 5699 emolumenti
3281 5645 3596 5717 percipiant.

2020 5715 2112 5771 Sic
2149 5715 2307 5772 nobis
2342 5715 2701 5771 formavimus
2741 5718 3003 5778 litteram,
3034 5730 3139 5767 non
3166 5723 3347 5768 tamen
3374 5716 3598 5769 omnino

2020 5788 2078 5839 lit
2125 5788 2281 5845 satis,
2333 5788 2413 5850 τὸ,
2461 5788 2603 5859 ὑπὲρ
2661 5787 2779 5859 τού,
2816 5786 2993 5859 fuerit
3044 5785 3191 5859 αντὶ,
3223 5785 3363 5855 ὑπὲρ
3388 5785 3594 5859 ἀύτσύ,

2018 5873 2212 5928 ροηψρ
2253 5859 2437 5925 λόγου.
2493 5854 2585 5911 Διί
2633 5856 2865 5925 proinde
2888 5856 2990 5912 crit
3044 5854 3097 5910 in
3149 5854 3423 5925 sequenti,
3452 5855 3619 5928 ὑπὲρ,

2014 5919 2110 5993 ὧν,
2136 5919 2383 5983 oratione
2413 5928 2563 5983 hiatu
2594 5919 2845 5997 abrupta.
