3950 6464
427 483 564 549 1235

1616 493 1675 551 S.
1718 493 2047 554 ΑΝΟΒΕᾹΞ
2086 496 2505 561 CllETENSlS

3562 506 3681 574 1236

425 596 610 650 omnia
634 593 1097 665 perscribuntur:
1133 595 1381 668 adeoque
1409 599 1695 670 continget
1727 611 1784 653 nt
1812 618 1878 655 ex
1913 604 2007 655 tali

2124 607 2533 679 ὲπικτήσονται·
2572 609 2648 674 ὥς
2670 627 2771 663 που
2798 612 2891 665 καί
2927 629 3091 683 φησιν
3118 615 3147 668 6
3176 617 3500 687 προφήτης,
3558 621 3683 691 πρὸς

426 687 731 750 auditione,
765 689 870 744 sibi
911 690 1166 745 nonnulli
1198 691 1395 761 {qulall
1438 708 1654 747 morum
1713 693 2006 749 honestate

423 782 593 834 vitam
628 789 978 850 comparent,
1012 782 1480 852 quemadmodum
1513 784 1592 838 ait
1617 786 1857 855 qundam
1883 788 2006 841 loco

425 874 696 946 propheta
723 874 835 947 (89)
865 874 1051 930 datam
1073 890 1104 930 a
1134 876 1247 933 Deo
1275 877 1330 932 iu
1358 877 1702 948 adjutorium
1729 880 2005 949 ejusmodi

428 981 562 1023 rem.
588 965 723 1021 Nam
755 982 879 1024 eum
897 970 1010 1024 vita
1029 978 1217 1025 nostra
1249 970 1321 1025 sit
1352 978 1622 1042 tanquam
1655 972 1767 1037 via,
1793 973 2007 1028 utrius-

424 1075 533 1130 que
583 1075 717 1116 vero
768 1062 837 1117 ad
905 1078 1026 1118 eam
1074 1062 1482 1134 gradiendam,
1542 1066 1742 1122 ductor
1779 1067 2004 1136 aliquis,

425 1167 525 1206 ceu
558 1152 683 1223 quis
719 1154 773 1207 in
810 1155 1052 1224 propriis
1093 1156 1253 1223 locis,
1305 1157 1521 1214 itineris
1557 1160 1903 1216 monstrandi
1942 1176 2009 1216 ac

426 1242 664 1299 ducatus
721 1245 957 1314 peritus,
992 1251 1182 1301 eorum
1213 1246 1451 1305 rudibus
1494 1257 1808 1319 quaeratur;
1862 1249 2005 1320 quod

426 1326 692 1405 scriptam
729 1338 1035 1408 spiritalem
1101 1338 1412 1394 doctrinam
1463 1350 1727 1411 prazstare
1777 1342 1844 1396 ad
1908 1342 2011 1397 iter

424 1426 766 1494 ejuscemodi
809 1438 1094 1484 ostensum
1132 1437 1237 1496 est,
1266 1431 1405 1487 bene
1438 1431 1797 1487 desideratis.

496 1518 636 1587 Quia
676 1522 850 1591 igitur
892 1524 1047 1580 solus
1093 1524 1214 1596 ipse
1248 1525 1338 1581 via
1379 1534 1465 1582 est
1510 1526 1781 1582 Dominus
1817 1534 2012 1581 noster

425 1609 591 1669 Jesus
641 1611 905 1670 Christus
934 1626 981 1682 ο,
1033 1618 1181 1672 velut
1236 1618 1386 1673 docti
1443 1618 1512 1673 ab
1545 1633 1650 1681 eo,
1701 1619 1925 1689 quando
1958 1628 2013 1674 et

427 1701 579 1757 istud
613 1702 823 1758 veritas
856 1711 963 1767 est,
993 1705 1266 1775 siquidem
1292 1707 1459 1762 etiam
1490 1708 1559 1762 ab
1593 1707 1713 1777 ipso
1742 1708 2010 1781 habemu_s

425 1793 599 1854 vitas,
662 1810 773 1849 non
822 1797 1131 1865 gravabor.
1163 1797 1282 1868 ipso
1339 1799 1471 1853 mihi
1514 1813 1820 1853 sermonem
1869 1799 2011 1855 hanc

426 1885 917 1953 suluninistrante,
952 1890 1099 1944 viam
1139 1890 1265 1944 vitae
1317 1889 1371 1945 in
1421 1889 1655 1945 veritate
1696 1890 2008 1946 ostendere.

426 1977 541 2049 Ego
591 1979 820 2050 (quippe
872 1996 1057 2052 operae
1096 1983 1337 2054 pretium
1389 1992 1474 2038 est
1528 1993 1586 2037 ut
1638 1993 1692 2039 et
1747 1984 2011 2055 deinceps

426 2071 576 2140 quod
612 2072 744 2127 mihi
786 2089 852 2129 ex
879 2074 1261 2130 inobedientia
1291 2076 1651 2132 commissum
1687 2086 1791 2144 est,
1841 2078 2016 2133 fatear

426 2164 660 2233 crimen,
704 2181 800 2222 seu
831 2167 1037 2238 potius,
1093 2176 1151 2224 ut
1196 2169 1347 2240 quod
1404 2169 1611 2225 factum
1667 2179 1775 2236 est,
1833 2170 2014 2226 dicam

425 2250 737 2312 oraculum'
784 2259 1060 2330 mirabile)
1117 2276 1244 2316 cum
1303 2262 1595 2333 segnitiem
1633 2264 1784 2318 velut
1816 2265 2018 2320 mentis

429 2350 709 2405 alumnam
749 2362 1087 2424 captassem,
1141 2362 1332 2422 aperta
1373 2355 1759 2426 increpatione
1797 2356 1873 2409 l‘ui
1911 2358 2015 2411 oh-

426 2442 714 2515 jurgatus,
744 2453 805 2500 ut.
861 2461 1085 2502 servum
1113 2463 1354 2518 nequam
1390 2448 1442 2514 ἀ,
1479 2449 1572 2520 qui
1603 2450 1745 2504 male
1779 2448 2017 2504 abscon-

428 2537 639 2593 dissem
689 2539 978 2608 talentum,
1012 2540 1343 2597 audiverim.
1376 2540 1491 2597 Nec
1546 2557 1635 2598 me
1690 2542 1818 2597 dico
1869 2558 2015 2607 esse,

429 2629 585 2685 velut
633 2646 743 2686 non
780 2632 909 2699 sim,
954 2639 1054 2688 aut
1092 2633 1248 2704 jacto
1295 2634 1577 2690 sermonis
1634 2634 1825 2690 rudem
1863 2649 1877 2689 :
1921 2635 2015 2691 sed

432 2721 557 2779 fore
588 2725 914 2794 pronuntio,
964 2732 1027 2781 ut
1075 2733 1323 2797 quantus
1377 2726 1617 2799 quisque
1662 2727 1735 2782 sit
1770 2727 1825 2782 in
1856 2726 2018 2781 bonis

430 2816 702 2887 operibus
749 2819 842 2886 sit,
884 2819 992 2875 hoc
1019 2827 1123 2885 est,
1162 2820 1279 2876 sive
1313 2819 1502 2876 videat
1554 2821 1608 2875 in
1663 2820 1770 2877 illis
1809 2834 1872 2873 ac
1906 2821 2021 2889 ipse

430 2910 733 2980 perspicax
765 2911 861 2979 sit,
899 2912 1016 2968 sive
1070 2912 1265 2969 audiat
1314 2923 1369 2969 et
1412 2911 1670 2968 doctrina
1721 2912 2017 2984 intelligat,
2052 2950 2057 2959 ι

430 3003 585 3058 velut
619 3004 712 3074 qui
751 3005 1119 3061 occultaverit
1151 3006 1446 3072 talentum,
1499 3005 1786 3077 puniatur,
1842 3005 1889 3061 si
1942 3012 2023 3059 ta-

431 3095 615 3151 cuerit
648 3110 663 3150 :
698 3104 871 3167 utque
912 3097 1145 3162 iterum,
1194 3096 1457 3168 quisquis
1508 3111 1767 3153 sermone
1815 3111 2022 3168 provo-

431 3184 615 3240 cando
643 3184 715 3240 ad
750 3200 891 3257 opus
926 3186 1388 3253 manifestaverit,
1431 3200 1460 3240 a
1501 3195 1655 3243 reatu
1686 3186 1827 3241 liber
1854 3186 2023 3256 justi-

2110 697 2363 769 βοήθειαν
2415 701 2659 756 τοιοῦτον
2714 702 2959 757 δεδόσθαι
2987 705 3179 775 χρῆμα
3231 707 3417 760 εἰπὼν
3444 709 3510 761 ὲκ
3538 708 3681 766 Θεοῦ.

2107 790 2221 844 Καὶ
2252 794 2359 863 γὰρ
2387 792 2636 866 ὦσπερ¹⁷
2665 794 2784 859 ὁδὸς
2809 796 2838 848 6
2870 795 2985 865 βίος
3019 798 3120 868 μὲν
3140 798 3305 870 ήμῶν
3336 800 3687 868 ἐνδείκνυται,

2107 885 2451 953 χειραγωγὺς
2476 886 2535 939 δὲ
2566 885 2701 957 πρὸς
2733 884 3081 958 ἀμφοτέρους
3109 890 3246 960 πρὸς
3277 890 3502 958 τοῦτον,
3531 893 3691 948 καθά-

2110 989 2214 1044 περ
2239 991 2322 1037 τις
2344 976 2401 1025 ἐν
2426 975 2614 1039 τόποις
2666 976 2841 1043 ἰδίοις,
2866 979 2981 1042 τοῖς
3011 978 3149 1049 πρὸς
3176 979 3422 1051 πορείαν
3444 982 3609 1035 αὑτοῦ
3639 985 3689 1037 ὲν

2108 1066 2318 1127 τούτοις
2363 1066 2513 1120 οὖσιν
2564 1069 2835 1140 ἀπείροις,
2895 1069 3144 1140 ζητεῖται
3173 1062 3320 1143 πρὸς
3344 1072 3581 1142 ὁδηγίαν
3609 1074 3696 1145 έμ-

2110 1173 2322 1228 πειρος,
2381 1157 2552 1223 οὓτως
2618 1161 3021 1233 ήγραφομένη
3076 1164 3442 1233 πνευματικὴ
3503 1163 3695 1233 Θεωρία

2111 1249 2248 1320 πρὸς
2280 1249 2342 1302 τὸ
2373 1250 2472 1323 τὴν
2525 1251 2753 1323 πορείαν
2804 1252 3019 1324 ἐδείχθη
3052 1252 3360 1321 ποιεῖσθαι,
3398 1252 3584 1318 καλῶς
3611 1269 3699 1307 πο-

2113 1339 2316 1395 θεϊσθε.

2197 1520 2347 1574 Ἐπεὶ
2397 1514 2490 1575 όῦν
2542 1523 2702 1593 μόνος
2758 1526 2923 1589 αὐτὸς
2975 1526 3214 1597 ὑπάρχει
3263 1526 3395 1589 ὁδὸς
3431 1528 3462 1579 6
3511 1527 3699 1594 Κύριος

2112 1610 2271 1681 ἡμῶν
2309 1611 2516 1683 Ἰησοῦς
2542 1616 2821 1685 κΧριστδς,
2855 1617 2930 1680 ὡς
2965 1617 3056 1670 ὑπ’
3087 1617 3255 1671 αὐτοῦ
3306 1618 3698 1688 διδαχθέντες’

2114 1702 2239 1757 ἐπεὶ
2286 1705 2382 1757 καὶ
2419 1705 2652 1776 ἀλήθεια
2680 1707 2741 1760 τὸ
2770 1708 3033 1773 τοιοῦτον,
3097 1710 3240 1778 ὑπὲρ
3273 1703 3358 1763 ὧν
3400 1711 3500 1762 καὶ
3525 1710 3585 1762 τὸ
3616 1709 3700 1779 ζῇν

2114 1795 2174 1864 ἐξ
2204 1798 2370 1852 αὑτοῦ
2412 1800 2713 1870 ἐσχηκότες
2733 1845 2745 1866 ,
2780 1801 2881 1873 τὴν
2907 1802 3023 1856 ὁδον
3051 1801 3338 1867 ὑποδεῖξαι
3375 1804 3439 1854 ὲν
3480 1802 3702 1871 ἀληθείᾳ

2114 1890 2212 1962 τῆς
2244 1890 2411 1961 ζωῆς,
2438 1892 2513 1962 μὴ
2543 1894 2890 1964 όκνήσωμεν,
2916 1893 3082 1949 αὐτοῦ
3108 1896 3200 1948 τὸν
3232 1896 3405 1964 λόγον
3429 1897 3567 1966 ἡμῖν
3590 1912 3701 1964 χορ-

2119 1982 2382 2052 ηγοῦντος
2434 1982 2645 2040 τοῦτον.
2710 1986 2852 2055 Ἐγώ
2902 2002 2917 2016 ο
2965 1987 3153 2041 λοιπὸν
3202 1989 3315 2059 γὰρ
3376 1987 3703 2057 ὁμολογῆσαι

2117 2076 2284 2130 καλὸν
2332 2076 2505 2131 καὶτὸ
2537 2078 2626 2132 διὰ
2667 2081 2954 2150 παρακοῆς
2983 2080 3213 2149 γενηθέν
3249 2099 3347 2150 μοι
3380 2079 3698 2150 ἁμάρτημα.

2121 2169 2321 2241 μᾶλλον
2345 2169 2401 2223 δὲ
2427 2171 2602 2225 εἰπεῖν
2631 2170 2947 2243 θαυμαστὸν
2999 2171 3255 2241 ἄκουσμα
3278 2187 3293 2202 ’
3325 2172 3429 2224 τὸν
3463 2169 3624 2223 ὄκνον
3644 2168 3703 2230 ὡς

2119 2261 2415 2333 σύντροφον
2460 2261 2687 2333 γνώμης
2736 2263 3153 2334 ἐπιλαϐόμενος,
3198 2262 3470 2334 φανερῶς
3516 2259 3702 2314 ὠνειδί-

2120 2356 2274 2426 σθην,
2294 2356 2368 2420 ὼς
2395 2356 2580 2420 δοῦλος
2605 2358 2779 2410 εἰπεῖν
2798 2356 3056 2427 ὀκνηρὸς,
3076 2356 3138 2409 τὸ
3160 2354 3442 2410 τάλαντον
3466 2351 3701 2422 πονηρῶς

2119 2450 2461 2522 ἀποκρύψαι.
2498 2451 2608 2504 Ka‘t
2623 2450 2722 2517 οὐχ
2749 2449 2826 2512 ὡς
2860 2449 2936 2521 μή
2963 2447 3096 2502 ὄντα
3131 2465 3198 2518 με
3222 2444 3399 2511 εἶναι,
3433 2446 3469 2518 ἢ
3503 2444 3701 2514 ἰδιώτην

2116 2544 2260 2613 λέγω
2303 2544 2395 2597 τοῦ
2429 2542 2593 2612 λόγου
2618 2557 2633 2572 ⁶
2677 2542 2793 2597 ἀλλ’
2822 2542 2907 2595 ὅτι
2960 2543 3055 2595 καὶ
3093 2541 3203 2604 πᾶς
3236 2541 3292 2603 ὃς
3337 2542 3441 2594 ἐὰν
3496 2539 3701 2607 γένηται

2118 2638 2175 2689 ἐν
2191 2637 2417 2704 ἀγαθοῖς
2444 2635 2628 2705 ἔργοις
2648 2653 2661 2665 ·
2690 2635 2974 2688 τουτέστιν
3006 2634 3118 2687 εῐτε
3152 2633 3376 2703 βλέπων
3398 2634 3461 2685 ἐν
3484 2629 3696 2692 τούτοις,

2119 2729 2228 2782 εἴτε
2259 2728 2317 2781 δὲ
2351 2728 2446 2781 καὶ
2480 2729 2717 2792 ἁκούων,
2766 2726 2973 2799 ὁμοίιος
2994 2725 3071 2789 ὡς
3097 2723 3493 2795 ἀποκρύπτων
3526 2722 3699 2774 τάλαν·

2118 2836 2210 2873 τον
2266 2817 2545 2888 βλέπεται,
2577 2819 2627 2871 εί
2654 2816 2857 2888 σιγήσῃ
2885 2834 2899 2848 ο
2949 2816 3042 2869 καὶ
3070 2813 3129 2878 ὃς
3158 2813 3323 2867 πάλιν
3391 2813 3535 2884 πρὸς
3560 2813 3697 2882 ἐργα-

2123 2911 2245 2966 σίαν
2276 2910 2369 2965 διὰ
2390 2910 2486 2963 τοῦ
2527 2909 2690 2979 λόγου
2726 2910 2775 2962 εἰ
2803 2907 3124 2979 φανερώσῃ,
3154 2904 3479 2960 δικαιοῦται
3512 2903 3697 2973 λυτρωο
3730 2912 3736 2917 ‘

2123 3004 2237 3069 θεὶς
2253 3005 2352 3074 τῆς
2369 3002 2774 3077 κατακρίσεως,
2806 2999 2876 3053 δι’
2891 2993 2966 3053 ὦν
2985 2998 3053 3052 τὰ
3081 2998 3173 3050 τοῦ
3199 2996 3340 3050 Θεοῦ
3370 2993 3697 3062 δικαιώματα

2124 3094 2440 3164 ἀποκρύψαι
2474 3094 2549 3157 ὼς
2578 3092 2837 3162 φθονερὸς
2868 3091 2969 3143 οὐκ
3018 3088 3253 3159 ἠθέλησε
3306 3085 3531 3148 δοῦλος.
3564 3083 3698 3137 Οὕτω

2130 3205 2221 3260 μοι
2249 3187 2396 3240 δοκεῖ
2425 3184 2520 3238 καλ⁵
2551 3184 2787 3256 μάλιστα
2818 3183 2932 3254 βίον
2963 3184 3219 3251 ἐνάρετον
3254 3176 3564 3246 γεγονότα·
3591 3176 3616 3227 ὁ
3636 3172 3697 3243 μὴ

430 3274 690 3333 ﬁcandns
717 3277 812 3344 sit,
842 3292 910 3334 co
939 3277 1091 3349 quod
1117 3277 1552 3349 justiﬁcationes
1595 3276 1692 3334 Dei
1737 3278 2020 3332 occultare

2125 3279 2224 3351 τήν
2250 3277 2470 3347 θέλησιν
2504 3270 2645 3329 εἶναι
2681 3274 2911 3344 θελήσας
2932 3273 3069 3346 πρὸς
3092 3270 3154 3325 τὸ
3185 3269 3540 3337 ἀναγγεῖλαι.
3577 3284 3594 3315 ι
3620 3264 3699 3324 Τίς

432 3368 700 3425 noluerit.
740 3368 819 3425 lta
853 3386 1091 3443 peccare
1130 3370 1270 3426 mihi
1310 3371 1555 3427 videtur.
1619 3369 1780 3426 Sicut
1828 3386 2023 3426 servus

434 3459 528 3515 ille
559 3461 863 3534 malignus,
898 3463 994 3534 qui
1015 3461 1386 3519 noluitvitam
1411 3462 1718 3518 virtutibus
1745 3463 2021 3518 illustrem

434 3552 765 3622 praedicare.
805 3573 823 3607 ι
860 3553 997 3622 Quis
1030 3555 1297 3629 loquetur
1328 3554 1608 3625 potentias
1660 3552 1903 3631 Domini,
1941 3554 2022 3607 in-

435 3647 586 3718 quit,
621 3647 849 3704 auditas
880 3648 1048 3707 faciet
1070 3664 1269 3707 omnes
1299 3648 1495 3704 laudes
1520 3648 1648 3720 ejus
1679 3648 1749 3703 οἳ
1779 3667 1799 3701 ι
1825 3646 2023 3703 Viden"

438 3747 499 3796 ut
532 3737 654 3797 laus
679 3741 802 3812 ejus
833 3757 897 3798 ex
937 3743 1261 3799 narratione
1290 3740 1717 3814 perspiciaturi
1755 3758 1774 3792 ι
1820 3739 2026 3795 Audite

437 3832 578 3901 haec,
610 3849 805 3889 omnes
836 3844 1031 3906 gentes
1054 3834 1102 3888 τ.
1130 3854 1149 3887 ι
1177 3832 1457 3900 Quorsum
1484 3847 1616 3888 vero
1638 3832 1662 3886 ’ἔ
1685 3831 1827 3899 Quia
1870 3850 1889 3883 ι
1925 3830 2028 3885 Do-

438 3926 627 3983 minus
679 3930 955 4000 regnavit,
1013 3927 1273 3984 decorem
1314 3924 1546 3982 indutus
1599 3933 1689 3982 est
1743 3926 1791 3978 8.
1842 3944 1860 3978 ι
1911 3922 2030 3979 Hoc

438 4026 526 4074 est
555 4036 569 4073 :
594 4016 708 4075 Nos
750 4020 809 4074 in
840 4021 1023 4091 seipse
1052 4019 1318 4091 praeclare
1366 4017 1668 4087 disposuit,
1702 4030 1765 4071 ac
1801 4030 1901 4072 ceu
1928 4030 2026 4070 ne-

439 4112 749 4168 cessarium
763 4122 1016 4168 ornatum
1067 4111 1331 4182 gestavit.
1354 4110 1570 4165 Idcirco
1595 4108 1648 4163 in
1670 4109 1783 4164 alio
1803 4123 2027 4164 rursum

439 4206 714 4276 propheta
774 4207 852 4262 ait
902 4204 923 4261 ':
984 4224 1004 4260 ι
1070 4205 1264 4262 Exalta
1319 4203 1377 4258 in
1436 4201 1767 4259 fortitudine
1836 4216 2028 4257 vocem

443 4305 593 4353 tuam
610 4298 640 4339 h
655 4298 792 4371 (90).
807 4298 999 4355 iJubet
1019 4299 1265 4356 exaltare
1281 4312 1497 4358 vocem,
1517 4298 1666 4351 velut
1686 4312 1798 4352 non
1823 4294 1896 4352 sit
1924 4310 2028 4350 vox

443 4391 550 4445 alia
594 4391 884 4447 sublimior
927 4408 1093 4464 quam
1141 4400 1202 4447 ut
1253 4396 1596 4447 enarrentur
1645 4388 1849 4444 divina:
1895 4388 2034 4443 artis

443 4498 610 4555 opera
642 4504 657 4541 :
695 4486 860 4557 cujus
917 4487 995 4541 rei
1046 4484 1318 4556 propheta
1354 4483 1411 4538 in
1445 4483 1681 4555 psalmis
1723 4481 1885 4538 testis
1917 4488 2027 4536 est.
2070 4520 2077 4527 .

444 4575 773 4647 Quanquam
823 4579 973 4633 enim
1020 4576 1364 4633 horrendum
1423 4575 1842 4632 incarnationis
1908 4573 2032 4643 ejus

448 4680 861 4726 sacramentum
897 4670 1234 4741 singularem
1268 4668 1569 4739 quamdam
1600 4666 2028 4723 admirationem

449 4762 677 4825 habeat,
716 4776 902 4817 verum
935 4761 1038 4815 fuit
1064 4760 1316 4815 exhibita
1347 4766 1500 4814 tanta
1532 4761 1651 4816 haec
1705 4758 2031 4813 misericors

449 4851 563 4919 dia,
601 4860 661 4906 ut
686 4851 1030 4908 edicerentur
1061 4850 1215 4924 digni
1253 4863 1447 4905 omnes
1495 4848 1631 4918 (9t).
1663 4847 1876 4917 Quippe
1909 4860 2025 4899 rem

535 5043 559 5072 ε
593 5032 753 5095 ιίοτιιι.
788 5047 896 5096 xw,
932 5033 983 5093 6.
1058 5035 1085 5075 δ
1117 5036 1319 5104 Matth,
1361 5048 1487 5099 xxv,
1516 5031 1605 5085 26.
1684 5038 1708 5079 φ
1745 5028 1892 5116 Psal.
1925 5044 2009 5091 αν,

2186 5024 2206 5064 ί
2237 5025 2380 5079 Psal.
2416 5024 2680 5087 suum?"

2123 3372 2348 3442 λαλήσει
2373 3370 2473 3434 τὰς
2501 3367 2829 3431 δυναστείας
2855 3365 2948 3420 τοῦ
2978 3365 3213 3435 Κυρίου,
3243 3365 3409 3435 φησι,
3448 3355 3699 3416 ἀκουστάς

2125 3464 2342 3535 ποιήσει
2390 3460 2570 3524 πάσας
2604 3461 2703 3523 τὰς
2749 3458 2989 3521 αἱνέσεις
3016 3456 3187 3510 αὑτοῦ
3221 3473 3236 3522 ;
3268 3475 3287 3509 ι
3327 3456 3504 3527 Ὀρᾷς
3533 3449 3696 3515 πῶςὴ

2125 3556 2331 3617 αίνεσις
2382 3550 2548 3606 αὐτοῦ
2576 3552 2642 3605 ὲκ
2668 3552 2978 3622 διηγήσεως
3010 3549 3270 3619 βλέπεται
3296 3566 3310 3611 ;
3357 3568 3378 3600 ‹
3414 3542 3696 3599 ’Λκούσατε

2124 3645 2320 3708 ταῦτα,
2351 3642 2532 3698 πάντα
2551 3641 2622 3696 τὰ
2642 3640 2791 3713 ἔθνη.
2808 3661 2825 3692 ι
2867 3642 3012 3711 Ἀρα
3033 3639 3182 3703 τίνος
3208 3638 3413 3701 ἓνεκας
3448 3638 3532 3690 ὅτι
3563 3654 3580 3686 ι
3605 3630 3697 3684 Κύ-

2130 3755 2246 3809 ριος
2274 3736 2620 3798 ἐϐασίλευσε,
2649 3733 2747 3787 καὶ
2779 3733 3117 3804 εὐπρέπειαν
3145 3730 3471 3785 ἐνεδύσατο.
3504 3748 3519 3780 ι
3557 3726 3701 3779 Τουτ-

2128 3829 2314 3882 έστιν’
2358 3827 2539 3898 Ἦμᾶς
2582 3828 2663 3890 είς
2715 3824 2909 3878 ἑαυτὸν
2965 3822 3344 3896 κατορθώσας,
3383 3822 3481 3876 καὶ
3536 3819 3699 3884 ὥσπερ

2130 3920 2373 3993 φορέσας
2398 3920 2680 3991 ὡραϊσμὸν
2701 3919 3023 3988 ἀναγκαῖον.
3052 3920 3151 3972 Διά
3188 3920 3352 3970 τοῦτο
3380 3915 3547 3969 πάλιν
3582 3910 3698 3978 φησί

2132 4014 2190 4068 ὲν
2223 4012 2395 4084 ἑτέρῳ
2446 4014 2734 4083 προφήτῃ·
2764 4008 2786 4084 [
2817 4028 2837 4062 ι
2875 4010 3134 4081 ’Υψωσον
3196 4008 3345 4079 ίσχύῖ
3407 4006 3507 4077 τὴν
3537 3999 3698 4072 φωνήν

2133 4123 2251 4161 σου.
2279 4124 2297 4159 ι
2325 4103 2348 4178 ]
2391 4103 2592 4174 ’Υψοῦν
2622 4104 2722 4175 τὴν
2764 4103 2949 4175 φωνὴν
2982 4102 3292 4173 ἐπιτρέπει.
3320 4101 3401 4163 ὡς
3433 4100 3534 4152 οὐκ
3567 4093 3697 4147 ἐστιν

2132 4200 2319 4255 ἐπάνω
2368 4196 2575 4268 ταύτης
2628 4196 2813 4268 ἑτέρα,
2846 4198 3000 4267 φησὶ,
3033 4195 3096 4248 τὸ
3123 4196 3300 4248 εἰπεῖν
3327 4194 3402 4247 τὰ
3429 4186 3595 4246 αὐτοῦ
3617 4185 3697 4251 δη-

2137 4291 2545 4363 μιουργήματαέ
2606 4290 2720 4343 Καὶ
2758 4288 2952 4342 τούτου
3016 4288 3231 4361 μάρτυς
3276 4287 3304 4338 6
3359 4287 3420 4338 ὲν
3474 4276 3699 4347 Ψαλμοῖς

2135 4381 2540 4456 προφητεύσας.
2592 4382 2704 4436 Καὶ
2731 4381 2842 4453 γὰρ
2869 4383 2918 4434 εί
2946 4381 3039 4433 καὶ
3070 4379 3134 4433 τὸ
3164 4378 3396 4450 φρικτὸν
3424 4370 3586 4429 αὑτοῦ
3616 4367 3698 4432 τῆς

2134 4476 2448 4546 οἰκονομίας
2486 4474 2786 4543 μυστήριον
2816 4472 3142 4542 παραδόξως
3180 4468 3550 4541 θαυμάζεται,
3582 4458 3698 4515 am

2135 4570 2224 4626 διὰ
2254 4570 2315 4623 τὸ
2337 4567 2592 4637 γενέσθαι
2637 4567 2848 4629 πάντας
2868 4566 2909 4597 ¹⁸
2945 4564 3186 4634 ἀξίουςή
3218 4566 3449 4631 τοιαύτη
3504 4552 3690 4622 ἐδείχθη

2142 4660 2706 4734 φιλανθρωπίαηκαὶ
2751 4660 2863 4729 γὰρ
2921 4657 3035 4712 ἄνω
3086 4656 3183 4710 καὶ
3249 4655 3423 4719 κάτω,
3451 4652 3519 4706 δι’
3548 4640 3616 4702 ὧν
3639 4641 3695 4695 τὰ

2143 4753 2321 4807 πάντα
2349 4752 2661 4821 γεγόνασιν,
2697 4750 2730 4818 ἠ
2758 4746 3008 4819 ἡμετέρα
3065 4745 3336 4799 δέδεικται
3368 4742 3550 4810 φύσις.
3585 4734 3694 4830 Asit-

2141 4844 2278 4915 τέρα
2341 4845 2439 4915 μὲν
2472 4841 2532 4908 ἐξ
2572 4838 2803 4910 οὐρανοῦ
2830 4857 2842 4870 ·
2901 4836 3095 4908 πρώτη
3119 4837 3177 4890 δὲ
3205 4836 3369 4891 πάλιν
3413 4834 3489 4896 ὡς
3518 4829 3583 4882 ὲκ
3603 4829 3694 4875 τῶν

2791 5025 2816 5063 ⁸
2847 5020 2994 5077 Psal.
3025 5035 3150 5088 xcn,
3183 5021 3229 5074 l.
3343 5017 3370 5055 ιι
3408 5016 3509 5070 Isa.
3548 5021 3624 5067 XL.
3646 5000 3688 5052 9-

1722 5204 1956 5271 νΑιιιΑς
1988 5200 2393 5258 LECTIONES.

534 5306 574 5338 ³⁷
609 5307 737 5379 Leg.
764 5305 939 5377 εἴπερ.
1022 5307 1066 5339 ¹⁸
1091 5306 1177 5363 ἵσ.
1208 5307 1447 5373 πάντως,

1727 5445 1733 5451 ’
1761 5459 2155 5518 consensu
2181 5454 2416 5513 norm.

531 5584 645 5655 (89)
690 5582 935 5655 Quodam
991 5583 1106 5636 loco
1158 5581 1434 5652 propheta.
1470 5578 1701 5655 Videtur
1736 5578 2035 5655 _respicere

457 5650 580 5713 eum
602 5650 783 5724 lacum
817 5654 958 5724 psal.
989 5650 1300 5724 chquen’r
1327 5651 1676 5724 postmodum
1700 5650 1851 5724 citat.

529 5726 644 5799 (90)
674 5718 894 5799 Είιςαιὶᾳ,
921 5732 1028 5780 etc.
1067 5718 1241 5799 Verba
1288 5718 1421 5799 hate
1441 5720 1736 5799 prophetae
1769 5718 2031 5789 adjuuxi-

458 5790 604 5866 mus,
634 5795 907 5867 explenda
932 5795 1117 5867 sensui
1139 5792 1460 5867 necessaria
1492 5808 1504 5844 :
1529 5804 1640 5867 quo
1666 5790 1831 5867 etiam
1865 5802 2030 5867 [nouo

460 5860 808 5941 postmodum
849 5865 1152 5941 desiderari
1204 5862 1467 5941 videntur
1495 5861 1656 5917 verba
1688 5860 2026 5922 Psalmistae,

462 5933 564 5999 nisi
594 5937 817 6008 respicit
846 5938 1011 6007 paulo
1043 5933 1297 6003 superius
1332 5933 1530 6002 posita.

2212 5572 2326 5647 (9')
2373 5540 3682 5661 ιέε,εωοενξηιξιςέὲξθηξερειξξεεες,Δέὲᾷὶὶῑξζῗσξῗῖ

2142 5626 2351 5708 πάντές
2378 5626 2584 5708 ἀξίοῧς.
2635 5626 2906 5711 Quodam"
2939 5636 3250 5711 ἀίῖῖηίιὲιῑίβ
3280 5626 3681 5711 εοηξίξτίίθέηῗξξ

2381 5690 2621 5768 Elidem
2645 5690 3076 5783 :‘lltodatnmodo
3124 5707 3182 5760 ﬁt
3226 5690 3281 5759 in
3326 5690 3677 5783 nobisjgflﬁ'ff

2165 5763 2353 5839 hau";
2398 5763 2884 5842 estmin—VChristo,
2930 5790 3255 5847 quanquam
3308 5763 3543 5835 analogia
3579 5763 3673 5853 “in:

2166 5872 2252 5876 η--
2310 5865 2363 5876 --.
2399 5856 2511 5876 ε---
2567 5852 2802 5876 .-με-Α..-
2839 5851 2969 5876 Α..,.ι
3029 5848 3093 5876 ,1η
3123 5842 3335 5876 σι’-...τιατ
3384 5840 3530 5876 .Innm
3556 5821 3649 5876 edis

2399 5830 3000 5925 ipsc'dndreasﬁrtft.
3027 5830 3354 5904 del'l‘ransf.
3384 5830 3530 5895 docte
3556 5830 3649 5883 ed"

2138 5927 2294 5990 serit.
