  <div class='ocr_page' id='page_1' title='image "/cluster/home/n/w/nwhite01/storage/ocr_20150623/97/coo.31924054870013/651.png"; bbox 0 0 3950 6452; ppageno 0'>
   <div class='ocr_carea' id='block_1_1' title="bbox 396 438 532 505">
    <p class='ocr_par' dir='ltr' id='par_1_1' title="bbox 396 438 532 505">
     <span class='ocr_line' id='line_1_1' title="bbox 396 438 532 505; baseline 0.029 -4"><span class='ocrx_word' id='word_1_1' title='bbox 396 438 532 505; x_wconf 60' lang='grc'><strong>1239</strong></span> 
     </span>
    </p>
   </div>
   <div class='ocr_carea' id='block_1_2' title="bbox 1587 445 2473 511">
    <p class='ocr_par' dir='ltr' id='par_1_2' title="bbox 1587 445 2473 511">
     <span class='ocr_line' id='line_1_2' title="bbox 1587 445 2473 511; baseline 0.006 -5"><span class='ocrx_word' id='word_1_2' title='bbox 1587 447 1646 510; x_wconf 86' lang='lat' dir='ltr'><strong>S.</strong></span> <span class='ocrx_word' id='word_1_3' title='bbox 1680 448 1783 509; x_wconf 89' lang='lat' dir='ltr'><strong>AN</strong></span> <span class='ocrx_word' id='word_1_4' title='bbox 1793 445 2013 507; x_wconf 63' lang='lat' dir='ltr'><strong>DREJE</strong></span> <span class='ocrx_word' id='word_1_5' title='bbox 2052 447 2473 511; x_wconf 78' lang='lat' dir='ltr'><strong>CRETENSIS</strong></span> 
     </span>
    </p>
   </div>
   <div class='ocr_carea' id='block_1_3' title="bbox 3535 447 3657 512">
    <p class='ocr_par' dir='ltr' id='par_1_3' title="bbox 3535 447 3657 512">
     <span class='ocr_line' id='line_1_3' title="bbox 3535 447 3657 512; baseline 0.016 -2"><span class='ocrx_word' id='word_1_6' title='bbox 3535 447 3657 512; x_wconf 67' lang='grc' dir='ltr'>ιειτ)</span> 
     </span>
    </p>
   </div>
   <div class='ocr_carea' id='block_1_4' title="bbox 393 546 1954 628">
    <p class='ocr_par' dir='ltr' id='par_1_4' title="bbox 393 546 1954 622">
     <span class='ocr_line' id='line_1_4' title="bbox 393 546 1954 622; baseline 0.005 -21"><span class='ocrx_word' id='word_1_7' title='bbox 393 558 503 604; x_wconf 85' lang='lat' dir='ltr'><strong>cat.</strong></span> <span class='ocrx_word' id='word_1_8' title='bbox 544 546 702 607; x_wconf 85' lang='lat' dir='ltr'><strong>Justa</strong></span> <span class='ocrx_word' id='word_1_9' title='bbox 740 566 908 622; x_wconf 90' lang='lat' dir='ltr'><strong>porro</strong></span> <span class='ocrx_word' id='word_1_10' title='bbox 940 551 1311 609; x_wconf 77' lang='lat' dir='ltr'><strong>damnationis</strong></span> <span class='ocrx_word' id='word_1_11' title='bbox 1342 567 1512 609; x_wconf 88' lang='lat' dir='ltr'><strong>causa</strong></span> <span class='ocrx_word' id='word_1_12' title='bbox 1544 569 1607 610; x_wconf 90' lang='lat' dir='ltr'><strong>ea</strong></span> <span class='ocrx_word' id='word_1_13' title='bbox 1626 564 1750 610; x_wconf 90' lang='lat' dir='ltr'><strong>erat</strong></span> <span class='ocrx_word' id='word_1_14' title='bbox 1780 555 1954 610; x_wconf 88' lang='lat' dir='ltr'><strong>:Ecce</strong></span> 
     </span>
    </p>
   </div>
   <div class='ocr_carea' id='block_1_5' title="bbox 2062 546 3654 628">
    <p class='ocr_par' dir='ltr' id='par_1_5' title="bbox 2087 551 3654 628">
     <span class='ocr_line' id='line_1_5' title="bbox 2087 551 3654 628; baseline 0.001 -21"><span class='ocrx_word' id='word_1_15' title='bbox 2087 556 2348 623; x_wconf 80' lang='grc' dir='ltr'>εὐλόγως.</span> <span class='ocrx_word' id='word_1_16' title='bbox 2379 557 2451 610; x_wconf 83' lang='grc' dir='ltr'><strong>Τὸ</strong></span> <span class='ocrx_word' id='word_1_17' title='bbox 2481 556 2538 611; x_wconf 83' lang='grc' dir='ltr'><strong>δὲ</strong></span> <span class='ocrx_word' id='word_1_18' title='bbox 2569 556 2668 627; x_wconf 80' lang='grc' dir='ltr'>τῆς</span> <span class='ocrx_word' id='word_1_19' title='bbox 2697 554 3079 627; x_wconf 76' lang='grc' dir='ltr'><strong>κατακρίσεως</strong></span> <span class='ocrx_word' id='word_1_20' title='bbox 3125 553 3353 622; x_wconf 78' lang='grc' dir='ltr'>εὔλογον</span> <span class='ocrx_word' id='word_1_21' title='bbox 3389 551 3545 610; x_wconf 72' lang='grc' dir='ltr'>τοῦτο</span> <span class='ocrx_word' id='word_1_22' title='bbox 3567 552 3654 628; x_wconf 82' lang='grc' dir='ltr'><strong>ἦν·</strong></span> 
     </span>
    </p>
   </div>
   <div class='ocr_carea' id='block_1_6' title="bbox 393 641 1977 718">
    <p class='ocr_par' dir='ltr' id='par_1_6' title="bbox 393 641 1977 718">
     <span class='ocr_line' id='line_1_6' title="bbox 393 641 1977 718; baseline 0.008 -24"><span class='ocrx_word' id='word_1_23' title='bbox 393 641 595 712; x_wconf 88' lang='lat' dir='ltr'><strong>inquit,</strong></span> <span class='ocrx_word' id='word_1_24' title='bbox 633 641 840 700; x_wconf 83' lang='lat' dir='ltr'><strong>fratres</strong></span> <span class='ocrx_word' id='word_1_25' title='bbox 861 684 876 708; x_wconf 96' lang='lat'><strong>,</strong></span> <span class='ocrx_word' id='word_1_26' title='bbox 922 644 1079 700; x_wconf 84' lang='lat' dir='ltr'><strong>vobis</strong></span> <span class='ocrx_word' id='word_1_27' title='bbox 1111 647 1392 708; x_wconf 85' lang='lat' dir='ltr'><strong>omnibus,</strong></span> <span class='ocrx_word' id='word_1_28' title='bbox 1430 646 1511 702; x_wconf 91' lang='lat' dir='ltr'><strong>sic</strong></span> <span class='ocrx_word' id='word_1_29' title='bbox 1533 648 1699 718; x_wconf 86' lang='lat' dir='ltr'><strong>plane</strong></span> <span class='ocrx_word' id='word_1_30' title='bbox 1732 649 1845 705; x_wconf 91' lang='lat' dir='ltr'><strong>Deo</strong></span> <span class='ocrx_word' id='word_1_31' title='bbox 1876 666 1977 706; x_wconf 84' lang='lat' dir='ltr'><strong>vo-</strong></span> 
     </span>
    </p>
   </div>
   <div class='ocr_carea' id='block_1_7' title="bbox 391 733 1974 808">
    <p class='ocr_par' dir='ltr' id='par_1_7' title="bbox 391 733 1974 808">
     <span class='ocr_line' id='line_1_7' title="bbox 391 733 1974 808; baseline 0.006 -19"><span class='ocrx_word' id='word_1_32' title='bbox 391 735 562 799; x_wconf 83' lang='lat' dir='ltr'><strong>lente,</strong></span> <span class='ocrx_word' id='word_1_33' title='bbox 619 733 801 791; x_wconf 86' lang='lat' dir='ltr'><strong>factus</strong></span> <span class='ocrx_word' id='word_1_34' title='bbox 834 752 957 792; x_wconf 90' lang='lat' dir='ltr'><strong>sum</strong></span> <span class='ocrx_word' id='word_1_35' title='bbox 996 739 1258 795; x_wconf 87' lang='lat' dir='ltr'><strong>amicus:</strong></span> <span class='ocrx_word' id='word_1_36' title='bbox 1307 739 1439 796; x_wconf 82' lang='lat' dir='ltr'><strong>huic</strong></span> <span class='ocrx_word' id='word_1_37' title='bbox 1494 751 1677 798; x_wconf 89' lang='lat' dir='ltr'><strong>autem</strong></span> <span class='ocrx_word' id='word_1_38' title='bbox 1739 743 1974 808; x_wconf 89' lang='lat' dir='ltr'><strong>homini.</strong></span> 
     </span>
    </p>
   </div>
   <div class='ocr_carea' id='block_1_8' title="bbox 388 823 1977 896">
    <p class='ocr_par' dir='ltr' id='par_1_8' title="bbox 388 823 1977 896">
     <span class='ocr_line' id='line_1_8' title="bbox 388 823 1977 896; baseline 0.009 -21"><span class='ocrx_word' id='word_1_39' title='bbox 388 824 542 877; x_wconf 88' lang='lat' dir='ltr'><strong>velut</strong></span> <span class='ocrx_word' id='word_1_40' title='bbox 568 823 853 881; x_wconf 75' lang='lat' dir='ltr'><strong>abortivus</strong></span> <span class='ocrx_word' id='word_1_41' title='bbox 882 826 1146 884; x_wconf 90' lang='lat' dir='ltr'><strong>iuventus</strong></span> <span class='ocrx_word' id='word_1_42' title='bbox 1177 844 1298 884; x_wconf 92' lang='lat' dir='ltr'><strong>sum</strong></span> <span class='ocrx_word' id='word_1_43' title='bbox 1320 869 1336 896; x_wconf 93' lang='lat'><strong>,</strong></span> <span class='ocrx_word' id='word_1_44' title='bbox 1376 830 1450 885; x_wconf 87' lang='lat' dir='ltr'><strong>ita</strong></span> <span class='ocrx_word' id='word_1_45' title='bbox 1490 834 1829 889; x_wconf 81' lang='lat' dir='ltr'><strong>contumelia</strong></span> <span class='ocrx_word' id='word_1_46' title='bbox 1862 833 1977 889; x_wconf 75' lang='lat' dir='ltr'><strong>alli-</strong></span> 
     </span>
    </p>
   </div>
   <div class='ocr_carea' id='block_1_9' title="bbox 386 915 1973 997">
    <p class='ocr_par' dir='ltr' id='par_1_9' title="bbox 386 915 1973 997">
     <span class='ocr_line' id='line_1_9' title="bbox 386 915 1973 997; baseline 0.009 -29"><span class='ocrx_word' id='word_1_47' title='bbox 386 915 465 968; x_wconf 84' lang='lat' dir='ltr'><strong>cit</strong></span> <span class='ocrx_word' id='word_1_48' title='bbox 502 931 516 970; x_wconf 88' lang='lat'><strong>:</strong></span> <span class='ocrx_word' id='word_1_49' title='bbox 550 915 667 971; x_wconf 85' lang='lat' dir='ltr'><strong>sive</strong></span> <span class='ocrx_word' id='word_1_50' title='bbox 692 917 921 972; x_wconf 90' lang='lat' dir='ltr'><strong>omnino</strong></span> <span class='ocrx_word' id='word_1_51' title='bbox 950 933 1012 972; x_wconf 87' lang='lat' dir='ltr'><strong>ea</strong></span> <span class='ocrx_word' id='word_1_52' title='bbox 1049 935 1107 975; x_wconf 92' lang='lat' dir='ltr'><strong>se</strong></span> <span class='ocrx_word' id='word_1_53' title='bbox 1135 936 1194 975; x_wconf 91' lang='lat' dir='ltr'><strong>re</strong></span> <span class='ocrx_word' id='word_1_54' title='bbox 1229 924 1386 979; x_wconf 80' lang='lat' dir='ltr'><strong>vobis</strong></span> <span class='ocrx_word' id='word_1_55' title='bbox 1418 924 1581 994; x_wconf 90' lang='lat' dir='ltr'><strong>plane</strong></span> <span class='ocrx_word' id='word_1_56' title='bbox 1627 928 1973 997; x_wconf 81' lang='lat' dir='ltr'><strong>superiorem</strong></span> 
     </span>
    </p>
   </div>
   <div class='ocr_carea' id='block_1_10' title="bbox 384 1003 1973 1081">
    <p class='ocr_par' dir='ltr' id='par_1_10' title="bbox 384 1003 1973 1081">
     <span class='ocr_line' id='line_1_10' title="bbox 384 1003 1973 1081; baseline 0.014 -28"><span class='ocrx_word' id='word_1_57' title='bbox 384 1003 508 1057; x_wconf 79' lang='lat' dir='ltr'><strong>vult</strong></span> <span class='ocrx_word' id='word_1_58' title='bbox 572 1006 888 1073; x_wconf 84' lang='lat' dir='ltr'><strong>ostendere,</strong></span> <span class='ocrx_word' id='word_1_59' title='bbox 944 1023 1157 1081; x_wconf 89' lang='lat' dir='ltr'><strong>vosque</strong></span> <span class='ocrx_word' id='word_1_60' title='bbox 1222 1013 1605 1072; x_wconf 86' lang='lat' dir='ltr'><strong>calumniatur</strong></span> <span class='ocrx_word' id='word_1_61' title='bbox 1658 1032 1862 1074; x_wconf 90' lang='lat' dir='ltr'><strong>novum</strong></span> <span class='ocrx_word' id='word_1_62' title='bbox 1913 1036 1973 1077; x_wconf 87' lang='lat' dir='ltr'><strong>se</strong></span> 
     </span>
    </p>
   </div>
   <div class='ocr_carea' id='block_1_11' title="bbox 384 1092 1973 1169">
    <p class='ocr_par' dir='ltr' id='par_1_11' title="bbox 384 1092 1973 1169">
     <span class='ocr_line' id='line_1_11' title="bbox 384 1092 1973 1169; baseline 0.011 -19"><span class='ocrx_word' id='word_1_63' title='bbox 384 1092 727 1152; x_wconf 75' lang='lat' dir='ltr'><strong>Pharisaeum</strong></span> <span class='ocrx_word' id='word_1_64' title='bbox 761 1099 1059 1165; x_wconf 82' lang='lat' dir='ltr'><strong>exhibens,</strong></span> <span class='ocrx_word' id='word_1_65' title='bbox 1088 1104 1204 1159; x_wconf 87' lang='lat' dir='ltr'><strong>sive</strong></span> <span class='ocrx_word' id='word_1_66' title='bbox 1231 1120 1365 1162; x_wconf 85' lang='lat' dir='ltr'><strong>sane</strong></span> <span class='ocrx_word' id='word_1_67' title='bbox 1403 1107 1455 1161; x_wconf 91' lang='lat' dir='ltr'><strong>id</strong></span> <span class='ocrx_word' id='word_1_68' title='bbox 1492 1124 1557 1163; x_wconf 82' lang='lat' dir='ltr'><strong>ex</strong></span> <span class='ocrx_word' id='word_1_69' title='bbox 1591 1109 1795 1166; x_wconf 80' lang='lat' dir='ltr'><strong>invidia</strong></span> <span class='ocrx_word' id='word_1_70' title='bbox 1832 1112 1885 1166; x_wconf 91' lang='lat' dir='ltr'><strong>in</strong></span> <span class='ocrx_word' id='word_1_71' title='bbox 1914 1128 1973 1169; x_wconf 90' lang='lat' dir='ltr'><strong>se</strong></span> 
     </span>
    </p>
   </div>
   <div class='ocr_carea' id='block_1_12' title="bbox 384 1187 1971 1276">
    <p class='ocr_par' dir='ltr' id='par_1_12' title="bbox 384 1187 1971 1276">
     <span class='ocr_line' id='line_1_12' title="bbox 384 1187 1971 1276; baseline 0.012 -35"><span class='ocrx_word' id='word_1_72' title='bbox 384 1187 503 1256; x_wconf 77' lang='lat' dir='ltr'><strong>ipse</strong></span> <span class='ocrx_word' id='word_1_73' title='bbox 534 1199 730 1260; x_wconf 85' lang='lat' dir='ltr'><strong>peccat</strong></span> <span class='ocrx_word' id='word_1_74' title='bbox 754 1211 770 1256; x_wconf 83' lang='lat'><strong><em>;</em></strong></span> <span class='ocrx_word' id='word_1_75' title='bbox 814 1209 927 1248; x_wconf 90' lang='lat' dir='ltr'><strong>non</strong></span> <span class='ocrx_word' id='word_1_76' title='bbox 963 1197 1241 1254; x_wconf 85' lang='lat' dir='ltr'><strong>reveritus</strong></span> <span class='ocrx_word' id='word_1_77' title='bbox 1272 1215 1411 1270; x_wconf 86' lang='lat' dir='ltr'><strong>quas</strong></span> <span class='ocrx_word' id='word_1_78' title='bbox 1449 1201 1553 1256; x_wconf 89' lang='lat' dir='ltr'><strong>mei</strong></span> <span class='ocrx_word' id='word_1_79' title='bbox 1599 1203 1837 1260; x_wconf 89' lang='lat' dir='ltr'><strong>studiosi</strong></span> <span class='ocrx_word' id='word_1_80' title='bbox 1870 1221 1971 1276; x_wconf 87' lang='lat' dir='ltr'><strong>pro</strong></span> 
     </span>
    </p>
   </div>
   <div class='ocr_carea' id='block_1_13' title="bbox 381 1283 1972 1366">
    <p class='ocr_par' dir='ltr' id='par_1_13' title="bbox 381 1283 1972 1366">
     <span class='ocr_line' id='line_1_13' title="bbox 381 1283 1972 1366; baseline 0.013 -33"><span class='ocrx_word' id='word_1_81' title='bbox 381 1296 472 1336; x_wconf 85' lang='lat' dir='ltr'><strong>me</strong></span> <span class='ocrx_word' id='word_1_82' title='bbox 507 1283 780 1339; x_wconf 85' lang='lat' dir='ltr'><strong>adhibent</strong></span> <span class='ocrx_word' id='word_1_83' title='bbox 811 1287 1276 1358; x_wconf 86' lang='lat' dir='ltr'><strong>supplicationes,</strong></span> <span class='ocrx_word' id='word_1_84' title='bbox 1317 1302 1378 1347; x_wconf 91' lang='lat' dir='ltr'><strong>ut</strong></span> <span class='ocrx_word' id='word_1_85' title='bbox 1407 1294 1539 1349; x_wconf 89' lang='lat' dir='ltr'><strong>mihi</strong></span> <span class='ocrx_word' id='word_1_86' title='bbox 1574 1296 1788 1366; x_wconf 85' lang='lat' dir='ltr'><strong>scripto</strong></span> <span class='ocrx_word' id='word_1_87' title='bbox 1819 1298 1972 1353; x_wconf 85' lang='lat' dir='ltr'><strong>testi-</strong></span> 
     </span>
    </p>
   </div>
   <div class='ocr_carea' id='block_1_14' title="bbox 379 1373 1971 1458">
    <p class='ocr_par' dir='ltr' id='par_1_14' title="bbox 379 1373 1971 1458">
     <span class='ocr_line' id='line_1_14' title="bbox 379 1373 1971 1458; baseline 0.014 -34"><span class='ocrx_word' id='word_1_88' title='bbox 379 1373 631 1430; x_wconf 83' lang='lat' dir='ltr'><strong>monium</strong></span> <span class='ocrx_word' id='word_1_89' title='bbox 683 1375 921 1445; x_wconf 87' lang='lat' dir='ltr'><strong>deferat,</strong></span> <span class='ocrx_word' id='word_1_90' title='bbox 964 1380 1196 1453; x_wconf 87' lang='lat' dir='ltr'><strong>Deoque</strong></span> <span class='ocrx_word' id='word_1_91' title='bbox 1244 1383 1461 1452; x_wconf 82' lang='lat' dir='ltr'><strong>offerat,</strong></span> <span class='ocrx_word' id='word_1_92' title='bbox 1494 1389 1649 1457; x_wconf 76' lang='lat' dir='ltr'><strong>juxta</strong></span> <span class='ocrx_word' id='word_1_93' title='bbox 1681 1390 1802 1458; x_wconf 88' lang='lat' dir='ltr'><strong>ejus</strong></span> <span class='ocrx_word' id='word_1_94' title='bbox 1836 1390 1971 1445; x_wconf 83' lang='lat' dir='ltr'><strong>viri-</strong></span> 
     </span>
    </p>
   </div>
   <div class='ocr_carea' id='block_1_15' title="bbox 378 1465 1965 1551">
    <p class='ocr_par' dir='ltr' id='par_1_15' title="bbox 378 1465 1965 1551">
     <span class='ocr_line' id='line_1_15' title="bbox 378 1465 1965 1551; baseline 0.013 -32"><span class='ocrx_word' id='word_1_95' title='bbox 378 1465 488 1520; x_wconf 87' lang='lat' dir='ltr'><strong>lem</strong></span> <span class='ocrx_word' id='word_1_96' title='bbox 513 1468 751 1524; x_wconf 83' lang='lat' dir='ltr'><strong>maxime</strong></span> <span class='ocrx_word' id='word_1_97' title='bbox 775 1472 1105 1542; x_wconf 83' lang='lat' dir='ltr'><strong>sapientiam</strong></span> <span class='ocrx_word' id='word_1_98' title='bbox 1128 1476 1483 1549; x_wconf 87' lang='lat' dir='ltr'><strong>nominisque</strong></span> <span class='ocrx_word' id='word_1_99' title='bbox 1507 1481 1965 1551; x_wconf 85' lang='lat' dir='ltr'><strong>appellationem:</strong></span> 
     </span>
    </p>
   </div>
   <div class='ocr_carea' id='block_1_16' title="bbox 376 1561 1967 1646">
    <p class='ocr_par' dir='ltr' id='par_1_16' title="bbox 376 1561 1967 1646">
     <span class='ocr_line' id='line_1_16' title="bbox 376 1561 1967 1646; baseline 0.015 -36"><span class='ocrx_word' id='word_1_100' title='bbox 376 1565 669 1629; x_wconf 83' lang='lat' dir='ltr'><strong>tanquam,</strong></span> <span class='ocrx_word' id='word_1_101' title='bbox 700 1561 953 1634; x_wconf 88' lang='lat' dir='ltr'><strong>inquam,</strong></span> <span class='ocrx_word' id='word_1_102' title='bbox 986 1567 1077 1621; x_wconf 90' lang='lat' dir='ltr'><strong>cui</strong></span> <span class='ocrx_word' id='word_1_103' title='bbox 1110 1582 1267 1624; x_wconf 92' lang='lat' dir='ltr'><strong>mens</strong></span> <span class='ocrx_word' id='word_1_104' title='bbox 1298 1569 1373 1625; x_wconf 87' lang='lat' dir='ltr'><strong>sit</strong></span> <span class='ocrx_word' id='word_1_105' title='bbox 1425 1570 1723 1635; x_wconf 88' lang='lat' dir='ltr'><strong>instructa.</strong></span> <span class='ocrx_word' id='word_1_106' title='bbox 1762 1590 1967 1646; x_wconf 87' lang='lat' dir='ltr'><strong>suppe-</strong></span> 
     </span>
    </p>
   </div>
   <div class='ocr_carea' id='block_1_17' title="bbox 374 1655 1965 1724">
    <p class='ocr_par' dir='ltr' id='par_1_17' title="bbox 374 1655 1965 1724">
     <span class='ocr_line' id='line_1_17' title="bbox 374 1655 1965 1724; baseline 0.012 -18"><span class='ocrx_word' id='word_1_107' title='bbox 374 1657 573 1722; x_wconf 86' lang='lat' dir='ltr'><strong>tatque</strong></span> <span class='ocrx_word' id='word_1_108' title='bbox 606 1655 884 1712; x_wconf 87' lang='lat' dir='ltr'><strong>orationis</strong></span> <span class='ocrx_word' id='word_1_109' title='bbox 917 1655 1159 1715; x_wconf 79' lang='lat' dir='ltr'><strong>facultas</strong></span> <span class='ocrx_word' id='word_1_110' title='bbox 1206 1661 1272 1715; x_wconf 91' lang='lat' dir='ltr'><strong>ad</strong></span> <span class='ocrx_word' id='word_1_111' title='bbox 1329 1672 1651 1718; x_wconf 88' lang='lat' dir='ltr'><strong>accuratam</strong></span> <span class='ocrx_word' id='word_1_112' title='bbox 1686 1666 1965 1724; x_wconf 89' lang='lat' dir='ltr'><strong>laudatio-</strong></span> 
     </span>
    </p>
   </div>
   <div class='ocr_carea' id='block_1_18' title="bbox 372 1749 1965 1828">
    <p class='ocr_par' dir='ltr' id='par_1_18' title="bbox 372 1749 1965 1828">
     <span class='ocr_line' id='line_1_18' title="bbox 372 1749 1965 1828; baseline 0.013 -30"><span class='ocrx_word' id='word_1_113' title='bbox 372 1758 504 1799; x_wconf 84' lang='lat' dir='ltr'><strong>nem</strong></span> <span class='ocrx_word' id='word_1_114' title='bbox 531 1764 545 1801; x_wconf 92' lang='lat'><strong>:</strong></span> <span class='ocrx_word' id='word_1_115' title='bbox 576 1762 752 1817; x_wconf 86' lang='lat' dir='ltr'><strong>quare</strong></span> <span class='ocrx_word' id='word_1_116' title='bbox 776 1749 948 1805; x_wconf 91' lang='lat' dir='ltr'><strong>etiam</strong></span> <span class='ocrx_word' id='word_1_117' title='bbox 976 1751 1187 1823; x_wconf 87' lang='lat' dir='ltr'><strong>dignus</strong></span> <span class='ocrx_word' id='word_1_118' title='bbox 1224 1753 1404 1811; x_wconf 82' lang='lat' dir='ltr'><strong>Cretae</strong></span> <span class='ocrx_word' id='word_1_119' title='bbox 1431 1758 1733 1828; x_wconf 90' lang='lat' dir='ltr'><strong>episcopus</strong></span> <span class='ocrx_word' id='word_1_120' title='bbox 1782 1759 1965 1819; x_wconf 88' lang='lat' dir='ltr'><strong>factus</strong></span> 
     </span>
    </p>
   </div>
   <div class='ocr_carea' id='block_1_19' title="bbox 374 1839 1963 1922">
    <p class='ocr_par' dir='ltr' id='par_1_19' title="bbox 374 1839 1963 1922">
     <span class='ocr_line' id='line_1_19' title="bbox 374 1839 1963 1922; baseline 0.013 -31"><span class='ocrx_word' id='word_1_121' title='bbox 374 1846 480 1902; x_wconf 88' lang='lat' dir='ltr'><strong>est,</strong></span> <span class='ocrx_word' id='word_1_122' title='bbox 518 1839 877 1898; x_wconf 85' lang='lat' dir='ltr'><strong>rationaliqu</strong></span> <span class='ocrx_word' id='word_1_123' title='bbox 918 1844 969 1900; x_wconf 89' lang='lat' dir='ltr'><strong>ei</strong></span> <span class='ocrx_word' id='word_1_124' title='bbox 1005 1846 1190 1901; x_wconf 92' lang='lat' dir='ltr'><strong>ovium</strong></span> <span class='ocrx_word' id='word_1_125' title='bbox 1233 1849 1476 1919; x_wconf 86' lang='lat' dir='ltr'><strong>spiritali</strong></span> <span class='ocrx_word' id='word_1_126' title='bbox 1520 1852 1661 1922; x_wconf 88' lang='lat' dir='ltr'><strong>pedo</strong></span> <span class='ocrx_word' id='word_1_127' title='bbox 1691 1853 1963 1914; x_wconf 90' lang='lat' dir='ltr'><strong>divinitus</strong></span> 
     </span>
    </p>
   </div>
   <div class='ocr_carea' id='block_1_20' title="bbox 374 1929 1967 2007">
    <p class='ocr_par' dir='ltr' id='par_1_20' title="bbox 374 1929 1967 2007">
     <span class='ocr_line' id='line_1_20' title="bbox 374 1929 1967 2007; baseline 0.014 -24"><span class='ocrx_word' id='word_1_128' title='bbox 374 1929 579 1987; x_wconf 86' lang='lat' dir='ltr'><strong>tradito</strong></span> <span class='ocrx_word' id='word_1_129' title='bbox 618 1940 787 2005; x_wconf 89' lang='lat' dir='ltr'><strong>atque</strong></span> <span class='ocrx_word' id='word_1_130' title='bbox 819 1944 1031 2007; x_wconf 90' lang='lat' dir='ltr'><strong>aptato.</strong></span> <span class='ocrx_word' id='word_1_131' title='bbox 1063 1937 1338 1996; x_wconf 80' lang='lat' dir='ltr'><strong>Caeterum</strong></span> <span class='ocrx_word' id='word_1_132' title='bbox 1366 1956 1486 1997; x_wconf 87' lang='lat' dir='ltr'><strong>eam</strong></span> <span class='ocrx_word' id='word_1_133' title='bbox 1522 1959 1636 2000; x_wconf 89' lang='lat' dir='ltr'><strong>rem</strong></span> <span class='ocrx_word' id='word_1_134' title='bbox 1668 1947 1967 2005; x_wconf 90' lang='lat' dir='ltr'><strong>moliturus</strong></span> 
     </span>
    </p>
   </div>
   <div class='ocr_carea' id='block_1_21' title="bbox 372 2024 1962 2105">
    <p class='ocr_par' dir='ltr' id='par_1_21' title="bbox 372 2024 1962 2105">
     <span class='ocr_line' id='line_1_21' title="bbox 372 2024 1962 2105; baseline 0.012 -30"><span class='ocrx_word' id='word_1_135' title='bbox 372 2028 459 2076; x_wconf 85' lang='lat' dir='ltr'><strong>est</strong></span> <span class='ocrx_word' id='word_1_136' title='bbox 483 2024 831 2081; x_wconf 90' lang='lat' dir='ltr'><strong>sanctissimi</strong></span> <span class='ocrx_word' id='word_1_137' title='bbox 867 2026 1115 2098; x_wconf 90' lang='lat' dir='ltr'><strong>Spiritus</strong></span> <span class='ocrx_word' id='word_1_138' title='bbox 1146 2032 1374 2089; x_wconf 86' lang='lat' dir='ltr'><strong>virtute.</strong></span> <span class='ocrx_word' id='word_1_139' title='bbox 1410 2032 1732 2105; x_wconf 85' lang='lat' dir='ltr'><strong>Enimvero,</strong></span> <span class='ocrx_word' id='word_1_140' title='bbox 1770 2053 1805 2094; x_wconf 91' lang='grc' dir='ltr'><strong>ο</strong></span> <span class='ocrx_word' id='word_1_141' title='bbox 1835 2039 1962 2103; x_wconf 92' lang='lat' dir='ltr'><strong>viri,</strong></span> 
     </span>
    </p>
   </div>
   <div class='ocr_carea' id='block_1_22' title="bbox 372 2115 1966 2190">
    <p class='ocr_par' dir='ltr' id='par_1_22' title="bbox 372 2115 1966 2190">
     <span class='ocr_line' id='line_1_22' title="bbox 372 2115 1966 2190; baseline 0.014 -23"><span class='ocrx_word' id='word_1_142' title='bbox 372 2129 510 2169; x_wconf 87' lang='lat' dir='ltr'><strong>sana</strong></span> <span class='ocrx_word' id='word_1_143' title='bbox 544 2115 661 2173; x_wconf 64' lang='lat' dir='ltr'><strong>haec</strong></span> <span class='ocrx_word' id='word_1_144' title='bbox 683 2126 871 2176; x_wconf 89' lang='lat' dir='ltr'><strong>mente</strong></span> <span class='ocrx_word' id='word_1_145' title='bbox 899 2121 1156 2190; x_wconf 89' lang='lat' dir='ltr'><strong>audiens,</strong></span> <span class='ocrx_word' id='word_1_146' title='bbox 1201 2133 1443 2182; x_wconf 85' lang='lat' dir='ltr'><strong>tremore</strong></span> <span class='ocrx_word' id='word_1_147' title='bbox 1469 2142 1535 2183; x_wconf 88' lang='lat' dir='ltr'><strong>ac</strong></span> <span class='ocrx_word' id='word_1_148' title='bbox 1571 2130 1771 2188; x_wconf 85' lang='lat' dir='ltr'><strong>timore</strong></span> <span class='ocrx_word' id='word_1_149' title='bbox 1790 2134 1966 2190; x_wconf 91' lang='lat' dir='ltr'><strong>multo</strong></span> 
     </span>
    </p>
   </div>
   <div class='ocr_carea' id='block_1_23' title="bbox 371 2212 1965 2287">
    <p class='ocr_par' dir='ltr' id='par_1_23' title="bbox 371 2212 1965 2287">
     <span class='ocr_line' id='line_1_23' title="bbox 371 2212 1965 2287; baseline 0.014 -27"><span class='ocrx_word' id='word_1_150' title='bbox 371 2224 400 2259; x_wconf 85' lang='lat' dir='ltr'><strong>a</strong></span> <span class='ocrx_word' id='word_1_151' title='bbox 434 2222 632 2266; x_wconf 92' lang='lat' dir='ltr'><strong>somno</strong></span> <span class='ocrx_word' id='word_1_152' title='bbox 673 2212 951 2269; x_wconf 80' lang='lat' dir='ltr'><strong>excitatus</strong></span> <span class='ocrx_word' id='word_1_153' title='bbox 988 2231 1150 2283; x_wconf 90' lang='lat' dir='ltr'><strong>sum;</strong></span> <span class='ocrx_word' id='word_1_154' title='bbox 1191 2227 1358 2287; x_wconf 89' lang='lat' dir='ltr'><strong>atque</strong></span> <span class='ocrx_word' id='word_1_155' title='bbox 1396 2218 1452 2274; x_wconf 92' lang='lat' dir='ltr'><strong>in</strong></span> <span class='ocrx_word' id='word_1_156' title='bbox 1489 2234 1576 2277; x_wconf 91' lang='lat' dir='ltr'><strong>me</strong></span> <span class='ocrx_word' id='word_1_157' title='bbox 1611 2222 1817 2280; x_wconf 89' lang='lat' dir='ltr'><strong>iterum</strong></span> <span class='ocrx_word' id='word_1_158' title='bbox 1875 2242 1965 2282; x_wconf 85' lang='lat' dir='ltr'><strong>re-</strong></span> 
     </span>
    </p>
   </div>
   <div class='ocr_carea' id='block_1_24' title="bbox 370 2300 1962 2388">
    <p class='ocr_par' dir='ltr' id='par_1_24' title="bbox 370 2300 1962 2388">
     <span class='ocr_line' id='line_1_24' title="bbox 370 2300 1962 2388; baseline 0.014 -38"><span class='ocrx_word' id='word_1_159' title='bbox 370 2313 592 2368; x_wconf 90' lang='lat' dir='ltr'><strong>versus,</strong></span> <span class='ocrx_word' id='word_1_160' title='bbox 625 2300 866 2360; x_wconf 88' lang='lat' dir='ltr'><strong>decusso</strong></span> <span class='ocrx_word' id='word_1_161' title='bbox 898 2320 1122 2373; x_wconf 84' lang='lat' dir='ltr'><strong>somno,</strong></span> <span class='ocrx_word' id='word_1_162' title='bbox 1151 2308 1367 2365; x_wconf 86' lang='lat' dir='ltr'><strong>laudem</strong></span> <span class='ocrx_word' id='word_1_163' title='bbox 1397 2309 1574 2368; x_wconf 89' lang='lat' dir='ltr'><strong>obtuli</strong></span> <span class='ocrx_word' id='word_1_164' title='bbox 1628 2312 1761 2369; x_wconf 89' lang='lat' dir='ltr'><strong>Deo.</strong></span> <span class='ocrx_word' id='word_1_165' title='bbox 1797 2315 1962 2388; x_wconf 79' lang='lat' dir='ltr'><strong>Cogi-</strong></span> 
     </span>
    </p>
   </div>
   <div class='ocr_carea' id='block_1_25' title="bbox 369 2391 1957 2470">
    <p class='ocr_par' dir='ltr' id='par_1_25' title="bbox 369 2391 1957 2470">
     <span class='ocr_line' id='line_1_25' title="bbox 369 2391 1957 2470; baseline 0.014 -27"><span class='ocrx_word' id='word_1_166' title='bbox 369 2391 554 2447; x_wconf 82' lang='lat' dir='ltr'><strong>tabam</strong></span> <span class='ocrx_word' id='word_1_167' title='bbox 595 2400 781 2450; x_wconf 89' lang='lat' dir='ltr'><strong>autem</strong></span> <span class='ocrx_word' id='word_1_168' title='bbox 833 2398 983 2468; x_wconf 91' lang='lat' dir='ltr'><strong>apud</strong></span> <span class='ocrx_word' id='word_1_169' title='bbox 1015 2415 1102 2456; x_wconf 88' lang='lat' dir='ltr'><strong>me</strong></span> <span class='ocrx_word' id='word_1_170' title='bbox 1133 2416 1386 2470; x_wconf 86' lang='lat' dir='ltr'><strong>quaenam</strong></span> <span class='ocrx_word' id='word_1_171' title='bbox 1435 2415 1585 2460; x_wconf 91' lang='lat' dir='ltr'><strong>esset</strong></span> <span class='ocrx_word' id='word_1_172' title='bbox 1626 2406 1732 2462; x_wconf 89' lang='lat' dir='ltr'><strong>ista</strong></span> <span class='ocrx_word' id='word_1_173' title='bbox 1762 2408 1908 2465; x_wconf 89' lang='lat' dir='ltr'><strong>visio</strong></span> <span class='ocrx_word' id='word_1_174' title='bbox 1944 2430 1957 2466; x_wconf 90' lang='lat'><strong>:</strong></span> 
     </span>
    </p>
   </div>
   <div class='ocr_carea' id='block_1_26' title="bbox 366 2484 1955 2568">
    <p class='ocr_par' dir='ltr' id='par_1_26' title="bbox 366 2484 1955 2568">
     <span class='ocr_line' id='line_1_26' title="bbox 366 2484 1955 2568; baseline 0.014 -32"><span class='ocrx_word' id='word_1_175' title='bbox 366 2484 532 2553; x_wconf 86' lang='lat' dir='ltr'><strong>plane</strong></span> <span class='ocrx_word' id='word_1_176' title='bbox 554 2484 834 2557; x_wconf 86' lang='lat' dir='ltr'><strong>siquidem</strong></span> <span class='ocrx_word' id='word_1_177' title='bbox 870 2489 1111 2547; x_wconf 89' lang='lat' dir='ltr'><strong>habebat</strong></span> <span class='ocrx_word' id='word_1_178' title='bbox 1166 2494 1421 2550; x_wconf 86' lang='lat' dir='ltr'><strong>timorem</strong></span> <span class='ocrx_word' id='word_1_179' title='bbox 1453 2501 1740 2555; x_wconf 91' lang='lat' dir='ltr'><strong>comitem.</strong></span> <span class='ocrx_word' id='word_1_180' title='bbox 1781 2500 1955 2568; x_wconf 88' lang='lat' dir='ltr'><strong>Quid-</strong></span> 
     </span>
    </p>
   </div>
   <div class='ocr_carea' id='block_1_27' title="bbox 366 2579 1958 2657">
    <p class='ocr_par' dir='ltr' id='par_1_27' title="bbox 366 2579 1958 2657">
     <span class='ocr_line' id='line_1_27' title="bbox 366 2579 1958 2657; baseline 0.016 -31"><span class='ocrx_word' id='word_1_181' title='bbox 366 2588 495 2629; x_wconf 87' lang='lat' dir='ltr'><strong>nam</strong></span> <span class='ocrx_word' id='word_1_182' title='bbox 532 2592 664 2632; x_wconf 90' lang='lat' dir='ltr'><strong>vero</strong></span> <span class='ocrx_word' id='word_1_183' title='bbox 689 2579 797 2634; x_wconf 90' lang='lat' dir='ltr'><strong>viri</strong></span> <span class='ocrx_word' id='word_1_184' title='bbox 828 2581 884 2635; x_wconf 91' lang='lat' dir='ltr'><strong>in</strong></span> <span class='ocrx_word' id='word_1_185' title='bbox 919 2597 1006 2638; x_wconf 88' lang='lat' dir='ltr'><strong>me</strong></span> <span class='ocrx_word' id='word_1_186' title='bbox 1033 2585 1197 2640; x_wconf 89' lang='lat' dir='ltr'><strong>vellet</strong></span> <span class='ocrx_word' id='word_1_187' title='bbox 1230 2586 1513 2644; x_wconf 87' lang='lat' dir='ltr'><strong>infensum</strong></span> <span class='ocrx_word' id='word_1_188' title='bbox 1548 2593 1779 2649; x_wconf 90' lang='lat' dir='ltr'><strong>verbum</strong></span> <span class='ocrx_word' id='word_1_189' title='bbox 1805 2634 1819 2657; x_wconf 95' lang='lat'><strong>,</strong></span> <span class='ocrx_word' id='word_1_190' title='bbox 1848 2596 1958 2652; x_wconf 90' lang='lat' dir='ltr'><strong>nisi</strong></span> 
     </span>
    </p>
   </div>
   <div class='ocr_carea' id='block_1_28' title="bbox 364 2664 1956 2741">
    <p class='ocr_par' dir='ltr' id='par_1_28' title="bbox 364 2664 1956 2741">
     <span class='ocr_line' id='line_1_28' title="bbox 364 2664 1956 2741; baseline 0.016 -25"><span class='ocrx_word' id='word_1_191' title='bbox 364 2664 617 2732; x_wconf 85' lang='lat' dir='ltr'><strong>omnino,</strong></span> <span class='ocrx_word' id='word_1_192' title='bbox 674 2670 804 2739; x_wconf 87' lang='lat' dir='ltr'><strong>quia</strong></span> <span class='ocrx_word' id='word_1_193' title='bbox 851 2671 975 2741; x_wconf 86' lang='lat' dir='ltr'><strong>ejus</strong></span> <span class='ocrx_word' id='word_1_194' title='bbox 1037 2674 1164 2731; x_wconf 69' lang='lat' dir='ltr'><strong>vitae</strong></span> <span class='ocrx_word' id='word_1_195' title='bbox 1216 2677 1495 2734; x_wconf 87' lang='lat' dir='ltr'><strong>rationem</strong></span> <span class='ocrx_word' id='word_1_196' title='bbox 1532 2681 1684 2737; x_wconf 88' lang='lat' dir='ltr'><strong>velut</strong></span> <span class='ocrx_word' id='word_1_197' title='bbox 1722 2684 1956 2741; x_wconf 88' lang='lat' dir='ltr'><strong>nihilum</strong></span> 
     </span>
    </p>
   </div>
   <div class='ocr_carea' id='block_1_29' title="bbox 365 2756 1958 2842">
    <p class='ocr_par' dir='ltr' id='par_1_29' title="bbox 365 2756 1958 2842">
     <span class='ocr_line' id='line_1_29' title="bbox 365 2756 1958 2842; baseline 0.015 -33"><span class='ocrx_word' id='word_1_198' title='bbox 365 2756 717 2816; x_wconf 79' lang='lat' dir='ltr'><strong>habuissem.</strong></span> <span class='ocrx_word' id='word_1_199' title='bbox 744 2761 960 2834; x_wconf 86' lang='lat' dir='ltr'><strong>Quippe</strong></span> <span class='ocrx_word' id='word_1_200' title='bbox 986 2775 1148 2822; x_wconf 86' lang='lat' dir='ltr'><strong>erant</strong></span> <span class='ocrx_word' id='word_1_201' title='bbox 1181 2782 1318 2824; x_wconf 65' lang='lat' dir='ltr'><strong>meae</strong></span> <span class='ocrx_word' id='word_1_202' title='bbox 1346 2783 1509 2826; x_wconf 87' lang='lat' dir='ltr'><strong>aures</strong></span> <span class='ocrx_word' id='word_1_203' title='bbox 1537 2773 1717 2842; x_wconf 71' lang='lat' dir='ltr'><strong>plenae</strong></span> <span class='ocrx_word' id='word_1_204' title='bbox 1768 2775 1958 2833; x_wconf 83' lang='lat' dir='ltr'><strong>incre-</strong></span> 
     </span>
    </p>
   </div>
   <div class='ocr_carea' id='block_1_30' title="bbox 363 2848 1956 2931">
    <p class='ocr_par' dir='ltr' id='par_1_30' title="bbox 363 2848 1956 2931">
     <span class='ocr_line' id='line_1_30' title="bbox 363 2848 1956 2931; baseline 0.014 -30"><span class='ocrx_word' id='word_1_205' title='bbox 363 2848 625 2915; x_wconf 84' lang='lat' dir='ltr'><strong>dulitate,</strong></span> <span class='ocrx_word' id='word_1_206' title='bbox 657 2852 1046 2912; x_wconf 83' lang='lat' dir='ltr'><strong>existimantis</strong></span> <span class='ocrx_word' id='word_1_207' title='bbox 1098 2858 1304 2914; x_wconf 83' lang='lat' dir='ltr'><strong>deliria</strong></span> <span class='ocrx_word' id='word_1_208' title='bbox 1357 2874 1483 2931; x_wconf 77' lang='lat' dir='ltr'><strong>qua:</strong></span> <span class='ocrx_word' id='word_1_209' title='bbox 1531 2878 1561 2917; x_wconf 87' lang='lat' dir='ltr'><strong>a</strong></span> <span class='ocrx_word' id='word_1_210' title='bbox 1606 2861 1829 2923; x_wconf 82' lang='lat' dir='ltr'><strong>feminis</strong></span> <span class='ocrx_word' id='word_1_211' title='bbox 1873 2869 1956 2923; x_wconf 87' lang='lat' dir='ltr'><strong>di-</strong></span> 
     </span>
    </p>
   </div>
   <div class='ocr_carea' id='block_1_31' title="bbox 362 2941 1955 3024">
    <p class='ocr_par' dir='ltr' id='par_1_31' title="bbox 362 2941 1955 3024">
     <span class='ocr_line' id='line_1_31' title="bbox 362 2941 1955 3024; baseline 0.016 -33"><span class='ocrx_word' id='word_1_212' title='bbox 362 2941 538 2997; x_wconf 70' lang='lat' dir='ltr'><strong>renda</strong></span> <span class='ocrx_word' id='word_1_213' title='bbox 587 2942 793 3000; x_wconf 83' lang='lat' dir='ltr'><strong>forent.</strong></span> <span class='ocrx_word' id='word_1_214' title='bbox 850 2946 1118 3020; x_wconf 74' lang='lat' dir='ltr'><strong>Cogitans</strong></span> <span class='ocrx_word' id='word_1_215' title='bbox 1171 2967 1306 3024; x_wconf 80' lang='lat' dir='ltr'><strong>ergo</strong></span> <span class='ocrx_word' id='word_1_216' title='bbox 1349 2969 1477 3012; x_wconf 89' lang='lat' dir='ltr'><strong>esse</strong></span> <span class='ocrx_word' id='word_1_217' title='bbox 1522 2958 1752 3014; x_wconf 90' lang='lat' dir='ltr'><strong>omnino</strong></span> <span class='ocrx_word' id='word_1_218' title='bbox 1779 2976 1807 3015; x_wconf 90' lang='lat' dir='ltr'><strong>a</strong></span> <span class='ocrx_word' id='word_1_219' title='bbox 1843 2960 1955 3018; x_wconf 91' lang='lat' dir='ltr'><strong>Deo</strong></span> 
     </span>
    </p>
   </div>
   <div class='ocr_carea' id='block_1_32' title="bbox 359 3032 1950 3122">
    <p class='ocr_par' dir='ltr' id='par_1_32' title="bbox 359 3032 1950 3122">
     <span class='ocr_line' id='line_1_32' title="bbox 359 3032 1950 3122; baseline 0.016 -38"><span class='ocrx_word' id='word_1_220' title='bbox 359 3032 635 3090; x_wconf 82' lang='lat' dir='ltr'><strong>visionem</strong></span> <span class='ocrx_word' id='word_1_221' title='bbox 670 3035 817 3092; x_wconf 89' lang='lat' dir='ltr'><strong>hanc</strong></span> <span class='ocrx_word' id='word_1_222' title='bbox 847 3039 1188 3111; x_wconf 88' lang='lat' dir='ltr'><strong>spiritalem,</strong></span> <span class='ocrx_word' id='word_1_223' title='bbox 1216 3060 1281 3100; x_wconf 90' lang='lat' dir='ltr'><strong>ac</strong></span> <span class='ocrx_word' id='word_1_224' title='bbox 1302 3060 1427 3102; x_wconf 90' lang='lat' dir='ltr'><strong>esse</strong></span> <span class='ocrx_word' id='word_1_225' title='bbox 1456 3048 1688 3107; x_wconf 64' lang='lat' dir='ltr'><strong>caeleste</strong></span> <span class='ocrx_word' id='word_1_226' title='bbox 1717 3051 1950 3122; x_wconf 89' lang='lat' dir='ltr'><strong>donum,</strong></span> 
     </span>
    </p>
   </div>
   <div class='ocr_carea' id='block_1_33' title="bbox 360 3125 1953 3214">
    <p class='ocr_par' dir='ltr' id='par_1_33' title="bbox 360 3125 1953 3214">
     <span class='ocr_line' id='line_1_33' title="bbox 360 3125 1953 3214; baseline 0.015 -35"><span class='ocrx_word' id='word_1_227' title='bbox 360 3140 449 3181; x_wconf 88' lang='lat' dir='ltr'><strong>me</strong></span> <span class='ocrx_word' id='word_1_228' title='bbox 479 3125 601 3198; x_wconf 90' lang='lat' dir='ltr'><strong>ipse</strong></span> <span class='ocrx_word' id='word_1_229' title='bbox 638 3127 923 3187; x_wconf 88' lang='lat' dir='ltr'><strong>desiderio</strong></span> <span class='ocrx_word' id='word_1_230' title='bbox 958 3139 1286 3205; x_wconf 79' lang='lat' dir='ltr'><strong>provocari,</strong></span> <span class='ocrx_word' id='word_1_231' title='bbox 1339 3148 1507 3211; x_wconf 90' lang='lat' dir='ltr'><strong>atque</strong></span> <span class='ocrx_word' id='word_1_232' title='bbox 1546 3141 1615 3196; x_wconf 87' lang='lat' dir='ltr'><strong>ad</strong></span> <span class='ocrx_word' id='word_1_233' title='bbox 1664 3158 1806 3214; x_wconf 91' lang='lat' dir='ltr'><strong>opus</strong></span> <span class='ocrx_word' id='word_1_234' title='bbox 1854 3161 1953 3203; x_wconf 90' lang='lat' dir='ltr'><strong>ac-</strong></span> 
     </span>
    </p>
   </div>
   <div class='ocr_carea' id='block_1_34' title="bbox 2098 645 3662 720">
    <p class='ocr_par' dir='ltr' id='par_1_34' title="bbox 2098 645 3662 720">
     <span class='ocr_line' id='line_1_34' title="bbox 2098 645 3662 720; baseline 0.001 -20"><span class='ocrx_word' id='word_1_235' title='bbox 2098 648 2251 712; x_wconf 82' lang='grc' dir='ltr'>Ἰδοὺ,</span> <span class='ocrx_word' id='word_1_236' title='bbox 2282 649 2468 720; x_wconf 74' lang='grc' dir='ltr'>φησὶν,</span> <span class='ocrx_word' id='word_1_237' title='bbox 2513 647 2732 717; x_wconf 56' lang='grc' dir='ltr'>ἀδελφοί</span> <span class='ocrx_word' id='word_1_238' title='bbox 2765 664 2890 719; x_wconf 89' lang='grc' dir='ltr'>μου,</span> <span class='ocrx_word' id='word_1_239' title='bbox 2913 649 3082 700; x_wconf 78' lang='grc' dir='ltr'>πᾶσιν</span> <span class='ocrx_word' id='word_1_240' title='bbox 3124 647 3255 717; x_wconf 78' lang='grc' dir='ltr'>ὑμῖν</span> <span class='ocrx_word' id='word_1_241' title='bbox 3305 645 3546 719; x_wconf 83' lang='grc' dir='ltr'>ἐραστὴς</span> <span class='ocrx_word' id='word_1_242' title='bbox 3565 650 3662 701; x_wconf 85' lang='grc' dir='ltr'><strong>ἀπ-</strong></span> 
     </span>
    </p>
   </div>
   <div class='ocr_carea' id='block_1_35' title="bbox 2084 740 3663 815">
    <p class='ocr_par' dir='ltr' id='par_1_35' title="bbox 2084 740 3663 815">
     <span class='ocr_line' id='line_1_35' title="bbox 2084 740 3663 815; baseline 0.001 -22"><span class='ocrx_word' id='word_1_243' title='bbox 2084 740 2356 812; x_wconf 83' lang='grc' dir='ltr'>εδείχθην,</span> <span class='ocrx_word' id='word_1_244' title='bbox 2374 743 2511 796; x_wconf 79' lang='grc' dir='ltr'>Θεοῦ</span> <span class='ocrx_word' id='word_1_245' title='bbox 2548 744 2769 804; x_wconf 83' lang='grc' dir='ltr'>πάντως</span> <span class='ocrx_word' id='word_1_246' title='bbox 2798 741 3199 813; x_wconf 74' lang='grc' dir='ltr'>εὐδοκήσαντος</span> <span class='ocrx_word' id='word_1_247' title='bbox 3224 758 3238 772; x_wconf 90' lang='grc'><strong>·</strong></span> <span class='ocrx_word' id='word_1_248' title='bbox 3274 740 3359 810; x_wconf 83' lang='grc' dir='ltr'><strong>τῷ</strong></span> <span class='ocrx_word' id='word_1_249' title='bbox 3389 740 3445 793; x_wconf 80' lang='grc' dir='ltr'><strong>δὲ</strong></span> <span class='ocrx_word' id='word_1_250' title='bbox 3468 741 3663 815; x_wconf 82' lang='grc' dir='ltr'>ἀνθρὼ-</span> 
     </span>
    </p>
   </div>
   <div class='ocr_carea' id='block_1_36' title="bbox 2083 833 3665 907">
    <p class='ocr_par' dir='ltr' id='par_1_36' title="bbox 2083 833 3665 907">
     <span class='ocr_line' id='line_1_36' title="bbox 2083 833 3665 907; baseline -0.001 -19"><span class='ocrx_word' id='word_1_251' title='bbox 2083 846 2171 905; x_wconf 81' lang='grc' dir='ltr'>πῳ</span> <span class='ocrx_word' id='word_1_252' title='bbox 2199 835 2397 907; x_wconf 81' lang='grc' dir='ltr'>τούτῳ,</span> <span class='ocrx_word' id='word_1_253' title='bbox 2456 836 2651 907; x_wconf 78' lang='grc' dir='ltr'>ὥσπερ</span> <span class='ocrx_word' id='word_1_254' title='bbox 2689 835 2956 905; x_wconf 79' lang='grc' dir='ltr'>ἔκτρωμα</span> <span class='ocrx_word' id='word_1_255' title='bbox 2989 833 3223 905; x_wconf 85' lang='grc' dir='ltr'>εὑρέθην</span> <span class='ocrx_word' id='word_1_256' title='bbox 3252 833 3665 904; x_wconf 82' lang='grc' dir='ltr'>λοιδορούμενος</span> 
     </span>
    </p>
   </div>
   <div class='ocr_carea' id='block_1_37' title="bbox 2082 925 3665 996">
    <p class='ocr_par' dir='ltr' id='par_1_37' title="bbox 2082 925 3665 996">
     <span class='ocr_line' id='line_1_37' title="bbox 2082 925 3665 996; baseline -0.001 -17"><span class='ocrx_word' id='word_1_257' title='bbox 2082 925 2141 993; x_wconf 77' lang='grc' dir='ltr'><strong>ἐξ</strong></span> <span class='ocrx_word' id='word_1_258' title='bbox 2169 926 2336 980; x_wconf 83' lang='grc' dir='ltr'>αὑτοῦ</span> <span class='ocrx_word' id='word_1_259' title='bbox 2366 944 2377 957; x_wconf 90' lang='grc'><strong>·</strong></span> <span class='ocrx_word' id='word_1_260' title='bbox 2416 929 2526 980; x_wconf 75' lang='grc' dir='ltr'>εἴτε</span> <span class='ocrx_word' id='word_1_261' title='bbox 2555 927 2649 980; x_wconf 79' lang='grc' dir='ltr'><strong>οὖν</strong></span> <span class='ocrx_word' id='word_1_262' title='bbox 2696 927 2860 991; x_wconf 84' lang='grc' dir='ltr'>αὐτὸς</span> <span class='ocrx_word' id='word_1_263' title='bbox 2895 928 3139 993; x_wconf 86' lang='grc' dir='ltr'>πάντως,</span> <span class='ocrx_word' id='word_1_264' title='bbox 3164 925 3239 989; x_wconf 83' lang='grc' dir='ltr'>ὡς</span> <span class='ocrx_word' id='word_1_265' title='bbox 3266 926 3499 989; x_wconf 85' lang='grc' dir='ltr'>πάντως</span> <span class='ocrx_word' id='word_1_266' title='bbox 3523 925 3665 996; x_wconf 81' lang='grc' dir='ltr'>ὑμῶν</span> 
     </span>
    </p>
   </div>
   <div class='ocr_carea' id='block_1_38' title="bbox 2081 1017 3668 1092">
    <p class='ocr_par' dir='ltr' id='par_1_38' title="bbox 2081 1017 3668 1092">
     <span class='ocr_line' id='line_1_38' title="bbox 2081 1017 3668 1092; baseline -0.001 -19"><span class='ocrx_word' id='word_1_267' title='bbox 2081 1020 2347 1092; x_wconf 83' lang='grc' dir='ltr'>ὑπάρχων</span> <span class='ocrx_word' id='word_1_268' title='bbox 2363 1019 2639 1091; x_wconf 81' lang='grc' dir='ltr'>ἀνώτερος</span> <span class='ocrx_word' id='word_1_269' title='bbox 2666 1018 2831 1073; x_wconf 77' lang='grc' dir='ltr'>τοῦτο</span> <span class='ocrx_word' id='word_1_270' title='bbox 2859 1018 3139 1090; x_wconf 77' lang='grc' dir='ltr'>σημαίνει,</span> <span class='ocrx_word' id='word_1_271' title='bbox 3160 1018 3253 1073; x_wconf 73' lang='grc' dir='ltr'>καὶ</span> <span class='ocrx_word' id='word_1_272' title='bbox 3278 1018 3436 1089; x_wconf 79' lang='grc' dir='ltr'>ὑμᾶς</span> <span class='ocrx_word' id='word_1_273' title='bbox 3461 1017 3668 1071; x_wconf 75' lang='grc' dir='ltr'>διαϐάλ-</span> 
     </span>
    </p>
   </div>
   <div class='ocr_carea' id='block_1_39' title="bbox 2080 1109 3666 1185">
    <p class='ocr_par' dir='ltr' id='par_1_39' title="bbox 2080 1109 3666 1185">
     <span class='ocr_line' id='line_1_39' title="bbox 2080 1109 3666 1185; baseline 0 -20"><span class='ocrx_word' id='word_1_274' title='bbox 2080 1111 2212 1177; x_wconf 88' lang='grc' dir='ltr'>λων,</span> <span class='ocrx_word' id='word_1_275' title='bbox 2255 1113 2375 1176; x_wconf 85' lang='grc' dir='ltr'>νέος</span> <span class='ocrx_word' id='word_1_276' title='bbox 2415 1113 2608 1182; x_wconf 79' lang='grc' dir='ltr'>φανεὶς</span> <span class='ocrx_word' id='word_1_277' title='bbox 2632 1115 2929 1185; x_wconf 84' lang='grc' dir='ltr'>Φαρισαῖος</span> <span class='ocrx_word' id='word_1_278' title='bbox 2951 1152 2966 1175; x_wconf 89' lang='grc'><strong>,</strong></span> <span class='ocrx_word' id='word_1_279' title='bbox 3004 1112 3114 1165; x_wconf 78' lang='grc' dir='ltr'>εἴτε</span> <span class='ocrx_word' id='word_1_280' title='bbox 3144 1113 3221 1182; x_wconf 84' lang='grc' dir='ltr'>μὴ</span> <span class='ocrx_word' id='word_1_281' title='bbox 3250 1110 3333 1165; x_wconf 81' lang='grc' dir='ltr'>ὣν</span> <span class='ocrx_word' id='word_1_282' title='bbox 3355 1110 3449 1165; x_wconf 82' lang='grc' dir='ltr'>διὰ</span> <span class='ocrx_word' id='word_1_283' title='bbox 3464 1112 3510 1142; x_wconf 78' lang='grc'>²²</span> <span class='ocrx_word' id='word_1_284' title='bbox 3542 1109 3666 1178; x_wconf 80' lang='grc' dir='ltr'>φθό-</span> 
     </span>
    </p>
   </div>
   <div class='ocr_carea' id='block_1_40' title="bbox 2078 1204 3667 1276">
    <p class='ocr_par' dir='ltr' id='par_1_40' title="bbox 2078 1204 3667 1276">
     <span class='ocr_line' id='line_1_40' title="bbox 2078 1204 3667 1276; baseline -0.002 -17"><span class='ocrx_word' id='word_1_285' title='bbox 2078 1222 2190 1271; x_wconf 90' lang='grc' dir='ltr'>νον,</span> <span class='ocrx_word' id='word_1_286' title='bbox 2237 1204 2399 1258; x_wconf 75' lang='grc' dir='ltr'>τοῦτο</span> <span class='ocrx_word' id='word_1_287' title='bbox 2447 1206 2528 1269; x_wconf 86' lang='grc' dir='ltr'><strong>είς</strong></span> <span class='ocrx_word' id='word_1_288' title='bbox 2558 1205 2752 1259; x_wconf 81' lang='grc' dir='ltr'>ἑαυτὸν</span> <span class='ocrx_word' id='word_1_289' title='bbox 2788 1204 3220 1276; x_wconf 78' lang='grc' dir='ltr'>κατεργάζεται,</span> <span class='ocrx_word' id='word_1_290' title='bbox 3266 1204 3350 1275; x_wconf 81' lang='grc' dir='ltr'><strong>μὴ</strong></span> <span class='ocrx_word' id='word_1_291' title='bbox 3381 1205 3667 1273; x_wconf 76' lang='grc' dir='ltr'>ὲντραπεὶς</span> 
     </span>
    </p>
   </div>
   <div class='ocr_carea' id='block_1_41' title="bbox 2077 1295 3667 1368">
    <p class='ocr_par' dir='ltr' id='par_1_41' title="bbox 2077 1295 3667 1368">
     <span class='ocr_line' id='line_1_41' title="bbox 2077 1295 3667 1368; baseline -0.001 -20"><span class='ocrx_word' id='word_1_292' title='bbox 2077 1295 2178 1359; x_wconf 82' lang='grc' dir='ltr'>τὰς</span> <span class='ocrx_word' id='word_1_293' title='bbox 2217 1297 2360 1366; x_wconf 77' lang='grc' dir='ltr'>ὑπὲρ</span> <span class='ocrx_word' id='word_1_294' title='bbox 2408 1299 2543 1367; x_wconf 79' lang='grc' dir='ltr'>ἐμοῦ</span> <span class='ocrx_word' id='word_1_295' title='bbox 2590 1296 2740 1366; x_wconf 75' lang='grc' dir='ltr'>αὐτῷ</span> <span class='ocrx_word' id='word_1_296' title='bbox 2804 1296 3228 1368; x_wconf 79' lang='grc' dir='ltr'>προσαγομένας</span> <span class='ocrx_word' id='word_1_297' title='bbox 3265 1295 3383 1350; x_wconf 83' lang='grc' dir='ltr'><strong>ὑπὸ</strong></span> <span class='ocrx_word' id='word_1_298' title='bbox 3409 1295 3521 1350; x_wconf 84' lang='grc' dir='ltr'><strong>τῶν</strong></span> <span class='ocrx_word' id='word_1_299' title='bbox 3574 1295 3667 1363; x_wconf 84' lang='grc' dir='ltr'><strong>ἐμὲ</strong></span> 
     </span>
    </p>
   </div>
   <div class='ocr_carea' id='block_1_42' title="bbox 2079 1386 3669 1459">
    <p class='ocr_par' dir='ltr' id='par_1_42' title="bbox 2079 1386 3669 1459">
     <span class='ocr_line' id='line_1_42' title="bbox 2079 1386 3669 1459; baseline -0.001 -20"><span class='ocrx_word' id='word_1_300' title='bbox 2079 1386 2390 1441; x_wconf 80' lang='grc' dir='ltr'>ποθούντων</span> <span class='ocrx_word' id='word_1_301' title='bbox 2434 1389 2749 1458; x_wconf 78' lang='grc' dir='ltr'><strong>ἱκετηρίας,</strong></span> <span class='ocrx_word' id='word_1_302' title='bbox 2792 1388 2929 1459; x_wconf 84' lang='grc' dir='ltr'>πρὸς</span> <span class='ocrx_word' id='word_1_303' title='bbox 2968 1387 3035 1441; x_wconf 83' lang='grc' dir='ltr'><strong>τὸ</strong></span> <span class='ocrx_word' id='word_1_304' title='bbox 3072 1387 3378 1458; x_wconf 72' lang='grc' dir='ltr'>ἐγγράφως</span> <span class='ocrx_word' id='word_1_305' title='bbox 3411 1402 3504 1456; x_wconf 83' lang='grc' dir='ltr'><strong>μοι</strong></span> <span class='ocrx_word' id='word_1_306' title='bbox 3539 1401 3669 1456; x_wconf 79' lang='grc' dir='ltr'>μαρ·</span> 
     </span>
    </p>
   </div>
   <div class='ocr_carea' id='block_1_43' title="bbox 2075 1476 3665 1552">
    <p class='ocr_par' dir='ltr' id='par_1_43' title="bbox 2075 1476 3665 1552">
     <span class='ocr_line' id='line_1_43' title="bbox 2075 1476 3665 1552; baseline -0.001 -19"><span class='ocrx_word' id='word_1_307' title='bbox 2075 1483 2344 1552; x_wconf 81' lang='grc' dir='ltr'>τυρῆσαι,</span> <span class='ocrx_word' id='word_1_308' title='bbox 2390 1482 2487 1534; x_wconf 71' lang='grc' dir='ltr'>καὶ</span> <span class='ocrx_word' id='word_1_309' title='bbox 2548 1481 2666 1551; x_wconf 78' lang='grc' dir='ltr'><strong>Θεῷ</strong></span> <span class='ocrx_word' id='word_1_310' title='bbox 2721 1480 3113 1552; x_wconf 80' lang='grc' dir='ltr'>προσενέγκαι,</span> <span class='ocrx_word' id='word_1_311' title='bbox 3163 1479 3309 1533; x_wconf 83' lang='grc' dir='ltr'><strong>κατά</strong></span> <span class='ocrx_word' id='word_1_312' title='bbox 3351 1476 3458 1548; x_wconf 80' lang='grc' dir='ltr'>τὴν</span> <span class='ocrx_word' id='word_1_313' title='bbox 3510 1476 3665 1531; x_wconf 82' lang='grc' dir='ltr'>αὐτοῦ</span> 
     </span>
    </p>
   </div>
   <div class='ocr_carea' id='block_1_44' title="bbox 2075 1566 3665 1643">
    <p class='ocr_par' dir='ltr' id='par_1_44' title="bbox 2075 1566 3665 1643">
     <span class='ocr_line' id='line_1_44' title="bbox 2075 1566 3665 1643; baseline -0.006 -18"><span class='ocrx_word' id='word_1_314' title='bbox 2075 1571 2461 1642; x_wconf 76' lang='grc' dir='ltr'><strong>ἀνδρειοτάτην</strong></span> <span class='ocrx_word' id='word_1_315' title='bbox 2491 1570 2755 1643; x_wconf 78' lang='grc' dir='ltr'>φρόνησίν</span> <span class='ocrx_word' id='word_1_316' title='bbox 2777 1588 2836 1624; x_wconf 88' lang='grc' dir='ltr'><strong>τε</strong></span> <span class='ocrx_word' id='word_1_317' title='bbox 2869 1571 2966 1624; x_wconf 69' lang='grc' dir='ltr'><strong>καὶ</strong></span> <span class='ocrx_word' id='word_1_318' title='bbox 2988 1570 3334 1640; x_wconf 78' lang='grc' dir='ltr'>ἐπωνυμίαν·</span> <span class='ocrx_word' id='word_1_319' title='bbox 3361 1566 3486 1631; x_wconf 81' lang='grc' dir='ltr'>νοῦ,</span> <span class='ocrx_word' id='word_1_320' title='bbox 3508 1566 3665 1637; x_wconf 79' lang='grc' dir='ltr'>φημὶ,</span> 
     </span>
    </p>
   </div>
   <div class='ocr_carea' id='block_1_45' title="bbox 2073 1661 3666 1741">
    <p class='ocr_par' dir='ltr' id='par_1_45' title="bbox 2073 1661 3666 1741">
     <span class='ocr_line' id='line_1_45' title="bbox 2073 1661 3666 1741; baseline -0.006 -18"><span class='ocrx_word' id='word_1_321' title='bbox 2073 1669 2519 1741; x_wconf 81' lang='grc' dir='ltr'>ηὐτρεπισμένου</span> <span class='ocrx_word' id='word_1_322' title='bbox 2551 1670 2608 1721; x_wconf 80' lang='grc' dir='ltr'>ἐν</span> <span class='ocrx_word' id='word_1_323' title='bbox 2650 1667 2799 1738; x_wconf 81' lang='grc' dir='ltr'>αὐτῷ</span> <span class='ocrx_word' id='word_1_324' title='bbox 2849 1667 3145 1738; x_wconf 75' lang='grc' dir='ltr'>ἀμέμπτου</span> <span class='ocrx_word' id='word_1_325' title='bbox 3215 1665 3495 1726; x_wconf 83' lang='grc' dir='ltr'><strong>αἰνέσεως</strong></span> <span class='ocrx_word' id='word_1_326' title='bbox 3528 1678 3543 1694; x_wconf 76' lang='grc' dir='ltr'><strong>ο</strong></span> <span class='ocrx_word' id='word_1_327' title='bbox 3592 1661 3666 1715; x_wconf 79' lang='grc' dir='ltr'><strong>διὸ</strong></span> 
     </span>
    </p>
   </div>
   <div class='ocr_carea' id='block_1_46' title="bbox 2072 1752 3664 1831">
    <p class='ocr_par' dir='ltr' id='par_1_46' title="bbox 2072 1752 3664 1831">
     <span class='ocr_line' id='line_1_46' title="bbox 2072 1752 3664 1831; baseline -0.005 -18"><span class='ocrx_word' id='word_1_328' title='bbox 2072 1760 2168 1814; x_wconf 70' lang='grc' dir='ltr'>καὶ</span> <span class='ocrx_word' id='word_1_329' title='bbox 2190 1761 2418 1831; x_wconf 79' lang='grc' dir='ltr'><strong>Κρήτης</strong></span> <span class='ocrx_word' id='word_1_330' title='bbox 2452 1758 2602 1823; x_wconf 77' lang='grc' dir='ltr'>ἄξιος</span> <span class='ocrx_word' id='word_1_331' title='bbox 2637 1759 2940 1820; x_wconf 78' lang='grc' dir='ltr'>ἐπίσκοπος</span> <span class='ocrx_word' id='word_1_332' title='bbox 2969 1758 3188 1826; x_wconf 78' lang='grc' dir='ltr'>γέγονε,</span> <span class='ocrx_word' id='word_1_333' title='bbox 3222 1753 3389 1825; x_wconf 77' lang='grc' dir='ltr'>παρὰ</span> <span class='ocrx_word' id='word_1_334' title='bbox 3422 1752 3547 1823; x_wconf 84' lang='grc' dir='ltr'>Θεῷ</span> <span class='ocrx_word' id='word_1_335' title='bbox 3574 1753 3664 1821; x_wconf 81' lang='grc' dir='ltr'><strong>τῆς</strong></span> 
     </span>
    </p>
   </div>
   <div class='ocr_carea' id='block_1_47' title="bbox 2072 1844 3663 1923">
    <p class='ocr_par' dir='ltr' id='par_1_47' title="bbox 2072 1844 3663 1923">
     <span class='ocr_line' id='line_1_47' title="bbox 2072 1844 3663 1923; baseline -0.008 -16"><span class='ocrx_word' id='word_1_336' title='bbox 2072 1853 2444 1923; x_wconf 82' lang='grc' dir='ltr'>ποιμαντικῆς</span> <span class='ocrx_word' id='word_1_337' title='bbox 2530 1851 2841 1923; x_wconf 81' lang='grc' dir='ltr'>βακτηρίας</span> <span class='ocrx_word' id='word_1_338' title='bbox 2897 1850 3008 1902; x_wconf 86' lang='grc' dir='ltr'><strong>τῶν</strong></span> <span class='ocrx_word' id='word_1_339' title='bbox 3066 1847 3307 1917; x_wconf 83' lang='grc' dir='ltr'><strong>λογικῶν</strong></span> <span class='ocrx_word' id='word_1_340' title='bbox 3373 1844 3663 1917; x_wconf 74' lang='grc' dir='ltr'>προϐάτων</span> 
     </span>
    </p>
   </div>
   <div class='ocr_carea' id='block_1_48' title="bbox 2001 1923 3660 2018">
    <p class='ocr_par' dir='ltr' id='par_1_48' title="bbox 2001 1923 3660 2018">
     <span class='ocr_line' id='line_1_48' title="bbox 2001 1923 3660 2018; baseline -0.007 -19"><span class='ocrx_word' id='word_1_341' title='bbox 2001 1923 2042 1979; x_wconf 78' lang='grc' dir='ltr'><strong>Β</strong></span> <span class='ocrx_word' id='word_1_342' title='bbox 2072 1944 2533 2018; x_wconf 79' lang='grc' dir='ltr'>κατηρτισμένος.</span> <span class='ocrx_word' id='word_1_343' title='bbox 2598 1943 3058 2015; x_wconf 82' lang='grc' dir='ltr'>Ἑπιχειρήσειδὲ</span> <span class='ocrx_word' id='word_1_344' title='bbox 3105 1941 3266 1995; x_wconf 82' lang='grc' dir='ltr'>τοῦτο</span> <span class='ocrx_word' id='word_1_345' title='bbox 3438 1938 3660 2007; x_wconf 83' lang='grc' dir='ltr'>δυνάμει</span> 
     </span>
    </p>
   </div>
   <div class='ocr_carea' id='block_1_49' title="bbox 2069 2028 3663 2109">
    <p class='ocr_par' dir='ltr' id='par_1_49' title="bbox 2069 2028 3663 2109">
     <span class='ocr_line' id='line_1_49' title="bbox 2069 2028 3663 2109; baseline -0.008 -16"><span class='ocrx_word' id='word_1_346' title='bbox 2069 2039 2168 2094; x_wconf 83' lang='grc' dir='ltr'>τοῦ</span> <span class='ocrx_word' id='word_1_347' title='bbox 2203 2038 2474 2106; x_wconf 87' lang='grc' dir='ltr'>παναγίου</span> <span class='ocrx_word' id='word_1_348' title='bbox 2505 2037 2845 2109; x_wconf 87' lang='grc' dir='ltr'>Πνεύματος.</span> <span class='ocrx_word' id='word_1_349' title='bbox 2864 2035 3034 2107; x_wconf 82' lang='grc' dir='ltr'><strong>Ἐμοῦ</strong></span> <span class='ocrx_word' id='word_1_350' title='bbox 3054 2035 3134 2101; x_wconf 81' lang='grc' dir='ltr'>δὲ,</span> <span class='ocrx_word' id='word_1_351' title='bbox 3162 2029 3212 2088; x_wconf 75' lang='grc' dir='ltr'>ὧ</span> <span class='ocrx_word' id='word_1_352' title='bbox 3231 2033 3460 2105; x_wconf 78' lang='grc' dir='ltr'>ἄνδρες,</span> <span class='ocrx_word' id='word_1_353' title='bbox 3498 2028 3663 2083; x_wconf 80' lang='grc' dir='ltr'>ταῦτα</span> 
     </span>
    </p>
   </div>
   <div class='ocr_carea' id='block_1_50' title="bbox 2069 2124 3661 2206">
    <p class='ocr_par' dir='ltr' id='par_1_50' title="bbox 2069 2124 3661 2206">
     <span class='ocr_line' id='line_1_50' title="bbox 2069 2124 3661 2206; baseline -0.008 -19"><span class='ocrx_word' id='word_1_354' title='bbox 2069 2132 2195 2206; x_wconf 86' lang='grc' dir='ltr'><strong>σώῳ</strong></span> <span class='ocrx_word' id='word_1_355' title='bbox 2225 2133 2304 2205; x_wconf 89' lang='grc' dir='ltr'><strong>τῷ</strong></span> <span class='ocrx_word' id='word_1_356' title='bbox 2326 2134 2575 2204; x_wconf 80' lang='grc' dir='ltr'>λογισμῷ</span> <span class='ocrx_word' id='word_1_357' title='bbox 2606 2131 2987 2202; x_wconf 81' lang='grc' dir='ltr'>ἀκροωμένου,</span> <span class='ocrx_word' id='word_1_358' title='bbox 3014 2131 3111 2182; x_wconf 81' lang='grc' dir='ltr'><strong>σὺν</strong></span> <span class='ocrx_word' id='word_1_359' title='bbox 3142 2128 3339 2200; x_wconf 80' lang='grc' dir='ltr'>τρόμῳ</span> <span class='ocrx_word' id='word_1_360' title='bbox 3384 2124 3661 2194; x_wconf 78' lang='grc' dir='ltr'>ὲξύπνησα</span> 
     </span>
    </p>
   </div>
   <div class='ocr_carea' id='block_1_51' title="bbox 2065 2214 3661 2297">
    <p class='ocr_par' dir='ltr' id='par_1_51' title="bbox 2065 2214 3661 2297">
     <span class='ocr_line' id='line_1_51' title="bbox 2065 2214 3661 2297; baseline -0.009 -17"><span class='ocrx_word' id='word_1_361' title='bbox 2065 2227 2124 2280; x_wconf 80' lang='grc' dir='ltr'>ἐν</span> <span class='ocrx_word' id='word_1_362' title='bbox 2144 2226 2296 2297; x_wconf 76' lang='grc' dir='ltr'><strong>φόϐῳ</strong></span> <span class='ocrx_word' id='word_1_363' title='bbox 2325 2224 2506 2296; x_wconf 88' lang='grc' dir='ltr'>πολλῷ</span> <span class='ocrx_word' id='word_1_364' title='bbox 2531 2240 2544 2255; x_wconf 90' lang='grc'>·</span> <span class='ocrx_word' id='word_1_365' title='bbox 2586 2224 2681 2278; x_wconf 79' lang='grc' dir='ltr'>καὶ</span> <span class='ocrx_word' id='word_1_366' title='bbox 2714 2225 2796 2286; x_wconf 83' lang='grc' dir='ltr'>εἰς</span> <span class='ocrx_word' id='word_1_367' title='bbox 2835 2220 3031 2276; x_wconf 82' lang='grc' dir='ltr'>ἑαυτὸν</span> <span class='ocrx_word' id='word_1_368' title='bbox 3062 2218 3411 2285; x_wconf 79' lang='grc' dir='ltr'>ἐπανελθὼν,</span> <span class='ocrx_word' id='word_1_369' title='bbox 3442 2217 3539 2270; x_wconf 79' lang='grc' dir='ltr'><strong>τὸν</strong></span> <span class='ocrx_word' id='word_1_370' title='bbox 3570 2214 3661 2286; x_wconf 77' lang='grc' dir='ltr'><strong>μὲν</strong></span> 
     </span>
    </p>
   </div>
   <div class='ocr_carea' id='block_1_52' title="bbox 2061 2313 3658 2389">
    <p class='ocr_par' dir='ltr' id='par_1_52' title="bbox 2061 2313 3658 2389">
     <span class='ocr_line' id='line_1_52' title="bbox 2061 2313 3658 2389; baseline -0.008 -16"><span class='ocrx_word' id='word_1_371' title='bbox 2061 2319 2231 2373; x_wconf 78' lang='grc' dir='ltr'>ὕπνον</span> <span class='ocrx_word' id='word_1_372' title='bbox 2255 2318 2753 2389; x_wconf 77' lang='grc' dir='ltr'>ἀποτιναξάμενος,</span> <span class='ocrx_word' id='word_1_373' title='bbox 2788 2313 2944 2370; x_wconf 77' lang='grc' dir='ltr'>αἶνον</span> <span class='ocrx_word' id='word_1_374' title='bbox 2973 2314 3051 2386; x_wconf 85' lang='grc' dir='ltr'><strong>τῷ</strong></span> <span class='ocrx_word' id='word_1_375' title='bbox 3080 2314 3203 2385; x_wconf 86' lang='grc' dir='ltr'>Θεῷ</span> <span class='ocrx_word' id='word_1_376' title='bbox 3267 2313 3658 2385; x_wconf 81' lang='grc' dir='ltr'>προσήνεγκα.</span> 
     </span>
    </p>
   </div>
   <div class='ocr_carea' id='block_1_53' title="bbox 2074 2403 3661 2479">
    <p class='ocr_par' dir='ltr' id='par_1_53' title="bbox 2074 2403 3661 2479">
     <span class='ocr_line' id='line_1_53' title="bbox 2074 2403 3661 2479; baseline -0.006 -16"><span class='ocrx_word' id='word_1_377' title='bbox 2074 2409 2349 2463; x_wconf 80' lang='grc' dir='ltr'>Ἐνενόουν</span> <span class='ocrx_word' id='word_1_378' title='bbox 2385 2408 2441 2462; x_wconf 80' lang='grc' dir='ltr'><strong>δὲ</strong></span> <span class='ocrx_word' id='word_1_379' title='bbox 2465 2409 2516 2462; x_wconf 82' lang='grc' dir='ltr'><strong>τί</strong></span> <span class='ocrx_word' id='word_1_380' title='bbox 2532 2408 2593 2461; x_wconf 86' lang='grc' dir='ltr'><strong>τὸ</strong></span> <span class='ocrx_word' id='word_1_381' title='bbox 2609 2408 2796 2479; x_wconf 82' lang='grc' dir='ltr'>ὅραμα</span> <span class='ocrx_word' id='word_1_382' title='bbox 2812 2406 3001 2461; x_wconf 77' lang='grc' dir='ltr'>τοῦτο’</span> <span class='ocrx_word' id='word_1_383' title='bbox 3041 2405 3127 2459; x_wconf 81' lang='grc' dir='ltr'>ὅτι</span> <span class='ocrx_word' id='word_1_384' title='bbox 3181 2404 3281 2474; x_wconf 83' lang='grc' dir='ltr'>μὲν</span> <span class='ocrx_word' id='word_1_385' title='bbox 3301 2403 3406 2457; x_wconf 75' lang='grc' dir='ltr'>καὶ</span> <span class='ocrx_word' id='word_1_386' title='bbox 3432 2403 3467 2474; x_wconf 85' lang='grc' dir='ltr'><strong>ή</strong></span> <span class='ocrx_word' id='word_1_387' title='bbox 3497 2403 3661 2454; x_wconf 80' lang='grc' dir='ltr'>ὀπτα-</span> 
     </span>
    </p>
   </div>
   <div class='ocr_carea' id='block_1_54' title="bbox 2064 2494 3657 2581">
    <p class='ocr_par' dir='ltr' id='par_1_54' title="bbox 2064 2494 3657 2581">
     <span class='ocr_line' id='line_1_54' title="bbox 2064 2494 3657 2581; baseline -0.009 -25"><span class='ocrx_word' id='word_1_388' title='bbox 2064 2502 2155 2556; x_wconf 89' lang='grc' dir='ltr'><strong>σία</strong></span> <span class='ocrx_word' id='word_1_389' title='bbox 2203 2500 2536 2571; x_wconf 75' lang='grc' dir='ltr'>συνέκφοϐος</span> <span class='ocrx_word' id='word_1_390' title='bbox 2553 2518 2568 2531; x_wconf 89' lang='grc'><strong>·</strong></span> <span class='ocrx_word' id='word_1_391' title='bbox 2588 2500 2715 2554; x_wconf 82' lang='grc' dir='ltr'>τὸδὲ</span> <span class='ocrx_word' id='word_1_392' title='bbox 2729 2498 2823 2553; x_wconf 80' lang='grc' dir='ltr'>τοῦ</span> <span class='ocrx_word' id='word_1_393' title='bbox 2852 2499 3048 2571; x_wconf 58' lang='grc' dir='ltr'>ἀνδρός</span> <span class='ocrx_word' id='word_1_394' title='bbox 3070 2497 3206 2568; x_wconf 75' lang='grc' dir='ltr'>πρὸς</span> <span class='ocrx_word' id='word_1_395' title='bbox 3225 2496 3334 2566; x_wconf 74' lang='grc' dir='ltr'><strong>ἐμὲ</strong></span> <span class='ocrx_word' id='word_1_396' title='bbox 3356 2494 3657 2581; x_wconf 74' lang='grc' dir='ltr'>ἀντιτεῖνον</span> 
     </span>
    </p>
   </div>
   <div class='ocr_carea' id='block_1_55' title="bbox 2064 2583 3655 2664">
    <p class='ocr_par' dir='ltr' id='par_1_55' title="bbox 2064 2583 3655 2664">
     <span class='ocr_line' id='line_1_55' title="bbox 2064 2583 3655 2664; baseline -0.019 1"><span class='ocrx_word' id='word_1_397' title='bbox 2064 2592 2239 2664; x_wconf 69' lang='grc' dir='ltr'><strong>ῥῆμα,</strong></span> <span class='ocrx_word' id='word_1_398' title='bbox 2272 2592 2324 2645; x_wconf 87' lang='grc' dir='ltr'>τί</span> <span class='ocrx_word' id='word_1_399' title='bbox 2359 2591 2468 2663; x_wconf 83' lang='grc' dir='ltr'>ἄρα</span> <span class='ocrx_word' id='word_1_400' title='bbox 2525 2591 2697 2645; x_wconf 78' lang='grc' dir='ltr'>ἐστίν.</span> <span class='ocrx_word' id='word_1_401' title='bbox 2732 2591 2790 2642; x_wconf 80' lang='lat' dir='ltr'><strong>El</strong></span> <span class='ocrx_word' id='word_1_402' title='bbox 2823 2589 2900 2662; x_wconf 80' lang='grc' dir='ltr'>μὴ</span> <span class='ocrx_word' id='word_1_403' title='bbox 2941 2588 3187 2652; x_wconf 81' lang='grc' dir='ltr'>πάντως,</span> <span class='ocrx_word' id='word_1_404' title='bbox 3247 2587 3335 2640; x_wconf 84' lang='grc' dir='ltr'>ὅτι</span> <span class='ocrx_word' id='word_1_405' title='bbox 3402 2588 3482 2649; x_wconf 82' lang='grc' dir='ltr'>εἰς</span> <span class='ocrx_word' id='word_1_406' title='bbox 3512 2583 3655 2637; x_wconf 76' lang='grc' dir='ltr'>οὐδὲν</span> 
     </span>
    </p>
   </div>
   <div class='ocr_carea' id='block_1_56' title="bbox 2060 2673 3653 2778">
    <p class='ocr_par' dir='ltr' id='par_1_56' title="bbox 2060 2673 3653 2778">
     <span class='ocr_line' id='line_1_56' title="bbox 2060 2673 3653 2778; baseline -0.006 -42"><span class='ocrx_word' id='word_1_407' title='bbox 2060 2683 2396 2754; x_wconf 81' lang='grc' dir='ltr'>ἐλογισάμην</span> <span class='ocrx_word' id='word_1_408' title='bbox 2450 2680 2549 2752; x_wconf 80' lang='grc' dir='ltr'><strong>τὴν</strong></span> <span class='ocrx_word' id='word_1_409' title='bbox 2607 2679 2704 2733; x_wconf 78' lang='grc' dir='ltr'>τοῦ</span> <span class='ocrx_word' id='word_1_410' title='bbox 2764 2679 2961 2751; x_wconf 81' lang='grc' dir='ltr'>ἀνδρὸς</span> <span class='ocrx_word' id='word_1_411' title='bbox 3011 2677 3319 2778; x_wconf 73' lang='grc' dir='ltr'>πολιτείαν.</span> <span class='ocrx_word' id='word_1_412' title='bbox 3363 2673 3653 2778; x_wconf 42' lang='grc' dir='ltr'>’Ἀπιστίας</span> 
     </span>
    </p>
   </div>
   <div class='ocr_carea' id='block_1_57' title="bbox 2059 2769 3653 2875">
    <p class='ocr_par' dir='ltr' id='par_1_57' title="bbox 2059 2769 3653 2875">
     <span class='ocr_line' id='line_1_57' title="bbox 2059 2769 3653 2875; baseline -0.009 -43"><span class='ocrx_word' id='word_1_413' title='bbox 2059 2777 2169 2850; x_wconf 87' lang='grc' dir='ltr'>γὰρ</span> <span class='ocrx_word' id='word_1_414' title='bbox 2190 2773 2333 2849; x_wconf 85' lang='grc' dir='ltr'>ἦσαν</span> <span class='ocrx_word' id='word_1_415' title='bbox 2367 2776 2434 2829; x_wconf 77' lang='grc' dir='ltr'><strong>τά</strong></span> <span class='ocrx_word' id='word_1_416' title='bbox 2464 2772 2580 2829; x_wconf 81' lang='grc' dir='ltr'>ὦτά</span> <span class='ocrx_word' id='word_1_417' title='bbox 2629 2790 2732 2845; x_wconf 93' lang='grc' dir='ltr'><strong>μου</strong></span> <span class='ocrx_word' id='word_1_418' title='bbox 2761 2772 3028 2845; x_wconf 83' lang='grc' dir='ltr'>γέμοντα,</span> <span class='ocrx_word' id='word_1_419' title='bbox 3061 2770 3133 2824; x_wconf 85' lang='grc' dir='ltr'>τὰ</span> <span class='ocrx_word' id='word_1_420' title='bbox 3160 2769 3527 2875; x_wconf 63' lang='grc' dir='ltr'>ῥηθησόμενα</span> <span class='ocrx_word' id='word_1_421' title='bbox 3556 2769 3653 2875; x_wconf 54' lang='grc' dir='ltr'>τιῖιν</span> 
     </span>
    </p>
   </div>
   <div class='ocr_carea' id='block_1_58' title="bbox 2059 2859 3648 2942">
    <p class='ocr_par' dir='ltr' id='par_1_58' title="bbox 2059 2859 3648 2942">
     <span class='ocr_line' id='line_1_58' title="bbox 2059 2859 3648 2942; baseline -0.009 -17"><span class='ocrx_word' id='word_1_422' title='bbox 2059 2869 2340 2941; x_wconf 82' lang='grc' dir='ltr'>γυναικῶν</span> <span class='ocrx_word' id='word_1_423' title='bbox 2391 2871 2614 2942; x_wconf 81' lang='grc' dir='ltr'>ῥήματα</span> <span class='ocrx_word' id='word_1_424' title='bbox 2643 2908 2658 2922; x_wconf 93' lang='grc'><strong>.</strong></span> <span class='ocrx_word' id='word_1_425' title='bbox 2691 2909 2705 2922; x_wconf 93' lang='grc'><strong>.</strong></span> <span class='ocrx_word' id='word_1_426' title='bbox 2743 2905 2757 2920; x_wconf 92' lang='grc'><strong>.</strong></span> <span class='ocrx_word' id='word_1_427' title='bbox 2796 2907 2809 2921; x_wconf 95' lang='grc'><strong>.</strong></span> <span class='ocrx_word' id='word_1_428' title='bbox 2843 2866 3221 2935; x_wconf 84' lang='grc' dir='ltr'>Λογισάμενος</span> <span class='ocrx_word' id='word_1_429' title='bbox 3276 2862 3381 2917; x_wconf 77' lang='grc' dir='ltr'><strong>οὖν</strong></span> <span class='ocrx_word' id='word_1_430' title='bbox 3426 2859 3540 2930; x_wconf 79' lang='grc' dir='ltr'>ἐγὼ</span> <span class='ocrx_word' id='word_1_431' title='bbox 3576 2860 3648 2913; x_wconf 85' lang='grc' dir='ltr'>ὅτι</span> 
     </span>
    </p>
   </div>
   <div class='ocr_carea' id='block_1_59' title="bbox 2057 2951 3646 3030">
    <p class='ocr_par' dir='ltr' id='par_1_59' title="bbox 2057 2951 3646 3030">
     <span class='ocr_line' id='line_1_59' title="bbox 2057 2951 3646 3030; baseline -0.01 -11"><span class='ocrx_word' id='word_1_432' title='bbox 2057 2966 2122 3019; x_wconf 79' lang='grc' dir='ltr'>ὲκ</span> <span class='ocrx_word' id='word_1_433' title='bbox 2139 2964 2276 3017; x_wconf 74' lang='grc' dir='ltr'>Θεοῦ</span> <span class='ocrx_word' id='word_1_434' title='bbox 2321 2964 2543 3025; x_wconf 82' lang='grc' dir='ltr'>πάντως</span> <span class='ocrx_word' id='word_1_435' title='bbox 2574 2960 2722 3014; x_wconf 67' lang='grc' dir='ltr'>ἐστὶν</span> <span class='ocrx_word' id='word_1_436' title='bbox 2765 2956 2906 3030; x_wconf 70' lang='grc' dir='ltr'>αὕτη</span> <span class='ocrx_word' id='word_1_437' title='bbox 2937 2959 2971 3029; x_wconf 85' lang='grc' dir='ltr'><strong>ἡ</strong></span> <span class='ocrx_word' id='word_1_438' title='bbox 2999 2956 3354 3028; x_wconf 81' lang='grc' dir='ltr'>πνευματικὴ</span> <span class='ocrx_word' id='word_1_439' title='bbox 3396 2951 3646 3014; x_wconf 85' lang='grc' dir='ltr'>ὀπτασία,</span> 
     </span>
    </p>
   </div>
   <div class='ocr_carea' id='block_1_60' title="bbox 2057 3044 3648 3121">
    <p class='ocr_par' dir='ltr' id='par_1_60' title="bbox 2057 3044 3648 3121">
     <span class='ocr_line' id='line_1_60' title="bbox 2057 3044 3648 3121; baseline -0.009 -9"><span class='ocrx_word' id='word_1_440' title='bbox 2057 3058 2251 3112; x_wconf 73' lang='grc' dir='ltr'>καὶὸτι</span> <span class='ocrx_word' id='word_1_441' title='bbox 2285 3055 2455 3109; x_wconf 82' lang='grc' dir='ltr'>αὐτοῦ</span> <span class='ocrx_word' id='word_1_442' title='bbox 2498 3051 2707 3109; x_wconf 80' lang='grc' dir='ltr'>ἄνωθέν</span> <span class='ocrx_word' id='word_1_443' title='bbox 2761 3049 2959 3105; x_wconf 80' lang='grc' dir='ltr'>ὲστιτὸ</span> <span class='ocrx_word' id='word_1_444' title='bbox 2987 3049 3187 3121; x_wconf 80' lang='grc' dir='ltr'>δῶρον,</span> <span class='ocrx_word' id='word_1_445' title='bbox 3235 3044 3648 3117; x_wconf 80' lang='grc' dir='ltr'>ἁνεζωπύρησα</span> 
     </span>
    </p>
   </div>
   <div class='ocr_carea' id='block_1_61' title="bbox 2054 3139 3646 3223">
    <p class='ocr_par' dir='ltr' id='par_1_61' title="bbox 2054 3139 3646 3223">
     <span class='ocr_line' id='line_1_61' title="bbox 2054 3139 3646 3223; baseline -0.01 -17"><span class='ocrx_word' id='word_1_446' title='bbox 2054 3151 2134 3223; x_wconf 89' lang='grc' dir='ltr'><strong>τῷ</strong></span> <span class='ocrx_word' id='word_1_447' title='bbox 2166 3150 2334 3220; x_wconf 84' lang='grc' dir='ltr'>πόθῳ,</span> <span class='ocrx_word' id='word_1_448' title='bbox 2368 3146 2628 3217; x_wconf 72' lang='grc' dir='ltr'>καὶπρὸς</span> <span class='ocrx_word' id='word_1_449' title='bbox 2653 3145 2715 3199; x_wconf 81' lang='grc' dir='ltr'><strong>τὸ</strong></span> <span class='ocrx_word' id='word_1_450' title='bbox 2749 3143 2937 3216; x_wconf 85' lang='grc' dir='ltr'>δρᾶμα</span> <span class='ocrx_word' id='word_1_451' title='bbox 2997 3140 3476 3214; x_wconf 75' lang='grc' dir='ltr'>ὲξηυτρεπίσθην,</span> <span class='ocrx_word' id='word_1_452' title='bbox 3510 3139 3646 3198; x_wconf 79' lang='grc' dir='ltr'>ὅπως</span> 
     </span>
    </p>
   </div>
   <div class='ocr_carea' id='block_1_62' title="bbox 360 3219 1954 3336">
    <p class='ocr_par' dir='ltr' id='par_1_62' title="bbox 360 3219 1947 3336">
     <span class='ocr_line' id='line_1_62' title="bbox 360 3219 1947 3307; baseline 0.016 -38"><span class='ocrx_word' id='word_1_453' title='bbox 360 3219 532 3284; x_wconf 78' lang='lat' dir='ltr'><strong>einxi,</strong></span> <span class='ocrx_word' id='word_1_454' title='bbox 564 3236 675 3291; x_wconf 92' lang='lat' dir='ltr'><strong>quo</strong></span> <span class='ocrx_word' id='word_1_455' title='bbox 704 3222 808 3277; x_wconf 86' lang='lat' dir='ltr'><strong>viri</strong></span> <span class='ocrx_word' id='word_1_456' title='bbox 867 3225 1017 3282; x_wconf 86' lang='lat' dir='ltr'><strong>senis</strong></span> <span class='ocrx_word' id='word_1_457' title='bbox 1056 3234 1180 3284; x_wconf 87' lang='lat' dir='ltr'><strong>acta</strong></span> <span class='ocrx_word' id='word_1_458' title='bbox 1215 3229 1525 3287; x_wconf 86' lang='lat' dir='ltr'><strong>litterarum</strong></span> <span class='ocrx_word' id='word_1_459' title='bbox 1552 3240 1947 3307; x_wconf 88' lang='lat' dir='ltr'><strong>monumentis,</strong></span> 
     </span>
     <span class='ocr_line' id='line_1_63' title="bbox 360 3310 1916 3336; baseline 0 0"><span class='ocrx_word' id='word_1_460' title='bbox 360 3310 616 3336; x_wconf 70' lang='lat' dir='ltr'><strong>I:.I..l:|...-</strong></span> <span class='ocrx_word' id='word_1_461' title='bbox 652 3313 924 3336; x_wconf 37' lang='grc' dir='ltr'><strong>.--ΔΛ-Α..-</strong></span> <span class='ocrx_word' id='word_1_462' title='bbox 974 3335 977 3336; x_wconf 65' lang='lat'>,</span> <span class='ocrx_word' id='word_1_463' title='bbox 1022 3317 1074 3336; x_wconf 72' lang='grc' dir='ltr'>ει</span> <span class='ocrx_word' id='word_1_464' title='bbox 1122 3333 1135 3336; x_wconf 72' lang='lat'><strong>-</strong></span> <span class='ocrx_word' id='word_1_465' title='bbox 1245 3320 1260 3336; x_wconf 73' lang='grc' dir='ltr'><strong>ι</strong></span> <span class='ocrx_word' id='word_1_466' title='bbox 1454 3333 1463 3336; x_wconf 38' lang='grc' dir='ltr'><em>Α</em></span> <span class='ocrx_word' id='word_1_467' title='bbox 1516 3333 1525 3336; x_wconf 92' lang='grc'><strong>-</strong></span> <span class='ocrx_word' id='word_1_468' title='bbox 1905 3330 1916 3336; x_wconf 85' lang='grc'><strong>-</strong></span> 
     </span>
    </p>
   </div>
   <div class='ocr_carea' id='block_1_63' title="bbox 2062 3219 3643 3336">
    <p class='ocr_par' dir='ltr' id='par_1_63' title="bbox 2062 3219 3643 3336">
     <span class='ocr_line' id='line_1_64' title="bbox 2062 3219 3643 3336; baseline -0.011 -40"><span class='ocrx_word' id='word_1_469' title='bbox 2062 3219 2374 3314; x_wconf 64' lang='grc' dir='ltr'>συγγραφῇ,</span> <span class='ocrx_word' id='word_1_470' title='bbox 2410 3239 2481 3293; x_wconf 84' lang='grc' dir='ltr'>τὰ</span> <span class='ocrx_word' id='word_1_471' title='bbox 2509 3234 2606 3290; x_wconf 84' lang='grc' dir='ltr'>τοῦ</span> <span class='ocrx_word' id='word_1_472' title='bbox 2636 3236 2897 3307; x_wconf 83' lang='grc' dir='ltr'>γέροντος</span> <span class='ocrx_word' id='word_1_473' title='bbox 2922 3233 3038 3296; x_wconf 83' lang='grc' dir='ltr'>τοῖς</span> <span class='ocrx_word' id='word_1_474' title='bbox 3059 3234 3276 3295; x_wconf 85' lang='grc' dir='ltr'>πιστοῖς</span> <span class='ocrx_word' id='word_1_475' title='bbox 3296 3227 3613 3336; x_wconf 66' lang='grc' dir='ltr'>παραδῷσω</span> <span class='ocrx_word' id='word_1_476' title='bbox 3629 3240 3643 3253; x_wconf 88' lang='grc'><strong>·</strong></span> 
     </span>
    </p>
   </div>
   <div class='ocr_carea' id='block_1_64' title="bbox 360 3310 1948 3400">
    <p class='ocr_par' dir='ltr' id='par_1_64' title="bbox 360 3310 1948 3400">
     <span class='ocr_line' id='line_1_65' title="bbox 360 3310 1948 3400; baseline 0.015 -39"><span class='ocrx_word' id='word_1_477' title='bbox 360 3310 619 3369; x_wconf 76' lang='lat' dir='ltr'><strong>ﬁdelibus</strong></span> <span class='ocrx_word' id='word_1_478' title='bbox 651 3313 929 3372; x_wconf 84' lang='lat' dir='ltr'><strong>traderem</strong></span> <span class='ocrx_word' id='word_1_479' title='bbox 968 3335 982 3372; x_wconf 90' lang='lat'>:</span> <span class='ocrx_word' id='word_1_480' title='bbox 1021 3317 1075 3373; x_wconf 91' lang='lat' dir='ltr'><strong>id</strong></span> <span class='ocrx_word' id='word_1_481' title='bbox 1114 3320 1261 3390; x_wconf 89' lang='lat' dir='ltr'><strong>apud</strong></span> <span class='ocrx_word' id='word_1_482' title='bbox 1296 3338 1382 3378; x_wconf 88' lang='lat' dir='ltr'><strong>me</strong></span> <span class='ocrx_word' id='word_1_483' title='bbox 1418 3333 1695 3392; x_wconf 89' lang='lat' dir='ltr'><strong>statuens,</strong></span> <span class='ocrx_word' id='word_1_484' title='bbox 1728 3339 1788 3383; x_wconf 89' lang='lat' dir='ltr'><strong>ut</strong></span> <span class='ocrx_word' id='word_1_485' title='bbox 1833 3330 1948 3400; x_wconf 87' lang='lat' dir='ltr'><strong>pri-</strong></span> 
     </span>
    </p>
   </div>
   <div class='ocr_carea' id='block_1_65' title="bbox 358 3407 1945 3490">
    <p class='ocr_par' dir='ltr' id='par_1_65' title="bbox 358 3407 1945 3490">
     <span class='ocr_line' id='line_1_66' title="bbox 358 3407 1945 3490; baseline 0.015 -36"><span class='ocrx_word' id='word_1_486' title='bbox 358 3418 510 3457; x_wconf 84' lang='lat' dir='ltr'><strong>mum</strong></span> <span class='ocrx_word' id='word_1_487' title='bbox 548 3420 731 3463; x_wconf 91' lang='lat' dir='ltr'><strong>meam</strong></span> <span class='ocrx_word' id='word_1_488' title='bbox 773 3407 1018 3465; x_wconf 84' lang='lat' dir='ltr'><strong>dicerem</strong></span> <span class='ocrx_word' id='word_1_489' title='bbox 1065 3410 1553 3485; x_wconf 90' lang='lat' dir='ltr'><strong>incredulitatem,</strong></span> <span class='ocrx_word' id='word_1_490' title='bbox 1589 3422 1945 3490; x_wconf 90' lang='lat' dir='ltr'><strong>postmodum</strong></span> 
     </span>
    </p>
   </div>
   <div class='ocr_carea' id='block_1_66' title="bbox 358 3498 1767 3572">
    <p class='ocr_par' dir='ltr' id='par_1_66' title="bbox 358 3498 1767 3572">
     <span class='ocr_line' id='line_1_67' title="bbox 358 3498 1767 3572; baseline 0.016 -28"><span class='ocrx_word' id='word_1_491' title='bbox 358 3499 568 3561; x_wconf 82' lang='lat' dir='ltr'><strong>autem,</strong></span> <span class='ocrx_word' id='word_1_492' title='bbox 602 3511 726 3566; x_wconf 65' lang='lat' dir='ltr'><strong>quae</strong></span> <span class='ocrx_word' id='word_1_493' title='bbox 758 3498 892 3552; x_wconf 89' lang='lat' dir='ltr'><strong>mihi</strong></span> <span class='ocrx_word' id='word_1_494' title='bbox 931 3515 1131 3572; x_wconf 83' lang='lat' dir='ltr'><strong>magna</strong></span> <span class='ocrx_word' id='word_1_495' title='bbox 1160 3518 1190 3558; x_wconf 90' lang='lat' dir='ltr'><strong>a</strong></span> <span class='ocrx_word' id='word_1_496' title='bbox 1228 3504 1339 3561; x_wconf 91' lang='lat' dir='ltr'><strong>Deo</strong></span> <span class='ocrx_word' id='word_1_497' title='bbox 1366 3506 1767 3567; x_wconf 84' lang='lat' dir='ltr'><strong>innotuissent.</strong></span> 
     </span>
    </p>
   </div>
   <div class='ocr_carea' id='block_1_67' title="bbox 432 3583 1947 3670">
    <p class='ocr_par' dir='ltr' id='par_1_67' title="bbox 432 3583 1947 3670">
     <span class='ocr_line' id='line_1_68' title="bbox 432 3583 1947 3670; baseline 0.018 -35"><span class='ocrx_word' id='word_1_498' title='bbox 432 3583 695 3656; x_wconf 83' lang='lat' dir='ltr'><strong>Adeoque</strong></span> <span class='ocrx_word' id='word_1_499' title='bbox 737 3590 1006 3647; x_wconf 87' lang='lat' dir='ltr'><strong>accersita</strong></span> <span class='ocrx_word' id='word_1_500' title='bbox 1058 3598 1381 3652; x_wconf 83' lang='lat' dir='ltr'><strong>monasterii</strong></span> <span class='ocrx_word' id='word_1_501' title='bbox 1424 3600 1705 3670; x_wconf 64' lang='lat' dir='ltr'><strong>praelecta,</strong></span> <span class='ocrx_word' id='word_1_502' title='bbox 1756 3607 1947 3662; x_wconf 85' lang='lat' dir='ltr'><strong>enmi-</strong></span> 
     </span>
    </p>
   </div>
   <div class='ocr_carea' id='block_1_68' title="bbox 356 3671 1947 3755">
    <p class='ocr_par' dir='ltr' id='par_1_68' title="bbox 356 3671 1947 3755">
     <span class='ocr_line' id='line_1_69' title="bbox 356 3671 1947 3755; baseline 0.018 -30"><span class='ocrx_word' id='word_1_503' title='bbox 356 3671 576 3742; x_wconf 78' lang='lat' dir='ltr'><strong>bnsque</strong></span> <span class='ocrx_word' id='word_1_504' title='bbox 619 3677 828 3747; x_wconf 90' lang='lat' dir='ltr'><strong>pariter</strong></span> <span class='ocrx_word' id='word_1_505' title='bbox 885 3683 992 3737; x_wconf 90' lang='lat' dir='ltr'><strong>sub</strong></span> <span class='ocrx_word' id='word_1_506' title='bbox 1024 3688 1266 3755; x_wconf 79' lang='lat' dir='ltr'><strong>regulari</strong></span> <span class='ocrx_word' id='word_1_507' title='bbox 1314 3697 1370 3745; x_wconf 92' lang='lat' dir='ltr'><strong>et</strong></span> <span class='ocrx_word' id='word_1_508' title='bbox 1405 3694 1712 3748; x_wconf 84' lang='lat' dir='ltr'><strong>monastica</strong></span> <span class='ocrx_word' id='word_1_509' title='bbox 1748 3697 1947 3754; x_wconf 90' lang='lat' dir='ltr'><strong>obser-</strong></span> 
     </span>
    </p>
   </div>
   <div class='ocr_carea' id='block_1_69' title="bbox 356 3767 1949 3857">
    <p class='ocr_par' dir='ltr' id='par_1_69' title="bbox 356 3767 1949 3857">
     <span class='ocr_line' id='line_1_70' title="bbox 356 3767 1949 3857; baseline 0.019 -42"><span class='ocrx_word' id='word_1_510' title='bbox 356 3767 545 3823; x_wconf 78' lang='lat' dir='ltr'><strong>vantia</strong></span> <span class='ocrx_word' id='word_1_511' title='bbox 603 3770 994 3840; x_wconf 89' lang='lat' dir='ltr'><strong>militantibus,</strong></span> <span class='ocrx_word' id='word_1_512' title='bbox 1051 3777 1352 3850; x_wconf 79' lang='lat' dir='ltr'><strong>diligenter</strong></span> <span class='ocrx_word' id='word_1_513' title='bbox 1406 3785 1476 3840; x_wconf 90' lang='lat' dir='ltr'><strong>ab</strong></span> <span class='ocrx_word' id='word_1_514' title='bbox 1506 3785 1588 3841; x_wconf 91' lang='lat' dir='ltr'><strong>eis</strong></span> <span class='ocrx_word' id='word_1_515' title='bbox 1648 3803 1814 3857; x_wconf 92' lang='lat' dir='ltr'><strong>quam</strong></span> <span class='ocrx_word' id='word_1_516' title='bbox 1860 3792 1949 3846; x_wconf 89' lang='lat' dir='ltr'><strong>vir</strong></span> 
     </span>
    </p>
   </div>
   <div class='ocr_carea' id='block_1_70' title="bbox 358 3862 1945 3953">
    <p class='ocr_par' dir='ltr' id='par_1_70' title="bbox 358 3862 1945 3953">
     <span class='ocr_line' id='line_1_71' title="bbox 358 3862 1945 3953; baseline 0.016 -42"><span class='ocrx_word' id='word_1_517' title='bbox 358 3875 588 3918; x_wconf 82' lang='lat' dir='ltr'><strong>sanctus</strong></span> <span class='ocrx_word' id='word_1_518' title='bbox 623 3862 750 3919; x_wconf 88' lang='lat' dir='ltr'><strong>vitae</strong></span> <span class='ocrx_word' id='word_1_519' title='bbox 774 3866 1048 3923; x_wconf 85' lang='lat' dir='ltr'><strong>rationem</strong></span> <span class='ocrx_word' id='word_1_520' title='bbox 1090 3874 1364 3930; x_wconf 86' lang='lat' dir='ltr'><strong>tenuisset</strong></span> <span class='ocrx_word' id='word_1_521' title='bbox 1407 3888 1767 3946; x_wconf 88' lang='lat' dir='ltr'><strong>percontatus</strong></span> <span class='ocrx_word' id='word_1_522' title='bbox 1798 3898 1945 3953; x_wconf 84' lang='lat' dir='ltr'><strong>sum,</strong></span> 
     </span>
    </p>
   </div>
   <div class='ocr_carea' id='block_1_71' title="bbox 358 3955 1949 4041">
    <p class='ocr_par' dir='ltr' id='par_1_71' title="bbox 358 3955 1949 4041">
     <span class='ocr_line' id='line_1_72' title="bbox 358 3955 1949 4041; baseline 0.018 -35"><span class='ocrx_word' id='word_1_523' title='bbox 358 3955 736 4029; x_wconf 88' lang='lat' dir='ltr'><strong>utdcineeps,</strong></span> <span class='ocrx_word' id='word_1_524' title='bbox 795 3969 1062 4029; x_wconf 89' lang='lat' dir='ltr'><strong>quantum</strong></span> <span class='ocrx_word' id='word_1_525' title='bbox 1117 3969 1336 4038; x_wconf 85' lang='lat' dir='ltr'><strong>assequi</strong></span> <span class='ocrx_word' id='word_1_526' title='bbox 1403 3973 1679 4041; x_wconf 88' lang='lat' dir='ltr'><strong>licuisset,</strong></span> <span class='ocrx_word' id='word_1_527' title='bbox 1714 3992 1949 4035; x_wconf 88' lang='lat' dir='ltr'><strong>narrare</strong></span> 
     </span>
    </p>
   </div>
   <div class='ocr_carea' id='block_1_72' title="bbox 354 4047 1945 4125">
    <p class='ocr_par' dir='ltr' id='par_1_72' title="bbox 354 4047 1945 4125">
     <span class='ocr_line' id='line_1_73' title="bbox 354 4047 1945 4125; baseline 0.015 -25"><span class='ocrx_word' id='word_1_528' title='bbox 354 4047 705 4118; x_wconf 88' lang='lat' dir='ltr'><strong>inciperem:</strong></span> <span class='ocrx_word' id='word_1_529' title='bbox 751 4051 859 4109; x_wconf 90' lang='lat' dir='ltr'><strong>hoc</strong></span> <span class='ocrx_word' id='word_1_530' title='bbox 921 4066 1184 4124; x_wconf 89' lang='lat' dir='ltr'><strong>reputans</strong></span> <span class='ocrx_word' id='word_1_531' title='bbox 1243 4058 1365 4117; x_wconf 89' lang='lat' dir='ltr'><strong>fore</strong></span> <span class='ocrx_word' id='word_1_532' title='bbox 1446 4072 1506 4119; x_wconf 89' lang='lat' dir='ltr'><strong>ut</strong></span> <span class='ocrx_word' id='word_1_533' title='bbox 1560 4067 1945 4125; x_wconf 89' lang='lat' dir='ltr'><strong>universorum</strong></span> 
     </span>
    </p>
   </div>
   <div class='ocr_carea' id='block_1_73' title="bbox 356 4143 1947 4231">
    <p class='ocr_par' dir='ltr' id='par_1_73' title="bbox 356 4143 1947 4231">
     <span class='ocr_line' id='line_1_74' title="bbox 356 4143 1947 4231; baseline 0.016 -39"><span class='ocrx_word' id='word_1_534' title='bbox 356 4143 504 4196; x_wconf 81' lang='lat' dir='ltr'><strong>Deus</strong></span> <span class='ocrx_word' id='word_1_535' title='bbox 549 4143 604 4197; x_wconf 92' lang='lat' dir='ltr'><strong>in</strong></span> <span class='ocrx_word' id='word_1_536' title='bbox 640 4144 785 4199; x_wconf 69' lang='lat' dir='ltr'><strong>coelo</strong></span> <span class='ocrx_word' id='word_1_537' title='bbox 824 4146 1104 4217; x_wconf 90' lang='lat' dir='ltr'><strong>habitans,</strong></span> <span class='ocrx_word' id='word_1_538' title='bbox 1145 4151 1216 4208; x_wconf 92' lang='lat' dir='ltr'><strong>iis</strong></span> <span class='ocrx_word' id='word_1_539' title='bbox 1255 4155 1352 4224; x_wconf 91' lang='lat' dir='ltr'><strong>qui</strong></span> <span class='ocrx_word' id='word_1_540' title='bbox 1394 4156 1598 4213; x_wconf 90' lang='lat' dir='ltr'><strong>bonum</strong></span> <span class='ocrx_word' id='word_1_541' title='bbox 1636 4173 1947 4231; x_wconf 86' lang='lat' dir='ltr'><strong>operantur</strong></span> 
     </span>
    </p>
   </div>
   <div class='ocr_carea' id='block_1_74' title="bbox 352 4233 1937 4324">
    <p class='ocr_par' dir='ltr' id='par_1_74' title="bbox 352 4233 1937 4324">
     <span class='ocr_line' id='line_1_75' title="bbox 352 4233 1937 4324; baseline 0.017 -38"><span class='ocrx_word' id='word_1_542' title='bbox 352 4233 497 4289; x_wconf 88' lang='lat' dir='ltr'><strong>bona</strong></span> <span class='ocrx_word' id='word_1_543' title='bbox 528 4250 636 4290; x_wconf 89' lang='lat' dir='ltr'><strong>non</strong></span> <span class='ocrx_word' id='word_1_544' title='bbox 671 4237 924 4311; x_wconf 82' lang='lat' dir='ltr'><strong>deneget.</strong></span> <span class='ocrx_word' id='word_1_545' title='bbox 967 4239 1191 4309; x_wconf 87' lang='lat' dir='ltr'><strong>Verum,</strong></span> <span class='ocrx_word' id='word_1_546' title='bbox 1229 4238 1576 4308; x_wconf 24' lang='lat' dir='ltr'><strong>m&#39;onaehalis</strong></span> <span class='ocrx_word' id='word_1_547' title='bbox 1621 4256 1744 4324; x_wconf 88' lang='lat' dir='ltr'><strong>ejus</strong></span> <span class='ocrx_word' id='word_1_548' title='bbox 1772 4271 1937 4312; x_wconf 79' lang='lat' dir='ltr'><strong>exer-</strong></span> 
     </span>
    </p>
   </div>
   <div class='ocr_carea' id='block_1_75' title="bbox 352 4326 1944 4415">
    <p class='ocr_par' dir='ltr' id='par_1_75' title="bbox 352 4326 1944 4415">
     <span class='ocr_line' id='line_1_76' title="bbox 352 4326 1944 4415; baseline 0.016 -37"><span class='ocrx_word' id='word_1_549' title='bbox 352 4326 642 4385; x_wconf 81' lang='lat' dir='ltr'><strong>citationis</strong></span> <span class='ocrx_word' id='word_1_550' title='bbox 680 4332 1133 4393; x_wconf 86' lang='lat' dir='ltr'><strong>consideratione</strong></span> <span class='ocrx_word' id='word_1_551' title='bbox 1166 4340 1375 4397; x_wconf 86' lang='lat' dir='ltr'><strong>omissa</strong></span> <span class='ocrx_word' id='word_1_552' title='bbox 1408 4345 1707 4415; x_wconf 87' lang='lat' dir='ltr'><strong>tacitaque,</strong></span> <span class='ocrx_word' id='word_1_553' title='bbox 1757 4349 1828 4403; x_wconf 85' lang='lat' dir='ltr'><strong>ad</strong></span> <span class='ocrx_word' id='word_1_554' title='bbox 1880 4364 1944 4404; x_wconf 90' lang='lat' dir='ltr'><strong>ea</strong></span> 
     </span>
    </p>
   </div>
   <div class='ocr_carea' id='block_1_76' title="bbox 354 4418 1943 4503">
    <p class='ocr_par' dir='ltr' id='par_1_76' title="bbox 354 4418 1943 4503">
     <span class='ocr_line' id='line_1_77' title="bbox 354 4418 1943 4503; baseline 0.016 -32"><span class='ocrx_word' id='word_1_555' title='bbox 354 4418 541 4473; x_wconf 87' lang='lat' dir='ltr'><strong>statim</strong></span> <span class='ocrx_word' id='word_1_556' title='bbox 573 4420 788 4479; x_wconf 88' lang='lat' dir='ltr'><strong>alacres</strong></span> <span class='ocrx_word' id='word_1_557' title='bbox 813 4428 1277 4497; x_wconf 87' lang='lat' dir='ltr'><strong>processerimus,</strong></span> <span class='ocrx_word' id='word_1_558' title='bbox 1303 4432 1509 4503; x_wconf 86' lang='lat' dir='ltr'><strong>quibus</strong></span> <span class='ocrx_word' id='word_1_559' title='bbox 1536 4438 1781 4493; x_wconf 78' lang='lat' dir='ltr'><strong>evaserit</strong></span> <span class='ocrx_word' id='word_1_560' title='bbox 1819 4454 1943 4495; x_wconf 89' lang='lat' dir='ltr'><strong>ma-</strong></span> 
     </span>
    </p>
   </div>
   <div class='ocr_carea' id='block_1_77' title="bbox 352 4511 1942 4602">
    <p class='ocr_par' dir='ltr' id='par_1_77' title="bbox 352 4511 1942 4602">
     <span class='ocr_line' id='line_1_78' title="bbox 352 4511 1942 4602; baseline 0.016 -39"><span class='ocrx_word' id='word_1_561' title='bbox 352 4511 439 4579; x_wconf 79' lang='lat' dir='ltr'><strong>gis</strong></span> <span class='ocrx_word' id='word_1_562' title='bbox 476 4514 846 4585; x_wconf 87' lang='lat' dir='ltr'><strong>conspicuus;</strong></span> <span class='ocrx_word' id='word_1_563' title='bbox 881 4533 949 4573; x_wconf 81' lang='lat' dir='ltr'><strong>ex</strong></span> <span class='ocrx_word' id='word_1_564' title='bbox 989 4522 1335 4591; x_wconf 85' lang='lat' dir='ltr'><strong>novissimis,</strong></span> <span class='ocrx_word' id='word_1_565' title='bbox 1369 4539 1697 4585; x_wconf 85' lang='lat' dir='ltr'><strong>enarrantes</strong></span> <span class='ocrx_word' id='word_1_566' title='bbox 1729 4531 1942 4602; x_wconf 88' lang='lat' dir='ltr'><strong>priora.</strong></span> 
     </span>
    </p>
   </div>
   <div class='ocr_carea' id='block_1_78' title="bbox 2053 3323 3643 3403">
    <p class='ocr_par' dir='ltr' id='par_1_78' title="bbox 2053 3323 3643 3403">
     <span class='ocr_line' id='line_1_79' title="bbox 2053 3323 3643 3403; baseline -0.01 -14"><span class='ocrx_word' id='word_1_567' title='bbox 2053 3335 2123 3389; x_wconf 85' lang='grc' dir='ltr'>τὰ</span> <span class='ocrx_word' id='word_1_568' title='bbox 2150 3334 2281 3403; x_wconf 90' lang='grc' dir='ltr'>παρ’</span> <span class='ocrx_word' id='word_1_569' title='bbox 2314 3332 2439 3401; x_wconf 66' lang='grc' dir='ltr'><strong>ἐμοὶ¹</strong></span> <span class='ocrx_word' id='word_1_570' title='bbox 2469 3329 2688 3400; x_wconf 86' lang='grc' dir='ltr'>πρῶτον</span> <span class='ocrx_word' id='word_1_571' title='bbox 2720 3326 2857 3397; x_wconf 84' lang='grc' dir='ltr'>πρὸς</span> <span class='ocrx_word' id='word_1_572' title='bbox 2889 3327 3154 3382; x_wconf 83' lang='grc' dir='ltr'>ἀπιστίαν</span> <span class='ocrx_word' id='word_1_573' title='bbox 3189 3328 3375 3381; x_wconf 84' lang='grc' dir='ltr'>εἰπεῖν</span> <span class='ocrx_word' id='word_1_574' title='bbox 3439 3323 3643 3390; x_wconf 82' lang='grc' dir='ltr'>λελογι-</span> 
     </span>
    </p>
   </div>
   <div class='ocr_carea' id='block_1_79' title="bbox 2053 3419 3642 3500">
    <p class='ocr_par' dir='ltr' id='par_1_79' title="bbox 2053 3419 3642 3500">
     <span class='ocr_line' id='line_1_80' title="bbox 2053 3419 3642 3500; baseline -0.009 -17"><span class='ocrx_word' id='word_1_575' title='bbox 2053 3428 2271 3500; x_wconf 85' lang='grc' dir='ltr'>σμένος,</span> <span class='ocrx_word' id='word_1_576' title='bbox 2341 3424 2571 3497; x_wconf 75' lang='grc' dir='ltr'>ὕστερον</span> <span class='ocrx_word' id='word_1_577' title='bbox 2597 3425 2678 3490; x_wconf 87' lang='grc' dir='ltr'>δὲ,</span> <span class='ocrx_word' id='word_1_578' title='bbox 2717 3425 2788 3478; x_wconf 78' lang='grc' dir='ltr'>τὰ</span> <span class='ocrx_word' id='word_1_579' title='bbox 2808 3422 2899 3478; x_wconf 77' lang='grc' dir='ltr'><strong>διὰ</strong></span> <span class='ocrx_word' id='word_1_580' title='bbox 2936 3422 3077 3477; x_wconf 81' lang='grc' dir='ltr'>Θεοῦ</span> <span class='ocrx_word' id='word_1_581' title='bbox 3110 3420 3263 3494; x_wconf 82' lang='grc' dir='ltr'>αὐτῷ</span> <span class='ocrx_word' id='word_1_582' title='bbox 3300 3419 3524 3493; x_wconf 84' lang='grc' dir='ltr'>μεγάλα</span> <span class='ocrx_word' id='word_1_583' title='bbox 3547 3433 3642 3487; x_wconf 71' lang='grc' dir='ltr'><strong>φα⁴</strong></span> 
     </span>
    </p>
   </div>
   <div class='ocr_carea' id='block_1_80' title="bbox 2051 3520 2232 3574">
    <p class='ocr_par' dir='ltr' id='par_1_80' title="bbox 2051 3520 2232 3574">
     <span class='ocr_line' id='line_1_81' title="bbox 2051 3520 2232 3574; baseline -0.017 0"><span class='ocrx_word' id='word_1_584' title='bbox 2051 3520 2232 3574; x_wconf 86' lang='grc' dir='ltr'>νέντα.</span> 
     </span>
    </p>
   </div>
   <div class='ocr_carea' id='block_1_81' title="bbox 2124 3595 3641 3683">
    <p class='ocr_par' dir='ltr' id='par_1_81' title="bbox 2124 3595 3641 3683">
     <span class='ocr_line' id='line_1_82' title="bbox 2124 3595 3641 3683; baseline -0.011 -17"><span class='ocrx_word' id='word_1_585' title='bbox 2124 3613 2259 3666; x_wconf 85' lang='grc' dir='ltr'>Τότε</span> <span class='ocrx_word' id='word_1_586' title='bbox 2288 3608 2806 3683; x_wconf 82' lang='grc' dir='ltr'>προσκαλεσάμενος</span> <span class='ocrx_word' id='word_1_587' title='bbox 2836 3605 2936 3660; x_wconf 73' lang='grc' dir='ltr'><strong>σὺν</strong></span> <span class='ocrx_word' id='word_1_588' title='bbox 2963 3607 3032 3678; x_wconf 83' lang='grc' dir='ltr'>τῇ</span> <span class='ocrx_word' id='word_1_589' title='bbox 3061 3602 3279 3678; x_wconf 81' lang='grc' dir='ltr'>πρώτῃ,</span> <span class='ocrx_word' id='word_1_590' title='bbox 3332 3603 3524 3662; x_wconf 83' lang='grc' dir='ltr'>πάσας</span> <span class='ocrx_word' id='word_1_591' title='bbox 3554 3595 3641 3658; x_wconf 77' lang='grc' dir='ltr'>τὰς</span> 
     </span>
    </p>
   </div>
   <div class='ocr_carea' id='block_1_82' title="bbox 2054 3690 3643 3773">
    <p class='ocr_par' dir='ltr' id='par_1_82' title="bbox 2054 3690 3643 3773">
     <span class='ocr_line' id='line_1_83' title="bbox 2054 3690 3643 3773; baseline -0.01 -15"><span class='ocrx_word' id='word_1_592' title='bbox 2054 3705 2152 3758; x_wconf 82' lang='grc' dir='ltr'>σὺν</span> <span class='ocrx_word' id='word_1_593' title='bbox 2203 3704 2340 3773; x_wconf 83' lang='grc' dir='ltr'>αὐτῇ</span> <span class='ocrx_word' id='word_1_594' title='bbox 2396 3700 2563 3765; x_wconf 75' lang='grc' dir='ltr'>οὔσας</span> <span class='ocrx_word' id='word_1_595' title='bbox 2598 3702 2656 3754; x_wconf 79' lang='grc' dir='ltr'>ἐν</span> <span class='ocrx_word' id='word_1_596' title='bbox 2694 3702 2761 3771; x_wconf 78' lang='grc' dir='ltr'>τῇ</span> <span class='ocrx_word' id='word_1_597' title='bbox 2796 3699 3032 3769; x_wconf 82' lang='grc' dir='ltr'>ἀσκήσει</span> <span class='ocrx_word' id='word_1_598' title='bbox 3061 3736 3077 3762; x_wconf 86' lang='grc'><strong>,</strong></span> <span class='ocrx_word' id='word_1_599' title='bbox 3139 3694 3537 3765; x_wconf 68' lang='grc' dir='ltr'>ἐπυνθανόμην</span> <span class='ocrx_word' id='word_1_600' title='bbox 3589 3690 3643 3740; x_wconf 81' lang='grc' dir='ltr'>ὲν</span> 
     </span>
    </p>
   </div>
   <div class='ocr_carea' id='block_1_83' title="bbox 2051 3783 3638 3866">
    <p class='ocr_par' dir='ltr' id='par_1_83' title="bbox 2051 3783 3638 3866">
     <span class='ocr_line' id='line_1_84' title="bbox 2051 3783 3638 3866; baseline -0.006 -17"><span class='ocrx_word' id='word_1_601' title='bbox 2051 3794 2312 3866; x_wconf 78' lang='grc' dir='ltr'>ἀκριϐείᾳ</span> <span class='ocrx_word' id='word_1_602' title='bbox 2338 3793 2469 3863; x_wconf 86' lang='grc' dir='ltr'>παρ’</span> <span class='ocrx_word' id='word_1_603' title='bbox 2498 3791 2679 3847; x_wconf 80' lang='grc' dir='ltr'>αὐτῶν</span> <span class='ocrx_word' id='word_1_604' title='bbox 2701 3791 2800 3862; x_wconf 87' lang='grc' dir='ltr'>τὴν</span> <span class='ocrx_word' id='word_1_605' title='bbox 2839 3789 2936 3845; x_wconf 84' lang='grc' dir='ltr'>τοῦ</span> <span class='ocrx_word' id='word_1_606' title='bbox 2960 3787 3155 3860; x_wconf 81' lang='grc' dir='ltr'>ἀνδρὸς</span> <span class='ocrx_word' id='word_1_607' title='bbox 3177 3785 3483 3841; x_wconf 84' lang='grc' dir='ltr'>πολιτείαν·</span> <span class='ocrx_word' id='word_1_608' title='bbox 3502 3783 3638 3840; x_wconf 79' lang='grc' dir='ltr'>ὅπως</span> 
     </span>
    </p>
   </div>
   <div class='ocr_carea' id='block_1_84' title="bbox 2048 3872 3635 3957">
    <p class='ocr_par' dir='ltr' id='par_1_84' title="bbox 2048 3872 3635 3957">
     <span class='ocr_line' id='line_1_85' title="bbox 2048 3872 3635 3957; baseline -0.009 -17"><span class='ocrx_word' id='word_1_609' title='bbox 2048 3886 2248 3942; x_wconf 82' lang='grc' dir='ltr'>λοιπὸν</span> <span class='ocrx_word' id='word_1_610' title='bbox 2297 3886 2608 3957; x_wconf 79' lang='grc' dir='ltr'>ἀρξάμενος</span> <span class='ocrx_word' id='word_1_611' title='bbox 2664 3884 3017 3954; x_wconf 86' lang='grc' dir='ltr'>διηγήσωμαι</span> <span class='ocrx_word' id='word_1_612' title='bbox 3077 3877 3264 3943; x_wconf 87' lang='grc' dir='ltr'>καθὼς</span> <span class='ocrx_word' id='word_1_613' title='bbox 3318 3872 3635 3937; x_wconf 74' lang='grc' dir='ltr'>κατέλαϐον,</span> 
     </span>
    </p>
   </div>
   <div class='ocr_carea' id='block_1_85' title="bbox 2050 3966 3635 4069">
    <p class='ocr_par' dir='ltr' id='par_1_85' title="bbox 2050 3966 3635 4069">
     <span class='ocr_line' id='line_1_86' title="bbox 2050 3966 3635 4069; baseline -0.008 -35"><span class='ocrx_word' id='word_1_614' title='bbox 2050 3979 2208 4034; x_wconf 83' lang='grc' dir='ltr'>τοῦτο</span> <span class='ocrx_word' id='word_1_615' title='bbox 2239 3979 2612 4050; x_wconf 83' lang='grc' dir='ltr'>ἡγησάμενος,</span> <span class='ocrx_word' id='word_1_616' title='bbox 2643 3976 2725 4031; x_wconf 83' lang='grc' dir='ltr'><strong>ὅτι</strong></span> <span class='ocrx_word' id='word_1_617' title='bbox 2749 3978 2864 4040; x_wconf 87' lang='grc' dir='ltr'>τοῖς</span> <span class='ocrx_word' id='word_1_618' title='bbox 2894 3972 3289 4047; x_wconf 74' lang='grc' dir='ltr'>ἐργαζομένοις</span> <span class='ocrx_word' id='word_1_619' title='bbox 3322 3972 3392 4069; x_wconf 50' lang='grc' dir='ltr'><strong>τό</strong></span> <span class='ocrx_word' id='word_1_620' title='bbox 3420 3966 3635 4069; x_wconf 36' lang='lat' dir='ltr'><strong>aveat.</strong></span> 
     </span>
    </p>
   </div>
   <div class='ocr_carea' id='block_1_86' title="bbox 2049 4064 3637 4157">
    <p class='ocr_par' dir='ltr' id='par_1_86' title="bbox 2049 4064 3637 4157">
     <span class='ocr_line' id='line_1_87' title="bbox 2049 4064 3637 4157; baseline -0.004 -33"><span class='ocrx_word' id='word_1_621' title='bbox 2049 4073 2149 4142; x_wconf 68' lang='grc' dir='ltr'>οὐχ</span> <span class='ocrx_word' id='word_1_622' title='bbox 2191 4071 2486 4142; x_wconf 81' lang='grc' dir='ltr'>ὑστερήσει</span> <span class='ocrx_word' id='word_1_623' title='bbox 2519 4070 2589 4123; x_wconf 88' lang='grc' dir='ltr'>τὰ</span> <span class='ocrx_word' id='word_1_624' title='bbox 2620 4068 2802 4139; x_wconf 82' lang='grc' dir='ltr'>ἀγαθὰ</span> <span class='ocrx_word' id='word_1_625' title='bbox 2826 4109 2840 4131; x_wconf 90' lang='grc'><strong>,</strong></span> <span class='ocrx_word' id='word_1_626' title='bbox 2874 4071 2901 4122; x_wconf 89' lang='grc' dir='ltr'>ὁ</span> <span class='ocrx_word' id='word_1_627' title='bbox 2930 4065 3206 4121; x_wconf 83' lang='grc' dir='ltr'>κατοικῶν</span> <span class='ocrx_word' id='word_1_628' title='bbox 3236 4068 3292 4119; x_wconf 85' lang='grc' dir='ltr'><strong>ὲν</strong></span> <span class='ocrx_word' id='word_1_629' title='bbox 3315 4065 3401 4136; x_wconf 85' lang='grc' dir='ltr'><strong>τῷ</strong></span> <span class='ocrx_word' id='word_1_630' title='bbox 3431 4064 3637 4157; x_wconf 48' lang='grc' dir='ltr'>οὐρανῷ</span> 
     </span>
    </p>
   </div>
   <div class='ocr_carea' id='block_1_87' title="bbox 2047 4153 3633 4232">
    <p class='ocr_par' dir='ltr' id='par_1_87' title="bbox 2047 4153 3633 4232">
     <span class='ocr_line' id='line_1_88' title="bbox 2047 4153 3633 4232; baseline -0.009 -14"><span class='ocrx_word' id='word_1_631' title='bbox 2047 4164 2180 4228; x_wconf 82' lang='grc' dir='ltr'>Θεὸς</span> <span class='ocrx_word' id='word_1_632' title='bbox 2204 4164 2298 4217; x_wconf 81' lang='grc' dir='ltr'>τοῦ</span> <span class='ocrx_word' id='word_1_633' title='bbox 2335 4163 2557 4226; x_wconf 86' lang='grc' dir='ltr'>παντός.</span> <span class='ocrx_word' id='word_1_634' title='bbox 2576 4161 2761 4227; x_wconf 84' lang='grc' dir='ltr'>Ἀλλὰ,</span> <span class='ocrx_word' id='word_1_635' title='bbox 2788 4160 2886 4231; x_wconf 83' lang='grc' dir='ltr'><strong>τὴν</strong></span> <span class='ocrx_word' id='word_1_636' title='bbox 2912 4161 3011 4232; x_wconf 83' lang='grc' dir='ltr'><strong>μὲν</strong></span> <span class='ocrx_word' id='word_1_637' title='bbox 3034 4160 3137 4229; x_wconf 84' lang='grc' dir='ltr'>τῆς</span> <span class='ocrx_word' id='word_1_638' title='bbox 3159 4158 3453 4229; x_wconf 79' lang='grc' dir='ltr'>ἀσκήσεως</span> <span class='ocrx_word' id='word_1_639' title='bbox 3477 4153 3633 4207; x_wconf 85' lang='grc' dir='ltr'>αὐτοῦ</span> 
     </span>
    </p>
   </div>
   <div class='ocr_carea' id='block_1_88' title="bbox 2048 4243 3635 4349">
    <p class='ocr_par' dir='ltr' id='par_1_88' title="bbox 2048 4243 3635 4349">
     <span class='ocr_line' id='line_1_89' title="bbox 2048 4243 3635 4349; baseline -0.004 -40"><span class='ocrx_word' id='word_1_640' title='bbox 2048 4255 2283 4327; x_wconf 86' lang='grc' dir='ltr'>θεωρίαν</span> <span class='ocrx_word' id='word_1_641' title='bbox 2308 4255 2394 4308; x_wconf 77' lang='grc' dir='ltr'><strong>διὰ</strong></span> <span class='ocrx_word' id='word_1_642' title='bbox 2424 4254 2519 4307; x_wconf 76' lang='grc' dir='ltr'>τοῦ</span> <span class='ocrx_word' id='word_1_643' title='bbox 2553 4253 2713 4321; x_wconf 83' lang='grc' dir='ltr'>λόγου</span> <span class='ocrx_word' id='word_1_644' title='bbox 2763 4251 3017 4321; x_wconf 67' lang='grc' dir='ltr'>ἀφέντες,</span> <span class='ocrx_word' id='word_1_645' title='bbox 3087 4251 3181 4303; x_wconf 71' lang='grc' dir='ltr'><strong>ἐπὶ</strong></span> <span class='ocrx_word' id='word_1_646' title='bbox 3204 4248 3273 4349; x_wconf 71' lang='grc' dir='ltr'><strong>τά</strong></span> <span class='ocrx_word' id='word_1_647' title='bbox 3311 4247 3515 4349; x_wconf 49' lang='grc' dir='ltr'>μάλλον</span> <span class='ocrx_word' id='word_1_648' title='bbox 3561 4243 3635 4349; x_wconf 61' lang='grc' dir='ltr'><strong>εξς</strong></span> 
     </span>
    </p>
   </div>
   <div class='ocr_carea' id='block_1_89' title="bbox 2048 4340 3629 4445">
    <p class='ocr_par' dir='ltr' id='par_1_89' title="bbox 2048 4340 3629 4445">
     <span class='ocr_line' id='line_1_90' title="bbox 2048 4340 3629 4445; baseline -0.021 -24"><span class='ocrx_word' id='word_1_649' title='bbox 2048 4348 2172 4420; x_wconf 70' lang='grc' dir='ltr'><strong>δψιν</strong></span> <span class='ocrx_word' id='word_1_650' title='bbox 2221 4348 2459 4419; x_wconf 79' lang='grc' dir='ltr'>φέροντα</span> <span class='ocrx_word' id='word_1_651' title='bbox 2513 4345 2809 4415; x_wconf 83' lang='grc' dir='ltr'>προθύμως</span> <span class='ocrx_word' id='word_1_652' title='bbox 2840 4342 3309 4445; x_wconf 33' lang='grc' dir='ltr'>χωρήσωμενῙΙὲκ</span> <span class='ocrx_word' id='word_1_653' title='bbox 3328 4341 3453 4445; x_wconf 68' lang='grc' dir='ltr'><strong>τῶν</strong></span> <span class='ocrx_word' id='word_1_654' title='bbox 3478 4340 3629 4445; x_wconf 56' lang='grc' dir='ltr'>ὲσγᾰ-</span> 
     </span>
    </p>
   </div>
   <div class='ocr_carea' id='block_1_90' title="bbox 2048 4434 3628 4510">
    <p class='ocr_par' dir='ltr' id='par_1_90' title="bbox 2048 4434 3628 4510">
     <span class='ocr_line' id='line_1_91' title="bbox 2048 4434 3628 4510; baseline -0.007 -16"><span class='ocrx_word' id='word_1_655' title='bbox 2048 4458 2180 4506; x_wconf 79' lang='grc' dir='ltr'>των,</span> <span class='ocrx_word' id='word_1_656' title='bbox 2214 4439 2281 4493; x_wconf 70' lang='grc' dir='ltr'><strong>τὰ</strong></span> <span class='ocrx_word' id='word_1_657' title='bbox 2310 4438 2506 4510; x_wconf 84' lang='grc' dir='ltr'>πρῶτα</span> <span class='ocrx_word' id='word_1_658' title='bbox 2554 4437 2930 4509; x_wconf 84' lang='grc' dir='ltr'>διηγούμενοι.</span> <span class='ocrx_word' id='word_1_659' title='bbox 2973 4457 2993 4489; x_wconf 82' lang='grc' dir='ltr'><strong>ι</strong></span> <span class='ocrx_word' id='word_1_660' title='bbox 3038 4435 3245 4506; x_wconf 84' lang='grc' dir='ltr'>Ἀγαθὴ</span> <span class='ocrx_word' id='word_1_661' title='bbox 3278 4434 3392 4506; x_wconf 85' lang='grc' dir='ltr'>γὰρ</span> <span class='ocrx_word' id='word_1_662' title='bbox 3435 4434 3628 4502; x_wconf 78' lang='grc' dir='ltr'>ἐσχάτη</span> 
     </span>
    </p>
   </div>
   <div class='ocr_carea' id='block_1_91' title="bbox 2046 4521 3628 4602">
    <p class='ocr_par' dir='ltr' id='par_1_91' title="bbox 2046 4521 3628 4602">
     <span class='ocr_line' id='line_1_92' title="bbox 2046 4521 3628 4602; baseline -0.008 -15"><span class='ocrx_word' id='word_1_663' title='bbox 2046 4532 2207 4601; x_wconf 89' lang='grc' dir='ltr'>λόγου</span> <span class='ocrx_word' id='word_1_664' title='bbox 2222 4530 2289 4597; x_wconf 73' lang='grc'><strong>⁸⁸,</strong></span> <span class='ocrx_word' id='word_1_665' title='bbox 2316 4531 2458 4602; x_wconf 79' lang='grc' dir='ltr'>ὑπὲρ</span> <span class='ocrx_word' id='word_1_666' title='bbox 2504 4530 2683 4601; x_wconf 81' lang='grc' dir='ltr'>ἀρχὴν</span> <span class='ocrx_word' id='word_1_667' title='bbox 2740 4527 2929 4583; x_wconf 79' lang='grc' dir='ltr'>αὑτοῦ.</span> <span class='ocrx_word' id='word_1_668' title='bbox 2959 4549 2978 4582; x_wconf 73' lang='grc' dir='ltr'><strong>ι</strong></span> <span class='ocrx_word' id='word_1_669' title='bbox 3014 4529 3284 4600; x_wconf 88' lang='grc' dir='ltr'>Γνοίημεν</span> <span class='ocrx_word' id='word_1_670' title='bbox 3307 4528 3365 4581; x_wconf 86' lang='grc' dir='ltr'><strong>δὲ</strong></span> <span class='ocrx_word' id='word_1_671' title='bbox 3393 4527 3475 4581; x_wconf 85' lang='grc' dir='ltr'>ὃτι</span> <span class='ocrx_word' id='word_1_672' title='bbox 3523 4521 3628 4593; x_wconf 86' lang='grc' dir='ltr'>βίου</span> 
     </span>
    </p>
   </div>
   <div class='ocr_carea' id='block_1_92' title="bbox 353 4600 1954 4693">
    <p class='ocr_par' dir='ltr' id='par_1_92' title="bbox 353 4600 1939 4693">
     <span class='ocr_line' id='line_1_93' title="bbox 353 4600 1939 4693; baseline 0.017 -39"><span class='ocrx_word' id='word_1_673' title='bbox 353 4600 569 4673; x_wconf 85' lang='lat' dir='ltr'><strong>Quippe</strong></span> <span class='ocrx_word' id='word_1_674' title='bbox 617 4622 637 4657; x_wconf 86' lang='grc' dir='ltr'><strong>ι</strong></span> <span class='ocrx_word' id='word_1_675' title='bbox 698 4607 894 4663; x_wconf 91' lang='lat' dir='ltr'><strong>melior</strong></span> <span class='ocrx_word' id='word_1_676' title='bbox 947 4618 1034 4667; x_wconf 87' lang='lat' dir='ltr'><strong>est</strong></span> <span class='ocrx_word' id='word_1_677' title='bbox 1080 4610 1207 4668; x_wconf 79' lang='lat' dir='ltr'><strong>finis</strong></span> <span class='ocrx_word' id='word_1_678' title='bbox 1261 4617 1552 4683; x_wconf 87' lang='lat' dir='ltr'><strong>orationis,</strong></span> <span class='ocrx_word' id='word_1_679' title='bbox 1599 4600 1767 4690; x_wconf 80' lang='lat' dir='ltr'><strong>quam</strong></span> <span class='ocrx_word' id='word_1_680' title='bbox 1815 4626 1939 4693; x_wconf 90' lang='lat' dir='ltr'><strong>ejus</strong></span> 
     </span>
    </p>
   </div>
   <div class='ocr_carea' id='block_1_93' title="bbox 2062 4600 3627 4693">
    <p class='ocr_par' dir='ltr' id='par_1_93' title="bbox 2062 4600 3627 4693">
     <span class='ocr_line' id='line_1_94' title="bbox 2062 4600 3627 4693; baseline -0.008 -15"><span class='ocrx_word' id='word_1_681' title='bbox 2062 4600 2313 4686; x_wconf 77' lang='grc' dir='ltr'>εὐσεϐοῦς</span> <span class='ocrx_word' id='word_1_682' title='bbox 2342 4600 2820 4693; x_wconf 79' lang='grc' dir='ltr'>ἀναδεικνυμένου,</span> <span class='ocrx_word' id='word_1_683' title='bbox 2851 4621 2958 4691; x_wconf 79' lang='grc' dir='ltr'>πρὸ</span> <span class='ocrx_word' id='word_1_684' title='bbox 2995 4621 3307 4691; x_wconf 87' lang='grc' dir='ltr'>διηγήσεως</span> <span class='ocrx_word' id='word_1_685' title='bbox 3334 4617 3627 4689; x_wconf 81' lang='grc' dir='ltr'>ἐγγράφου,</span> 
     </span>
    </p>
   </div>
   <div class='ocr_carea' id='block_1_94' title="bbox 351 4693 1943 4788">
    <p class='ocr_par' dir='ltr' id='par_1_94' title="bbox 351 4693 1943 4788">
     <span class='ocr_line' id='line_1_95' title="bbox 351 4693 1943 4788; baseline 0.016 -42"><span class='ocrx_word' id='word_1_686' title='bbox 351 4693 572 4749; x_wconf 87' lang='lat' dir='ltr'><strong>initium</strong></span> <span class='ocrx_word' id='word_1_687' title='bbox 603 4697 647 4750; x_wconf 85' lang='grc' dir='ltr'><strong>ί.</strong></span> <span class='ocrx_word' id='word_1_688' title='bbox 684 4716 703 4750; x_wconf 79' lang='grc' dir='ltr'><strong>ι</strong></span> <span class='ocrx_word' id='word_1_689' title='bbox 776 4699 836 4754; x_wconf 89' lang='lat' dir='ltr'><strong>ld</strong></span> <span class='ocrx_word' id='word_1_690' title='bbox 884 4716 1050 4772; x_wconf 92' lang='lat' dir='ltr'><strong>porro</strong></span> <span class='ocrx_word' id='word_1_691' title='bbox 1088 4706 1408 4764; x_wconf 91' lang='lat' dir='ltr'><strong>noverimus</strong></span> <span class='ocrx_word' id='word_1_692' title='bbox 1438 4726 1453 4764; x_wconf 90' lang='lat'><strong>:</strong></span> <span class='ocrx_word' id='word_1_693' title='bbox 1489 4725 1686 4781; x_wconf 87' lang='lat' dir='ltr'><strong>nempe</strong></span> <span class='ocrx_word' id='word_1_694' title='bbox 1722 4729 1819 4771; x_wconf 92' lang='lat' dir='ltr'><strong>eos</strong></span> <span class='ocrx_word' id='word_1_695' title='bbox 1850 4717 1943 4788; x_wconf 92' lang='lat' dir='ltr'><strong>qui</strong></span> 
     </span>
    </p>
   </div>
   <div class='ocr_carea' id='block_1_95' title="bbox 352 4789 1937 4868">
    <p class='ocr_par' dir='ltr' id='par_1_95' title="bbox 352 4789 1937 4868">
     <span class='ocr_line' id='line_1_96' title="bbox 352 4789 1937 4868; baseline 0.014 -26"><span class='ocrx_word' id='word_1_696' title='bbox 352 4802 420 4843; x_wconf 79' lang='lat' dir='ltr'><strong>ex</strong></span> <span class='ocrx_word' id='word_1_697' title='bbox 473 4789 694 4861; x_wconf 88' lang='lat' dir='ltr'><strong>pietatis</strong></span> <span class='ocrx_word' id='word_1_698' title='bbox 729 4791 946 4849; x_wconf 88' lang='lat' dir='ltr'><strong>ratione</strong></span> <span class='ocrx_word' id='word_1_699' title='bbox 988 4796 1156 4851; x_wconf 85' lang='lat' dir='ltr'><strong>vitam</strong></span> <span class='ocrx_word' id='word_1_700' title='bbox 1186 4799 1441 4868; x_wconf 65' lang='lat' dir='ltr'><strong>exigunt.</strong></span> <span class='ocrx_word' id='word_1_701' title='bbox 1479 4801 1535 4856; x_wconf 89' lang='lat' dir='ltr'><strong>in</strong></span> <span class='ocrx_word' id='word_1_702' title='bbox 1561 4805 1767 4861; x_wconf 70' lang='lat' dir='ltr'><strong>saeculo</strong></span> <span class='ocrx_word' id='word_1_703' title='bbox 1797 4823 1937 4864; x_wconf 91' lang='lat' dir='ltr'><strong>con-</strong></span> 
     </span>
    </p>
   </div>
   <div class='ocr_carea' id='block_1_96' title="bbox 351 4881 1936 4972">
    <p class='ocr_par' dir='ltr' id='par_1_96' title="bbox 351 4881 1936 4972">
     <span class='ocr_line' id='line_1_97' title="bbox 351 4881 1936 4972; baseline 0.018 -43"><span class='ocrx_word' id='word_1_704' title='bbox 351 4881 706 4937; x_wconf 79' lang='lat' dir='ltr'><strong>versantibus</strong></span> <span class='ocrx_word' id='word_1_705' title='bbox 737 4884 901 4940; x_wconf 91' lang='lat' dir='ltr'><strong>nobis</strong></span> <span class='ocrx_word' id='word_1_706' title='bbox 934 4887 1108 4958; x_wconf 78' lang='lat' dir='ltr'><strong>magis</strong></span> <span class='ocrx_word' id='word_1_707' title='bbox 1138 4889 1424 4948; x_wconf 80' lang='lat' dir='ltr'><strong>illustrare</strong></span> <span class='ocrx_word' id='word_1_708' title='bbox 1464 4894 1735 4965; x_wconf 91' lang='lat' dir='ltr'><strong>animum,</strong></span> <span class='ocrx_word' id='word_1_709' title='bbox 1774 4917 1936 4972; x_wconf 87' lang='lat' dir='ltr'><strong>quam</strong></span> 
     </span>
    </p>
   </div>
   <div class='ocr_carea' id='block_1_97' title="bbox 352 4971 1930 5049">
    <p class='ocr_par' dir='ltr' id='par_1_97' title="bbox 352 4971 1930 5049">
     <span class='ocr_line' id='line_1_98' title="bbox 352 4971 1930 5049; baseline 0.016 -27"><span class='ocrx_word' id='word_1_710' title='bbox 352 4971 448 5039; x_wconf 74' lang='lat' dir='ltr'><strong>qui</strong></span> <span class='ocrx_word' id='word_1_711' title='bbox 494 4974 706 5043; x_wconf 88' lang='lat' dir='ltr'><strong>scripto.</strong></span> <span class='ocrx_word' id='word_1_712' title='bbox 760 4985 1043 5039; x_wconf 84' lang='lat' dir='ltr'><strong>enarrant.</strong></span> <span class='ocrx_word' id='word_1_713' title='bbox 1082 4978 1146 5032; x_wconf 84' lang='lat' dir='ltr'><strong>Et</strong></span> <span class='ocrx_word' id='word_1_714' title='bbox 1178 4981 1287 5036; x_wconf 86' lang='lat' dir='ltr'><strong>hoc</strong></span> <span class='ocrx_word' id='word_1_715' title='bbox 1339 4996 1468 5040; x_wconf 88' lang='lat' dir='ltr'><strong>vero</strong></span> <span class='ocrx_word' id='word_1_716' title='bbox 1499 4987 1718 5045; x_wconf 86' lang='lat' dir='ltr'><strong>animos</strong></span> <span class='ocrx_word' id='word_1_717' title='bbox 1764 4971 1930 5049; x_wconf 84' lang='lat' dir='ltr'><strong>nobis</strong></span> 
     </span>
    </p>
   </div>
   <div class='ocr_carea' id='block_1_98' title="bbox 353 5063 1936 5151">
    <p class='ocr_par' dir='ltr' id='par_1_98' title="bbox 353 5063 1936 5151">
     <span class='ocr_line' id='line_1_99' title="bbox 353 5063 1936 5151; baseline 0.016 -34"><span class='ocrx_word' id='word_1_718' title='bbox 353 5063 637 5133; x_wconf 85' lang='lat' dir='ltr'><strong>roburque</strong></span> <span class='ocrx_word' id='word_1_719' title='bbox 658 5065 724 5121; x_wconf 88' lang='lat' dir='ltr'><strong>ad</strong></span> <span class='ocrx_word' id='word_1_720' title='bbox 755 5067 1120 5139; x_wconf 88' lang='lat' dir='ltr'><strong>eloquendum</strong></span> <span class='ocrx_word' id='word_1_721' title='bbox 1163 5073 1390 5144; x_wconf 86' lang='lat' dir='ltr'><strong>adjecit,</strong></span> <span class='ocrx_word' id='word_1_722' title='bbox 1439 5094 1756 5151; x_wconf 85' lang='lat' dir='ltr'><strong>quanquam</strong></span> <span class='ocrx_word' id='word_1_723' title='bbox 1793 5086 1936 5142; x_wconf 86' lang='lat' dir='ltr'><strong>forte</strong></span> 
     </span>
    </p>
   </div>
   <div class='ocr_carea' id='block_1_99' title="bbox 353 5155 1942 5243">
    <p class='ocr_par' dir='ltr' id='par_1_99' title="bbox 353 5155 1942 5243">
     <span class='ocr_line' id='line_1_100' title="bbox 353 5155 1942 5243; baseline 0.015 -33"><span class='ocrx_word' id='word_1_724' title='bbox 353 5155 541 5213; x_wconf 90' lang='lat' dir='ltr'><strong>minus</strong></span> <span class='ocrx_word' id='word_1_725' title='bbox 612 5156 919 5216; x_wconf 73' lang='lat' dir='ltr'><strong>sufﬁcimus</strong></span> <span class='ocrx_word' id='word_1_726' title='bbox 970 5172 1030 5218; x_wconf 84' lang='lat' dir='ltr'><strong>ut</strong></span> <span class='ocrx_word' id='word_1_727' title='bbox 1082 5166 1345 5238; x_wconf 89' lang='lat' dir='ltr'><strong>pleraque</strong></span> <span class='ocrx_word' id='word_1_728' title='bbox 1367 5171 1468 5226; x_wconf 90' lang='lat' dir='ltr'><strong>viri</strong></span> <span class='ocrx_word' id='word_1_729' title='bbox 1510 5172 1650 5243; x_wconf 87' lang='lat' dir='ltr'><strong>justi</strong></span> <span class='ocrx_word' id='word_1_730' title='bbox 1689 5175 1942 5233; x_wconf 83' lang='lat' dir='ltr'><strong>facinora</strong></span> 
     </span>
    </p>
   </div>
   <div class='ocr_carea' id='block_1_100' title="bbox 353 5247 1939 5331">
    <p class='ocr_par' dir='ltr' id='par_1_100' title="bbox 353 5247 1939 5331">
     <span class='ocr_line' id='line_1_101' title="bbox 353 5247 1939 5331; baseline 0.019 -35"><span class='ocrx_word' id='word_1_731' title='bbox 353 5259 702 5309; x_wconf 79' lang='lat' dir='ltr'><strong>enarremus.</strong></span> <span class='ocrx_word' id='word_1_732' title='bbox 731 5247 964 5314; x_wconf 84' lang='lat' dir='ltr'><strong>Quando</strong></span> <span class='ocrx_word' id='word_1_733' title='bbox 988 5261 1169 5319; x_wconf 84' lang='lat' dir='ltr'><strong>autem</strong></span> <span class='ocrx_word' id='word_1_734' title='bbox 1195 5257 1371 5321; x_wconf 89' lang='lat' dir='ltr'><strong>bonos</strong></span> <span class='ocrx_word' id='word_1_735' title='bbox 1403 5261 1528 5331; x_wconf 88' lang='lat' dir='ltr'><strong>ejus</strong></span> <span class='ocrx_word' id='word_1_736' title='bbox 1563 5263 1788 5323; x_wconf 87' lang='lat' dir='ltr'><strong>labores</strong></span> <span class='ocrx_word' id='word_1_737' title='bbox 1815 5285 1939 5325; x_wconf 88' lang='lat' dir='ltr'><strong>ser-</strong></span> 
     </span>
    </p>
   </div>
   <div class='ocr_carea' id='block_1_101' title="bbox 353 5341 1943 5423">
    <p class='ocr_par' dir='ltr' id='par_1_101' title="bbox 353 5341 1943 5423">
     <span class='ocr_line' id='line_1_102' title="bbox 353 5341 1943 5423; baseline 0.017 -33"><span class='ocrx_word' id='word_1_738' title='bbox 353 5351 446 5391; x_wconf 86' lang='lat' dir='ltr'><strong>mo</strong></span> <span class='ocrx_word' id='word_1_739' title='bbox 481 5341 812 5407; x_wconf 75' lang='lat' dir='ltr'><strong>prmcurrit,</strong></span> <span class='ocrx_word' id='word_1_740' title='bbox 856 5345 1323 5413; x_wconf 87' lang='lat' dir='ltr'><strong>quemadmodum</strong></span> <span class='ocrx_word' id='word_1_741' title='bbox 1380 5358 1545 5423; x_wconf 82' lang='lat' dir='ltr'><strong>juxta</strong></span> <span class='ocrx_word' id='word_1_742' title='bbox 1595 5357 1943 5416; x_wconf 88' lang='lat' dir='ltr'><strong>Dominicam</strong></span> 
     </span>
    </p>
   </div>
   <div class='ocr_carea' id='block_1_102' title="bbox 353 5431 1941 5508">
    <p class='ocr_par' dir='ltr' id='par_1_102' title="bbox 353 5431 1941 5508">
     <span class='ocr_line' id='line_1_103' title="bbox 353 5431 1941 5508; baseline 0.018 -28"><span class='ocrx_word' id='word_1_743' title='bbox 353 5441 546 5486; x_wconf 88' lang='lat' dir='ltr'><strong>vocem</strong></span> <span class='ocrx_word' id='word_1_744' title='bbox 582 5431 600 5482; x_wconf 84' lang='grc' dir='ltr'><strong>ι</strong></span> <span class='ocrx_word' id='word_1_745' title='bbox 638 5433 830 5503; x_wconf 86' lang='lat' dir='ltr'><strong>nequit</strong></span> <span class='ocrx_word' id='word_1_746' title='bbox 888 5436 1027 5503; x_wconf 81' lang='lat' dir='ltr'><strong>fieri,</strong></span> <span class='ocrx_word' id='word_1_747' title='bbox 1071 5455 1177 5496; x_wconf 86' lang='lat' dir='ltr'><strong>nec</strong></span> <span class='ocrx_word' id='word_1_748' title='bbox 1210 5458 1342 5502; x_wconf 90' lang='lat' dir='ltr'><strong>vero</strong></span> <span class='ocrx_word' id='word_1_749' title='bbox 1370 5457 1456 5503; x_wconf 90' lang='lat' dir='ltr'><strong>est</strong></span> <span class='ocrx_word' id='word_1_750' title='bbox 1514 5458 1724 5504; x_wconf 88' lang='lat' dir='ltr'><strong>rectum</strong></span> <span class='ocrx_word' id='word_1_751' title='bbox 1755 5462 1815 5507; x_wconf 88' lang='lat' dir='ltr'><strong>ut</strong></span> <span class='ocrx_word' id='word_1_752' title='bbox 1859 5454 1941 5508; x_wconf 88' lang='lat' dir='ltr'><strong>Iu-</strong></span> 
     </span>
    </p>
   </div>
   <div class='ocr_carea' id='block_1_103' title="bbox 354 5524 1943 5618">
    <p class='ocr_par' dir='ltr' id='par_1_103' title="bbox 354 5524 1943 5618">
     <span class='ocr_line' id='line_1_104' title="bbox 354 5524 1943 5618; baseline 0.02 -48"><span class='ocrx_word' id='word_1_753' title='bbox 354 5534 522 5574; x_wconf 86' lang='lat' dir='ltr'><strong>cerna</strong></span> <span class='ocrx_word' id='word_1_754' title='bbox 563 5524 763 5579; x_wconf 84' lang='lat' dir='ltr'><strong>ardens</strong></span> <span class='ocrx_word' id='word_1_755' title='bbox 806 5528 909 5582; x_wconf 91' lang='lat' dir='ltr'><strong>sub</strong></span> <span class='ocrx_word' id='word_1_756' title='bbox 956 5528 1099 5585; x_wconf 87' lang='lat' dir='ltr'><strong>lecto</strong></span> <span class='ocrx_word' id='word_1_757' title='bbox 1143 5544 1404 5607; x_wconf 83' lang='lat' dir='ltr'><strong>ponatur,</strong></span> <span class='ocrx_word' id='word_1_758' title='bbox 1451 5541 1545 5595; x_wconf 86' lang='lat' dir='ltr'><strong>sed</strong></span> <span class='ocrx_word' id='word_1_759' title='bbox 1591 5549 1651 5595; x_wconf 89' lang='lat' dir='ltr'><strong>ut</strong></span> <span class='ocrx_word' id='word_1_760' title='bbox 1677 5543 1780 5613; x_wconf 87' lang='lat' dir='ltr'><strong>ipsi</strong></span> <span class='ocrx_word' id='word_1_761' title='bbox 1813 5545 1943 5618; x_wconf 27' lang='lat' dir='ltr'><strong>basi.</strong></span> 
     </span>
    </p>
   </div>
   <div class='ocr_carea' id='block_1_104' title="bbox 434 5700 1625 5782">
    <p class='ocr_par' dir='ltr' id='par_1_104' title="bbox 434 5700 1625 5782">
     <span class='ocr_line' id='line_1_105' title="bbox 434 5700 1625 5782; baseline 0.013 -29"><span class='ocrx_word' id='word_1_762' title='bbox 434 5702 451 5742; x_wconf 72' lang='grc' dir='ltr'><strong>ί</strong></span> <span class='ocrx_word' id='word_1_763' title='bbox 508 5700 689 5759; x_wconf 88' lang='lat' dir='ltr'><strong>Eccle.</strong></span> <span class='ocrx_word' id='word_1_764' title='bbox 724 5708 903 5779; x_wconf 36' lang='lat' dir='ltr'><strong>vn,’9.</strong></span> <span class='ocrx_word' id='word_1_765' title='bbox 984 5710 1001 5761; x_wconf 76' lang='grc' dir='ltr'><strong>Ι</strong></span> <span class='ocrx_word' id='word_1_766' title='bbox 1040 5711 1238 5766; x_wconf 77' lang='lat' dir='ltr'><strong>Matth.</strong></span> <span class='ocrx_word' id='word_1_767' title='bbox 1269 5728 1337 5779; x_wconf 89' lang='lat' dir='ltr'><strong>v,</strong></span> <span class='ocrx_word' id='word_1_768' title='bbox 1375 5716 1440 5769; x_wconf 77' lang='grc'><strong>15</strong></span> <span class='ocrx_word' id='word_1_769' title='bbox 1473 5727 1625 5782; x_wconf 77' lang='lat' dir='ltr'><strong>seqq.</strong></span> 
     </span>
    </p>
   </div>
   <div class='ocr_carea' id='block_1_105' title="bbox 2051 4704 3627 4786">
    <p class='ocr_par' dir='ltr' id='par_1_105' title="bbox 2051 4704 3627 4786">
     <span class='ocr_line' id='line_1_106' title="bbox 2051 4704 3627 4786; baseline -0.01 -16"><span class='ocrx_word' id='word_1_770' title='bbox 2051 4719 2165 4779; x_wconf 76' lang='grc' dir='ltr'>τοῖς</span> <span class='ocrx_word' id='word_1_771' title='bbox 2191 4718 2250 4769; x_wconf 83' lang='grc' dir='ltr'>ὲν</span> <span class='ocrx_word' id='word_1_772' title='bbox 2274 4715 2354 4785; x_wconf 89' lang='grc' dir='ltr'><strong>τῷ</strong></span> <span class='ocrx_word' id='word_1_773' title='bbox 2387 4714 2487 4786; x_wconf 77' lang='grc' dir='ltr'><strong>βίῳ</strong></span> <span class='ocrx_word' id='word_1_774' title='bbox 2515 4714 3020 4784; x_wconf 76' lang='grc' dir='ltr'>ἀναστρεφομένοις</span> <span class='ocrx_word' id='word_1_775' title='bbox 3052 4715 3207 4783; x_wconf 86' lang='grc' dir='ltr'>ἡμῖν,</span> <span class='ocrx_word' id='word_1_776' title='bbox 3238 4713 3516 4782; x_wconf 83' lang='grc' dir='ltr'>λάμπουσι</span> <span class='ocrx_word' id='word_1_777' title='bbox 3545 4704 3627 4758; x_wconf 83' lang='grc' dir='ltr'><strong>καὶ</strong></span> 
     </span>
    </p>
   </div>
   <div class='ocr_carea' id='block_1_106' title="bbox 2053 4800 3627 4907">
    <p class='ocr_par' dir='ltr' id='par_1_106' title="bbox 2053 4800 3627 4907">
     <span class='ocr_line' id='line_1_107' title="bbox 2053 4800 3627 4907; baseline -0.004 -44"><span class='ocrx_word' id='word_1_778' title='bbox 2053 4809 2347 4881; x_wconf 77' lang='grc' dir='ltr'>φωτίζουσι</span> <span class='ocrx_word' id='word_1_779' title='bbox 2395 4809 2492 4879; x_wconf 80' lang='grc' dir='ltr'>τὴν</span> <span class='ocrx_word' id='word_1_780' title='bbox 2521 4808 2785 4862; x_wconf 86' lang='grc' dir='ltr'>διάνοιαν.</span> <span class='ocrx_word' id='word_1_781' title='bbox 2821 4807 3030 4876; x_wconf 78' lang='grc' dir='ltr'>Συνέϐη</span> <span class='ocrx_word' id='word_1_782' title='bbox 3061 4807 3117 4859; x_wconf 81' lang='grc' dir='ltr'>δὲ</span> <span class='ocrx_word' id='word_1_783' title='bbox 3147 4812 3245 4859; x_wconf 67' lang='grc' dir='ltr'><strong>καὶ</strong></span> <span class='ocrx_word' id='word_1_784' title='bbox 3297 4804 3458 4858; x_wconf 80' lang='grc' dir='ltr'>τοῦτο</span> <span class='ocrx_word' id='word_1_785' title='bbox 3507 4800 3627 4907; x_wconf 46' lang='grc' dir='ltr'>ήμῖῖδ</span> 
     </span>
    </p>
   </div>
   <div class='ocr_carea' id='block_1_107' title="bbox 2051 4901 3623 4975">
    <p class='ocr_par' dir='ltr' id='par_1_107' title="bbox 2051 4901 3623 4975">
     <span class='ocr_line' id='line_1_108' title="bbox 2051 4901 3623 4975; baseline -0.005 -18"><span class='ocrx_word' id='word_1_786' title='bbox 2051 4903 2308 4974; x_wconf 86' lang='grc' dir='ltr'>γενέσθαι</span> <span class='ocrx_word' id='word_1_787' title='bbox 2332 4904 2425 4956; x_wconf 76' lang='grc' dir='ltr'>τοῦ</span> <span class='ocrx_word' id='word_1_788' title='bbox 2447 4903 2606 4972; x_wconf 83' lang='grc' dir='ltr'>λόγου</span> <span class='ocrx_word' id='word_1_789' title='bbox 2635 4903 2696 4956; x_wconf 86' lang='grc' dir='ltr'><strong>τὸ</strong></span> <span class='ocrx_word' id='word_1_790' title='bbox 2730 4902 2981 4964; x_wconf 76' lang='grc' dir='ltr'>εὔτονον,</span> <span class='ocrx_word' id='word_1_791' title='bbox 3019 4902 3150 4975; x_wconf 75' lang='grc' dir='ltr'>ἴσως</span> <span class='ocrx_word' id='word_1_792' title='bbox 3210 4901 3542 4974; x_wconf 78' lang='grc' dir='ltr'>ἀποροῦντες</span> <span class='ocrx_word' id='word_1_793' title='bbox 3564 4901 3623 4945; x_wconf 70' lang='grc' dir='ltr'>τὰ</span> 
     </span>
    </p>
   </div>
   <div class='ocr_carea' id='block_1_108' title="bbox 2053 4990 3623 5086">
    <p class='ocr_par' dir='ltr' id='par_1_108' title="bbox 2053 4990 3623 5086">
     <span class='ocr_line' id='line_1_109' title="bbox 2053 4990 3623 5086; baseline -0.004 -35"><span class='ocrx_word' id='word_1_794' title='bbox 2053 4998 2283 5051; x_wconf 86' lang='grc' dir='ltr'>πλεῖστα</span> <span class='ocrx_word' id='word_1_795' title='bbox 2309 4996 2403 5051; x_wconf 81' lang='grc' dir='ltr'>τοῦ</span> <span class='ocrx_word' id='word_1_796' title='bbox 2433 4996 2645 5050; x_wconf 86' lang='grc' dir='ltr'>δικαίου</span> <span class='ocrx_word' id='word_1_797' title='bbox 2676 4996 2869 5067; x_wconf 86' lang='grc' dir='ltr'>ἀνδρὸς</span> <span class='ocrx_word' id='word_1_798' title='bbox 2900 4993 3352 5066; x_wconf 85' lang='grc' dir='ltr'>κατορθωμάτων</span> <span class='ocrx_word' id='word_1_799' title='bbox 3374 4990 3623 5086; x_wconf 55' lang='lat' dir='ltr'><strong>dum)“:</strong></span> 
     </span>
    </p>
   </div>
   <div class='ocr_carea' id='block_1_109' title="bbox 2043 5082 3621 5160">
    <p class='ocr_par' dir='ltr' id='par_1_109' title="bbox 2043 5082 3621 5160">
     <span class='ocr_line' id='line_1_110' title="bbox 2043 5082 3621 5160; baseline -0.005 -19"><span class='ocrx_word' id='word_1_800' title='bbox 2043 5087 2189 5141; x_wconf 83' lang='grc' dir='ltr'>σθαι.</span> <span class='ocrx_word' id='word_1_801' title='bbox 2256 5088 2367 5141; x_wconf 81' lang='grc' dir='ltr'>Καὶ</span> <span class='ocrx_word' id='word_1_802' title='bbox 2405 5089 2594 5160; x_wconf 74' lang='grc' dir='ltr'>ἐπειδὴ</span> <span class='ocrx_word' id='word_1_803' title='bbox 2625 5090 2653 5141; x_wconf 90' lang='grc' dir='ltr'><strong>ό</strong></span> <span class='ocrx_word' id='word_1_804' title='bbox 2682 5088 2839 5157; x_wconf 89' lang='grc' dir='ltr'>λόγος</span> <span class='ocrx_word' id='word_1_805' title='bbox 2884 5088 2981 5140; x_wconf 75' lang='grc' dir='ltr'>ἐπὶ</span> <span class='ocrx_word' id='word_1_806' title='bbox 3030 5091 3148 5150; x_wconf 87' lang='grc' dir='ltr'>τοῖς</span> <span class='ocrx_word' id='word_1_807' title='bbox 3184 5086 3426 5155; x_wconf 69' lang='grc' dir='ltr'><strong>Δἀγαθοῖς</strong></span> <span class='ocrx_word' id='word_1_808' title='bbox 3468 5082 3621 5136; x_wconf 81' lang='grc' dir='ltr'>αὑτοῦ</span> 
     </span>
    </p>
   </div>
   <div class='ocr_carea' id='block_1_110' title="bbox 2041 5175 3621 5279">
    <p class='ocr_par' dir='ltr' id='par_1_110' title="bbox 2041 5175 3621 5279">
     <span class='ocr_line' id='line_1_111' title="bbox 2041 5175 3621 5279; baseline -0.006 -45"><span class='ocrx_word' id='word_1_809' title='bbox 2041 5179 2336 5253; x_wconf 79' lang='grc' dir='ltr'>προτρέχει</span> <span class='ocrx_word' id='word_1_810' title='bbox 2367 5180 2575 5244; x_wconf 84' lang='grc' dir='ltr'>πόνοις,</span> <span class='ocrx_word' id='word_1_811' title='bbox 2597 5179 2786 5249; x_wconf 83' lang='grc' dir='ltr'>ὥσπερ</span> <span class='ocrx_word' id='word_1_812' title='bbox 2812 5180 3007 5251; x_wconf 86' lang='grc' dir='ltr'>λύχνον</span> <span class='ocrx_word' id='word_1_813' title='bbox 3029 5180 3344 5249; x_wconf 84' lang='grc' dir='ltr'>καιόμενον,</span> <span class='ocrx_word' id='word_1_814' title='bbox 3376 5175 3621 5279; x_wconf 66' lang='grc' dir='ltr'>ἀδύνατον</span> 
     </span>
    </p>
   </div>
   <div class='ocr_carea' id='block_1_111' title="bbox 2043 5272 3616 5348">
    <p class='ocr_par' dir='ltr' id='par_1_111' title="bbox 2043 5272 3616 5348">
     <span class='ocr_line' id='line_1_112' title="bbox 2043 5272 3616 5348; baseline 0.004 -22"><span class='ocrx_word' id='word_1_815' title='bbox 2043 5273 2139 5326; x_wconf 68' lang='grc' dir='ltr'><strong>καὶ</strong></span> <span class='ocrx_word' id='word_1_816' title='bbox 2180 5272 2280 5326; x_wconf 83' lang='grc' dir='ltr'><strong>οὐκ</strong></span> <span class='ocrx_word' id='word_1_817' title='bbox 2314 5272 2473 5335; x_wconf 81' lang='grc' dir='ltr'>εὐθές</span> <span class='ocrx_word' id='word_1_818' title='bbox 2507 5276 2648 5339; x_wconf 87' lang='grc' dir='ltr'>ἐστι,</span> <span class='ocrx_word' id='word_1_819' title='bbox 2700 5276 2845 5330; x_wconf 77' lang='grc' dir='ltr'>κατὰ</span> <span class='ocrx_word' id='word_1_820' title='bbox 2896 5276 2996 5348; x_wconf 84' lang='grc' dir='ltr'>τὴν</span> <span class='ocrx_word' id='word_1_821' title='bbox 3024 5273 3370 5344; x_wconf 83' lang='grc' dir='ltr'>Δεσποτικὴν</span> <span class='ocrx_word' id='word_1_822' title='bbox 3430 5272 3616 5339; x_wconf 75' lang='grc' dir='ltr'><strong>φωνῆνο</strong></span> 
     </span>
    </p>
   </div>
   <div class='ocr_carea' id='block_1_112' title="bbox 2044 5351 3614 5455">
    <p class='ocr_par' dir='ltr' id='par_1_112' title="bbox 2044 5351 3614 5455">
     <span class='ocr_line' id='line_1_113' title="bbox 2044 5351 3614 5455; baseline -0.004 -38"><span class='ocrx_word' id='word_1_823' title='bbox 2044 5363 2305 5430; x_wconf 65' lang='grc' dir='ltr'>ὑποκάτω</span> <span class='ocrx_word' id='word_1_824' title='bbox 2358 5364 2547 5435; x_wconf 84' lang='grc' dir='ltr'>κλίνης</span> <span class='ocrx_word' id='word_1_825' title='bbox 2580 5365 2828 5436; x_wconf 78' lang='grc' dir='ltr'>τεθῆναι,</span> <span class='ocrx_word' id='word_1_826' title='bbox 2869 5365 2991 5420; x_wconf 87' lang='grc' dir='ltr'>ἀλλ’</span> <span class='ocrx_word' id='word_1_827' title='bbox 3031 5366 3122 5419; x_wconf 76' lang='grc' dir='ltr'><strong>ἐπ’</strong></span> <span class='ocrx_word' id='word_1_828' title='bbox 3152 5364 3327 5436; x_wconf 84' lang='grc' dir='ltr'>αὐτὴν</span> <span class='ocrx_word' id='word_1_829' title='bbox 3362 5351 3614 5455; x_wconf 22' lang='grc' dir='ltr'>βάσινρτξν</span> 
     </span>
    </p>
   </div>
   <div class='ocr_carea' id='block_1_113' title="bbox 2047 5449 3616 5527">
    <p class='ocr_par' dir='ltr' id='par_1_113' title="bbox 2047 5449 3616 5527">
     <span class='ocr_line' id='line_1_114' title="bbox 2047 5449 3616 5527; baseline -0.003 -18"><span class='ocrx_word' id='word_1_830' title='bbox 2047 5456 2283 5524; x_wconf 84' lang='grc' dir='ltr'>Χριστὸν</span> <span class='ocrx_word' id='word_1_831' title='bbox 2329 5457 2678 5527; x_wconf 77' lang='grc' dir='ltr'>ἐπιτεθῆναι,</span> <span class='ocrx_word' id='word_1_832' title='bbox 2713 5458 2801 5512; x_wconf 82' lang='grc' dir='ltr'>ἵνα</span> <span class='ocrx_word' id='word_1_833' title='bbox 2845 5459 2958 5522; x_wconf 83' lang='grc' dir='ltr'><strong>πᾶς</strong></span> <span class='ocrx_word' id='word_1_834' title='bbox 2992 5460 3020 5512; x_wconf 88' lang='grc' dir='ltr'><strong>ό</strong></span> <span class='ocrx_word' id='word_1_835' title='bbox 3046 5456 3324 5511; x_wconf 80' lang='grc' dir='ltr'>πιστεύων</span> <span class='ocrx_word' id='word_1_836' title='bbox 3354 5457 3435 5518; x_wconf 80' lang='grc' dir='ltr'>εὶς</span> <span class='ocrx_word' id='word_1_837' title='bbox 3472 5449 3616 5504; x_wconf 79' lang='grc' dir='ltr'>αὑτὸν</span> 
     </span>
    </p>
   </div>
   <div class='ocr_carea' id='block_1_114' title="bbox 2049 5539 3611 5623">
    <p class='ocr_par' dir='ltr' id='par_1_114' title="bbox 2049 5539 3611 5623">
     <span class='ocr_line' id='line_1_115' title="bbox 2049 5539 3611 5623; baseline 0.002 -20"><span class='ocrx_word' id='word_1_838' title='bbox 2049 5550 2226 5623; x_wconf 77' lang='grc' dir='ltr'>βλέπῃ</span> <span class='ocrx_word' id='word_1_839' title='bbox 2251 5553 2312 5604; x_wconf 76' lang='grc' dir='ltr'>τὸ</span> <span class='ocrx_word' id='word_1_840' title='bbox 2339 5551 2476 5622; x_wconf 81' lang='grc' dir='ltr'>φῶς,</span> <span class='ocrx_word' id='word_1_841' title='bbox 2513 5551 2658 5607; x_wconf 74' lang='grc' dir='ltr'>οὕτω</span> <span class='ocrx_word' id='word_1_842' title='bbox 2680 5552 2747 5606; x_wconf 87' lang='grc' dir='ltr'>τὰ</span> <span class='ocrx_word' id='word_1_843' title='bbox 2773 5551 2865 5606; x_wconf 82' lang='grc' dir='ltr'>τοῦ</span> <span class='ocrx_word' id='word_1_844' title='bbox 2897 5550 3014 5623; x_wconf 86' lang='grc' dir='ltr'>βίου</span> <span class='ocrx_word' id='word_1_845' title='bbox 3051 5550 3217 5606; x_wconf 82' lang='grc' dir='ltr'>αὑτοῦ</span> <span class='ocrx_word' id='word_1_846' title='bbox 3249 5550 3371 5604; x_wconf 76' lang='grc' dir='ltr'>ἐστι</span> <span class='ocrx_word' id='word_1_847' title='bbox 3420 5539 3611 5616; x_wconf 79' lang='grc' dir='ltr'>πρῶτον</span> 
     </span>
    </p>
   </div>
   <div class='ocr_carea' id='block_1_115' title="bbox 1659 5826 2323 5902">
    <p class='ocr_par' dir='ltr' id='par_1_115' title="bbox 1659 5826 2323 5902">
     <span class='ocr_line' id='line_1_116' title="bbox 1659 5826 2323 5902; baseline 0.023 -23"><span class='ocrx_word' id='word_1_848' title='bbox 1659 5826 1880 5888; x_wconf 76' lang='lat' dir='ltr'><strong>VAIiLE</strong></span> <span class='ocrx_word' id='word_1_849' title='bbox 1916 5834 2323 5902; x_wconf 66' lang='lat' dir='ltr'><strong>LECTIOXIJS,</strong></span> 
     </span>
    </p>
   </div>
   <div class='ocr_carea' id='block_1_116' title="bbox 461 5910 1728 5996">
    <p class='ocr_par' dir='ltr' id='par_1_116' title="bbox 461 5910 1728 5996">
     <span class='ocr_line' id='line_1_117' title="bbox 461 5910 1728 5996; baseline 0.015 -34"><span class='ocrx_word' id='word_1_850' title='bbox 461 5911 504 5951; x_wconf 66' lang='grc'><strong>³⁸</strong></span> <span class='ocrx_word' id='word_1_851' title='bbox 537 5910 621 5965; x_wconf 76' lang='grc' dir='ltr'>ἴσ.</span> <span class='ocrx_word' id='word_1_852' title='bbox 655 5912 758 5981; x_wconf 72' lang='grc' dir='ltr'>μὴν</span> <span class='ocrx_word' id='word_1_853' title='bbox 786 5915 894 5973; x_wconf 69' lang='grc' dir='ltr'>διά.</span> <span class='ocrx_word' id='word_1_854' title='bbox 1009 5918 1052 5947; x_wconf 70' lang='grc'>²³</span> <span class='ocrx_word' id='word_1_855' title='bbox 1080 5918 1234 5996; x_wconf 79' lang='lat' dir='ltr'><strong>Apud</strong></span> <span class='ocrx_word' id='word_1_856' title='bbox 1262 5919 1515 5994; x_wconf 76' lang='lat' dir='ltr'><strong>Septuag.</strong></span> <span class='ocrx_word' id='word_1_857' title='bbox 1551 5924 1728 5995; x_wconf 71' lang='grc' dir='ltr'>λόγςν.</span> 
     </span>
    </p>
   </div>
  </div>
