3950 6488
2424 427 2469 443 Α

186 496 362 563 12m
1530 501 1611 564 IN
1654 503 1716 564 s.
1757 453 2168 567 PATAPIUM.
2564 534 2567 539 -
3357 495 3495 562 1242

182 605 624 677 ἐγκαταλιπεῖν
640 606 708 673 ⁸⁸,
726 604 822 662 καὶ
871 605 1047 671 οὕτως
1077 606 1172 660 ἐπὶ
1197 608 1267 661 τὰ
1298 611 1685 683 μαρτυροῦντα
1713 613 1777 665 τὸ

1906 610 2130 667 Christo
2167 608 2597 680 superimposita
2652 609 2857 673 luceat,
2899 616 2959 665 ut
2990 608 3173 666 omnis
3201 608 3293 680 qui
3316 610 3494 665 credit

186 701 336 771 βίον
367 701 532 753 αὐτοῦ
555 703 611 754 ὲν
629 700 941 773 εὐφροσύνῃ
971 702 1118 771 ἡμᾶς
1147 699 1405 770 βαδίζειν.
1440 703 1666 768 Πάντως
1692 704 1777 775 γάι

1904 702 1962 758 in
2008 717 2137 758 eum
2182 702 2374 757 lumen
2437 701 2621 757 videat
2655 719 2668 757 :
2697 702 2780 759 sic
2810 701 3056 773 primum
3084 700 3291 758 fuerint
3322 703 3490 757 omit-

183 792 376 847 ἔνθεν
394 791 682 846 καὶταῦτα
704 791 1308 864 δειχθήσονται,ῶσπερ
1329 796 1388 848 ὲν
1415 793 1537 865 ὕψει
1557 795 1803 868 ἔμπροσ-

110 904 147 923 -
183 885 303 939 θεν
358 883 751 955 εὑρισκόμενα.
789 882 981 948 Οὐδεὶς
1029 884 1138 955 γάρ
1198 885 1369 950 ἐστιν,
1406 888 1435 940 6
1467 885 1543 957 μὴ
1570 889 1800 942 ἐπιστά-

187 993 386 1048 μενος
414 976 480 1029 ὲκ
505 973 615 1028 τῶν
666 974 967 1044 μελλόντων
1016 973 1312 1028 ἀκούεσθαι
1337 973 1400 1028 τὸ
1423 1016 1437 1041 ,
1465 975 1568 1029 ποῢ
1589 976 1762 1031 ταῦτα
1781 1018 1796 1044 ,

183 1070 304 1123 καὶ
360 1067 549 1131 πόθεν,
602 1066 698 1120 κα)⁸
725 1065 843 1129 πῶς
897 1065 1261 1137 προέρχονται
1290 1066 1430 1137 πρὸς
1459 1067 1794 1139 φανέρωσιν.

185 1161 280 1214 Οὔ
321 1159 437 1230 γὰρ
465 1158 686 1213 δύναται
716 1156 832 1227 φῶς
857 1157 1039 1210 σκότει
1078 1159 1466 1229 πγκοινωνεῖν
1495 1173 1509 1188 ο
1541 1159 1662 1212 οὐδὲ
1693 1160 1800 1215 πά·-

187 1253 290 1306 λιν
333 1252 505 1322 μέρος
528 1248 705 1320 πιστῷ
731 1249 870 1319 μετά
901 1248 1133 1302 ἀπίστου
1165 1264 1177 1277 ’
1213 1248 1339 1302 οὔτε
1397 1250 1797 1318 συγκατάθεσις

187 1342 326 1415 ναῷ
378 1342 516 1396 Θεοῦ
568 1342 709 1413 μετὰ
767 1338 1196 1395 εἰδώλωνοοῠτε
1249 1341 1522 1414 συλλήϐην
1578 1343 1794 1410 εἰπεῖν,

189 1430 626 1508 [συμφώνησις]
672 1431 791 1504 Θεῷ
835 1431 975 1504 πρὸς
1011 1432 1232 1499 Βελίαρ.
1290 1435 1647 1507 Συντρίϐεται
1688 1437 1799 1509 γάρ

185 1525 280 1590 ὡς
316 1525 634 1596 γέγραπται
658 1523 720 1577 τὸ
769 1523 992 1594 σαθρὸν,
1053 1524 1159 1578 ὑπὸ
1188 1526 1285 1579 τοῦ
1318 1527 1567 1598 ἰσχυροῦ,
1597 1530 1691 1582 καὶ
1714 1530 1796 1593 εἰς

185 1615 524 1686 ἀφανισμὸν
549 1614 612 1668 τδ
640 1615 833 1669 τούτου
876 1613 1031 1679 τέλος
1068 1615 1484 1673 ἀποδείκνυται.
1523 1620 1638 1674 Καὶ
1685 1621 1795 1693 γὰρ

185 1706 272 1759 τὰ
305 1706 422 1760 τῶν
473 1707 684 1778 ἀρετῶν
736 1705 930 1777 βέϐαια
969 1709 1063 1762 καὶ
1090 1709 1263 1778 πάγια
1293 1710 1387 1763 καὶ
1420 1712 1793 1784 ἐρηρεισμέναι

187 1800 446 1854 πάντοτε
473 1799 822 1869 διαμένοντα,
850 1800 1036 1864 καθὼς
1065 1801 1092 1852 6
1120 1801 1266 1865 θεῖος
1323 1803 1668 1858 ἀποδεικνύει
1701 1805 1793 1859 λό-

186 1909 322 1961 γος,
356 1894 421 1946 ὲκ
447 1890 655 1944 τούτων
688 1890 763 1963 μὴ
794 1892 1214 1964 συντριϐόμενα,
1264 1894 1655 1963 ἀναφαίνονται
1687 1898 1792 1951 ὑπὸ

188 1982 296 2035 τοῦ
323 1980 488 2050 λόγου
520 1980 921 2051 φυλαττόμενα.
947 1983 1027 2037 Τά
1043 1984 1099 2036 δὲ
1121 1985 1220 2052 τῆς
1252 1983 1452 2048 κακίας
1476 1985 1583 2040 ἴδια
1609 2006 1626 2039 ι
1657 1988 1792 2042 ὡσεὶ

187 2071 415 2134 καπνὸς
464 2070 809 2137 ἐκλείπουσι,
852 2092 869 2124 ι
936 2075 1083 2129 κατὰ
1110 2076 1629 2149 τὸ’γεγραμμένον,
1686 2082 1791 2136 καὶ

189 2164 394 2234 ὥσπερ
447 2164 710 2235 ὁμοούσια
741 2165 833 2219 τοῦ
888 2169 1160 2223 ἀσϐέστου
1200 2173 1374 2242 πυρὸς
1400 2175 1788 2249 φανεροῦνται.

198 2272 219 2306 ι
248 2254 565 2325 Πορεύεσθε
597 2273 617 2307 ι
643 2255 770 2325 γὰρ,
812 2257 950 2328 πρὸς
1001 2261 1129 2323 τοὺς
1184 2265 1524 2332 πράττοντας
1566 2265 1636 2319 τὰ
1674 2283 1788 2318 τοι-

193 2344 375 2409 αῦτα,
413 2365 430 2397 ι
452 2345 528 2417 τῷ
563 2346 722 2416 φωτὶ,
744 2350 901 2419 φησι,
920 2350 1015 2404 τοῦ
1045 2353 1221 2424 πυρδς
1240 2355 1396 2424 ὑμῶν
1426 2358 1520 2412 καὶ
1536 2361 1602 2429 τῇ
1627 2357 1789 2429 φλογὶ

194 2432 237 2511 ᾖ
272 2437 625 2504 ὲξεκαύσατε.
652 2457 670 2489 ι
720 2438 1002 2493 Ἐντεῦθεν
1033 2441 1242 2508 λοιπὸν,
1298 2445 1520 2516 ἀδελφοὶ
1546 2484 1562 2512 ,
1594 2446 1787 2518 ὥσπερ

196 2527 317 2581 ἀπὸ
346 2527 517 2607 πυρὶὸς
546 2527 894 2601 λυτρωθῆναι
935 2531 1251 2603 βουλόμενοι
1280 2535 1370 2588 διά
1432 2538 1534 2605 τῆς
1581 2540 1787 2610 ἀκροά-

192 2636 360 2698 σεως,
418 2620 511 2676 ἐπὶ
542 2622 610 2675 τά
639 2621 732 2674 τοῦ
786 2623 981 2692 ἀνδρὸς
1042 2626 1419 2698 ύπέρλαμπρα
1475 2629 1651 2700 ἔργα,
1682 2632 1785 2696 τὰς

188 2711 371 2773 ἀκοὰς
399 2711 503 2783 τῆς
559 2713 798 2778 διανοίας
842 2716 1239 2786 συντείναντες,
1267 2720 1363 2773 καὶ
1387 2722 1469 2785 είς
1499 2722 1617 2793 φῶς
1644 2723 1784 2791 γνώ-

191 2820 341 2869 σεως
370 2807 845 2877 καταντήσαντες,
895 2806 1079 2872 καθὼς
1111 2811 1208 2863 καὶ
1238 2814 1266 2865 6
1300 2813 1541 2882 Χριστὸς
1574 2816 1784 2870 ἐκδιδά-

190 2911 341 2960 σκει,
394 2894 768 2965 ἀκουσώμεθα
792 2897 845 2950 τί
869 2896 1101 2967 λαλήσει
1138 2902 1197 2953 ὲν
1226 2901 1355 2971 ὑμῖν
1382 2903 1442 2955 τὸ
1468 2904 1694 2975 Πνεῦμα
1720 2907 1783 2959 τὸ

187 2981 372 3051 ἅγιον.
397 2982 574 3037 Αὐτοῦ
604 2984 714 3055 γὰρ
746 2985 843 3039 καὶ
868 2986 975 3039 είσὶ
1018 2987 1114 3041 καὶ⁴
1170 2988 1480 3057 λαλοῦνται,
1518 2994 1614 3048 καὶ
1643 2996 1782 3066 πρὸς

187 3073 255 3127 τὸ
284 3073 470 3143 λέγειν
504 3074 805 3144 φαίνονται,
834 3076 910 3141 ὡς
935 3077 998 3131 τὸ
1024 3079 1383 3137 ἀποστολικὸν
1422 3085 1658 3156 γράμμα
1696 3087 1779 3141 δι-

190 3165 408 3231 δάσκει,
441 3166 593 3229 ὅπως
621 3166 938 3240 δοξάζωμεν
964 3170 1205 3236 ἐκτενῶς
1220 3174 1313 3228 τὸν
1333 3176 1494 3231 δόντα
1526 3179 1622 3232 καὶ
1647 3178 1801 3233 πάν-’

1904 793 2069 849 tenda
2102 808 2200 863 per
2258 793 2431 847 vitam
2465 793 2534 848 ab
2582 808 2651 849 eo
2679 801 2854 862 gesta,
2905 800 3138 864 tumque
3170 794 3277 848 laeti
3320 793 3386 847 ad
3422 808 3489 848 ea

1901 885 2344 955 processerimus
2403 900 2529 954 quae
2598 886 2771 940 vitam
2796 886 3099 974 .ejusmodi
3162 885 3491 941 testimonio

1902 978 2204 1033 illustrant.
2243 977 2411 1032 Plane
2442 977 2589 1033 enim
2628 974 2884 1031 futurum
2916 985 3001 1033 est
3033 985 3170 1032 utet
3206 978 3299 1032 illa
3354 978 3489 1032 hinc

1900 1065 2278 1131 innotescant,
2315 1079 2380 1119 ac
2410 1065 2561 1120 velut
2604 1065 2675 1119 ob
2703 1066 2898 1121 oculos
2930 1080 3119 1120 coram
3162 1054 3497 1120 occurrant.

1900 1157 2070 1212 Nemo
2099 1157 2248 1212 enim
2284 1165 2390 1223 est,
2423 1157 2517 1227 qui
2551 1172 2661 1211 non
2693 1159 2880 1213 statim
2922 1173 2992 1213 ex
3044 1158 3339 1213 audiendis
3396 1158 3485 1211 in-

1897 1248 2108 1318 telligat
2130 1261 2242 1317 quo
2278 1262 2369 1303 res
2410 1247 2708 1318 ejusmodi,
2738 1257 2793 1303 et
2846 1248 2998 1305 unde
3026 1264 3091 1304 ac
3126 1264 3235 1320 qua
3269 1250 3488 1305 ratione

1897 1339 1954 1395 in
2015 1340 2193 1394 lucem
2245 1340 2593 1395 declarandae
2622 1341 2951 1410 procedant.
2991 1342 3105 1397 Nec
3136 1341 3283 1397 enim
3318 1356 3488 1396 com-

1895 1432 2084 1486 munio
2124 1431 2315 1501 aliqua
2344 1447 2468 1488 esse
2500 1440 2681 1501 potest
2720 1433 2831 1487 luci
2863 1434 2933 1488 ad
2967 1435 3249 1499 tenebras,
3281 1448 3465 1504 neque

1895 1523 2093 1579 iterum
2116 1538 2249 1594 pars
2270 1512 2469 1595 aliqua.
2489 1525 2635 1597 ﬁdeli
2667 1540 2797 1580 cum
2823 1525 3060 1591 inﬁdeli,
3090 1540 3477 1581 cousensusve

1896 1614 2101 1683 templo
2128 1612 2224 1668 Dei
2266 1628 2393 1668 cum
2432 1613 2620 1679 idolis,
2653 1622 2749 1669 aut
2778 1616 3019 1685 denique
3051 1615 3347 1669 conventio
3383 1613 3481 1668 Dei

1894 1704 1960 1759 ad
2029 1702 2199 1759 Belial
2224 1704 2274 1759 ιε.
2326 1703 2544 1776 Quippe
2605 1713 2951 1773 conteretur,
3005 1706 3168 1778 juxta
3210 1705 3359 1776 quod
3396 1712 3484 1759 est

1895 1799 2162 1870 scriptum
2194 1798 2238 1865 ι,
2291 1799 2439 1869 quod
2469 1806 2557 1855 est
2585 1797 2770 1854 debile
2794 1798 3204 1870 detritumque,
3235 1813 3265 1852 a
3299 1796 3435 1851 forti
3464 1811 3479 1849 :

1895 1892 2125 1963 ejusque
2152 1892 2280 1949 ﬁnis
2308 1891 2535 1947 abolitio
2569 1900 2673 1948 est.
2722 1890 2861 1947 Cum
2895 1891 3041 1945 enim
3094 1905 3159 1946 ea
3193 1905 3317 1959 quae
3350 1895 3481 1944 sunt

1895 1984 2132 2049 virtutis,
2189 1985 2369 2047 ﬁrma,
2418 1984 2596 2040 solida
2658 1983 2993 2054 stabiliaque
3059 1991 3327 2053 perpetuo
3365 1994 3482 2034 ma-

1891 2087 2077 2145 neant,
2131 2076 2594 2148 quemadmodum
2645 2074 2870 2130 divinus
2902 2072 3149 2128 ostendit
3175 2085 3380 2134 sermo,
3407 2068 3479 2124 iis

1890 2187 2003 2227 non
2061 2170 2482 2226 conterentibus
2530 2183 2596 2222 ac
2640 2166 3029 2238 perdentibus,
3089 2164 3265 2235 liquet
3293 2178 3323 2218 a
3361 2177 3480 2217 ser-

1889 2280 2052 2320 mone
2074 2262 2417 2318 conservari.
2444 2260 2576 2326 Quae
2607 2270 2790 2314 autem
2824 2265 2957 2314 sunt
2988 2256 3275 2319 vitiorum,
3305 2271 3326 2305 ι
3356 2262 3479 2307 tan-

1887 2371 2052 2429 quam
2118 2355 2303 2410 l‘umus
2360 2353 2646 2418 deﬁciunt,
2688 2371 2705 2403 ι
2761 2351 2918 2423 juxta
2968 2350 3114 2421 quod
3180 2356 3268 2403 est
3333 2346 3477 2402 scri-

1888 2455 2047 2518 ptum
2081 2454 2163 2511 '1;
2255 2458 2321 2499 ac
2386 2442 2535 2498 velut
2582 2441 2828 2511 ejusdem
2901 2440 3139 2496 rationis
3188 2452 3312 2493 cum
3363 2437 3475 2509 igni

1886 2535 2324 2608 inexstinguibili
2357 2524 2753 2590 ostenduntur.
2814 2532 2906 2587 Ait
2955 2547 3105 2586 enim
3151 2531 3219 2585 ad
3253 2545 3350 2586 eos
3381 2530 3477 2599 qui

1886 2632 2015 2685 talia
2070 2637 2244 2700 agunt
2275 2644 2288 2680 :
2322 2645 2341 2679 ι
2378 2625 2673 2681 Ambulate
2735 2625 2790 2679 in
2820 2624 3035 2679 lumine
3097 2622 3244 2692 ignis
3273 2623 3476 2681 vestri,

1883 2735 1938 2781 et
1972 2724 2028 2778 in
2059 2723 2280 2777 ﬂamma
2314 2734 2479 2787 quam
2531 2716 2898 2773 succendistis
2917 2722 2971 2768 ιι.
3007 2734 3026 2767 ι
3075 2712 3475 2780 Quamobrem,

1883 2816 2093 2880 dilecti,
2146 2813 2292 2868 velut
2317 2812 2408 2882 qui
2449 2809 2737 2864 auditione
2788 2806 3116 2863 Studeamus
3153 2804 3222 2859 ab
3260 2802 3386 2873 igne
3412 2800 3489 2855 ιι-

1880 2907 2088 2972 berari,
2147 2904 2347 2961 mentis
2380 2917 2543 2957 aures
2594 2901 2808 2972 pariter
2854 2898 3211 2954 intendentes
3245 2896 3303 2950 in
3331 2908 3476 2965 prae-

1881 3000 2029 3054 clara
2053 2997 2156 3054 viri
2176 3012 2367 3067 opera,
2396 3010 2461 3049 ac
2494 3001 2857 3048 occurrentes
2887 2991 2954 3045 ad
2982 2989 3229 3046 scientia:
3262 2988 3472 3050 lumen,

1875 3092 2036 3163 juxta
2095 3089 2243 3161 quod
2273 3087 2529 3143 Christus
2555 3086 2737 3148 docet,
2787 3083 3081 3138 audiamus
3111 3080 3244 3151 quid
3278 3079 3475 3147 laquan

1878 3192 1970 3239 tur
2000 3183 2055 3237 in
2093 3180 2256 3236 nobis
2295 3179 2538 3250 Spiritus
2568 3184 2821 3232 sanctus.
2854 3174 3041 3243 Ipsius
3074 3172 3223 3227 enim
3248 3184 3314 3224 ea
3343 3174 3474 3223 sunt

186 3277 317 3313 τοτε
364 3257 612 3314 διδοῦντα
662 3262 918 3329 ἐξουσίαν
963 3265 1253 3338 τοιαύτην,
1308 3269 1776 3343 συνφθεγγόμενοι

1884 3280 1936 3331 et
1970 3279 2242 3329 vocantur
2274 3278 2442 3340 atque
2467 3274 2526 3321 ut
2550 3267 2790 3322 habeant
2825 3265 2936 3321 dici
2973 3262 3266 3318 manifesta
3302 3259 3464 3321 ﬁunt,

190 3352 290 3404 καὶ
318 3354 484 3421 ἡμεῖς
513 3352 592 3422 τῷ
609 3353 931 3426 Εὐαγγελίῳ
964 3357 1062 3411 σὺν
1082 3357 1203 3429 Θεῷ
1223 3362 1340 3424 τοῖς
1368 3362 1696 3434 ἀνθρώποις.

1875 3361 2027 3423 velut
2087 3360 2251 3416 docet
2299 3359 2623 3430 Apostolus,
2669 3364 2732 3411 ut
2778 3370 2906 3413 eum
2952 3354 3160 3426 jugiter
3210 3350 3471 3405 laudibus

189 3442 562 3509 celebremus,
618 3444 714 3514 qui
777 3447 942 3502 talem
1004 3448 1155 3504 dedit
1237 3461 1593 3521 potestatem,
1644 3464 1699 3512 et
1753 3467 1841 3517 est
1904 3469 2123 3527 semper
2191 3453 2446 3517 daturus,
2504 3451 2795 3520 loquentes
2850 3456 2906 3527 et
2951 3446 3058 3518 ipsi
3123 3443 3472 3501 sermonibus

188 3532 526 3610 evangelicis
556 3547 682 3588 eum
720 3533 1058 3592 hominibus.

267 3650 481 3715 Ταύτας
516 3650 699 3705 τοίνυν
730 3651 843 3704 τῶν
865 3652 1161 3723 ἐγκωμίων
1195 3656 1469 3723 συλλαϐὰς
1504 3662 1534 3714 6
1556 3662 1773 3732 λεχθεὶς

194 3742 495 3811 ἀγιώτατος
515 3740 818 3806 ἐπίσκοπος
837 3740 913 3808 ὡς
935 3744 1274 3816 εὐπρεπείας
1290 3748 1483 3817 λόγους
1510 3751 1771 3823 ἐπήξατο,

196 3833 437 3904 φοϐερῶς
488 3832 588 3903 τὴν
632 3831 792 3900 τάξιν
843 3833 1078 3905 ἐχούσας
1130 3837 1267 3909 πρὸς
1322 3839 1613 3909 διόρθωσιν
1662 3843 1774 3898 τῶν

194 3925 389 3997 ζηλοῦν
438 3924 735 3978 ἐθελόντων
767 3925 859 3981 τὸν
889 3927 1187 3995 άγγελικδν
1213 3929 1328 4000 βίον
1357 3931 1452 3985 τοῦ
1491 3934 1642 3988 ὁσίου
1670 3937 1776 3989 Πα-

190 4014 318 4086 τρὸς
368 4014 527 4086 ἡμῶν
566 4015 878 4091 Παταπίου.
923 4017 1093 4071 Ἀλλ’·
1121 4020 1205 4073 ὅτι
1254 4021 1422 4087 δόξαν
1478 4027 1575 4079 καὶ
1602 4027 1773 4097 τιμὴν

191 4105 463 4175 ἀμφιάσαι
502 4104 714 4172 τοῦτον,
746 4107 774 4158 6
802 4104 1072 4159 διδάσκων
1124 4107 1326 4176 γνῶσιν
1373 4112 1487 4173 τοῖς
1508 4113 1574 4183 τῇ
1606 4109 1772 4182 σοφίᾳ

193 4194 613 4268 προσεδρεύουσι
664 4196 824 4266 μόνος
860 4196 1117 4267 ἠθέλησε.
1160 4217 1181 4251 ‹
1232 4200 1452 4271 Κράτος
1513 4201 1625 4272 γὰρ
1668 4205 1769 4273 τῆς

195 4287 564 4360 μεγαλοσύνης
612 4287 779 4342 αὑτοῦ
815 4288 902 4352 τίς
939 4288 1338 4361 ὲξαριθμήσει;
1375 4310 1398 4344 ι
1426 4290 1603 4355 Αὐτὸς
1652 4292 1767 4363 δῴη

192 4377 289 4432 καὶ
312 4378 441 4448 ήμῖν
471 4375 629 4445 λόγον
658 4378 718 4431 ὲν
744 4375 948 4442 ἀνοίξει
992 4377 1087 4431 τοῦ
1151 4379 1444 4450 στόματος,
1476 4384 1505 4434 6
1535 4380 1646 4445 ζῶν
1686 4382 1765 4446 είς

192 4469 284 4523 τὸν
311 4468 499 4531 αἰῶνα,
528 4469 679 4532 ὅπως
722 4468 820 4523 καὶ
843 4470 1009 4540 ἡμεῖς
1046 4470 1188 4535 μετά
1214 4470 1382 4524 πόθου
1410 4474 1527 4534 τοῖς
1546 4476 1764 4537 πιστοῖς

194 4559 603 4630 παραδώσωμεν
624 4559 693 4612 τὰ
715 4560 855 4629 μετὰ
897 4560 1129 4616 θάνατον
1185 4564 1353 4616 αὐτοῦ
1378 4565 1639 4632 γεγονότα
1664 4582 1762 4635 χα-

197 4654 446 4727 ρίσματα.
473 4652 637 4721 Λέγει
656 4649 750 4707 οὖν
769 4654 799 4706 6
841 4653 1276 4727 Ἐκκλησιαστὴς
1302 4655 1556 4727 Σολομῶν
1576 4673 1589 4688 ·
1625 4675 1644 4708 ι
1669 4657 1762 4710 Δί-

195 4761 360 4811 καιος,
392 4745 485 4798 ἐὰν
521 4745 702 4817 φθάσῃ
735 4745 1159 4817 τελευτῆσαι,ὲν
1194 4747 1503 4802 ἀναπαύσει
1531 4748 1707 4802 ἔσται.
1739 4767 1759 4801 ι

198 4836 301 4890 Καὶ
324 4838 482 4891 πάλιν
508 4838 679 4908 φησί’
714 4856 732 4889 ι
758 4838 995 4892 Δικαίων
1023 4838 1197 4909 ψυχαὶ
1223 4840 1282 4892 ἐν
1309 4840 1461 4912 χειρὶ
1482 4840 1713 4911 Κυρίου.
1736 4860 1756 4894 ι

196 4931 301 4986 Καὶ
355 4932 469 5001 μετ’
499 4930 658 5000 ὀλίγα
694 4945 709 4960 ·
748 4948 769 4982 ι
805 4930 872 4984 Ἢ
891 4931 1051 4992 ἐλπὶς
1073 4927 1255 4984 αὐτῶν
1278 4931 1591 4992 ἀθανασίας
1621 4933 1762 5004 πλή-

196 5038 310 5095 ρης.
340 5041 358 5073 ι
394 5022 484 5076 Διό
512 5038 681 5093 φημι,
712 5022 1010 5093 ἀγαπητοὶ,
1034 5023 1118 5076 ὅτι
1143 5025 1177 5090 ή
1208 5022 1319 5076 τῶν
1344 5023 1597 5077 ἐντεῦθεν
1623 5025 1762 5097 πρὸς

192 5114 261 5168 τὰ
289 5116 396 5168 ἐκεῖ
427 5114 845 5185 μεταφοίτησις,
900 5116 1017 5177 τοῖς
1034 5115 1214 5184 ἁγίοις
1245 5114 1609 5179 πλοῦτοςκαὶ
1628 5116 1756 5181 δόξα

193 5203 513 5276 εὑρίσκεται.
548 5206 614 5260 Et
644 5206 755 5277 γάρ
787 5207 883 5260 καὶ
913 5206 973 5260 τὸ
993 5207 1196 5275 γεῶδες
1232 5206 1433 5276 σκῆνος
1464 5205 1524 5271 ἐξ
1549 5202 1618 5279 ἦς
1647 5207 1756 5278 γῆς

191 5296 474 5368 διεπλάσθη
500 5298 904 5365 ἐναποτίθεται,
929 5299 1047 5355 ἀλλ’
1075 5298 1176 5352 οὐκ
1211 5298 1615 5370 ἀπεσχισμένον
1645 5299 1759 5371 ἔχει

192 5388 385 5459 νοητῶς
412 5389 474 5441 τὸ
502 5389 795 5459 ὁμόφυλον.
828 5388 1064 5454 Σώζοιτο
1085 5390 1198 5459 γὰρ
1223 5386 1283 5441 τὺ
1310 5388 1432 5441 κατ’
1458 5389 1643 5444 είκόνα
1665 5391 1759 5444 καὶ

192 5567 216 5676 '_
258 5586 840 5676 :llﬁorirvnniﬁi
868 5591 1160 5676 Μυιιιμιιι,
1193 5592 1306 5676 ιιξἈ
1353 5603 1397 5676 τη
1420 5592 1563 5676 Psal:
1592 5595 1853 5676 ramus,

1234 5657 1401 5731 “Sep.
1433 5675 1515 5723 ιιι,
1540 5661 1591 5717 Ι.
1627 5665 1646 5699 ί
1681 5657 1889 5719 iliid.4.

191 5670 219 5721 ιι
258 5657 439 5729 Ephes.
474 5675 544 5725 vr,
580 5659 668 5714 i9.
748 5659 936 5732 l“Sap.
972 5678 1046 5725 tv,
1079 5661 1130 5717 7.

1947 3652 2058 3708 Has
2097 3650 2286 3721 itaque
2319 3649 2596 3705 sermonis
2630 3645 2929 3702 laudatorii
2993 3645 3240 3716 syllabas
3270 3644 3471 3714 praefa-

1875 3756 1968 3803 tus
2026 3742 2417 3800 sanctissimus
2464 3741 2802 3810 episcopus,
2855 3734 3008 3791 velut
3040 3736 3260 3791 decoris
3300 3736 3467 3791 verba

1876 3835 2211 3907 composuit,
2272 3849 2508 3902 quarum
2560 3839 2648 3886 est
2696 3829 2964 3885 terribilis
3007 3829 3146 3885 ordo
3175 3827 3240 3881 ad
3271 3842 3464 3883 eorum

1864 3926 2333 3989 emendationem,
2374 3921 2796 3993 quiangelicam
2831 3920 3011 3975 sancti
3051 3918 3233 3974 Patris
3274 3918 3455 3973 nostri

1874 4016 2092 4089 Patapii
2116 4016 2315 4078 vitam,
2344 4013 2580 4084 cupiunt
2608 4011 2882 4068 aemulari.
2915 4010 3058 4076 Quia
3096 4009 3464 4065 nihilominus

1871 4109 2051 4165 voluit
2082 4107 2177 4178 qui
2213 4106 2369 4161 solus
2392 4105 2684 4160 scientiam
2719 4101 2924 4158 docet°
2960 4102 3248 4173 sapientia:
3276 4100 3465 4156 studio

1873 4203 2149 4269 assiduos,
2220 4209 2283 4254 ut
2324 4199 2373 4255 is
2431 4198 2666 4271 gloriam
2731 4206 2786 4253 et
2829 4197 3096 4252 honorem
3146 4196 3405 4250 indueret
3446 4213 3461 4248 :

1871 4292 2034 4357 Nam,
2069 4309 2089 4343 ι
2157 4291 2416 4345 virtutem
2489 4285 2889 4358 magnitudinis
2928 4286 3055 4356 ejus
3087 4286 3215 4355 quis
3237 4299 3465 4340 enume-

1867 4382 2014 4437 rabit
2042 4382 2115 4435 Η
2152 4400 2171 4431 ›
2205 4380 2324 4445 lpse
2354 4377 2522 4432 etiam
2549 4392 2860 4433 sermonem
2883 4377 3045 4432 nobis
3077 4378 3130 4430 in
3161 4378 3275 4431 oris
3299 4390 3461 4446 aper-

1868 4461 2025 4529 tl‘one
2078 4470 2295 4535 dederit
2322 4479 2373 4534 (ι,
2414 4470 2508 4539 qui
2546 4469 2602 4522 in
2639 4477 2905 4523 :eternum
2964 4469 3101 4522 vivit
3131 4484 3146 4529 ς
3180 4474 3239 4521 ιιι
3267 4475 3321 4522 et
3357 4466 3462 4537 ipsi

1870 4581 1992 4637 qua:
2065 4571 2188 4633 post
2223 4564 2345 4632 ejus
2380 4571 2614 4617 mortem
2664 4562 2919 4629 exhibita
2946 4568 3078 4616 sunt
3113 4561 3306 4616 divina
3336 4575 3460 4614 mu-

1866 4677 2023 4724 nera,
2085 4657 2362 4714 desiderio
2434 4655 2722 4711 ﬁdelibus
2775 4655 3084 4710 tradamus.
3142 4654 3232 4710 Ait
3292 4654 3461 4725 igitur

1869 4755 2237 4808 Ecclesiastes
2285 4750 2592 4805 Salomon:
2631 4766 2650 4800 ι
2686 4746 2882 4804 Justus
2931 4756 3137 4815 autem,
3188 4748 3233 4821 si
3278 4756 3458 4803 morte

1868 4852 2288 4918 praeoccupatus
2314 4842 2504 4906 fuerit,
2542 4843 2596 4895 in
2629 4841 2919 4912 refrigerio
2939 4842 3046 4897 erit
3082 4851 3138 4919 ι’..
3171 4861 3189 4893 ι
3218 4841 3458 4897 Iterum-

1866 4954 1973 5007 que
2002 4940 2076 4990 ait
2107 4955 2120 4991 :
2161 4956 2181 4989 ‹
2218 4936 2503 4990 Justorum
2538 4935 2738 4989 animae
2763 4936 2817 4988 in
2854 4950 3022 4988 manu
3052 4934 3145 4989 Dei
3168 4942 3315 4991 .sunt
3345 4941 3391 4987 ³.
3429 4953 3448 4986 ι

1868 5030 1927 5083 Ει
1964 5038 2087 5099 post
2113 5044 2284 5099 pauca
2331 5044 2343 5081 :
2389 5045 2408 5079 ι
2444 5026 2580 5096 Spes
2606 5042 2803 5082 eorum
2836 5027 2996 5097 plena
3031 5037 3116 5082 est
3160 5027 3453 5081 immorta-

1868 5122 2022 5176 litate
2052 5122 2097 5174 ί.
2144 5140 2163 5173 ι
2225 5119 2594 5186 Quamobrem
2622 5119 2769 5184 dico,
2803 5120 3012 5185 dilecti,
3064 5119 3450 5186 migrationem

1867 5213 1937 5266 ab
1969 5213 2070 5275 hac
2121 5212 2185 5265 ad
2221 5213 2447 5267 alteram
2498 5213 2692 5274 vitam,
2718 5212 2944 5267 divitias
2972 5212 3185 5267 sanctis
3208 5196 3450 5267 inveniri

1867 5313 1921 5359 et
1972 5305 2205 5375 gratiam
2239 5321 2255 5371 ;
2289 5319 2608 5374 quanquam
2641 5305 2788 5358 enim
2856 5305 3273 5359 tabernaculum
3345 5304 3452 5359 hoc

1866 5405 2145 5452 terrenum
2187 5397 2241 5451 in
2275 5404 2479 5452 terram
2512 5394 2824 5466 deponatur
2853 5411 2920 5451 ex
2963 5411 3073 5466 qua
3111 5397 3301 5452 ﬁctum
3340 5402 3447 5456 est,

1928 5606 1953 5634 η
1984 5596 2091 5653 lsa.
2124 5599 2283 5665 1.,ll.
2364 5608 2387 5635 ο
2429 5599 2573 5657 Psal.
2614 5614 2763 5664 xcm,
2793 5598 2879 5654 10.
2975 5610 3004 5651 ι)
3030 5600 3197 5656 Eccli.
3219 5612 3370 5662 χνιιι,
3392 5601 3442 5657 ι.

1447 5851 1680 5908 VAle
1708 5852 2095 5912 LECTIONES
2119 5900 2130 5912 .

259 5938 300 5973 “
329 5935 411 5993 ίσ.
444 5935 856 6006 ὲγκαταλαϐεῐν.
