3950 6454
255 467 396 537 1345

1556 471 1639 533 1N
1676 471 1738 532 s.
1778 430 2198 538 PATAPIUM.

3407 477 3540 541 12m

251 587 440 649 αὐτοῖς
464 584 526 637 τὸ
551 584 938 656 γεγραμμένον
965 602 979 617 ·
1012 603 1031 637 ι
1072 585 1319 654 ’Δδελφοί
1351 604 1453 657 μου
1486 588 1623 659 γὰρ,
1655 590 1840 661 φησὶν,

1961 588 2039 645 sit
2060 590 2209 646 enim
2238 610 2251 647 :
2282 591 2537 649 tFratres
2560 594 2754 656 mei,si
2787 592 2915 663 quis
2943 592 2998 647 in
3028 591 3189 648 vobis
3214 591 3486 646 erraverit
3508 608 3541 646 a

252 677 353 731 ἐάν
387 694 470 739 τις
496 678 554 729 ἐν
591 677 720 748 ύμῖν
743 677 995 748 πλανηθῇ
1018 677 1128 730 ἀπὸ
1150 678 1249 748 τῆς
1273 677 1394 732 ὀδοῦ
1427 679 1526 750 τῆς
1556 679 1839 751 ἀληθείας,

251 771 352 824 καὶ
378 770 686 841 ἐπιστρέψῃ
708 788 791 834 τις
819 770 1005 833 αὑτὸν,
1040 769 1360 838 γινωσκέτω
1387 772 1472 825 ὅτι
1505 771 1844 843 ἐπιστρέψας

251 862 587 932 ἁμαρτωλὸν
613 865 676 915 ἐκ
702 862 913 933 πλάνης
965 861 1088 916 ὀδοῦ
1138 862 1331 926 αὑτοῦ,
1375 864 1541 916 σώσει
1574 863 1754 935 ψυχὴν
1780 866 1845 919 ἐκ

249 955 514 1015 οανάτου,
573 953 669 1007 καὶ
702 954 935 1023 καλύψει
975 954 1179 1024 πλῆθος
1225 954 1533 1026 ἁμαρτιῶν.
1568 974 1585 1006 ι
1641 955 1843 1008 Τοῦτον

246 1044 351 1100 οὖν
382 1047 472 1098 τὸν
506 1047 564 1097 ἐν
587 1047 840 1115 οὐρανοῖς
865 1046 1057 1111 μισθον
1101 1046 1472 1117 ἀποκείμενον
1494 1045 1682 1121 λοιπὸν
1712 1046 1844 1117 κλη-

254 1137 633 1212 ρωσάμενοι²⁸
696 1139 747 1190 οί
806 1138 1214 1210 προρῤηθέντες
1268 1138 1576 1203 θεοσεὸεῖς,
1636 1139 1843 1210 ἦγαγον

250 1232 429 1302 αὐτὴν
468 1232 547 1295 είς
594 1232 961 1301 μοναστήριον
1012 1231 1379 1301 καταμικρὸν,
1427 1230 1746 1301 βουλόμενοι
1776 1233 1842 1301 τῇ

251 1320 634 1392 παρακλήσει,
670 1320 813 1374 κατά
836 1320 896 1373 τὸ
930 1320 1163 1390 πρέπον,
1199 1322 1518 1390 εἰσαγαγεῖν
1548 1322 1718 1391 αὐτὴν
1749 1320 1845 1374 καὶ

252 1430 327 1465 πε
340 1412 575 1482 ριορίσαι
598 1414 655 1464 ἐν
678 1413 754 1482 τῷ
788 1414 969 1465 ἐκεῖσε
994 1412 1109 1465 ὄντι
1136 1412 1337 1479 κελλίῳ
1357 1429 1370 1442 ·
1398 1408 1466 1483 ἧν
1496 1412 1605 1482 γάρ
1632 1413 1658 1465 ὁ
1678 1411 1846 1473 τόπος

249 1506 356 1558 τοῦ
389 1507 569 1557 ἐκεῖσε
594 1504 824 1576 ἀρχαίου
858 1505 1275 1577 ἐγκλειστηρίου
1300 1503 1684 1576 ήσυχαζούσης
1719 1504 1846 1574 μιᾶς

250 1594 319 1647 ὲν
344 1593 493 1665 αὐτῷ
512 1609 525 1623 ⁸
555 1596 704 1657 ὅπως
734 1596 809 1664 μὴ
843 1595 1005 1664 δῆθεν
1045 1595 1207 1649 πάλιν
1231 1594 1472 1667 ἐκφύγῃ.
1500 1594 1847 1669 ,Ἐπισκέψει

248 1681 354 1740 οῦν
399 1686 521 1757 θείᾳ
548 1687 685 1757 αύτῇ
729 1689 1140 1757 συνερχόμενοι,
1164 1688 1225 1763 ού
1257 1688 1498 1742 διέλιπον
1527 1687 1848 1741 νουθετοῦν-

251 1795 369 1842 τες.
405 1779 613 1849 Συνέϐη
633 1779 690 1831 δέ
719 1764 890 1848 αὐτην
919 1780 1035 1848 μετ’
1054 1780 1113 1832 ού
1145 1778 1282 1832 πολὺ
1302 1777 1590 1850 ἀρρωστίᾳ
1615 1766 1851 1849 περιπε-

254 1874 400 1925 σεῖν.
434 1872 556 1923 Ἔτι
590 1870 647 1924 δὲ
672 1858 777 1923 ὑπὸ
804 1874 903 1941 τῆς
930 1872 1088 1923 νόσου
1122 1871 1346 1934 πυκνῶς
1373 1873 1418 1902 ’⁸
1442 1870 1846 1942 βαρυνομένης,

1951 682 2212 749 veritate,
2278 690 2335 739 et
2389 688 2731 741 converterit
2778 687 2905 756 quis
2969 699 3119 750 eum,
3170 683 3317 739 scire
3374 682 3543 738 debet

1951 773 2214 841 quoniam
2242 773 2338 843 qui
2372 778 2622 830 converti
2654 774 2845 832 fecerit
2876 782 3229 846 peccatorem
3260 774 3329 829 ab
3352 788 3543 830 errore

1950 865 2054 920 vias
2105 881 2242 931 suae,
2269 867 2501 922 salvabit
2529 870 2771 922 animam
2804 883 2834 921 a
2863 876 3042 922 morte
3084 866 3219 937 (96),
3246 876 3301 923 et
3329 868 3542 937 aperiet

1953 959 2364 1015 multitudinem
2400 971 2758 1030 peccatorum
2788 968 2874 1014 7.»
2910 959 3063 1016 llanc
3084 960 3256 1030 igitur
3293 959 3347 1012 in
3383 958 3543 1014 caelis

1952 1051 2255 1117 repositam
2312 1051 2625 1106 mercedem
2675 1051 2942 1122 deinceps
2981 1051 3359 1112 consecuturi,
3403 1064 3545 1120 pra:-

1955 1140 2050 1196 fati
2088 1143 2335 1214 religiosi
2393 1143 2518 1208 viri,
2557 1145 2827 1213 paulatim
2866 1143 2933 1198 ad
2983 1143 3387 1198 monasterium
3421 1156 3546 1212 per-

1953 1242 2265 1300 traxerunt,
2309 1233 2364 1289 id
2404 1244 2658 1306 agentes,
2698 1244 2758 1289 ut
2787 1235 2947 1305 juxta
2979 1236 3128 1305 quod
3162 1242 3283 1289 erat
3308 1249 3542 1288 consen-

1954 1336 2174 1383 taneum
2197 1328 2478 1385 inductam
2517 1329 2901 1395 suasionibus,
2931 1330 2988 1383 in
3026 1329 3132 1383 loci
3169 1328 3320 1382 illius
3344 1326 3546 1381 cellula

1956 1422 2113 1493 (erat
2150 1424 2300 1477 enim
2356 1422 2515 1478 locus
2541 1424 2748 1479 veteris
2787 1423 2904 1477 illic
2954 1422 3271 1487 inclusorii,
3307 1422 3398 1475 ubi
3434 1435 3548 1474 mo-

1956 1515 2130 1569 nacha
2196 1529 2305 1569 una
2351 1524 2537 1585 ageret
2584 1515 2832 1585 quietam
2897 1514 3090 1579 vitam,
3163 1528 3229 1568 eo
3282 1511 3544 1567 nimirum

1954 1604 2193 1661 consilio
2219 1613 2278 1659 ut
2300 1619 2366 1659 ne
2387 1620 2609 1660 rursum
2629 1604 2873 1676 effugere
2895 1611 3080 1673 posset
3105 1604 3123 1674 )
3160 1602 3541 1658 includerent.

1957 1699 2090 1754 Eam
2142 1698 2328 1769 itaque
2384 1697 2703 1753 admirabili
2740 1698 3091 1766 inspectione
3140 1710 3205 1750 ac
3234 1710 3370 1750 cura
3409 1709 3548 1748 con-

1955 1790 2260 1854 venientes,
2315 1804 2424 1844 non
2464 1789 2761 1844 cessabant
2811 1787 3317 1843 commonefacere.
3378 1785 3548 1840 Porro

1958 1881 2193 1951 contigit
2227 1889 2284 1934 ut
2312 1881 2475 1951 paulo
2506 1889 2632 1951 post
2671 1880 2728 1934 in
2761 1880 3012 1933 morbum
3044 1878 3336 1933 incideret.
3387 1874 3550 1931 Cum-

254 1964 358 2016 καὶ
394 1965 451 2016 ἐν
485 1964 799 2032 ἀπογνώσει
857 1964 1043 2033 ὁρῶσα
1075 1965 1313 2035 ἑαυτὴν,
1350 1966 1534 2036 ᾐτεῖτο
1561 1964 1659 2028 τὰς
1692 1963 1848 2017 ἀδελ-

1961 1988 2058 2043 ;ue
2096 1970 2278 2026 adhuc
2329 1972 2576 2042 graviter
2608 1970 2801 2024 morbo
2863 1975 3233 2038 premeretur,
3287 1981 3351 2021 ac
3385 1982 3445 2021 se
3472 1966 3551 2020 vi-

254 2054 368 2124 φὰς
395 2055 525 2125 πρὶν
558 2053 589 2123 ἢ
625 2054 917 2108 ἀποδοῦναι
944 2056 1005 2108 τὸ
1039 2054 1282 2127 πνεῦμα,
1338 2058 1491 2120 ὅπως
1531 2056 1626 2109 καλ⁸
1676 2057 1847 2128 αὐτὴν

253 2144 574 2217 ἐμϐάλωσιν
601 2146 681 2207 είς
708 2144 807 2215 τὴν
850 2146 1233 2217 ἐγκλείστραν,
1262 2146 1358 2200 καὶ
1387 2148 1506 2200 ἐκεῖ
1532 2146 1633 2217 τῆς
1661 2148 1848 2200 τελευ-

255 2240 360 2309 τῆς
392 2237 619 2309 ἀξιωθῇ.
648 2238 774 2291 Ἐπὶ
824 2239 961 2293 πολὺ
990 2238 1046 2292 δὲ
1080 2232 1250 2307 αὐτῆς
1282 2238 1662 2310 ἱκετευούσης,
1697 2241 1846 2305 ὅπως

256 2333 355 2387 διὰ
378 2333 566 2386 τούτου
596 2330 908 2402 ἀποσϐεσθῇ
930 2334 961 2402 ή
985 2333 1288 2402 ἀναφθεῖσα
1309 2330 1444 2400 φλὸξ
1462 2329 1556 2384 τοῦ
1578 2331 1848 2398 ἐναντίου,

260 2429 296 2480 ὁ
323 2426 431 2480 τῶν
459 2425 837 2480 ἀποστατικῶν
878 2426 1162 2495 δυνάμεων
1201 2427 1597 2496 πρῳτοστάτης
1629 2423 1852 2493 ἐκπέμ-

263 2537 362 2572 πει
405 2519 538 2589 πρὸς
567 2520 741 2590 αὐτὴν
771 2519 1111 2589 ταραχώδεις
1153 2521 1245 2571 καὶ
1282 2517 1551 2587 ζοφεροῦς
1585 2517 1695 2570 τῶν
1726 2518 1855 2571 ἐαυ-

251 2607 356 2659 τοῦ
416 2608 685 2676 ἀγγέλων,
738 2607 1002 2677 ἐμφανῶς
1045 2609 1181 2678 αὐτῇ
1211 2606 1520 2676 κράζοντας
1543 2624 1556 2637 ·
1592 2606 1658 2660 Τί
1690 2605 1854 2661 τοῦτο

251 2699 438 2762 θέλεις
471 2703 717 2771 ποιῆσαι,
750 2692 794 2751 ὧ
814 2699 1103 2770 ἡμετέρας
1148 2697 1483 2768 Ἑπίστρεφε
1514 2698 1651 2767 πρὸς
1681 2698 1855 2768 ἡμᾶς·

184 2806 187 2807 ⁷
248 2791 415 2844 οὐδὲν
439 2793 694 2858 ὠφελεῖς.
712 2792 960 2858 Ἐγένετο
978 2790 1036 2842 δὲ
1062 2791 1225 2843 τοῦτο
1247 2788 1332 2857 ἐφ’
1360 2789 1567 2852 ἱκανοῦ,
1587 2788 1728 2842 ὥστε
1755 2790 1854 2860 τὴν

246 2888 499 2953 γυναῖκα
530 2886 747 2953 ἄφωνον
775 2883 1014 2937 κεῖσθαι.
1034 2885 1154 2936 Τῶν
1183 2878 1278 2936 οὖν
1300 2880 1550 2935 εὐλαϐῶν
1573 2882 1854 2950 γυναικῶν

240 2976 368 3029 τῶν
401 2979 458 3029 ἐν
488 2978 553 3047 τῇ
590 2978 722 3047 μονῇ
778 2975 951 3028 ταῦτα
1000 2973 1364 3044 θεωρουσῶν,
1424 2973 1519 3027 καὶ⁸
1549 2973 1606 3027 ἐν
1643 2973 1855 3045 ἀθυμίᾳ

243 3067 591 3137 γενομένων,
650 3067 856 3137 ὁρῶσαι
882 3066 941 3119 τὸ
974 3068 1177 3135 πτιῦμσι
1220 3065 1418 3129 δεινὸν,
1449 3060 1605 3117 εἶπον
1645 3067 1702 3119 ἐν
1731 3066 1855 3118 ἐαυ-

244 3163 404 3223 ταϊς·
432 3159 658 3221 Πάντως
687 3159 959 3212 ἀποδώσει
992 3160 1088 3229 τὴν
1119 3158 1300 3229 ψυχὴν
1323 3161 1380 3212 ἐν
1414 3155 1704 3227 συντομία.
1724 3156 1852 3210 Ἐπὶ

254 3252 409 3305 πολὺ
443 3252 498 3306 δὲ
545 3251 871 3322 σαγηνεύειν
918 3251 1090 3320 αὐτὴν
1120 3250 1321 3303 ἐθέλων
1364 3253 1392 3305 ὁ
1440 3250 1707 3314 ἀντίθεος,
1759 3249 1857 3303 καὶ

1952 2064 2108 2119 deret
2137 2062 2504 2131 desperatam,
2543 2075 2744 2131 rogare
2781 2059 2951 2128 coepit
2982 2073 3203 2113 sorores
3236 2066 3314 2123 ut,
3352 2057 3547 2126 prius-

1952 2170 2119 2226 quam
2176 2154 2416 2210 traderet
2472 2153 2759 2224 spiritum,
2796 2152 2849 2207 in
2913 2152 3197 2222 ejusmodi
3259 2150 3550 2221 injicerent

1950 2247 2341 2311 inclusorium,
2365 2246 2642 2316 dignaque
2669 2246 2968 2301 haberetur
2998 2261 3124 2315 qua:
3158 2245 3273 2299 illic
3294 2244 3398 2299 loci
3435 2243 3546 2297 vita

1954 2337 2375 2409 defungeretur.
2413 2337 2508 2391 Sic
2543 2337 2711 2410 igitur
2751 2351 2817 2390 ea
2876 2337 3115 2389 multum
3170 2335 3547 2406 supplicante,

1954 2446 2066 2504 quo
2099 2430 2360 2485 domicilii
2406 2430 2555 2484 illius
2626 2429 2931 2499 asperitate
2961 2442 3287 2482 succensam
3351 2428 3551 2481 adver-

1956 2522 2087 2577 sarii
2123 2521 2399 2575 flammam
2428 2519 2835 2590 exstingueret,
2866 2518 3073 2574 emittit
3095 2531 3299 2587 prases
3326 2523 3553 2586 apostao

1957 2622 2143 2668 tarum
2209 2612 2503 2676 virtutum,
2567 2611 2920 2667 turbulentos
2970 2609 3425 2679 caliginososque
3454 2622 3555 2661 an-

1956 2702 2110 2773 gelos
2142 2714 2297 2765 suos,
2340 2701 2436 2770 qui
2463 2700 2587 2769 ejus
2614 2699 2911 2769 conspicui
2956 2698 3160 2763 oculis,
3194 2697 3505 2752 clamarent
3537 2714 3551 2751 :

1958 2792 2103 2860 Quid
2169 2794 2275 2848 hoc
2310 2791 2393 2846 vis
2467 2790 2677 2855 facere.
2721 2806 2845 2861 qua!
2888 2791 2967 2846 sis
3025 2788 3255 2845 nostra?
3316 2787 3399 2865 Ad
3451 2801 3556 2842 nos

1955 2894 2268 2953 revertere;
2313 2884 2454 2940 nihil
2479 2884 2722 2955 prolicis.
2759 2884 2820 2939 ld
2853 2898 2985 2938 vero
3019 2898 3119 2953 per
3149 2882 3374 2952 longum
3418 2881 3556 2937 satis

1958 2984 2180 3047 tempus
2202 2976 2343 3031 adeo
2368 2983 2428 3029 ut
2455 2976 2677 3040 mulier,
2712 2974 2920 3029 amissa
2944 2988 3103 3035 voce,
3128 2972 3553 3042 stratajaceret.

1959 3067 2096 3124 Cum
2151 3068 2230 3122 ita
2279 3066 2448 3136 igitur
2484 3066 2688 3120 habere
2735 3065 3154 3136 perspexissent
3203 3062 3325 3133 ejus
3364 3076 3557 3116 mona-

1961 3159 2115 3214 sterii
2141 3156 2598 3212 sanctimoniales
2628 3155 2868 3220 feminas,
2891 3154 2998 3209 diri
3032 3168 3202 3208 casus
3235 3152 3557 3223 spectaculo

1964 3252 2184 3309 consilii
2248 3251 2464 3321 inopes,
2515 3247 2657 3319 apud
2692 3249 2924 3317 'seipsas
2981 3246 3293 3302 dixerunt:
3356 3241 3549 3309 Plane,

253 3345 552 3411 δεσμεύων
586 3346 758 3414 αὐτῆς
787 3345 887 3413 τὴν
917 3344 1192 3411 γλῶσσαν,
1215 3343 1364 3403 ὅπως
1407 3342 1481 3412 μὴ
1511 3337 1660 3395 αἶνον
1692 3358 1854 3411 προσ-

1966 3344 2120 3400 brevi
2180 3350 2304 3413 aget
2355 3342 2620 3397 animam.
2654 3342 2725 3396 At
2752 3339 2848 3395 Dei
2879 3339 2973 3394 ille
3011 3337 3213 3401 hostis,
3250 3336 3555 3408 plurimum

257 3437 457 3508 φόρως
499 3436 647 3507 δώσῃ
679 3436 756 3506 τῷ
792 3434 931 3505 Θεῷ,
965 3432 1118 3489 εἷπον
1151 3436 1211 3488 αἱ
1253 3433 1584 3504 μονάζουσαι
1617 3449 1630 3462 ⁸
1672 3433 1859 3499 Δεῦτε,

260 3530 749 3600 προσκλαύσωμεν
813 3530 889 3599 τῷ
931 3514 1310 3596 ὲξουσιάζοντι
1357 3527 1702 3600 (συνάντημα
1756 3528 1864 3599 γὰρ

264 3623 335 3677 ἒν
365 3627 479 3686 τοῖς
509 3626 677 3677 πᾶσιν
705 3622 887 3695 ἡμῖν),
921 3624 1070 3687 ὅπως
1096 3624 1247 3697 δώσῃ
1287 3623 1388 3695 τὴν
1418 3622 1597 3694 ψυχὴν
1620 3621 1698 3693 τῷ
1720 3621 1861 3692 Θεῷ.

279 3716 479 3786 Ἦμεῖς
505 3718 562 3769 δὲ
599 3718 921 3788 ποιήσωμεν
947 3717 1007 3770 τὸ
1028 3715 1243 3788 αἴτημα
1270 3716 1444 3789 αὐτῆς
1465 3731 1478 3745 ⁶
1514 3716 1610 3770 καὶ
1636 3716 1864 3787 εἰσήγα-

265 3828 369 3879 γον
400 3812 571 3883 αὐτὴν
598 3814 677 3875 εἰς
710 3813 808 3878 τὴν
831 3810 1222 3882 ἐγκλείστραν.

344 4079 733 4148 Διανυκτερίου
756 4079 813 4134 δέ
835 4079 1139 4150 γενομένης
1170 4079 1279 4132 ἀπὸ
1303 4078 1545 4149 ἑσπέρας
1560 4079 1665 4141 ἕως
1694 4077 1859 4146 πρωῒ,

256 4171 373 4237 τὰς
408 4173 564 4245 ῥίζας
601 4172 862 4239 ἐξέκοπτε
886 4171 982 4225 τοῦ
1019 4172 1269 4226 ἐναντίου
1297 4174 1328 4243 ἡ
1356 4172 1640 4243 προσευχὴ
1670 4170 1863 4225 τούτου

256 4264 369 4321 τοῦ
388 4265 667 4335 γέροντος,
694 4262 836 4337 [καὶ]
858 4264 1042 4327 πάσας
1068 4264 1235 4319 αὐτοῦ
1255 4265 1354 4329 τὰς
1381 4264 1629 4334 μηχανὰς
1657 4264 1866 4336 εἵργειν

258 4355 370 4407 ἀπ’
405 4354 578 4424 αὐτῆς
640 4353 1063 4426 παρεσκεύαζεν
1085 4372 1099 4386 ·
1193 4355 1289 4408 καὶ
1326 4356 1657 4423 φαινόμενος
1694 4372 1865 4427 προσ-

257 4446 548 4502 διετάτετο
562 4447 767 4516 λέγων·
786 4448 1017 4501 Πάντων
1047 4447 1156 4502 τῶν
1186 4446 1623 4518 συμϐεϐηκότων
1652 4465 1735 4501 σοι
1764 4449 1866 4518 τὴν

234 4525 239 4528 ’
264 4536 585 4608 ἀμνηστίαν
613 4539 643 4591 ό
672 4536 860 4607 ἰατρὸς
887 4536 1000 4591 τῶν
1048 4536 1300 4608 ψυχικῶν
1330 4537 1659 4607 νοσημάτων
1692 4537 1867 4609 λήθην

260 4627 623 4698 ποιούμενος,
685 4627 1010 4698 παραδόξως
1039 4628 1183 4695 ἕξεις
1200 4627 1245 4659 ’⁷
1278 4626 1435 4681 λύσιν
1468 4627 1579 4681 τῶν
1610 4630 1864 4700 πονηρῶν

263 4720 701 4791 φαντασμάτων,
732 4718 825 4773 Διὸ
847 4720 1149 4790 ἐπίστρεφε
1170 4722 1251 4784 εἰς
1280 4719 1539 4790 Χριστὸν,
1562 4720 1662 4791 τὴν
1697 4722 1865 4792 μόνην

266 4814 603 4883 καταφυγὴν
645 4812 756 4865 τῶν
790 4810 1252 4882 πεπλανημένων,
1306 4811 1402 4865 καὶ
1427 4811 1714 4883 ἐκνήψασα
1770 4813 1866 4866 καὶ

265 4905 445 4978 ρῶσιν
506 4904 769 4969 λαϐοῦσα,
803 4903 1160 4975 μετάπεμψαι
1190 4904 1328 4976 πρὸς
1356 4908 1422 4976 τῇ
1459 4908 1596 4977 μονῇ
1633 4906 1741 4959 τῶν
1772 4909 1865 4959 Αί-

262 4997 544 5067 γυπτίων.
590 4996 733 5066 Ἐγὼ
780 4997 888 5068 γάρ
944 4997 1061 5067 εἰμι
1092 4999 1120 5050 ὁ
1147 4997 1242 5050 τοῦ
1292 4996 1433 5052 Θεοῦ
1461 4997 1649 5062 δοῦλος
1678 4999 1864 5053 Πατά-

267 5106 424 5154 στιος,
459 5089 519 5142 ὃν
549 5089 614 5143 σὺ
633 5088 733 5143 νῦν
780 5090 913 5161 ὁρᾷς
941 5090 1306 5144 συλλαλοῦντά
1354 5108 1459 5152 σοι.
1494 5094 1590 5147 καὶ
1623 5094 1863 5166 ζήτησον

268 5184 344 5235 ὲκ
374 5180 469 5234 τοῦ
494 5183 674 5235 ἐκεῖσε
707 5183 820 5245 τοῖς
850 5181 1137 5238 ἀσθενοῦσι
1171 5186 1555 5255 παρεχομένου
1583 5186 1860 5256 ἀγιάσμα-

361 5335 523 5392 Hoc.
545 5353 600 5399 ν,
629 5337 712 5404 l9,
742 5339 835 5394 20.
915 5349 939 5377 ι
966 5338 1147 5396 Eccle.
1186 5356 1265 5407 ut,
1301 5341 1388 5397 19.

1965 3439 2194 3508 cupiens
2219 3451 2423 3507 sagena
2455 3449 2677 3506 capere,
2714 3449 2841 3488 cum
2867 3431 2992 3502 ejus
3026 3431 3270 3501 linguam
3300 3428 3553 3501 ligasset,

1964 3537 2027 3585 ut
2077 3546 2143 3584 tte
2174 3528 2283 3585 Deo
2314 3529 2469 3583 daret
2500 3540 2805 3598 congruam
2852 3522 3090 3588 laudem,
3135 3519 3405 3574 dixerunt
3441 3533 3558 3572 mo-

1965 3621 2141 3677 niales
2173 3618 2443 3684 :Venite;
2479 3619 2548 3672 ad
2582 3633 2708 3672 eum
2737 3616 3048 3686 lugeamus,
3088 3611 3182 3683 qui
3224 3616 3555 3681 potestatem

1966 3713 2132 3769 habet
2167 3712 2187 3783 (
2212 3712 2416 3782 quippe
2442 3724 2591 3765 unus
2623 3715 2707 3763 est
2725 3707 2886 3761 nobis
2911 3704 3164 3759 omnibus
3191 3695 3451 3755 interitus
3482 3706 3508 3735 ⁸
3536 3701 3554 3769 )

1968 3815 2028 3860 ut
2060 3804 2300 3858 animam
2332 3804 2442 3857 Deo
2467 3801 2670 3855 tradat.
2703 3798 2813 3853 Nos
2833 3811 3020 3866 porro,
3055 3802 3381 3865 pra-stemus
3408 3789 3559 3860 quod

1969 3894 2090 3965 ipsa
2140 3892 2597 3961 rogavitzatque
2653 3890 2712 3944 in
2774 3888 2973 3943 cellam
3036 3885 3185 3939 illam
3247 3882 3559 3938 solitariam

1970 3989 2329 4057 clausamque
2354 3984 2720 4040 induxerunt.

2037 4078 2236 4143 Porro,
2269 4077 2364 4133 ubi
2418 4076 2532 4131 illic
2567 4082 2785 4129 noctem
2832 4087 2999 4126 unam
3033 4084 3064 4124 a
3097 4080 3326 4138 vespera
3361 4064 3428 4120 ad
3465 4077 3561 4118 us-

1969 4186 2079 4242 que
2124 4185 2287 4225 mane
2320 4169 2550 4240 egisset,
2586 4166 2891 4223 adversarii
2935 4163 3115 4218 malas
3146 4159 3365 4214 radices
3404 4155 3561 4212 senis

1968 4263 2138 4333 hujus
2165 4263 2412 4332 precatio
2442 4259 2705 4324 exscidit,
2744 4271 3052 4326 omnesque
3086 4254 3156 4308 ab
3194 4268 3254 4306 ea
3289 4251 3411 4316 ejus
3441 4263 3561 4302 nta-

1968 4354 2165 4408 chinas
2195 4351 2476 4409 submovit
2524 4367 2538 4403 :
2576 4350 2665 4404 cui
2716 4350 2885 4404 etiam
2928 4362 2988 4402 se
3016 4342 3380 4413 conspicuum
3418 4353 3563 4410 prat-

1967 4445 2131 4511 bens,
2190 4443 2535 4515 praescripsit
2562 4442 2796 4497 dicens:
2826 4438 3075 4494 Medicus
3112 4435 3204 4490 ille
3232 4431 3557 4487 morborum

1970 4539 2191 4603 animae,
2250 4552 2374 4608 qum
2422 4536 2524 4591 tibi
2580 4535 2909 4590 acciderunt
2954 4530 3238 4591 universa,
3293 4521 3564 4580 oblivioni

1970 4632 2221 4696 tradens,
2257 4646 2287 4685 a
2319 4629 2483 4684 malis
2513 4636 2567 4683 te
2605 4625 2965 4682 illusionibus
2989 4619 3324 4676 mirabiliter
3350 4616 3589 4671 liberao'

1969 4733 2131 4780 turus
2185 4731 2292 4779 est.
2337 4722 2718 4789 Quamobrem
2780 4725 3106 4774 convertere
3152 4711 3222 4767 ad
3248 4710 3563 4777 Christum,

1965 4817 2192 4871 unicum
2249 4814 2387 4870 illud
2445 4812 2746 4883 sulfugium
2802 4824 2999 4867 eorum
3053 4805 3149 4877 qui
3185 4806 3563 4868 exerrarunt;

1964 4907 2367 4978 evigilansque,
2422 4921 2487 4961 ac
2540 4907 2742 4962 robore
2791 4912 3042 4974 accepto,
3106 4897 3350 4955 mitte‘in
3388 4892 3564 4964 Egy—

1964 5004 2201 5074 ptiorum
2261 5001 2663 5059 monasterium
2700 5017 2713 5054 :
2747 5012 2870 5054 sum
2938 4992 3240 5065 siquidem,
3310 4987 3406 5043 Dei
3474 4984 3568 5040 ille

1963 5110 2161 5151 servus
2211 5094 2502 5164 Patapius,
2556 5106 2722 5164 quem
2772 5098 2960 5146 tecum
3002 5087 3324 5156 loquentem
3360 5078 3514 5135 vides
3544 5114 3562 5143 ,

1975 5203 2114 5258 eque
2134 5180 2571 5244 sanctificatione
2595 5186 2708 5241 illic
2727 5184 2968 5241 infirmis
2990 5180 3103 5254 (97)
3128 5176 3361 5252 praeberi
3380 5172 3566 5240 solita,

1558 5409 1797 5468 vanum
1830 5400 2239 5469 LECTlONES.

391 5505 434 5533 "
456 5503 544 5556 ισ.
576 5502 1006 5575 κληρωσόμενοι.
1123 5505 1168 5535 ’⁸
1199 5503 1287 5557 τσ.
1310 5503 1521 5566 δεινῶς.
1633 5505 1678 5537 ⁸⁷
1713 5506 1799 5559 ῑσ.
1834 5504 2087 5576 παρέξει.

1599 5618 1997 5676 COMBEFISII
2030 5621 2263 5676 NOTAE.

352 5711 466 5780 (96)
501 5712 741 5769 Salvabit
770 5713 1007 5766 animam
1031 5730 1063 5766 a
1086 5722 1273 5768 morte.
1305 5713 1397 5767 Sic
1430 5714 1871 5777 Graecamtnisso

273 5784 449 5840 αὑτοῦ
479 5785 627 5853 quod
686 5784 886 5855 ipsum,
928 5793 1157 5855 et__sua,
1185 5791 1241 5838 et
1288 5785 1430 5852 ejus,
1476 5785 1631 5841 reddi
1670 5795 1867 5855 potest.

277 5856 399 5910 Hoc
441 5852 713 5910 ultimum
750 5853 962 5925 habent
995 5852 1155 5923 Vulg.
1211 5856 1496 5925 magisque
1551 5852 1745 5924 prohat
1772 5855 1871 5911 Es-

277 5928 430 5993 tius;
478 5924 694 5980 tametsi
732 5940 829 5978 nec
879 5924 1122 5999 primum
1152 5932 1236 5980 est
1288 5924 1680 5994 spernendum,
1722 5928 1869 6000 quod

1979 5728 2028 5771 et
2066 5730 2258 5772 auctor
2279 5720 2528 5787 sequitur
2560 5736 2572 5771 :
2606 5731 2715 5785 qua
2751 5713 2825 5768 de
2855 5711 3088 5787 repotia
3115 5720 3163 5787 οι
3194 5708 3308 5787 alii.

2052 5788 2163 5853 (97)
2205 5777 2370 5857 Eque'
2408 5777 2859 5857 sanctiﬁcatione
2890 5785 3006 5857 illic
3047 5780 3296 5857 _inﬁrmis
3344 5777 3566 5857 μιγείηνὶ

1979 5848 2162 5915 Solita,
2211 5848 2305 5912 Ἐκ
2349 5859 2443 5911 τοῦ
2469 5848 2651 5911 ἐκεῖσε
2692 5860 2807 5920 τοῖς
2841 5848 3135 5909 ἀσθενοῦσι
3184 5848 3563 5926 παρεχομένου

1983 5930 2350 6001 ἀὶίέάτματος.
2388 5930 2547 5987 Forte
2583 5945 2611 5986 c
2642 5943 2803 5985 sacro
2832 5926 2981 5993 oleo,
3015 5921 3290 5995 ungendis
3322 5921 3557 5977 infirmis
