3950 6442
506 425 516 435 ⁸
553 332 685 399 1251

548 539 679 610 quid
707 538 971 610 prmfatus
1004 537 1397 593 sanctissimus
1436 536 1759 608 episc0pus,
1784 537 1888 593 etsi
1919 538 2136 602 nolens,

548 631 897 699 conscripsit.
927 627 1141 700 Quippe
1176 629 1411 685 adhzesit
1441 628 1690 685 scientiae
1743 628 2136 685 thesaurorum

549 726 602 778 in
632 721 940 794 Scripturis
995 723 1328 793 positorum,
1366 721 1454 777 vir
1495 722 1664 777 Attici
1704 722 1911 792 eloquii
1953 722 2137 778 facili-

547 826 658 872 tate
684 833 749 871 ac
775 824 1088 881 venustate,
1138 814 1411 871 exercitio
1453 816 1606 869 omni
1642 815 2133 881 instructissimus.

544 910 915 977 Quamobrem
940 924 1062 979 qua:
1086 908 1319 965 exordio
1342 909 1805 979 conscripsimus,
1836 908 1960 980 ejus
1975 917 2138 973 erant

543 1004 608 1056 ad
646 1003 943 1072 quamdam
976 1003 1125 1056 velut
1155 1002 1581 1072 gloriationetn;
1620 1008 1678 1055 ut
1708 1002 1973 1056 nimirnm
2015 1018 2138 1057 ma-

542 1110 683 1165 gnus
735 1097 782 1150 ei
823 1094 988 1149 Pater
1040 1093 1305 1165 Patapius
1356 1095 1412 1149 in
1473 1093 1692 1149 visione
1759 1093 2131 1163 apparuisset.

545 1184 717 1240 [latus
747 1195 933 1239 autem
976 1184 1264 1237 modestiae
1308 1197 1435 1237 esse
1483 1181 1561 1251 (l)
1603 1188 1764 1236 utea
1814 1181 2135 1244 silerentur,

543 1272 663 1329 ideo
712 1274 1112 1343 praetermisit,
1175 1288 1285 1327 non
1337 1272 1487 1326 velut
1530 1272 1719 1326 minus
1760 1272 2131 1333 meminisset,

540 1366 633 1422 sed
683 1369 868 1423 sciens
909 1367 1235 1437 volensque.
1280 1366 1352 1419 At
1386 1381 1489 1434 ego
1525 1365 1593 1420 ad
1644 1364 1871 1419 divitias
1919 1365 2137 1418 enitens

538 1459 740 1515 divinae
785 1460 1102 1533 sapientiae,
1146 1457 1298 1514 istud
1357 1458 1561 1526 adjeci.
1617 1456 1855 1527 Quippe,
1892 1458 1961 1510 ad
2008 1472 2134 1511 eum

539 1553 634 1623 qui
666 1553 910 1607 omnium
945 1552 1132 1621 dirigit
1163 1559 1426 1616 mentem,
1456 1565 1556 1605 ceu
1584 1550 1897 1619 ejaculatus
1917 1563 2131 1619 preces,

540 1654 600 1699 ut
651 1647 991 1715 praeberetur
1026 1645 1192 1712 digne
1241 1643 1428 1698 dicere
1465 1659 1591 1712 qua:
1627 1656 1876 1712 congrua
1920 1650 2133 1709 essent,

540 1739 749 1809 rogavi.
778 1736 968 1808 Neque
990 1737 1136 1791 enim
1170 1736 1423 1790 cultioris
1462 1734 1739 1791 sermonis
1770 1733 1973 1805 gratia,
2007 1732 2134 1788 Pla-

892 396 897 401 .
1750 337 1811 395 S.
1844 331 2177 394 ANDREﬁE
2217 331 2645 392 CRETENSIS

614 447 694 501 Ae
723 461 828 501 nos
857 445 1106 515 quidem,
1140 444 1244 500 viri
1278 443 1539 510 studiosi,
1567 444 1690 500 laete
1716 442 1933 508 habuit,
1973 442 2123 514 quid-

2316 441 2426 494 Καὶ
2456 442 2619 513 ἡμεῖς
2670 438 2792 509 μὲν,
2832 438 2878 494 ὦ
2936 442 3287 514 φιλομαθεῖς,
3331 447 3719 521 εὖφράνθημεν
3748 456 3818 507 ἐπὶ

3707 343 3809 411 1232

2245 530 2382 583 πᾶσι
2426 533 2538 596 τοῖς
2572 532 2678 585 ὑπὸ
2703 528 2798 584 τοῦ
2825 532 3126 603 εἰρημένου
3165 536 3497 605 ἀγιωτάτου
3529 542 3813 613 ἐπισκόπου,

2243 624 2338 675 καὶ
2395 624 2472 695 μὴ
2525 623 2800 688 θέλοντος,
2826 630 3218 697 συγγραφεῖσι.
3276 630 3627 696 Συνέζευκτο
3669 641 3819 712 γάρό

2240 714 2382 786 ἀνὴρ
2430 719 2496 787 τῇ
2551 717 2757 786 γνώσει
2805 719 2919 772 τῶν
2965 720 3259 791 Γραφικῶν
3320 723 3645 797 θησαυρῶν,
3699 734 3818 809 πάσῃ

2244 810 2412 880 πείρᾳ
2460 812 2715 881 Ἀττικῆς
2742 812 3025 866 διαλέκτου
3064 816 3540 886 πεπαιδευμένος.
3574 821 3727 875 Ὅθεν
3748 834 3820 881 καὶ

2240 900 2309 953 τὰ
2331 903 2388 954 ἐν
2420 904 2695 975 προοιμίῳ
2717 905 2807 975 ὑφ’
2829 905 2986 977 ἡμῶν
3026 909 3459 978 συγγραφέντα,
3482 911 3648 965 αὑτοῦ
3675 916 3820 989 ὑπῆρ-

2240 1009 2302 1063 χε
2338 993 2440 1063 μὲν
2468 997 2548 1059 εἰς
2578 998 2867 1069 καύχησιν,
2915 998 3099 1063 καθὼς
3151 1003 3180 1053 6
3224 1002 3416 1071 μέγας
3474 1005 3660 1076 Πατὴρ
3701 1011 3822 1080 αὐτῷ

2240 1083 2396 1156 ὤφθη
2449 1086 2537 1141 διὰ
2584 1089 2685 1159 τῆς
2745 1092 3018 1155 ὀπτασίας
3076 1093 3391 1157 Πατάπιος.
3455 1095 3747 1162 Εὑλαϐείας
3787 1103 3820 1152 δ’

2240 1173 2334 1231 οὖν
2364 1179 2522 1251 τοῦτο
2550 1181 2579 1232 6
2605 1181 2819 1252 λεχθεὶς
2843 1181 3205 1254 λογισάμενος
3242 1184 3447 1255 ἔργον,
3480 1185 3669 1240 τούτου
3694 1192 3820 1259 χάριν

2238 1272 2411 1324 ταῦτα
2438 1274 2796 1344 παρέδραμεν
2825 1292 2837 1306 ·
2866 1275 2927 1328 οὐ
2968 1275 3378 1340 λανθανόντως,
3410 1276 3535 1330 ἀλλ’
3564 1280 3811 1345 ἑκουσίως.

2251 1361 2394 1430 Ἐγὼ
2424 1362 2500 1425 δέ,
2555 1365 2634 1435 τῷ
2677 1364 2894 1434 πλοὺτιιι
2920 1365 3024 1435 τῆς
3069 1366 3259 1437 θεῖκῆς
3302 1368 3516 1438 σοφίας
3545 1371 3816 1425 ἐπεκτεινό-

2241 1455 2422 1527 μενοξ,
2474 1460 2631 1513 τοῦτο
2679 1461 3061 1532 προστέθεικα.
3121 1464 3267 1535 Πρὸς
3320 1463 3443 1535 γὰρ
3498 1464 3594 1518 τὸν
3638 1468 3811 1523 παντί-,ν

2236 1549 2537 1624 διορθωτὴν
2576 1553 2677 1623 τὴν
2729 1554 2957 1626 γνώμην
3008 1555 3297 1626 ἠκόντισα,
3354 1557 3515 1621 ὅπως
3552 1576 3640 1628 μοι
3675 1565 3812 1630 παρί-

2238 1658 2343 1714 σχῃ
2378 1644 2556 1698 εἰπεῖν
2594 1644 2762 1710 ἀξίως
2804 1647 2874 1699 τὰ
2919 1647 3223 1719 πρέποντα.
3274 1649 3361 1703 Οὐ
3418 1649 3540 1720 γὰρ
3591 1651 3806 1718 "Largo-.1,

2238 1734 2269 1804 ἢ
2303 1735 2620 1809 Πυθαγόρᾳ,
2654 1738 2686 1808 ἤ
2731 1738 2958 1811 Ὁμήρῳ
2989 1742 3256 1811 προσείην
3295 1742 3514 1812 μαθεῖν
3542 1744 3641 1813 τὴν
3678 1745 3809 1798 62:13.:-

536 1838 721 1885 tonem
755 1830 893 1897 adii,
933 1838 1029 1883 aut
1069 1826 1463 1899 Pythagoram,
1508 1827 1591 1880 vel
1636 1824 1935 1881 Homerum
1970 1845 1982 1880 :
2032 1826 2123 1895 sed

2234 1803 2382 1891 κτον,
2420 1803 2813 1901 ἀλλάντῷίτῆς
2860 1803 3059 1901 ’σοφίας
3103 1803 3310 1904 ὁδηγῷ,
3354 1835 3461 1888 καὶ
3514 1803 3628 1887 τῶν
3674 1838 3804 1903 σοᾳῖν

538 1920 826 1989 sapientiae
878 1920 1115 1984 ducem,
1177 1919 1613 1987 sapientumque
1661 1917 2071 1974 moderatorem
2110 1934 2127 1986 ;

533 2010 768 2081 quodin
803 2011 926 2080 ejus
985 2010 1246 2066 manibus
1297 2009 1474 2065 simus
1534 2008 1661 2079 ipsi,
1725 2024 1791 2065 ac
1841 2025 2129 2067 sermones

534 2104 736 2159 uOstri.
785 2101 963 2157 Porro
1008 2102 1202 2173 nequit
1242 2117 1271 2155 a
1321 2117 1421 2158 sua
1461 2102 1553 2157 illa
1596 2102 1964 2169 humanitate,
2003 2119 2130 2175 pro-

529 2195 885 2265 pensiorique
920 2194 1304 2249 beneﬁcentiae
1336 2192 1528 2249 studio
1575 2193 1631 2248 in
1681 2193 1985 2249 humanum
2033 2211 2129 2267 ge-

528 2306 633 2346 nus
666 2291 968 2359 prohiberi,
1002 2290 1322 2360 mundoque
1353 2288 1683 2345 accedentes
1715 2287 1903 2354 corde,
1928 2303 2127 2345 senso~

529 2396 651 2435 runt
685 2381 991 2451 Scriptura;
1032 2383 1313 2435 thoracem
1348 2382 1550 2436 induit.
1591 2379 1869 2446 Quocirca
1912 2380 1995 2435 sic
2024 2362 2152 2435 de:

526 2475 709 2529 crevit
760 2477 1009 2529 omnium
1040 2472 1330 2542 Dominus,
1383 2482 1647 2545 tanquam
1689 2492 1708 2525 ι
1766 2473 1959 2529 fecerit
2005 2472 2126 2543 ipse

527 2566 791 2637 pusillum
816 2573 872 2620 et
901 2581 1188 2637 magnum,
1228 2565 1392 2636 eique
1430 2565 1505 2620 sit
1553 2564 1841 2635 aequaliter
1882 2578 2016 2618 cura
2055 2562 2126 2617 de

525 2657 789 2710 omnibus
819 2656 881 2721 δ,
923 2675 941 2707 ι
984 2664 1041 2710 ut
1083 2666 1137 2710 et
1170 2670 1292 2710 meo
1340 2655 1672 2720 ministerio,
1722 2654 1924 2710 futuris
1957 2669 2126 2726 gene-

527 2747 841 2801 rationibus
874 2746 1123 2801 auditum
1157 2745 1349 2813 faciat,
1394 2758 1455 2802 ut
1484 2748 1557 2801 sit
1589 2747 1853 2803 terribilis
1894 2748 1952 2802 itt
1989 2762 2123 2803 sau-

525 2850 748 2895 etorum
790 2841 1062 2896 consiliis.
1107 2859 1125 2893 ι
1190 2840 1488 2896 Generatio
1523 2842 1675 2897 enint
1726 2851 1780 2899 et
1835 2841 2124 2913 generatio

525 2933 777 2987 laudabit
824 2948 992 3004 opera
1026 2943 1143 2997 tua,
1189 2943 1244 2990 et
1288 2936 1595 3004 potentiam
1647 2944 1798 2990 tuam
1832 2936 2123 2990 annuntia-

526 3031 667 3083 hunt
701 3039 763 3096 ο;
821 3048 840 3081 ι
877 3038 1142 3099 tuamque
1176 3028 1507 3099 adiutricem
1565 3042 1790 3082 manum
1847 3028 2123 3099 gloriﬁca-

523 3122 687 3185 bunt,
712 3122 808 3193 qui
832 3123 1221 3193 obsequuntur
1248 3123 1361 3177 tuis
1388 3121 1701 3192 praeceptis.
1724 3120 2118 3188 Quamobrem,
2148 3162 2195 3225 ϐ

524 3221 583 3269 tu
618 3212 802 3271 Patris
836 3215 1190 3285 omnipotens
1245 3211 1465 3276 Sermo,
1519 3215 1658 3268 doce
1713 3228 1817 3269 nos
1868 3214 1998 3284 quid
2050 3213 2122 3269 sit

525 3314 814 3375 acceptum
840 3307 895 3360 itt
932 3306 1112 3360 oculis
1140 3306 1276 3368 tuis,
1316 3314 1371 3360 et
1401 3314 1614 3359 rectum
1649 3304 1704 3359 in
1744 3303 1857 3358 tuis
1889 3302 2125 3358 manda-

527 3399 620 3454 tis.
657 3396 736 3451 Tu
773 3398 921 3452 enim
956 3397 1068 3451 dux
1099 3397 1235 3462 eris,
1269 3404 1439 3466 atque
1470 3396 1655 3455 nobis,
1686 3408 1812 3465 quae
1855 3394 1926 3448 ab
1960 3394 2124 3447 initio

526 3490 596 3545 ad
633 3491 869 3545 salutem
909 3490 1141 3561 parasti,
1179 3497 1311 3544 nota
1354 3488 1579 3545 feceris.
1616 3486 1797 3542 Tuum
1828 3502 1957 3542 vero
1994 3502 2127 3542 con-

527 3584 709 3639 silium
772 3585 900 3653 quis
954 3584 1321 3654 cognoverit,
1355 3581 1465 3638 nisi
1517 3590 1575 3635 tu
1625 3579 1849 3635 dederis
1905 3579 2125 3649 sapien-

527 3676 697 3730 tiam?
726 3675 940 3747 Quippe
970 3695 988 3728 ι
1022 3675 1344 3731 mortalium
1380 3673 1746 3745 cogitationes
1791 3671 2037 3738 timidas,
2067 3678 2122 3726 et

530 3768 768 3824 incertas
803 3769 1184 3838 providentias
1224 3776 1452 3824 nostras
1496 3764 1560 3830 ἀ,
1624 3784 1644 3816 ι
1680 3764 1873 3819 docuit
1905 3772 2122 3818 amator

526 3861 618 3915 ille
654 3862 957 3931 sapientiae.
985 3860 1357 3928 Quamobrem
1399 3859 1551 3915 solus
1579 3858 1789 3927 ipseale
1832 3857 1976 3912 coelo
2023 3858 2121 3912 de-

525 3955 820 4019 scendens,
850 3956 1120 4009 beneficio
1146 3969 1249 4009 nos
1272 3952 1529 4019 aﬂ‘eeisti,
1549 3959 1881 4021 nostrasque
1901 3965 2121 4005 assum-

523 4048 682 4118 psisti
717 4048 1095 4112 infirmitates,
1132 4055 1188 4103 et
1220 4046 1584 4118 aegritudines
1618 4043 1857 4115 portasti
1895 4060 1910 4099 :
1947 4052 2120 4113 utque

525 4157 593 4196 ne
624 4143 799 4196 ullum
842 4142 1231 4196 mandatorum
1279 4149 1503 4194 tuorum
1555 4139 1921 4201 solveremus,
1975 4138 2120 4193 indi-

522 4235 675 4301 xisti,
710 4236 1170 4303 disceremusque
1205 4248 1312 4287 non
1345 4230 1583 4287 deficere
1634 4244 1699 4284 ac
1743 4231 1932 4285 animo
1983 4244 2118 4283 con-

520 4330 706 4385 cidere
733 4330 786 4383 iu
812 4330 993 4385 malis.
1048 4327 1187 4395 Quis
1222 4341 1355 4383 vero
1404 4326 1553 4381 dicat
1583 4339 1709 4395 quae
1759 4322 1982 4389 feceris,
2017 4321 2115 4393 qui

521 4423 741 4477 veneris
776 4423 829 4475 in
861 4421 1153 4483 mundum,
1207 4418 1527 4489 mundoque
1574 4417 1806 4473 salutem
1860 4418 2112 4471 contule-

2231 1917 2524 1991 διορθωτῇ,
2568 1920 2654 1974 ὅτι
2700 1922 2756 1973 ἐν
2783 1923 2850 1993 τῇ
2883 1922 3029 1994 χειρὶ
3070 1923 3262 1985 αὐτοῦ,
3297 1924 3404 1977 καὶ
3450 1926 3622 1995 ἡμεῖς
3664 1928 3741 1979 καὶ
3771 1932 3800 1980 ei

2230 2010 2584 2085 λόγοιήμῶν.
2632 2014 2940 2068 Ἀκώλυτον
2969 2015 3026 2069 δέ
3057 2015 3405 2087 ἔχειέαυτοῦ
3444 2017 3515 2071 τὸ
3554 2017 3798 2092 φιλάνθρω-

2236 2119 2363 2168 πον,
2388 2104 2482 2156 καὶ
2504 2105 2617 2167 τοῖς
2652 2107 3121 2177 προσερχομένοις
3160 2110 3219 2162 ἐν
3247 2108 3489 2181 καθαρᾷ
3522 2110 3723 2181 καρδίᾳ,
3742 2115 3793 2164 ὲν-

2232 2196 2473 2251 διδύσκει
2522 2196 2755 2269 θώρακα
2802 2199 3102 2270 Γραφικῶν
3142 2202 3474 2273 νοημάτων.
3531 2203 3787 2274 Atla-€xe

2228 2289 2391 2344 τοῦτο
2434 2292 2464 2344 6
2497 2290 2718 2344 πάντων
2756 2292 3056 2361 Δεσπότης,
3100 2293 3184 2347 ὅτι
3222 2313 3240 2345 ‹
3277 2294 3492 2366 μικρὸν
3542 2298 3640 2350 καὶ
3675 2297 3773 2364 μίτρῃ

2228 2381 2394 2445 αὐτὸς
2421 2382 2700 2452 ἐποίησεν,
2721 2385 2927 2453 ὁμοίως
2956 2401 3016 2438 τε
3047 2388 3369 2456 προνοεῖται
3402 2387 3543 2458 περὶ
3563 2388 3771 2441 πάντων.

2227 2473 2379 2537 ὅπως
2413 2476 2508 2530 καὶ
2560 2474 2629 2527 δι’
2662 2474 2801 2545 ἐμοῦ
2856 2476 2959 2547 τὴν
3004 2476 3192 2548 φωνὴν
3239 2479 3528 2552 ἁκουτίσῃ
3570 2482 3685 2543 ταῖς
3710 2480 3781 2549 μεθ

2227 2564 2388 2635 ἡμῶν
2435 2569 2668 2634 γενεαῖς,
2696 2567 2774 2631 ὡς
2817 2567 3049 2640 φοϐερὸς
3096 2570 3155 2622 ἐν
3188 2569 3420 2640 βουλαῖς
3465 2573 3659 2641 ἁγίων.
3690 2573 3788 2623 «Γι-

2226 2657 2328 2712 νεά
2364 2657 2477 2730 γὰρ
2505 2660 2600 2711 καὶ
2649 2660 2816 2728 γενεὰ
2841 2661 3122 2716 ἐπαινέσει
3155 2662 3223 2716 τὰ
3261 2662 3411 2735 ἔργα
3457 2680 3579 2727 σου,
3610 2665 3692 2717 καὶ
3722 2664 3787 2731 τὴν

2190 2796 2193 2797 ν
2225 2748 2459 2819 δύναμίν
2508 2766 2603 2804 σου
2660 2752 3059 2821 ἀπαγγελοῦσι,
3091 2772 3109 2805 ι
3152 2755 3256 2826 τήν
3289 2773 3351 2809 τε
3391 2757 3787 2828 ὑπέρμαχόνσου

2226 2844 2385 2915 χεῖρα
2430 2842 2771 2911 δοξάσουσιν,
2826 2845 2875 2897 οί
2907 2847 3021 2910 τοῖς
3052 2847 3462 2919 προστάγμασι
3494 2866 3586 2903 σου
3614 2848 3785 2902 ἀκολου·

2230 2932 2478 2999 θοῦντες.
2527 2937 2639 2999 Διὸ,
2673 2935 3056 3007 παντοδύναμε
3092 2936 3234 3006 Δόγε
3286 2939 3391 2993 τοῦ
3428 2939 3661 3009 Πατρὸς,
3683 2937 3785 2990 δίδα-

2229 3025 2319 3091 ξον
2350 3028 2499 3097 ἡμᾶς
2539 3027 2594 3080 τί
2624 3027 2862 3099 ἀρεστὸν
2886 3030 2944 3082 ἐν
2969 3027 3273 3098 ὀφθαλμοῖς
3310 3047 3438 3095 σου,
3469 3032 3566 3084 καὶ
3592 3031 3722 3093 εὖθές
3743 3031 3781 3081 ὲν

2223 3120 2347 3181 ταῖς
2374 3116 2619 3182 ἐντολαῖς
2649 3114 2871 3173 σου.’Σὺ
2905 3117 3017 3189 γὰρ
3046 3118 3347 3193 όδηγήσεις
3383 3122 3488 3175 καὶ
3530 3120 3781 3191 γνωρίςεις,

2223 3207 2261 3264 ἀ
2289 3208 2598 3281 ἡτοίμασας
2646 3210 2727 3273 είς
2760 3211 3042 3283 σωτηρίαν
3090 3210 3249 3282 ἡμῶν
3282 3212 3575 3284 ἀπαρχῆς.
3626 3208 3779 3279 Βουλῂν

2224 3300 2282 3356 δέ
2310 3319 2406 3356 σου
2454 3303 2537 3366 τίς
2576 3302 2742 3372 ἔγνω,
2769 3305 2819 3358 εἰ
2852 3304 2927 3375 μὴ
2979 3303 3044 3357 σὺ
3081 3303 3292 3367 ἔδωκας
3345 3306 3590 3376 σοφίαν;
3627 3304 3779 3369 «A01:-

2227 3396 2357 3465 σμοὶ
2386 3395 2497 3467 γὰρ
2536 3395 2748 3466 θνητῶν
2785 3396 2974 3462 δειλοὶ,
3016 3398 3112 3451 καὶ
3143 3398 3477 3466 ἐπισφαλεῖς
3511 3399 3567 3451 αί
3590 3397 3776 3450 ἐπίνοιαι

2225 3488 2443 3560 ἠμῶν,»
2502 3491 2531 3542 6
2580 3489 2681 3558 τῆς
2724 3489 2919 3559 σοφίας
2968 3489 3211 3561 ἐραστὴς
3255 3490 3491 3557 ἐδίδαξε.
3541 3491 3634 3544 Διά
3663 3485 3776 3541 τοῦτα

2226 3579 2730 3651 εὐεργετουμένους
2768 3580 2939 3651 ἡμᾶς,
2986 3581 3236 3645 καταϐὰς
3283 3581 3347 3649 ἐξ
3393 3581 3625 3654 οὐρανοῦ
3660 3577 3773 3650 μόνος

2224 3671 2684 3751 ἀπέδειξας,-καὶ
2722 3670 2822 3735 τὰς
2863 3671 3151 3738 ἀσθενείας
3198 3671 3360 3744 ἡμῶν
3417 3674 3685 3737 ἀνέλαϐες,
3715 3670 3775 3721 καὶ

2221 3765 2323 3829 τάς
2373 3764 2564 3828 νόσους
2621 3763 2976 3829 ἐϐάστασας·
3019 3766 3115 3819 καὶ
3173 3766 3250 3838 μὴ
3303 3767 3462 3822 λύειν
3514 3759 3773 3837 ἐπηγγείλω

2226 3858 2357 3929 μίαν
2389 3857 2496 3912 τῶν
2525 3857 2635 3911 σῶν
2667 3857 2902 3912 ἐντολῶν
2927 3875 2941 3890 ·
2974 3858 3074 3913 καὶ
3100 3859 3382 3915 διδάσκειν
3439 3861 3516 3933 μὴ
3546 3857 3770 3913 ἐκκαλεῖν.

2222 3950 2335 4005 Καὶ
2368 3951 2455 4015 τίς
2480 3952 2599 4024 ἐρεῖ
2624 3950 2680 4005 τί
2719 3951 3007 4024 ἐποίησας,
3044 3954 3074 4008 6
3116 3952 3289 4007 ἐλθὼν
3329 3957 3414 4018 είς
3464 3955 3558 4007 τὸν
3590 3950 3765 4018 κόσμον.

2221 4045 2317 4099 καὶ
2354 4042 2535 4108 σώσας
2581 4044 2676 4099 τὸν
2720 4044 2970 4116 κόσμον;
3008 4046 3080 4100 Ἢ
3106 4045 3190 4110 τίς
3222 4046 3451 4119 ἀντιστῇ
3483 4045 3559 4116 τῷ
3588 4035 3768 4114 κρίματί

2222 4155 2316 4191 σου
2348 4130 2395 4206 ᾧ
2422 4136 2690 4209 ἐποίησας
2720 4137 2936 4208 μεγάλα
2957 4139 3056 4193 καὶ
3083 4138 3509 4211 ἀνεξιχνίαστας
3541 4137 3663 4192 Ἀπὸ
3680 4130 3766 4185 τοῦ·

2219 4248 2328 4285 των
2378 4226 2473 4285 οὖν
2520 4231 2630 4286 τῶν
2675 4231 2771 4285 τοῦ
2820 4231 3079 4304 Σωτῆρος
3145 4233 3354 4305 Κριτοῢ
3423 4232 3518 4288 τοῦ
3561 4217 3765 4297 ἀληθινοῦ

2217 4322 2354 4377 Θεοῦ
2387 4323 2762 4396 διδαγμάτων,
2796 4327 3103 4395 ἀγαπητοὶ,
3123 4327 3436 4397 ἀνοίξωμεν
3468 4325 3638 4393 στόμα
3661 4318 3765 4382 λόγῳ

2217 4418 2377 4485 Θεοῦ,
2429 4420 2526 4473 καὶ
2571 4418 2672 4489 τὴν
2716 4418 2876 4484 δόξαν
2921 4420 3023 4491 τῆς
3071 4419 3454 4491 μεγαλοσύνης
3498 4413 3670 4476 αὐτοῦ,
3712 4404 3763 4474 μὴ

521 4515 643 4570 ris?
674 4515 770 4571 Vel
814 4516 941 4585 quis
982 4515 1211 4570 resistat
1277 4512 1357 4567 illi
1393 4519 1489 4565 tuo
1528 4509 1778 4574 decreto,
1832 4522 1944 4579 quo
2004 4523 2118 4562 ma-

2227 4511 2638 4582 ἀποκρύψωμεν
2693 4511 3014 4584 κενοδοξίᾳ’
3074 4514 3193 4569 ἀλλ’
3239 4515 3497 4577 ἕκαστος,
3550 4512 3595 4563 εί
3646 4506 3764 4569 λόγον

519 4621 626 4676 gna
678 4618 731 4660 et
784 4604 1299 4675 imperscrutabilta
1375 4601 1620 4658 fecisti?
1676 4600 1762 4656 Ab
1832 4602 1918 4656 his
1953 4616 2111 4673 ergo,

521 4698 733 4762 dilecti,
796 4696 1103 4753 Salvatoris
1150 4694 1362 4751 Christi
1410 4693 1527 4749 veri
1585 4693 1680 4748 Dei
1728 4692 2021 4764 dogmatis,
2052 4709 2116 4749 os

522 4792 836 4863 aperiamus
888 4790 1078 4845 divino
1129 4786 1399 4853 sermoni,
1454 4800 1517 4840 ac
1573 4801 1646 4841 ne
1700 4786 1851 4840 inani
1906 4786 2112 4855 gloria,

520 4885 751 4957 gloriam
808 4881 1231 4951 magnificentia
1278 4879 1401 4949 ejus
1455 4878 1824 4933 occultemus.
1868 4877 2003 4943 lmn,
2067 4879 2114 4935 si

520 4980 646 5049 quis
685 4978 847 5031 habet
882 4975 976 5031 Dei
1022 4988 1358 5037 sermonem,
1402 4969 1598 5026 oll‘erat
1640 4970 1712 5026 de
1738 4970 1887 5025 bono
1923 4969 2110 5025 cordis

521 5074 806 5133 thesauro,
840 5084 952 5140 quo
983 5069 1300 5138 proximum
1338 5081 1370 5120 a
1412 5064 1555 5117 mala
1580 5062 1921 5133 cogitatione
1954 5077 2111 5116 aver-

517 5176 598 5221 tat
627 5185 640 5221 :
674 5182 848 5236 eaque
880 5181 960 5224 re,
987 5164 1109 5232 ejus
1154 5163 1247 5232 qui
1284 5158 1637 5218 denuntiavit
1680 5156 1986 5228 jussitquc,
2023 5157 2111 5210 di-

586 5326 612 5365 ιι
651 5324 778 5393 Sap.
820 5339 891 5385 γι,
921 5324 973 5373 8.
1054 5332 1075 5359 ο
1122 5319 1267 5374 l‘sal.
1299 5332 1478 5381 cxuv,
1528 5316 1583 5370 4.
1662 5312 1688 5353 ά
1717 5313 1849 5383 Sap.
1890 5328 1967 5377 ιιι,
2022 5314 2106 5367 Η.

2220 4603 2337 4675 ἔχει
2386 4604 2547 4670 Θεοῦ,
2598 4608 2963 4679 πῳσφερέτω
3013 4611 3080 4662 ἐκ
3133 4607 3228 4662 τοῦ
3286 4606 3496 4676 ἀγαθοῦ
3533 4589 3760 4673 θησαυροῦ

2221 4699 2317 4768 τῆς
2367 4698 2624 4768 καρδίας,
2660 4700 2749 4753 ἵνα
2779 4700 2875 4754 τὸν
2923 4700 3157 4773 πλησίον
3183 4700 3501 4770 ἀναστρέψῃ
3530 4694 3590 4749 ἐκ
3629 4684 3761 4749 κακῆς

2220 4790 2468 4853 ἐπινοίας
2490 4807 2505 4822 ⁸
2560 4791 2709 4850 ὅπως
2739 4791 2892 4865 δείξῃ
2936 4794 2996 4846 ἐν
3029 4791 3207 4863 τούτῳ
3239 4790 3338 4862 τὴν
3366 4791 3463 4845 τοῦ
3494 4776 3758 4865 ἐπαγγειλας

2223 4882 2389 4953 μένου
2424 4883 2672 4954 ἀγάπην.
2722 4883 2787 4936 οι
2818 4860 2927 4955 γάρ
2961 4883 3057 4937 τοῦ
3096 4860 3348 4955 Σωτῆρος
3382 4879 3537 4953 ἡμῶν
3567 4860 3758 4946 μαθηταιὶ

2219 4974 2315 5028 καὶ
2345 4974 2660 5039 ἀπόστολοι,
2705 4975 3083 5042 διδαξάτωσαν
3121 4976 3276 5046 ἡμᾶς
3328 4975 3504 5026 ποιεῖν
3550 4964 3612 5019 τὰ
3635 4961 3754 5055 δμοξί

2218 5066 2506 5130 ὡσαύτως.
2540 5063 2643 5121 Οἷα
2683 5069 2934 5139 Ἰωάννης
2978 5069 3043 5121 ἐκ
3078 5069 3179 5138 τῆς
3203 5068 3418 5139 ἐρήμου
3451 5058 3655 5132 καρδίας
3677 5057 3755 5139 τίν’

2216 5159 2569 5230 Φαρισαῖκῶν
2626 5161 2978 5233 διδαγμάτων
3028 5159 3451 5232 ἀπαναχωρῶν,
3506 5148 3640 5221 παρὰ
3678 5135 3747 5195 τὰς
3830 5176 3831 5179 “

1829 5423 2215 5480 COMBEFISII
2282 5423 2514 5477 NUTAS.

588 5531 663 5597 (Ι)
694 5528 864 5583 Batus
914 5533 1089 5597 autem
1137 5521 1423 5597 modestia:
1464 5535 1597 5573 esse.
1624 5515 1950 5597 _Ebla6s£ac
2003 5513 2098 5568 οὖν

515 5587 674 5653 ταύτὸ
700 5602 728 5653 6
760 5596 973 5667 λεχθεὶς
1002 5593 1362 5667 λογισάμενος
1402 5587 2102 5667 Epyov.ipsulm-huneso-

518 5673 778 5725 lutiouetu
819 5653 1175 5723 ἕιιῒιιίιιιὶιῖιιιε
1203 5653 1490 5724 ’Βυγοιιὶὶιξ
1550 5659 1616 5713 ad
1648 5653 1866 5710 _Basilii
1918 5653 2101 5725 Yitam

518 5742 739 5795 nomine
773 5735 1168 5808 Amphilochii,
1197 5747 1264 5787 eo
1295 5729 1527 5808 elevanti
1568 5742 1895 5808 concessam
1931 5724 2102 5808 Ephr.

515 5811 706 5868 Basilii
738 5795 999 5882 precibus
1036 5806 1266 5877 gratiam
1312 5801 1484 5857 Graeci
1524 5798 1824 5863 sermonis,
1879 5795 2029 5867 quod
2057 5796 2106 5849 is

2212 5531 2319 5570 non
2351 5514 2685 5576 meminerit,
2721 5515 2810 5567 ubi
2843 5515 3108 5568 describit
3131 5530 3249 5567 eam
3286 5528 3411 5566 cum
3440 5505 3740 5576 BasiliuCO'l'

2212 5585 2600 5662 gressionetn.”
2643 5572 2775 5637 Erat
2840 5597 2990 5662 certe
3058 5601 3119 5662 ea
3180 5600 3266 5638 res
3322 5584 3495 5662 inagis

2214 5642 2378 5723 quam
2420 5655 2629 5715 Basilii,
2662 5665 2828 5724 atque
2865 5656 2930 5707 ad
2973 5655 3246 5725 καύχησιν
3278 5642 3443 5707 auro-3
3466 5691 3479 5714 ,
3510 5650 3631 5703 utet
3656 5642 3741 5705 ipse

2220 5726 2415 5781 metito
2450 5725 2740 5789 εὐλαϐείας
2771 5726 2932 5797 ἔργον
2974 5728 3190 5780 (luxerit
3217 5725 3495 5779 silentium
