3950 6494
485 369 633 439 1255

700 597 778 654 De
811 600 1121 667 argumento
1165 588 1452 646 Publicani
1479 597 1529 641 et
1557 582 1849 640 Pharisa'i.

559 775 851 834 Publicani
906 768 1290 838 Pharisaique
1321 761 1555 819 materia
1587 756 1760 813 veluti
1796 766 2070 826 praeter-

488 871 844 927 citamentum
879 861 1160 936 quoddam
1207 866 1265 915 et
1295 851 1628 928 prteparatio
1668 847 1954 920 proposita
1989 849 2076 898 est

487 965 581 1032 iis,
608 961 702 1033 qui
753 960 950 1015 volunt
1008 954 1296 1010 adhaerere
1316 957 1526 1007 sanctae
1558 940 1883 1006 humilitati,
1946 951 2072 1008 qua:

488 1058 781 1113 universas
820 1049 1179 1124 amplectitur
1196 1046 1457 1109 virtutes,
1490 1037 1695 1109 quibus
1727 1031 2076 1103 comparatio

489 1150 648 1220 regni
685 1123 928 1202 caelestis
963 1158 1094 1199 vere
1126 1138 1411 1199 innititur,
1442 1129 1725 1199 simulque
1754 1142 1786 1181 a
1817 1123 2078 1195 superbia

491 1255 613 1313 quae
669 1238 781 1293 Deo
838 1235 1016 1291 invisa
1044 1240 1134 1288 est
1195 1227 1496 1288 declinare,
1548 1235 1670 1291 quae
1702 1216 1980 1274 hominem
2011 1215 2080 1270 ab

492 1308 754 1389 omnibus
781 1326 1116 1384 Christianis
1144 1319 1446 1377 virtutibus
1485 1313 1713 1370 avertit.
1768 1308 1907 1377 Quis
1946 1321 2081 1378 ergo

494 1421 641 1478 haud
674 1417 1033 1476 aemulahitur
1056 1412 1421 1471 Publicanum
1444 1404 1809 1477 ejusdemque
1838 1413 2083 1456 conver-

493 1515 709 1572 sionem
732 1520 897 1582 atque
915 1506 1322 1580 pmnitentiam,
1357 1510 1412 1558 et
1447 1496 1714 1555 Pharisaei
1742 1494 1946 1550 fastum
1967 1506 2082 1547 non

495 1603 880 1663 aversabitur?
914 1600 1189 1672 siquidem
1246 1594 1535 1651 humilitas
1599 1586 1823 1659 quidem
1858 1585 2085 1641 Christo

496 1693 807 1765 coniungit,
837 1689 1100 1763 superbia
1122 1700 1255 1743 vero
1284 1681 1520 1739 tumenti
1548 1677 1785 1736 diemoni
1807 1682 1977 1747 atque
2002 1673 2087 1729 fa-

499 1794 619 1844 stus
654 1784 835 1855 pleno.

572 1875 845 1947 Superbia
876 1871 1177 1945 principem
1208 1865 1555 1938 angelorum,
1581 1861 1672 1918 cui
1705 1859 1882 1917 etiam
1911 1857 2081 1913 Luci-

500 1967 582 2023 fer
609 1946 809 2022 nomen
857 1969 998 2028 erat,
1029 1958 1313 2016 diabolum
1344 1967 1575 2025 prorsus
1602 1949 1805 2006 effecit.
1833 1946 1957 2002 Haec
1987 1958 2083 2000 no-

500 2060 598 2115 stri
635 2056 853 2129 generis
884 2060 1166 2109 auctorem
1219 2048 1488 2104 Adamum
1515 2043 1774 2116 paradiso
1808 2038 2026 2110 expulit
2056 2054 2070 2091 :

505 2150 811 2220 «Deposuit
844 2152 1099 2217 potentes
1118 2143 1185 2197 de
1209 2140 1448 2203 thronis,
1502 2148 1557 2192 et
1596 2132 1861 2193 exaltavit
1899 2129 2084 2184 humi-

500 2242 580 2296 les
598 2249 643 2294 8.
658 2260 748 2292 ›-
764 2258 783 2291 ι
811 2238 1071 2293 Dominus
1091 2233 1349 2304 superbis
1370 2230 1602 2293 resistit,
1626 2224 1929 2282 humilibus
1951 2234 2085 2277 vero

501 2330 844 2399 datgratiam
869 2330 918 2381 ιι.
935 2347 954 2378 a
979 2326 1104 2380 llaec
1126 2324 1473 2378 Pharaonem
1498 2316 1762 2388 deponit:
1785 2332 1801 2365 ι
1824 2312 1975 2366 Dixit
2003 2310 2087 2363 in-

501 2425 711 2497 sipiens
741 2423 795 2475 in
826 2420 997 2476 corde
1031 2431 1157 2478 suo,
1214 2412 1333 2468 Non
1364 2421 1453 2468 est
1486 2413 1629 2465 Deus
1666 2409 1709 2461 ί.
1754 2425 1771 2457 ι
1813 2403 1941 2460 Haec
1972 2400 2085 2456 Na-

501 2515 1022 2571 buchodonosorem
1073 2507 1260 2578 dejicit
1294 2523 1309 2560 :
1343 2523 1362 2557 ι
1400 2503 1698 2557 Dominum
1730 2497 1877 2554 enim
1915 2494 2086 2550 Deum

504 2620 658 2663 tuum
682 2604 970 2669 adorabis,
999 2609 1053 2656 et
1085 2598 1193 2671 ipsi
1228 2598 1333 2652 soli
1364 2590 1647 2651 serviesi.
1685 2581 1722 2643 ι’
1761 2588 1868 2643 Et:
1907 2605 1927 2639 ‹
1966 2585 2087 2641 Non

504 2698 677 2755 facies
724 2696 893 2750 ullam
960 2691 1262 2763 imaginem
1298 2689 1349 2742 ιι.
1390 2706 1409 2739 ›
1445 2684 1710 2751 Quamvis
1757 2681 1836 2736 illi
1867 2677 2088 2750 quidem

504 2789 740 2845 morbus
765 2786 872 2841 iste
890 2783 1110 2838 ablatus
1137 2791 1247 2847 est,
1280 2776 1410 2833 huic
1436 2790 1565 2831 vero
1590 2774 1646 2829 in
1673 2772 1919 2827 habitum
1957 2766 2090 2823 aer-

503 2878 617 2933 ctio
653 2873 879 2930 transit.
914 2871 1054 2927 Vere
1090 2869 1262 2925 febris
1289 2874 1376 2924 est
1428 2864 1709 2935 superbia,
1742 2875 1865 2933 quae
1903 2858 2091 2930 subja-

504 2976 629 3025 ceat
657 2967 844 3023 sensui
871 2963 1203 3030 febriculis;
1233 2960 1390 3015 furor
1423 2966 1509 3015 est
1540 2956 1836 3012 vehemens
1876 2954 1943 3008 ad
1971 2953 2089 3009 rui-

504 3077 631 3119 nam
663 3059 948 3114 hominem
981 3056 1248 3123 trahens;
1279 3053 1525 3125 hydrops
1553 3057 1640 3104 est
1671 3048 1829 3120 plena
1859 3046 2005 3102 aeris
2037 3053 2093 3101 et

503 3169 690 3225 aqum.

580 3267 599 3300 ι
637 3246 774 3314 Quis
800 3243 950 3301 enim
983 3240 1240 3298 ascendit
1264 3240 1322 3293 in
1357 3245 1603 3291 montem
1638 3231 1852 3288 Domini
1882 3230 1905 3284 ἲ
1934 3228 2096 3283 luno—

504 3357 643 3397 cens
666 3340 925 3394 manibus
956 3343 1013 3391 et
1039 3332 1277 3389 mundus
1308 3331 1501 3394 corde,
1521 3328 1615 3398 qui
1671 3340 1780 3380 non
1813 3320 2097 3393 acccpitin

506 3449 650 3489 vano
667 3433 908 3487 animam
936 3443 1093 3486 suam
1124 3424 1169 3480 1.
1203 3443 1221 3476 ι
1253 3420 1588 3491 Hujusmodi
1614 3427 1731 3474 erat
1758 3416 1892 3487 Tyri
1947 3413 2101 3469 vani-

506 3535 595 3582 tas
611 3536 775 3595 atque
800 3522 989 3584 elatio,
1007 3534 1129 3589 quae
1151 3516 1403 3571 humoris
1424 3511 1619 3584 gratiae
1642 3508 1919 3579 iacturam
1946 3503 2097 3568 fecit,

509 3629 657 3673 terra
679 3618 871 3687 utique
899 3625 1184 3668 arescens.
1219 3608 1391 3664 Scitis
1428 3619 1666 3675 namque
1693 3603 1838 3658 istuc
1870 3614 1979 3671 qua
2007 3612 2102 3651 ra-

509 3713 686 3777 tione,
716 3723 900 3780 quave
927 3703 1299 3775 experientia,
1326 3699 1605 3771 superbus
1624 3710 1731 3749 non
1753 3692 1964 3763 indiget
1986 3705 2104 3761 per-

510 3805 734 3859 ficiente
766 3799 859 3855 Dei
890 3797 1074 3870 gratia
1106 3811 1122 3848 :
1159 3804 1326 3865 atque
1358 3790 1567 3845 idcirco
1596 3788 1718 3843 sine
1760 3787 1991 3839 humore
2014 3791 2100 3838 est

513 3895 728 3958 aridus,
803 3900 958 3947 caret
989 3887 1147 3944 vitali
1205 3886 1396 3942 calore
1421 3891 1477 3940 et
1529 3879 1691 3937 vitali
1737 3877 2102 3934 irroratione.

511 3988 573 4045 ln
605 3989 710 4041 hoc
760 3985 963 4056 quippe
995 3981 1149 4036 inani
1183 3980 1386 4036 arbore
1444 3974 1640 4032 nidum
1666 3987 1829 4030 suum
1856 3971 2105 4027 elaborat

515 4078 842 4153 nycticorax
880 4074 1157 4130 diabolus.

589 4257 772 4327 Atque
798 4260 860 4309 ut
887 4252 1081 4325 paucis
1108 4251 1311 4316 dicam,
1338 4248 1626 4305 humilitas
1654 4247 1821 4303 altrix
1854 4254 1941 4303 est
1992 4246 2107 4300 vir-

517 4357 720 4413 tutum,
756 4345 1116 4419 pietatisque,
1150 4344 1205 4399 in
1246 4358 1356 4414 qua
1390 4341 1713 4398 Christiana
1745 4338 2107 4411 pulchritudo

518 4444 623 4499 sita
648 4449 753 4507 est,
783 4446 970 4510 caput,
1004 4437 1159 4507 origo
1200 4442 1255 4491 et
1290 4435 1438 4491 finis.
1472 4432 1571 4489 Est
1600 4433 1924 4503 passionum
1958 4445 2105 4486 mor-

519 4534 776 4598 tificatio,
809 4530 1025 4603 peccati
1062 4528 1290 4595 ablatio,
1338 4526 1589 4582 humoris
1628 4524 1685 4579 in
1741 4524 1930 4580 radice
1980 4524 2105 4579 fidei

520 4626 894 4682 conservatio.
949 4606 1381 4676 Humilitas‘est
1438 4633 1564 4673 cum
1617 4616 1710 4672 Dei
1768 4617 1970 4672 timore
2013 4617 2110 4686 qui

521 4716 765 4772 extrudit
792 4714 1166 4784 iniquitatem,
1230 4708 1698 4781 quemadmodum
1749 4709 1825 4763 ait
1859 4716 1916 4764 et
1956 4707 2111 4764 Jere—

524 4808 667 4861 mias
697 4812 753 4861 et
783 4804 1071 4861 Salomon.
1117 4803 1262 4858 Sane
1304 4803 1455 4857 enim
1491 4820 1510 4854 ι
1552 4799 1773 4857 Initium
1816 4803 2110 4873 sapientim

524 4910 611 4954 est
640 4898 805 4953 timor
826 4895 1052 4952 Domini
1077 4904 1140 4949 ’³.
1179 4914 1198 4948 ι
1234 4893 1333 4950 His
1365 4894 1609 4949 concinit
1638 4902 1693 4950 et
1719 4895 1916 4952 beatus
1975 4896 2110 4951 Pau-

526 4991 633 5045 lus.
675 4987 804 5043 Hzec
836 4988 1200 5043 Publicanum
1250 5000 1558 5056 praeconem
1605 4986 1851 5058 Spiritus
1882 4989 2049 5044 eflicit
2091 5007 2106 5045 :

460 5080 465 5087 ’
526 5091 583 5135 at
609 5081 869 5151 superbia
894 5078 1234 5134 Pharisaeum
1259 5078 1426 5133 inane
1451 5077 1583 5134 facit
1639 5090 1962 5151 tympanum
1994 5082 2111 5137 fru-

527 5181 643 5230 stra
674 5171 938 5227 tiuniens.
967 5168 1217 5225 Profecto
1243 5185 1464 5241 pomum
1485 5169 1882 5227 Sodomiticum
1901 5186 1984 5229 esr
2010 5174 2112 5245 hy-

526 5267 759 5337 pocrita,
788 5271 1079 5319 maturans
1108 5262 1331 5333 quidem
1355 5262 1495 5319 belle
1524 5279 1648 5335 quae
1674 5274 1805 5320 sunt
1835 5274 2064 5337 externa
2095 5307 2110 5331 ,

529 5359 674 5429 quod
703 5372 833 5411 vero
877 5356 944 5411 ad
968 5356 1187 5411 interna
1234 5355 1503 5427 pertinet,
1532 5328 1791 5427 putridus
1824 5366 1909 5413 est
1944 5328 2131 5431 atque-

530 5451 804 5522 ingratus.

600 5544 862 5601 Ascendit
924 5543 981 5598 in
1012 5542 1279 5615 templum
1323 5539 1686 5608 Publicanus,
1752 5544 2117 5615 ascenditque

608 5741 632 5779 ε
665 5738 798 5794 Luc.
824 5756 862 5801 ι,
900 5740 988 5795 52.
1066 5738 1236 5795 hJac.
1273 5756 1349 5803 tv,
1384 5739 1438 5795 6.

534 5822 691 5873 mu,
730 5811 783 5875 3,
820 5812 873 5867 4.
900 5812 953 5865 5.
1030 5821 1069 5842 ο
1103 5810 1267 5865 Prov.
1303 5825 1343 5876 ι,
1377 5810 1428 5865 7.

1522 5742 1537 5782 ί
1584 5740 1728 5798 Psal.
1794 5754 1891 5795 ιιι.

1670 363 1732 423 S.
1761 359 2089 423 ANDRE/E
2113 358 2535 422 CRETENSIS
3180 421 3184 423 λ
3666 338 3784 406 ίὲῠῦ

1070 471 1331 535 ORATIO
1363 472 1484 530 XX.
2097 478 2146 535 Α

2810 460 3032 517 ΛΟΓΟΣ
3054 459 3138 515 ις’.
3180 421 3184 424 ’

2242 580 2386 651 Περὶ
2412 577 2524 647 τῆς
2568 572 2918 640 ὑποθέσεως
2964 572 3074 628 τοῦ
3125 565 3436 626 Τελώνου
3494 562 3596 618 καί
3628 561 3730 618 τοῦ

2812 643 3167 699 Φαρισαίου.
3680 697 3685 699 _

2895 660 3167 713 ερισαιου.
3678 697 3686 704 ,

2257 766 2323 820 Ἦ
2353 765 2441 821 διὰ
2470 763 2567 819 τοῦ
2596 761 2845 817 Τελώνου
2879 759 2977 814 καὶ
3002 758 3098 813 τοῦ
3129 753 3466 828 Φαρισαίου
3491 750 3600 823 ὕλη
3622 744 3727 805 οἷόν
3750 768 3793 805 τι

2175 857 2587 931 προγύμνασμα
2642 855 2739 909 καλ⁵
2802 850 3236 925 προοδοποίησις
3309 845 3625 917 πρόκειται
3692 846 3795 905 τοῖς

2179 948 2528 1023 βουλομένοις
2559 946 2783 1018 ἔχεσθαι
2823 945 2926 1016 τῆς
2981 943 3137 1014 ἱερᾶς
3191 936 3654 1005 ταπεινότητος,
3709 934 3796 1003 τῆς

2178 1043 2370 1099 πασῶν
2398 1041 2507 1096 τῶν
2533 1038 2745 1112 ἀρετῶν
2774 1034 3231 1107 λαμϐανομένης,
3261 1025 3367 1095 αἶς
3400 1031 3440 1100 ἡ
3478 1027 3677 1097 κτῆσις
3710 1026 3797 1094 τῆς

2182 1131 2459 1206 βασιλείας
2473 1098 2587 1185 τῶν
2607 1098 2863 1201 οὐρανῶν·
2896 1098 3067 1188 ὅντως
3097 1098 3438 1193 ἐνίδρυται,
3457 1118 3559 1172 καὶ
3577 1117 3676 1188 τῆς
3696 1116 3799 1170 θεο-
3813 1098 3844 1153 ὲ

2185 1226 2376 1300 μισοῦς
2400 1223 2721 1289 ἀλαζονείας
2744 1218 3070 1289 ἀπέχεσθαι,
3100 1217 3209 1287 τῆς
3242 1212 3464 1268 πασῶν
3505 1209 3621 1264 τῶν
3659 1210 3796 1279 φιλο-

2182 1318 2419 1391 χρίστων
2444 1315 2656 1387 ἀρετῶν
2703 1309 3169 1385 παρατρεπούσης
3198 1308 3310 1362 τὸν
3346 1303 3680 1374 ἄνθρωπον.
3714 1302 3794 1364 Τίς

2182 1412 2278 1467 οὖν
2299 1411 2360 1464 οὐ
2390 1407 2626 1481 ζηλώσει
2670 1406 2763 1461 τὸν
2807 1404 3083 1476 Τελὼνην,
3146 1400 3253 1456 καὶ
3297 1399 3417 1470 τὴν
3471 1396 3794 1467 ἐπιστροφὴν

2187 1503 2376 1569 αὑτοῦ,
2410 1502 2503 1557 καὶ
2528 1501 2629 1580 τὴν
2665 1499 3061 1571 μεταμέλειαν,
3083 1497 3181 1550 καὶ
3214 1493 3327 1548 τοῦ
3363 1489 3680 1563 Φαρισαίου
3710 1491 3791 1543 οὐκ

2185 1595 2538 1652 ἀποσείσεται
2584 1592 2679 1649 τὸν
2729 1592 2932 1662 δγκον;
2984 1591 3145 1658 εἰπερ
3192 1589 3235 1659 ή
3318 1585 3431 1656 μὲν
3482 1582 3791 1643 ταπείνωσις

2182 1689 2523 1744 συνάπτεται
2550 1686 2631 1758 τῷ
2658 1683 2906 1757 Χριστῷ,
2935 1685 2970 1755 ή
3002 1682 3060 1735 δὲ
3098 1679 3421 1744 ἀλαζονεία
3480 1674 3566 1746 τῷ
3607 1691 3787 1747 πεφρο-

2113 1820 2157 1876 Β
2188 1778 2584 1876 νηματισμένῳ
2617 1777 2716 1832 καὶ
2747 1776 2947 1848 πλήρει
2974 1774 3142 1842 δγκου
3174 1770 3453 1841 δαίμονι.

2265 1871 2332 1926 Ἡ
2364 1871 2657 1935 ἀλαζονεία
2677 1869 2771 1923 τὸν
2802 1866 3023 1939 πρῶτον
3046 1865 3157 1919 τῶν
3184 1861 3475 1932 ἀγγέλων
3527 1852 3575 1928 ᾧ
3623 1859 3783 1929 κλῆσις

2185 1965 2282 2019 καὶ
2323 1963 2634 2035 Ἐωσφόρος
2662 1957 2753 2032 ἦν,
2788 1960 3011 2023 πάντως
3037 1956 3297 2011 διάϐολον
3328 1953 3613 2024 καθιστᾷ.
3660 1952 3781 2019 Αὕτη

2184 2059 2275 2112 τὸν
2292 2056 2566 2128 γενάρχην
2597 2055 2771 2126 Ἀδὰμ
2790 2052 2885 2107 τοῦ
2905 2049 3243 2123 παραδείσου
3262 2047 3585 2115 ἐξωθεῖται
3605 2063 3648 2098 ἰ
3670 2045 3779 2100 Καά

2186 2149 2297 2203 εἷλε
2325 2148 2595 2210 δυνάστας
2626 2146 2735 2200 ἀπὸ
2762 2144 2973 2215 Θρόνων
3004 2183 3018 2207 ,
3048 2143 3144 2196 καὶ
3174 2141 3421 2211 ὕψωσεν
3455 2137 3771 2201 ταπεινούς.)

2194 2260 2213 2294 ι
2238 2240 2443 2311 Κύριος
2475 2238 2855 2312 ὑπερηφάνοις
2902 2236 3332 2299 ἀντιτάσσεται,
3388 2231 3499 2287 καὶ
3537 2233 3771 2292 ταπεινοῖς

2188 2332 2376 2387 δίδωσι
2403 2330 2583 2403 χάριν.
2617 2329 2794 2400 »Λῦτη
2828 2328 3183 2384 κατατίθεται
3215 2327 3321 2381 τὸν
3368 2325 3591 2397 Φαραώ
3621 2340 3636 2355 ο
3674 2318 3757 2375 «Εἷ-

2188 2441 2290 2478 πεν
2320 2424 2510 2494 ἄφρων
2550 2425 2608 2477 ὲν
2635 2421 2832 2494 καρδίᾳ
2854 2420 3046 2488 αὐτοῦ,
3076 2420 3194 2474 Οὐκ
3221 2419 3356 2472 ἔστι
3385 2418 3557 2482 Θεός.
3597 2436 3616 2470 ι
3657 2415 3759 2484 Αὕτη

2188 2517 2283 2573 τὸν
2304 2515 2776 2586 Ναϐουχοδονόσορ
2806 2511 3210 2568 καταϐάλλεται
3231 2526 3248 2542 ’
3282 2531 3304 2564 ‹
3333 2511 3547 2584 Κυρίῳ
3558 2508 3662 2581 γάρ
3686 2508 3770 2576 Θεῷ

2194 2627 2287 2664 σου
2330 2609 2752 2681 προσκυνήσεις,
2807 2606 2904 2661 καὶ
2960 2604 3110 2676 αὐτῷ
3176 2605 3341 2676 μόνῳ
3399 2604 3766 2676 λατρεύσεις.»

2193 2704 2326 2758 Καί·
2364 2724 2383 2755 ι
2414 2703 2486 2757 Uti
2520 2702 2771 2773 ποιήσεις
2800 2699 2953 2754 οὐδὲν
2981 2700 3262 2771 ὁμοίωμα.
3298 2718 3320 2752 ι
3372 2698 3445 2753 Εἰ
3479 2695 3673 2767 καὶτῷ
3698 2694 3770 2765 μὲν

2193 2796 2227 2867 ἡ
2257 2794 2409 2856 νόσος
2438 2790 2646 2856 λύεται,
2672 2791 2751 2862 τῷ
2784 2790 2842 2844 δὲ
2860 2790 2977 2858 ἕξις
2995 2790 3210 2857 γίνεται
3240 2789 3309 2844 τὸ
3345 2787 3556 2852 πάθος.
3597 2788 3770 2845 Ὄντως

2194 2886 2426 2959 πυρετός
2457 2888 2601 2940 ἐστιν
2628 2886 2662 2955 ή
2683 2885 3052 2957 ὑπερηφανία,
3089 2883 3503 2938 ὖποπίπτουσα
3532 2883 3598 2951 τῇ
3616 2876 3767 2947 αἰσθή-

2196 2996 2279 3033 σει
2301 2977 2394 3031 τοῦ
2436 2976 2816 3048 πυρέττοντος,
2850 2976 3096 3047 φρενῖτις
3116 2973 3268 3046 δεινὴ
3304 2976 3396 3038 εἰς
3453 2971 3659 3025 πτῶσιν
3698 2967 3767 3020 τὸν

2194 3069 2483 3140 ἄνθρωπον
2506 3065 2911 3138 παροξύνουσα,
2943 3064 3133 3138 ὒδρωψ
3184 3064 3450 3137 ἐμπλεος
3495 3062 3654 3136 ἀέρος
3694 3059 3764 3112 καὶ

2119 3159 2165 3219 C
2199 3160 2412 3224 ὕδατος.

2277 3273 2296 3304 ι
2333 3253 2428 3315 Τίς
2453 3251 2564 3324 γάρ
2587 3249 2927 3323 ἀναϐήσεται
2952 3251 3034 3315 είς
3071 3249 3132 3304 τὸ
3150 3250 3280 3321 ὅρος
3312 3248 3568 3322 Κυρίους
3599 3243 3762 3306 ’Λθῶος

2200 3345 2379 3418 χερσὶ,
2416 3345 2512 3397 καὶ
2554 3342 2797 3414 καθαρὸς
2845 3345 2913 3414 τῇ
2955 3341 3174 3415 καρδίᾳ,
3225 3341 3288 3407 ὃς
3337 3341 3450 3395 οὐκ
3488 3337 3673 3394 ἔλαϐεν
3696 3335 3764 3388 ἐπὶ

2204 3436 2420 3509 ματαίῳ
2449 3434 2550 3507 τὴν
2579 3434 2760 3505 ψυχὴν
2787 3434 2975 3489 αὐτοῦ.
2999 3451 3019 3486 ι
3047 3433 3290 3503 Τοιαύτη
3317 3430 3392 3506 ἣν
3430 3434 3465 3504 ή
3494 3429 3588 3484 τοῦ
3621 3426 3762 3497 Τύρον

2206 3528 2506 3600 ματαιότης
2543 3529 2640 3581 καὶ
2679 3527 2999 3600 ἀγερωχία,
3032 3529 3066 3598 ἡ
3097 3527 3195 3599 τὴν
3223 3529 3443 3601 ἰκμάδα
3495 3525 3763 3582 ἀποϐαλλο-

2207 3622 2340 3694 μένη
2388 3619 2491 3687 τῆς
2537 3612 2782 3691 χάριτος,
2832 3618 2908 3688 γῆ
2972 3617 3415 3690 άνικμος.,,’Ίστε
3465 3619 3575 3688 γὰρ
3623 3616 3760 3683 δήπου

2202 3715 2361 3772 τοῦτο
2390 3717 2484 3770 καὶ
2515 3716 2661 3787 λόγῳ
2691 3715 2791 3769 καὶ
2816 3713 3004 3785 πείρᾳ,
3045 3716 3073 3768 ὁ
3130 3712 3353 3777 ἀλαζὼν
3392 3713 3459 3767 ού
3492 3713 3657 3766 δεῖται
3688 3706 3761 3775 τῆς

2202 3807 2557 3878 τελειωτικῆς
2594 3806 2688 3861 τοῦ
2716 3806 2853 3860 Θεοῦ
2881 3807 3105 3877 χάριτος
3138 3822 3152 3835 ·
3215 3807 3308 3859 καὶ
3341 3807 3437 3860 διὰ
3470 3802 3622 3856 τοῦτό
3644 3800 3759 3851 iam

2205 3902 2435 3969 ἄνικμος
2466 3898 2562 3951 καὶ
2612 3896 2798 3968 ξηρὸς,
2844 3897 3096 3950 λείπεται
3139 3895 3234 3949 τοῦ
3282 3893 3527 3962 ζωτικοῦ
3566 3886 3761 3960 θερμοῦ,

2205 3988 2303 4042 καὶ
2354 3988 2452 4058 τῆς
2498 3986 2744 4057 ζωούσης
2781 3986 3097 4058 ὑγρότητος.
3155 3987 3244 4040 Ἐν
3292 3986 3474 4056 τούτῳ
3516 3979 3650 4050 κενῷ
3673 3979 3755 4030 ὄντα

2204 4080 2409 4151 δένδρῳ
2464 4079 2563 4149 τὴν
2622 4079 2821 4132 καλιάν
2873 4079 3167 4152 ἐργάζεται
3212 4081 3240 4131 ὁ
3295 4073 3628 4148 νυκτικόραξ
3670 4068 3758 4123 διὰ·

2208 4171 2387 4233 ϐολος.

2278 4264 2390 4317 Καὶ
2418 4261 2607 4325 ἁπλῶς
2634 4264 2832 4327 εἰπεῖν,
2870 4264 2902 4333 ἡ
2942 4262 3276 4326 ταπείνωσις
3326 4260 3530 4333 τροφὸς
3559 4255 3756 4325 ὑπάρχει

2208 4358 2318 4411 τῶν
2351 4356 2587 4428 ἀρετῶν,
2621 4355 2716 4409 τοῦ
2754 4355 3086 4427 Χριστιανοῢ
3127 4356 3364 4419 κάλλους
3390 4350 3661 4410 εὐσεϐείας
3687 4360 3754 4396 κε·

2213 4452 2439 4522 φάλαιον
2472 4450 2568 4503 καὶ
2587 4451 2732 4521 ἀρχὴ
2763 4454 2858 4504 καὶ
2878 4452 3051 4515 τέλος.
3098 4451 3219 4505 Τῶν
3265 4450 3457 4505 παθῶν
3497 4443 3756 4512 ἀναίρεσις.

2214 4548 2543 4618 συντήρησις
2580 4547 2878 4618 ὑγρότητος
2934 4546 2992 4597 ὲν
3037 4547 3102 4616 τῇ
3141 4544 3266 4616 ῥίζῃ
3292 4545 3397 4612 τῆς
3429 4541 3669 4596 πίστεως.
3710 4527 3755 4580 Ἦ

2210 4641 2542 4710 ταπεινότης
2575 4638 2789 4691 σύνεστι
2820 4636 2899 4707 τῷ
2927 4635 3078 4705 φόϐῳ
3112 4634 3208 4687 τοῦ
3235 4635 3375 4688 Θεοῦ
3409 4631 3488 4701 τῷ
3522 4624 3755 4682 ἐλαύνοντι

2211 4731 2311 4801 τὴν
2341 4708 2597 4800 ἀνομίαν,
2624 4728 2701 4791 ὡς
2723 4727 2827 4796 ἔφη
2849 4728 2945 4779 καὶ
2964 4727 2992 4778 ό
3031 4724 3306 4797 Ἱερεμίας
3341 4724 3435 4778 καὶ
3466 4723 3494 4774 ό
3524 4708 3750 4783 Σολομών-

2216 4826 2428 4884 Ὄντως
2462 4820 2574 4892 γὰρ
2596 4838 2615 4871 ι
2666 4819 2837 4891 Ἀρχὴ
2867 4819 3064 4887 σοφίας
3105 4817 3272 4888 φόϐος
3302 4816 3531 4889 Κυρίου.
3570 4830 3587 4863 ι
3635 4803 3750 4868 Αὕτη

2211 4915 2304 4968 τὸν
2333 4914 2572 4982 τελώνην
2603 4910 2822 4982 κήρυκα
2865 4913 3100 4965 ποιεῖται
3136 4910 3229 4963 τοῦ
3266 4908 3606 4979 Πνεύματος·
3656 4891 3747 4966 ἠδέ

2215 5007 2505 5073 ἀλαζονεία
2536 5006 2625 5060 τὸν
2664 5007 2962 5076 Φαρισαῖον
2993 5007 3150 5059 κενδν
3195 5003 3484 5076 ἐργάζεται
3515 4997 3746 5065 τύμπανον

2222 5100 2399 5172 μάτην
2426 5097 2720 5162 ἀλαλάζον.
2752 5099 2965 5161 Ὄντως
2992 5097 3115 5167 ροιά
3141 5096 3394 5166 Σοδόμων
3427 5092 3567 5146 ἐστὶν
3598 5084 3744 5139 ὁὺπο·

2220 5193 2437 5263 κριτὴς,
2466 5192 2659 5245 πέπων
2692 5190 2762 5244 τά
2795 5190 2893 5260 μὲν
2946 5189 3147 5254 ἔξωθεν
3195 5190 3429 5257 ὡραῖος,
3453 5184 3517 5239 τὰ
3556 5181 3605 5235 δὲ
3634 5173 3741 5229 ἔνδο-

2220 5284 2311 5339 θεν
2353 5284 2559 5356 σαπρός
2587 5301 2645 5337 τε
2681 5283 2775 5336 καὶ
2809 5282 3024 5354 ἄχαρις.

2307 5554 2498 5625 Ἀνέϐη
2528 5556 2608 5618 είς
2640 5555 2699 5607 τὸ
2734 5555 2880 5624 ἱερὸν
2902 5556 2929 5608 ὁ
2961 5554 3235 5625 Τελώνης,
3254 5554 3349 5606 καὶ
3376 5546 3529 5615 ἀνέϐη
3558 5537 3635 5594 καὶ
3660 5547 3731 5585 σω·

2055 5744 2068 5798 i
2101 5745 2382 5818 Matllmv,
2421 5749 2528 5819 if);
2607 5749 2764 5806 Deut.
2799 5769 2872 5817 vr,
2909 5753 2994 5807 l5.
3077 5752 3103 5791 ιι
3142 5750 3314 5806 Exod.
3345 5766 3433 5814 xx,
3463 5747 3509 5801 ι.
3583 5727 3714 5788 ipsa]
