3950 6442
485 361 620 426 1259

1682 354 1743 413 S.
1768 353 2115 447 .ANDREBE
2147 354 2571 416 CRETENSIS

3609 361 3721 435 1260

432 528 437 533 .
478 475 646 530 etiam
678 469 916 538 excepit,
948 477 1008 522 ut
1036 465 1259 521 Natban
1305 470 1565 518 testatur.
1598 462 1719 517 Non
1764 466 1917 517 novit
1949 479 2062 533 pec-

2181 465 2692 535 παρηκοὶούθησεν,
2736 464 2810 528 ώς
2847 466 3152 539 ἐμαρτύρει
3181 469 3210 522 6
3244 468 3448 526 Ναθτῖιν.
3476 472 3583 526 Ούκ
3608 476 3724 545 ἔγνω

470 552 668 623 catum
715 578 879 619 suum
931 561 1275 626 Pharisaeus,
1312 566 1368 613 et
1422 576 1452 611 ει
1485 558 1610 612 -vita
1668 559 1830 630 longe
1890 556 2069 612 factus

479 674 587 716 est.

429 734 448 807 ί
549 750 935 806 Eteonsidera
975 747 1276 818 diligenter
1304 746 1506 802 iterum
1566 742 1944 813 evangelicam
1984 740 2068 795 lo-

475 846 760 898 cutionem
796 861 811 897 :
843 860 863 895 ι
904 840 1020 895 Duo
1052 842 1156 896 viri
1184 840 1561 895 ascenderunt
1606 839 1661 890 in
1707 836 1973 906 templum
2010 842 2069 889 ut

476 944 725 1001 orarent,
776 950 921 989 unus
951 932 1271 987 Pliarisreus
1312 940 1374 985 et
1405 933 1544 985 alter
1583 928 1927 983 Publicanus
1960 936 2006 981 τ.
2043 945 2063 978 ι

472 1028 534 1085 in
571 1030 883 1100 exemplum
930 1036 985 1083 et
1030 1027 1312 1098 specimen
1369 1026 1655 1081 hominum
1708 1024 1807 1093 qui
1855 1022 2069 1092 seipsos

471 1126 808 1195 justiﬁeant,
857 1126 1228 1212 contempunt
1271 1134 1406 1175 vero
1474 1125 1818 1188 peccatores.
1871 1113 2069 1170 Posuit

475 1218 821 1272 Pharisaeum
852 1209 1125 1270 Dominus
1176 1214 1231 1268 in
1273 1212 1558 1282 exemplar
1604 1209 2065 1280 superbientium;

473 1303 847 1362 Publicanum
873 1320 1009 1370 vero
1041 1304 1228 1376 posuit
1281 1313 1547 1373 tanquam
1584 1299 1852 1355 indicium
1890 1298 2070 1354 homi-

474 1415 610 1454 num
648 1397 1019 1469 peccantium,
1050 1404 1219 1465 atqne
1262 1408 1390 1448 cum
1425 1392 1592 1447 corde
1651 1391 1894 1446 contrito
1935 1403 2064 1443 ora-

473 1491 659 1545 tiones
708 1488 1207 1559 confessionesque
1258 1485 1633 1541 facientium:
1683 1498 1796 1553 qno
1842 1483 2065 1537 univer-

474 1596 571 1638 sus
597 1581 825 1637 doceret
848 1580 1166 1652 superbiam
1195 1578 1324 1633 odio
1351 1575 1637 1648 prosequi,
1662 1574 2064 1630 humilitatem-

474 1691 585 1745 que
613 1675 866 1745 diligere.

2177 555 2278 625 τὴν
2309 558 2444 610 ἰδίαν
2478 557 2751 628 ἁμαρτίαν
2797 559 2826 611 6
2861 560 3176 631 Φαρισαῖος,
3206 564 3299 616 καὶ
3324 564 3423 633 τῆς
3449 563 3585 636 ζωῆς
3616 569 3726 642 πόρο

2179 646 2359 714 ῥωθεν
2383 649 2655 715 γίγνεται.

2252 738 2362 789 Καὶ
2398 738 2591 791 σκόπει
2627 739 2809 803 καλῶς
2847 740 3102 815 δεύτερον
3135 745 3234 817 τὴν
3276 749 3623 821 εὑαγγελικὴν
3650 754 3728 825 ῥῆ-

2178 844 2264 881 σιν
2290 845 2304 859 ο
2347 831 2700 900 «Ἄνθρωποι
2725 832 2820 886 δύο
2846 834 3123 904 ἀνέϐησαν
3158 840 3239 901 εἰς
3260 838 3319 891 τὸ
3351 840 3494 911 ἱερὸν
3527 845 3729 912 προσεύ-

2178 918 2393 982 ξασθαι,
2422 922 2450 971 ὁ
2478 914 2560 983 εἷς
2596 924 2917 993 Φαρισαῖος,
2964 926 3061 979 καὶ
3099 930 3127 979 6
3153 927 3401 999 δεύτερος
3436 931 3684 1000 Τελώντσς.
3710 952 3723 985 ι

2176 1010 2272 1073 Εἰς
2327 1013 2682 1083 παράδειγμα
2714 1015 2811 1068 καὶ
2848 1016 3020 1069 τύπον
3054 1018 3164 1072 τῶν
3199 1020 3502 1091 ἀνθρώπων
3541 1023 3643 1075 τῶν
3664 1025 3728 1078 6t-

2176 1103 2485 1157 καιούντων
2521 1106 2773 1173 ἑαυτοὺς,
2808 1107 3236 1172 ὲξουθενούντων
3276 1113 3333 1165 δὲ
3362 1115 3489 1178 τοὺς
3517 1116 3729 1187 ἁμαρτά·

2175 1213 2389 1260 νοντας.
2441 1198 2683 1269 Ἐθηκεν
2729 1202 2823 1254 τὸν
2852 1203 3150 1272 Φαρισαῖον
3180 1204 3386 1275 Κύριος
3435 1208 3514 1269 εἰς
3561 1210 3730 1277 δεῖγμα

2172 1287 2283 1341 τῶν
2312 1289 2701 1359 ὑπερηφάνων,
2728 1291 2823 1344 τὸν
2870 1292 2926 1345 δὲ
2960 1292 3212 1364 Τελώνην
3237 1294 3435 1367 έθηκεν
3466 1298 3545 1360 εἰς
3584 1300 3731 1370 παρά·

2173 1376 2375 1447 δειγμα
2426 1378 2535 1431 τῶν
2595 1380 3022 1450 ἁμαρτανόντων
3068 1382 3372 1454 ἀνθρώπων
3399 1425 3415 1450 ,
3478 1387 3571 1440 καὶ
3620 1390 3733 1457 μετὰ

2177 1470 2647 1542 συντετριμμένης
2704 1474 2937 1543 καρδίας
2989 1474 3089 1540 τὰς
3154 1478 3473 1549 προσευχὰς
3521 1480 3610 1533 καὶ
3660 1482 3731 1545 ἐξ·

2173 1562 2538 1633 ομολογήσεις
2599 1567 2943 1638 ποιουμένων
2966 1607 2982 1633 ,
3038 1569 3128 1622 ἵνα
3161 1569 3346 1642 διδάξῃ
3410 1574 3613 1635 πάντας
3653 1573 3732 1642 τὴν

2176 1656 2277 1727 μὲν
2319 1657 2732 1728 ὑπερηφάνειαν
2783 1663 2986 1732 μισεῖν,
3032 1662 3134 1734 τὴν
3173 1663 3231 1717 δὲ
3263 1664 3594 1718 ταπείνωσιν
3624 1666 3732 1733 ἀγα·

2175 1766 2303 1821 παν.

544 1850 613 1905 Ει
647 1848 892 1905 ostendit
926 1847 1225 1903 manifeste
1253 1864 1320 1903 ex
1353 1846 1456 1903 hac
1491 1846 1750 1918 parabola
1783 1845 2062 1911 Christus,

2243 1845 2352 1898 Καὶ
2392 1844 2636 1899 δείκνυσι
2690 1846 2954 1918 καθαρῶς
2995 1847 3104 1902 ἀπὸ
3135 1848 3343 1921 ταύτης
3374 1848 3481 1919 τῆς
3518 1848 3728 1920 παραϐοο

466 1942 747 2013 justitiam
788 1950 843 1996 et
871 1941 1134 1995 virtutem
1174 1955 1430 2009 magnam
1478 1954 1636 2003 esse,
1693 1938 2065 1994 ettbominem

471 2035 704 2104 propius
731 2031 798 2086 ad
834 2030 1008 2087 Deum
1038 2031 1273 2098 sistere;
1305 2031 1529 2101 quando
1565 2044 1698 2084 vero
1739 2030 2063 2099 superbiam

469 2128 859 2198 deprehendit,
908 2125 964 2181 in
996 2126 1170 2181 imum
1202 2126 1530 2181 barathrum
1554 2125 1834 2181 hominem
1865 2125 2063 2181 detru-

469 2220 573 2274 dit.
628 2217 745 2273 Hoc
796 2220 979 2289 ipsum
1013 2218 1162 2273 enim
1204 2227 1258 2273 et
1304 2216 1594 2273 Pharisaeo
1632 2218 1911 2288 contigit:
1953 2232 2087 2288 qua,

468 2313 539 2368 de
571 2327 739 2368 causa
768 2312 939 2366 etiam
976 2310 1276 2367 damnatus
1313 2318 1422 2376 est,
1465 2321 1522 2366 et
1567 2311 1624 2364 in
1658 2311 1939 2365 interitum
1987 2310 2065 2364 la-

469 2421 625 2476 psus.
659 2404 932 2474 lnjustitia
982 2415 1037 2459 et
1069 2412 1357 2474 peccatum
1391 2402 1796 2457 abominationi
1839 2412 1895 2458 et
1933 2401 2065 2457 odio

468 2510 577 2563 est,
602 2510 769 2569 atque
798 2495 1195 2568 gravissimum
1223 2496 1490 2551 vitiorum
1543 2495 1817 2559 omnium,
1860 2504 1916 2550 et
1964 2497 2065 2551 ho-

468 2591 677 2645 minem
711 2604 739 2641 a
793 2586 906 2642 Deo
938 2602 1105 2656 quam
1148 2587 1479 2658 longissime
1508 2593 1680 2642 arcet.
1727 2586 1832 2641 Sed
1877 2587 2065 2641 humi-

468 2681 601 2735 litas
628 2695 725 2751 per
753 2677 1142 2750 pmnitentiam
1169 2690 1225 2733 et.
1259 2676 1677 2734 confessionem
1714 2677 1860 2735 hunc
1895 2679 2063 2748 justi-

469 2771 600 2825 fieat
649 2780 816 2840 atque
851 2770 1035 2825 salute
1084 2768 1251 2825 efficit
1301 2768 1557 2839 dignum,
1616 2771 1842 2839 propius
1892 2770 2061 2825 etiam

469 2864 731 2919 admovet
758 2872 814 2918 ct
856 2863 1005 2918 sistit
1052 2862 1183 2919 Deo.
1217 2862 1330 2918 lloc
1359 2861 1702 2917 Publicanus
1733 2862 1969 2928 invenit,
2009 2871 2064 2917 et

469 2958 575 3013 hac
599 2957 668 3012 de
694 2972 862 3013 causa
902 2956 1241 3026 justilicatus
1285 2964 1388 3024 est,
1425 2962 1593 3028 atque
1627 2956 1811 3012 salute
1859 2956 2063 3028 dignus

466 3050 722 3107 effectus.

545 3253 566 3287 ‹
603 3232 919 3290 ΡΙιιιτὶεαιιιε
952 3243 1130 3298 stans,
1183 3232 1329 3304 apud
1379 3216 1742 3304 semetipsum
1794 3230 2052 3288 dicebat:
2085 3225 2129 3285 C

468 3324 639 3392 Deus,
672 3328 882 3397 gratias
905 3341 1008 3397 ago
1031 3326 1155 3391 tibi,
1192 3314 1340 3394 quod
1370 3340 1480 3379 non
1514 3339 1636 3381 sum
1682 3324 1832 3379 velut
1870 3322 2052 3378 caeteri

468 3418 783 3489 hominum,
816 3434 1071 3490 rapaces,
1117 3417 1293 3488 iniqui
1332 3428 1377 3469 ⁸.
1424 3436 1445 3469 ι
1487 3415 1649 3485 Papae
1690 3415 2049 3486 superbiam!

467 3528 634 3584 quam
673 3512 944 3566 Dominus
974 3522 1026 3567 et
1062 3512 1234 3566 lsaias
1265 3508 1618 3580 parvipendit
1646 3508 1813 3562 veluti
1841 3508 2055 3562 ducen-

467 3614 579 3661 tem
604 3603 1022 3680 inﬂigyptum,
1051 3613 1104 3658 et
1131 3603 1387 3658 ﬁduciam
1419 3599 1728 3653 Pharaonis
1760 3599 2053 3653 habentem

467 3699 836 3767 umbramque
898 3694 1159 3766 Egy'pti,
1208 3693 1481 3764 juxtaque
1539 3706 1765 3746 sacrum
1825 3691 2056 3759 psaltem

466 3787 663 3854 David,
688 3798 1009 3858 pereuntem
1036 3786 1360 3841 memoriam
1390 3795 1518 3838 cum
1550 3782 1759 3849 sonitu,
1794 3796 1903 3834 non
1930 3795 2058 3835 vero

467 3882 749 3935 memoriae
785 3879 1210 3947 perennitatem.
1265 3876 1427 3947 Papae
1473 3891 1536 3931 os
1569 3875 1634 3928 ad
1665 3874 1914 3928 convicia
1938 3889 2060 3944 pro-

466 3970 634 4025 num!
675 3968 837 4039 juxta
877 3977 1095 4023 sextum
1143 3967 1562 4037 proverbiorum
1606 3966 1655 4017 ι.
1703 3982 1721 4014 ι
1752 3962 1872 4016 Non
1911 3977 2055 4028 sum,

467 4062 670 4128 inquit,
706 4061 854 4115 velut
885 4059 1073 4114 caeteri
1128 4058 1436 4121 hominum,
1490 4071 1744 4127 rapaces,
1792 4056 1969 4126 iniqui
2003 4062 2060 4116 et

466 4154 696 4216 moechi,
732 4155 816 4206 vel
882 4153 1049 4207 etiam
1085 4163 1346 4221 tanquam
1405 4150 1509 4205 iste
1570 4148 1906 4204 Publicanus
1953 4148 2001 4204 “.
2032 4165 2052 4199 ι

466 4247 811 4316 Principium
861 4245 1135 4315 superbiae
1180 4243 1581 4299 contumeliam
1632 4249 1864 4313 apparet
1910 4254 2056 4297 esse.

464 4341 568 4407 Qui
608 4340 753 4395 enim
814 4346 1046 4394 caeteros
1080 4337 1321 4407 despuit,
1355 4343 1522 4404 atque
1560 4335 1718 4390 nihili
1776 4335 1948 4391 hosce
1988 4333 2062 4387 fa-

465 4434 561 4498 cit,
587 4433 680 4487 sed
736 4431 878 4486 alios
930 4430 1153 4500 quidem
1198 4444 1296 4499 pro
1351 4427 1712 4498 pauperibus,
1770 4427 1911 4482 alios
1960 4442 2061 4496 pro

466 4523 828 4593 ignobilibus,
870 4521 1009 4575 alios
1034 4535 1134 4591 pro
1167 4519 1536 4576 inscientibus
1562 4528 1618 4573 et
1645 4518 1837 4575 idiotis
1869 4519 2056 4582 habet,

463 4613 733 4685 quosdam
774 4628 908 4667 vero
940 4628 1040 4683 pro
1066 4611 1292 4681 injustis
1324 4620 1379 4667 et
1410 4610 1832 4681 peccatoribus;
1864 4610 2059 4679 utique

461 4708 535 4762 ab
579 4704 898 4776 hujusmodi
963 4705 1216 4759 convicio
1281 4704 1591 4775 abripitur,
1649 4718 1822 4773 seque
1877 4703 2057 4758 solum

462 4814 588 4854 esse
634 4798 942 4868 sapientem
996 4796 1325 4861 arbitratur,
1381 4796 1733 4866 prudentem,
1791 4796 2056 4858 nobilem,

462 4890 655 4950 ditem,
691 4896 992 4960 potentem,
1020 4887 1256 4959 justum,
1306 4897 1474 4959 atque
1525 4889 1744 4961 caeteris
1788 4900 2059 4959 prmstan-

461 4984 664 5037 tlorem
732 4981 1105 5039 hominibus:
1150 4976 1355 5053 estque
1413 4984 1728 5039 convicium
1784 4984 2059 5053 superbiae

464 5074 819 5144 principium,
868 5075 1129 5145 superbia
1181 5091 1313 5130 vero
1359 5075 1506 5131 fetus
1551 5075 1797 5130 convicii
1852 5075 2053 5129 malus.

463 5164 759 5234 Propterea
791 5166 1027 5222 celebris
1078 5165 1197 5222 dies
1251 5165 1469 5223 Domini
1528 5165 1835 5222 vindictam
1889 5165 2057 5223 faciet

462 5272 630 5327 super
680 5274 899 5312 onmem
955 5258 1392 5314 conviciatorem
1450 5269 1506 5315 et
1564 5260 1979 5328 superbientem
2037 5276 2049 5312 :

459 5360 693 5417 cognata
722 5350 870 5403 enim
908 5357 1130 5418 peccata
1166 5351 1304 5420 pari.
1328 5351 1493 5407 modo
1533 5351 1872 5420 puniuntur.

530 5436 785 5493 Ostendit
830 5439 1145 5495 Pbarisaeus
1176 5448 1230 5495 et
1274 5440 1466 5496 habitu
1503 5454 1605 5495 suo
1646 5448 1702 5495 et
1742 5448 1892 5495 statu
1941 5448 2053 5494 cia-

461 5530 664 5585 tiouem
711 5546 878 5600 quam
920 5532 1353 5603 babebatatque
1414 5533 1769 5602 jactautiam.
1814 5532 1879 5587 Et
1931 5549 2053 5588 ser—

460 5637 654 5678 mones
697 5623 917 5694 quidem
946 5625 1067 5693 ejus
1096 5626 1166 5679 ab
1207 5625 1366 5679 initio
1412 5625 1557 5696 arqui
1598 5635 1774 5681 erant.
1824 5626 2055 5681 Dicebat

530 5804 553 5831 '
589 5798 722 5857 Luc.
767 5817 920 5867 ινιιι,
948 5801 1028 5856 l0.
1109 5811 1130 5839 ³
1164 5800 1294 5856 Luc.
1330 5819 1492 5872 χχιιι,
1535 5804 1623 5859 Η.

2088 4569 2137 4629 D

2169 1935 2268 2008 λῆς
2299 1940 2327 1991 6
2352 1938 2613 2009 Χριστὸς,
2643 1940 2726 1993 ὅτι
2756 1942 2788 2007 ἡ
2822 1940 2925 2008 μὲν
2957 1941 3276 2013 δικαιοσύνη
3327 1941 3427 1995 καὶ
3455 1942 3617 2013 ἀρετὴ
3646 1957 3729 2010 με·

2167 2030 2313 2101 γάλη
2364 2031 2505 2094 ἐστὶ,
2552 2032 2649 2085 καὶ
2704 2034 2939 2102 πλησίον
2987 2034 3085 2087 τοῦ
3146 2034 3283 2087 Θεοῦ
3337 2035 3433 2088 τὸν
3480 2034 3728 2103 ἄνθρωπον

2166 2121 2424 2191 ἵστησινο
2476 2120 2608 2174 ὅταν
2652 2121 2711 2174 δὲ
2759 2121 2859 2193 τὴν
2900 2123 3317 2194 ὑπερηφάνειαν
3360 2122 3724 2194 προσλαϐηται,

2164 2215 2246 2277 εἰς
2276 2214 2369 2268 τὸν
2402 2212 2719 2269 κατώτατον
2763 2214 2924 2285 βυθὸν
2969 2206 3302 2290 ἀπορρίπτει
3334 2217 3429 2271 τὸν
3459 2216 3723 2290 ἄνθρωπον.

2166 2307 2341 2363 Τοῦτο
2368 2309 2476 2380 γὰρ
2498 2308 2594 2361 καὶ
2632 2308 2905 2362 πέπονθεν
2937 2310 2967 2363 6
3008 2312 3329 2381 Φαρισαῖος,
3371 2310 3469 2364 καὶ
3499 2310 3602 2364 ἀπὸ
3629 2308 3717 2362 rai-

2166 2420 2266 2475 της
2296 2403 2398 2472 τῆς
2429 2401 2610 2465 αἰτίας
2643 2402 2969 2474 κατεκρίθη,
2997 2403 3093 2456 καὶ
3123 2406 3204 2468 εἰς
3235 2402 3518 2456 ἀπώλειαν
3550 2401 3719 2469 ἐξώκει-

2164 2493 2278 2548 λεν.
2324 2496 2391 2548 Ἢ
2423 2493 2479 2547 δὲ
2512 2493 2702 2548 ἀδικία
2740 2495 2837 2548 καὶ
2864 2497 2898 2566 ή
2935 2494 3182 2566 ἁμαρτία
3222 2495 3496 2566 βδελυκτή
3525 2490 3720 2547 ἐστικαὶ

2168 2586 2398 2657 μισητὴ,
2426 2584 2521 2639 καὶ
2563 2585 2745 2656 πάσης
2780 2586 2983 2649 κακίας
3020 2586 3323 2657 βαρυτέρα,
3370 2588 3470 2640 καὶ
3500 2583 3720 2655 μακρύνει

2161 2678 2255 2731 τὸν
2302 2678 2595 2750 ἄνθρωπον
2639 2679 2750 2732 ἀπὺ
2806 2677 2903 2732 τοῦ
2947 2678 3107 2733 Θεοῦ.
3151 2679 3315 2732 Ἀλλὰ
3350 2681 3385 2750 ἡ
3436 2677 3718 2735 ταπείνωσις

2163 2771 2255 2824 διὰ
2282 2775 2384 2842 τῆς
2421 2772 2713 2841 μετανοίας
2743 2771 2840 2824 καί⁵
2865 2771 3315 2842 ἐξομολογήσεως
3339 2772 3547 2826 δικαιοῖ
3574 2766 3719 2821 τοῦτον

2164 2866 2263 2918 καὶ
2295 2863 2574 2934 σωτηρίας
2602 2862 2767 2928 ἀξιοῖ,
2813 2864 2913 2916 καὶ
2969 2862 3203 2933 πλησίον
3231 2863 3392 2935 φέρει
3430 2862 3526 2917 καὶ
3574 2860 3716 2929 ἵστησι

2160 2955 2255 3011 τοῦ
2306 2955 2463 3008 Θεοῦ.
2523 2954 2699 3008 Τοῦτο
2747 2947 2909 3025 εὗρεν
2953 2955 2982 3007 6
3014 2954 3290 3025 Τελώνης,
3345 2955 3448 3007 καὶ
3496 2951 3596 3006 ἀπὸ
3619 2947 3716 3001 ταύ-

2161 3065 2263 3119 της
2312 3047 2414 3118 τῆς
2469 3045 2653 3110 αἰτίας
2706 3044 3044 3116 ἐδικαιώθη,
3109 3046 3204 3099 καὶ
3260 3044 3542 3116 σωτηρίας
3593 3040 3717 3111 ἠξίω-

2162 3158 2281 3196 ται.

2238 3251 2258 3286 ι
2295 3233 2354 3287 '0
2387 3234 2687 3303 Φαρισαῖος
2739 3232 2989 3297 σταθεὶς,
3036 3230 3174 3301 πρὸς
3222 3231 3424 3285 ἑαυτὸν
3466 3226 3638 3285 εἶπεν⁶
3675 3223 3716 3278 '0

2161 3326 2318 3393 Θεὸς,
2362 3324 2673 3396 εὐχαριστῶ
2710 3342 2817 3389 σοι,
2864 3325 2953 3377 ὅτι
2981 3323 3082 3377 οὑκ
3113 3323 3233 3394 εἰμί
3264 3321 3461 3393 ὥσπερ
3492 3323 3539 3375 οἰ
3578 3316 3717 3372 λοιποὶ

2159 3420 2270 3474 τῶν
2304 3417 2629 3489 ἀνθρώπων,
2664 3416 2935 3488 ἅρπαγες,
2967 3416 3197 3472 ἄδικοι.»
3236 3415 3418 3468 Βαϐαὶ
3465 3415 3559 3484 τῆς
3591 3412 3717 3477 ὑπερ-

2158 3512 2472 3585 ηφανείιςῑ
2522 3510 2729 3579 Κύριος
2784 3510 2883 3562 καὶ
2929 3508 3156 3572 Ἡσαΐας
3189 3507 3457 3578 ὀλιγωρεῖ
3507 3508 3576 3567 ὡς
3619 3516 3716 3554 κατ-

2160 3607 2409 3677 αγούσης
2457 3606 2540 3669 εἰς
2569 3606 2874 3673 Αἴγυπτον,
2923 3603 3017 3657 καὶ
3046 3603 3250 3675 θάρσος
3281 3603 3511 3673 ἐχούσης
3531 3598 3612 3652 τοῦ
3636 3597 3716 3649 Φα-

2164 3700 2301 3771 ραὼ,
2329 3699 2423 3753 καὶ
2453 3697 2614 3751 σκιὰν
2646 3699 2743 3767 τῆς
2768 3695 3070 3764 Αἰγύπτου,
3101 3695 3197 3749 καὶ
3230 3697 3456 3765 μνήμης
3486 3691 3716 3747 ἀπώλειαν

2164 3795 2286 3865 μετ’
2315 3793 2474 3864 ἤχου,
2504 3789 2649 3843 κατὰ
2675 3788 2767 3843 τὸν
2801 3786 3131 3860 ἰεροψάλτην
3160 3787 3349 3853 Δαϐὶδ,
3386 3787 3481 3841 κα.)⁵
3515 3785 3584 3855 μὴ
3610 3779 3715 3850 μνή-

2164 3901 2273 3955 μης
2321 3882 2622 3951 ἀῖδιότητα.
2673 3880 2852 3936 Βαϐαὶ
2906 3878 3001 3932 τοῦ
3054 3878 3427 3948 φιλολοιδόρου
3456 3869 3753 3944 στόματοςῑ-

2162 3977 2306 4032 κατὰ
2334 3976 2395 4029 τὸ
2426 3970 2587 4029 ἕκτον
2636 3980 2747 4028 τῶν
2797 3972 3126 4044 Παροιμιῶν
3152 3989 3166 4003 ο
3205 3990 3223 4022 ι
3255 3971 3371 4024 Οὑκ
3397 3969 3532 4040 εἰμί,
3569 3964 3715 4035 φησὶν,

2162 4070 2356 4140 ὥσπερ
2387 4071 2436 4122 οἰ
2479 4067 2665 4122 λοιποὶ
2712 4068 2822 4121 τῶν
2869 4065 3199 4137 ἀνθρώπων,
3246 4063 3518 4133 ἅρπαγες,
3580 4058 3715 4113 ἄδικοι

2163 4162 2260 4216 καὶ
2295 4161 2497 4232 μοιχοὶ,
2544 4160 2579 4231 ἢ
2612 4160 2706 4214 καὶ
2737 4158 2813 4222 ὡς
2847 4152 3005 4221 οὗτος
3036 4158 3063 4210 6
3095 4154 3373 4225 Τελώνης.
3407 4174 3426 4205 ι
3467 4149 3619 4223 Ἀρχὴ
3644 4145 3715 4211 τῆς

2162 4251 2553 4325 ὑπερηφανίας
2601 4252 2635 4322 ἡ
2680 4249 2840 4321 ὕϐρις
2892 4247 3174 4317 φαίνεται.
3219 4247 3277 4299 Ὁ
3324 4244 3435 4315 γὰρ
3486 4236 3713 4297 διαπτύων

2161 4346 2289 4410 τοὺς
2342 4345 2563 4409 ἄλλους,
2619 4342 2716 4398 καὶ
2768 4341 2937 4414 μηδὲν
2990 4340 3213 4403 τούτους
3264 4338 3583 4408 ἡγούμενος,
3612 4326 3714 4383 tim

2161 4439 2289 4501 τοὺς
2324 4436 2423 4507 μὲν
2457 4436 2732 4506 πτωχοὺς,
2771 4436 2897 4498 τοὺς
2938 4433 2994 4486 δὲ
3040 4434 3341 4500 δυσγενεῖς,
3387 4430 3510 4489 τοὺς
3529 4426 3579 4477 δὲ
3603 4423 3711 4490 ἅμα·

2164 4529 2278 4593 θεῖς
2311 4528 2406 4582 καὶ
2449 4526 2668 4591 ἰδιώτας
2705 4524 3296 4597 ὑπολαμϐάνων,”τοὺς
3329 4522 3388 4575 δὲ
3417 4519 3624 4575 ἀδίκους
3642 4507 3713 4563 καὶ

2164 4620 2548 4694 ἁμαρτωλοὺς,
2594 4619 2659 4670 ὲκ
2704 4619 2806 4689 τῆς
2854 4616 3070 4685 ὕϐρεως
3117 4614 3323 4684 ταύτης
3356 4609 3693 4684 παρασύρεται

2166 4716 2261 4770 καὶ
2296 4716 2459 4787 μόνον
2493 4711 2688 4767 ἑαυτὸν
2714 4712 2887 4767 οἴεται
2918 4709 3061 4765 εἶναι
3096 4710 3280 4778 σοφὸν,
3318 4720 3552 4763 συνετον,
3586 4699 3688 4763 εὖγε

2165 4808 2256 4878 νῆ,
2286 4785 2567 4872 πλούσιον,
2595 4805 2846 4869 δυνατὸν,
2889 4804 3125 4868 δίκαιον,
3167 4802 3264 4856 καὶ
3290 4801 3504 4854 πάντων
3536 4785 3708 4859 ἀνθρὼ-

2165 4917 2283 4955 πων
2341 4898 2685 4969 ὑπέρτερον·
2738 4898 2834 4951 καὶ
2865 4896 3016 4949 ἐστιν
3065 4897 3099 4965 ή
3140 4893 3297 4965 ὓϐρις
3351 4880 3707 4962 ὑπερηφανείας

2164 4992 2333 5064 ἀρχὴν
2360 4991 2458 5045 καὶ
2501 4993 2534 5063 ἡ
2579 4991 2963 5062 ὑπερηφάνεια
2995 4987 3166 5042 κακὸν
3203 4988 3303 5057 τῆς
3353 4983 3554 5052 ὕϐρεως
3581 4976 3703 5064 ἔγγο-

2299 5060 2412 5132 -Διὰ
2440 5060 2603 5132 τούτο
2652 5060 2758 5132 και
2791 5080 2824 5149 ἡ
2863 5077 3149 5149 διαϐόητος
3195 5074 3380 5147 ἡμέρα
3421 5068 3607 5139 Κυρίου
3630 5060 3703 5127 τὴν

2159 5170 2446 5240 ἐκδίκησιν
2482 5172 2704 5241 ποιήσει
2746 5171 2840 5224 ἐπὶ
2889 5170 3070 5224 πάντα
3113 5165 3380 5239 ὑϐριστὴν
3420 5163 3508 5216 καὶ
3535 5152 3700 5224 ὑπερή’

2160 5276 2357 5329 φανον·
2393 5261 2452 5313 αἰ
2481 5260 2593 5332 γάρ
2632 5263 2923 5329 συγγενεῖς
2950 5259 3221 5331 ἁμαρτίαι
3241 5254 3551 5326 ὁμοτρόπως
3573 5241 3700 5299 κολά-

2160 5352 2366 5416 ζονται.
2532 5378 2545 5387 ~
3301 5363 3338 5411 ο.

2233 5444 2478 5509 Ἔδειξεν
2524 5446 2552 5497 6
2585 5446 2884 5515 Φαρισαῖος
2922 5444 3018 5499 καὶ
3063 5443 3143 5514 τῷ
3182 5444 3420 5514 σχήματι
3462 5430 3604 5490 αὑτοῦ
3631 5422 3699 5479 καὶ

2161 5539 2227 5607 τῇ
2271 5538 2460 5592 στάσει
2488 5538 2586 5609 τὴν
2613 5537 2850 5609 ἔπαρσιν
2879 5538 2947 5609 ἢν
2981 5535 3118 5607 εἶχε,
3157 5539 3250 5591 καὶ
3284 5537 3383 5606 τὴν
3410 5521 3693 5592 ἀλαζονείαν.

2163 5629 2276 5681 Καὶ
2303 5632 2356 5682 οἰ
2390 5631 2489 5701 μὲν
2517 5631 2671 5698 λόγοι
2701 5631 2870 5684 αὑτοῦ
2921 5630 2981 5696 ἕξ
3007 5630 3184 5702 ἀρχῆς
3220 5626 3364 5701 ἦσαν
3392 5620 3690 5693 εὐγνώμονες
3788 5660 3798 5674 .

1708 5805 1723 5841 ¹
1766 5804 1930 5873 Prov.
1972 5822 2047 5870 χι,
2087 5806 2135 5871 l;
2171 5805 2329 5879 juxta
2357 5818 2603 5863 veterum
2637 5808 3122 5882 divisiones,_cap.
3158 5824 3231 5863 γι.
3307 5814 3337 5845 ιι
3375 5803 3497 5861 ibid.
