3950 6432
415 365 554 466 i263

1607 397 1667 459 S.
1694 394 2022 459 ANDREE
2057 396 2480 459 CRETENSIS

3543 400 3656 470 126i

409 532 531 570 rum
565 511 741 585 pretia
771 549 786 577 ,
823 510 1045 580 aliaque
1068 506 1303 580 plurima
1334 508 1625 563 solvebant
1669 525 1736 562 ex
1765 507 2000 561 faculta-

2107 507 2545 580 ἁμαρτημάτων,
2574 503 2639 559 τὰ
2669 505 2809 576 ὑπὲρ
2833 505 3206 577 καθαρισμοῦ,
3254 509 3318 561 τὰ
3342 512 3410 589 ,ὲν
3446 513 3656 593 ἑορταῖς,

409 609 559 661 tibus
589 618 689 675 pro
722 603 1010 674 peccatis;
1045 602 1150 655 alia
1180 616 1278 672 pro
1309 600 1714 671 puriﬁcatione,
1736 600 1988 669 quaedam

412 699 465 752 in
502 697 683 759 festis,
735 694 1003 749 nonnulla
1055 692 1110 747 in
1145 691 1464 747 debitorum
1498 691 1898 755 decisiOnibus,
1936 692 1991 742 in

409 802 702 845 servorum
763 784 1211 846 dimissionibus,
1272 793 1437 854 atque
1489 784 1543 837 in
1600 782 1810 837 mutuis
1843 781 1995 834 nullo

409 881 600 935 fenore
639 878 907 949 gravatis.
963 878 1093 930 ﬂare
1151 891 1316 947 porro
1365 876 1553 930 omnia
1585 861 1911 929 'universim
1947 872 1994 928 si

409 971 648 1026 collecta
702 975 758 1023 et
803 976 1208 1023 connumerata
1260 967 1466 1021 iuerint
1518 965 1808 1021 dimidium
1859 966 1993 1019 sub-

408 1061 627 1123 stantia
674 1060 814 1113 dans
859 1060 1045 1121 homo,
1101 1059 1241 1112 nihil
1293 1066 1476 1113 tamen
1532 1072 1791 1128 magnum
1836 1056 1992 1120 facit,

405 1153 539 1207 dum
589 1151 862 1221 gloriatur
909 1166 1147 1221 seseque
1196 1150 1377 1216 eﬂ‘ert,
1404 1159 1461 1205 et
1506 1150 1728 1220 quidem
1776 1148 1995 1205 dicente

407 1245 705 1315 Evangelio
766 1263 779 1299 :
840 1264 860 1298 ι
923 1243 1039 1299 Nisi
1103 1244 1476 1299 abundaverit
1529 1244 1744 1315 jusritia
1816 1230 1995 1297 vestra

407 1340 581 1409 magis
614 1352 783 1408 quam
829 1336 1157 1393 Scribarum
1205 1350 1260 1392 et
1296 1337 1729 1403 Pharisaeorum,
1767 1353 1874 1392 non
1908 1339 1995 1391 in-

406 1430 627 1485 trabitis
659 1431 712 1484 in
742 1445 975 1499 regnum
1006 1432 1272 1485 caelorum
1307 1427 1355 1481 ιι.
1392 1447 1411 1481 ι

480 1538 500 1572 ι
541 1518 886 1578 Publicanus
930 1529 1121 1595 autem
1167 1522 1385 1576 eminus
1439 1529 1620 1585 stans,
1658 1521 1880 1575 nolebat
1927 1536 1996 1577 ne

405 1615 601 1668 oculos
647 1614 871 1683 quidem
931 1615 989 1668 in
1036 1615 1239 1669 cui-lum
1293 1614 1508 1679 tollere,
1548 1614 1641 1668 sed
1698 1615 1996 1684 plangebat

409 1717 608 1775 pectus
661 1721 850 1771 suum,
904 1704 1138 1761 dicens:
1188 1705 1331 1760 Deus
1365 1705 1648 1775 propitius
1683 1716 1807 1761 esto
1858 1707 1994 1761 mihi

409 1797 713 1866 peccaturi.
770 1797 904 1852 Dico
949 1798 1130 1863 vobis,
1163 1797 1453 1851 descendit
1491 1798 1594 1852 iste
1618 1796 1905 1866 judicatus
1935 1799 1991 1853 in

2093 604 2164 656 τὰ
2193 605 2250 655 ἐν
2278 605 2398 663 ταῖς
2434 600 2542 652 τῶν
2574 599 2753 670 χρεῶν
2786 600 3118 665 άποκοπαίς,
3155 604 3249 656 καὶ
3276 610 3391 664 ταῖς
3425 608 3526 661 τῶν
3552 611 3656 663 δούς

2095 696 2202 750 λων
2229 695 2480 763 ἀφέσεσι,
2508 695 2603 745 καὶ
2626 694 2737 756 τοῖς
2758 691 3085 762 δανείσμασι
3108 699 3221 756 τοῖς
3242 699 3659 770 ἀπηλλαγμένοις

2094 789 2277 841 τόκου.
2317 786 2505 840 Ταῦτα
2548 784 2604 837 δὲ
2642 784 2823 837 πάντα
2882 786 3273 857 συντεθειμένα
3326 791 3416 842 καὶ
3461 808 3660 863 τοιγαρι-

2096 880 2399 948 θμούμενα,
2422 878 2479 930 τὸ
2500 878 2672 948 ἣμισυ
2700 877 2800 946 τῆς
2826 877 3014 940 οὐσίας
3041 878 3221 942 διδοὺς
3250 880 3665 950 ἀνθρώποις,ού-

2094 970 2181 1024 etv
2208 969 2352 1040 μέγα
2377 968 2678 1038 ἐργάζεται
2699 967 3066 1038 ἐπαιρόμενος
3094 970 3189 1022 καὶ
3206 972 3665 1044 ἀλαζονευόμενος,

2096 1064 2393 1119 καὶταῦτα
2431 1065 2524 1117 τοῦ
2562 1054 2898 1133 Εὐαγγελίου
2932 1062 3214 1131 λέγοντος·
3254 1084 3274 1118 t
3320 1068 3444 1120 Ἐὰν
3486 1070 3555 1140 μὴ
3580 1089 3669 1125 πε-

2100 1157 2359 1227 ρισσεύσῃ
2389 1158 2421 1226 ἡ
2453 1157 2769 1228 δικαιοσύνη
2799 1154 2953 1225 ὑμῶν
2978 1155 3142 1208 πλέον
3174 1157 3282 1210 τῶν
3310 1160 3672 1232 Γραμματέων

2098 1248 2192 1299 καὶ
2227 1246 2558 1318 Φαρισαίων,
2591 1248 2692 1301 οὐκ
2736 1243 3115 1299 είσελεύσεσθε
3166 1249 3247 1310 εἰς
3278 1248 3376 1318 τὴν
3412 1248 3673 1317 βασιλείαν

2096 1337 2207 1389 τῶν
2236 1339 2294 1390 ού
2306 1337 2507 1408 ρανῶν.
2546 1356 2566 1390 ι

2177 1539 2195 1572 ε
2246 1520 2306 1574 Ὀ
2334 1520 2387 1572 δὲ
2414 1521 2456 1571 Τ
2460 1517 2664 1589 ελὼνης
2697 1520 2973 1591 μακρΰθεν
2997 1520 3191 1584 ἑστὼς,
3225 1522 3328 1574 οὐκ
3356 1521 3543 1591 ἤθελεν
3569 1523 3673 1576 οὐδὲ

2082 1615 2223 1678 τοὺς
2255 1612 2573 1682 ὀφθαλμοὺς
2612 1614 2692 1673 et;
2722 1612 2812 1663 τὸν
2860 1613 3091 1682 οὐρανὸν
3156 1602 3388 1682 ἐπᾶραι,
3421 1614 3534 1665 ἀλλ’
3562 1613 3672 1665 Etu-

2097 1721 2227 1757 πτεν
2252 1705 2331 1765 είς
2355 1702 2415 1753 τὸ
2457 1700 2652 1770 στῆθος
2683 1699 2877 1765 αὐτοῦ,
2900 1699 3077 1768 λέγων
3099 1716 3113 1730 ν
3158 1700 3217 1752 '0
3252 1701 3409 1766 Θεὸς,
3442 1700 3673 1772 ἱλάσθητί

2100 1813 2191 1866 μοι
2228 1795 2306 1865 τῷ
2348 1792 2682 1863 ἁμαρτωλῷ.
2726 1793 2884 1861 Λέγω
2915 1793 3067 1861 ὑμῖν,
3102 1792 3311 1859 κατέϐη
3347 1788 3506 1855 οὗτος
3552 1792 3673 1845 δεδι-

404 1888 632 1942 domum
655 1902 812 1942 suam
838 1905 850 1941 :
887 1888 1154 1958 quoniam
1184 1888 1444 1957 quisquis
1471 1889 1680 1942 exaltat
1720 1891 1992 1959 seipsum,

2107 1886 2373 1956 κασμένος
2404 1888 2485 1948 εἰς
2514 1884 2605 1937 τὸν
2636 1880 2787 1937 οἷκον
2820 1885 2988 1938 αὑτοῦ
3018 1901 3031 1915 '
3075 1885 3160 1937 ὅτι
3189 1886 3297 1947 πᾶς
3337 1888 3364 1939 6
3399 1885 3547 1954 ὑψῶν
3569 1888 3676 1939 ἐαυ-

404 1979 822 2045 humiliabitur,
851 1980 1110 2050 quisquis
1140 1995 1275 2034 vero
1305 1980 1564 2033 humiliat
1597 1981 1863 2050 scipsum,
1897 1996 1996 2037 ex-

405 2073 673 2127 altabitur
701 2073 747 2127 i.
787 2091 807 2125 ι
844 2072 1025 2129 Orans
1073 2074 1435 2138 Publicanus,
1482 2090 1584 2129 nec
1631 2090 1800 2143 Opera
1853 2075 1998 2131 bona

405 2164 638 2231 habens,
664 2179 776 2241 non
807 2179 872 2220 ea
900 2179 1230 2220 enumerare
1259 2165 1499 2229 valebat,
1528 2166 1993 2236 quemadmodum

405 2253 724 2327 Pharisasus
757 2274 771 2310 :
825 2256 922 2313 sed
954 2256 1308 2326 percutiebat
1357 2263 1551 2326 pectus
1591 2269 1647 2311 et
1678 2272 1777 2311 cor
1802 2256 1997 2328 ﬂagel-

403 2346 572 2412 labat,
626 2357 793 2419 atque
842 2364 967 2403 cum
1023 2349 1199 2402 multa
1251 2348 1592 2403 contritione
1630 2360 1686 2404 et
1722 2364 1996 2421 compun-

405 2440 595 2494 ctione
630 2440 890 2495 dicebat:
930 2457 949 2493 ι
989 2438 1135 2495 Deus
1168 2441 1440 2510 propitius
1470 2450 1593 2496 esto
1638 2442 1771 2495 mihi
1804 2457 1999 2512 pecca-

404 2535 537 2588 tori.
571 2552 590 2585 ι
614 2532 919 2604 Propterea
945 2534 1111 2588 etiam
1156 2533 1458 2604 propitium
1490 2533 1706 2587 invenit
1735 2546 1791 2588 et
1830 2536 1998 2590 mise-

406 2634 618 2680 rentem
676 2625 1015 2695 lacilemque
1073 2626 1438 2691 reconciliata
1496 2625 1813 2680 Dominmn.
1865 2626 2000 2680 Om-

406 2719 560 2772 nium
611 2733 857 2787 namque
914 2728 1270 2789 peccatorum
1330 2718 1616 2787 purgatrix
1653 2726 1739 2772 est
1770 2717 1998 2772 humilis

405 2806 577 2861 animi
625 2810 939 2873 sententia;
1016 2814 1072 2861 at
1117 2822 1251 2862 vero
1283 2806 1542 2877 superbia
1578 2822 1608 2861 e
1643 2807 1825 2860 medio
1858 2805 2002 2858 tollit

406 2899 648 2955 virtutes
699 2900 1013 2964 universas,
1047 2898 1253 2970 quippe
1299 2914 1425 2968 qua:
1454 2900 1652 2966 quovis
1687 2908 1914 2967 peccato
1945 2906 1997 2952 et

407 2992 545 3047 vitio
581 2991 765 3061 major
807 2992 881 3049 sit
928 2999 1109 3062 atque
1151 2990 1395 3061 gravior.
1471 2989 1705 3045 Praestat
1761 3005 2001 3060 peccan-

407 3093 494 3141 tes
533 3084 780 3140 converti
835 3093 890 3139 et
934 3082 1242 3148 humiliari,
1293 3097 1460 3154 quam
1512 3094 1666 3138 recta
1701 3092 2000 3153 cperantes

407 3176 720 3245 superbire.
773 3173 1120 3230 Publicanus
1185 3182 1415 3245 peccata
1466 3174 1643 3238 exuit,
1712 3175 1997 3244 excipiens
2025 3214 2067 3271 ο

404 3265 673 3323 Pharisaei
705 3267 1158 3323 criminationem
1199 3282 1327 3322 cum
1369 3267 1623 3322 bonitate
1654 3275 1710 3323 et
1763 3270 1998 3323 toleran-

405 3360 535 3417 tia:
578 3370 635 3413 at
686 3358 1006 3416 Pharisaius
1066 3360 1135 3415 ab
1189 3359 1521 3430 gloriatione
1575 3362 1630 3414 in
1680 3362 2001 3431 ignominiaa

408 3449 735 3504 barathrum
787 3449 1103 3520 prolapsus,
1142 3456 1252 3514 est,
1303 3463 1361 3503 se
1395 3449 1515 3518 ipse
1557 3448 1900 3518 justiiicans,
1934 3464 2000 3504 ac

407 3542 768 3612 publicanum
817 3539 1153 3595 insimulans
1189 3548 1532 3609 umerosque
1582 3541 1857 3596 homines.
1890 3541 2001 3594 Pu-

409 3633 668 3689 blicanus
699 3646 731 3684 a
761 3630 1173 3685 contumeliosa
1233 3631 1344 3684 vita
1380 3639 1435 3682 et
1468 3638 1726 3700 peccato,
1770 3632 1824 3684 in
1874 3630 2002 3685 bea-

412 3733 522 3778 tam
561 3725 728 3778 vitatn
785 3737 850 3776 ac
890 3730 1099 3777 statum
1161 3721 1347 3775 rediit.
1406 3719 1727 3777 Pharisaeus
1768 3736 1897 3775 vero
1935 3735 2003 3775 cx

413 3828 628 3875 tumore
654 3824 709 3871 et
737 3817 982 3872 elatione
1009 3814 1343 3869 humiliatus
1374 3822 1484 3869 est.
1758 3808 1769 3821 “

485 3911 603 3965 Duo
629 3910 777 3965 enim
806 3909 875 3963 ab
898 3906 1176 3962 universis
1205 3906 1366 3961 nobis
1397 3906 1723 3981 exiguntur,
1756 3914 1818 3959 ut
1848 3921 2004 3960 nem-

414 4016 483 4075 pe
521 4000 744 4072 propria
798 3997 1235 4053 condemnemus
1291 4004 1545 4065 peccata,
1582 4003 1638 4048 ct
1678 4002 1737 4049 ut
1774 4001 2005 4065 peccata

414 4074 631 4151 caeteris
682 4074 1048 4147 dimittamus.
1108 4088 1166 4144 Si
1224 4090 1351 4159 quis
1405 4089 1553 4144 enim
1610 4103 1710 4143 sua
1747 4088 2007 4156 respiciat

414 4188 661 4258 praecata,
700 4185 930 4256 pronior
980 4182 1048 4236 ad
1089 4183 1319 4237 caeteris
1367 4181 1777 4252 ignoscendum
1813 4183 1915 4234 lit:
1953 4188 2008 4233 at

412 4287 628 4345 contra,
686 4279 733 4334 is
787 4277 882 4347 qui
938 4275 1185 4345 reliquos
1238 4272 1596 4337 condemnat,
1629 4287 1691 4327 se
1722 4272 1842 4342 ipse
1876 4286 2006 4325 con-

414 4368 642 4426 demnat
677 4377 845 4438 atque
895 4365 950 4420 in
981 4379 1040 4420 se
1071 4363 1405 4419 sententiain
1460 4361 1588 4428 fert,
1634 4361 1856 4416 tametsi
1886 4361 2009 4430 plu-

417 4478 507 4520 res
551 4463 789 4517 virtutes
847 4458 1152 4529 possideat.
1202 4455 1504 4509 Enimvero
1555 4468 1752 4523 magna
1805 4470 1894 4509 res
1924 4461 2010 4508 est

2096 1981 2190 2033 τὸν
2217 1975 2711 2045 ταπεινωθήσεται,
2739 1979 2767 2029 6
2796 1976 2851 2029 δὲ
2878 1978 3153 2029 ταπεινῶν
3187 1978 3385 2031 ἑαυτὸν
3414 1978 3678 2049 ὑψωθήσε·

2096 2087 2207 2125 ται.
2248 2088 2266 2120 ι
2300 2068 2608 2137 Εὖχόμενος
2639 2070 2667 2121 6
2692 2058 2970 2137 Τελώνης,
2995 2068 3090 2121 καὶ
3123 2069 3261 2139 ἔργα
3300 2068 3377 2139 μὴ
3401 2069 3541 2138 ἔχων
3563 2071 3678 2137 ἀτα-

2099 2162 2189 2227 θὰ,
2220 2161 2341 2214 οὐδὲ
2368 2160 2759 2231 ἀπαριθμῆσαι
2789 2160 2970 2216 ταῦτα
3011 2161 3269 2232 ἠδύνατο,
3309 2164 3507 2233 ῶσπερ
3531 2164 3558 2216 6
3586 2163 3678 2214 Φα-

2099 2257 2339 2328 ρισαῖος·
2371 2253 2487 2307 ἀλλ’
2535 2252 2738 2306 ἔτυπτε
2797 2252 2858 2306 τὸ
2891 2254 3109 2323 στῆθος,
3165 2256 3262 2306 καὶ
3320 2255 3422 2325 τὴν
3469 2255 3679 2321 καρδίαν

2098 2348 2384 2418 ὲμάστιζε,
2418 2348 2515 2400 καὶ
2563 2346 2706 2416 μετὰ
2737 2342 2940 2415 πολλῆς
2973 2348 3272 2418 συντριῆἧς
3318 2350 3417 2403 καὶ
3462 2349 3680 2403 κατανύ-

2100 2440 2235 2505 ξεως
2258 2439 2441 2507 ἔλεγεν
2466 2456 2480 2469 ο
2510 2459 2529 2490 ι
2554 2439 2612 2493 Ὀ
2641 2437 2798 2506 Θεὸς,
2824 2438 3074 2508 ἱλάσθητί
3100 2456 3190 2508 μοι
3214 2439 3294 2509 τῷ
3328 2440 3673 2512 ἁμαρτωλῷ.ι

2098 2533 2197 2585 Διά
2229 2532 2388 2585 τοῦτο
2422 2531 2517 2584 καὶ
2547 2531 2711 2584 ἵλεων
2743 2530 2996 2600 εὑρίσκει
3024 2530 3116 2583 τὸν
3151 2532 3444 2602 ἐλεήμονα,
3477 2532 3567 2586 καὶ
3606 2534 3677 2584 εὖ·

2097 2624 2418 2678 διάλλακτον
2446 2623 2676 2695 Κύριον.
2721 2624 2946 2677 Πάντων
2981 2624 3090 2694 γὰρ
3140 2623 3249 2676 τῶν
3274 2625 3676 2698 ἁμαρτημάτων

2098 2716 2462 2793 καθαιρετικὴ
2491 2719 2640 2769 ἐστιν
2667 2717 2699 2786 ἡ
2724 2714 3228 2786 ταπεινοφροσύνη,
3258 2717 3290 2785 ἡ
3320 2716 3379 2769 δὲ
3408 2717 3675 2786 ὑπερηφαο

2099 2807 2187 2861 νία
2216 2807 2469 2874 ἀφανίζει
2499 2807 2680 2869 πάσας
2699 2805 2798 2867 τάς
2830 2806 3031 2876 ἀρετάς
3052 2823 3065 2837 ·
3093 2807 3175 2859 ὅτι
3208 2807 3394 2875 πάσης
3416 2805 3672 2877 ἁμαρτίας

2099 2902 2192 2954 καὶ
2248 2900 2449 2963 κακίας
2501 2899 2705 2970 μείζων
2764 2898 2888 2952 ἐστὶ
2923 2900 3019 2953 καὶ
3081 2899 3387 2969 βαρυτέρα.
3430 2901 3676 2970 Κρεῖσσον

2099 2992 2521 3064 ἁμαρτάνοντας
2547 2991 2902 3061 ἐπιστρέφειν
2933 2991 3027 3043 καὶ
3051 2992 3476 3057 ταπεινοῦσθαι,
3510 2993 3541 3065 ἢ
3565 3008 3673 3046 κατ-

2099 3084 2398 3156 ορθοῦντας
2420 3082 2775 3154 ἐπαίρεσθαι.
2824 3084 2881 3135 '0
2921 3083 3175 3155 Τελώνης
3214 3085 3284 3138 τὰ
3323 3087 3675 3157 ἁμαρτήματα

2101 3172 2431 3238 ἀπεδύσατο,
2463 3172 2759 3243 δεξάμενος
2785 3172 2883 3243 τὴν
2913 3173 3009 3226 τοῦ
3032 3175 3333 3244 Φαρισαίου
3365 3177 3676 3247 κατηγορίαν

2104 3266 2245 3335 μετὰ
2275 3264 2581 3335 πραότητος
2612 3266 2707 3317 καὶ
2732 3264 3014 3334 ὑπομονῆς
3037 3280 3050 3294 ⁸
3087 3266 3181 3318 καὶ
3213 3269 3240 3320 ὁ
3268 3269 3566 3339 Φαρισαῖος
3587 3267 3676 3321 ἀπὸ

2099 3357 2259 3426 δόξης
2290 3357 2369 3418 είς
2389 3356 2451 3409 τὸ
2476 3356 2574 3426 τῆς
2594 3355 2819 3425 ἀτιμίας
2844 3357 3115 3409 κατέπεσε
3139 3357 3442 3430 βάραθρον,
3474 3357 3679 3413 δικαιώσ-

2103 3465 2202 3511 σας
2235 3448 2453 3511 ἑαυτὸν,
2487 3449 2581 3500 καὶ
2611 3449 3003 3517 κατηγορήσας
3036 3449 3131 3502 τοῦ
3163 3450 3437 3517 Τελώνου,
3466 3453 3556 3506 καὶ
3585 3449 3675 3503 τῶν

2101 3540 2305 3593 λοιπῶν
2332 3538 2657 3608 ἀνθρώπων.
2699 3539 2756 3592 Ὀ
2783 3537 3035 3609 Τελιῖινης
3060 3540 3169 3593 άπὸ
3199 3542 3297 3611 τῆς
3328 3541 3674 3596 ἐπονειδίστου

2104 3629 2252 3700 ζωῆς
2281 3630 2377 3683 καὶ
2403 3630 2501 3699 τῆς
2528 3628 2828 3701 ἁμαρτίας,
2863 3631 2944 3692 εἰς
2977 3628 3078 3699 τὴν
3112 3631 3400 3702 μακαρίαν
3427 3629 3675 3700 ἐπανῆλθε

2105 3721 2251 3793 ζωὴν
2274 3724 2368 3775 καὶ
2394 3722 2731 3775 κατάστασιν
2756 3737 2769 3752 ο
2801 3723 2830 3775 6
2852 3721 2909 3775 δὲ
2937 3722 3233 3792 Φαρισαῖος
3261 3722 3677 3793 ὲταπεινιῦθηνὲξ

2104 3815 2270 3883 ὄγκου
2302 3813 2397 3867 καὶ
2418 3814 2518 3884 τῆς
2542 3814 2855 3885 ὲπάρσεως.

2175 3907 2280 3960 Δύο
2309 3906 2421 3977 γὰρ
2454 3905 2842 3976 ἀπαιτούμεθα
2874 3907 3080 3971 πάντες
3107 3908 3204 3962 ἄνθ
3217 3925 3414 3980 ρωποι,
3447 3911 3507 3963 τὸ
3527 3892 3675 3963 κατα-

2106 3998 2401 4068 γινώσκειν
2449 3997 2559 4052 τῶν
2610 3998 2830 4051 οἰκείων
2873 4000 3316 4069 ἁμαρτημάτων,
3356 4003 3452 4054 καὶ
3484 4002 3540 4054 τὸ
3581 4002 3677 4060 τοῖς

2107 4092 2319 4161 ἑτέροις
2355 4089 2575 4159 ἀφιέναι
2604 4090 3007 4161 ἁμαρτήματα.
3057 4090 3115 4145 'U
3146 4093 3254 4163 γὰρ
3285 4093 3357 4146 τά
3397 4093 3535 4147 αὐτὰ
3563 4093 3679 4162 (lege

2108 4183 2297 4253 αὐτοῦ)
2323 4183 2539 4253 βλέπων
2562 4183 2964 4253 ἁμαρτήματα,
2994 4185 3530 4257 συγγνωμικώτερος
3556 4182 3679 4252 γίνε-

2108 4295 2197 4332 ται
2227 4280 2340 4342 τοῖς
2371 4277 2614 4348 ἑτέροιςο
2666 4279 2695 4331 6
2720 4278 2778 4329 δὲ
2818 4279 3174 4348 κατακρίνων
3225 4279 3471 4348 ἐτέρους,
3508 4274 3678 4330 ἑαυτὸν

2110 4369 2453 4438 κ;.τακρίνει,
2481 4371 2575 4422 καὶ
2597 4369 2974 4436 καταδικάζει,
3004 4371 3097 4424 καὶ
3120 4373 3169 4423 εἰ
3200 4371 3409 4434 πολλάς
3439 4371 3679 4439 κέκτηται

2112 4463 2335 4534 ἀρετάς.
2370 4463 2580 4524 Ὄντως
2640 4460 2787 4530 μέγα
2825 4462 2945 4515 ἐστὶ
2985 4462 3046 4514 τὸ
3079 4462 3153 4533 μὴ
3195 4464 3547 4535 κατακρίνειν
3577 4457 3678 4513 ὲτέο

417 4568 527 4607 non
583 4552 953 4606 condemnare
1000 4547 1272 4616 reliquos,
1340 4544 1440 4599 sed
1497 4544 1856 4613 semetipsos,
1892 4543 2000 4599 fra-

2114 4569 2258 4625 ρους,
2294 4551 2409 4608 ἀλλ’
2446 4553 2698 4618 ἑαυτοὺς,
2750 4552 2992 4621 ἀδελφοί.
3024 4554 3215 4623 Ἡμεῖς
3272 4554 3353 4619 δὲ,
3385 4555 3453 4607 τά
3493 4550 3675 4607 ἑαυτῶν

418 4644 575 4701 tresl
613 4645 683 4697 At
720 4657 823 4697 nos
852 4656 973 4711 quae
1013 4648 1207 4694 nostra
1237 4647 1367 4693 sunt
1397 4637 1721 4692 omittentes
1758 4646 2005 4707 peccata,

419 4740 562 4793 alios
608 4738 792 4807 potius
849 4735 1315 4796 condemnamus,
1352 4732 1491 4784 alios
1539 4732 1877 4798 excutimus,
1908 4749 2007 4787 ne-

422 4830 685 4893 scientes,
734 4827 885 4899 quod
935 4826 1185 4895 quamvis
1239 4824 1489 4880 omniuni
1520 4823 1820 4892 justissimi
1855 4841 2010 4881 esse-

421 4938 565 4987 mus,
611 4922 657 4977 si
694 4922 836 4975 alios
863 4919 1327 4982 condemnemus,
1369 4917 1592 4986 ipsimet
1620 4916 1846 4971 obnoxii
1882 4931 2010 4972 eva-

419 5016 626 5082 dimus,
653 5015 1015 5082 eamdemque
1047 5025 1431 5081 promerentur
1484 5025 1703 5080 pmnam
1740 5019 1795 5064 et
1825 5011 2007 5065 anim-

420 5108 847 5169 adversionem,
902 5120 1011 5174 qua
1075 5105 1170 5174 qui
1240 5101 1527 5173 iudicatur
1598 5103 1802 5172 dignus
1858 5114 1945 5157 est
1994 5121 2006 5155 :

427 5221 447 5253 ι
484 5199 606 5269 Quo
629 5200 776 5255 enim
801 5200 1018 5267 judicio
1040 5196 1455 5269 judicavcritis,
1490 5198 1585 5260 ait,
1610 5212 1677 5251 eo
1716 5210 1767 5251 et
1793 5196 2013 5266 judica-

423 5295 613 5348 hilltitti
649 5292 693 5347 i.
740 5313 758 5345 ι
794 5294 899 5359 Qui
930 5292 1077 5345 enim
1120 5290 1453 5355 fornicatur,
1489 5299 1545 5345 et
1592 5290 1682 5359 qui
1718 5288 2009 5343 fornican-

423 5394 533 5437 tcm
590 5386 826 5454 iudicat,
881 5395 1215 5455 praeceptum
1267 5385 1702 5454 transgreditur.
1748 5382 1899 5437 Adeo
1949 5389 2009 5436 ut

421 5474 585 5529 ambo
612 5476 859 5530 divinum
902 5478 1226 5531 mandatum
1254 5474 1803 5547 prmtergrcdiantnr,
1834 5483 1888 5528 et
1911 5474 2004 5544 qui

421 5566 735 5621 iornicatnr
764 5579 818 5622 ct
853 5570 945 5639 qui
964 5568 1199 5638 iudicat.

488 5661 558 5715 At
591 5664 742 5717 cnim
790 5660 1194 5717 transferamus
1239 5676 1533 5717 censuram
1570 5672 1624 5717 et
1661 5663 1997 5731 negotiosam

2112 4644 2341 4713 ἀφέντες
2382 4644 2799 4713 ἁμαρτήματα,
2847 4643 3066 4714 ἑτέρους
3131 4643 3333 4717 μάλλον
3375 4639 3673 4711 κατακρίνο-

2118 4754 2238 4807 μεν,
2266 4735 2462 4798 ἄλλους
2489 4733 2839 4804 ἐξετάζομεν,
2872 4736 2972 4787 οὐκ
3002 4735 3207 4797 εἰδότες
3233 4736 3336 4799 ὅτι,
3363 4739 3410 4789 εἰ
3438 4736 3528 4789 καὶ
3557 4733 3672 4786 πάν-

2114 4846 2223 4883 των
2271 4822 2419 4897 ὦμεν
2475 4826 2827 4897 δικαιότεροι,
2893 4826 3117 4898 ἐτέρους
3164 4829 3221 4880 δὲ
3276 4826 3672 4897 κατακρίνομεν,

2117 4919 2409 4974 ὑπεύθυνοι
2458 4916 2749 4987 γινόμεθα,
2792 4916 2886 4970 καὶ
2918 4918 3019 4986 τῆς
3055 4919 3223 4987 αὐτῆς
3251 4920 3421 4986 ἐσμεν
3454 4916 3584 4980 ἄξιοι
3610 4929 3673 4963 τι·

2121 5012 2333 5084 μωρίας
2383 5011 2476 5065 καὶ
2528 5009 2829 5073 κολάσεως,
2877 5004 2946 5083 ἦς
2982 5011 3078 5062 καὶ
3128 5012 3156 5062 6
3203 5010 3517 5082 κρινόμενος
3546 5004 3674 5069 ἄξιός

2119 5107 2266 5159 ἔστιν
2286 5120 2299 5134 ”
2344 5122 2363 5156 ι
2393 5098 2463 5174 ’ᾫ
2489 5102 2596 5173 γὰρ
2638 5099 2871 5172 κρίματι
2900 5101 3116 5173 κρίνετε
3140 5143 3153 5165 ,
3188 5103 3358 5176 φησὶ,
3406 5098 3570 5167 τούτῳ
3596 5092 3672 5146 καὶ

2117 5198 2468 5271 κριθήσεσθε.
2508 5213 2528 5247 ι
2598 5194 2656 5248 '0
2689 5194 2799 5265 γὰρ
2846 5195 3128 5265 πορνεύων
3160 5195 3382 5264 ἐντολὴν
3423 5185 3670 5260 παραδαί-
3712 5214 3715 5217 η

2116 5305 2217 5352 νει,
2250 5288 2344 5341 καὶ
2373 5288 2400 5339 ὁ
2429 5284 2630 5356 κρίνων
2656 5283 2748 5336 τὸν
2788 5284 3145 5354 πορνεύοντα.
3196 5285 3360 5337 Ὥστε
3400 5282 3489 5335 καὶ
3516 5273 3668 5359 etped-

2113 5397 2268 5452 τεροι
2302 5379 2452 5432 θείαν
2483 5377 2704 5448 ἐντολὴν
2740 5374 3195 5447 παραϐαίνουσιν,
3229 5376 3325 5428 καὶ
3364 5375 3390 5426 6
3418 5365 3667 5441 πορνεύων

2115 5475 2210 5528 καὶ
2231 5476 2259 5526 6
2280 5473 2506 5545 κρίνων.

2194 5656 2355 5709 Ἀλλὰ
2409 5654 2775 5726 μεταθώμεθα
2815 5654 2914 5725 τὴν
2962 5655 3039 5715 εἰς
3072 5651 3291 5721 ἑτέρους
3323 5648 3553 5716 ἐξέτασιν
3588 5637 3658 5691 αἱ
3694 5670 3713 5687 ο

478 5838 509 5921 ξς
558 5836 751 5891 Malm.
784 5854 833 5903 v,
870 5824 989 5890 20.6
1046 5852 1059 5877 ι
1103 5837 1239 5892 an.
1278 5852 1437 5904 xxiii,
1472 5837 1555 5902 l5,
1602 5837 1683 5891 ιιι.
1765 5847 1777 5886 ι
1818 5835 2010 5891 Matth.
2042 5852 2142 5901 vii,
2176 5835 2228 5888 2.
