  <div class='ocr_page' id='page_1' title='image "/cluster/home/n/w/nwhite01/storage/ocr_20150623/97/coo.31924054870013/664.png"; bbox 0 0 3950 6468; ppageno 0'>
   <div class='ocr_carea' id='block_1_1' title="bbox 387 461 525 528">
    <p class='ocr_par' dir='ltr' id='par_1_1' title="bbox 387 461 525 528">
     <span class='ocr_line' id='line_1_1' title="bbox 387 461 525 528; baseline -0.007 -1"><span class='ocrx_word' id='word_1_1' title='bbox 387 461 525 528; x_wconf 68' lang='lat'><strong>1265</strong></span> 
     </span>
    </p>
   </div>
   <div class='ocr_carea' id='block_1_2' title="bbox 1381 436 2658 523">
    <p class='ocr_par' dir='ltr' id='par_1_2' title="bbox 1381 436 2658 523">
     <span class='ocr_line' id='line_1_2' title="bbox 1381 436 2658 523; baseline -0.001 -2"><span class='ocrx_word' id='word_1_2' title='bbox 1381 462 1464 522; x_wconf 77' lang='lat' dir='ltr'><strong>IN</strong></span> <span class='ocrx_word' id='word_1_3' title='bbox 1502 436 2001 523; x_wconf 62' lang='lat' dir='ltr'><strong>PUBLICANUSI</strong></span> <span class='ocrx_word' id='word_1_4' title='bbox 2035 457 2131 517; x_wconf 80' lang='lat' dir='ltr'><strong>ET</strong></span> <span class='ocrx_word' id='word_1_5' title='bbox 2159 458 2658 521; x_wconf 65' lang='lat' dir='ltr'><strong>PHARIS/EUM.</strong></span> 
     </span>
    </p>
   </div>
   <div class='ocr_carea' id='block_1_3' title="bbox 3538 451 3678 517">
    <p class='ocr_par' dir='ltr' id='par_1_3' title="bbox 3538 451 3678 517">
     <span class='ocr_line' id='line_1_3' title="bbox 3538 451 3678 517; baseline 0 0"><span class='ocrx_word' id='word_1_6' title='bbox 3538 451 3678 517; x_wconf 64' lang='lat'><strong>1966</strong></span> 
     </span>
    </p>
   </div>
   <div class='ocr_carea' id='block_1_4' title="bbox 384 560 1982 643">
    <p class='ocr_par' dir='ltr' id='par_1_4' title="bbox 384 568 1974 643">
     <span class='ocr_line' id='line_1_4' title="bbox 384 568 1974 643; baseline -0.005 -16"><span class='ocrx_word' id='word_1_7' title='bbox 384 571 924 643; x_wconf 66' lang='grc' dir='ltr'>πολυπραγμοσύνην</span> <span class='ocrx_word' id='word_1_8' title='bbox 978 572 1059 635; x_wconf 81' lang='grc' dir='ltr'><strong>είς</strong></span> <span class='ocrx_word' id='word_1_9' title='bbox 1114 570 1348 633; x_wconf 79' lang='grc' dir='ltr'>ἑαυτοὺς</span> <span class='ocrx_word' id='word_1_10' title='bbox 1402 571 1625 641; x_wconf 78' lang='grc' dir='ltr'>μᾶλλον,</span> <span class='ocrx_word' id='word_1_11' title='bbox 1679 568 1974 639; x_wconf 78' lang='grc' dir='ltr'>ἀγαπητοί.</span> 
     </span>
    </p>
   </div>
   <div class='ocr_carea' id='block_1_5' title="bbox 2088 560 3676 643">
    <p class='ocr_par' dir='ltr' id='par_1_5' title="bbox 2088 560 3676 634">
     <span class='ocr_line' id='line_1_5' title="bbox 2088 560 3676 634; baseline -0.003 -15"><span class='ocrx_word' id='word_1_12' title='bbox 2088 566 2236 620; x_wconf 82' lang='lat' dir='ltr'><strong>illam</strong></span> <span class='ocrx_word' id='word_1_13' title='bbox 2299 567 2684 623; x_wconf 84' lang='lat' dir='ltr'><strong>curiositatem</strong></span> <span class='ocrx_word' id='word_1_14' title='bbox 2736 562 2933 634; x_wconf 88' lang='lat' dir='ltr'><strong>quain</strong></span> <span class='ocrx_word' id='word_1_15' title='bbox 2975 562 3114 619; x_wconf 91' lang='lat' dir='ltr'><strong>alios</strong></span> <span class='ocrx_word' id='word_1_16' title='bbox 3175 560 3410 629; x_wconf 84' lang='lat' dir='ltr'><strong>utimur,</strong></span> <span class='ocrx_word' id='word_1_17' title='bbox 3471 561 3539 615; x_wconf 88' lang='lat' dir='ltr'><strong>ad</strong></span> <span class='ocrx_word' id='word_1_18' title='bbox 3574 574 3676 614; x_wconf 88' lang='lat' dir='ltr'><strong>nos</strong></span> 
     </span>
    </p>
   </div>
   <div class='ocr_carea' id='block_1_6' title="bbox 382 662 1983 735">
    <p class='ocr_par' dir='ltr' id='par_1_6' title="bbox 382 662 1983 735">
     <span class='ocr_line' id='line_1_6' title="bbox 382 662 1983 735; baseline -0.005 -15"><span class='ocrx_word' id='word_1_19' title='bbox 382 665 497 720; x_wconf 78' lang='lat' dir='ltr'><strong>Kal.</strong></span> <span class='ocrx_word' id='word_1_20' title='bbox 529 666 625 719; x_wconf 71' lang='grc' dir='ltr'><strong>ἐὰν</strong></span> <span class='ocrx_word' id='word_1_21' title='bbox 659 663 859 735; x_wconf 79' lang='grc' dir='ltr'>ίδωμέν</span> <span class='ocrx_word' id='word_1_22' title='bbox 890 681 1044 726; x_wconf 89' lang='grc' dir='ltr'>τινας</span> <span class='ocrx_word' id='word_1_23' title='bbox 1080 662 1525 733; x_wconf 84' lang='grc' dir='ltr'>ἁμαρτάνοντας,</span> <span class='ocrx_word' id='word_1_24' title='bbox 1553 664 1714 735; x_wconf 77' lang='grc' dir='ltr'>ἡμεῖς</span> <span class='ocrx_word' id='word_1_25' title='bbox 1753 663 1820 715; x_wconf 77' lang='grc' dir='ltr'>τὰ</span> <span class='ocrx_word' id='word_1_26' title='bbox 1852 662 1983 713; x_wconf 75' lang='grc' dir='ltr'>ἑαυ-</span> 
     </span>
    </p>
   </div>
   <div class='ocr_carea' id='block_1_7' title="bbox 381 753 1985 827">
    <p class='ocr_par' dir='ltr' id='par_1_7' title="bbox 381 753 1985 827">
     <span class='ocr_line' id='line_1_7' title="bbox 381 753 1985 827; baseline -0.002 -18"><span class='ocrx_word' id='word_1_27' title='bbox 381 756 493 810; x_wconf 76' lang='grc' dir='ltr'><strong>τῶν</strong></span> <span class='ocrx_word' id='word_1_28' title='bbox 528 757 907 827; x_wconf 76' lang='grc' dir='ltr'>ἁμαρτήματα</span> <span class='ocrx_word' id='word_1_29' title='bbox 939 757 1046 827; x_wconf 78' lang='grc' dir='ltr'><strong>πρὸ</strong></span> <span class='ocrx_word' id='word_1_30' title='bbox 1067 755 1368 826; x_wconf 74' lang='grc' dir='ltr'><strong>ὀφθαλμῶν</strong></span> <span class='ocrx_word' id='word_1_31' title='bbox 1400 755 1637 826; x_wconf 76' lang='grc' dir='ltr'>ἔχωμεν,</span> <span class='ocrx_word' id='word_1_32' title='bbox 1686 755 1782 807; x_wconf 76' lang='grc' dir='ltr'><strong>καὶ</strong></span> <span class='ocrx_word' id='word_1_33' title='bbox 1814 753 1985 824; x_wconf 84' lang='grc' dir='ltr'>χείρω</span> 
     </span>
    </p>
   </div>
   <div class='ocr_carea' id='block_1_8' title="bbox 382 848 1986 922">
    <p class='ocr_par' dir='ltr' id='par_1_8' title="bbox 382 848 1986 922">
     <span class='ocr_line' id='line_1_8' title="bbox 382 848 1986 922; baseline -0.001 -20"><span class='ocrx_word' id='word_1_34' title='bbox 382 850 452 903; x_wconf 76' lang='grc' dir='ltr'>τὰ</span> <span class='ocrx_word' id='word_1_35' title='bbox 477 850 729 922; x_wconf 77' lang='grc' dir='ltr'>ἡμέτερα</span> <span class='ocrx_word' id='word_1_36' title='bbox 778 850 1151 921; x_wconf 77' lang='grc' dir='ltr'>λογιζώμεθα,</span> <span class='ocrx_word' id='word_1_37' title='bbox 1189 850 1223 922; x_wconf 78' lang='grc' dir='ltr'><strong>ἢ</strong></span> <span class='ocrx_word' id='word_1_38' title='bbox 1255 850 1321 904; x_wconf 68' lang='grc' dir='ltr'>τὰ</span> <span class='ocrx_word' id='word_1_39' title='bbox 1346 850 1456 904; x_wconf 87' lang='grc' dir='ltr'><strong>τῶν</strong></span> <span class='ocrx_word' id='word_1_40' title='bbox 1504 850 1728 919; x_wconf 83' lang='grc' dir='ltr'>ἑτέρων.</span> <span class='ocrx_word' id='word_1_41' title='bbox 1764 848 1986 918; x_wconf 70' lang='grc' dir='ltr'>Οίογὲρ</span> 
     </span>
    </p>
   </div>
   <div class='ocr_carea' id='block_1_9' title="bbox 386 943 1986 1016">
    <p class='ocr_par' dir='ltr' id='par_1_9' title="bbox 386 943 1986 1016">
     <span class='ocr_line' id='line_1_9' title="bbox 386 943 1986 1016; baseline -0.002 -19"><span class='ocrx_word' id='word_1_42' title='bbox 386 943 834 1015; x_wconf 74' lang='grc' dir='ltr'>ἁμαρτήσαντες,</span> <span class='ocrx_word' id='word_1_43' title='bbox 870 947 927 996; x_wconf 84' lang='grc' dir='ltr'>ὲν</span> <span class='ocrx_word' id='word_1_44' title='bbox 964 948 1029 1015; x_wconf 81' lang='grc' dir='ltr'>τῇ</span> <span class='ocrx_word' id='word_1_45' title='bbox 1066 943 1187 1016; x_wconf 76' lang='grc' dir='ltr'><strong>ὥρᾳ</strong></span> <span class='ocrx_word' id='word_1_46' title='bbox 1243 944 1373 1007; x_wconf 84' lang='grc' dir='ltr'>ἴσως</span> <span class='ocrx_word' id='word_1_47' title='bbox 1407 943 1504 1014; x_wconf 77' lang='grc' dir='ltr'><strong>τῆς</strong></span> <span class='ocrx_word' id='word_1_48' title='bbox 1539 943 1819 1013; x_wconf 81' lang='grc' dir='ltr'>ἁμαρτίας</span> <span class='ocrx_word' id='word_1_49' title='bbox 1849 959 1986 1012; x_wconf 88' lang='grc' dir='ltr'>μετ-</span> 
     </span>
    </p>
   </div>
   <div class='ocr_carea' id='block_1_10' title="bbox 386 1031 1986 1103">
    <p class='ocr_par' dir='ltr' id='par_1_10' title="bbox 386 1031 1986 1103">
     <span class='ocr_line' id='line_1_10' title="bbox 386 1031 1986 1103; baseline 0.003 -22"><span class='ocrx_word' id='word_1_50' title='bbox 386 1031 620 1100; x_wconf 74' lang='grc' dir='ltr'>ενόησαν</span> <span class='ocrx_word' id='word_1_51' title='bbox 642 1048 657 1064; x_wconf 82' lang='grc' dir='ltr'><strong><em>ο</em></strong></span> <span class='ocrx_word' id='word_1_52' title='bbox 692 1033 857 1101; x_wconf 74' lang='grc' dir='ltr'>ἡμεῖς</span> <span class='ocrx_word' id='word_1_53' title='bbox 885 1033 942 1085; x_wconf 73' lang='grc' dir='ltr'>δὲ</span> <span class='ocrx_word' id='word_1_54' title='bbox 975 1034 1209 1086; x_wconf 68' lang='grc' dir='ltr'>πάντοτε</span> <span class='ocrx_word' id='word_1_55' title='bbox 1240 1032 1477 1103; x_wconf 87' lang='grc' dir='ltr'>μένομεν</span> <span class='ocrx_word' id='word_1_56' title='bbox 1505 1031 1850 1103; x_wconf 80' lang='grc' dir='ltr'>ἀδιόρθωτοι,</span> <span class='ocrx_word' id='word_1_57' title='bbox 1886 1048 1986 1085; x_wconf 87' lang='grc' dir='ltr'>κα-</span> 
     </span>
    </p>
   </div>
   <div class='ocr_carea' id='block_1_11' title="bbox 384 1122 1988 1195">
    <p class='ocr_par' dir='ltr' id='par_1_11' title="bbox 384 1122 1988 1195">
     <span class='ocr_line' id='line_1_11' title="bbox 384 1122 1988 1195; baseline 0.001 -20"><span class='ocrx_word' id='word_1_58' title='bbox 384 1124 736 1193; x_wconf 83' lang='grc' dir='ltr'>τακρίνοντες</span> <span class='ocrx_word' id='word_1_59' title='bbox 761 1125 858 1178; x_wconf 74' lang='grc' dir='ltr'><strong>καὶ</strong></span> <span class='ocrx_word' id='word_1_60' title='bbox 889 1126 1094 1195; x_wconf 77' lang='grc' dir='ltr'>ἐτέρων</span> <span class='ocrx_word' id='word_1_61' title='bbox 1123 1124 1497 1192; x_wconf 77' lang='grc' dir='ltr'><strong>ἐξετάζοντες.</strong></span> <span class='ocrx_word' id='word_1_62' title='bbox 1537 1124 1597 1177; x_wconf 82' lang='grc' dir='ltr'>Ὀ</span> <span class='ocrx_word' id='word_1_63' title='bbox 1623 1122 1745 1177; x_wconf 85' lang='grc' dir='ltr'>Λὼτ</span> <span class='ocrx_word' id='word_1_64' title='bbox 1780 1127 1988 1188; x_wconf 75' lang='grc' dir='ltr'>ἐκεῖνος</span> 
     </span>
    </p>
   </div>
   <div class='ocr_carea' id='block_1_12' title="bbox 386 1216 1984 1290">
    <p class='ocr_par' dir='ltr' id='par_1_12' title="bbox 386 1216 1984 1290">
     <span class='ocr_line' id='line_1_12' title="bbox 386 1216 1984 1290; baseline 0.001 -22"><span class='ocrx_word' id='word_1_65' title='bbox 386 1216 446 1269; x_wconf 82' lang='grc' dir='ltr'>ἐν</span> <span class='ocrx_word' id='word_1_66' title='bbox 480 1216 737 1287; x_wconf 78' lang='grc' dir='ltr'>Σοδόμοις</span> <span class='ocrx_word' id='word_1_67' title='bbox 769 1217 939 1270; x_wconf 81' lang='grc' dir='ltr'>οἰκῶν</span> <span class='ocrx_word' id='word_1_68' title='bbox 970 1218 1165 1272; x_wconf 86' lang='grc' dir='ltr'>οὐδένα</span> <span class='ocrx_word' id='word_1_69' title='bbox 1212 1219 1560 1290; x_wconf 78' lang='grc' dir='ltr'><strong>κατέκρινεν,</strong></span> <span class='ocrx_word' id='word_1_70' title='bbox 1600 1216 1813 1280; x_wconf 79' lang='grc' dir='ltr'>οὐδενὸς</span> <span class='ocrx_word' id='word_1_71' title='bbox 1852 1234 1984 1271; x_wconf 86' lang='grc' dir='ltr'>κατ-</span> 
     </span>
    </p>
   </div>
   <div class='ocr_carea' id='block_1_13' title="bbox 387 1307 1987 1381">
    <p class='ocr_par' dir='ltr' id='par_1_13' title="bbox 387 1307 1987 1381">
     <span class='ocr_line' id='line_1_13' title="bbox 387 1307 1987 1381; baseline 0.001 -21"><span class='ocrx_word' id='word_1_72' title='bbox 387 1307 656 1379; x_wconf 79' lang='grc' dir='ltr'>ηγόρησε.</span> <span class='ocrx_word' id='word_1_73' title='bbox 693 1309 791 1361; x_wconf 76' lang='grc' dir='ltr'>Διὰ</span> <span class='ocrx_word' id='word_1_74' title='bbox 812 1308 974 1362; x_wconf 73' lang='grc' dir='ltr'>τοῦτο</span> <span class='ocrx_word' id='word_1_75' title='bbox 1007 1309 1381 1375; x_wconf 78' lang='grc' dir='ltr'><strong>δεδικαίωται,</strong></span> <span class='ocrx_word' id='word_1_76' title='bbox 1421 1310 1515 1364; x_wconf 71' lang='grc' dir='ltr'><strong>καὶ</strong></span> <span class='ocrx_word' id='word_1_77' title='bbox 1546 1308 1657 1363; x_wconf 79' lang='grc' dir='ltr'><strong>ἀπὸ</strong></span> <span class='ocrx_word' id='word_1_78' title='bbox 1686 1308 1783 1362; x_wconf 81' lang='grc' dir='ltr'>τοῦ</span> <span class='ocrx_word' id='word_1_79' title='bbox 1814 1307 1987 1381; x_wconf 70' lang='grc' dir='ltr'>πυρὸς</span> 
     </span>
    </p>
   </div>
   <div class='ocr_carea' id='block_1_14' title="bbox 388 1399 1991 1478">
    <p class='ocr_par' dir='ltr' id='par_1_14' title="bbox 388 1399 1991 1478">
     <span class='ocr_line' id='line_1_14' title="bbox 388 1399 1991 1478; baseline 0.002 -27"><span class='ocrx_word' id='word_1_80' title='bbox 388 1399 624 1469; x_wconf 80' lang='grc' dir='ltr'>διεσώθη</span> <span class='ocrx_word' id='word_1_81' title='bbox 655 1400 750 1453; x_wconf 79' lang='grc' dir='ltr'><strong>καὶ</strong></span> <span class='ocrx_word' id='word_1_82' title='bbox 805 1402 906 1471; x_wconf 77' lang='grc' dir='ltr'>τῆς</span> <span class='ocrx_word' id='word_1_83' title='bbox 938 1400 1425 1478; x_wconf 74' lang='grc' dir='ltr'>πανο).εθρίας,’ἦς</span> <span class='ocrx_word' id='word_1_84' title='bbox 1453 1404 1502 1457; x_wconf 87' lang='grc' dir='ltr'><strong>οί</strong></span> <span class='ocrx_word' id='word_1_85' title='bbox 1539 1404 1827 1474; x_wconf 77' lang='grc' dir='ltr'>Σοδομῖται</span> <span class='ocrx_word' id='word_1_86' title='bbox 1857 1418 1991 1456; x_wconf 83' lang='grc' dir='ltr'>κατ-</span> 
     </span>
    </p>
   </div>
   <div class='ocr_carea' id='block_1_15' title="bbox 390 1490 1989 1568">
    <p class='ocr_par' dir='ltr' id='par_1_15' title="bbox 390 1490 1989 1568">
     <span class='ocr_line' id='line_1_15' title="bbox 390 1490 1989 1568; baseline 0.003 -25"><span class='ocrx_word' id='word_1_87' title='bbox 390 1490 780 1561; x_wconf 80' lang='grc' dir='ltr'>εδικάσοησαν.</span> <span class='ocrx_word' id='word_1_88' title='bbox 815 1493 1263 1561; x_wconf 86' lang='grc' dir='ltr'>Ταπεινωθέντες</span> <span class='ocrx_word' id='word_1_89' title='bbox 1300 1496 1395 1551; x_wconf 78' lang='grc' dir='ltr'><strong>οὖν</strong></span> <span class='ocrx_word' id='word_1_90' title='bbox 1427 1497 1521 1550; x_wconf 76' lang='grc' dir='ltr'>καὶ</span> <span class='ocrx_word' id='word_1_91' title='bbox 1567 1498 1728 1568; x_wconf 84' lang='grc' dir='ltr'>ἡμεῖς</span> <span class='ocrx_word' id='word_1_92' title='bbox 1760 1496 1989 1559; x_wconf 74' lang='grc' dir='ltr'>ἑαυτοὺς</span> 
     </span>
    </p>
   </div>
   <div class='ocr_carea' id='block_1_16' title="bbox 391 1581 1990 1659">
    <p class='ocr_par' dir='ltr' id='par_1_16' title="bbox 391 1581 1990 1659">
     <span class='ocr_line' id='line_1_16' title="bbox 391 1581 1990 1659; baseline 0.004 -24"><span class='ocrx_word' id='word_1_93' title='bbox 391 1581 830 1655; x_wconf 72' lang='grc' dir='ltr'>κατακρίνωμεν,</span> <span class='ocrx_word' id='word_1_94' title='bbox 871 1587 1103 1650; x_wconf 75' lang='grc' dir='ltr'>ἑαυτοὺς</span> <span class='ocrx_word' id='word_1_95' title='bbox 1139 1588 1619 1659; x_wconf 77' lang='grc' dir='ltr'>καταισχύνωμεν,</span> <span class='ocrx_word' id='word_1_96' title='bbox 1657 1589 1743 1641; x_wconf 81' lang='grc' dir='ltr'>ἵνα</span> <span class='ocrx_word' id='word_1_97' title='bbox 1775 1588 1990 1643; x_wconf 83' lang='grc' dir='ltr'>ἀκατά-</span> 
     </span>
    </p>
   </div>
   <div class='ocr_carea' id='block_1_17' title="bbox 386 1675 1988 1749">
    <p class='ocr_par' dir='ltr' id='par_1_17' title="bbox 386 1675 1988 1749">
     <span class='ocr_line' id='line_1_17' title="bbox 386 1675 1988 1749; baseline 0.004 -24"><span class='ocrx_word' id='word_1_98' title='bbox 386 1691 564 1746; x_wconf 86' lang='grc' dir='ltr'>κριτοι</span> <span class='ocrx_word' id='word_1_99' title='bbox 587 1675 783 1746; x_wconf 66' lang='grc' dir='ltr'>ὑψηλοὶ</span> <span class='ocrx_word' id='word_1_100' title='bbox 808 1676 1122 1745; x_wconf 83' lang='grc' dir='ltr'>γενώμεθα.</span> <span class='ocrx_word' id='word_1_101' title='bbox 1170 1681 1577 1749; x_wconf 77' lang='grc' dir='ltr'>’Λγαπήσωμεν</span> <span class='ocrx_word' id='word_1_102' title='bbox 1610 1680 1707 1748; x_wconf 58' lang='grc' dir='ltr'>τὴν</span> <span class='ocrx_word' id='word_1_103' title='bbox 1729 1697 1988 1733; x_wconf 87' lang='grc' dir='ltr'>ταπεινο-</span> 
     </span>
    </p>
   </div>
   <div class='ocr_carea' id='block_1_18' title="bbox 387 1766 1989 1843">
    <p class='ocr_par' dir='ltr' id='par_1_18' title="bbox 387 1766 1989 1843">
     <span class='ocr_line' id='line_1_18' title="bbox 387 1766 1989 1843; baseline 0.004 -26"><span class='ocrx_word' id='word_1_104' title='bbox 387 1766 687 1838; x_wconf 73' lang='grc' dir='ltr'>φροσύνην.</span> <span class='ocrx_word' id='word_1_105' title='bbox 723 1770 822 1821; x_wconf 77' lang='grc' dir='ltr'><strong>Διὰ</strong></span> <span class='ocrx_word' id='word_1_106' title='bbox 855 1768 1060 1840; x_wconf 82' lang='grc' dir='ltr'>ταύτης</span> <span class='ocrx_word' id='word_1_107' title='bbox 1088 1773 1115 1823; x_wconf 85' lang='grc' dir='ltr'>ὁ</span> <span class='ocrx_word' id='word_1_108' title='bbox 1151 1771 1406 1842; x_wconf 78' lang='grc' dir='ltr'>Τελώνης</span> <span class='ocrx_word' id='word_1_109' title='bbox 1442 1771 1765 1843; x_wconf 78' lang='grc' dir='ltr'>ἐδικαιώθη,</span> <span class='ocrx_word' id='word_1_110' title='bbox 1800 1772 1895 1826; x_wconf 73' lang='grc' dir='ltr'><strong>καὶ</strong></span> <span class='ocrx_word' id='word_1_111' title='bbox 1928 1770 1989 1825; x_wconf 80' lang='grc' dir='ltr'>τὸ</span> 
     </span>
    </p>
   </div>
   <div class='ocr_carea' id='block_1_19' title="bbox 386 1854 1989 1934">
    <p class='ocr_par' dir='ltr' id='par_1_19' title="bbox 386 1854 1989 1934">
     <span class='ocr_line' id='line_1_19' title="bbox 386 1854 1989 1934; baseline 0.006 -26"><span class='ocrx_word' id='word_1_112' title='bbox 386 1854 609 1925; x_wconf 75' lang='grc' dir='ltr'>φορτίον</span> <span class='ocrx_word' id='word_1_113' title='bbox 640 1855 748 1909; x_wconf 82' lang='grc' dir='ltr'>τῶν</span> <span class='ocrx_word' id='word_1_114' title='bbox 774 1859 1191 1928; x_wconf 66' lang='grc' dir='ltr'>ἁμαρτημάτων</span> <span class='ocrx_word' id='word_1_115' title='bbox 1219 1861 1476 1916; x_wconf 86' lang='grc' dir='ltr'>ἀπέθετο.</span> <span class='ocrx_word' id='word_1_116' title='bbox 1511 1864 1989 1934; x_wconf 79' lang='grc' dir='ltr'>Μισήσωμεντὴν</span> 
     </span>
    </p>
   </div>
   <div class='ocr_carea' id='block_1_20' title="bbox 2090 650 3675 733">
    <p class='ocr_par' dir='ltr' id='par_1_20' title="bbox 2090 650 3675 733">
     <span class='ocr_line' id='line_1_20' title="bbox 2090 650 3675 733; baseline -0.006 -21"><span class='ocrx_word' id='word_1_117' title='bbox 2090 660 2242 729; x_wconf 88' lang='lat' dir='ltr'><strong>ipsos</strong></span> <span class='ocrx_word' id='word_1_118' title='bbox 2294 660 2507 733; x_wconf 80' lang='lat' dir='ltr'><strong>potius,</strong></span> <span class='ocrx_word' id='word_1_119' title='bbox 2558 657 2770 713; x_wconf 78' lang='lat' dir='ltr'><strong>dilecti.</strong></span> <span class='ocrx_word' id='word_1_120' title='bbox 2823 655 2889 710; x_wconf 88' lang='lat' dir='ltr'><strong>Et</strong></span> <span class='ocrx_word' id='word_1_121' title='bbox 2927 657 2970 712; x_wconf 92' lang='lat' dir='ltr'><strong>si</strong></span> <span class='ocrx_word' id='word_1_122' title='bbox 3024 670 3166 726; x_wconf 84' lang='lat' dir='ltr'><strong>quos</strong></span> <span class='ocrx_word' id='word_1_123' title='bbox 3196 666 3427 725; x_wconf 75' lang='lat' dir='ltr'><strong>peccare</strong></span> <span class='ocrx_word' id='word_1_124' title='bbox 3465 650 3675 707; x_wconf 87' lang='lat' dir='ltr'><strong>videri-</strong></span> 
     </span>
    </p>
   </div>
   <div class='ocr_carea' id='block_1_21' title="bbox 2089 743 3681 819">
    <p class='ocr_par' dir='ltr' id='par_1_21' title="bbox 2089 743 3681 819">
     <span class='ocr_line' id='line_1_21' title="bbox 2089 743 3681 819; baseline -0.005 -16"><span class='ocrx_word' id='word_1_125' title='bbox 2089 766 2235 813; x_wconf 85' lang='lat' dir='ltr'><strong>mus,</strong></span> <span class='ocrx_word' id='word_1_126' title='bbox 2274 764 2379 804; x_wconf 89' lang='lat' dir='ltr'><strong>nos</strong></span> <span class='ocrx_word' id='word_1_127' title='bbox 2445 759 2635 804; x_wconf 91' lang='lat' dir='ltr'><strong>nostra</strong></span> <span class='ocrx_word' id='word_1_128' title='bbox 2671 756 2897 819; x_wconf 86' lang='lat' dir='ltr'><strong>peccata</strong></span> <span class='ocrx_word' id='word_1_129' title='bbox 2926 749 2998 804; x_wconf 87' lang='lat' dir='ltr'><strong>ob</strong></span> <span class='ocrx_word' id='word_1_130' title='bbox 3030 747 3228 802; x_wconf 82' lang='lat' dir='ltr'><strong>oculos</strong></span> <span class='ocrx_word' id='word_1_131' title='bbox 3258 743 3586 804; x_wconf 77' lang='lat' dir='ltr'><strong>habeamus.</strong></span> <span class='ocrx_word' id='word_1_132' title='bbox 3622 750 3681 795; x_wconf 83' lang='lat' dir='ltr'><strong>et</strong></span> 
     </span>
    </p>
   </div>
   <div class='ocr_carea' id='block_1_22' title="bbox 2089 831 3677 911">
    <p class='ocr_par' dir='ltr' id='par_1_22' title="bbox 2089 831 3677 911">
     <span class='ocr_line' id='line_1_22' title="bbox 2089 831 3677 911; baseline -0.006 -16"><span class='ocrx_word' id='word_1_133' title='bbox 2089 851 2279 896; x_wconf 87' lang='lat' dir='ltr'><strong>nostra</strong></span> <span class='ocrx_word' id='word_1_134' title='bbox 2314 841 2477 910; x_wconf 70' lang='lat' dir='ltr'><strong>longe</strong></span> <span class='ocrx_word' id='word_1_135' title='bbox 2510 840 2701 911; x_wconf 82' lang='lat' dir='ltr'><strong>peiora</strong></span> <span class='ocrx_word' id='word_1_136' title='bbox 2738 839 3098 905; x_wconf 76' lang='lat' dir='ltr'><strong>arbitremur,</strong></span> <span class='ocrx_word' id='word_1_137' title='bbox 3137 853 3303 908; x_wconf 83' lang='lat' dir='ltr'><strong>quam</strong></span> <span class='ocrx_word' id='word_1_138' title='bbox 3334 836 3539 891; x_wconf 88' lang='lat' dir='ltr'><strong>aliena.</strong></span> <span class='ocrx_word' id='word_1_139' title='bbox 3570 831 3677 900; x_wconf 86' lang='lat' dir='ltr'><strong>Qui</strong></span> 
     </span>
    </p>
   </div>
   <div class='ocr_carea' id='block_1_23' title="bbox 2088 929 3680 1003">
    <p class='ocr_par' dir='ltr' id='par_1_23' title="bbox 2088 929 3680 1003">
     <span class='ocr_line' id='line_1_23' title="bbox 2088 929 3680 1003; baseline -0.005 -15"><span class='ocrx_word' id='word_1_140' title='bbox 2088 933 2236 989; x_wconf 91' lang='lat' dir='ltr'><strong>enim</strong></span> <span class='ocrx_word' id='word_1_141' title='bbox 2271 942 2670 1003; x_wconf 79' lang='lat' dir='ltr'><strong>peccaverunt,</strong></span> <span class='ocrx_word' id='word_1_142' title='bbox 2704 931 2827 1002; x_wconf 89' lang='lat' dir='ltr'><strong>ipsa</strong></span> <span class='ocrx_word' id='word_1_143' title='bbox 2877 929 3121 987; x_wconf 75' lang='lat' dir='ltr'><strong>fortasse</strong></span> <span class='ocrx_word' id='word_1_144' title='bbox 3152 930 3366 1001; x_wconf 80' lang='lat' dir='ltr'><strong>peccati</strong></span> <span class='ocrx_word' id='word_1_145' title='bbox 3393 929 3531 982; x_wconf 87' lang='lat' dir='ltr'><strong>hora</strong></span> <span class='ocrx_word' id='word_1_146' title='bbox 3561 942 3680 998; x_wconf 74' lang='lat' dir='ltr'><strong>pre-</strong></span> 
     </span>
    </p>
   </div>
   <div class='ocr_carea' id='block_1_24' title="bbox 2089 1020 3677 1096">
    <p class='ocr_par' dir='ltr' id='par_1_24' title="bbox 2089 1020 3677 1096">
     <span class='ocr_line' id='line_1_24' title="bbox 2089 1020 3677 1096; baseline -0.004 -16"><span class='ocrx_word' id='word_1_147' title='bbox 2089 1025 2381 1081; x_wconf 88' lang='lat' dir='ltr'><strong>nitentiam</strong></span> <span class='ocrx_word' id='word_1_148' title='bbox 2434 1035 2716 1096; x_wconf 76' lang='lat' dir='ltr'><strong>egerunt:</strong></span> <span class='ocrx_word' id='word_1_149' title='bbox 2781 1034 2838 1078; x_wconf 86' lang='lat' dir='ltr'><strong>at</strong></span> <span class='ocrx_word' id='word_1_150' title='bbox 2904 1040 3005 1080; x_wconf 89' lang='lat' dir='ltr'><strong>nos</strong></span> <span class='ocrx_word' id='word_1_151' title='bbox 3060 1038 3280 1094; x_wconf 83' lang='lat' dir='ltr'><strong>semper</strong></span> <span class='ocrx_word' id='word_1_152' title='bbox 3335 1020 3677 1076; x_wconf 88' lang='lat' dir='ltr'><strong>inemendati</strong></span> 
     </span>
    </p>
   </div>
   <div class='ocr_carea' id='block_1_25' title="bbox 2089 1111 3681 1187">
    <p class='ocr_par' dir='ltr' id='par_1_25' title="bbox 2089 1111 3681 1187">
     <span class='ocr_line' id='line_1_25' title="bbox 2089 1111 3681 1187; baseline -0.006 -13"><span class='ocrx_word' id='word_1_153' title='bbox 2089 1135 2401 1185; x_wconf 87' lang='lat' dir='ltr'><strong>manemus,</strong></span> <span class='ocrx_word' id='word_1_154' title='bbox 2424 1119 2867 1173; x_wconf 87' lang='lat' dir='ltr'><strong>condenmantes</strong></span> <span class='ocrx_word' id='word_1_155' title='bbox 2897 1119 3149 1187; x_wconf 90' lang='lat' dir='ltr'><strong>aliosque</strong></span> <span class='ocrx_word' id='word_1_156' title='bbox 3183 1111 3681 1173; x_wconf 75' lang='lat' dir='ltr'><strong>excutientes.Lo—</strong></span> 
     </span>
    </p>
   </div>
   <div class='ocr_carea' id='block_1_26' title="bbox 2088 1210 3677 1282">
    <p class='ocr_par' dir='ltr' id='par_1_26' title="bbox 2088 1210 3677 1282">
     <span class='ocr_line' id='line_1_26' title="bbox 2088 1210 3677 1282; baseline -0.004 -15"><span class='ocrx_word' id='word_1_157' title='bbox 2088 1221 2183 1268; x_wconf 90' lang='lat' dir='ltr'><strong>tus</strong></span> <span class='ocrx_word' id='word_1_158' title='bbox 2215 1213 2308 1266; x_wconf 91' lang='lat' dir='ltr'><strong>ille</strong></span> <span class='ocrx_word' id='word_1_159' title='bbox 2344 1214 2436 1282; x_wconf 86' lang='lat' dir='ltr'><strong>qui</strong></span> <span class='ocrx_word' id='word_1_160' title='bbox 2492 1213 2546 1266; x_wconf 91' lang='lat' dir='ltr'><strong>in</strong></span> <span class='ocrx_word' id='word_1_161' title='bbox 2595 1211 2859 1267; x_wconf 85' lang='lat' dir='ltr'><strong>Sodomis</strong></span> <span class='ocrx_word' id='word_1_162' title='bbox 2890 1211 3199 1275; x_wconf 89' lang='lat' dir='ltr'><strong>habitabat,</strong></span> <span class='ocrx_word' id='word_1_163' title='bbox 3235 1210 3509 1265; x_wconf 83' lang='lat' dir='ltr'><strong>neminem</strong></span> <span class='ocrx_word' id='word_1_164' title='bbox 3543 1224 3677 1262; x_wconf 88' lang='lat' dir='ltr'><strong>con-</strong></span> 
     </span>
    </p>
   </div>
   <div class='ocr_carea' id='block_1_27' title="bbox 2090 1302 3679 1373">
    <p class='ocr_par' dir='ltr' id='par_1_27' title="bbox 2090 1302 3679 1373">
     <span class='ocr_line' id='line_1_27' title="bbox 2090 1302 3679 1373; baseline -0.005 -11"><span class='ocrx_word' id='word_1_165' title='bbox 2090 1307 2394 1369; x_wconf 84' lang='lat' dir='ltr'><strong>demnavit,</strong></span> <span class='ocrx_word' id='word_1_166' title='bbox 2451 1307 2731 1361; x_wconf 85' lang='lat' dir='ltr'><strong>neminem</strong></span> <span class='ocrx_word' id='word_1_167' title='bbox 2785 1305 3093 1360; x_wconf 88' lang='lat' dir='ltr'><strong>accusavit.</strong></span> <span class='ocrx_word' id='word_1_168' title='bbox 3135 1305 3434 1373; x_wconf 78' lang='lat' dir='ltr'><strong>Propterea</strong></span> <span class='ocrx_word' id='word_1_169' title='bbox 3491 1302 3679 1370; x_wconf 83' lang='lat' dir='ltr'><strong>justus</strong></span> 
     </span>
    </p>
   </div>
   <div class='ocr_carea' id='block_1_28' title="bbox 2091 1396 3680 1464">
    <p class='ocr_par' dir='ltr' id='par_1_28' title="bbox 2091 1396 3680 1464">
     <span class='ocr_line' id='line_1_28' title="bbox 2091 1396 3680 1464; baseline -0.006 -11"><span class='ocrx_word' id='word_1_170' title='bbox 2091 1400 2314 1454; x_wconf 89' lang='lat' dir='ltr'><strong>habitus</strong></span> <span class='ocrx_word' id='word_1_171' title='bbox 2349 1406 2454 1460; x_wconf 90' lang='lat' dir='ltr'><strong>cst,</strong></span> <span class='ocrx_word' id='word_1_172' title='bbox 2490 1408 2545 1453; x_wconf 88' lang='lat' dir='ltr'><strong>et</strong></span> <span class='ocrx_word' id='word_1_173' title='bbox 2575 1399 2642 1452; x_wconf 86' lang='lat' dir='ltr'><strong>ab</strong></span> <span class='ocrx_word' id='word_1_174' title='bbox 2677 1397 2939 1453; x_wconf 89' lang='lat' dir='ltr'><strong>incendio</strong></span> <span class='ocrx_word' id='word_1_175' title='bbox 2966 1406 3222 1451; x_wconf 83' lang='lat' dir='ltr'><strong>servatus</strong></span> <span class='ocrx_word' id='word_1_176' title='bbox 3258 1396 3366 1448; x_wconf 78' lang='lat' dir='ltr'><strong>fuit</strong></span> <span class='ocrx_word' id='word_1_177' title='bbox 3400 1404 3569 1464; x_wconf 89' lang='lat' dir='ltr'><strong>atque</strong></span> <span class='ocrx_word' id='word_1_178' title='bbox 3608 1396 3680 1446; x_wconf 80' lang='lat' dir='ltr'><strong>ab</strong></span> 
     </span>
    </p>
   </div>
   <div class='ocr_carea' id='block_1_29' title="bbox 2092 1486 3676 1562">
    <p class='ocr_par' dir='ltr' id='par_1_29' title="bbox 2092 1486 3676 1562">
     <span class='ocr_line' id='line_1_29' title="bbox 2092 1486 3676 1562; baseline -0.005 -14"><span class='ocrx_word' id='word_1_179' title='bbox 2092 1493 2345 1558; x_wconf 83' lang='lat' dir='ltr'><strong>interitu,</strong></span> <span class='ocrx_word' id='word_1_180' title='bbox 2405 1507 2517 1562; x_wconf 91' lang='lat' dir='ltr'><strong>quo</strong></span> <span class='ocrx_word' id='word_1_181' title='bbox 2576 1492 2876 1547; x_wconf 66' lang='lat' dir='ltr'><strong>Sodomita?</strong></span> <span class='ocrx_word' id='word_1_182' title='bbox 2927 1490 3142 1545; x_wconf 80' lang='lat' dir='ltr'><strong>multati</strong></span> <span class='ocrx_word' id='word_1_183' title='bbox 3199 1496 3356 1545; x_wconf 90' lang='lat' dir='ltr'><strong>sunt.</strong></span> <span class='ocrx_word' id='word_1_184' title='bbox 3392 1486 3676 1542; x_wconf 85' lang='lat' dir='ltr'><strong>Humiliati</strong></span> 
     </span>
    </p>
   </div>
   <div class='ocr_carea' id='block_1_30' title="bbox 2091 1576 3679 1654">
    <p class='ocr_par' dir='ltr' id='par_1_30' title="bbox 2091 1576 3679 1654">
     <span class='ocr_line' id='line_1_30' title="bbox 2091 1576 3679 1654; baseline -0.005 -15"><span class='ocrx_word' id='word_1_185' title='bbox 2091 1598 2223 1653; x_wconf 82' lang='lat' dir='ltr'><strong>ergo</strong></span> <span class='ocrx_word' id='word_1_186' title='bbox 2255 1591 2311 1639; x_wconf 89' lang='lat' dir='ltr'><strong>et</strong></span> <span class='ocrx_word' id='word_1_187' title='bbox 2339 1584 2444 1654; x_wconf 90' lang='lat' dir='ltr'><strong>ipsi</strong></span> <span class='ocrx_word' id='word_1_188' title='bbox 2482 1590 2702 1638; x_wconf 89' lang='lat' dir='ltr'><strong>nosmet</strong></span> <span class='ocrx_word' id='word_1_189' title='bbox 2732 1582 3191 1646; x_wconf 87' lang='lat' dir='ltr'><strong>condemnemus,</strong></span> <span class='ocrx_word' id='word_1_190' title='bbox 3220 1587 3436 1633; x_wconf 89' lang='lat' dir='ltr'><strong>nosmet</strong></span> <span class='ocrx_word' id='word_1_191' title='bbox 3465 1576 3679 1647; x_wconf 88' lang='lat' dir='ltr'><strong>pudore</strong></span> 
     </span>
    </p>
   </div>
   <div class='ocr_carea' id='block_1_31' title="bbox 2092 1667 3680 1741">
    <p class='ocr_par' dir='ltr' id='par_1_31' title="bbox 2092 1667 3680 1741">
     <span class='ocr_line' id='line_1_31' title="bbox 2092 1667 3680 1741; baseline -0.004 -12"><span class='ocrx_word' id='word_1_192' title='bbox 2092 1673 2504 1741; x_wconf 72' lang='lat' dir='ltr'><strong>suﬂ‘undamus,</strong></span> <span class='ocrx_word' id='word_1_193' title='bbox 2552 1682 2613 1730; x_wconf 90' lang='lat' dir='ltr'><strong>ut</strong></span> <span class='ocrx_word' id='word_1_194' title='bbox 2649 1673 3064 1728; x_wconf 86' lang='lat' dir='ltr'><strong>damnationem</strong></span> <span class='ocrx_word' id='word_1_195' title='bbox 3110 1670 3412 1726; x_wconf 82' lang='lat' dir='ltr'><strong>evadentes</strong></span> <span class='ocrx_word' id='word_1_196' title='bbox 3466 1667 3680 1723; x_wconf 80' lang='lat' dir='ltr'><strong>exalte-</strong></span> 
     </span>
    </p>
   </div>
   <div class='ocr_carea' id='block_1_32' title="bbox 2092 1759 3677 1833">
    <p class='ocr_par' dir='ltr' id='par_1_32' title="bbox 2092 1759 3677 1833">
     <span class='ocr_line' id='line_1_32' title="bbox 2092 1759 3677 1833; baseline -0.004 -14"><span class='ocrx_word' id='word_1_197' title='bbox 2092 1782 2236 1820; x_wconf 89' lang='lat' dir='ltr'><strong>mur.</strong></span> <span class='ocrx_word' id='word_1_198' title='bbox 2273 1766 2537 1821; x_wconf 87' lang='lat' dir='ltr'><strong>Amemus</strong></span> <span class='ocrx_word' id='word_1_199' title='bbox 2588 1764 2995 1820; x_wconf 64' lang='lat' dir='ltr'><strong>humilitatem.</strong></span> <span class='ocrx_word' id='word_1_200' title='bbox 3037 1762 3271 1833; x_wconf 81' lang='lat' dir='ltr'><strong>Propter</strong></span> <span class='ocrx_word' id='word_1_201' title='bbox 3314 1763 3457 1816; x_wconf 89' lang='lat' dir='ltr'><strong>hanc</strong></span> <span class='ocrx_word' id='word_1_202' title='bbox 3489 1759 3677 1814; x_wconf 85' lang='lat' dir='ltr'><strong>Publi-</strong></span> 
     </span>
    </p>
   </div>
   <div class='ocr_carea' id='block_1_33' title="bbox 2094 1859 3677 1929">
    <p class='ocr_par' dir='ltr' id='par_1_33' title="bbox 2094 1859 3677 1929">
     <span class='ocr_line' id='line_1_33' title="bbox 2094 1859 3677 1929; baseline -0.004 -14"><span class='ocrx_word' id='word_1_203' title='bbox 2094 1876 2266 1915; x_wconf 87' lang='lat' dir='ltr'><strong>canus</strong></span> <span class='ocrx_word' id='word_1_204' title='bbox 2318 1860 2656 1929; x_wconf 86' lang='lat' dir='ltr'><strong>justilicatus</strong></span> <span class='ocrx_word' id='word_1_205' title='bbox 2705 1867 2814 1925; x_wconf 89' lang='lat' dir='ltr'><strong>est,</strong></span> <span class='ocrx_word' id='word_1_206' title='bbox 2873 1859 3267 1928; x_wconf 89' lang='lat' dir='ltr'><strong>sarcinamque</strong></span> <span class='ocrx_word' id='word_1_207' title='bbox 3326 1864 3677 1925; x_wconf 82' lang='lat' dir='ltr'><strong>peccatorum</strong></span> 
     </span>
    </p>
   </div>
   <div class='ocr_carea' id='block_1_34' title="bbox 385 1927 1982 2028">
    <p class='ocr_par' dir='ltr' id='par_1_34' title="bbox 385 1927 1982 2028">
     <span class='ocr_line' id='line_1_34' title="bbox 385 1927 1982 2028; baseline 0.006 -30"><span class='ocrx_word' id='word_1_208' title='bbox 385 1946 637 2018; x_wconf 73' lang='grc' dir='ltr'>ἔπαρσιν,</span> <span class='ocrx_word' id='word_1_209' title='bbox 667 1949 801 2003; x_wconf 84' lang='grc' dir='ltr'><strong>ὅτιό</strong></span> <span class='ocrx_word' id='word_1_210' title='bbox 826 1952 1123 2023; x_wconf 84' lang='grc' dir='ltr'>Φαρισαῖος</span> <span class='ocrx_word' id='word_1_211' title='bbox 1159 1953 1247 2005; x_wconf 75' lang='grc' dir='ltr'><strong>διὰ</strong></span> <span class='ocrx_word' id='word_1_212' title='bbox 1289 1955 1497 2025; x_wconf 79' lang='grc' dir='ltr'>ταύτης</span> <span class='ocrx_word' id='word_1_213' title='bbox 1527 1927 1854 2028; x_wconf 78' lang='grc' dir='ltr'>κατεκρίθη,</span> <span class='ocrx_word' id='word_1_214' title='bbox 1891 1927 1982 2013; x_wconf 80' lang='grc' dir='ltr'>καὶ</span> 
     </span>
    </p>
   </div>
   <div class='ocr_carea' id='block_1_35' title="bbox 2088 1927 3675 2028">
    <p class='ocr_par' dir='ltr' id='par_1_35' title="bbox 2092 1934 3675 2024">
     <span class='ocr_line' id='line_1_35' title="bbox 2092 1934 3675 2024; baseline -0.004 -17"><span class='ocrx_word' id='word_1_215' title='bbox 2092 1952 2370 2024; x_wconf 76' lang='lat' dir='ltr'><strong>deposuit.</strong></span> <span class='ocrx_word' id='word_1_216' title='bbox 2424 1956 2840 2024; x_wconf 82' lang='lat' dir='ltr'><strong>Proseqaamur</strong></span> <span class='ocrx_word' id='word_1_217' title='bbox 2882 1954 3011 2008; x_wconf 91' lang='lat' dir='ltr'><strong>odio</strong></span> <span class='ocrx_word' id='word_1_218' title='bbox 3055 1941 3379 2016; x_wconf 87' lang='lat' dir='ltr'><strong>elationem,</strong></span> <span class='ocrx_word' id='word_1_219' title='bbox 3410 1934 3675 2020; x_wconf 82' lang='lat' dir='ltr'><strong>quoniam</strong></span> 
     </span>
    </p>
   </div>
   <div class='ocr_carea' id='block_1_36' title="bbox 383 2037 1337 2114">
    <p class='ocr_par' dir='ltr' id='par_1_36' title="bbox 383 2037 1337 2114">
     <span class='ocr_line' id='line_1_36' title="bbox 383 2037 1337 2114; baseline 0.01 -23"><span class='ocrx_word' id='word_1_220' title='bbox 383 2038 483 2102; x_wconf 66' lang='grc' dir='ltr'>τὰς</span> <span class='ocrx_word' id='word_1_221' title='bbox 515 2040 718 2111; x_wconf 81' lang='grc' dir='ltr'>ἀρετὰς</span> <span class='ocrx_word' id='word_1_222' title='bbox 750 2040 816 2106; x_wconf 72' lang='grc' dir='ltr'>ἃς</span> <span class='ocrx_word' id='word_1_223' title='bbox 846 2037 993 2114; x_wconf 77' lang='grc' dir='ltr'>εἶχεν</span> <span class='ocrx_word' id='word_1_224' title='bbox 1028 2043 1337 2101; x_wconf 82' lang='grc' dir='ltr'>ἀπώλεσεν.</span> 
     </span>
    </p>
   </div>
   <div class='ocr_carea' id='block_1_37' title="bbox 468 2214 1985 2299">
    <p class='ocr_par' dir='ltr' id='par_1_37' title="bbox 468 2214 1985 2299">
     <span class='ocr_line' id='line_1_37' title="bbox 468 2214 1985 2299; baseline 0.01 -32"><span class='ocrx_word' id='word_1_225' title='bbox 468 2214 527 2268; x_wconf 86' lang='lat'><strong>&#39;0</strong></span> <span class='ocrx_word' id='word_1_226' title='bbox 555 2218 848 2285; x_wconf 82' lang='grc' dir='ltr'>Φαρισαῖος</span> <span class='ocrx_word' id='word_1_227' title='bbox 892 2220 967 2291; x_wconf 82' lang='grc' dir='ltr'>μὴ</span> <span class='ocrx_word' id='word_1_228' title='bbox 1000 2222 1183 2287; x_wconf 82' lang='grc' dir='ltr'>καλῶς</span> <span class='ocrx_word' id='word_1_229' title='bbox 1232 2226 1294 2277; x_wconf 78' lang='grc' dir='ltr'>τὸ</span> <span class='ocrx_word' id='word_1_230' title='bbox 1342 2224 1505 2279; x_wconf 80' lang='grc' dir='ltr'>καλὸν</span> <span class='ocrx_word' id='word_1_231' title='bbox 1539 2226 1985 2299; x_wconf 80' lang='grc' dir='ltr'>διαπραξάμενος</span> 
     </span>
    </p>
   </div>
   <div class='ocr_carea' id='block_1_38' title="bbox 387 2308 1984 2390">
    <p class='ocr_par' dir='ltr' id='par_1_38' title="bbox 387 2308 1984 2390">
     <span class='ocr_line' id='line_1_38' title="bbox 387 2308 1984 2390; baseline 0.011 -32"><span class='ocrx_word' id='word_1_232' title='bbox 387 2308 806 2378; x_wconf 71' lang='grc' dir='ltr'>κατακέκριται.</span> <span class='ocrx_word' id='word_1_233' title='bbox 843 2311 901 2364; x_wconf 86' lang='lat'><strong>&#39;0</strong></span> <span class='ocrx_word' id='word_1_234' title='bbox 926 2314 1180 2385; x_wconf 82' lang='grc' dir='ltr'>Τελώνης</span> <span class='ocrx_word' id='word_1_235' title='bbox 1205 2317 1279 2381; x_wconf 83' lang='grc' dir='ltr'>ὡς</span> <span class='ocrx_word' id='word_1_236' title='bbox 1305 2317 1486 2381; x_wconf 82' lang='grc' dir='ltr'>καλῶς</span> <span class='ocrx_word' id='word_1_237' title='bbox 1512 2319 1581 2371; x_wconf 72' lang='grc' dir='ltr'>τὰ</span> <span class='ocrx_word' id='word_1_238' title='bbox 1618 2322 1692 2390; x_wconf 76' lang='grc' dir='ltr'>μὴ</span> <span class='ocrx_word' id='word_1_239' title='bbox 1713 2321 1855 2374; x_wconf 83' lang='grc' dir='ltr'>καλὰ</span> <span class='ocrx_word' id='word_1_240' title='bbox 1874 2322 1984 2375; x_wconf 86' lang='grc' dir='ltr'>τῶν</span> 
     </span>
    </p>
   </div>
   <div class='ocr_carea' id='block_1_39' title="bbox 390 2395 1987 2481">
    <p class='ocr_par' dir='ltr' id='par_1_39' title="bbox 390 2395 1987 2481">
     <span class='ocr_line' id='line_1_39' title="bbox 390 2395 1987 2481; baseline 0.011 -33"><span class='ocrx_word' id='word_1_241' title='bbox 390 2395 568 2465; x_wconf 71' lang='grc' dir='ltr'>ἔργων</span> <span class='ocrx_word' id='word_1_242' title='bbox 592 2399 1053 2472; x_wconf 78' lang='grc' dir='ltr'>ἀποσεισάμενος,</span> <span class='ocrx_word' id='word_1_243' title='bbox 1078 2404 1446 2462; x_wconf 82' lang='grc' dir='ltr'>δεδικαίωται.</span> <span class='ocrx_word' id='word_1_244' title='bbox 1494 2409 1795 2478; x_wconf 61' lang='grc' dir='ltr'>Ἐπέῦλεψε</span> <span class='ocrx_word' id='word_1_245' title='bbox 1820 2410 1930 2481; x_wconf 81' lang='grc' dir='ltr'>γὰρ</span> <span class='ocrx_word' id='word_1_246' title='bbox 1958 2414 1987 2465; x_wconf 82' lang='grc' dir='ltr'><strong>ὁ</strong></span> 
     </span>
    </p>
   </div>
   <div class='ocr_carea' id='block_1_40' title="bbox 388 2487 1985 2570">
    <p class='ocr_par' dir='ltr' id='par_1_40' title="bbox 388 2487 1985 2570">
     <span class='ocr_line' id='line_1_40' title="bbox 388 2487 1985 2570; baseline 0.009 -31"><span class='ocrx_word' id='word_1_247' title='bbox 388 2487 520 2552; x_wconf 83' lang='grc' dir='ltr'><strong>Θεὸς</strong></span> <span class='ocrx_word' id='word_1_248' title='bbox 551 2489 643 2541; x_wconf 75' lang='grc' dir='ltr'>ἐπὶ</span> <span class='ocrx_word' id='word_1_249' title='bbox 674 2491 768 2544; x_wconf 79' lang='grc' dir='ltr'><strong>τὸν</strong></span> <span class='ocrx_word' id='word_1_250' title='bbox 801 2497 1113 2564; x_wconf 74' lang='grc' dir='ltr'>στεναγμὸν</span> <span class='ocrx_word' id='word_1_251' title='bbox 1146 2497 1241 2550; x_wconf 82' lang='grc' dir='ltr'>τοῦ</span> <span class='ocrx_word' id='word_1_252' title='bbox 1271 2496 1547 2562; x_wconf 84' lang='grc' dir='ltr'>Τελώνου,</span> <span class='ocrx_word' id='word_1_253' title='bbox 1574 2500 1671 2554; x_wconf 75' lang='grc' dir='ltr'><strong>καὶ</strong></span> <span class='ocrx_word' id='word_1_254' title='bbox 1693 2501 1791 2570; x_wconf 85' lang='grc' dir='ltr'><strong>τὴν</strong></span> <span class='ocrx_word' id='word_1_255' title='bbox 1820 2502 1985 2555; x_wconf 79' lang='grc' dir='ltr'>αὑτοῦ</span> 
     </span>
    </p>
   </div>
   <div class='ocr_carea' id='block_1_41' title="bbox 388 2582 1985 2661">
    <p class='ocr_par' dir='ltr' id='par_1_41' title="bbox 388 2582 1985 2661">
     <span class='ocr_line' id='line_1_41' title="bbox 388 2582 1985 2661; baseline 0.009 -31"><span class='ocrx_word' id='word_1_256' title='bbox 388 2582 705 2653; x_wconf 82' lang='grc' dir='ltr'>συντριδὴν,</span> <span class='ocrx_word' id='word_1_257' title='bbox 733 2586 827 2638; x_wconf 73' lang='grc' dir='ltr'><strong>καὶ</strong></span> <span class='ocrx_word' id='word_1_258' title='bbox 877 2586 976 2649; x_wconf 75' lang='grc' dir='ltr'><strong>τὰς</strong></span> <span class='ocrx_word' id='word_1_259' title='bbox 1038 2589 1181 2641; x_wconf 75' lang='grc' dir='ltr'>κατὰ</span> <span class='ocrx_word' id='word_1_260' title='bbox 1225 2588 1322 2642; x_wconf 77' lang='grc' dir='ltr'><strong>τοῦ</strong></span> <span class='ocrx_word' id='word_1_261' title='bbox 1358 2591 1592 2660; x_wconf 82' lang='grc' dir='ltr'>στήθους</span> <span class='ocrx_word' id='word_1_262' title='bbox 1623 2591 1814 2661; x_wconf 66' lang='grc' dir='ltr'>τύψεις</span> <span class='ocrx_word' id='word_1_263' title='bbox 1839 2611 1851 2624; x_wconf 88' lang='grc'><strong>·</strong></span> <span class='ocrx_word' id='word_1_264' title='bbox 1891 2595 1985 2645; x_wconf 64' lang='grc' dir='ltr'><strong>καῖ¹</strong></span> 
     </span>
    </p>
   </div>
   <div class='ocr_carea' id='block_1_42' title="bbox 385 2669 1986 2749">
    <p class='ocr_par' dir='ltr' id='par_1_42' title="bbox 385 2669 1986 2749">
     <span class='ocr_line' id='line_1_42' title="bbox 385 2669 1986 2749; baseline 0.011 -31"><span class='ocrx_word' id='word_1_265' title='bbox 385 2669 830 2741; x_wconf 75' lang='grc' dir='ltr'>προσδεξάμενος</span> <span class='ocrx_word' id='word_1_266' title='bbox 864 2675 944 2736; x_wconf 76' lang='grc' dir='ltr'><strong>τὸ,</strong></span> <span class='ocrx_word' id='word_1_267' title='bbox 982 2676 1284 2746; x_wconf 74' lang='grc' dir='ltr'>ἰλάσθητι,</span> <span class='ocrx_word' id='word_1_268' title='bbox 1320 2679 1461 2749; x_wconf 77' lang='grc' dir='ltr'>μετὰ</span> <span class='ocrx_word' id='word_1_269' title='bbox 1493 2679 1587 2732; x_wconf 81' lang='grc' dir='ltr'>τοῦ</span> <span class='ocrx_word' id='word_1_270' title='bbox 1623 2681 1791 2734; x_wconf 75' lang='grc' dir='ltr'>Ἀϐελ</span> <span class='ocrx_word' id='word_1_271' title='bbox 1821 2682 1986 2741; x_wconf 80' lang='grc' dir='ltr'>αὑτὸν</span> 
     </span>
    </p>
   </div>
   <div class='ocr_carea' id='block_1_43' title="bbox 382 2759 1986 2840">
    <p class='ocr_par' dir='ltr' id='par_1_43' title="bbox 382 2759 1986 2840">
     <span class='ocr_line' id='line_1_43' title="bbox 382 2759 1986 2840; baseline 0.011 -31"><span class='ocrx_word' id='word_1_272' title='bbox 382 2759 725 2817; x_wconf 75' lang='grc' dir='ltr'>ἐδικαίωσεν.</span> <span class='ocrx_word' id='word_1_273' title='bbox 762 2765 873 2829; x_wconf 76' lang='grc' dir='ltr'>Τὰς</span> <span class='ocrx_word' id='word_1_274' title='bbox 903 2765 960 2818; x_wconf 80' lang='grc' dir='ltr'><strong>δὲ</strong></span> <span class='ocrx_word' id='word_1_275' title='bbox 995 2766 1212 2831; x_wconf 78' lang='grc' dir='ltr'>θυσίας,</span> <span class='ocrx_word' id='word_1_276' title='bbox 1236 2771 1333 2823; x_wconf 69' lang='grc' dir='ltr'><strong>καὶ</strong></span> <span class='ocrx_word' id='word_1_277' title='bbox 1368 2771 1467 2834; x_wconf 77' lang='grc' dir='ltr'>τὰς</span> <span class='ocrx_word' id='word_1_278' title='bbox 1512 2773 1734 2840; x_wconf 76' lang='grc' dir='ltr'>ἀρετὰς,</span> <span class='ocrx_word' id='word_1_279' title='bbox 1787 2774 1881 2826; x_wconf 73' lang='grc' dir='ltr'><strong>καὶ</strong></span> <span class='ocrx_word' id='word_1_280' title='bbox 1916 2774 1986 2826; x_wconf 77' lang='grc' dir='ltr'>τὰ</span> 
     </span>
    </p>
   </div>
   <div class='ocr_carea' id='block_1_44' title="bbox 383 2852 1982 2934">
    <p class='ocr_par' dir='ltr' id='par_1_44' title="bbox 383 2852 1982 2934">
     <span class='ocr_line' id='line_1_44' title="bbox 383 2852 1982 2934; baseline 0.011 -34"><span class='ocrx_word' id='word_1_281' title='bbox 383 2852 793 2922; x_wconf 78' lang='grc' dir='ltr'>κατορθώματα</span> <span class='ocrx_word' id='word_1_282' title='bbox 839 2858 1141 2927; x_wconf 81' lang='grc' dir='ltr'>Φαρισαίου</span> <span class='ocrx_word' id='word_1_283' title='bbox 1173 2861 1248 2923; x_wconf 86' lang='grc' dir='ltr'>ὡς</span> <span class='ocrx_word' id='word_1_284' title='bbox 1284 2863 1635 2933; x_wconf 84' lang='grc' dir='ltr'>μεγαλαύχου</span> <span class='ocrx_word' id='word_1_285' title='bbox 1672 2865 1765 2916; x_wconf 79' lang='grc' dir='ltr'><strong>καὶ</strong></span> <span class='ocrx_word' id='word_1_286' title='bbox 1812 2866 1982 2934; x_wconf 85' lang='grc' dir='ltr'>ὑπερ-</span> 
     </span>
    </p>
   </div>
   <div class='ocr_carea' id='block_1_45' title="bbox 381 2942 1983 3018">
    <p class='ocr_par' dir='ltr' id='par_1_45' title="bbox 381 2942 1983 3018">
     <span class='ocr_line' id='line_1_45' title="bbox 381 2942 1983 3018; baseline 0.012 -26"><span class='ocrx_word' id='word_1_287' title='bbox 381 2942 595 3008; x_wconf 57' lang='grc' dir='ltr'>ηεςάνον</span> <span class='ocrx_word' id='word_1_288' title='bbox 638 2946 961 3012; x_wconf 78' lang='grc' dir='ltr'>ὲϐδελύξατο</span> <span class='ocrx_word' id='word_1_289' title='bbox 989 2952 1084 3001; x_wconf 71' lang='grc' dir='ltr'><strong>καὶ</strong></span> <span class='ocrx_word' id='word_1_290' title='bbox 1114 2950 1377 3006; x_wconf 83' lang='grc' dir='ltr'>ἀπώσατο</span> <span class='ocrx_word' id='word_1_291' title='bbox 1400 2971 1412 2984; x_wconf 86' lang='grc'><strong>·</strong></span> <span class='ocrx_word' id='word_1_292' title='bbox 1451 2955 1545 3007; x_wconf 79' lang='grc' dir='ltr'>καὶ</span> <span class='ocrx_word' id='word_1_293' title='bbox 1595 2954 1671 3018; x_wconf 80' lang='grc' dir='ltr'>ὡς</span> <span class='ocrx_word' id='word_1_294' title='bbox 1705 2956 1797 3009; x_wconf 71' lang='grc' dir='ltr'>τὸν</span> <span class='ocrx_word' id='word_1_295' title='bbox 1832 2958 1983 3011; x_wconf 85' lang='grc' dir='ltr'>ἁδελ-</span> 
     </span>
    </p>
   </div>
   <div class='ocr_carea' id='block_1_46' title="bbox 381 3036 1983 3121">
    <p class='ocr_par' dir='ltr' id='par_1_46' title="bbox 381 3036 1983 3121">
     <span class='ocr_line' id='line_1_46' title="bbox 381 3036 1983 3121; baseline 0.012 -35"><span class='ocrx_word' id='word_1_296' title='bbox 381 3036 649 3099; x_wconf 74' lang='grc' dir='ltr'>φοκτόνον</span> <span class='ocrx_word' id='word_1_297' title='bbox 688 3042 829 3094; x_wconf 84' lang='grc' dir='ltr'>Κάῖν</span> <span class='ocrx_word' id='word_1_298' title='bbox 867 3044 1225 3098; x_wconf 77' lang='grc' dir='ltr'>κατεδίκασεν</span> <span class='ocrx_word' id='word_1_299' title='bbox 1260 3045 1428 3100; x_wconf 81' lang='grc' dir='ltr'>αὑτὸν</span> <span class='ocrx_word' id='word_1_300' title='bbox 1479 3048 1589 3101; x_wconf 74' lang='grc' dir='ltr'><strong>ἀπὸ</strong></span> <span class='ocrx_word' id='word_1_301' title='bbox 1631 3048 1837 3119; x_wconf 84' lang='grc' dir='ltr'>ταύτης</span> <span class='ocrx_word' id='word_1_302' title='bbox 1885 3052 1983 3121; x_wconf 79' lang='grc' dir='ltr'>τῆς</span> 
     </span>
    </p>
   </div>
   <div class='ocr_carea' id='block_1_47' title="bbox 378 3130 582 3191">
    <p class='ocr_par' dir='ltr' id='par_1_47' title="bbox 378 3130 582 3191">
     <span class='ocr_line' id='line_1_47' title="bbox 378 3130 582 3191; baseline 0.01 -11"><span class='ocrx_word' id='word_1_303' title='bbox 378 3130 582 3191; x_wconf 80' lang='grc' dir='ltr'>αἰτίας.</span> 
     </span>
    </p>
   </div>
   <div class='ocr_carea' id='block_1_48' title="bbox 456 3222 2050 3318">
    <p class='ocr_par' dir='ltr' id='par_1_48' title="bbox 456 3222 2050 3318">
     <span class='ocr_line' id='line_1_48' title="bbox 456 3222 2050 3318; baseline 0.009 -42"><span class='ocrx_word' id='word_1_304' title='bbox 456 3222 764 3318; x_wconf 30' lang='grc' dir='ltr'>Μαθ-ωμεν,</span> <span class='ocrx_word' id='word_1_305' title='bbox 817 3228 1058 3298; x_wconf 74' lang='grc' dir='ltr'>ἀδελφοὶ,</span> <span class='ocrx_word' id='word_1_306' title='bbox 1104 3232 1201 3285; x_wconf 68' lang='grc' dir='ltr'><strong>καὶ</strong></span> <span class='ocrx_word' id='word_1_307' title='bbox 1234 3232 1594 3303; x_wconf 85' lang='grc' dir='ltr'>διδαχθῶμεν,</span> <span class='ocrx_word' id='word_1_308' title='bbox 1626 3235 1720 3288; x_wconf 66' lang='grc' dir='ltr'><strong>καὶ</strong></span> <span class='ocrx_word' id='word_1_309' title='bbox 1767 3236 1980 3305; x_wconf 81' lang='grc' dir='ltr'>μεγάλα</span> <span class='ocrx_word' id='word_1_310' title='bbox 2006 3262 2050 3318; x_wconf 65' lang='grc' dir='ltr'><strong>η</strong></span> 
     </span>
    </p>
   </div>
   <div class='ocr_carea' id='block_1_49' title="bbox 376 3314 1976 3399">
    <p class='ocr_par' dir='ltr' id='par_1_49' title="bbox 376 3314 1976 3399">
     <span class='ocr_line' id='line_1_49' title="bbox 376 3314 1976 3399; baseline 0.01 -33"><span class='ocrx_word' id='word_1_311' title='bbox 376 3314 751 3384; x_wconf 75' lang='grc' dir='ltr'>ἐργαζώμεθα</span> <span class='ocrx_word' id='word_1_312' title='bbox 785 3321 1211 3392; x_wconf 85' lang='grc' dir='ltr'>κατορθώματα.</span> <span class='ocrx_word' id='word_1_313' title='bbox 1253 3325 1471 3379; x_wconf 86' lang='grc' dir='ltr'>Τούτων</span> <span class='ocrx_word' id='word_1_314' title='bbox 1496 3327 1682 3380; x_wconf 79' lang='grc' dir='ltr'>ἕνεκεν</span> <span class='ocrx_word' id='word_1_315' title='bbox 1715 3328 1790 3399; x_wconf 80' lang='grc' dir='ltr'>μὴ</span> <span class='ocrx_word' id='word_1_316' title='bbox 1820 3330 1976 3382; x_wconf 79' lang='grc' dir='ltr'>ἐπαι-</span> 
     </span>
    </p>
   </div>
   <div class='ocr_carea' id='block_1_50' title="bbox 380 3404 1977 3487">
    <p class='ocr_par' dir='ltr' id='par_1_50' title="bbox 380 3404 1977 3487">
     <span class='ocr_line' id='line_1_50' title="bbox 380 3404 1977 3487; baseline 0.008 -29"><span class='ocrx_word' id='word_1_317' title='bbox 380 3404 631 3476; x_wconf 79' lang='grc' dir='ltr'>ρώμεθα.</span> <span class='ocrx_word' id='word_1_318' title='bbox 689 3412 800 3464; x_wconf 83' lang='grc' dir='ltr'>Καὶ</span> <span class='ocrx_word' id='word_1_319' title='bbox 850 3412 945 3465; x_wconf 71' lang='grc' dir='ltr'>ἐὰν</span> <span class='ocrx_word' id='word_1_320' title='bbox 1010 3413 1211 3481; x_wconf 74' lang='grc' dir='ltr'>ἀγαθοὶ</span> <span class='ocrx_word' id='word_1_321' title='bbox 1264 3417 1575 3487; x_wconf 72' lang='grc' dir='ltr'>γενώμεθα,</span> <span class='ocrx_word' id='word_1_322' title='bbox 1632 3418 1830 3472; x_wconf 84' lang='grc' dir='ltr'>δίκαιοι</span> <span class='ocrx_word' id='word_1_323' title='bbox 1883 3423 1977 3474; x_wconf 77' lang='grc' dir='ltr'><strong>καὶ</strong></span> 
     </span>
    </p>
   </div>
   <div class='ocr_carea' id='block_1_51' title="bbox 375 3497 1978 3580">
    <p class='ocr_par' dir='ltr' id='par_1_51' title="bbox 375 3497 1978 3580">
     <span class='ocr_line' id='line_1_51' title="bbox 375 3497 1978 3580; baseline 0.011 -32"><span class='ocrx_word' id='word_1_324' title='bbox 375 3497 651 3563; x_wconf 81' lang='grc' dir='ltr'>ἐπιεικεῖς</span> <span class='ocrx_word' id='word_1_325' title='bbox 695 3502 789 3554; x_wconf 54' lang='grc' dir='ltr'><strong>καὶ⁵</strong></span> <span class='ocrx_word' id='word_1_326' title='bbox 840 3504 1175 3573; x_wconf 52' lang='grc' dir='ltr'>συμπαθεῖςκ</span> <span class='ocrx_word' id='word_1_327' title='bbox 1203 3507 1297 3560; x_wconf 71' lang='grc' dir='ltr'><strong>καὶ</strong></span> <span class='ocrx_word' id='word_1_328' title='bbox 1345 3507 1671 3580; x_wconf 77' lang='grc' dir='ltr'>ἐλεήμονες·</span> <span class='ocrx_word' id='word_1_329' title='bbox 1713 3512 1854 3566; x_wconf 73' lang='grc' dir='ltr'>ἀλλὰ</span> <span class='ocrx_word' id='word_1_330' title='bbox 1883 3514 1978 3566; x_wconf 78' lang='grc' dir='ltr'>καὶ</span> 
     </span>
    </p>
   </div>
   <div class='ocr_carea' id='block_1_52' title="bbox 373 3588 1975 3672">
    <p class='ocr_par' dir='ltr' id='par_1_52' title="bbox 373 3588 1975 3672">
     <span class='ocr_line' id='line_1_52' title="bbox 373 3588 1975 3672; baseline 0.012 -33"><span class='ocrx_word' id='word_1_331' title='bbox 373 3588 556 3654; x_wconf 68' lang='grc' dir='ltr'>οὕτως</span> <span class='ocrx_word' id='word_1_332' title='bbox 586 3594 1017 3665; x_wconf 82' lang='grc' dir='ltr'>ταπεινούμεθα,</span> <span class='ocrx_word' id='word_1_333' title='bbox 1052 3599 1148 3652; x_wconf 78' lang='grc' dir='ltr'><strong>καὶ</strong></span> <span class='ocrx_word' id='word_1_334' title='bbox 1194 3600 1268 3670; x_wconf 80' lang='grc' dir='ltr'>μὴ</span> <span class='ocrx_word' id='word_1_335' title='bbox 1318 3601 1624 3672; x_wconf 71' lang='grc' dir='ltr'>ὑπεροψίαν</span> <span class='ocrx_word' id='word_1_336' title='bbox 1651 3604 1746 3657; x_wconf 54' lang='grc' dir='ltr'><strong>καὶ⁸</strong></span> <span class='ocrx_word' id='word_1_337' title='bbox 1780 3604 1975 3670; x_wconf 77' lang='grc' dir='ltr'>ἀλαζο-</span> 
     </span>
    </p>
   </div>
   <div class='ocr_carea' id='block_1_53' title="bbox 374 3682 1977 3766">
    <p class='ocr_par' dir='ltr' id='par_1_53' title="bbox 374 3682 1977 3766">
     <span class='ocr_line' id='line_1_53' title="bbox 374 3682 1977 3766; baseline 0.009 -31"><span class='ocrx_word' id='word_1_338' title='bbox 374 3682 535 3736; x_wconf 85' lang='grc' dir='ltr'>νείαν</span> <span class='ocrx_word' id='word_1_339' title='bbox 557 3684 793 3755; x_wconf 77' lang='grc' dir='ltr'>ἔχωμεν,</span> <span class='ocrx_word' id='word_1_340' title='bbox 827 3689 902 3759; x_wconf 89' lang='grc' dir='ltr'>μή</span> <span class='ocrx_word' id='word_1_341' title='bbox 941 3707 1072 3744; x_wconf 86' lang='grc' dir='ltr'>ποτε</span> <span class='ocrx_word' id='word_1_342' title='bbox 1091 3691 1218 3754; x_wconf 73' lang='grc' dir='ltr'>τοὺς</span> <span class='ocrx_word' id='word_1_343' title='bbox 1245 3694 1707 3766; x_wconf 81' lang='grc' dir='ltr'>καμάτουςὴμῶν</span> <span class='ocrx_word' id='word_1_344' title='bbox 1734 3699 1827 3751; x_wconf 71' lang='grc' dir='ltr'>καὶ</span> <span class='ocrx_word' id='word_1_345' title='bbox 1851 3700 1977 3761; x_wconf 66' lang='grc' dir='ltr'>τοὺς</span> 
     </span>
    </p>
   </div>
   <div class='ocr_carea' id='block_1_54' title="bbox 375 3776 1977 3857">
    <p class='ocr_par' dir='ltr' id='par_1_54' title="bbox 375 3776 1977 3857">
     <span class='ocr_line' id='line_1_54' title="bbox 375 3776 1977 3857; baseline 0.01 -31"><span class='ocrx_word' id='word_1_346' title='bbox 375 3776 580 3839; x_wconf 79' lang='grc' dir='ltr'>πόνους</span> <span class='ocrx_word' id='word_1_347' title='bbox 640 3778 1022 3851; x_wconf 79' lang='grc' dir='ltr'>ἀπολέσωμεν.</span> <span class='ocrx_word' id='word_1_348' title='bbox 1080 3799 1098 3834; x_wconf 73' lang='grc' dir='ltr'><strong>ι</strong></span> <span class='ocrx_word' id='word_1_349' title='bbox 1136 3782 1304 3837; x_wconf 84' lang='grc' dir='ltr'>Ὅταν</span> <span class='ocrx_word' id='word_1_350' title='bbox 1363 3784 1473 3856; x_wconf 82' lang='grc' dir='ltr'>γὰρ</span> <span class='ocrx_word' id='word_1_351' title='bbox 1502 3826 1516 3850; x_wconf 93' lang='grc'><strong>,</strong></span> <span class='ocrx_word' id='word_1_352' title='bbox 1562 3789 1750 3857; x_wconf 64' lang='grc' dir='ltr'>φησιν,</span> <span class='ocrx_word' id='word_1_353' title='bbox 1782 3788 1977 3842; x_wconf 64' lang='grc' dir='ltr'>ταῦτα</span> 
     </span>
    </p>
   </div>
   <div class='ocr_carea' id='block_1_55' title="bbox 374 3867 1976 3951">
    <p class='ocr_par' dir='ltr' id='par_1_55' title="bbox 374 3867 1976 3951">
     <span class='ocr_line' id='line_1_55' title="bbox 374 3867 1976 3951; baseline 0.006 -32"><span class='ocrx_word' id='word_1_354' title='bbox 374 3867 563 3921; x_wconf 71' lang='grc' dir='ltr'>πάντα</span> <span class='ocrx_word' id='word_1_355' title='bbox 600 3871 887 3940; x_wconf 81' lang='grc' dir='ltr'>ποιήσητε,</span> <span class='ocrx_word' id='word_1_356' title='bbox 934 3872 1085 3940; x_wconf 80' lang='grc' dir='ltr'>λέγει</span> <span class='ocrx_word' id='word_1_357' title='bbox 1130 3874 1358 3945; x_wconf 88' lang='grc' dir='ltr'>Κύριος,</span> <span class='ocrx_word' id='word_1_358' title='bbox 1415 3877 1606 3947; x_wconf 83' lang='grc' dir='ltr'>λέγετε</span> <span class='ocrx_word' id='word_1_359' title='bbox 1643 3880 1723 3935; x_wconf 78' lang='grc' dir='ltr'><strong>δτι</strong></span> <span class='ocrx_word' id='word_1_360' title='bbox 1763 3881 1976 3951; x_wconf 78' lang='grc' dir='ltr'>ἀχρεῖοι</span> 
     </span>
    </p>
   </div>
   <div class='ocr_carea' id='block_1_56' title="bbox 370 3959 1971 4043">
    <p class='ocr_par' dir='ltr' id='par_1_56' title="bbox 370 3959 1971 4043">
     <span class='ocr_line' id='line_1_56' title="bbox 370 3959 1971 4043; baseline 0.009 -33"><span class='ocrx_word' id='word_1_361' title='bbox 370 3959 559 4013; x_wconf 74' lang='grc' dir='ltr'>δοῦλοί</span> <span class='ocrx_word' id='word_1_362' title='bbox 589 3962 779 4031; x_wconf 78' lang='grc' dir='ltr'>ἐσμεν.</span> <span class='ocrx_word' id='word_1_363' title='bbox 821 3966 886 4016; x_wconf 82' lang='lat' dir='ltr'><strong>&#39;U</strong></span> <span class='ocrx_word' id='word_1_364' title='bbox 919 3966 1209 4036; x_wconf 58' lang='grc' dir='ltr'>ὀφείλομεν</span> <span class='ocrx_word' id='word_1_365' title='bbox 1238 3969 1484 4038; x_wconf 79' lang='grc' dir='ltr'>ποιῆσαι,</span> <span class='ocrx_word' id='word_1_366' title='bbox 1520 3973 1921 4043; x_wconf 73' lang='grc' dir='ltr'>πεποιήκαμεν.</span> <span class='ocrx_word' id='word_1_367' title='bbox 1953 3994 1971 4025; x_wconf 72' lang='grc' dir='ltr'><strong>ι</strong></span> 
     </span>
    </p>
   </div>
   <div class='ocr_carea' id='block_1_57' title="bbox 391 4052 1977 4136">
    <p class='ocr_par' dir='ltr' id='par_1_57' title="bbox 391 4052 1977 4136">
     <span class='ocr_line' id='line_1_57' title="bbox 391 4052 1977 4136; baseline 0.011 -32"><span class='ocrx_word' id='word_1_368' title='bbox 391 4052 720 4121; x_wconf 80' lang='grc' dir='ltr'>Ἀναγκαῖον</span> <span class='ocrx_word' id='word_1_369' title='bbox 754 4058 863 4127; x_wconf 76' lang='grc' dir='ltr'><strong>γὰρ</strong></span> <span class='ocrx_word' id='word_1_370' title='bbox 894 4060 985 4110; x_wconf 70' lang='grc' dir='ltr'><strong>καὶ</strong></span> <span class='ocrx_word' id='word_1_371' title='bbox 1016 4060 1391 4131; x_wconf 80' lang='grc' dir='ltr'>ἀπαραίτητον</span> <span class='ocrx_word' id='word_1_372' title='bbox 1423 4063 1581 4134; x_wconf 75' lang='grc' dir='ltr'>χρέος</span> <span class='ocrx_word' id='word_1_373' title='bbox 1630 4065 1767 4128; x_wconf 73' lang='grc' dir='ltr'>ἐστὶ,</span> <span class='ocrx_word' id='word_1_374' title='bbox 1806 4084 1977 4136; x_wconf 88' lang='grc' dir='ltr'>προσ-</span> 
     </span>
    </p>
   </div>
   <div class='ocr_carea' id='block_1_58' title="bbox 374 4139 1978 4226">
    <p class='ocr_par' dir='ltr' id='par_1_58' title="bbox 374 4139 1978 4226">
     <span class='ocr_line' id='line_1_58' title="bbox 374 4139 1978 4226; baseline 0.014 -37"><span class='ocrx_word' id='word_1_375' title='bbox 374 4139 572 4207; x_wconf 72' lang='grc' dir='ltr'>φέρειν</span> <span class='ocrx_word' id='word_1_376' title='bbox 614 4141 764 4211; x_wconf 78' lang='grc' dir='ltr'>ἡμᾶς</span> <span class='ocrx_word' id='word_1_377' title='bbox 792 4144 868 4213; x_wconf 84' lang='grc' dir='ltr'><strong>τῷ</strong></span> <span class='ocrx_word' id='word_1_378' title='bbox 894 4147 985 4198; x_wconf 76' lang='grc' dir='ltr'>ἐπὶ</span> <span class='ocrx_word' id='word_1_379' title='bbox 1020 4149 1237 4202; x_wconf 75' lang='grc' dir='ltr'>πάντων</span> <span class='ocrx_word' id='word_1_380' title='bbox 1284 4151 1403 4221; x_wconf 76' lang='grc' dir='ltr'>Θεῷ</span> <span class='ocrx_word' id='word_1_381' title='bbox 1437 4153 1537 4221; x_wconf 73' lang='grc' dir='ltr'><strong>τὴν</strong></span> <span class='ocrx_word' id='word_1_382' title='bbox 1587 4153 1843 4226; x_wconf 69' lang='grc' dir='ltr'>δουλικὴν</span> <span class='ocrx_word' id='word_1_383' title='bbox 1882 4175 1978 4211; x_wconf 87' lang='grc' dir='ltr'>τα-</span> 
     </span>
    </p>
   </div>
   <div class='ocr_carea' id='block_1_59' title="bbox 374 4233 1978 4319">
    <p class='ocr_par' dir='ltr' id='par_1_59' title="bbox 374 4233 1978 4319">
     <span class='ocr_line' id='line_1_59' title="bbox 374 4233 1978 4319; baseline 0.012 -35"><span class='ocrx_word' id='word_1_384' title='bbox 374 4233 664 4300; x_wconf 79' lang='grc' dir='ltr'>πείνωσιν,</span> <span class='ocrx_word' id='word_1_385' title='bbox 700 4236 798 4306; x_wconf 86' lang='grc' dir='ltr'><strong>τὴν</strong></span> <span class='ocrx_word' id='word_1_386' title='bbox 848 4238 1149 4311; x_wconf 84' lang='grc' dir='ltr'>ὑπομονὴν,</span> <span class='ocrx_word' id='word_1_387' title='bbox 1205 4243 1305 4315; x_wconf 75' lang='grc' dir='ltr'><strong>τὴν</strong></span> <span class='ocrx_word' id='word_1_388' title='bbox 1336 4245 1638 4318; x_wconf 82' lang='grc' dir='ltr'>ὑποταγὴν,</span> <span class='ocrx_word' id='word_1_389' title='bbox 1662 4248 1759 4319; x_wconf 84' lang='grc' dir='ltr'><strong>τὴν</strong></span> <span class='ocrx_word' id='word_1_390' title='bbox 1791 4251 1978 4304; x_wconf 80' lang='grc' dir='ltr'>εὐπεί-</span> 
     </span>
    </p>
   </div>
   <div class='ocr_carea' id='block_1_60' title="bbox 377 4321 1977 4411">
    <p class='ocr_par' dir='ltr' id='par_1_60' title="bbox 377 4321 1977 4411">
     <span class='ocr_line' id='line_1_60' title="bbox 377 4321 1977 4411; baseline 0.013 -36"><span class='ocrx_word' id='word_1_391' title='bbox 377 4321 556 4388; x_wconf 73' lang='grc' dir='ltr'>θειαν,</span> <span class='ocrx_word' id='word_1_392' title='bbox 585 4328 682 4394; x_wconf 70' lang='grc' dir='ltr'>τὴν</span> <span class='ocrx_word' id='word_1_393' title='bbox 705 4328 1128 4402; x_wconf 75' lang='grc' dir='ltr'>ἀγνωμοσύνην,</span> <span class='ocrx_word' id='word_1_394' title='bbox 1154 4333 1252 4399; x_wconf 81' lang='grc' dir='ltr'>τὴν</span> <span class='ocrx_word' id='word_1_395' title='bbox 1278 4337 1654 4406; x_wconf 69' lang='grc' dir='ltr'>εὐχαριστίαν,</span> <span class='ocrx_word' id='word_1_396' title='bbox 1687 4340 1781 4393; x_wconf 78' lang='grc' dir='ltr'>καὶ</span> <span class='ocrx_word' id='word_1_397' title='bbox 1808 4348 1977 4411; x_wconf 83' lang='grc' dir='ltr'>μεγα-</span> 
     </span>
    </p>
   </div>
   <div class='ocr_carea' id='block_1_61' title="bbox 372 4413 1972 4502">
    <p class='ocr_par' dir='ltr' id='par_1_61' title="bbox 372 4413 1972 4502">
     <span class='ocr_line' id='line_1_61' title="bbox 372 4413 1972 4502; baseline 0.013 -37"><span class='ocrx_word' id='word_1_398' title='bbox 372 4413 563 4468; x_wconf 57' lang='grc' dir='ltr'>λύνειν</span> <span class='ocrx_word' id='word_1_399' title='bbox 614 4419 705 4470; x_wconf 75' lang='grc' dir='ltr'>καὶ</span> <span class='ocrx_word' id='word_1_400' title='bbox 732 4425 1062 4491; x_wconf 74' lang='grc' dir='ltr'>προσκυνεῖν</span> <span class='ocrx_word' id='word_1_401' title='bbox 1085 4425 1145 4477; x_wconf 82' lang='grc' dir='ltr'><strong>τὸ</strong></span> <span class='ocrx_word' id='word_1_402' title='bbox 1174 4424 1385 4496; x_wconf 79' lang='grc' dir='ltr'>θέλημα</span> <span class='ocrx_word' id='word_1_403' title='bbox 1406 4429 1571 4482; x_wconf 81' lang='grc' dir='ltr'>αὑτοῦ</span> <span class='ocrx_word' id='word_1_404' title='bbox 1604 4431 1663 4485; x_wconf 77' lang='grc' dir='ltr'><strong>τὸ</strong></span> <span class='ocrx_word' id='word_1_405' title='bbox 1687 4434 1972 4502; x_wconf 85' lang='grc' dir='ltr'>πανάγιον,</span> 
     </span>
    </p>
   </div>
   <div class='ocr_carea' id='block_1_62' title="bbox 372 4507 1977 4595">
    <p class='ocr_par' dir='ltr' id='par_1_62' title="bbox 372 4507 1977 4595">
     <span class='ocr_line' id='line_1_62' title="bbox 372 4507 1977 4595; baseline 0.012 -35"><span class='ocrx_word' id='word_1_406' title='bbox 372 4507 479 4560; x_wconf 70' lang='grc' dir='ltr'><strong>καὶ</strong></span> <span class='ocrx_word' id='word_1_407' title='bbox 511 4508 586 4579; x_wconf 81' lang='grc' dir='ltr'><strong>μὴ</strong></span> <span class='ocrx_word' id='word_1_408' title='bbox 614 4510 908 4566; x_wconf 75' lang='grc' dir='ltr'>δάκνεσθαι</span> <span class='ocrx_word' id='word_1_409' title='bbox 958 4517 1081 4579; x_wconf 86' lang='grc' dir='ltr'>ταῖς</span> <span class='ocrx_word' id='word_1_410' title='bbox 1107 4520 1237 4588; x_wconf 86' lang='grc' dir='ltr'>παρ’</span> <span class='ocrx_word' id='word_1_411' title='bbox 1273 4520 1479 4590; x_wconf 77' lang='grc' dir='ltr'>ἐτέρων</span> <span class='ocrx_word' id='word_1_412' title='bbox 1535 4522 1832 4595; x_wconf 76' lang='grc' dir='ltr'>λοιδορίαις</span> <span class='ocrx_word' id='word_1_413' title='bbox 1884 4527 1977 4579; x_wconf 68' lang='grc' dir='ltr'>καὶ</span> 
     </span>
    </p>
   </div>
   <div class='ocr_carea' id='block_1_63' title="bbox 2090 2042 3677 2117">
    <p class='ocr_par' dir='ltr' id='par_1_63' title="bbox 2090 2042 3677 2117">
     <span class='ocr_line' id='line_1_63' title="bbox 2090 2042 3677 2117; baseline -0.003 -21"><span class='ocrx_word' id='word_1_414' title='bbox 2090 2055 2313 2117; x_wconf 81' lang='lat' dir='ltr'><strong>propter</strong></span> <span class='ocrx_word' id='word_1_415' title='bbox 2344 2046 2491 2100; x_wconf 89' lang='lat' dir='ltr'><strong>hanc</strong></span> <span class='ocrx_word' id='word_1_416' title='bbox 2523 2044 2843 2099; x_wconf 72' lang='lat' dir='ltr'><strong>Pharisaeus</strong></span> <span class='ocrx_word' id='word_1_417' title='bbox 2885 2042 3293 2099; x_wconf 85' lang='lat' dir='ltr'><strong>condemnatus</strong></span> <span class='ocrx_word' id='word_1_418' title='bbox 3320 2050 3425 2108; x_wconf 89' lang='lat' dir='ltr'><strong>est,</strong></span> <span class='ocrx_word' id='word_1_419' title='bbox 3450 2047 3507 2094; x_wconf 90' lang='lat' dir='ltr'><strong>et</strong></span> <span class='ocrx_word' id='word_1_420' title='bbox 3536 2053 3677 2109; x_wconf 87' lang='lat' dir='ltr'><strong>quas</strong></span> 
     </span>
    </p>
   </div>
   <div class='ocr_carea' id='block_1_64' title="bbox 2090 2138 3593 2194">
    <p class='ocr_par' dir='ltr' id='par_1_64' title="bbox 2090 2138 3593 2194">
     <span class='ocr_line' id='line_1_64' title="bbox 2090 2138 3593 2194; baseline 0 0"><span class='ocrx_word' id='word_1_421' title='bbox 2090 2140 2325 2194; x_wconf 79' lang='lat' dir='ltr'><strong>habebat</strong></span> <span class='ocrx_word' id='word_1_422' title='bbox 2356 2140 2589 2194; x_wconf 78' lang='lat' dir='ltr'><strong>virtutes</strong></span> <span class='ocrx_word' id='word_1_423' title='bbox 2613 2138 2822 2193; x_wconf 85' lang='lat' dir='ltr'><strong>amisit.</strong></span> <span class='ocrx_word' id='word_1_424' title='bbox 3316 2152 3323 2159; x_wconf 83' lang='lat'><strong><em>&#39;</em></strong></span> <span class='ocrx_word' id='word_1_425' title='bbox 3590 2180 3593 2183; x_wconf 44' lang='grc' dir='ltr'><strong><em>γ</em></strong></span> 
     </span>
    </p>
   </div>
   <div class='ocr_carea' id='block_1_65' title="bbox 2158 2223 3675 2298">
    <p class='ocr_par' dir='ltr' id='par_1_65' title="bbox 2158 2223 3675 2298">
     <span class='ocr_line' id='line_1_65' title="bbox 2158 2223 3675 2298; baseline -0.007 -12"><span class='ocrx_word' id='word_1_426' title='bbox 2158 2231 2473 2287; x_wconf 80' lang='lat' dir='ltr'><strong>Pharisaeus</strong></span> <span class='ocrx_word' id='word_1_427' title='bbox 2501 2247 2607 2286; x_wconf 91' lang='lat' dir='ltr'><strong>non</strong></span> <span class='ocrx_word' id='word_1_428' title='bbox 2652 2230 2794 2285; x_wconf 87' lang='lat' dir='ltr'><strong>bene</strong></span> <span class='ocrx_word' id='word_1_429' title='bbox 2824 2229 3033 2284; x_wconf 91' lang='lat' dir='ltr'><strong>bonum</strong></span> <span class='ocrx_word' id='word_1_430' title='bbox 3075 2241 3247 2298; x_wconf 80' lang='lat' dir='ltr'><strong>agens</strong></span> <span class='ocrx_word' id='word_1_431' title='bbox 3268 2223 3675 2280; x_wconf 86' lang='lat' dir='ltr'><strong>condemnatus</strong></span> 
     </span>
    </p>
   </div>
   <div class='ocr_carea' id='block_1_66' title="bbox 2087 2314 3721 2395">
    <p class='ocr_par' dir='ltr' id='par_1_66' title="bbox 2087 2314 3721 2395">
     <span class='ocr_line' id='line_1_66' title="bbox 2087 2314 3721 2395; baseline -0.007 -16"><span class='ocrx_word' id='word_1_432' title='bbox 2087 2331 2194 2389; x_wconf 91' lang='lat' dir='ltr'><strong>est,</strong></span> <span class='ocrx_word' id='word_1_433' title='bbox 2233 2322 2578 2378; x_wconf 84' lang='lat' dir='ltr'><strong>Publicanus</strong></span> <span class='ocrx_word' id='word_1_434' title='bbox 2613 2329 2673 2377; x_wconf 92' lang='lat' dir='ltr'><strong>ut</strong></span> <span class='ocrx_word' id='word_1_435' title='bbox 2698 2321 2793 2392; x_wconf 86' lang='lat' dir='ltr'><strong>qui</strong></span> <span class='ocrx_word' id='word_1_436' title='bbox 2827 2321 2971 2376; x_wconf 86' lang='lat' dir='ltr'><strong>bene</strong></span> <span class='ocrx_word' id='word_1_437' title='bbox 2997 2335 3107 2374; x_wconf 91' lang='lat' dir='ltr'><strong>non</strong></span> <span class='ocrx_word' id='word_1_438' title='bbox 3148 2320 3294 2373; x_wconf 89' lang='lat' dir='ltr'><strong>bona</strong></span> <span class='ocrx_word' id='word_1_439' title='bbox 3326 2331 3494 2387; x_wconf 89' lang='lat' dir='ltr'><strong>opera</strong></span> <span class='ocrx_word' id='word_1_440' title='bbox 3520 2314 3669 2369; x_wconf 87' lang='lat' dir='ltr'><strong>dete-</strong></span> <span class='ocrx_word' id='word_1_441' title='bbox 3714 2390 3721 2395; x_wconf 16' lang='grc' dir='ltr'><strong>ἱ</strong></span> 
     </span>
    </p>
   </div>
   <div class='ocr_carea' id='block_1_67' title="bbox 2089 2390 3737 2483">
    <p class='ocr_par' dir='ltr' id='par_1_67' title="bbox 2089 2390 3737 2483">
     <span class='ocr_line' id='line_1_67' title="bbox 2089 2390 3737 2483; baseline -0.008 -12"><span class='ocrx_word' id='word_1_442' title='bbox 2089 2424 2272 2471; x_wconf 90' lang='lat' dir='ltr'><strong>status</strong></span> <span class='ocrx_word' id='word_1_443' title='bbox 2298 2424 2406 2479; x_wconf 88' lang='lat' dir='ltr'><strong>est,</strong></span> <span class='ocrx_word' id='word_1_444' title='bbox 2429 2390 2774 2483; x_wconf 74' lang='lat' dir='ltr'><strong>justiﬁcatus</strong></span> <span class='ocrx_word' id='word_1_445' title='bbox 2806 2412 2929 2466; x_wconf 76' lang='lat' dir='ltr'><strong>fuit.</strong></span> <span class='ocrx_word' id='word_1_446' title='bbox 2964 2409 3229 2482; x_wconf 72' lang='lat' dir='ltr'><strong>Respexit</strong></span> <span class='ocrx_word' id='word_1_447' title='bbox 3253 2409 3400 2463; x_wconf 91' lang='lat' dir='ltr'><strong>enim</strong></span> <span class='ocrx_word' id='word_1_448' title='bbox 3429 2406 3574 2461; x_wconf 86' lang='lat' dir='ltr'><strong>Deus</strong></span> <span class='ocrx_word' id='word_1_449' title='bbox 3603 2404 3671 2458; x_wconf 89' lang='lat' dir='ltr'><strong>ad</strong></span> 
     </span>
    </p>
   </div>
   <div class='ocr_carea' id='block_1_68' title="bbox 2087 2500 3674 2576">
    <p class='ocr_par' dir='ltr' id='par_1_68' title="bbox 2087 2500 3674 2576">
     <span class='ocr_line' id='line_1_68' title="bbox 2087 2500 3674 2576; baseline -0.006 -16"><span class='ocrx_word' id='word_1_450' title='bbox 2087 2507 2356 2576; x_wconf 75' lang='lat' dir='ltr'><strong>gemitum</strong></span> <span class='ocrx_word' id='word_1_451' title='bbox 2414 2505 2701 2559; x_wconf 73' lang='lat' dir='ltr'><strong>Publiceni</strong></span> <span class='ocrx_word' id='word_1_452' title='bbox 2755 2504 2991 2573; x_wconf 84' lang='lat' dir='ltr'><strong>ejusque</strong></span> <span class='ocrx_word' id='word_1_453' title='bbox 3032 2500 3455 2562; x_wconf 85' lang='lat' dir='ltr'><strong>contritionem,</strong></span> <span class='ocrx_word' id='word_1_454' title='bbox 3489 2503 3545 2552; x_wconf 82' lang='lat' dir='ltr'><strong>et</strong></span> <span class='ocrx_word' id='word_1_455' title='bbox 3579 2511 3674 2566; x_wconf 86' lang='lat' dir='ltr'><strong>pe-</strong></span> 
     </span>
    </p>
   </div>
   <div class='ocr_carea' id='block_1_69' title="bbox 2088 2589 3673 2667">
    <p class='ocr_par' dir='ltr' id='par_1_69' title="bbox 2088 2589 3673 2667">
     <span class='ocr_line' id='line_1_69' title="bbox 2088 2589 3673 2667; baseline -0.006 -15"><span class='ocrx_word' id='word_1_456' title='bbox 2088 2599 2273 2664; x_wconf 83' lang='lat' dir='ltr'><strong>ctoris</strong></span> <span class='ocrx_word' id='word_1_457' title='bbox 2319 2598 2638 2667; x_wconf 73' lang='lat' dir='ltr'><strong>planctuum:</strong></span> <span class='ocrx_word' id='word_1_458' title='bbox 2668 2606 2836 2665; x_wconf 84' lang='lat' dir='ltr'><strong>atque</strong></span> <span class='ocrx_word' id='word_1_459' title='bbox 2877 2604 3177 2664; x_wconf 87' lang='lat' dir='ltr'><strong>acceptans</strong></span> <span class='ocrx_word' id='word_1_460' title='bbox 3231 2590 3361 2645; x_wconf 83' lang='lat' dir='ltr'><strong>illud</strong></span> <span class='ocrx_word' id='word_1_461' title='bbox 3397 2589 3673 2656; x_wconf 71' lang='lat' dir='ltr'><strong>Propitius</strong></span> 
     </span>
    </p>
   </div>
   <div class='ocr_carea' id='block_1_70' title="bbox 2086 2680 3674 2757">
    <p class='ocr_par' dir='ltr' id='par_1_70' title="bbox 2086 2680 3674 2757">
     <span class='ocr_line' id='line_1_70' title="bbox 2086 2680 3674 2757; baseline -0.009 -11"><span class='ocrx_word' id='word_1_462' title='bbox 2086 2703 2218 2756; x_wconf 81' lang='lat' dir='ltr'><strong>esto,</strong></span> <span class='ocrx_word' id='word_1_463' title='bbox 2259 2707 2382 2746; x_wconf 91' lang='lat' dir='ltr'><strong>cum</strong></span> <span class='ocrx_word' id='word_1_464' title='bbox 2444 2691 2577 2746; x_wconf 83' lang='lat' dir='ltr'><strong>Abel</strong></span> <span class='ocrx_word' id='word_1_465' title='bbox 2610 2690 2888 2755; x_wconf 88' lang='lat' dir='ltr'><strong>hominem</strong></span> <span class='ocrx_word' id='word_1_466' title='bbox 2910 2685 3346 2757; x_wconf 82' lang='lat' dir='ltr'><strong>justilicavit.At</strong></span> <span class='ocrx_word' id='word_1_467' title='bbox 3373 2696 3502 2737; x_wconf 89' lang='lat' dir='ltr'><strong>vero</strong></span> <span class='ocrx_word' id='word_1_468' title='bbox 3531 2680 3674 2734; x_wconf 87' lang='lat' dir='ltr'><strong>Pha-</strong></span> 
     </span>
    </p>
   </div>
   <div class='ocr_carea' id='block_1_71' title="bbox 2089 2776 3671 2845">
    <p class='ocr_par' dir='ltr' id='par_1_71' title="bbox 2089 2776 3671 2845">
     <span class='ocr_line' id='line_1_71' title="bbox 2089 2776 3671 2845; baseline -0.008 -8"><span class='ocrx_word' id='word_1_469' title='bbox 2089 2787 2231 2840; x_wconf 61' lang='lat' dir='ltr'><strong>risaei</strong></span> <span class='ocrx_word' id='word_1_470' title='bbox 2286 2782 2581 2845; x_wconf 79' lang='lat' dir='ltr'><strong>sacriﬁcia,</strong></span> <span class='ocrx_word' id='word_1_471' title='bbox 2629 2783 2862 2837; x_wconf 83' lang='lat' dir='ltr'><strong>virtutes</strong></span> <span class='ocrx_word' id='word_1_472' title='bbox 2914 2788 2968 2835; x_wconf 90' lang='lat' dir='ltr'><strong>et</strong></span> <span class='ocrx_word' id='word_1_473' title='bbox 3002 2786 3151 2835; x_wconf 84' lang='lat' dir='ltr'><strong>recte</strong></span> <span class='ocrx_word' id='word_1_474' title='bbox 3201 2776 3371 2842; x_wconf 77' lang='lat' dir='ltr'><strong>facta,</strong></span> <span class='ocrx_word' id='word_1_475' title='bbox 3404 2782 3671 2843; x_wconf 88' lang='lat' dir='ltr'><strong>tanquam</strong></span> 
     </span>
    </p>
   </div>
   <div class='ocr_carea' id='block_1_72' title="bbox 2081 2856 3674 2944">
    <p class='ocr_par' dir='ltr' id='par_1_72' title="bbox 2081 2856 3674 2944">
     <span class='ocr_line' id='line_1_72' title="bbox 2081 2856 3674 2944; baseline -0.008 -15"><span class='ocrx_word' id='word_1_476' title='bbox 2081 2876 2412 2944; x_wconf 88' lang='lat' dir='ltr'><strong>jactabundi</strong></span> <span class='ocrx_word' id='word_1_477' title='bbox 2462 2856 2634 2944; x_wconf 86' lang='lat' dir='ltr'><strong>atque</strong></span> <span class='ocrx_word' id='word_1_478' title='bbox 2680 2872 3059 2943; x_wconf 83' lang='lat' dir='ltr'><strong>superbientis</strong></span> <span class='ocrx_word' id='word_1_479' title='bbox 3105 2869 3462 2925; x_wconf 85' lang='lat' dir='ltr'><strong>abominatus</strong></span> <span class='ocrx_word' id='word_1_480' title='bbox 3492 2872 3579 2921; x_wconf 88' lang='lat' dir='ltr'><strong>est</strong></span> <span class='ocrx_word' id='word_1_481' title='bbox 3617 2871 3674 2918; x_wconf 83' lang='lat' dir='ltr'><strong>et</strong></span> 
     </span>
    </p>
   </div>
   <div class='ocr_carea' id='block_1_73' title="bbox 2086 2959 3673 3036">
    <p class='ocr_par' dir='ltr' id='par_1_73' title="bbox 2086 2959 3673 3036">
     <span class='ocr_line' id='line_1_73' title="bbox 2086 2959 3673 3036; baseline -0.008 -14"><span class='ocrx_word' id='word_1_482' title='bbox 2086 2968 2312 3036; x_wconf 83' lang='lat' dir='ltr'><strong>repulit,</strong></span> <span class='ocrx_word' id='word_1_483' title='bbox 2348 2980 2588 3034; x_wconf 89' lang='lat' dir='ltr'><strong>eumque</strong></span> <span class='ocrx_word' id='word_1_484' title='bbox 2617 2979 2715 3020; x_wconf 87' lang='lat' dir='ltr'><strong>ceu</strong></span> <span class='ocrx_word' id='word_1_485' title='bbox 2746 2963 3093 3018; x_wconf 80' lang='lat' dir='ltr'><strong>fratricidam</strong></span> <span class='ocrx_word' id='word_1_486' title='bbox 3124 2960 3261 3016; x_wconf 87' lang='lat' dir='ltr'><strong>Cain</strong></span> <span class='ocrx_word' id='word_1_487' title='bbox 3284 2959 3388 3013; x_wconf 89' lang='lat' dir='ltr'><strong>hac</strong></span> <span class='ocrx_word' id='word_1_488' title='bbox 3409 2959 3476 3013; x_wconf 89' lang='lat' dir='ltr'><strong>de</strong></span> <span class='ocrx_word' id='word_1_489' title='bbox 3501 2969 3673 3011; x_wconf 74' lang='lat' dir='ltr'><strong>causa</strong></span> 
     </span>
    </p>
   </div>
   <div class='ocr_carea' id='block_1_74' title="bbox 2082 3058 2499 3114">
    <p class='ocr_par' dir='ltr' id='par_1_74' title="bbox 2082 3058 2499 3114">
     <span class='ocr_line' id='line_1_74' title="bbox 2082 3058 2499 3114; baseline -0.007 0"><span class='ocrx_word' id='word_1_490' title='bbox 2082 3058 2499 3114; x_wconf 85' lang='lat' dir='ltr'><strong>condemnavit.</strong></span> 
     </span>
    </p>
   </div>
   <div class='ocr_carea' id='block_1_75' title="bbox 2157 3222 3671 3303">
    <p class='ocr_par' dir='ltr' id='par_1_75' title="bbox 2157 3222 3671 3303">
     <span class='ocr_line' id='line_1_75' title="bbox 2157 3222 3671 3303; baseline -0.005 -7"><span class='ocrx_word' id='word_1_491' title='bbox 2157 3243 2467 3303; x_wconf 72' lang='lat' dir='ltr'><strong>Discamus,</strong></span> <span class='ocrx_word' id='word_1_492' title='bbox 2536 3240 2761 3302; x_wconf 78' lang='lat' dir='ltr'><strong>fratres,</strong></span> <span class='ocrx_word' id='word_1_493' title='bbox 2821 3245 2878 3292; x_wconf 82' lang='lat' dir='ltr'><strong>et</strong></span> <span class='ocrx_word' id='word_1_494' title='bbox 2938 3238 3259 3299; x_wconf 84' lang='lat' dir='ltr'><strong>doceamur,</strong></span> <span class='ocrx_word' id='word_1_495' title='bbox 3318 3222 3374 3290; x_wconf 83' lang='lat' dir='ltr'><strong>et</strong></span> <span class='ocrx_word' id='word_1_496' title='bbox 3439 3247 3671 3301; x_wconf 79' lang='lat' dir='ltr'><strong>magnas</strong></span> 
     </span>
    </p>
   </div>
   <div class='ocr_carea' id='block_1_76' title="bbox 2080 3323 3670 3404">
    <p class='ocr_par' dir='ltr' id='par_1_76' title="bbox 2080 3323 3670 3404">
     <span class='ocr_line' id='line_1_76' title="bbox 2080 3323 3670 3404; baseline -0.008 -15"><span class='ocrx_word' id='word_1_497' title='bbox 2080 3348 2379 3404; x_wconf 82' lang='lat' dir='ltr'><strong>cperemur</strong></span> <span class='ocrx_word' id='word_1_498' title='bbox 2404 3332 2668 3385; x_wconf 89' lang='lat' dir='ltr'><strong>virtutes.</strong></span> <span class='ocrx_word' id='word_1_499' title='bbox 2697 3328 2907 3383; x_wconf 84' lang='lat' dir='ltr'><strong>Harum</strong></span> <span class='ocrx_word' id='word_1_500' title='bbox 2937 3342 3106 3381; x_wconf 84' lang='lat' dir='ltr'><strong>causa</strong></span> <span class='ocrx_word' id='word_1_501' title='bbox 3141 3340 3211 3380; x_wconf 89' lang='lat' dir='ltr'><strong>ne</strong></span> <span class='ocrx_word' id='word_1_502' title='bbox 3252 3335 3437 3378; x_wconf 89' lang='lat' dir='ltr'><strong>tamen</strong></span> <span class='ocrx_word' id='word_1_503' title='bbox 3469 3323 3670 3378; x_wconf 71' lang='lat' dir='ltr'><strong>effera-</strong></span> 
     </span>
    </p>
   </div>
   <div class='ocr_carea' id='block_1_77' title="bbox 2079 3417 3672 3492">
    <p class='ocr_par' dir='ltr' id='par_1_77' title="bbox 2079 3417 3672 3492">
     <span class='ocr_line' id='line_1_77' title="bbox 2079 3417 3672 3492; baseline -0.01 -8"><span class='ocrx_word' id='word_1_504' title='bbox 2079 3444 2225 3484; x_wconf 90' lang='lat' dir='ltr'><strong>mur.</strong></span> <span class='ocrx_word' id='word_1_505' title='bbox 2260 3425 2524 3492; x_wconf 82' lang='lat' dir='ltr'><strong>Quamvis</strong></span> <span class='ocrx_word' id='word_1_506' title='bbox 2558 3422 2688 3476; x_wconf 89' lang='lat' dir='ltr'><strong>boui</strong></span> <span class='ocrx_word' id='word_1_507' title='bbox 2734 3421 2939 3482; x_wconf 87' lang='lat' dir='ltr'><strong>simus.</strong></span> <span class='ocrx_word' id='word_1_508' title='bbox 2978 3421 3111 3489; x_wconf 83' lang='lat' dir='ltr'><strong>iusti</strong></span> <span class='ocrx_word' id='word_1_509' title='bbox 3165 3426 3223 3472; x_wconf 80' lang='lat' dir='ltr'><strong>et</strong></span> <span class='ocrx_word' id='word_1_510' title='bbox 3261 3418 3447 3482; x_wconf 83' lang='lat' dir='ltr'><strong>mites,</strong></span> <span class='ocrx_word' id='word_1_511' title='bbox 3485 3425 3537 3470; x_wconf 88' lang='lat' dir='ltr'><strong>et</strong></span> <span class='ocrx_word' id='word_1_512' title='bbox 3568 3417 3672 3468; x_wconf 86' lang='lat' dir='ltr'><strong>hu—</strong></span> 
     </span>
    </p>
   </div>
   <div class='ocr_carea' id='block_1_78' title="bbox 2080 3506 3673 3575">
    <p class='ocr_par' dir='ltr' id='par_1_78' title="bbox 2080 3506 3673 3575">
     <span class='ocr_line' id='line_1_78' title="bbox 2080 3506 3673 3575; baseline -0.009 -3"><span class='ocrx_word' id='word_1_513' title='bbox 2080 3518 2226 3573; x_wconf 89' lang='lat' dir='ltr'><strong>mani</strong></span> <span class='ocrx_word' id='word_1_514' title='bbox 2250 3528 2304 3570; x_wconf 87' lang='lat' dir='ltr'><strong>et</strong></span> <span class='ocrx_word' id='word_1_515' title='bbox 2337 3513 2752 3575; x_wconf 86' lang='lat' dir='ltr'><strong>misericordes,</strong></span> <span class='ocrx_word' id='word_1_516' title='bbox 2786 3510 3148 3564; x_wconf 86' lang='lat' dir='ltr'><strong>nihilominus</strong></span> <span class='ocrx_word' id='word_1_517' title='bbox 3174 3509 3260 3563; x_wconf 85' lang='lat' dir='ltr'><strong>vel</strong></span> <span class='ocrx_word' id='word_1_518' title='bbox 3305 3508 3386 3562; x_wconf 86' lang='lat' dir='ltr'><strong>sic.</strong></span> <span class='ocrx_word' id='word_1_519' title='bbox 3415 3506 3673 3560; x_wconf 78' lang='lat' dir='ltr'><strong>humilio-</strong></span> 
     </span>
    </p>
   </div>
   <div class='ocr_carea' id='block_1_79' title="bbox 2080 3597 3673 3676">
    <p class='ocr_par' dir='ltr' id='par_1_79' title="bbox 2080 3597 3673 3676">
     <span class='ocr_line' id='line_1_79' title="bbox 2080 3597 3673 3676; baseline -0.009 -12"><span class='ocrx_word' id='word_1_520' title='bbox 2080 3624 2223 3674; x_wconf 87' lang='lat' dir='ltr'><strong>mur,</strong></span> <span class='ocrx_word' id='word_1_521' title='bbox 2275 3622 2452 3676; x_wconf 88' lang='lat' dir='ltr'><strong>neque</strong></span> <span class='ocrx_word' id='word_1_522' title='bbox 2501 3612 2884 3674; x_wconf 89' lang='lat' dir='ltr'><strong>contemptum</strong></span> <span class='ocrx_word' id='word_1_523' title='bbox 2934 3611 2988 3657; x_wconf 87' lang='lat' dir='ltr'><strong>et</strong></span> <span class='ocrx_word' id='word_1_524' title='bbox 3031 3599 3411 3671; x_wconf 78' lang='lat' dir='ltr'><strong>arrogantiam</strong></span> <span class='ocrx_word' id='word_1_525' title='bbox 3463 3597 3673 3652; x_wconf 86' lang='lat' dir='ltr'><strong>habea-</strong></span> 
     </span>
    </p>
   </div>
   <div class='ocr_carea' id='block_1_80' title="bbox 2080 3698 3671 3768">
    <p class='ocr_par' dir='ltr' id='par_1_80' title="bbox 2080 3698 3671 3768">
     <span class='ocr_line' id='line_1_80' title="bbox 2080 3698 3671 3768; baseline -0.006 -14"><span class='ocrx_word' id='word_1_526' title='bbox 2080 3718 2226 3764; x_wconf 91' lang='lat' dir='ltr'><strong>mus,</strong></span> <span class='ocrx_word' id='word_1_527' title='bbox 2272 3716 2341 3755; x_wconf 91' lang='lat' dir='ltr'><strong>ne</strong></span> <span class='ocrx_word' id='word_1_528' title='bbox 2403 3699 2627 3768; x_wconf 88' lang='lat' dir='ltr'><strong>quando</strong></span> <span class='ocrx_word' id='word_1_529' title='bbox 2684 3698 2903 3753; x_wconf 90' lang='lat' dir='ltr'><strong>labores</strong></span> <span class='ocrx_word' id='word_1_530' title='bbox 2960 3702 3190 3751; x_wconf 87' lang='lat' dir='ltr'><strong>nostros</strong></span> <span class='ocrx_word' id='word_1_531' title='bbox 3246 3702 3413 3764; x_wconf 88' lang='lat' dir='ltr'><strong>atque</strong></span> <span class='ocrx_word' id='word_1_532' title='bbox 3469 3704 3671 3761; x_wconf 81' lang='lat' dir='ltr'><strong>operas</strong></span> 
     </span>
    </p>
   </div>
   <div class='ocr_carea' id='block_1_81' title="bbox 2081 3783 3671 3864">
    <p class='ocr_par' dir='ltr' id='par_1_81' title="bbox 2081 3783 3671 3864">
     <span class='ocr_line' id='line_1_81' title="bbox 2081 3783 3671 3864; baseline -0.007 -16"><span class='ocrx_word' id='word_1_533' title='bbox 2081 3793 2401 3864; x_wconf 85' lang='lat' dir='ltr'><strong>perdamus.</strong></span> <span class='ocrx_word' id='word_1_534' title='bbox 2435 3811 2453 3843; x_wconf 79' lang='grc' dir='ltr'><strong>ι</strong></span> <span class='ocrx_word' id='word_1_535' title='bbox 2490 3791 2725 3858; x_wconf 83' lang='lat' dir='ltr'><strong>Quando</strong></span> <span class='ocrx_word' id='word_1_536' title='bbox 2749 3791 2922 3855; x_wconf 86' lang='lat' dir='ltr'><strong>enim,</strong></span> <span class='ocrx_word' id='word_1_537' title='bbox 2962 3790 3166 3859; x_wconf 89' lang='lat' dir='ltr'><strong>inquit,</strong></span> <span class='ocrx_word' id='word_1_538' title='bbox 3216 3791 3329 3841; x_wconf 65' lang='lat' dir='ltr'><strong>tunc</strong></span> <span class='ocrx_word' id='word_1_539' title='bbox 3365 3786 3551 3840; x_wconf 82' lang='lat' dir='ltr'><strong>omnia</strong></span> <span class='ocrx_word' id='word_1_540' title='bbox 3585 3783 3671 3838; x_wconf 74' lang='lat' dir='ltr'><strong>fe-</strong></span> 
     </span>
    </p>
   </div>
   <div class='ocr_carea' id='block_1_82' title="bbox 2060 3879 3670 3958">
    <p class='ocr_par' dir='ltr' id='par_1_82' title="bbox 2060 3879 3670 3958">
     <span class='ocr_line' id='line_1_82' title="bbox 2060 3879 3670 3958; baseline -0.007 -18"><span class='ocrx_word' id='word_1_541' title='bbox 2060 3887 2293 3958; x_wconf 57' lang='lat' dir='ltr'><strong>peritis,</strong></span> <span class='ocrx_word' id='word_1_542' title='bbox 2339 3885 2417 3939; x_wconf 89' lang='lat' dir='ltr'><strong>ait</strong></span> <span class='ocrx_word' id='word_1_543' title='bbox 2449 3885 2741 3951; x_wconf 83' lang='lat' dir='ltr'><strong>Dominus,</strong></span> <span class='ocrx_word' id='word_1_544' title='bbox 2773 3882 2969 3945; x_wconf 68' lang='lat' dir='ltr'><strong>dicite,</strong></span> <span class='ocrx_word' id='word_1_545' title='bbox 3011 3883 3236 3937; x_wconf 86' lang='lat' dir='ltr'><strong>inutiles</strong></span> <span class='ocrx_word' id='word_1_546' title='bbox 3265 3879 3411 3935; x_wconf 85' lang='lat' dir='ltr'><strong>servi</strong></span> <span class='ocrx_word' id='word_1_547' title='bbox 3448 3893 3670 3935; x_wconf 88' lang='lat' dir='ltr'><strong>sumus.</strong></span> 
     </span>
    </p>
   </div>
   <div class='ocr_carea' id='block_1_83' title="bbox 2079 3971 3673 4043">
    <p class='ocr_par' dir='ltr' id='par_1_83' title="bbox 2079 3971 3673 4043">
     <span class='ocr_line' id='line_1_83' title="bbox 2079 3971 3673 4043; baseline -0.006 -13"><span class='ocrx_word' id='word_1_548' title='bbox 2079 3976 2233 4043; x_wconf 83' lang='lat' dir='ltr'><strong>Quod</strong></span> <span class='ocrx_word' id='word_1_549' title='bbox 2277 3978 2547 4032; x_wconf 81' lang='lat' dir='ltr'><strong>debemus</strong></span> <span class='ocrx_word' id='word_1_550' title='bbox 2597 3975 2802 4040; x_wconf 79' lang='lat' dir='ltr'><strong>facere,</strong></span> <span class='ocrx_word' id='word_1_551' title='bbox 2856 3974 3092 4030; x_wconf 77' lang='lat' dir='ltr'><strong>fecimus</strong></span> <span class='ocrx_word' id='word_1_552' title='bbox 3128 3973 3176 4026; x_wconf 67' lang='grc' dir='ltr'><strong>ιε.</strong></span> <span class='ocrx_word' id='word_1_553' title='bbox 3216 3991 3230 4024; x_wconf 76' lang='grc' dir='ltr'><strong>ι</strong></span> <span class='ocrx_word' id='word_1_554' title='bbox 3295 3971 3552 4025; x_wconf 83' lang='lat' dir='ltr'><strong>Debitum</strong></span> <span class='ocrx_word' id='word_1_555' title='bbox 3585 3978 3673 4024; x_wconf 88' lang='lat' dir='ltr'><strong>est</strong></span> 
     </span>
    </p>
   </div>
   <div class='ocr_carea' id='block_1_84' title="bbox 2078 4060 3669 4127">
    <p class='ocr_par' dir='ltr' id='par_1_84' title="bbox 2078 4060 3669 4127">
     <span class='ocr_line' id='line_1_84' title="bbox 2078 4060 3669 4127; baseline -0.004 -8"><span class='ocrx_word' id='word_1_556' title='bbox 2078 4068 2225 4120; x_wconf 78' lang='lat' dir='ltr'><strong>enim</strong></span> <span class='ocrx_word' id='word_1_557' title='bbox 2283 4066 2662 4122; x_wconf 86' lang='lat' dir='ltr'><strong>necessarium</strong></span> <span class='ocrx_word' id='word_1_558' title='bbox 2716 4074 2771 4121; x_wconf 89' lang='lat' dir='ltr'><strong>et</strong></span> <span class='ocrx_word' id='word_1_559' title='bbox 2822 4063 3224 4127; x_wconf 76' lang='lat' dir='ltr'><strong>inexcusabile,</strong></span> <span class='ocrx_word' id='word_1_560' title='bbox 3276 4070 3337 4117; x_wconf 92' lang='lat' dir='ltr'><strong>ut</strong></span> <span class='ocrx_word' id='word_1_561' title='bbox 3365 4060 3669 4115; x_wconf 66' lang='lat' dir='ltr'><strong>oneramus</strong></span> 
     </span>
    </p>
   </div>
   <div class='ocr_carea' id='block_1_85' title="bbox 2082 4154 3666 4223">
    <p class='ocr_par' dir='ltr' id='par_1_85' title="bbox 2082 4154 3666 4223">
     <span class='ocr_line' id='line_1_85' title="bbox 2082 4154 3666 4223; baseline -0.003 -14"><span class='ocrx_word' id='word_1_562' title='bbox 2082 4158 2472 4212; x_wconf 74' lang='lat' dir='ltr'><strong>universorum</strong></span> <span class='ocrx_word' id='word_1_563' title='bbox 2527 4156 2639 4212; x_wconf 90' lang='lat' dir='ltr'><strong>Deo</strong></span> <span class='ocrx_word' id='word_1_564' title='bbox 2679 4157 2942 4213; x_wconf 87' lang='lat' dir='ltr'><strong>servilem</strong></span> <span class='ocrx_word' id='word_1_565' title='bbox 2995 4155 3389 4218; x_wconf 88' lang='lat' dir='ltr'><strong>humilitatem,</strong></span> <span class='ocrx_word' id='word_1_566' title='bbox 3446 4154 3666 4223; x_wconf 89' lang='lat' dir='ltr'><strong>patien-</strong></span> 
     </span>
    </p>
   </div>
   <div class='ocr_carea' id='block_1_86' title="bbox 2083 4247 3665 4319">
    <p class='ocr_par' dir='ltr' id='par_1_86' title="bbox 2083 4247 3665 4319">
     <span class='ocr_line' id='line_1_86' title="bbox 2083 4247 3665 4319; baseline -0.004 -15"><span class='ocrx_word' id='word_1_567' title='bbox 2083 4251 2238 4312; x_wconf 89' lang='lat' dir='ltr'><strong>tiam,</strong></span> <span class='ocrx_word' id='word_1_568' title='bbox 2273 4249 2707 4319; x_wconf 75' lang='lat' dir='ltr'><strong>subiectionem,</strong></span> <span class='ocrx_word' id='word_1_569' title='bbox 2752 4249 3119 4313; x_wconf 85' lang='lat' dir='ltr'><strong>docilitatem,</strong></span> <span class='ocrx_word' id='word_1_570' title='bbox 3151 4247 3665 4315; x_wconf 82' lang='lat' dir='ltr'><strong>morigerationem,</strong></span> 
     </span>
    </p>
   </div>
   <div class='ocr_carea' id='block_1_87' title="bbox 2080 4326 3669 4412">
    <p class='ocr_par' dir='ltr' id='par_1_87' title="bbox 2080 4326 3669 4412">
     <span class='ocr_line' id='line_1_87' title="bbox 2080 4326 3669 4412; baseline -0.002 -19"><span class='ocrx_word' id='word_1_571' title='bbox 2080 4341 2390 4412; x_wconf 76' lang='lat' dir='ltr'><strong>gratiarum</strong></span> <span class='ocrx_word' id='word_1_572' title='bbox 2438 4326 2735 4405; x_wconf 78' lang='lat' dir='ltr'><strong>actionem,</strong></span> <span class='ocrx_word' id='word_1_573' title='bbox 2790 4348 2850 4394; x_wconf 87' lang='lat' dir='ltr'><strong>ut</strong></span> <span class='ocrx_word' id='word_1_574' title='bbox 2889 4339 3307 4409; x_wconf 77' lang='lat' dir='ltr'><strong>niagniﬁcemus</strong></span> <span class='ocrx_word' id='word_1_575' title='bbox 3351 4347 3405 4392; x_wconf 87' lang='lat' dir='ltr'><strong>et</strong></span> <span class='ocrx_word' id='word_1_576' title='bbox 3441 4351 3669 4391; x_wconf 83' lang='lat' dir='ltr'><strong>venere-</strong></span> 
     </span>
    </p>
   </div>
   <div class='ocr_carea' id='block_1_88' title="bbox 2081 4428 3669 4500">
    <p class='ocr_par' dir='ltr' id='par_1_88' title="bbox 2081 4428 3669 4500">
     <span class='ocr_line' id='line_1_88' title="bbox 2081 4428 3669 4500; baseline -0.003 -15"><span class='ocrx_word' id='word_1_577' title='bbox 2081 4449 2206 4485; x_wconf 89' lang='lat' dir='ltr'><strong>mur</strong></span> <span class='ocrx_word' id='word_1_578' title='bbox 2245 4432 2658 4488; x_wconf 84' lang='lat' dir='ltr'><strong>sanctissimam</strong></span> <span class='ocrx_word' id='word_1_579' title='bbox 2708 4433 3053 4486; x_wconf 85' lang='lat' dir='ltr'><strong>voluntatem</strong></span> <span class='ocrx_word' id='word_1_580' title='bbox 3087 4431 3235 4500; x_wconf 82' lang='lat' dir='ltr'><strong>ejus,</strong></span> <span class='ocrx_word' id='word_1_581' title='bbox 3272 4445 3375 4484; x_wconf 89' lang='lat' dir='ltr'><strong>nec</strong></span> <span class='ocrx_word' id='word_1_582' title='bbox 3412 4428 3669 4484; x_wconf 88' lang='lat' dir='ltr'><strong>mordea—</strong></span> 
     </span>
    </p>
   </div>
   <div class='ocr_carea' id='block_1_89' title="bbox 2081 4518 3741 4584">
    <p class='ocr_par' dir='ltr' id='par_1_89' title="bbox 2081 4518 3741 4584">
     <span class='ocr_line' id='line_1_89' title="bbox 2081 4518 3741 4584; baseline -0.003 -10"><span class='ocrx_word' id='word_1_583' title='bbox 2081 4539 2204 4575; x_wconf 87' lang='lat' dir='ltr'><strong>mur</strong></span> <span class='ocrx_word' id='word_1_584' title='bbox 2241 4523 2310 4576; x_wconf 87' lang='lat' dir='ltr'><strong>ab</strong></span> <span class='ocrx_word' id='word_1_585' title='bbox 2340 4521 2536 4576; x_wconf 87' lang='lat' dir='ltr'><strong>alienis</strong></span> <span class='ocrx_word' id='word_1_586' title='bbox 2580 4521 2849 4576; x_wconf 85' lang='lat' dir='ltr'><strong>conviciis</strong></span> <span class='ocrx_word' id='word_1_587' title='bbox 2883 4529 2935 4574; x_wconf 87' lang='lat' dir='ltr'><strong>et</strong></span> <span class='ocrx_word' id='word_1_588' title='bbox 2979 4518 3359 4582; x_wconf 86' lang='lat' dir='ltr'><strong>contumeliis,</strong></span> <span class='ocrx_word' id='word_1_589' title='bbox 3392 4532 3494 4571; x_wconf 87' lang='lat' dir='ltr'><strong>nec</strong></span> <span class='ocrx_word' id='word_1_590' title='bbox 3524 4528 3670 4584; x_wconf 78' lang='lat' dir='ltr'><strong>aegre</strong></span> <span class='ocrx_word' id='word_1_591' title='bbox 3730 4565 3741 4575; x_wconf 87' lang='lat'><em>_</em></span> 
     </span>
    </p>
   </div>
   <div class='ocr_carea' id='block_1_90' title="bbox 374 4596 1982 4688">
    <p class='ocr_par' dir='ltr' id='par_1_90' title="bbox 374 4596 1976 4688">
     <span class='ocr_line' id='line_1_90' title="bbox 374 4596 1976 4688; baseline 0.006 -27"><span class='ocrx_word' id='word_1_592' title='bbox 374 4596 598 4668; x_wconf 66' lang='grc' dir='ltr'><strong>ῧδξνεσι,</strong></span> <span class='ocrx_word' id='word_1_593' title='bbox 632 4602 769 4671; x_wconf 83' lang='grc' dir='ltr'>μήτε</span> <span class='ocrx_word' id='word_1_594' title='bbox 797 4603 1064 4674; x_wconf 67' lang='grc' dir='ltr'>ἄχθεσθαι</span> <span class='ocrx_word' id='word_1_595' title='bbox 1088 4610 1201 4671; x_wconf 87' lang='grc' dir='ltr'>τοῖς</span> <span class='ocrx_word' id='word_1_596' title='bbox 1228 4614 1583 4681; x_wconf 82' lang='grc' dir='ltr'>πειρασμοῖς,</span> <span class='ocrx_word' id='word_1_597' title='bbox 1620 4616 1757 4686; x_wconf 77' lang='grc' dir='ltr'>μήτε</span> <span class='ocrx_word' id='word_1_598' title='bbox 1784 4617 1976 4688; x_wconf 81' lang='grc' dir='ltr'>δυσχε-</span> 
     </span>
    </p>
   </div>
   <div class='ocr_carea' id='block_1_91' title="bbox 2088 4596 3667 4688">
    <p class='ocr_par' dir='ltr' id='par_1_91' title="bbox 2088 4607 3667 4682">
     <span class='ocr_line' id='line_1_91' title="bbox 2088 4607 3667 4682; baseline -0.004 -13"><span class='ocrx_word' id='word_1_599' title='bbox 2088 4614 2325 4671; x_wconf 74' lang='lat' dir='ltr'><strong>leramus</strong></span> <span class='ocrx_word' id='word_1_600' title='bbox 2377 4616 2730 4680; x_wconf 88' lang='lat' dir='ltr'><strong>tentationes,</strong></span> <span class='ocrx_word' id='word_1_601' title='bbox 2765 4630 2869 4669; x_wconf 86' lang='lat' dir='ltr'><strong>nec</strong></span> <span class='ocrx_word' id='word_1_602' title='bbox 2924 4613 3282 4682; x_wconf 73' lang='lat' dir='ltr'><strong>indignemur</strong></span> <span class='ocrx_word' id='word_1_603' title='bbox 3330 4612 3378 4666; x_wconf 86' lang='lat' dir='ltr'><strong>si</strong></span> <span class='ocrx_word' id='word_1_604' title='bbox 3448 4607 3667 4678; x_wconf 84' lang='lat' dir='ltr'><strong>probris</strong></span> 
     </span>
    </p>
   </div>
   <div class='ocr_carea' id='block_1_92' title="bbox 374 4688 1976 4783">
    <p class='ocr_par' dir='ltr' id='par_1_92' title="bbox 374 4688 1976 4783">
     <span class='ocr_line' id='line_1_92' title="bbox 374 4688 1976 4783; baseline 0.014 -43"><span class='ocrx_word' id='word_1_605' title='bbox 374 4688 592 4761; x_wconf 76' lang='grc' dir='ltr'>ραίνειν</span> <span class='ocrx_word' id='word_1_606' title='bbox 622 4693 1036 4766; x_wconf 75' lang='grc' dir='ltr'>ὀνειδιζόμενοι,</span> <span class='ocrx_word' id='word_1_607' title='bbox 1085 4700 1167 4753; x_wconf 81' lang='grc' dir='ltr'><strong>δτι</strong></span> <span class='ocrx_word' id='word_1_608' title='bbox 1202 4702 1296 4754; x_wconf 82' lang='grc' dir='ltr'><strong>καὶ</strong></span> <span class='ocrx_word' id='word_1_609' title='bbox 1348 4704 1458 4757; x_wconf 81' lang='grc' dir='ltr'><strong>ἀπὸ</strong></span> <span class='ocrx_word' id='word_1_610' title='bbox 1514 4705 1724 4760; x_wconf 83' lang='grc' dir='ltr'>τούτων</span> <span class='ocrx_word' id='word_1_611' title='bbox 1774 4708 1976 4783; x_wconf 83' lang='grc' dir='ltr'>πολλὴν</span> 
     </span>
    </p>
   </div>
   <div class='ocr_carea' id='block_1_93' title="bbox 371 4781 1975 4870">
    <p class='ocr_par' dir='ltr' id='par_1_93' title="bbox 371 4781 1975 4870">
     <span class='ocr_line' id='line_1_93' title="bbox 371 4781 1975 4870; baseline 0.014 -38"><span class='ocrx_word' id='word_1_612' title='bbox 371 4781 749 4854; x_wconf 69' lang='grc' dir='ltr'>καρπούμεθα</span> <span class='ocrx_word' id='word_1_613' title='bbox 788 4785 885 4856; x_wconf 77' lang='grc' dir='ltr'>τὴν</span> <span class='ocrx_word' id='word_1_614' title='bbox 924 4788 1216 4856; x_wconf 71' lang='grc' dir='ltr'>ὠφέλειαν.</span> <span class='ocrx_word' id='word_1_615' title='bbox 1254 4794 1534 4864; x_wconf 84' lang='grc' dir='ltr'>Μάθωμεν</span> <span class='ocrx_word' id='word_1_616' title='bbox 1588 4799 1683 4851; x_wconf 75' lang='grc' dir='ltr'><strong>καὶ</strong></span> <span class='ocrx_word' id='word_1_617' title='bbox 1732 4781 1975 4870; x_wconf 80' lang='grc' dir='ltr'>γνῶμεν,</span> 
     </span>
    </p>
   </div>
   <div class='ocr_carea' id='block_1_94' title="bbox 372 4871 1976 4960">
    <p class='ocr_par' dir='ltr' id='par_1_94' title="bbox 372 4871 1976 4960">
     <span class='ocr_line' id='line_1_94' title="bbox 372 4871 1976 4960; baseline 0.012 -35"><span class='ocrx_word' id='word_1_618' title='bbox 372 4871 602 4941; x_wconf 59' lang='grc' dir='ltr'>ἀδελφοί</span> <span class='ocrx_word' id='word_1_619' title='bbox 658 4892 785 4944; x_wconf 86' lang='grc' dir='ltr'>μου,</span> <span class='ocrx_word' id='word_1_620' title='bbox 845 4876 946 4948; x_wconf 83' lang='grc' dir='ltr'>τὴν</span> <span class='ocrx_word' id='word_1_621' title='bbox 999 4879 1101 4947; x_wconf 71' lang='grc' dir='ltr'>τῆς</span> <span class='ocrx_word' id='word_1_622' title='bbox 1155 4883 1542 4949; x_wconf 84' lang='grc' dir='ltr'>ταπεινώσεως</span> <span class='ocrx_word' id='word_1_623' title='bbox 1594 4887 1825 4960; x_wconf 89' lang='grc' dir='ltr'>δύναμιν</span> <span class='ocrx_word' id='word_1_624' title='bbox 1882 4893 1976 4946; x_wconf 76' lang='grc' dir='ltr'><strong>καὶ</strong></span> 
     </span>
    </p>
   </div>
   <div class='ocr_carea' id='block_1_95' title="bbox 375 4964 1975 5053">
    <p class='ocr_par' dir='ltr' id='par_1_95' title="bbox 375 4964 1975 5053">
     <span class='ocr_line' id='line_1_95' title="bbox 375 4964 1975 5053; baseline 0.014 -39"><span class='ocrx_word' id='word_1_625' title='bbox 375 4964 539 5041; x_wconf 72' lang='grc' dir='ltr'>ἰσχὺν</span> <span class='ocrx_word' id='word_1_626' title='bbox 570 4966 666 5019; x_wconf 72' lang='grc' dir='ltr'><strong>καὶ</strong></span> <span class='ocrx_word' id='word_1_627' title='bbox 703 4967 979 5038; x_wconf 79' lang='grc' dir='ltr'>βοήθειαν.</span> <span class='ocrx_word' id='word_1_628' title='bbox 998 4971 1278 5043; x_wconf 84' lang='grc' dir='ltr'>Μάθωμεν</span> <span class='ocrx_word' id='word_1_629' title='bbox 1307 4975 1408 5045; x_wconf 80' lang='grc' dir='ltr'><strong>τῆς</strong></span> <span class='ocrx_word' id='word_1_630' title='bbox 1436 4978 1725 5049; x_wconf 80' lang='grc' dir='ltr'>ὲπὰρσεως</span> <span class='ocrx_word' id='word_1_631' title='bbox 1750 4982 1848 5053; x_wconf 73' lang='grc' dir='ltr'><strong>τὴν</strong></span> <span class='ocrx_word' id='word_1_632' title='bbox 1876 5001 1975 5037; x_wconf 84' lang='grc' dir='ltr'>κα·-</span> 
     </span>
    </p>
   </div>
   <div class='ocr_carea' id='block_1_96' title="bbox 371 5053 1979 5134">
    <p class='ocr_par' dir='ltr' id='par_1_96' title="bbox 371 5053 1979 5134">
     <span class='ocr_line' id='line_1_96' title="bbox 371 5053 1979 5134; baseline 0.014 -30"><span class='ocrx_word' id='word_1_633' title='bbox 371 5053 609 5126; x_wconf 77' lang='grc' dir='ltr'>ταδίκην</span> <span class='ocrx_word' id='word_1_634' title='bbox 645 5059 740 5109; x_wconf 70' lang='grc' dir='ltr'>καὶ</span> <span class='ocrx_word' id='word_1_635' title='bbox 769 5057 869 5126; x_wconf 75' lang='grc' dir='ltr'>τὴν</span> <span class='ocrx_word' id='word_1_636' title='bbox 898 5058 1108 5130; x_wconf 75' lang='grc' dir='ltr'>ζημίαν</span> <span class='ocrx_word' id='word_1_637' title='bbox 1130 5065 1226 5115; x_wconf 81' lang='grc' dir='ltr'>καὶ</span> <span class='ocrx_word' id='word_1_638' title='bbox 1253 5065 1352 5134; x_wconf 79' lang='grc' dir='ltr'>τὴν</span> <span class='ocrx_word' id='word_1_639' title='bbox 1381 5067 1660 5122; x_wconf 84' lang='grc' dir='ltr'>ἀπώλειαν</span> <span class='ocrx_word' id='word_1_640' title='bbox 1690 5087 1702 5100; x_wconf 76' lang='grc'><strong><em>⁸</em></strong></span> <span class='ocrx_word' id='word_1_641' title='bbox 1729 5072 1822 5125; x_wconf 81' lang='grc' dir='ltr'><strong>τοὺ</strong></span> <span class='ocrx_word' id='word_1_642' title='bbox 1852 5074 1979 5126; x_wconf 84' lang='grc' dir='ltr'>Βεε-</span> 
     </span>
    </p>
   </div>
   <div class='ocr_carea' id='block_1_97' title="bbox 381 5144 1976 5230">
    <p class='ocr_par' dir='ltr' id='par_1_97' title="bbox 381 5144 1976 5230">
     <span class='ocr_line' id='line_1_97' title="bbox 381 5144 1976 5230; baseline 0.015 -37"><span class='ocrx_word' id='word_1_643' title='bbox 381 5144 505 5214; x_wconf 73' lang='grc' dir='ltr'>μὼθ</span> <span class='ocrx_word' id='word_1_644' title='bbox 534 5147 632 5217; x_wconf 78' lang='grc' dir='ltr'>τὴν</span> <span class='ocrx_word' id='word_1_645' title='bbox 655 5150 836 5215; x_wconf 79' lang='grc' dir='ltr'>σκιάν,</span> <span class='ocrx_word' id='word_1_646' title='bbox 861 5150 1005 5204; x_wconf 79' lang='grc' dir='ltr'>κατὰ</span> <span class='ocrx_word' id='word_1_647' title='bbox 1030 5153 1121 5205; x_wconf 85' lang='grc' dir='ltr'><strong>τὸν</strong></span> <span class='ocrx_word' id='word_1_648' title='bbox 1158 5152 1300 5220; x_wconf 75' lang='grc' dir='ltr'><strong>Ἰὼϐ,</strong></span> <span class='ocrx_word' id='word_1_649' title='bbox 1335 5158 1393 5208; x_wconf 82' lang='grc' dir='ltr'>ἐν</span> <span class='ocrx_word' id='word_1_650' title='bbox 1412 5161 1524 5221; x_wconf 86' lang='grc' dir='ltr'>τοῖς</span> <span class='ocrx_word' id='word_1_651' title='bbox 1560 5161 1745 5230; x_wconf 80' lang='grc' dir='ltr'>ὑγροῖς</span> <span class='ocrx_word' id='word_1_652' title='bbox 1770 5165 1976 5228; x_wconf 73' lang='grc' dir='ltr'>τίποις,</span> 
     </span>
    </p>
   </div>
   <div class='ocr_carea' id='block_1_98' title="bbox 380 5238 1977 5330">
    <p class='ocr_par' dir='ltr' id='par_1_98' title="bbox 380 5238 1977 5330">
     <span class='ocr_line' id='line_1_98' title="bbox 380 5238 1977 5330; baseline 0.016 -43"><span class='ocrx_word' id='word_1_653' title='bbox 380 5238 487 5330; x_wconf 68' lang='grc' dir='ltr'><strong>κάν</strong></span> <span class='ocrx_word' id='word_1_654' title='bbox 537 5238 611 5307; x_wconf 77' lang='grc' dir='ltr'><strong>τῷ</strong></span> <span class='ocrx_word' id='word_1_655' title='bbox 662 5240 934 5312; x_wconf 80' lang='grc' dir='ltr'>καλάμῳ,</span> <span class='ocrx_word' id='word_1_656' title='bbox 978 5246 1078 5314; x_wconf 85' lang='grc' dir='ltr'>τὴν</span> <span class='ocrx_word' id='word_1_657' title='bbox 1129 5249 1407 5321; x_wconf 78' lang='grc' dir='ltr'>ἐκτροπὴν</span> <span class='ocrx_word' id='word_1_658' title='bbox 1432 5252 1529 5322; x_wconf 85' lang='grc' dir='ltr'>τῆς</span> <span class='ocrx_word' id='word_1_659' title='bbox 1566 5255 1686 5307; x_wconf 73' lang='grc' dir='ltr'>ὁδοῦ</span> <span class='ocrx_word' id='word_1_660' title='bbox 1712 5256 1813 5326; x_wconf 80' lang='grc' dir='ltr'>τῆς</span> <span class='ocrx_word' id='word_1_661' title='bbox 1845 5259 1977 5330; x_wconf 86' lang='grc' dir='ltr'>ἀλη-</span> 
     </span>
    </p>
   </div>
   <div class='ocr_carea' id='block_1_99' title="bbox 378 5326 1534 5416">
    <p class='ocr_par' dir='ltr' id='par_1_99' title="bbox 378 5326 1534 5416">
     <span class='ocr_line' id='line_1_99' title="bbox 378 5326 1534 5416; baseline 0.016 -37"><span class='ocrx_word' id='word_1_662' title='bbox 378 5326 557 5392; x_wconf 69' lang='grc' dir='ltr'>θείας,</span> <span class='ocrx_word' id='word_1_663' title='bbox 585 5332 680 5384; x_wconf 71' lang='grc' dir='ltr'><strong>καὶ</strong></span> <span class='ocrx_word' id='word_1_664' title='bbox 705 5333 802 5385; x_wconf 80' lang='grc' dir='ltr'><strong>τοῦ</strong></span> <span class='ocrx_word' id='word_1_665' title='bbox 831 5336 1009 5404; x_wconf 85' lang='grc' dir='ltr'>φωτὸς</span> <span class='ocrx_word' id='word_1_666' title='bbox 1034 5338 1131 5408; x_wconf 81' lang='grc' dir='ltr'>τῆς</span> <span class='ocrx_word' id='word_1_667' title='bbox 1166 5340 1534 5416; x_wconf 81' lang='grc' dir='ltr'>δικαιοσύνης.</span> 
     </span>
    </p>
   </div>
   <div class='ocr_carea' id='block_1_100' title="bbox 456 5421 1974 5511">
    <p class='ocr_par' dir='ltr' id='par_1_100' title="bbox 456 5421 1974 5511">
     <span class='ocr_line' id='line_1_100' title="bbox 456 5421 1974 5511; baseline 0.016 -40"><span class='ocrx_word' id='word_1_668' title='bbox 456 5421 565 5472; x_wconf 68' lang='grc' dir='ltr'>Καὶ</span> <span class='ocrx_word' id='word_1_669' title='bbox 590 5423 779 5495; x_wconf 54' lang='grc' dir='ltr'>ἐπειδὴ</span> <span class='ocrx_word' id='word_1_670' title='bbox 806 5427 949 5495; x_wconf 86' lang='grc' dir='ltr'>μέγα</span> <span class='ocrx_word' id='word_1_671' title='bbox 987 5430 1199 5498; x_wconf 87' lang='grc' dir='ltr'>ἀγαθόν</span> <span class='ocrx_word' id='word_1_672' title='bbox 1226 5435 1341 5487; x_wconf 85' lang='grc' dir='ltr'>ἐστι</span> <span class='ocrx_word' id='word_1_673' title='bbox 1376 5437 1638 5504; x_wconf 79' lang='grc' dir='ltr'>μετάνοια</span> <span class='ocrx_word' id='word_1_674' title='bbox 1666 5442 1759 5492; x_wconf 76' lang='grc' dir='ltr'><strong>καὶ</strong></span> <span class='ocrx_word' id='word_1_675' title='bbox 1784 5440 1974 5511; x_wconf 75' lang='grc' dir='ltr'>ἐξομο-</span> 
     </span>
    </p>
   </div>
   <div class='ocr_carea' id='block_1_101' title="bbox 374 5509 1976 5602">
    <p class='ocr_par' dir='ltr' id='par_1_101' title="bbox 374 5509 1976 5602">
     <span class='ocr_line' id='line_1_101' title="bbox 374 5509 1976 5602; baseline 0.018 -42"><span class='ocrx_word' id='word_1_676' title='bbox 374 5509 628 5582; x_wconf 71' lang='grc' dir='ltr'>λόγησις,</span> <span class='ocrx_word' id='word_1_677' title='bbox 669 5515 767 5567; x_wconf 74' lang='grc' dir='ltr'>καὶ</span> <span class='ocrx_word' id='word_1_678' title='bbox 820 5519 852 5588; x_wconf 89' lang='grc' dir='ltr'>ἡ</span> <span class='ocrx_word' id='word_1_679' title='bbox 889 5521 1175 5593; x_wconf 79' lang='grc' dir='ltr'>συντριὸὴ,</span> <span class='ocrx_word' id='word_1_680' title='bbox 1229 5526 1322 5578; x_wconf 74' lang='grc' dir='ltr'><strong>καὶ</strong></span> <span class='ocrx_word' id='word_1_681' title='bbox 1351 5527 1419 5581; x_wconf 81' lang='grc' dir='ltr'><strong>τὰ</strong></span> <span class='ocrx_word' id='word_1_682' title='bbox 1447 5529 1680 5602; x_wconf 72' lang='grc' dir='ltr'>δάκρυα,</span> <span class='ocrx_word' id='word_1_683' title='bbox 1707 5535 1798 5586; x_wconf 75' lang='grc' dir='ltr'>καὶ</span> <span class='ocrx_word' id='word_1_684' title='bbox 1829 5509 1886 5587; x_wconf 57' lang='grc' dir='ltr'><strong>οἱ⁷</strong></span> <span class='ocrx_word' id='word_1_685' title='bbox 1913 5537 1976 5589; x_wconf 82' lang='grc' dir='ltr'><strong>ὲκ</strong></span> 
     </span>
    </p>
   </div>
   <div class='ocr_carea' id='block_1_102' title="bbox 382 5602 1977 5697">
    <p class='ocr_par' dir='ltr' id='par_1_102' title="bbox 382 5602 1977 5697">
     <span class='ocr_line' id='line_1_102' title="bbox 382 5602 1977 5697; baseline 0.016 -41"><span class='ocrx_word' id='word_1_686' title='bbox 382 5602 586 5672; x_wconf 76' lang='grc' dir='ltr'>βάθους</span> <span class='ocrx_word' id='word_1_687' title='bbox 612 5613 933 5691; x_wconf 70' lang='grc' dir='ltr'>στεναγμοὶ,</span> <span class='ocrx_word' id='word_1_688' title='bbox 956 5614 1048 5667; x_wconf 79' lang='grc' dir='ltr'>καὶ</span> <span class='ocrx_word' id='word_1_689' title='bbox 1065 5617 1097 5683; x_wconf 80' lang='grc' dir='ltr'>ἠ</span> <span class='ocrx_word' id='word_1_690' title='bbox 1123 5619 1422 5687; x_wconf 80' lang='grc' dir='ltr'>κατὰνυξις</span> <span class='ocrx_word' id='word_1_691' title='bbox 1442 5639 1454 5652; x_wconf 72' lang='grc' dir='ltr'><strong><em>ο</em></strong></span> <span class='ocrx_word' id='word_1_692' title='bbox 1478 5624 1568 5677; x_wconf 74' lang='grc' dir='ltr'><strong>διὰ</strong></span> <span class='ocrx_word' id='word_1_693' title='bbox 1595 5623 1775 5687; x_wconf 84' lang='grc' dir='ltr'>τοῦτο,</span> <span class='ocrx_word' id='word_1_694' title='bbox 1794 5644 1977 5697; x_wconf 80' lang='grc' dir='ltr'>παρα·</span> 
     </span>
    </p>
   </div>
   <div class='ocr_carea' id='block_1_103' title="bbox 378 5697 1980 5792">
    <p class='ocr_par' dir='ltr' id='par_1_103' title="bbox 378 5697 1980 5792">
     <span class='ocr_line' id='line_1_103' title="bbox 378 5697 1980 5792; baseline 0.016 -41"><span class='ocrx_word' id='word_1_695' title='bbox 378 5697 555 5765; x_wconf 82' lang='grc' dir='ltr'>καλῶ,</span> <span class='ocrx_word' id='word_1_696' title='bbox 576 5699 1019 5775; x_wconf 81' lang='grc' dir='ltr'>Ἐξομολογεῖσθε</span> <span class='ocrx_word' id='word_1_697' title='bbox 1047 5710 1124 5782; x_wconf 83' lang='grc' dir='ltr'><strong>τῷ</strong></span> <span class='ocrx_word' id='word_1_698' title='bbox 1146 5712 1266 5784; x_wconf 78' lang='grc' dir='ltr'><strong>Θεῷ</strong></span> <span class='ocrx_word' id='word_1_699' title='bbox 1303 5716 1564 5788; x_wconf 84' lang='grc' dir='ltr'>συνεχῶς,</span> <span class='ocrx_word' id='word_1_700' title='bbox 1593 5719 1685 5773; x_wconf 71' lang='grc' dir='ltr'><strong>καὶ</strong></span> <span class='ocrx_word' id='word_1_701' title='bbox 1706 5718 1776 5773; x_wconf 77' lang='grc' dir='ltr'>τὰ</span> <span class='ocrx_word' id='word_1_702' title='bbox 1797 5720 1980 5792; x_wconf 81' lang='grc' dir='ltr'>ἀμαρ-</span> 
     </span>
    </p>
   </div>
   <div class='ocr_carea' id='block_1_104' title="bbox 454 5854 941 5967">
    <p class='ocr_par' dir='ltr' id='par_1_104' title="bbox 454 5854 941 5967">
     <span class='ocr_line' id='line_1_104' title="bbox 454 5854 941 5967; baseline 0.016 -26"><span class='ocrx_word' id='word_1_703' title='bbox 454 5873 476 5911; x_wconf 74' lang='grc'><strong>¹⁵</strong></span> <span class='ocrx_word' id='word_1_704' title='bbox 506 5878 642 5943; x_wconf 82' lang='lat' dir='ltr'><strong>Luc.</strong></span> <span class='ocrx_word' id='word_1_705' title='bbox 680 5903 816 5967; x_wconf 78' lang='lat' dir='ltr'><strong>x_vu,</strong></span> <span class='ocrx_word' id='word_1_706' title='bbox 854 5854 941 5949; x_wconf 71' lang='lat' dir='ltr'><strong>l0.</strong></span> 
     </span>
    </p>
   </div>
   <div class='ocr_carea' id='block_1_105' title="bbox 2078 4701 3667 4776">
    <p class='ocr_par' dir='ltr' id='par_1_105' title="bbox 2078 4701 3667 4776">
     <span class='ocr_line' id='line_1_105' title="bbox 2078 4701 3667 4776; baseline -0.004 -17"><span class='ocrx_word' id='word_1_707' title='bbox 2078 4706 2425 4773; x_wconf 72' lang='lat' dir='ltr'><strong>lacerentur;</strong></span> <span class='ocrx_word' id='word_1_708' title='bbox 2491 4704 2757 4776; x_wconf 87' lang='lat' dir='ltr'><strong>quoniam</strong></span> <span class='ocrx_word' id='word_1_709' title='bbox 2812 4704 2962 4759; x_wconf 89' lang='lat' dir='ltr'><strong>etab</strong></span> <span class='ocrx_word' id='word_1_710' title='bbox 3010 4704 3170 4758; x_wconf 86' lang='lat' dir='ltr'><strong>hisce</strong></span> <span class='ocrx_word' id='word_1_711' title='bbox 3201 4703 3370 4757; x_wconf 79' lang='lat' dir='ltr'><strong>rebus</strong></span> <span class='ocrx_word' id='word_1_712' title='bbox 3412 4701 3667 4771; x_wconf 77' lang='lat' dir='ltr'><strong>pluriuue</strong></span> 
     </span>
    </p>
   </div>
   <div class='ocr_carea' id='block_1_106' title="bbox 2075 4784 3666 4867">
    <p class='ocr_par' dir='ltr' id='par_1_106' title="bbox 2075 4784 3666 4867">
     <span class='ocr_line' id='line_1_106' title="bbox 2075 4784 3666 4867; baseline -0.006 -14"><span class='ocrx_word' id='word_1_713' title='bbox 2075 4799 2339 4867; x_wconf 84' lang='lat' dir='ltr'><strong>consequi</strong></span> <span class='ocrx_word' id='word_1_714' title='bbox 2393 4784 2689 4867; x_wconf 70' lang='lat' dir='ltr'><strong>possumus</strong></span> <span class='ocrx_word' id='word_1_715' title='bbox 2740 4796 2997 4852; x_wconf 90' lang='lat' dir='ltr'><strong>utilitatis</strong></span> <span class='ocrx_word' id='word_1_716' title='bbox 3055 4795 3321 4851; x_wconf 82' lang='lat' dir='ltr'><strong>fructum.</strong></span> <span class='ocrx_word' id='word_1_717' title='bbox 3379 4794 3666 4847; x_wconf 75' lang='lat' dir='ltr'><strong>Dis-camus</strong></span> 
     </span>
    </p>
   </div>
   <div class='ocr_carea' id='block_1_107' title="bbox 2079 4888 3670 4962">
    <p class='ocr_par' dir='ltr' id='par_1_107' title="bbox 2079 4888 3670 4962">
     <span class='ocr_line' id='line_1_107' title="bbox 2079 4888 3670 4962; baseline -0.003 -18"><span class='ocrx_word' id='word_1_718' title='bbox 2079 4906 2582 4962; x_wconf 82' lang='lat' dir='ltr'><strong>agnoscamusque,</strong></span> <span class='ocrx_word' id='word_1_719' title='bbox 2635 4890 2843 4946; x_wconf 73' lang='lat' dir='ltr'><strong>fratres</strong></span> <span class='ocrx_word' id='word_1_720' title='bbox 2879 4892 3008 4958; x_wconf 91' lang='lat' dir='ltr'><strong>mei,</strong></span> <span class='ocrx_word' id='word_1_721' title='bbox 3060 4904 3186 4961; x_wconf 65' lang='lat' dir='ltr'><strong>qum</strong></span> <span class='ocrx_word' id='word_1_722' title='bbox 3218 4891 3295 4944; x_wconf 90' lang='lat' dir='ltr'><strong>sit</strong></span> <span class='ocrx_word' id='word_1_723' title='bbox 3328 4888 3670 4943; x_wconf 87' lang='lat' dir='ltr'><strong>humiliatio-</strong></span> 
     </span>
    </p>
   </div>
   <div class='ocr_carea' id='block_1_108' title="bbox 2079 4979 3666 5054">
    <p class='ocr_par' dir='ltr' id='par_1_108' title="bbox 2079 4979 3666 5054">
     <span class='ocr_line' id='line_1_108' title="bbox 2079 4979 3666 5054; baseline -0.003 -17"><span class='ocrx_word' id='word_1_724' title='bbox 2079 4985 2170 5038; x_wconf 88' lang='lat' dir='ltr'><strong>nis</strong></span> <span class='ocrx_word' id='word_1_725' title='bbox 2203 4983 2307 5048; x_wconf 88' lang='lat' dir='ltr'><strong>vis,</strong></span> <span class='ocrx_word' id='word_1_726' title='bbox 2341 4991 2590 5054; x_wconf 79' lang='lat' dir='ltr'><strong>potestas</strong></span> <span class='ocrx_word' id='word_1_727' title='bbox 2619 4992 2675 5038; x_wconf 88' lang='lat' dir='ltr'><strong>et</strong></span> <span class='ocrx_word' id='word_1_728' title='bbox 2725 4984 2996 5038; x_wconf 81' lang='lat' dir='ltr'><strong>auxilium</strong></span> <span class='ocrx_word' id='word_1_729' title='bbox 3028 5001 3043 5037; x_wconf 88' lang='lat'><strong>:</strong></span> <span class='ocrx_word' id='word_1_730' title='bbox 3080 4984 3368 5038; x_wconf 82' lang='lat' dir='ltr'><strong>discamus</strong></span> <span class='ocrx_word' id='word_1_731' title='bbox 3402 4979 3666 5034; x_wconf 87' lang='lat' dir='ltr'><strong>elationis</strong></span> 
     </span>
    </p>
   </div>
   <div class='ocr_carea' id='block_1_109' title="bbox 2078 5072 3662 5144">
    <p class='ocr_par' dir='ltr' id='par_1_109' title="bbox 2078 5072 3662 5144">
     <span class='ocr_line' id='line_1_109' title="bbox 2078 5072 3662 5144; baseline -0.004 -14"><span class='ocrx_word' id='word_1_732' title='bbox 2078 5091 2202 5144; x_wconf 83' lang='lat' dir='ltr'><strong>quae</strong></span> <span class='ocrx_word' id='word_1_733' title='bbox 2249 5077 2321 5130; x_wconf 88' lang='lat' dir='ltr'><strong>sit</strong></span> <span class='ocrx_word' id='word_1_734' title='bbox 2374 5077 2676 5140; x_wconf 89' lang='lat' dir='ltr'><strong>damnatio,</strong></span> <span class='ocrx_word' id='word_1_735' title='bbox 2730 5077 2901 5129; x_wconf 89' lang='lat' dir='ltr'><strong>multa</strong></span> <span class='ocrx_word' id='word_1_736' title='bbox 2953 5083 3006 5130; x_wconf 82' lang='lat' dir='ltr'><strong>et</strong></span> <span class='ocrx_word' id='word_1_737' title='bbox 3044 5076 3347 5141; x_wconf 87' lang='lat' dir='ltr'><strong>interitus;</strong></span> <span class='ocrx_word' id='word_1_738' title='bbox 3377 5072 3662 5128; x_wconf 83' lang='lat' dir='ltr'><strong>Beelnothi</strong></span> 
     </span>
    </p>
   </div>
   <div class='ocr_carea' id='block_1_110' title="bbox 2078 5167 3664 5239">
    <p class='ocr_par' dir='ltr' id='par_1_110' title="bbox 2078 5167 3664 5239">
     <span class='ocr_line' id='line_1_110' title="bbox 2078 5167 3664 5239; baseline -0.001 -19"><span class='ocrx_word' id='word_1_739' title='bbox 2078 5186 2203 5239; x_wconf 64' lang='lat' dir='ltr'><strong>qua:</strong></span> <span class='ocrx_word' id='word_1_740' title='bbox 2243 5171 2316 5224; x_wconf 91' lang='lat' dir='ltr'><strong>sit</strong></span> <span class='ocrx_word' id='word_1_741' title='bbox 2368 5170 2585 5231; x_wconf 86' lang='lat' dir='ltr'><strong>umbra.</strong></span> <span class='ocrx_word' id='word_1_742' title='bbox 2625 5170 2934 5223; x_wconf 87' lang='lat' dir='ltr'><strong>secundum</strong></span> <span class='ocrx_word' id='word_1_743' title='bbox 2967 5167 3094 5235; x_wconf 72' lang='lat' dir='ltr'><strong>10b,</strong></span> <span class='ocrx_word' id='word_1_744' title='bbox 3131 5168 3185 5222; x_wconf 90' lang='lat' dir='ltr'><strong>in</strong></span> <span class='ocrx_word' id='word_1_745' title='bbox 3221 5167 3466 5222; x_wconf 88' lang='lat' dir='ltr'><strong>humidis</strong></span> <span class='ocrx_word' id='word_1_746' title='bbox 3504 5167 3664 5228; x_wconf 85' lang='lat' dir='ltr'><strong>locis,</strong></span> 
     </span>
    </p>
   </div>
   <div class='ocr_carea' id='block_1_111' title="bbox 2079 5259 3665 5322">
    <p class='ocr_par' dir='ltr' id='par_1_111' title="bbox 2079 5259 3665 5322">
     <span class='ocr_line' id='line_1_111' title="bbox 2079 5259 3665 5322; baseline -0.005 -5"><span class='ocrx_word' id='word_1_747' title='bbox 2079 5271 2133 5317; x_wconf 86' lang='lat' dir='ltr'><strong>et</strong></span> <span class='ocrx_word' id='word_1_748' title='bbox 2175 5262 2228 5315; x_wconf 89' lang='lat' dir='ltr'><strong>in</strong></span> <span class='ocrx_word' id='word_1_749' title='bbox 2287 5261 2627 5315; x_wconf 89' lang='lat' dir='ltr'><strong>arundineto</strong></span> <span class='ocrx_word' id='word_1_750' title='bbox 2684 5261 2967 5316; x_wconf 75' lang='lat' dir='ltr'><strong>abet-ratio</strong></span> <span class='ocrx_word' id='word_1_751' title='bbox 3027 5276 3055 5312; x_wconf 91' lang='lat' dir='ltr'><strong>a</strong></span> <span class='ocrx_word' id='word_1_752' title='bbox 3094 5261 3179 5313; x_wconf 89' lang='lat' dir='ltr'><strong>via</strong></span> <span class='ocrx_word' id='word_1_753' title='bbox 3241 5259 3515 5322; x_wconf 87' lang='lat' dir='ltr'><strong>veritatis,</strong></span> <span class='ocrx_word' id='word_1_754' title='bbox 3550 5267 3603 5310; x_wconf 90' lang='lat' dir='ltr'><strong>et</strong></span> <span class='ocrx_word' id='word_1_755' title='bbox 3636 5272 3665 5310; x_wconf 90' lang='lat' dir='ltr'><strong>a</strong></span> 
     </span>
    </p>
   </div>
   <div class='ocr_carea' id='block_1_112' title="bbox 2080 5356 3076 5433">
    <p class='ocr_par' dir='ltr' id='par_1_112' title="bbox 2080 5356 3076 5433">
     <span class='ocr_line' id='line_1_112' title="bbox 2080 5356 3076 5433; baseline 0.001 -23"><span class='ocrx_word' id='word_1_756' title='bbox 2080 5358 2289 5412; x_wconf 90' lang='lat' dir='ltr'><strong>lumine</strong></span> <span class='ocrx_word' id='word_1_757' title='bbox 2313 5356 2565 5426; x_wconf 76' lang='lat' dir='ltr'><strong>justitiae.</strong></span> <span class='ocrx_word' id='word_1_758' title='bbox 3070 5425 3076 5433; x_wconf 83' lang='lat'><strong>_</strong></span> 
     </span>
    </p>
   </div>
   <div class='ocr_carea' id='block_1_113' title="bbox 2154 5445 3664 5521">
    <p class='ocr_par' dir='ltr' id='par_1_113' title="bbox 2154 5445 3664 5521">
     <span class='ocr_line' id='line_1_113' title="bbox 2154 5445 3664 5521; baseline -0.003 -18"><span class='ocrx_word' id='word_1_759' title='bbox 2154 5450 2214 5503; x_wconf 85' lang='lat' dir='ltr'><strong>Et</strong></span> <span class='ocrx_word' id='word_1_760' title='bbox 2255 5450 2517 5520; x_wconf 86' lang='lat' dir='ltr'><strong>quoniam</strong></span> <span class='ocrx_word' id='word_1_761' title='bbox 2570 5464 2829 5521; x_wconf 82' lang='lat' dir='ltr'><strong>magnum</strong></span> <span class='ocrx_word' id='word_1_762' title='bbox 2873 5449 3079 5503; x_wconf 86' lang='lat' dir='ltr'><strong>bonum</strong></span> <span class='ocrx_word' id='word_1_763' title='bbox 3117 5455 3204 5501; x_wconf 86' lang='lat' dir='ltr'><strong>est</strong></span> <span class='ocrx_word' id='word_1_764' title='bbox 3243 5445 3574 5518; x_wconf 72' lang='lat' dir='ltr'><strong>pmnitentia</strong></span> <span class='ocrx_word' id='word_1_765' title='bbox 3610 5454 3664 5499; x_wconf 79' lang='lat' dir='ltr'><strong>ct</strong></span> 
     </span>
    </p>
   </div>
   <div class='ocr_carea' id='block_1_114' title="bbox 2083 5537 3667 5610">
    <p class='ocr_par' dir='ltr' id='par_1_114' title="bbox 2083 5537 3667 5610">
     <span class='ocr_line' id='line_1_114' title="bbox 2083 5537 3667 5610; baseline -0.001 -17"><span class='ocrx_word' id='word_1_766' title='bbox 2083 5538 2388 5602; x_wconf 70' lang='lat' dir='ltr'><strong>confessio,</strong></span> <span class='ocrx_word' id='word_1_767' title='bbox 2424 5540 2692 5596; x_wconf 89' lang='lat' dir='ltr'><strong>contritio</strong></span> <span class='ocrx_word' id='word_1_768' title='bbox 2745 5541 2874 5593; x_wconf 89' lang='lat' dir='ltr'><strong>item</strong></span> <span class='ocrx_word' id='word_1_769' title='bbox 2905 5548 2960 5593; x_wconf 90' lang='lat' dir='ltr'><strong>et</strong></span> <span class='ocrx_word' id='word_1_770' title='bbox 2996 5540 3272 5610; x_wconf 64' lang='lat' dir='ltr'><strong>lacrymaa,</strong></span> <span class='ocrx_word' id='word_1_771' title='bbox 3306 5537 3667 5607; x_wconf 84' lang='lat' dir='ltr'><strong>ejulatusque</strong></span> 
     </span>
    </p>
   </div>
   <div class='ocr_carea' id='block_1_115' title="bbox 2085 5631 3661 5703">
    <p class='ocr_par' dir='ltr' id='par_1_115' title="bbox 2085 5631 3661 5703">
     <span class='ocr_line' id='line_1_115' title="bbox 2085 5631 3661 5703; baseline 0 -18"><span class='ocrx_word' id='word_1_772' title='bbox 2085 5648 2149 5685; x_wconf 76' lang='lat' dir='ltr'><strong>e1</strong></span> <span class='ocrx_word' id='word_1_773' title='bbox 2185 5632 2297 5686; x_wconf 89' lang='lat' dir='ltr'><strong>imo</strong></span> <span class='ocrx_word' id='word_1_774' title='bbox 2339 5633 2606 5702; x_wconf 63' lang='lat' dir='ltr'><strong>pectoris,</strong></span> <span class='ocrx_word' id='word_1_775' title='bbox 2638 5644 2692 5687; x_wconf 88' lang='lat' dir='ltr'><strong>et</strong></span> <span class='ocrx_word' id='word_1_776' title='bbox 2719 5632 3111 5703; x_wconf 85' lang='lat' dir='ltr'><strong>compunctio,</strong></span> <span class='ocrx_word' id='word_1_777' title='bbox 3153 5631 3365 5687; x_wconf 83' lang='lat' dir='ltr'><strong>idcirco</strong></span> <span class='ocrx_word' id='word_1_778' title='bbox 3416 5645 3515 5685; x_wconf 90' lang='lat' dir='ltr'><strong>vos</strong></span> <span class='ocrx_word' id='word_1_779' title='bbox 3539 5645 3661 5694; x_wconf 88' lang='lat' dir='ltr'><strong>oro,</strong></span> 
     </span>
    </p>
   </div>
   <div class='ocr_carea' id='block_1_116' title="bbox 2087 5721 3660 5796">
    <p class='ocr_par' dir='ltr' id='par_1_116' title="bbox 2087 5721 3660 5796">
     <span class='ocr_line' id='line_1_116' title="bbox 2087 5721 3660 5796; baseline 0.001 -20"><span class='ocrx_word' id='word_1_780' title='bbox 2087 5721 2444 5779; x_wconf 82' lang='lat' dir='ltr'><strong>Conlitemini</strong></span> <span class='ocrx_word' id='word_1_781' title='bbox 2497 5722 2607 5778; x_wconf 81' lang='lat' dir='ltr'><strong>Deo</strong></span> <span class='ocrx_word' id='word_1_782' title='bbox 2648 5722 2860 5796; x_wconf 81' lang='lat' dir='ltr'><strong>jugitcr</strong></span> <span class='ocrx_word' id='word_1_783' title='bbox 2931 5722 3090 5795; x_wconf 74' lang='lat' dir='ltr'><strong>eique</strong></span> <span class='ocrx_word' id='word_1_784' title='bbox 3139 5730 3361 5793; x_wconf 82' lang='lat' dir='ltr'><strong>peccata</strong></span> <span class='ocrx_word' id='word_1_785' title='bbox 3397 5721 3660 5793; x_wconf 58' lang='lat' dir='ltr'><strong>rcvelate,</strong></span> 
     </span>
    </p>
   </div>
  </div>
