3950 6450
308 468 446 534 1269

1235 469 1332 531 DE
1378 469 1706 532 HUMANA
1759 470 1938 532 VITA
1977 469 2073 530 ET
2097 470 2195 530 DE
2236 471 2682 535 DEFUNCTIS.

3453 461 3591 528 1270

307 583 500 654 χερσὶν
527 581 736 650 ἀγνοεῖ,
779 581 878 636 καὶ
922 581 1032 634 τῶν
1079 577 1380 648 ἀγνώστων
1437 581 1904 651 καταψηφίζεται.

2032 580 2200 636 'utura
2249 582 2606 652 imaginatur.
2647 582 2872 653 Ignorat
2893 593 3020 651 qua:
3051 583 3184 634 sunt
3225 575 3280 631 in
3306 575 3599 636 manibus.

309 673 392 728 Τὰ
426 677 485 728 ὲν
517 674 674 728 ποσὶν
697 673 799 726 οὐκ
824 673 1138 734 ἐπίσταται,
1172 671 1270 725 καὶ
1287 669 1358 724 τά
1387 673 1444 725 ἐν
1471 671 1596 741 ὕψει
1633 689 1908 743 μετεωρο-

307 763 484 832 λογεϊ.
527 765 592 816 Τί
635 763 774 834 μετὰ
807 763 1006 834 μικρὸν
1039 761 1190 834 αὐτῷ
1220 763 1564 834 συμϐήσεται
1618 763 1693 833 μὴ
1726 761 1904 826 εἰδὼς,

309 855 507 910 αἰώνια
557 852 1068 924 καταστοχάζεται·
1111 855 1140 906 ό
1196 853 1414 924 μικρός,
1453 855 1481 907 ό
1528 853 1778 924 εὐτελὴς,
1814 853 1910 907 καὶ

309 947 419 1000 τῶν
465 945 777 1016 άνεφίκτων
823 945 1204 1016 κατατολμῶν.
1265 945 1590 1016 ’Ἄνθρωπος
1647 946 1708 998 τὸ
1743 949 1910 999 πολυ-

309 1035 670 1108 τροπώτατον
705 1037 798 1089 καὶ
841 1037 1216 1108 παμμήχανον
1267 1035 1533 1107 ὀργανονσ
1582 1035 1643 1089 τὸ
1681 1035 1913 1090 εύδαπά·

311 1143 475 1198 νητον
515 1125 769 1196 φύραμα,
828 1125 892 1178 τὸ
931 1125 1078 1196 ζωῆς
1109 1126 1206 1180 καὶ
1245 1125 1483 1180 θανάτου
1523 1125 1801 1196 μεθόριον,
1851 1126 1913 1180 τὸ

317 1219 511 1290 νοερὸν
541 1219 600 1271 ὲν
631 1217 736 1292 ὕλῃ
770 1217 1054 1289 σύγκριμά
1087 1235 1147 1271 τε
1191 1218 1288 1271 καὶ
1335 1217 1610 1287 σύνθημα,
1639 1217 1701 1271 τὸ
1739 1220 1798 1272 ὲν
1825 1218 1908 1271 αἱ-

315 1313 537 1383 σθητοῖς
587 1311 809 1378 λογικὸν
866 1293 1244 1382 ἀποτέλεσμα,
1293 1311 1322 1364 ό
1354 1309 1779 1381 άχειρότευκτος
1817 1309 1914 1362 άν-

312 1402 491 1474 δριὰς,
533 1401 594 1456 τὸ
625 1401 872 1472 ἔμψυχον
904 1401 1156 1472 ἄγαλμα,
1191 1402 1253 1456 τὸ
1283 1401 1630 1474 περιώνυμον
1664 1400 1824 1466 ζῶον,
1855 1399 1914 1453 τὸ

313 1496 720 1566 εύδιάγραπτον
763 1493 1019 1564 ῐνδαλμα,
1078 1495 1141 1548 τὸ
1197 1493 1438 1556 θεοειδὲς
1487 1494 1818 1564 κάτοπτρον,
1853 1492 1916 1547 τὸ

313 1585 426 1638 τῶν
457 1586 571 1639 ἄνω
607 1584 698 1638 καὶ
733 1583 886 1636 κάτω
919 1582 1270 1654 μεταίχμιον,
1305 1583 1366 1636 τὸ
1404 1580 1598 1652 ὁρατὸν
1639 1582 1732 1633 καὶ
1764 1579 1918 1633 νοού-

319 1695 483 1748 μενον
533 1676 812 1747 σύστημα,
861 1676 926 1728 τὸ
959 1675 1209 1729 δεκτικὸν
1241 1675 1451 1746 φθορᾶς
1489 1674 1586 1727 καὶ
1615 1673 1914 1727 ἀνάλωτον.

319 1769 644 1845 Ἀνθρωπος
674 1769 737 1821 τὸ
781 1767 1100 1838 αὑθήμερον
1131 1767 1314 1830 ἄνθος,
1342 1766 1402 1819 τὸ
1432 1765 1753 1820 εὐδιάϐατον
1781 1767 1920 1819 ἀπο-

317 1865 590 1934 σκίασμα,
629 1865 662 1932 ὴ
705 1863 1052 1933 εύμάραντος
1077 1861 1232 1933 χλόη,
1267 1861 1330 1914 τὸ
1363 1860 1638 1914 εὐάλωτον
1667 1859 1914 1930 θήραμα,

313 1955 379 2009 τὸ
409 1952 842 2026 εύδραπέτευτον
871 1951 1230 2022 ἀνδράποδον,
1263 1951 1326 2005 τὸ
1359 1950 1672 2014 πολυπαθὲς
1701 1951 1794 2004 καὶ
1827 1949 1918 2000 5'3-

313 2047 571 2102 διάλυτον
633 2045 798 2110 ζῶον,
850 2047 878 2098 ό
915 2044 1109 2116 πηλὸς,
1158 2045 1255 2097 καὶ
1289 2045 1360 2098 τὰ
1412 2042 1628 2112 μεγάλα
1665 2039 1872 2110 φυσῶν,
1903 2043 1932 2094 ὁ

315 2139 508 2211 χνοῦς,
544 2139 641 2192 καὶ
671 2136 742 2192 τὰ
771 2137 885 2192 ἄνω
928 2136 1272 2208 περιαθρῶν.
1306 2136 1480 2211 Τοῦτο
1510 2135 1692 2190 τοίνυν
1738 2136 1801 2187 τὸ
1834 2151 1934 2186 πο-

318 2209 614 2301 λυώνυμον
667 2229 809 2294 ζῶον
848 2231 876 2282 ὁ
925 2227 1238 2300 ἄνθρωπος,
1277 2209 1482 2290 πολλὰς
1529 2225 1628 2298 μὲν
1681 2225 1793 2296 ἔχει
1831 2225 1930 2290 τὰς

319 2323 685 2385 ἐπεισάκτους
723 2323 800 2391 πῆ
841 2320 940 2391 μὲν
989 2321 1128 2392 πρὸς
1155 2319 1225 2374 τὰ
1259 2319 1462 2398 χείρω)
1506 2319 1582 2388 πῆ
1615 2317 1674 2371 δὲ
1699 2319 1838 2390 πρὸς
1863 2319 1932 2372 τὰ

326 2413 543 2484 βελτίω,
582 2412 910 2484 μεταϐολὰς,
960 2411 1165 2475 πολλάς
1227 2411 1285 2468 δὲ
1338 2410 1439 2474 τὰς
1472 2409 1744 2479 ἐλλείψεις
1793 2409 1932 2481 πρὸς

324 2506 533 2560 τούτων
561 2507 845 2577 ἑκάτερον.
873 2505 954 2576 Τῇ
978 2505 1087 2576 γάρ
1120 2505 1418 2577 ἀφαιρέσει
1441 2503 1550 2558 τῶν
1573 2504 1932 2574 κρειττόνων,

323 2597 429 2660 τὰς
482 2598 848 2667 ἁντεισφορας
905 2596 1293 2665 είσδεξάμενος
1337 2594 1450 2649 τῶν
1505 2595 1793 2666 χειρόνων,
1851 2597 1934 2660 είς

323 2687 622 2758 πολυπαθῆ
664 2688 733 2740 δι’
755 2687 1042 2758 ὲμπαθοῦς
1067 2685 1374 2756 μετέπεσεν
1394 2685 1738 2758 αὐθαιρέτως
1752 2686 1928 2757 ζωήν.

337 2776 567 2848 Ἐπειδὴ
604 2779 718 2848 γὰρ
744 2780 888 2849 χειρὶ
918 2777 1058 2830 Θεοῦ
1083 2779 1179 2830 καὶ
1207 2779 1378 2831 εἰκόνι
1408 2777 1769 2840 διαπλασθεὶς
1792 2777 1932 2848 μετὰ

321 2869 432 2939 τὴν
463 2870 664 2934 κτίσιν,
703 2869 846 2940 ὑπὲρ
881 2869 980 2937 τὴν
1005 2869 1184 2923 κτίσιν
1217 2870 1506 2940 τετίμητο,
1530 2865 1648 2922 εἶτα
1674 2871 1772 2938 τῆς
1799 2869 1932 2924 ἀθα-

323 2960 529 3022 νασίας
567 2960 1000 3032 προηγουμένως
1055 2963 1113 3013 ἐν
1171 2959 1400 3031 χάριτος
1446 2961 1616 3032 μοίρᾳ
1645 2961 1708 3012 τὸ
1739 2959 1932 3031 δέρῤος

323 3053 779 3122 ἀμφιασάμενος,
819 3053 913 3106 καὶ
956 3053 1056 3119 τῆς
1106 3052 1421 3123 ἀφθαρσίας
1455 3054 1554 3122 τὴν
1580 3053 1775 3123 στολὴν
1804 3055 1926 3106 ἐπο-

328 3143 515 3212 μένως
548 3143 886 3213 ἠμπέσχετο.
936 3144 1087 3196 Ἔδει
1131 3143 1208 3208 δὲ,
1244 3145 1466 3198 πάντων
1488 3143 1624 3214 ὁμοῦ
1653 3143 1785 3210 τῶν,
1829 3145 1932 3198 ὅσα

326 3234 441 3286 ὑπὸ
473 3235 572 3304 τὴν
613 3233 889 3304 αἴσθησιν,
941 3237 1038 3288 καὶ
1083 3237 1186 3290 ὅσα
1239 3236 1446 3308 ταύτην
1491 3237 1926 3308 ὑπερανέστηκε,
1957 3268 2003 3330 C

324 3327 426 3379 τὸν
461 3325 612 3390 θείας
667 3329 726 3380 ὲν
777 3327 1042 3398 μετουσία
1097 3329 1427 3398 κηδεμονίας
1466 3331 1782 3400 γενόμενον,
1824 3330 1931 3385 τῶν

330 3417 462 3502 μὲν,
509 3419 911 3492 ὑπεραρθῆναι,
969 3425 1080 3486 τοῖς
1117 3423 1196 3483 δὲ,
1241 3424 1646 3497 ἁμιλληθῆναι·
1702 3429 1768 3496 τῇ
1811 3426 1934 3480 κατ’

325 3510 628 3582 ἀμφότερα
669 3511 815 3582 λέγω
859 3513 971 3567 τῶν
1011 3510 1197 3586 μερῶν
1231 3517 1550 3589 οίκειότητι.
1601 3518 1713 3572 Καὶ
1741 3517 1934 3572 τούτου

327 3603 612 3672 τετύχηκε
639 3606 1084 3676 μεγαλοπρεπῶς
1115 3626 1177 3661 τε
1210 3610 1329 3679 ἅμα
1361 3611 1457 3664 καὶ
1486 3610 1808 3681 φιλοτίμως,
1839 3611 1936 3665 καὶ

327 3696 548 3759 ὠςούκ
590 3695 656 3750 ἄν
680 3715 767 3762 τις
798 3699 1081 3754 είκάσαιτο
1110 3701 1246 3754 Θεοῦ
1290 3703 1711 3774 μεγαλοδωρεάν
1743 3704 1824 3774 τῷ
1855 3705 1935 3758 ol-

330 3788 474 3860 κείῳ
506 3793 607 3862 τῆς
639 3791 834 3844 ἑαυτοῦ
867 3795 1051 3862 χειρὸς
1095 3796 1596 3866 συνεμπρέπουσαν
1629 3797 1932 3869 πλάσματι.

330 3881 450 3935 Καὶ
473 3881 536 3953 δὴ
574 3882 669 3936 καὶ
699 3884 916 3956 τρυφὴν
943 3883 1057 3956 εἶχε
1097 3886 1396 3959 τὺῒωηρδν
1427 3888 1605 3942 ἐκεῖνο
1633 3889 1727 3942 τοῦ
1755 3908 1934 3962 παρα-

329 3973 517 4028 δείσου
553 3976 752 4046 χωρίον
775 3993 788 4008 ο
825 3978 948 4031 καθ’
974 3976 1040 4050 ἥν
1070 3979 1102 4048 ἡ
1129 3979 1196 4033 δι’
1221 3980 1502 4046 ἀπωθείας
1540 3981 1722 4053 ὡρᾶτο
1759 4001 1936 4052 μακα-

2011 682 2069 729 et
2097 675 2165 729 de
2199 675 2408 744 ignotis
2453 675 2730 730 decernit.
2765 671 2960 730 Nescit
2987 686 3112 742 quae
3137 677 3274 727 sunt
3303 667 3372 724 ad
3406 667 3596 736 pedes,

2011 773 2067 821 et
2115 765 2184 820 de
2233 767 2473 821 excelsis
2529 763 2962 824 commentatur.
3012 761 3249 818 Nescius
3287 758 3426 830 quid
3477 771 3604 830 post

2013 855 2295 910 modicum
2355 857 2461 924 ipsi
2512 841 2841 910 eventurum
2899 853 2994 921 sit,
3044 861 3252 908 aeterna
3298 848 3514 918 iudicat
3547 855 3604 902 et

2013 947 2260 1017 exquirit
2291 964 2306 1002 :
2353 948 2630 1013 modicus,
2680 947 2946 1017 vilisque,
2980 945 3202 1014 quique_
3232 941 3602 999 nihilominus

2015 1041 2346 1097 inconcessa
2373 1047 2690 1109 prasumat.
2721 1037 2899 1093 Homo
2927 1051 3190 1108 perquam
3217 1031 3601 1090 multimodum

2014 1143 2071 1190 et
2109 1133 2177 1188 ad
2225 1135 2409 1188 omnia
2455 1138 2840 1202 comparatum
2885 1145 3181 1199 organum,
3237 1126 3419 1182 facilis
3463 1139 3603 1179 con-

2015 1226 2162 1281 sumi
2197 1241 2405 1290 massa,
2447 1225 2578 1280 vitae
2604 1233 2660 1278 et
2689 1223 2850 1277 morti
2893 1221 3302 1288 conterminus,
3333 1215 3602 1288 spiritalis

2015 1320 2071 1375 in
2121 1319 2354 1372 materia
2399 1317 2690 1372 concretio
2743 1313 3208 1384 compositioque,
3250 1308 3482 1366 effectus
3514 1319 3606 1361 ra-
3687 1362 3690 1365 .

2017 1409 2245 1465 tionalis
2295 1409 2350 1463 in
2403 1409 2574 1463 rebus
2632 1407 2824 1462 sensui
2890 1403 3186 1472 subjectis,
3253 1409 3436 1457 statua
3490 1413 3604 1452 non

2018 1518 2187 1558 manu
2222 1501 2394 1565 facta,
2441 1501 2810 1554 simulacrum
2869 1497 3198 1558 animatum,
3234 1491 3456 1547 celebre
3482 1488 3606 1542 aui-

2019 1596 2152 1661 mal,
2198 1593 2620 1665 repraesentatio
2684 1590 3010 1661 speciesque
3071 1600 3340 1656 expressa
3397 1581 3602 1646 facilis,

2019 1688 2294 1746 deiforme
2369 1685 2678 1754 speculum,
2736 1681 3064 1738 caelestibus
3129 1675 3608 1742 terrestribusque

2021 1763 2758 1846 interiecta-intercapedo,
2810 1770 3054 1825 visibilis
3121 1776 3179 1823 et
3235 1762 3609 1836 intelligibilis

2024 1884 2316 1942 compago.
2345 1881 2490 1939 _quae
2537 1873 2594 1920 ct
2646 1866 2719 1920 sit
2763 1861 3110 1932 corruptioni
3171 1849 3435 1912 obnoxia.
3492 1861 3550 1909 et
3579 1868 3612 1908 a

2025 1961 2384 2032 corruptione
2413 1957 2702 2014 immunis.
2719 1955 2921 2023 llomo,
2950 1953 3058 2008 dici
3086 1950 3252 2006 unius
3279 1949 3404 2013 llos,
3424 1947 3612 2000 adum-

2028 2053 2213 2112 bratio
2256 2052 2450 2124 fugax,
2503 2048 2672 2104 herba
2727 2045 2890 2101 facile
2919 2055 3288 2105 marcesccns,
3328 2045 3493 2108 captu
3527 2035 3612 2090 fa-

1963 2207 1968 2212 .
2025 2146 2151 2202 cilis
2175 2151 2437 2206 venatus,
2493 2141 2657 2197 facile
2686 2137 2755 2194 ad
2785 2137 2972 2208 fugam
3005 2131 3371 2202 mancipium,
3395 2125 3612 2183 animal

2030 2238 2222 2293 multis
2267 2235 2572 2291 obnoxium
2623 2230 2859 2296 morbis,
2889 2236 2974 2283 -et
3013 2225 3162 2297 quod
3214 2222 3376 2278 facile
3409 2219 3612 2300 resolvi

2031 2327 2248 2398 possit;
2283 2327 2484 2389 lutum,
2511 2333 2573 2378 ut
2605 2318 2978 2376 nihilominus
3025 2316 3196 2370 altum
3242 2313 3461 2382 sapiat;
3491 2309 3616 2380 pul—

2031 2421 2136 2487 vis,
2175 2428 2234 2473 ut
2268 2426 2452 2472 tamen
2504 2415 2758 2472 coelestia
2801 2408 3239 2478 contempletur.
3271 2402 3390 2460 Hoc
3422 2402 3614 2470 itaque

2029 2511 2225 2567 multis
2275 2509 2498 2580 insigne
2552 2505 2874 2563 nominibus
2915 2501 3145 2564 animal,
3195 2497 3384 2568 homo,
3431 2497 3614 2548 muta-

2031 2605 2222 2660 tiones
2266 2603 2492 2664 multas,
2537 2615 2646 2671 qua
2697 2597 2765 2653 ad
2795 2595 3064 2668 deterius,
3095 2606 3204 2662 qua
3263 2588 3333 2643 ad
3391 2585 3615 2652 melius,

2031 2696 2290 2752 inductas
2339 2693 2573 2764 recipit;
2631 2689 2822 2746 multis
2873 2701 3005 2743 vero
3053 2682 3200 2756 quod
3270 2682 3488 2750 spectat
3547 2673 3616 2729 ad

2031 2802 2354 2860 utrumque,
2407 2786 2720 2844 defectibus
2789 2782 3032 2838 laborat.
3103 2773 3357 2833 Sublatis
3411 2771 3619 2842 quippe

2033 2865 2380 2948 melioribus,
2418 2889 2614 2936 eorum
2650 2879 2778 2932 loco
2805 2874 3040 2932 inducta
3067 2869 3256 2941 pejora
3293 2865 3616 2925 admittens,

2031 2989 2062 3030 e
2093 2968 2204 3030 vita
2242 2972 2566 3044 passionum
2595 2969 2750 3024 vitiis
2802 2965 3141 3036 mancipata,
3185 2961 3243 3016 in
3268 2961 3436 3014 vitam
3475 2953 3619 3009 mul~

2033 3065 2107 3118 tis
2145 3043 2502 3132 passionibus
2531 3058 2820 3121 alllictam,
2871 3069 2970 3110 sua
3007 3054 3123 3122 ipse
3163 3055 3366 3120 sponte
3393 3043 3616 3101 recidit.

2032 3147 2190 3216 Quod
2221 3148 2368 3203 enim
2405 3145 2500 3202 Dei
2534 3145 2697 3200 fictus
2729 3158 2894 3198 manu
2927 3149 3052 3214 post
3077 3145 3290 3204 creata,
3316 3150 3428 3206 prae
3463 3146 3622 3189 crea-

2033 3241 2130 3306 tis,
2161 3239 2531 3310 praerogativa
2559 3236 2818 3308 imaginis
2859 3237 3128 3291 honorem
3163 3229 3480 3292 habuisset,
3514 3225 3620 3280 im-

2036 3330 2398 3386 mortalitatis
2447 3323 2650 3400 praevie
2699 3325 2926 3398 pellem,
2973 3338 3074 3380 ceu
3123 3321 3178 3376 in
3210 3317 3463 3375 beneficii
3495 3330 3623 3386 par-

2035 3431 2171 3488 tem,
2207 3424 2461 3486 indutus,
2494 3426 2904 3490 consequenter
2959 3407 3622 3481 etiam—incorruptionis

2035 3515 2307 3578 tunicam.
2343 3515 2636 3570 induisset.
2665 3512 2772 3566 Par
2795 3511 2940 3566 enim
2973 3515 3117 3574 erat,
3159 3514 3220 3561 ut
3240 3497 3346 3576 'qui
3375 3503 3620 3558 omnium

2038 3610 2232 3674 simul,
2264 3617 2380 3664 tum
2411 3621 2536 3679 quae
2564 3606 2772 3662 cadunt
2799 3604 2902 3660 sub
2939 3616 3165 3658 sensum
3195 3607 3310 3654 tum
3342 3611 3468 3668 qua:
3492 3595 3626 3649 emi-

2036 3711 2174 3758 nent
2211 3701 2428 3768 sensui,
2484 3700 2686 3756 divinae
2730 3695 3103 3752 Providentia:
3147 3705 3406 3760 curaeque
3452 3687 3628 3759 parti-

2036 3808 2170 3864 ceps
2208 3793 2440 3848 eﬂ‘ectus
2465 3789 2642 3856 esset,
2679 3789 2806 3845 aliis
2844 3788 3068 3860 quidem
3096 3785 3462 3857 praecelleret,
3498 3795 3624 3836 cum

2037 3887 2168 3943 aliis
2198 3897 2382 3942 autem
2414 3891 2694 3952 certaret;
2735 3882 3001 3954 partium,
3033 3879 3287 3949 inquam,
3316 3875 3382 3930 ad
3414 3874 3624 3928 alteru-

2037 3987 2124 4032 tra
2152 3978 2463 4032 allinitate:
2499 3977 2643 4046 quod
2699 3984 2999 4044 utrumque
3047 3971 3342 4043 magnilice
3367 3967 3534 4023 simul
3572 3975 3628 4018 et

335 4066 528 4138 ριότης
545 4083 558 4097 °
583 4069 678 4122 καὶ
709 4070 744 4139 ἠ
771 4072 890 4139 μετ’
916 4070 1167 4140 ἀγγέλων
1192 4071 1438 4143 διαγωγή
1463 4089 1478 4104 ο
1510 4073 1730 4142 ἀξίωμα
1753 4073 1832 4138 δὲ,
1873 4075 1928 4128 τὺ

2032 4070 2334 4124 ambitiose
2379 4075 2722 4123 consecutus
2774 4073 2906 4121 est:
2952 4065 3089 4119 adeo
3143 4069 3201 4114 ut
3240 4074 3401 4115 nemo
3465 4057 3629 4112 facile

331 4157 558 4226 λογικόν
584 4176 642 4212 τε
667 4161 766 4213 καὶ
792 4161 999 4232 νοερὸν,
1038 4161 1135 4214 καὶ
1163 4161 1452 4227 ἀθάνατον,
1479 4164 1574 4218 καὶ
1600 4163 1930 4238 ἀνώλεθρον,

334 4249 438 4304 ἅτε
471 4251 619 4315 θείας
649 4253 1056 4324 συμμετασχὼν
1089 4255 1449 4326 ὡραιότητος,
1503 4255 1603 4328 τὴν
1641 4257 1740 4328 τῆς
1776 4257 1931 4327 πρώ-

334 4359 443 4412 της
474 4343 684 4406 εἰκόνος
719 4345 1111 4416 άποτυπούσης
1143 4348 1469 4418 ἐμφέρειαν.
1520 4348 1666 4418 Πρὸς
1695 4348 1930 4414 τούτοις,

334 4432 424 4486 ἔτι
476 4433 696 4488 πάντων
741 4435 878 4504 ὁμοῦ
909 4435 1020 4489 τῶν
1052 4435 1209 4502 ζώων
1258 4437 1357 4509 τὴν
1398 4439 1648 4510 κυρείαν·
1690 4441 1794 4494 ὅσα
1835 4441 1934 4511 τὴν

335 4524 452 4594 γῆν
479 4525 662 4597 ἕρπει,
697 4529 794 4581 καὶ
824 4523 916 4581 τὸν
949 4530 1091 4600 ἀέρα
1120 4530 1331 4600 τέμνει,
1365 4533 1460 4585 καὶ
1489 4532 1587 4603 τὴν
1611 4534 1786 4605 ὑγρὰν
1814 4534 1932 4589 δια-

2037 4162 2137 4216 Dei
2185 4161 2684 4232 magniﬁcentiam,
2733 4157 2958 4230 proprio
3025 4171 3144 4211 sua:
3201 4155 3377 4224 ipsius
3429 4165 3630 4205 manus
3674 4157 3683 4164 ‘

2035 4239 2301 4325 figmento
2330 4267 2657 4324 congruam,
2691 4249 3076 4306 mstimaverit.
3104 4246 3316 4301 llabeat
3348 4244 3627 4314 siquidem

2035 4334 2238 4403 vitalis
2270 4347 2369 4402 ille
2410 4344 2658 4416 paradisi
2713 4343 2871 4398 locus
2891 4341 3274 4412 voluptatem;
3303 4353 3438 4408 qua,
3464 4335 3650 4390 beata~

2036 4439 2106 4494 ab
2129 4437 2520 4494 affectionibus
2572 4435 2825 4490 vacuitas
2857 4433 3214 4496 cernebatur,
3257 4427 3633 4487 conversatio.

2035 4547 2144 4602 que
2169 4545 2294 4587 cum
2319 4526 2566 4602 angelis;
2591 4527 2834 4598 dignitas
2861 4525 3102 4595 denique
3131 4521 3440 4585 rationalis,
3464 4520 3630 4574 intel-

335 4619 568 4688 νήχεται
614 4619 800 4690 φύσιν·
841 4621 953 4674 τῶν
982 4640 1044 4676 τε
1076 4625 1134 4677 ὲν
1165 4625 1485 4696 παραδείσῳ
1526 4627 1733 4695 φυτῶν,
1791 4629 1928 4701 πλὴν

2052 4623 2441 4693 lectualiSque,
2475 4629 2568 4678 et-
2593 4619 2949 4684 immortalis,
2977 4632 3082 4687 nec
3121 4613 3473 4685 corruptioni
3527 4613 3632 4666 ob-

335 4707 468 4772 ὲνὺς
499 4709 688 4778 μόνου,
722 4712 808 4780 ἐφ’
832 4707 893 4766 οὗ
931 4712 994 4766 τὸ
1027 4717 1127 4786 τῆς
1152 4715 1375 4786 ἐντολῆς
1403 4713 1753 4789 ἐνεσημάνθη
1795 4737 1931 4790 προ-

333 4801 631 4873 χάραγμα·
653 4805 818 4857 οἱονεὶ
844 4806 1150 4876 γυμνάσιον
1169 4807 1318 4878 αύτῷ
1346 4810 1629 4880 προτεθὲν,
1665 4813 1800 4884 πρὸς
1837 4815 1936 4884 τὴν

333 4894 410 4947 δι’
442 4895 649 4966 ἀρετῆς
697 4895 782 4959 είς
821 4897 1074 4970 ὑπακοὴν
1113 4899 1353 4962 πίστεως
1383 4898 1716 4974 τελειότητα.
1751 4905 1938 4978 Ταύτῃ

336 4986 455 5056 γὰρ
480 4987 578 5055 τῆς
615 4987 828 5052 εἰκόνος
855 4988 917 5042 τὸ
945 4989 1060 5043 Osos
1072 4990 1178 5052 ιδὲς
1205 4990 1488 5062 ἁλώὸητον
1515 4993 1824 5060 διασώζοιτ’
1849 4997 1935 5060 ἂν,

339 5077 571 5145 καὶτῆς
625 5079 764 5144 πρὸς
820 5078 884 5132 τὺ
922 5081 1151 5152 ἀρχαῖον
1187 5085 1384 5141 κάλλος
1423 5086 1834 5164 άξεοτυπώσεως
1884 5091 1942 5142 ὲν

336 5168 530 5238 ταυτῷ
565 5169 716 5239 μένοι
745 5169 807 5223 τὸ
836 5173 1192 5244 ἀφομοίωμα,
1222 5176 1321 5246 τῆς
1348 5179 1559 5241 οἰκείας
1595 5181 1696 5233 οὐκ
1731 5179 1944 5244 ἐξιστά-

344 5260 925 5332 μενονεμονιμὸτητος.
945 5263 1108 5329 Ἀλλ’,
1138 5265 1320 5336 οἵμοιί
1357 5267 1564 5320 τούτων
1595 5269 1745 5332 ὅπως
1767 5271 1944 5324 εἰπεῖν

342 5351 448 5403 οὐκ
488 5349 617 5420 ἔχω,
661 5351 976 5417 δελεασθεὶς
1019 5355 1128 5409 ὑπὸ
1165 5357 1465 5430 συμϐούλῳ
1494 5359 1572 5428 τῷ
1596 5361 1814 5432 δαίμονι
1857 5363 1946 5418 διὰ

340 5441 448 5512 τὴν
483 5443 620 5511 πρὸς
647 5445 717 5497 τὰ
745 5445 984 5516 αἰσθητὰ
1031 5449 1189 5518 palm
1231 5467 1290 5502 τε
1342 5452 1440 5505 καὶ
1479 5453 1741 5516 διάθεσιν,
1771 5437 1941 5528 ἄρδην

341 5535 662 5604 ὲστέρηται’
683 5539 1018 5607 παραδείσου
1049 5543 1170 5610 μὲν,
1190 5543 1374 5596 οὐκέτι
1407 5545 1634 5612 πολίτης
1657 5547 1941 5618 ᾀδόμενος,

341 5626 409 5680 οὐ
451 5625 706 5696 βασιλεὺς
733 5629 842 5682 τῶν
873 5631 978 5685 ὑπὸ
1023 5636 1180 5703 χεῖρα
1229 5636 1771 5708 μεγαλαυχούμενος.
1819 5639 1944 5703 Πῶς

340 5716 460 5789 γάρ
496 5719 526 5770 ό
551 5722 616 5791 τῇ
653 5721 864 5797 χείρονι
893 5727 1288 5798 προστετηκὼς
1330 5730 1438 5782 τῶν
1473 5730 1661 5786 παθῶν
1695 5733 1920 5806 εὐηθείᾳ

341 5809 446 5865 καὶ
468 5812 590 5874 ταῖς
627 5791 962 5884 παραλόγοις
999 5817 1109 5871 τῶν
1149 5791 1356 5890 ηδονῶν
1392 5822 1679 5894 ὑποκύψας
1720 5791 1944 5896 appar;

341 5901 450 5972 τῆς
482 5903 741 5976 τοιαύτης
775 5906 971 5976 γένοιτ’
1011 5909 1077 5964 ἂν
1109 5910 1405 5980 διαπαντὸς
1435 5917 1492 5968 ὲν
1527 5917 1795 5988 μετουσίᾳ
1846 5935 1942 5990 με-

2043 4718 2217 4774 noxia
2245 4757 2260 4782 ,
2313 4717 2464 4771 velut
2499 4713 2700 4770 divinae
2739 4709 3176 4784 pulchritudinis
3217 4707 3488 4780 participe
3535 4707 3636 4760 ho-

2044 4809 2216 4875 mine,
2247 4815 2516 4863 accnrata
2575 4804 2771 4876 primae
2817 4804 3076 4874 imaginis
3123 4802 3510 4872 expressione.
3547 4797 3633 4852 All

2047 4903 2166 4956 haec
2206 4915 2338 4956 vero
2379 4899 2544 4956 etiam
2586 4899 2643 4953 in
2686 4898 2949 4952 animalia
2991 4895 3178 4952 omnia
3219 4895 3486 4952 donatum
3527 4891 3634 4945 im—
3667 4925 3674 4930 -

2047 4995 2294 5065 perium,
2336 5003 2448 5049 tum
2491 5008 2553 5048 ea
2587 5007 2712 5062 qua:
2762 4997 2986 5062 reptant
3019 5004 3189 5058 super
3221 4996 3427 5054 terram
3451 5025 3466 5048 ,
3515 4993 3631 5038 tum

2043 5104 2168 5158 qua:
2223 5094 2414 5144 secant
2455 5092 2666 5150 aerem,
2719 5093 2836 5139 tum
2887 5098 3010 5154 quae
3060 5095 3262 5150 aquam
3313 5085 3628 5150 pernatant.

2043 5179 2210 5234 Facta
2245 5181 2374 5234 item
2411 5179 2652 5250 paradisi
2695 5179 2960 5233 arborum
3015 5176 3280 5236 facultas,
3333 5187 3442 5226 una
3492 5172 3632 5224 dun-

2045 5281 2192 5328 taxat
2245 5282 2497 5341 excepta,
2553 5272 2607 5324 in
2659 5287 2766 5341 qua
2817 5267 2998 5323 divini
3042 5265 3290 5321 mandati
3318 5261 3634 5334 designatio

2044 5366 2417 5436 signaretur:
2462 5365 2614 5419 velut
2661 5364 2718 5418 in
2775 5362 3106 5420 exercitium
3147 5357 3436 5430 proposito
3482 5357 3636 5423 ligno

2048 5459 2114 5512 ad
2167 5459 2500 5513 obcdientia:
2549 5457 2674 5513 fidei
2732 5452 3296 5511 consummationem.
3357 5449 3451 5504 Sic
3485 5449 3633 5503 enim

2047 5552 2260 5619 integra
2289 5551 2491 5604 divina:
2526 5550 2789 5619 imaginis
2820 5547 3037 5617 species
3070 5539 3460 5600 conservanda
3493 5550 3635 5602 erat,

2047 5659 2427 5714 expressaque
2469 5645 2544 5716 ad
2591 5643 2876 5712 antiquam
2922 5637 3394 5710 pulchritudinem
3439 5634 3640 5691 simili-

2051 5736 2210 5800 tudo,
2245 5736 2380 5790 nihil
2409 5752 2509 5792 sua
2542 5734 2816 5790 decedens
2861 5732 3184 5796 stabilitate,
3224 5729 3421 5784 eodem
3471 5728 3640 5784 modo

2055 5829 2288 5891 habens,
2337 5843 2624 5883 mansura.
2681 5827 2813 5889 Sed,
2853 5826 2956 5880 heu
3012 5825 3131 5880 me!
3177 5822 3391 5886 nescio,
3446 5827 3508 5875 ut
3553 5819 3640 5872 his

2051 5921 2334 5992 omnibus,
2389 5921 2601 5977 diaboli
2644 5920 2990 5990 consulentis
3031 5917 3226 5975 fraude
3297 5930 3397 5973 sua
3439 5913 3535 5970 illa
3570 5909 3641 5972 ad
