3950 6446
234 360 376 427 1235

1136 373 1234 432 DE
1269 374 1593 436 IIUMANA
1626 379 1798 439 VITA
1840 379 1936 441 ET
1972 381 2070 440 DE
2105 381 2553 445 DEFUNC’I‘IS.

3381 384 3516 452 1236

231 484 686 554 εἰσπράττοντες,
723 483 818 538 καὶ
845 484 1006 553 ἡμεῖς
1040 485 1139 537 οὐκ
1168 485 1465 556 αἰδούμεθα
1488 505 1502 552 ;
1529 489 1594 540 Τί
1623 493 1798 552 ποιεῖς

1927 500 2138 562 gentes,
2181 509 2282 548 nec
2328 495 2430 563 ipsi
2481 496 2786 550 reverentia
2844 497 3133 552 tenemur?
3160 497 3297 562 Quid
3329 495 3472 554 facis
3500 535 3514 564 ,ι

232 575 528 646 ἄνθρωπε;
565 577 592 627 ὸ
625 576 878 646 κείμενος
905 575 1128 644 ἐξέστη·
1180 577 1276 628 καὶ
1323 579 1382 630 σὺ
1417 579 1514 630 οὐκ
1548 580 1820 652 αἰσχύνῃ;

245 669 306 721 '0
341 669 600 737 κείμενος
635 669 850 738 ἐξέστη,
883 670 980 722 καὶ
1009 670 1076 746 σὺ
1117 667 1376 734 παίζεις;
1420 671 1657 736 Ἐκεῖνος
1685 675 1825 741 ἄγω.

201 761 349 831 ,νιᾷ,
379 762 476 812 καὶ
536 760 599 811 σὺ
656 760 976 832 δαιμονιᾷς;
1019 759 1258 830 Ἐκεῖνος
1303 761 1593 824 κλονεῖται,
1632 765 1726 818 καὶ
1757 765 1820 817 σὺ

230 854 295 902 οὐ
325 851 609 920 φρίττειςς
653 851 891 914 Ἐκεῖνος
949 851 1310 922 ιἶιυχοῤῥαγεῖ,
1371 853 1465 905 καὶ
1499 855 1560 905 σὺ
1593 855 1651 907 οὐ
1689 873 1822 926 μορ-

235 939 520 1007 polus-tn;
564 938 803 1000 Ἐκεῖνος
836 937 1101 1008 κρίνεται,
1143 939 1324 991 καὶσὺ
1361 941 1459 991 οὐκ
1497 942 1775 1004 ἐξίσταται
1803 963 1818 1011 ;

245 1027 485 1088 Ἐκεῖνος
515 1027 927 1095 εἰσπράττεται,
956 1027 1048 1079 καὶ
1068 1027 1130 1078 σὺ
1163 1027 1222 1078 ού
1254 1031 1481 1098 ναρκᾷς,
1509 1031 1605 1098 τὴν
1629 1033 1820 1100 ὁμοίαν

223 1115 472 1181 ἐλπίζων
499 1116 826 1186 ὲπαίτησιν;
860 1117 1100 1178 Ἐκεῖνος
1135 1116 1427 1184 Θαμϐεῐται
1454 1119 1819 1190 ὀρῶνειμήπω

232 1207 472 1279 ἑώρακε,
508 1207 602 1260 καὶ
639 1208 703 1259 σὺ
752 1207 811 1258 ού
879 1207 1020 1276 φοϐῇ
1058 1207 1151 1259 καὶ
1183 1209 1449 1279 συστέλλῃ
1485 1212 1818 1281 σωφρονιζό·

235 1316 434 1369 μενος;
473 1299 715 1359 Ἐκεῖνος
756 1298 1002 1367 Θνήσκει,
1035 1299 1129 1350 καὶ
1149 1300 1211 1350 σὺ
1241 1299 1534 1372 φρυάσσῃς
1581 1303 1817 1368 Ἐκεῖνος

230 1391 592 1461 τελευτᾷ,κα“ι
644 1392 708 1444 σὺ
771 1390 1098 1460 ἐνΘουσιᾷςς
1151 1390 1405 1460 Ἐπίσχες
1453 1392 1674 1462 μικρὸν,
1720 1394 1816 1448 ἄν-

230 1479 421 1547 θρωπε
451 1495 464 1543 ;
503 1479 671 1546 Ἄφες
723 1477 888 1530 αὑτὸν
942 1477 1200 1530 ἀπελθεῖν
1250 1480 1310 1531 ἐν
1341 1481 1532 1550 εἰρήνῃ
1558 1480 1686 1534 ἔνθα
1721 1483 1814 1536 κέ-

231 1568 448 1638 κληται.
485 1569 686 1622 Ἐασον
749 1569 910 1622 αὐτὸν
958 1569 1177 1622 ὁδεῦσαι
1233 1569 1444 1639 τρίϐον,
1497 1571 1562 1641 ἢν
1605 1571 1816 1626 οὐδέπω

229 1659 512 1721 διώδευσε,
532 1659 627 1711 καὶ
657 1652 724 1728 ἧς
751 1659 850 1710 οὐκ
877 1657 1230 1726 ἀναστρέψει,
1257 1659 1348 1710 καὶ
1375 1658 1440 1728 ἣν
1462 1659 1660 1726 ὁμοίως
1679 1661 1818 1714 πάν-.

227 1766 343 1812 τες,
371 1747 520 1802 κᾶνὸ
554 1747 654 1817 μὲν
694 1747 880 1812 εὐθὺς,
915 1749 943 1799 ὁ
988 1747 1044 1799 δὲ
1091 1747 1207 1816 μετ’
1229 1747 1432 1816 ὀλίγον,
1484 1748 1811 1819 ὀδεύσομεν⁹

1929 584 2196 637 ohomo?
2255 583 2476 648 Iacens,
2534 594 2761 653 stupore
2823 589 2994 640 nimio
3045 597 3340 656 correptus
3395 601 3508 650 est,

1929 690 2033 727 nec
2125 684 2180 726 tu
2247 677 2647 731 ((ti.fllltti('l'is?
2727 677 2952 740 JUt‘t‘llS,
3040 679 3274 733 horrere
3364 681 3514 732 \‘t-ltzt

1927 765 2187 819 sensibus
2239 771 2515 835 excessit;
2567 777 2622 823 et
2691 779 2746 822 tu
2825 770 3012 825 ludis?
3073 770 3166 824 Ille
3195 771 3250 824 in
3309 771 3510 840 agonia

1925 865 2044 923 est;
2116 869 2172 912 et
2210 870 2264 912 tu
2335 861 2662 915 denuntiari
2730 863 2906 916 instar
2956 864 3342 918 insanis?llle
3398 876 3511 918 tur-

1929 950 2132 1018 batur;
2197 962 2250 1006 et
2305 959 2362 1006 ιιι
2427 970 2533 1006 non
2573 955 2813 1008 horres?
2866 955 2958 1008 llle
3019 957 3204 1024 rigens
3269 957 3506 1010 animam

1927 1042 2076 1110 agit;
2126 1058 2224 1095 nec
2259 1051 2311 1096 tu
2359 1045 2628 1098 terreris?
2691 1046 2784 1098 llle
2830 1029 3150 1113 judicatur;
3189 1061 3286 1100 nec
3320 1055 3373 1099 tu
3410 1043 3507 1101 ub.

1926 1133 2242 1202 stupescis?
2278 1133 2368 1188 Ille
2416 1136 2480 1188 ad
2515 1137 2758 1189 rationes
2815 1139 3069 1205 cogitur;
3105 1153 3205 1191 nec
3279 1147 3336 1189 ιιι
3391 1147 3508 1192 tor-

1924 1237 2021 1290 pes
2075 1224 2161 1275 cui
2227 1233 2281 1277 et
2347 1225 2448 1294 ipsi
2511 1227 2658 1280 ratio
2723 1227 2995 1282 reddenda
3057 1229 3358 1302 imminet?
3410 1217 3544 1285 Ille.

1923 1322 2085 1382 pavet
2129 1316 2322 1371 videns
2374 1317 2640 1373 hac‘tenus
2693 1335 2802 1374 non
2858 1321 3016 1388 visa;
3078 1338 3179 1376 nec
3220 1333 3275 1375 tu
3337 1323 3506 1377 casti~

1924 1405 2101 1472 gatior
2142 1406 2322 1461 factus
2393 1410 2554 1464 times
2607 1420 2662 1466 et
2709 1413 3100 1468 contrahet-is?
3164 1413 3259 1467 llle
3330 1416 3502 1468 mori-

1923 1503 2051 1560 tur;
2088 1505 2142 1550 et
2210 1506 2264 1550 ιιι
2299 1501 2590 1568 superbis?
2638 1502 2734 1557 llle
2782 1505 3091 1572 occumbit;
3148 1514 3202 1559 et
3254 1516 3308 1560 tu
3353 1507 3502 1560 velut

1923 1583 2165 1657 fanatico
2219 1589 2415 1657 spiritu
2467 1593 2815 1661 corriperis?
2861 1591 3088 1648 Sustine
3129 1595 3424 1658 modicum,
3467 1610 3501 1649 ο

1857 1735 1869 1745 ,
1923 1676 2108 1731 Ιιοιιιο.
2143 1679 2295 1743 Sine,
2329 1681 2488 1734 abeat
2526 1683 2578 1736 in
2609 1699 2763 1752 pace,
2803 1700 2912 1752 qun
2946 1692 3175 1739 renatus
3205 1685 3330 1740 fuit.
3369 1685 3502 1741 Sine

1921 1766 2142 1822 incedat
2187 1771 2355 1835 viam,
2413 1789 2577 1841 quam
2625 1776 2861 1831 necdum
2914 1775 3167 1840 incessit,
3209 1786 3263 1829 et
3292 1793 3358 1831 ex
3391 1792 3500 1847 qua

226 1841 312 1904 είς
349 1839 454 1910 γῆν
511 1840 794 1908 σκοτεινὴν
842 1840 936 1892 καὶ
967 1837 1263 1909 γνοφεράν,
1294 1841 1374 1898 εἰς
1422 1839 1527 1910 γῆν
1591 1843 1799 1907 σκότους

1920 1875 2200 1929 nunquam
2251 1878 2608 1932 regressurus
2651 1876 2764 1931 est;
2823 1883 3101 1936 quamque
3157 1883 3354 1924 omnes
3405 1884 3502 1938 pa-

226 1932 472 1999 αἰωνίου,
503 1925 564 1983 οὗ
593 1931 692 1984 οὐκ
718 1930 834 1983 ἐστι
860 1929 1084 1999 φέγγος,
1109 1929 1229 1982 οὐδὲ
1247 1933 1378 2002 ὀρᾷν
1407 1931 1550 2000 ζωὴν
1581 1933 1810 2003 βροτῶν.

228 2029 404 2082 Ἔνθα
455 2027 548 2081 καὶ
599 2027 744 2096 ἡμᾶς
823 2022 966 2079 εἶναι
1015 2025 1098 2078 δεῖ
1154 2027 1392 2090 πάντως,
1449 2029 1546 2081 καὶ
1608 2031 1812 2102 ταύτης

223 2123 423 2192 πεῖραν
475 2119 658 2173 λαϐεῖν
703 2159 718 2185 ,
767 2117 966 2190 ὁμοίως
1017 2119 1129 2182 τοῖς
1159 2136 1177 2170 ι
1211 2119 1292 2183 εἰς
1329 2121 1432 2190 γῆν
1485 2120 1740 2192 χώματος
1784 2143 1804 2176 ι

225 2211 674 2266 καταϐαίνουσιν.
1535 2231 1542 2237 ·

1918 1951 2092 2014 riter,
2132 1952 2449 2023 quanquam
2488 1956 2539 2008 hi
2571 1957 2783 2021 statim,
2833 1959 2938 2023 illi,
2976 1961 3123 2013 brevi
3170 1968 3314 2029 post,
3351 1961 3502 2014 ince-

1919 2040 2050 2096 dere
2085 2043 2380 2099 habemus:
2419 2047 2486 2099 ad
2520 2054 2721 2100 terram
2757 2050 3104 2104 tenebrosam
3137 2060 3191 2104 et
3231 2051 3501 2120 caligino-

1916 2147 2034 2186 sam
2060 2176 2075 2200 ,
2103 2144 2306 2189 terram
2336 2137 2796 2207 sempiternarum
2841 2142 3220 2204 tenebrarum,
3261 2144 3352 2196 ubi
3391 2159 3499 2197 non

1914 2232 1998 2278 est
2031 2227 2314 2294 splendor,
2349 2229 2458 2283 'nec
2491 2239 2576 2284 est
2623 2231 2808 2285 videre
2842 2233 3012 2286 vitam
3049 2235 3405 2300 mortalium;
3442 2235 3500 2289 in

223 2320 334 2373 qua
359 2314 412 2358 et
443 2319 540 2357 nos
589 2302 814 2356 omnino
889 2311 1110 2373 oportet
1162 2317 1307 2368 esse,
1366 2304 1596 2372 ejusque
1660 2305 1964 2374 periculum
2021 2316 2221 2382 facere,
2277 2319 2446 2373 simili
2513 2321 2581 2373 iis
2653 2322 2886 2387 ratione,
2936 2325 3030 2392 qui
3089 2323 3500 2382 descenderunt

231 2413 251 2447 ι
293 2397 346 2450 in
381 2403 579 2448 terram
623 2395 835 2464 aggeris
859 2404 956 2451 ιη.»

311 2488 450 2540 Ἀλλ’
478 2489 623 2558 ἐρεῖς
671 2505 761 2557 μοι
821 2488 965 2557 τάχα
1010 2487 1215 2540 τούτων
1246 2487 1482 2550 ἀκούων,
1539 2487 1808 2558 ἀγαπητέ.

221 2579 290 2632 Τί
323 2575 447 2646 οὗν;
482 2581 581 2634 Διά
632 2578 792 2634 τοῦτο
847 2581 908 2634 ού
943 2580 1026 2633 δεῖ
1051 2579 1279 2645 κλαίειν,
1321 2580 1406 2632 ὅτι
1434 2582 1526 2649 γῆ,
1563 2580 1660 2633 καὶ
1684 2598 1810 2649 γνοο

219 2669 412 2741 φώδης
443 2671 535 2724 τὸν
569 2671 1262 2742 προλαϐόντα-διαδέχεται
1293 2671 1468 2740 χῶρος
1494 2687 1508 2736 ;
1546 2672 1653 2725 Καὶ
1692 2672 1811 2738 πῶς

213 2763 294 2835 μὴ
325 2764 584 2836 Θρηνήσω
621 2764 846 2828 δικαίως
905 2763 998 2817 τὸν
1037 2765 1118 2826 είς
1175 2762 1434 2831 τοιαύτην
1459 2762 1810 2832 ἀπαγόμενον

209 2858 353 2928 γῆν;
384 2859 539 2926 εἴπερ
561 2856 666 2926 γῆν
716 2856 835 2908 δέον
893 2857 1052 2917 νοεῖν,
1091 2853 1192 2924 τὴν
1235 2853 1492 2922 τοιαύτην
1527 2855 1804 2907 κατάστα-

211 2965 322 3001 σιν.
353 2947 476 3010 Πῶς
502 2947 602 2999 οὐκ
625 2945 843 3015 οίμώξω
875 2945 970 2998 καὶ
995 2943 1338 3012 ὸλολύξομαι,
1371 2943 1558 3006 σκότος
1591 2943 1806 2998 ἀκούων

207 3039 429 3108 οἴκησιν
463 3038 556 3090 καὶ
590 3037 968 3100 κατάπαυσιν;
1020 3035 1113 3097 Μὴ
1143 3036 1272 3104 γὰρ,
1325 3034 1534 3104 λιθίνην
1570 3033 1677 3104 ἔχω
1705 3037 1806 3105 τὴν

207 3131 442 3203 καρδίαν
473 3130 604 3198 ἐγὼ,
633 3131 708 3192 ὡς
727 3127 933 3184 τούτων
962 3127 1177 3182 ἀκούων
1204 3128 1278 3199 μὴ
1310 3126 1529 3197 Θρηνεῖν
1554 3142 1568 3190 ;
1605 3127 1666 3179 Εἰ
1694 3126 1802 3198 γὰρ

2006 2491 2112 2546 Sed
2143 2490 2329 2545 forsan
2391 2492 2545 2546 dicas
2578 2493 2691 2545 haec
2753 2493 3005 2559 audiens,
3063 2493 3299 2548 dilecte:
3354 2494 3498 2560 Quid

1919 2583 2090 2638 vero?
2136 2583 2330 2637 Nonne
2359 2582 2482 2637 ideo
2538 2583 2778 2637 ﬂendum
2839 2591 2954 2650 est,
3023 2585 3170 2652 quod
3214 2587 3287 2640 sit
3347 2597 3497 2641 terra

1918 2675 2250 2739 tenebrosa,
2319 2674 2579 2743 quodque
2670 2674 2823 2729 locus
2886 2675 3232 2742 caliginosus
3315 2678 3498 2733 susci-

1915 2766 2028 2833 piat
2081 2764 2438 2818 defunctum?
2484 2765 2588 2830 Qui
2654 2773 2978 2818 autemnon
3024 2767 3225 2819 merito
3279 2767 3495 2836 lugeam

1911 2872 2036 2912 eum
2089 2857 2182 2923 qui
2236 2856 2304 2910 ad
2373 2864 2578 2910 terram
2621 2856 2892 2925 ejusmodi
2942 2857 3494 2927 abducitur?siqui-

1911 2947 2034 3001 dem
2093 2955 2272 3002 status
2331 2947 2442 3010 ille,
2511 2957 2651 3001 terra
2714 2949 3047 3018 cogitandus
3079 2951 3172 3003 sit.
3242 2949 3346 3017 Qui
3386 2967 3495 3006 non

1910 3039 2188 3106 deplorem
2221 3040 2620 3109 lamenterque,
2669 3039 2899 3094 audiens
2935 3041 3290 3094 tenebrarum
3317 3041 3495 3095 domi-

1913 3131 2102 3185 cilium
2145 3139 2198 3185 et
2221 3131 2514 3200 requiem?
2555 3129 2697 3184 Num
2731 3133 2874 3186 enim
2917 3147 3025 3185 non
3055 3132 3343 3186 debuerim
3368 3150 3492 3189 esse

207 3225 309 3279 καὶ
343 3226 422 3287 εἰς
450 3223 566 3290 φῶς
617 3221 834 3276 ἀκούων
879 3220 1373 3290 ἀπαχθησόμενον,
1438 3221 1647 3272 ἀνεῖναι
1697 3219 1798 3290 τῆς

1908 3225 2067 3279 corde
2121 3225 2356 3294 lapideo,
2414 3231 2471 3276 ut
2534 3223 2650 3278 hzec
2709 3225 2941 3280 audiens
2985 3241 3098 3280 ιιοιι
3129 3225 3385 3295 lugeam?
3432 3225 3490 3281 Si

205 3316 386 3384 λύπης
439 3317 502 3372 ού
562 3313 838 3385 καρτερῶ,
893 3313 1012 3376 πῶς
1060 3311 1322 3382 ἀνέξομαι
1377 3313 1537 3384 σιγᾷν
1573 3314 1799 3378 σκότους

204 3411 424 3466 ἀκούων
479 3411 763 3480 οἰκήτορα,
826 3409 921 3461 τὸν
969 3407 1078 3479 πρὸ
1151 3407 1351 3477 μικροῦ
1388 3409 1796 3478 συνοικήτορα;

207 3505 336 3568 Πῶς
369 3505 444 3575 μὴ
474 3503 682 3574 γοερῶς
717 3502 1113 3573 ἀποδύρωμαι,
1163 3499 1220 3552 ὃν
1271 3500 1456 3553 οὐκέτι
1492 3500 1799 3567 θεάσομαις

205 3597 321 3650 Καὶ
381 3596 494 3648 εῖΘε
541 3612 604 3663 γε
655 3594 714 3648 τὸ
770 3593 946 3662 γλυκὺ
992 3591 1152 3646 τοῦτο
1199 3592 1314 3661 φῶς
1369 3591 1824 3661 καταλείψαντα.

207 3687 503 3757 φωτοειδὴς
566 3686 864 3752 ὑπεδέξατο
943 3684 1155 3756 χῶρος,
1231 3684 1309 3747 ὼς
1375 3684 1440 3736 ἄν
1520 3701 1606 3748 τις
1658 3685 1801 3754 τάχα

205 3778 438 3851 βραχεῖα
467 3777 763 3849 παραψυχὴ
793 3779 904 3841 τοῖς
932 3775 1256 3846 ἀνιωμένοις
1288 3777 1629 3846 προσκέοιτο.

1905 3317 2052 3371 enim
2087 3317 2169 3370 vel
2201 3317 2266 3370 ad
2305 3316 2446 3372 lucis
2478 3317 2760 3387 regionem
2798 3316 3035 3371 audiens
3081 3317 3490 3382 abducendum,

1905 3423 2014 3463 non
2045 3423 2271 3477 possum
2307 3422 2336 3460 a
2371 3408 2593 3462 tristitia
2627 3417 2956 3477 temperare.
2993 3409 3272 3480 quomodo
3309 3419 3492 3465 tacere

1905 3498 2218 3563 habuerim,
2267 3499 2360 3569 qui
2397 3513 2546 3565 eum,
2577 3515 2741 3568 quem
2791 3501 2956 3568 paulo
2989 3509 3117 3555 ante
3159 3501 3329 3555 habui
3358 3517 3492 3557 eon-

1906 3592 2277 3659 tubernalem,
2328 3592 2681 3647 tenebrarum
2733 3592 3008 3660 hospitem
3058 3593 3320 3647 audiam?
3381 3593 3488 3660 Qui

1908 3701 2019 3738 non
2075 3685 2204 3739 altis
2241 3685 2574 3739 clamoribus
2611 3698 2738 3737 eum
2795 3683 3105 3752 deplorem,
3147 3700 3309 3753 quem
3343 3686 3485 3739 ultra

1904 3789 2014 3828 non
2072 3773 2174 3826 sim
2226 3774 2496 3828 visurus?
2545 3773 2722 3843 Atque
2750 3773 2960 3826 utinam
3004 3775 3335 3835 sane.dulci
3384 3775 3488 3830 hac

201 3850 589 3936 lucerelieta,
640 3873 696 3926 in
741 3872 922 3926 locum
968 3870 1213 3925 lucidum
1257 3877 1407 3926 esset
1435 3881 1768 3942 susceptus;
1810 3871 1984 3926 utsic
2033 3867 2183 3924 forte
2243 3871 2379 3926 levis
2435 3869 2680 3943 quendam
2748 3870 3057 3925 consolatio
3120 3850 3487 3926 merentibus

199 3971 553 4038 suppeteret!

271 4063 468 4129 Βαϐαὶ,
490 4064 591 4134 τῆς
623 4063 943 4135 παραλόγου
1001 4064 1113 4117 τῶν
1137 4063 1314 4130 λόγων
1344 4063 1712 4134 ἀντιστροφῆς
1733 4081 1793 4118 τε

203 4159 292 4215 καὶ
315 4157 523 4224 ἀνοίας,
565 4157 663 4210 καὶ
695 4157 794 4226 τῆς
842 4155 987 4210 οὕτω
1021 4155 1363 4226 κατεχούσης
1392 4156 1484 4210 τὸν
1523 4155 1648 4209 νοῦν
1684 4159 1791 4227 ἀμ-

192 4251 510 4316 ϐλυωπίας,
544 4253 592 4304 εί
621 4250 736 4303 δέον
793 4247 951 4301 τοῦτο
985 4249 1200 4303 εἰπεῐνι
1238 4248 1330 4319 Μὴ
1364 4249 1474 4318 γὰρ
1530 4249 1630 4302 οὐκ
1679 4249 1788 4304 ἔδει

191 4338 425 4410 Θνητοὺς
441 4339 600 4402 ὄντας
617 4340 766 4408 ἡμᾶς
787 4337 1100 4406 ὑπαχθῆναι
1127 4337 1347 4408 Θανάτῳ
1369 4355 1383 4406 ;
1410 4338 1502 4409 Μὴ
1555 4339 1780 4409 μείζους

189 4432 302 4486 ἔδει
327 4432 419 4485 τοῦ
453 4432 662 4484 ἑαυτῶν
715 4432 1058 4501 ἀναφανῆναι
1108 4432 1384 4484 Δεσπότου
1421 4447 1436 4496 ;
1468 4429 1529 4482 Et
1560 4428 1654 4483 οὖν
1687 4432 1784 4484 καὶ

187 4522 358 4586 αὐτὸς
383 4521 558 4575 εἵλετο
613 4523 817 4593 Κύριος
867 4521 942 4576 ῶν
973 4521 1066 4576 τοῦ
1119 4521 1322 4584 παντὸς
1347 4521 1440 4574 καὶ
1473 4523 1777 4594 Δεσπότης,

187 4615 288 4669 καὶ
324 4615 439 4682 φῶς
456 4614 564 4666 τῶν
588 4616 646 4665 ὲν
686 4613 915 4679 σκότει,
951 4613 1046 4667 καὶ
1068 4613 1182 4682 ζωὴ
1217 4613 1325 4666 τῶν
1357 4613 1636 4679 ἁπάντων,
1681 4615 1772 4667 Θα-

1970 4059 2168 4129 Papae!
2219 4055 2452 4110 alienam
2485 4068 2512 4106 a
2548 4053 2762 4108 ratione
2797 4053 3078 4108 rationum
3111 4055 3485 4109 contrarieta-

1896 4160 2003 4207 tem
2034 4158 2111 4205 ‘et
2159 4147 2571 4216 insipientiam;
2629 4153 2895 4214 tantaque
2928 4148 3173 4200 animum
3226 4148 3480 4202 caecitate

1889 4245 2347 4306 circumventum,
2369 4238 2412 4292 si
2440 4240 2512 4291 ita
2533 4237 2680 4308 loqui
2709 4239 2836 4292 licet
2863 4240 2876 4291 l
2902 4239 3040 4291 Num
3068 4255 3195 4293 vero
3220 4254 3318 4308 par
3336 4248 3477 4301 erat,

1891 4345 1952 4392 ut
2002 4353 2070 4391 ne
2124 4335 2406 4393 mortales.
2453 4332 2619 4384 morti
2704 4331 3146 4399 subjiceremur?
3195 4330 3334 4384 Num
3377 4342 3478 4400 par

1888 4437 2032 4493 erat,
2081 4436 2141 4481 ut
2169 4426 2403 4481 Domino
2431 4435 2624 4478 nostro
2671 4424 2928 4492 majores'
2950 4424 3302 4478 videremur?
3333 4423 3472 4478 Cum

1887 4537 2024 4592 ergo
2052 4520 2187 4589 ipse,
2237 4517 2483 4571 universi
2517 4515 2690 4570 totius
2741 4515 3006 4568 Dominus
3032 4514 3332 4583 herusque,
3373 4531 3473 4568 eo-

1885 4628 2120 4682 rumque
2173 4611 2358 4664 lumen
2406 4608 2498 4678 qni
2541 4617 2669 4662 sunt
2709 4607 2762 4659 in
2811 4605 3077 4670 tenebris,
3115 4620 3179 4660 ac
3207 4606 3318 4659 vita
3347 4610 3472 4660 uni-

184 4705 350 4760 νάτου
381 4703 683 4772 γεύσασθαι
709 4745 724 4770 ,
755 4703 854 4756 καὶ
903 4704 1002 4774 τὴν
1036 4705 1117 4766 είς
1163 4703 1289 4774 ᾅδου
1330 4703 1632 4757 κατάϐασιν
1657 4705 1778 4756 ἐπι-

1908 4719 2192 4767 ersorum,
2226 4713 2456 4754 mortem
2492 4710 2715 4768 gustare
2749 4698 3012 4761 voluerit,
3044 4713 3107 4751 ac
3137 4699 3472 4753 descendere

188 4795 492 4862 δείξασθαι,
521 4795 597 4857 ὡς
651 4795 719 4848 ἂν
787 4794 932 4848 κατά
979 4793 1306 4864 πάνταήμῖν
1335 4795 1576 4865 δμοιωθῇ
1609 4794 1777 4864 χωρὶς

185 4887 494 4958 ἁμαρτίας,
551 4887 646 4941 καὶ
691 4887 784 4940 τὸν
832 4886 1033 4956 ἀμειδῆ
1083 4884 1178 4938 τοῦ
1224 4885 1354 4956 ᾅδου
1419 4885 1631 4956 χῶρον,
1685 4887 1776 4939 τὸν

183 4981 404 5050 ἀφεγγῆ
421 4980 565 5049 λέγω
598 4980 690 5032 καὶ
712 4981 1055 5049 σκοτομήνης
1079 4977 1284 5048 πλήρη,
1309 4980 1599 5049 νυκτοτριή
1611 4995 1775 5052 μερον

182 5071 485 5141 διελήλυθε,
531 5072 584 5125 τί
627 5071 776 5137 ξένον
829 5069 1198 5140 ἁμαρτωλοὺς
1252 5069 1412 5133 ὄντας
1451 5071 1621 5140 ἡμᾶς,
1673 5071 1773 5124 καὶ

180 5163 411 5232 νεκροὺς
469 5163 570 5234 ἤδη
626 5165 738 5224 τοῖς
789 5159 1208 5232 παραπτώμασι
1248 5161 1390 5214 κατά
1441 5163 1534 5214 τὸν
1594 5163 1772 5231 μέγαν

193 5254 538 5320 ’Δπόστολον,
595 5256 718 5317 τοὺς
748 5254 853 5307 ὑπὸ
877 5255 1090 5322 γένεσιν
1133 5253 1226 5307 καὶ
1275 5253 1524 5323 φθορὰν,
1562 5254 1776 5325 Θανάτῳ

178 5345 285 5416 μὲν
311 5345 739 5415 προσομιλῆσαι,
780 5346 873 5398 καὶ
927 5344 1056 5416 ᾅδου
1087 5345 1156 5397 τά
1199 5345 1456 5398 σκοτεινά
1481 5345 1569 5398 διὰ
1601 5347 1774 5416 μέσης

171 5434 360 5506 ψυχῆς
415 5435 668 5488 ὑπελΘεῖν
727 5435 1079 5504 καταγώγια,
1133 5430 1196 5490 οὗ
1245 5436 1348 5489 ούκ
1393 5435 1511 5488 ἔστι.
1567 5436 1772 5506 φέγγος

174 5523 331 5586 ἰδεῖν,
366 5523 487 5576 οὐδὲ
525 5523 660 5594 δρᾷν
684 5525 832 5595 ζωὴν
869 5524 1097 5597 βροτῶν,
1124 5525 1200 5588 ὡς
1237 5523 1599 5596 προλέλεκται
1620 5543 1642 5592 ·;
1677 5526 1768 5598 Μὴ

168 5617 306 5689 γὰρ,
332 5616 474 5688 ὑπὲρ
502 5616 593 5670 τὸν
623 5619 902 5689 Δεσπότην
934 5620 1098 5688 ἡμεῖς
1121 5657 1137 5682 ,
1175 5618 1208 5690 ἢ
1237 5617 1345 5672 τῶν
1377 5618 1548 5686 ἁγίων
1577 5618 1766 5690 κρείτ-

263 5804 302 5836 II
331 5791 578 5862 Danmn,
605 5791 662 5848 2.
739 5802 768 5832 η
801 5794 1006 5866 Ephes.
1048 5809 1112 5862 ιι,
1159 5794 1214 5850 5.

1883 4797 1939 4851 in
1974 4795 2275 4858 infernum,
2311 4803 2369 4846 ut
2404 4809 2498 4861 per
2531 4793 2715 4846 omnia
2751 4791 2911 4846 nobis
2935 4790 3156 4853 similis,
3191 4791 3312 4845 sine
3346 4807 3472 4860 pet--

1883 4896 2027 4946 cato.
2059 4885 2408 4949 emt-eretur,
2438 4899 2590 4943 cum,
2636 4881 2888 4951 inquam,
2941 4881 3107 4934 tridui
3141 4883 3342 4950 spatio,
3385 4883 3470 4934 in-

1883 4993 2106 5032 suavem
2153 4976 2354 5030 inlerni
2390 4975 2669 5043 regionem
2699 5013 2714 5037 ,
2752 4973 2932 5026 locum
2977 4973 3128 5025 illum
3166 4972 3466 5047 obscurum

1879 5081 1944 5120 ac
1979 5075 2140 5122 nocte
2189 5076 2306 5119 atra
2351 5066 2572 5136 plenum
2620 5063 3043 5132 pertransierit,
3077 5063 3208 5132 quid
3241 5063 3463 5126 mirum,

1880 5159 1926 5223 si
1985 5175 2086 5213 nos
2120 5165 2461 5228 peccatores,
2498 5163 2549 5210 et
2601 5155 2716 5223 jam
2759 5153 2960 5207 mortui
3014 5153 3276 5222 peccatis,
3305 5153 3462 5222 juxta

1873 5251 2020 5319 quod
2051 5253 2127 5304 ait
2183 5262 2414 5316 magnus
2452 5243 2753 5314 Apostolus
2790 5245 2814 5272 ⁸³
2845 5283 2860 5307 ,
2891 5242 2985 5312 qui
3015 5259 3209 5297 sumus
3235 5243 3460 5296 obnoxii

1873 5342 2020 5396 ortui
2067 5351 2120 5396 et
2163 5339 2438 5404 interitui,
2493 5347 2725 5390 mortem
2775 5345 3124 5403 appetamus,
3171 5336 3460 5402 mediaque

1873 5434 2054 5486 anima
2099 5434 2387 5490 adeamus,
2435 5430 2730 5482 tenebrosa
2782 5427 2983 5480 inferni
3037 5425 3350 5479 habitacula
3403 5426 3455 5477 in

1872 5510 2080 5594 quibus
2115 5541 2222 5577 non
2272 5526 2345 5576 sit
2381 5523 2522 5576 lucis
2574 5519 2855 5589 splendor,
2906 5534 3005 5571 nec
3053 5517 3224 5569 vide-ri
3283 5517 3452 5584 possit

1877 5617 2192 5671 mortalium
2220 5615 2351 5682 vita,
2391 5623 2450 5668 ιιι
2483 5611 2804 5683 praedictum
2849 5609 2989 5664 fuit?
3018 5607 3277 5679 Nunquid
3308 5607 3452 5662 enim
