  <div class='ocr_page' id='page_1' title='image "/cluster/home/n/w/nwhite01/storage/ocr_20150623/97/coo.31924054870013/677.png"; bbox 0 0 3950 6432; ppageno 0'>
   <div class='ocr_carea' id='block_1_1' title="bbox 503 353 635 423">
    <p class='ocr_par' dir='ltr' id='par_1_1' title="bbox 503 353 635 423">
     <span class='ocr_line' id='line_1_1' title="bbox 503 353 635 423; baseline -0.015 0"><span class='ocrx_word' id='word_1_1' title='bbox 503 353 635 423; x_wconf 73' lang='grc'><strong>1291</strong></span> 
     </span>
    </p>
   </div>
   <div class='ocr_carea' id='block_1_2' title="bbox 500 466 2092 541">
    <p class='ocr_par' dir='ltr' id='par_1_2' title="bbox 500 466 2092 541">
     <span class='ocr_line' id='line_1_2' title="bbox 500 466 2092 541; baseline -0.001 -17"><span class='ocrx_word' id='word_1_2' title='bbox 500 481 799 539; x_wconf 84' lang='lat' dir='ltr'><strong>corporum</strong></span> <span class='ocrx_word' id='word_1_3' title='bbox 842 466 1110 523; x_wconf 83' lang='lat' dir='ltr'><strong>caducam</strong></span> <span class='ocrx_word' id='word_1_4' title='bbox 1156 475 1323 538; x_wconf 87' lang='lat' dir='ltr'><strong>atque</strong></span> <span class='ocrx_word' id='word_1_5' title='bbox 1380 466 1740 524; x_wconf 89' lang='lat' dir='ltr'><strong>dissolutioni</strong></span> <span class='ocrx_word' id='word_1_6' title='bbox 1802 484 2092 541; x_wconf 87' lang='lat' dir='ltr'><strong>compara-</strong></span> 
     </span>
    </p>
   </div>
   <div class='ocr_carea' id='block_1_3' title="bbox 502 561 2090 631">
    <p class='ocr_par' dir='ltr' id='par_1_3' title="bbox 502 561 2090 631">
     <span class='ocr_line' id='line_1_3' title="bbox 502 561 2090 631; baseline 0.001 -15"><span class='ocrx_word' id='word_1_7' title='bbox 502 571 614 616; x_wconf 88' lang='lat' dir='ltr'><strong>tam</strong></span> <span class='ocrx_word' id='word_1_8' title='bbox 647 561 1086 624; x_wconf 88' lang='lat' dir='ltr'><strong>concretionem,</strong></span> <span class='ocrx_word' id='word_1_9' title='bbox 1121 568 1184 616; x_wconf 85' lang='lat' dir='ltr'><strong>ut</strong></span> <span class='ocrx_word' id='word_1_10' title='bbox 1226 562 1304 617; x_wconf 94' lang='lat' dir='ltr'><strong>sit</strong></span> <span class='ocrx_word' id='word_1_11' title='bbox 1337 561 1489 628; x_wconf 83' lang='lat' dir='ltr'><strong>vilis,</strong></span> <span class='ocrx_word' id='word_1_12' title='bbox 1533 562 1792 631; x_wconf 80' lang='lat' dir='ltr'><strong>nihilque</strong></span> <span class='ocrx_word' id='word_1_13' title='bbox 1844 578 1873 616; x_wconf 89' lang='lat' dir='ltr'><strong>a</strong></span> <span class='ocrx_word' id='word_1_14' title='bbox 1905 563 2090 618; x_wconf 84' lang='lat' dir='ltr'><strong>brutis</strong></span> 
     </span>
    </p>
   </div>
   <div class='ocr_carea' id='block_1_4' title="bbox 500 648 2091 723">
    <p class='ocr_par' dir='ltr' id='par_1_4' title="bbox 500 648 2091 723">
     <span class='ocr_line' id='line_1_4' title="bbox 500 648 2091 723; baseline 0.003 -19"><span class='ocrx_word' id='word_1_15' title='bbox 500 648 756 706; x_wconf 79' lang='lat' dir='ltr'><strong>diﬂ‘erat?</strong></span> <span class='ocrx_word' id='word_1_16' title='bbox 826 649 1170 722; x_wconf 86' lang='lat' dir='ltr'><strong>Progredere</strong></span> <span class='ocrx_word' id='word_1_17' title='bbox 1252 652 1562 723; x_wconf 82' lang='lat' dir='ltr'><strong>paululum,</strong></span> <span class='ocrx_word' id='word_1_18' title='bbox 1653 654 2091 722; x_wconf 87' lang='lat' dir='ltr'><strong>perspicuasque</strong></span> 
     </span>
    </p>
   </div>
   <div class='ocr_carea' id='block_1_5' title="bbox 501 744 2089 816">
    <p class='ocr_par' dir='ltr' id='par_1_5' title="bbox 501 744 2089 816">
     <span class='ocr_line' id='line_1_5' title="bbox 501 744 2089 816; baseline 0.004 -21"><span class='ocrx_word' id='word_1_19' title='bbox 501 758 750 797; x_wconf 85' lang='lat' dir='ltr'><strong>meorum</strong></span> <span class='ocrx_word' id='word_1_20' title='bbox 788 745 1084 799; x_wconf 76' lang='lat' dir='ltr'><strong>verborum</strong></span> <span class='ocrx_word' id='word_1_21' title='bbox 1118 744 1484 814; x_wconf 87' lang='lat' dir='ltr'><strong>probationes</strong></span> <span class='ocrx_word' id='word_1_22' title='bbox 1524 747 1832 816; x_wconf 79' lang='lat' dir='ltr'><strong>acceperis.</strong></span> <span class='ocrx_word' id='word_1_23' title='bbox 1869 747 2089 801; x_wconf 60' lang='lat' dir='ltr'><strong>Suus-itu</strong></span> 
     </span>
    </p>
   </div>
   <div class='ocr_carea' id='block_1_6' title="bbox 499 832 2092 903">
    <p class='ocr_par' dir='ltr' id='par_1_6' title="bbox 499 832 2092 903">
     <span class='ocr_line' id='line_1_6' title="bbox 499 832 2092 903; baseline 0.002 -18"><span class='ocrx_word' id='word_1_24' title='bbox 499 832 741 900; x_wconf 77' lang='lat' dir='ltr'><strong>procede</strong></span> <span class='ocrx_word' id='word_1_25' title='bbox 773 847 837 887; x_wconf 86' lang='lat' dir='ltr'><strong>ac</strong></span> <span class='ocrx_word' id='word_1_26' title='bbox 887 833 1037 887; x_wconf 89' lang='lat' dir='ltr'><strong>lento</strong></span> <span class='ocrx_word' id='word_1_27' title='bbox 1071 833 1247 903; x_wconf 84' lang='lat' dir='ltr'><strong>gradu</strong></span> <span class='ocrx_word' id='word_1_28' title='bbox 1296 833 1364 887; x_wconf 86' lang='lat' dir='ltr'><strong>ad</strong></span> <span class='ocrx_word' id='word_1_29' title='bbox 1405 846 1760 887; x_wconf 87' lang='lat' dir='ltr'><strong>monmueuta</strong></span> <span class='ocrx_word' id='word_1_30' title='bbox 1793 834 1847 886; x_wconf 86' lang='lat' dir='ltr'><strong>in</strong></span> <span class='ocrx_word' id='word_1_31' title='bbox 1882 835 2092 888; x_wconf 80' lang='lat' dir='ltr'><strong>subur-</strong></span> 
     </span>
    </p>
   </div>
   <div class='ocr_carea' id='block_1_7' title="bbox 494 922 2090 997">
    <p class='ocr_par' dir='ltr' id='par_1_7' title="bbox 494 922 2090 997">
     <span class='ocr_line' id='line_1_7' title="bbox 494 922 2090 997; baseline 0.004 -22"><span class='ocrx_word' id='word_1_32' title='bbox 494 922 605 978; x_wconf 78' lang='lat' dir='ltr'><strong>biis</strong></span> <span class='ocrx_word' id='word_1_33' title='bbox 635 925 812 994; x_wconf 87' lang='lat' dir='ltr'><strong>posita</strong></span> <span class='ocrx_word' id='word_1_34' title='bbox 837 923 976 997; x_wconf 84' lang='lat' dir='ltr'><strong>(ll).</strong></span> <span class='ocrx_word' id='word_1_35' title='bbox 1010 940 1451 996; x_wconf 80' lang='lat' dir='ltr'><strong>sermonumque</strong></span> <span class='ocrx_word' id='word_1_36' title='bbox 1480 924 1592 979; x_wconf 88' lang='lat' dir='ltr'><strong>illic</strong></span> <span class='ocrx_word' id='word_1_37' title='bbox 1626 934 1881 980; x_wconf 82' lang='lat' dir='ltr'><strong>eventum</strong></span> <span class='ocrx_word' id='word_1_38' title='bbox 1916 925 2090 981; x_wconf 90' lang='lat' dir='ltr'><strong>inter-</strong></span> 
     </span>
    </p>
   </div>
   <div class='ocr_carea' id='block_1_8' title="bbox 1701 359 2590 424">
    <p class='ocr_par' dir='ltr' id='par_1_8' title="bbox 1701 359 2590 424">
     <span class='ocr_line' id='line_1_8' title="bbox 1701 359 2590 424; baseline -0.002 -2"><span class='ocrx_word' id='word_1_39' title='bbox 1701 362 1761 424; x_wconf 91' lang='lat' dir='ltr'><strong>S.</strong></span> <span class='ocrx_word' id='word_1_40' title='bbox 1805 359 2134 422; x_wconf 59' lang='lat' dir='ltr'><strong>ANDREJ‘I</strong></span> <span class='ocrx_word' id='word_1_41' title='bbox 2168 360 2590 422; x_wconf 79' lang='lat' dir='ltr'><strong>CRETENSIS</strong></span> 
     </span>
    </p>
   </div>
   <div class='ocr_carea' id='block_1_9' title="bbox 2124 465 3739 547">
    <p class='ocr_par' dir='ltr' id='par_1_9' title="bbox 2124 465 3739 547">
     <span class='ocr_line' id='line_1_9' title="bbox 2124 465 3739 547; baseline 0.007 -27"><span class='ocrx_word' id='word_1_42' title='bbox 2124 486 2166 541; x_wconf 74' lang='grc' dir='ltr'>Α</span> <span class='ocrx_word' id='word_1_43' title='bbox 2197 468 2411 537; x_wconf 74' lang='grc' dir='ltr'>Μικρὸν</span> <span class='ocrx_word' id='word_1_44' title='bbox 2442 468 2608 521; x_wconf 73' lang='grc' dir='ltr'>αὐτοῦ</span> <span class='ocrx_word' id='word_1_45' title='bbox 2654 465 2883 539; x_wconf 76' lang='grc' dir='ltr'><strong>πρόελθε</strong></span> <span class='ocrx_word' id='word_1_46' title='bbox 2904 485 2917 499; x_wconf 87' lang='grc'><strong>·</strong></span> <span class='ocrx_word' id='word_1_47' title='bbox 2957 470 3051 522; x_wconf 81' lang='grc' dir='ltr'><strong>καὶ</strong></span> <span class='ocrx_word' id='word_1_48' title='bbox 3092 469 3238 543; x_wconf 70' lang='grc' dir='ltr'>λήψῃ</span> <span class='ocrx_word' id='word_1_49' title='bbox 3278 471 3394 525; x_wconf 85' lang='grc' dir='ltr'><strong>τῶν</strong></span> <span class='ocrx_word' id='word_1_50' title='bbox 3425 474 3566 544; x_wconf 77' lang='grc' dir='ltr'>ἐμῶν</span> <span class='ocrx_word' id='word_1_51' title='bbox 3596 474 3739 547; x_wconf 73' lang='grc' dir='ltr'>λόγων</span> 
     </span>
    </p>
   </div>
   <div class='ocr_carea' id='block_1_10' title="bbox 2188 560 3740 641">
    <p class='ocr_par' dir='ltr' id='par_1_10' title="bbox 2188 560 3740 641">
     <span class='ocr_line' id='line_1_10' title="bbox 2188 560 3740 641; baseline 0.008 -29"><span class='ocrx_word' id='word_1_52' title='bbox 2188 561 2285 623; x_wconf 74' lang='grc' dir='ltr'><strong>τὰς</strong></span> <span class='ocrx_word' id='word_1_53' title='bbox 2311 560 2613 628; x_wconf 76' lang='grc' dir='ltr'><strong>ἀποδείξεις</strong></span> <span class='ocrx_word' id='word_1_54' title='bbox 2642 560 2855 629; x_wconf 66' lang='grc' dir='ltr'>σαφεῖς.</span> <span class='ocrx_word' id='word_1_55' title='bbox 2880 562 3128 633; x_wconf 68' lang='grc' dir='ltr'>Πρόεηθι</span> <span class='ocrx_word' id='word_1_56' title='bbox 3154 563 3327 635; x_wconf 77' lang='grc' dir='ltr'>βάδην</span> <span class='ocrx_word' id='word_1_57' title='bbox 3348 567 3408 618; x_wconf 85' lang='grc' dir='ltr'>ὲν</span> <span class='ocrx_word' id='word_1_58' title='bbox 3428 568 3534 631; x_wconf 82' lang='grc' dir='ltr'>τοῖς</span> <span class='ocrx_word' id='word_1_59' title='bbox 3558 570 3651 641; x_wconf 82' lang='grc' dir='ltr'>πρὸ</span> <span class='ocrx_word' id='word_1_60' title='bbox 3666 572 3740 625; x_wconf 69' lang='grc' dir='ltr'>τοῦ</span> 
     </span>
    </p>
   </div>
   <div class='ocr_carea' id='block_1_11' title="bbox 2188 654 3744 731">
    <p class='ocr_par' dir='ltr' id='par_1_11' title="bbox 2188 654 3744 731">
     <span class='ocr_line' id='line_1_11' title="bbox 2188 654 3744 731; baseline 0.004 -22"><span class='ocrx_word' id='word_1_61' title='bbox 2188 656 2396 720; x_wconf 78' lang='grc' dir='ltr'>ἄστεώς</span> <span class='ocrx_word' id='word_1_62' title='bbox 2426 656 2716 724; x_wconf 74' lang='grc' dir='ltr'><strong>μνημείοις</strong></span> <span class='ocrx_word' id='word_1_63' title='bbox 2740 671 2753 684; x_wconf 87' lang='grc'><strong>·</strong></span> <span class='ocrx_word' id='word_1_64' title='bbox 2782 655 2881 708; x_wconf 70' lang='grc' dir='ltr'><strong>καὶ</strong></span> <span class='ocrx_word' id='word_1_65' title='bbox 2907 654 3185 727; x_wconf 79' lang='grc' dir='ltr'>ἀνιστόρει</span> <span class='ocrx_word' id='word_1_66' title='bbox 3214 674 3310 728; x_wconf 85' lang='grc' dir='ltr'><strong>μοι</strong></span> <span class='ocrx_word' id='word_1_67' title='bbox 3340 657 3450 711; x_wconf 85' lang='grc' dir='ltr'><strong>τῶν</strong></span> <span class='ocrx_word' id='word_1_68' title='bbox 3474 657 3744 731; x_wconf 77' lang='grc' dir='ltr'>λεγομένων</span> 
     </span>
    </p>
   </div>
   <div class='ocr_carea' id='block_1_12' title="bbox 2187 746 3740 823">
    <p class='ocr_par' dir='ltr' id='par_1_12' title="bbox 2187 746 3740 823">
     <span class='ocr_line' id='line_1_12' title="bbox 2187 746 3740 823; baseline 0.005 -24"><span class='ocrx_word' id='word_1_69' title='bbox 2187 746 2285 817; x_wconf 82' lang='grc' dir='ltr'>τὴν</span> <span class='ocrx_word' id='word_1_70' title='bbox 2310 746 2557 800; x_wconf 74' lang='grc' dir='ltr'>ἑκϐασιν.</span> <span class='ocrx_word' id='word_1_71' title='bbox 2580 746 2879 816; x_wconf 73' lang='grc' dir='ltr'>Ἐπίκυψον</span> <span class='ocrx_word' id='word_1_72' title='bbox 2901 746 2979 811; x_wconf 83' lang='grc' dir='ltr'>ὡς</span> <span class='ocrx_word' id='word_1_73' title='bbox 3001 748 3092 801; x_wconf 75' lang='grc' dir='ltr'>διὰ</span> <span class='ocrx_word' id='word_1_74' title='bbox 3116 748 3338 821; x_wconf 84' lang='grc' dir='ltr'>θυρίδος</span> <span class='ocrx_word' id='word_1_75' title='bbox 3362 753 3477 814; x_wconf 81' lang='grc' dir='ltr'>τοῖς</span> <span class='ocrx_word' id='word_1_76' title='bbox 3505 754 3740 823; x_wconf 77' lang='grc' dir='ltr'><strong>μνήμασι·</strong></span> 
     </span>
    </p>
   </div>
   <div class='ocr_carea' id='block_1_13' title="bbox 2190 831 3745 916">
    <p class='ocr_par' dir='ltr' id='par_1_13' title="bbox 2190 831 3745 916">
     <span class='ocr_line' id='line_1_13' title="bbox 2190 831 3745 916; baseline 0.004 -23"><span class='ocrx_word' id='word_1_77' title='bbox 2190 840 2286 893; x_wconf 79' lang='grc' dir='ltr'><strong>καὶ</strong></span> <span class='ocrx_word' id='word_1_78' title='bbox 2319 839 2394 910; x_wconf 80' lang='grc' dir='ltr'>μὴ</span> <span class='ocrx_word' id='word_1_79' title='bbox 2424 831 2830 912; x_wconf 43' lang='lat' dir='ltr'><strong>dammam,</strong></span> <span class='ocrx_word' id='word_1_80' title='bbox 2866 843 3003 913; x_wconf 72' lang='grc' dir='ltr'>μηδὲ</span> <span class='ocrx_word' id='word_1_81' title='bbox 3038 843 3348 915; x_wconf 81' lang='grc' dir='ltr'>ἀνανεύσῃς</span> <span class='ocrx_word' id='word_1_82' title='bbox 3383 845 3518 915; x_wconf 69' lang='grc' dir='ltr'>πρὸς</span> <span class='ocrx_word' id='word_1_83' title='bbox 3543 846 3607 898; x_wconf 71' lang='grc' dir='ltr'><strong>τὰ</strong></span> <span class='ocrx_word' id='word_1_84' title='bbox 3630 846 3745 916; x_wconf 78' lang='grc' dir='ltr'>ὀρῶ-</span> 
     </span>
    </p>
   </div>
   <div class='ocr_carea' id='block_1_14' title="bbox 2192 932 3745 1007">
    <p class='ocr_par' dir='ltr' id='par_1_14' title="bbox 2192 932 3745 1007">
     <span class='ocr_line' id='line_1_14' title="bbox 2192 932 3745 1007; baseline 0.005 -22"><span class='ocrx_word' id='word_1_85' title='bbox 2192 950 2332 1003; x_wconf 84' lang='grc' dir='ltr'>μενα</span> <span class='ocrx_word' id='word_1_86' title='bbox 2352 948 2364 961; x_wconf 88' lang='grc'><strong>·</strong></span> <span class='ocrx_word' id='word_1_87' title='bbox 2387 934 2481 986; x_wconf 56' lang='grc' dir='ltr'><strong>καλ⁸</strong></span> <span class='ocrx_word' id='word_1_88' title='bbox 2509 932 2631 1003; x_wconf 72' lang='grc' dir='ltr'>ὄψει</span> <span class='ocrx_word' id='word_1_89' title='bbox 2653 935 2753 1005; x_wconf 83' lang='grc' dir='ltr'><strong>τὴν</strong></span> <span class='ocrx_word' id='word_1_90' title='bbox 2783 935 3044 1002; x_wconf 76' lang='grc' dir='ltr'><strong>ἀνιῶσαν,</strong></span> <span class='ocrx_word' id='word_1_91' title='bbox 3068 935 3128 989; x_wconf 86' lang='grc' dir='ltr'>οὐ</span> <span class='ocrx_word' id='word_1_92' title='bbox 3159 935 3255 1007; x_wconf 75' lang='grc' dir='ltr'>τὴν</span> <span class='ocrx_word' id='word_1_93' title='bbox 3286 936 3595 1007; x_wconf 76' lang='grc' dir='ltr'>τέρπουσαν</span> <span class='ocrx_word' id='word_1_94' title='bbox 3621 937 3745 993; x_wconf 71' lang='grc' dir='ltr'>θέαν.</span> 
     </span>
    </p>
   </div>
   <div class='ocr_carea' id='block_1_15' title="bbox 495 1017 3745 1098">
    <p class='ocr_par' dir='ltr' id='par_1_15' title="bbox 495 1017 3745 1098">
     <span class='ocr_line' id='line_1_15' title="bbox 495 1017 3745 1098; baseline 0.004 -29"><span class='ocrx_word' id='word_1_95' title='bbox 495 1032 651 1087; x_wconf 83' lang='lat' dir='ltr'><strong>roga.</strong></span> <span class='ocrx_word' id='word_1_96' title='bbox 684 1017 849 1079; x_wconf 80' lang='lat' dir='ltr'><strong>Velut</strong></span> <span class='ocrx_word' id='word_1_97' title='bbox 907 1034 1005 1088; x_wconf 88' lang='lat' dir='ltr'><strong>per</strong></span> <span class='ocrx_word' id='word_1_98' title='bbox 1046 1018 1346 1074; x_wconf 77' lang='lat' dir='ltr'><strong>fenestram</strong></span> <span class='ocrx_word' id='word_1_99' title='bbox 1401 1019 1667 1073; x_wconf 88' lang='lat' dir='ltr'><strong>incumbe</strong></span> <span class='ocrx_word' id='word_1_100' title='bbox 1710 1021 1967 1081; x_wconf 85' lang='lat' dir='ltr'><strong>tumulis.</strong></span> <span class='ocrx_word' id='word_1_101' title='bbox 2007 1039 2111 1078; x_wconf 91' lang='lat' dir='ltr'><strong>nec</strong></span> <span class='ocrx_word' id='word_1_102' title='bbox 2163 1041 2348 1081; x_wconf 88' lang='lat' dir='ltr'><strong>rerum</strong></span> <span class='ocrx_word' id='word_1_103' title='bbox 2417 1026 2723 1082; x_wconf 78' lang='lat' dir='ltr'><strong>oﬂendaris</strong></span> <span class='ocrx_word' id='word_1_104' title='bbox 2775 1037 3030 1097; x_wconf 85' lang='lat' dir='ltr'><strong>aspectu,</strong></span> <span class='ocrx_word' id='word_1_105' title='bbox 3082 1043 3217 1082; x_wconf 90' lang='lat' dir='ltr'><strong>neve</strong></span> <span class='ocrx_word' id='word_1_106' title='bbox 3280 1029 3547 1083; x_wconf 82' lang='lat' dir='ltr'><strong>retuleris</strong></span> <span class='ocrx_word' id='word_1_107' title='bbox 3585 1030 3745 1098; x_wconf 74' lang='lat' dir='ltr'><strong>pedem</strong></span> 
     </span>
    </p>
   </div>
   <div class='ocr_carea' id='block_1_16' title="bbox 490 1111 2082 1183">
    <p class='ocr_par' dir='ltr' id='par_1_16' title="bbox 490 1111 2082 1183">
     <span class='ocr_line' id='line_1_16' title="bbox 490 1111 2082 1183; baseline 0 -16"><span class='ocrx_word' id='word_1_108' title='bbox 490 1122 552 1167; x_wconf 87' lang='lat' dir='ltr'><strong>et</strong></span> <span class='ocrx_word' id='word_1_109' title='bbox 609 1111 1038 1176; x_wconf 74' lang='lat' dir='ltr'><strong>detrectaveris,</strong></span> <span class='ocrx_word' id='word_1_110' title='bbox 1113 1111 1385 1183; x_wconf 79' lang='lat' dir='ltr'><strong>planeque</strong></span> <span class='ocrx_word' id='word_1_111' title='bbox 1432 1112 1648 1165; x_wconf 79' lang='lat' dir='ltr'><strong>videbis</strong></span> <span class='ocrx_word' id='word_1_112' title='bbox 1701 1114 2082 1182; x_wconf 85' lang='lat' dir='ltr'><strong>spectaculum</strong></span> 
     </span>
    </p>
   </div>
   <div class='ocr_carea' id='block_1_17' title="bbox 567 1205 2086 1276">
    <p class='ocr_par' dir='ltr' id='par_1_17' title="bbox 567 1205 2086 1276">
     <span class='ocr_line' id='line_1_17' title="bbox 567 1205 2086 1276; baseline 0.002 -18"><span class='ocrx_word' id='word_1_113' title='bbox 567 1205 866 1259; x_wconf 80' lang='lat' dir='ltr'><strong>Enimvero</strong></span> <span class='ocrx_word' id='word_1_114' title='bbox 912 1205 1064 1259; x_wconf 87' lang='lat' dir='ltr'><strong>clare</strong></span> <span class='ocrx_word' id='word_1_115' title='bbox 1118 1205 1390 1276; x_wconf 75' lang='lat' dir='ltr'><strong>iutellige,</strong></span> <span class='ocrx_word' id='word_1_116' title='bbox 1419 1221 1600 1275; x_wconf 79' lang='lat' dir='ltr'><strong>exque</strong></span> <span class='ocrx_word' id='word_1_117' title='bbox 1623 1208 1769 1276; x_wconf 88' lang='lat' dir='ltr'><strong>turpi</strong></span> <span class='ocrx_word' id='word_1_118' title='bbox 1799 1206 1889 1260; x_wconf 89' lang='lat' dir='ltr'><strong>illa</strong></span> <span class='ocrx_word' id='word_1_119' title='bbox 1920 1223 2086 1276; x_wconf 86' lang='lat' dir='ltr'><strong>quam</strong></span> 
     </span>
    </p>
   </div>
   <div class='ocr_carea' id='block_1_18' title="bbox 492 1298 2093 1368">
    <p class='ocr_par' dir='ltr' id='par_1_18' title="bbox 492 1298 2093 1368">
     <span class='ocr_line' id='line_1_18' title="bbox 492 1298 2093 1368; baseline 0 -17"><span class='ocrx_word' id='word_1_120' title='bbox 492 1306 755 1368; x_wconf 78' lang='lat' dir='ltr'><strong>aspectas</strong></span> <span class='ocrx_word' id='word_1_121' title='bbox 795 1298 1172 1352; x_wconf 84' lang='lat' dir='ltr'><strong>resolutorum</strong></span> <span class='ocrx_word' id='word_1_122' title='bbox 1240 1298 1577 1352; x_wconf 76' lang='lat' dir='ltr'><strong>cadaverum</strong></span> <span class='ocrx_word' id='word_1_123' title='bbox 1635 1298 1841 1367; x_wconf 85' lang='lat' dir='ltr'><strong>specie,</strong></span> <span class='ocrx_word' id='word_1_124' title='bbox 1904 1313 2093 1367; x_wconf 89' lang='lat' dir='ltr'><strong>super-</strong></span> 
     </span>
    </p>
   </div>
   <div class='ocr_carea' id='block_1_19' title="bbox 488 1390 2092 1479">
    <p class='ocr_par' dir='ltr' id='par_1_19' title="bbox 488 1390 2092 1479">
     <span class='ocr_line' id='line_1_19' title="bbox 488 1390 2092 1479; baseline 0.002 -37"><span class='ocrx_word' id='word_1_125' title='bbox 488 1391 594 1445; x_wconf 79' lang='lat' dir='ltr'><strong>bia:</strong></span> <span class='ocrx_word' id='word_1_126' title='bbox 624 1396 829 1445; x_wconf 79' lang='lat' dir='ltr'><strong>nostrae</strong></span> <span class='ocrx_word' id='word_1_127' title='bbox 863 1390 1145 1479; x_wconf 70' lang='lat' dir='ltr'><strong>miseriam</strong></span> <span class='ocrx_word' id='word_1_128' title='bbox 1187 1393 1379 1445; x_wconf 84' lang='lat' dir='ltr'><strong>animo</strong></span> <span class='ocrx_word' id='word_1_129' title='bbox 1410 1393 1682 1460; x_wconf 79' lang='lat' dir='ltr'><strong>exprime.</strong></span> <span class='ocrx_word' id='word_1_130' title='bbox 1724 1390 1951 1445; x_wconf 84' lang='lat' dir='ltr'><strong>Sustine</strong></span> <span class='ocrx_word' id='word_1_131' title='bbox 1996 1408 2092 1461; x_wconf 86' lang='lat' dir='ltr'><strong>pa-</strong></span> 
     </span>
    </p>
   </div>
   <div class='ocr_carea' id='block_1_20' title="bbox 490 1482 2087 1553">
    <p class='ocr_par' dir='ltr' id='par_1_20' title="bbox 490 1482 2087 1553">
     <span class='ocr_line' id='line_1_20' title="bbox 490 1482 2087 1553; baseline 0.001 -18"><span class='ocrx_word' id='word_1_132' title='bbox 490 1499 615 1536; x_wconf 87' lang='lat' dir='ltr'><strong>rum</strong></span> <span class='ocrx_word' id='word_1_133' title='bbox 651 1491 710 1536; x_wconf 89' lang='lat' dir='ltr'><strong>ut</strong></span> <span class='ocrx_word' id='word_1_134' title='bbox 749 1484 1029 1553; x_wconf 83' lang='lat' dir='ltr'><strong>percipias</strong></span> <span class='ocrx_word' id='word_1_135' title='bbox 1061 1482 1332 1551; x_wconf 81' lang='lat' dir='ltr'><strong>fetorem;</strong></span> <span class='ocrx_word' id='word_1_136' title='bbox 1373 1484 1580 1552; x_wconf 89' lang='lat' dir='ltr'><strong>quippe</strong></span> <span class='ocrx_word' id='word_1_137' title='bbox 1614 1494 1806 1537; x_wconf 67' lang='grc' dir='ltr'><strong>ιιοεισει⁸</strong></span> <span class='ocrx_word' id='word_1_138' title='bbox 1832 1492 1942 1548; x_wconf 87' lang='lat' dir='ltr'><strong>est,</strong></span> <span class='ocrx_word' id='word_1_139' title='bbox 1980 1498 2087 1537; x_wconf 90' lang='lat' dir='ltr'><strong>non</strong></span> 
     </span>
    </p>
   </div>
   <div class='ocr_carea' id='block_1_21' title="bbox 490 1574 2087 1642">
    <p class='ocr_par' dir='ltr' id='par_1_21' title="bbox 490 1574 2087 1642">
     <span class='ocr_line' id='line_1_21' title="bbox 490 1574 2087 1642; baseline 0.003 -17"><span class='ocrx_word' id='word_1_140' title='bbox 490 1574 735 1630; x_wconf 85' lang='lat' dir='ltr'><strong>alienus.</strong></span> <span class='ocrx_word' id='word_1_141' title='bbox 786 1574 1016 1629; x_wconf 77' lang='lat' dir='ltr'><strong>Sustine</strong></span> <span class='ocrx_word' id='word_1_142' title='bbox 1058 1575 1205 1628; x_wconf 82' lang='lat' dir='ltr'><strong>virili</strong></span> <span class='ocrx_word' id='word_1_143' title='bbox 1260 1576 1444 1629; x_wconf 85' lang='lat' dir='ltr'><strong>animo</strong></span> <span class='ocrx_word' id='word_1_144' title='bbox 1509 1576 1636 1630; x_wconf 88' lang='lat' dir='ltr'><strong>imle</strong></span> <span class='ocrx_word' id='word_1_145' title='bbox 1700 1586 2087 1642; x_wconf 76' lang='lat' dir='ltr'><strong>ermnpentetn</strong></span> 
     </span>
    </p>
   </div>
   <div class='ocr_carea' id='block_1_22' title="bbox 492 1668 2079 1739">
    <p class='ocr_par' dir='ltr' id='par_1_22' title="bbox 492 1668 2079 1739">
     <span class='ocr_line' id='line_1_22' title="bbox 492 1668 2079 1739; baseline 0.003 -20"><span class='ocrx_word' id='word_1_146' title='bbox 492 1669 709 1737; x_wconf 84' lang='lat' dir='ltr'><strong>puteris</strong></span> <span class='ocrx_word' id='word_1_147' title='bbox 764 1668 1053 1730; x_wconf 88' lang='lat' dir='ltr'><strong>olcntiam,</strong></span> <span class='ocrx_word' id='word_1_148' title='bbox 1104 1669 1448 1739; x_wconf 84' lang='lat' dir='ltr'><strong>ﬂuoremque</strong></span> <span class='ocrx_word' id='word_1_149' title='bbox 1498 1671 1639 1722; x_wconf 90' lang='lat' dir='ltr'><strong>male</strong></span> <span class='ocrx_word' id='word_1_150' title='bbox 1697 1670 2079 1724; x_wconf 73' lang='lat' dir='ltr'><strong>exltalantem.</strong></span> 
     </span>
    </p>
   </div>
   <div class='ocr_carea' id='block_1_23' title="bbox 486 1758 2079 1832">
    <p class='ocr_par' dir='ltr' id='par_1_23' title="bbox 486 1758 2079 1832">
     <span class='ocr_line' id='line_1_23' title="bbox 486 1758 2079 1832; baseline 0.001 -19"><span class='ocrx_word' id='word_1_151' title='bbox 486 1758 659 1816; x_wconf 86' lang='lat' dir='ltr'><strong>Feras</strong></span> <span class='ocrx_word' id='word_1_152' title='bbox 689 1776 914 1831; x_wconf 86' lang='lat' dir='ltr'><strong>quoque</strong></span> <span class='ocrx_word' id='word_1_153' title='bbox 955 1778 1120 1832; x_wconf 80' lang='lat' dir='ltr'><strong>grave</strong></span> <span class='ocrx_word' id='word_1_154' title='bbox 1177 1771 1402 1831; x_wconf 86' lang='lat' dir='ltr'><strong>aspectu</strong></span> <span class='ocrx_word' id='word_1_155' title='bbox 1464 1761 1731 1815; x_wconf 79' lang='lat' dir='ltr'><strong>vermium</strong></span> <span class='ocrx_word' id='word_1_156' title='bbox 1771 1769 2079 1829; x_wconf 84' lang='lat' dir='ltr'><strong>spectacu-</strong></span> 
     </span>
    </p>
   </div>
   <div class='ocr_carea' id='block_1_24' title="bbox 488 1844 2078 1919">
    <p class='ocr_par' dir='ltr' id='par_1_24' title="bbox 488 1844 2078 1919">
     <span class='ocr_line' id='line_1_24' title="bbox 488 1844 2078 1919; baseline 0 -15"><span class='ocrx_word' id='word_1_157' title='bbox 488 1853 627 1918; x_wconf 90' lang='lat' dir='ltr'><strong>lum,</strong></span> <span class='ocrx_word' id='word_1_158' title='bbox 669 1853 798 1907; x_wconf 82' lang='lat' dir='ltr'><strong>tabe</strong></span> <span class='ocrx_word' id='word_1_159' title='bbox 842 1851 1020 1908; x_wconf 84' lang='lat' dir='ltr'><strong>ﬂuens</strong></span> <span class='ocrx_word' id='word_1_160' title='bbox 1070 1844 1237 1919; x_wconf 76' lang='lat' dir='ltr'><strong>illud,</strong></span> <span class='ocrx_word' id='word_1_161' title='bbox 1262 1868 1327 1906; x_wconf 89' lang='lat' dir='ltr'><strong>ac</strong></span> <span class='ocrx_word' id='word_1_162' title='bbox 1365 1852 1523 1906; x_wconf 88' lang='lat' dir='ltr'><strong>sanie</strong></span> <span class='ocrx_word' id='word_1_163' title='bbox 1556 1852 1846 1905; x_wconf 88' lang='lat' dir='ltr'><strong>obrutum.</strong></span> <span class='ocrx_word' id='word_1_164' title='bbox 1885 1851 1993 1906; x_wconf 81' lang='lat' dir='ltr'><strong>Sed</strong></span> <span class='ocrx_word' id='word_1_165' title='bbox 2024 1858 2078 1906; x_wconf 86' lang='lat' dir='ltr'><strong>el.</strong></span> 
     </span>
    </p>
   </div>
   <div class='ocr_carea' id='block_1_25' title="bbox 483 1943 2076 2013">
    <p class='ocr_par' dir='ltr' id='par_1_25' title="bbox 483 1943 2076 2013">
     <span class='ocr_line' id='line_1_25' title="bbox 483 1943 2076 2013; baseline 0.001 -17"><span class='ocrx_word' id='word_1_166' title='bbox 483 1944 790 2007; x_wconf 87' lang='lat' dir='ltr'><strong>curiosius.</strong></span> <span class='ocrx_word' id='word_1_167' title='bbox 829 1946 877 2000; x_wconf 94' lang='lat' dir='ltr'><strong>si</strong></span> <span class='ocrx_word' id='word_1_168' title='bbox 912 1943 1066 2008; x_wconf 88' lang='lat' dir='ltr'><strong>libet,</strong></span> <span class='ocrx_word' id='word_1_169' title='bbox 1101 1944 1346 2006; x_wconf 87' lang='lat' dir='ltr'><strong>attende,</strong></span> <span class='ocrx_word' id='word_1_170' title='bbox 1389 1953 1442 2000; x_wconf 90' lang='lat' dir='ltr'><strong>et</strong></span> <span class='ocrx_word' id='word_1_171' title='bbox 1485 1943 1766 2007; x_wconf 75' lang='lat' dir='ltr'><strong>discerne,</strong></span> <span class='ocrx_word' id='word_1_172' title='bbox 1799 1944 1843 1998; x_wconf 89' lang='lat' dir='ltr'><strong>si</strong></span> <span class='ocrx_word' id='word_1_173' title='bbox 1893 1952 2076 2013; x_wconf 84' lang='lat' dir='ltr'><strong>potes,</strong></span> 
     </span>
    </p>
   </div>
   <div class='ocr_carea' id='block_1_26' title="bbox 480 2039 2079 2110">
    <p class='ocr_par' dir='ltr' id='par_1_26' title="bbox 480 2039 2079 2110">
     <span class='ocr_line' id='line_1_26' title="bbox 480 2039 2079 2110; baseline 0.001 -20"><span class='ocrx_word' id='word_1_174' title='bbox 480 2052 546 2092; x_wconf 89' lang='lat' dir='ltr'><strong>ac</strong></span> <span class='ocrx_word' id='word_1_175' title='bbox 577 2052 642 2093; x_wconf 92' lang='lat' dir='ltr'><strong>os</strong></span> <span class='ocrx_word' id='word_1_176' title='bbox 677 2039 789 2093; x_wconf 89' lang='lat' dir='ltr'><strong>ossi</strong></span> <span class='ocrx_word' id='word_1_177' title='bbox 824 2053 1132 2110; x_wconf 75' lang='lat' dir='ltr'><strong>compone:</strong></span> <span class='ocrx_word' id='word_1_178' title='bbox 1169 2046 1336 2108; x_wconf 85' lang='lat' dir='ltr'><strong>atque</strong></span> <span class='ocrx_word' id='word_1_179' title='bbox 1380 2046 1441 2092; x_wconf 90' lang='lat' dir='ltr'><strong>ut</strong></span> <span class='ocrx_word' id='word_1_180' title='bbox 1470 2039 1710 2092; x_wconf 87' lang='lat' dir='ltr'><strong>volneris</strong></span> <span class='ocrx_word' id='word_1_181' title='bbox 1741 2047 1928 2107; x_wconf 62' lang='lat' dir='ltr'><strong>partes</strong></span> <span class='ocrx_word' id='word_1_182' title='bbox 1962 2039 2079 2093; x_wconf 91' lang='lat' dir='ltr'><strong>sin-</strong></span> 
     </span>
    </p>
   </div>
   <div class='ocr_carea' id='block_1_27' title="bbox 481 2129 2077 2201">
    <p class='ocr_par' dir='ltr' id='par_1_27' title="bbox 481 2129 2077 2201">
     <span class='ocr_line' id='line_1_27' title="bbox 481 2129 2077 2201; baseline 0.001 -19"><span class='ocrx_word' id='word_1_183' title='bbox 481 2130 644 2200; x_wconf 79' lang='lat' dir='ltr'><strong>gulas</strong></span> <span class='ocrx_word' id='word_1_184' title='bbox 684 2131 1095 2194; x_wconf 84' lang='lat' dir='ltr'><strong>seumembra,</strong></span> <span class='ocrx_word' id='word_1_185' title='bbox 1128 2147 1254 2201; x_wconf 72' lang='lat' dir='ltr'><strong>qua:</strong></span> <span class='ocrx_word' id='word_1_186' title='bbox 1298 2129 1574 2186; x_wconf 87' lang='lat' dir='ltr'><strong>dissoluta</strong></span> <span class='ocrx_word' id='word_1_187' title='bbox 1602 2130 1783 2192; x_wconf 88' lang='lat' dir='ltr'><strong>vides,</strong></span> <span class='ocrx_word' id='word_1_188' title='bbox 1818 2132 1928 2185; x_wconf 86' lang='lat' dir='ltr'><strong>tuis</strong></span> <span class='ocrx_word' id='word_1_189' title='bbox 1959 2131 2077 2199; x_wconf 89' lang='lat' dir='ltr'><strong>ipse</strong></span> 
     </span>
    </p>
   </div>
   <div class='ocr_carea' id='block_1_28' title="bbox 480 2222 2075 2295">
    <p class='ocr_par' dir='ltr' id='par_1_28' title="bbox 480 2222 2075 2295">
     <span class='ocr_line' id='line_1_28' title="bbox 480 2222 2075 2295; baseline 0.001 -20"><span class='ocrx_word' id='word_1_190' title='bbox 480 2222 739 2278; x_wconf 88' lang='lat' dir='ltr'><strong>manibus</strong></span> <span class='ocrx_word' id='word_1_191' title='bbox 773 2232 930 2279; x_wconf 86' lang='lat' dir='ltr'><strong>strue</strong></span> <span class='ocrx_word' id='word_1_192' title='bbox 953 2232 1007 2278; x_wconf 90' lang='lat' dir='ltr'><strong>et</strong></span> <span class='ocrx_word' id='word_1_193' title='bbox 1032 2225 1371 2295; x_wconf 69' lang='lat' dir='ltr'><strong>agglomera.</strong></span> <span class='ocrx_word' id='word_1_194' title='bbox 1417 2223 1577 2278; x_wconf 88' lang='lat' dir='ltr'><strong>Disce</strong></span> <span class='ocrx_word' id='word_1_195' title='bbox 1611 2240 1741 2277; x_wconf 90' lang='lat' dir='ltr'><strong>num</strong></span> <span class='ocrx_word' id='word_1_196' title='bbox 1777 2224 1861 2276; x_wconf 85' lang='lat' dir='ltr'><strong>vel</strong></span> <span class='ocrx_word' id='word_1_197' title='bbox 1905 2223 2075 2277; x_wconf 89' lang='lat' dir='ltr'><strong>mini-</strong></span> 
     </span>
    </p>
   </div>
   <div class='ocr_carea' id='block_1_29' title="bbox 476 2316 2072 2386">
    <p class='ocr_par' dir='ltr' id='par_1_29' title="bbox 476 2316 2072 2386">
     <span class='ocr_line' id='line_1_29' title="bbox 476 2316 2072 2386; baseline 0.001 -19"><span class='ocrx_word' id='word_1_198' title='bbox 476 2331 628 2369; x_wconf 86' lang='lat' dir='ltr'><strong>mum</strong></span> <span class='ocrx_word' id='word_1_199' title='bbox 682 2316 863 2385; x_wconf 86' lang='lat' dir='ltr'><strong>possis</strong></span> <span class='ocrx_word' id='word_1_200' title='bbox 922 2316 1165 2372; x_wconf 88' lang='lat' dir='ltr'><strong>dicere:</strong></span> <span class='ocrx_word' id='word_1_201' title='bbox 1211 2316 1508 2386; x_wconf 85' lang='lat' dir='ltr'><strong>cujusnam</strong></span> <span class='ocrx_word' id='word_1_202' title='bbox 1566 2316 1726 2371; x_wconf 69' lang='lat' dir='ltr'><strong>haec?</strong></span> <span class='ocrx_word' id='word_1_203' title='bbox 1775 2316 2072 2385; x_wconf 71' lang='lat' dir='ltr'><strong>cuiusnam</strong></span> 
     </span>
    </p>
   </div>
   <div class='ocr_carea' id='block_1_30' title="bbox 476 2408 2070 2480">
    <p class='ocr_par' dir='ltr' id='par_1_30' title="bbox 476 2408 2070 2480">
     <span class='ocr_line' id='line_1_30' title="bbox 476 2408 2070 2480; baseline 0.001 -19"><span class='ocrx_word' id='word_1_204' title='bbox 476 2408 614 2462; x_wconf 89' lang='lat' dir='ltr'><strong>illa?</strong></span> <span class='ocrx_word' id='word_1_205' title='bbox 646 2411 764 2464; x_wconf 87' lang='lat' dir='ltr'><strong>sive</strong></span> <span class='ocrx_word' id='word_1_206' title='bbox 815 2410 943 2480; x_wconf 88' lang='lat' dir='ltr'><strong>quis</strong></span> <span class='ocrx_word' id='word_1_207' title='bbox 981 2408 1113 2465; x_wconf 86' lang='lat' dir='ltr'><strong>hic?</strong></span> <span class='ocrx_word' id='word_1_208' title='bbox 1164 2410 1366 2477; x_wconf 87' lang='lat' dir='ltr'><strong>quisve</strong></span> <span class='ocrx_word' id='word_1_209' title='bbox 1417 2408 1544 2464; x_wconf 87' lang='lat' dir='ltr'><strong>ille?</strong></span> <span class='ocrx_word' id='word_1_210' title='bbox 1584 2408 1839 2464; x_wconf 78' lang='lat' dir='ltr'><strong>Seuexne</strong></span> <span class='ocrx_word' id='word_1_211' title='bbox 1873 2424 1943 2462; x_wconf 89' lang='lat' dir='ltr'><strong>an</strong></span> <span class='ocrx_word' id='word_1_212' title='bbox 1976 2409 2070 2479; x_wconf 81' lang='lat' dir='ltr'><strong>ju-</strong></span> 
     </span>
    </p>
   </div>
   <div class='ocr_carea' id='block_1_31' title="bbox 473 2499 2074 2570">
    <p class='ocr_par' dir='ltr' id='par_1_31' title="bbox 473 2499 2074 2570">
     <span class='ocr_line' id='line_1_31' title="bbox 473 2499 2074 2570; baseline 0.001 -18"><span class='ocrx_word' id='word_1_213' title='bbox 473 2502 656 2567; x_wconf 87' lang='lat' dir='ltr'><strong>venis,</strong></span> <span class='ocrx_word' id='word_1_214' title='bbox 690 2502 780 2557; x_wconf 87' lang='lat' dir='ltr'><strong>bic</strong></span> <span class='ocrx_word' id='word_1_215' title='bbox 817 2514 912 2557; x_wconf 81' lang='lat' dir='ltr'><strong>aut</strong></span> <span class='ocrx_word' id='word_1_216' title='bbox 943 2503 1033 2557; x_wconf 89' lang='lat' dir='ltr'><strong>ille</strong></span> <span class='ocrx_word' id='word_1_217' title='bbox 1060 2515 1312 2557; x_wconf 90' lang='lat' dir='ltr'><strong>mortuus</strong></span> <span class='ocrx_word' id='word_1_218' title='bbox 1349 2502 1455 2556; x_wconf 84' lang='lat' dir='ltr'><strong>sit?</strong></span> <span class='ocrx_word' id='word_1_219' title='bbox 1484 2499 1580 2556; x_wconf 84' lang='lat' dir='ltr'><strong>Vel</strong></span> <span class='ocrx_word' id='word_1_220' title='bbox 1613 2511 1799 2555; x_wconf 87' lang='lat' dir='ltr'><strong>utrum</strong></span> <span class='ocrx_word' id='word_1_221' title='bbox 1836 2499 1924 2554; x_wconf 87' lang='lat' dir='ltr'><strong>hic</strong></span> <span class='ocrx_word' id='word_1_222' title='bbox 1949 2500 2074 2570; x_wconf 80' lang='lat' dir='ltr'><strong>qui-</strong></span> 
     </span>
    </p>
   </div>
   <div class='ocr_carea' id='block_1_32' title="bbox 473 2592 2072 2658">
    <p class='ocr_par' dir='ltr' id='par_1_32' title="bbox 473 2592 2072 2658">
     <span class='ocr_line' id='line_1_32' title="bbox 473 2592 2072 2658; baseline -0.001 -10"><span class='ocrx_word' id='word_1_223' title='bbox 473 2595 625 2658; x_wconf 86' lang='lat' dir='ltr'><strong>dem,</strong></span> <span class='ocrx_word' id='word_1_224' title='bbox 690 2596 785 2650; x_wconf 92' lang='lat' dir='ltr'><strong>ubi</strong></span> <span class='ocrx_word' id='word_1_225' title='bbox 858 2596 1092 2650; x_wconf 79' lang='lat' dir='ltr'><strong>vixisset</strong></span> <span class='ocrx_word' id='word_1_226' title='bbox 1142 2594 1291 2655; x_wconf 74' lang='lat' dir='ltr'><strong>felix.</strong></span> <span class='ocrx_word' id='word_1_227' title='bbox 1338 2595 1431 2648; x_wconf 86' lang='lat' dir='ltr'><strong>ille</strong></span> <span class='ocrx_word' id='word_1_228' title='bbox 1491 2602 1675 2647; x_wconf 85' lang='lat' dir='ltr'><strong>autem</strong></span> <span class='ocrx_word' id='word_1_229' title='bbox 1731 2593 1824 2647; x_wconf 92' lang='lat' dir='ltr'><strong>ubi</strong></span> <span class='ocrx_word' id='word_1_230' title='bbox 1869 2592 2072 2647; x_wconf 85' lang='lat' dir='ltr'><strong>al&#39;llicte</strong></span> 
     </span>
    </p>
   </div>
   <div class='ocr_carea' id='block_1_33' title="bbox 472 2685 2071 2757">
    <p class='ocr_par' dir='ltr' id='par_1_33' title="bbox 472 2685 2071 2757">
     <span class='ocr_line' id='line_1_33' title="bbox 472 2685 2071 2757; baseline -0.001 -17"><span class='ocrx_word' id='word_1_231' title='bbox 472 2702 834 2757; x_wconf 77' lang='lat' dir='ltr'><strong>mmrensque</strong></span> <span class='ocrx_word' id='word_1_232' title='bbox 880 2688 990 2741; x_wconf 88' lang='lat' dir='ltr'><strong>vita</strong></span> <span class='ocrx_word' id='word_1_233' title='bbox 1043 2685 1274 2741; x_wconf 78' lang='lat' dir='ltr'><strong>functus</strong></span> <span class='ocrx_word' id='word_1_234' title='bbox 1320 2687 1439 2741; x_wconf 82' lang='lat' dir='ltr'><strong>sit?</strong></span> <span class='ocrx_word' id='word_1_235' title='bbox 1477 2686 1556 2741; x_wconf 79' lang='lat' dir='ltr'><strong>Ac</strong></span> <span class='ocrx_word' id='word_1_236' title='bbox 1602 2695 1788 2739; x_wconf 91' lang='lat' dir='ltr'><strong>utrum</strong></span> <span class='ocrx_word' id='word_1_237' title='bbox 1826 2686 2071 2754; x_wconf 86' lang='lat' dir='ltr'><strong>bicqui-</strong></span> 
     </span>
    </p>
   </div>
   <div class='ocr_carea' id='block_1_34' title="bbox 471 2776 2067 2847">
    <p class='ocr_par' dir='ltr' id='par_1_34' title="bbox 471 2776 2067 2847">
     <span class='ocr_line' id='line_1_34' title="bbox 471 2776 2067 2847; baseline 0.001 -16"><span class='ocrx_word' id='word_1_238' title='bbox 471 2777 597 2832; x_wconf 86' lang='lat' dir='ltr'><strong>dctn</strong></span> <span class='ocrx_word' id='word_1_239' title='bbox 631 2779 757 2834; x_wconf 75' lang='lat' dir='ltr'><strong>vita:</strong></span> <span class='ocrx_word' id='word_1_240' title='bbox 790 2778 957 2834; x_wconf 84' lang='lat' dir='ltr'><strong>fuerit</strong></span> <span class='ocrx_word' id='word_1_241' title='bbox 991 2779 1199 2845; x_wconf 85' lang='lat' dir='ltr'><strong>brevis,</strong></span> <span class='ocrx_word' id='word_1_242' title='bbox 1245 2779 1336 2834; x_wconf 83' lang='lat' dir='ltr'><strong>ille</strong></span> <span class='ocrx_word' id='word_1_243' title='bbox 1368 2791 1551 2833; x_wconf 88' lang='lat' dir='ltr'><strong>autem</strong></span> <span class='ocrx_word' id='word_1_244' title='bbox 1591 2776 1896 2847; x_wconf 59' lang='lat' dir='ltr'><strong>longaeva?</strong></span> <span class='ocrx_word' id='word_1_245' title='bbox 1925 2777 2067 2834; x_wconf 80' lang='lat' dir='ltr'><strong>Num</strong></span> 
     </span>
    </p>
   </div>
   <div class='ocr_carea' id='block_1_35' title="bbox 471 2867 2068 2940">
    <p class='ocr_par' dir='ltr' id='par_1_35' title="bbox 471 2867 2068 2940">
     <span class='ocr_line' id='line_1_35' title="bbox 471 2867 2068 2940; baseline 0.001 -17"><span class='ocrx_word' id='word_1_246' title='bbox 471 2870 564 2924; x_wconf 89' lang='lat' dir='ltr'><strong>bie</strong></span> <span class='ocrx_word' id='word_1_247' title='bbox 597 2870 840 2940; x_wconf 83' lang='lat' dir='ltr'><strong>gloriose</strong></span> <span class='ocrx_word' id='word_1_248' title='bbox 888 2869 1116 2935; x_wconf 76' lang='lat' dir='ltr'><strong>vixerit,</strong></span> <span class='ocrx_word' id='word_1_249' title='bbox 1172 2870 1266 2923; x_wconf 91' lang='lat' dir='ltr'><strong>ille</strong></span> <span class='ocrx_word' id='word_1_250' title='bbox 1307 2870 1591 2940; x_wconf 81' lang='lat' dir='ltr'><strong>inglorie?</strong></span> <span class='ocrx_word' id='word_1_251' title='bbox 1638 2867 1764 2925; x_wconf 65' lang='lat' dir='ltr'><strong>llaec</strong></span> <span class='ocrx_word' id='word_1_252' title='bbox 1810 2870 1984 2933; x_wconf 75' lang='lat' dir='ltr'><strong>disce,</strong></span> <span class='ocrx_word' id='word_1_253' title='bbox 2014 2877 2068 2924; x_wconf 83' lang='lat' dir='ltr'><strong>el</strong></span> 
     </span>
    </p>
   </div>
   <div class='ocr_carea' id='block_1_36' title="bbox 469 2962 2067 3033">
    <p class='ocr_par' dir='ltr' id='par_1_36' title="bbox 469 2962 2067 3033">
     <span class='ocr_line' id='line_1_36' title="bbox 469 2962 2067 3033; baseline 0.001 -19"><span class='ocrx_word' id='word_1_254' title='bbox 469 2962 770 3033; x_wconf 79' lang='lat' dir='ltr'><strong>diligenter</strong></span> <span class='ocrx_word' id='word_1_255' title='bbox 809 2962 1129 3028; x_wconf 83' lang='lat' dir='ltr'><strong>considera,</strong></span> <span class='ocrx_word' id='word_1_256' title='bbox 1178 2980 1309 3018; x_wconf 90' lang='lat' dir='ltr'><strong>num</strong></span> <span class='ocrx_word' id='word_1_257' title='bbox 1344 2979 1431 3019; x_wconf 81' lang='lat' dir='ltr'><strong>res</strong></span> <span class='ocrx_word' id='word_1_258' title='bbox 1473 2964 1546 3018; x_wconf 88' lang='lat' dir='ltr'><strong>sit</strong></span> <span class='ocrx_word' id='word_1_259' title='bbox 1584 2962 1742 3016; x_wconf 88' lang='lat' dir='ltr'><strong>multi</strong></span> <span class='ocrx_word' id='word_1_260' title='bbox 1775 2964 1934 3030; x_wconf 89' lang='lat' dir='ltr'><strong>plena</strong></span> <span class='ocrx_word' id='word_1_261' title='bbox 1966 2978 2067 3033; x_wconf 84' lang='lat' dir='ltr'><strong>pu-</strong></span> 
     </span>
    </p>
   </div>
   <div class='ocr_carea' id='block_1_37' title="bbox 466 3054 2066 3127">
    <p class='ocr_par' dir='ltr' id='par_1_37' title="bbox 466 3054 2066 3127">
     <span class='ocr_line' id='line_1_37' title="bbox 466 3054 2066 3127; baseline 0.001 -19"><span class='ocrx_word' id='word_1_262' title='bbox 466 3054 622 3109; x_wconf 84' lang='lat' dir='ltr'><strong>doris</strong></span> <span class='ocrx_word' id='word_1_263' title='bbox 656 3069 723 3109; x_wconf 87' lang='lat' dir='ltr'><strong>ac</strong></span> <span class='ocrx_word' id='word_1_264' title='bbox 771 3056 1038 3117; x_wconf 74' lang='lat' dir='ltr'><strong>tristitiae,</strong></span> <span class='ocrx_word' id='word_1_265' title='bbox 1078 3055 1550 3127; x_wconf 81' lang='lat' dir='ltr'><strong>miserabilisquc,</strong></span> <span class='ocrx_word' id='word_1_266' title='bbox 1585 3070 1700 3125; x_wconf 85' lang='lat' dir='ltr'><strong>quo</strong></span> <span class='ocrx_word' id='word_1_267' title='bbox 1750 3055 1904 3125; x_wconf 89' lang='lat' dir='ltr'><strong>prius</strong></span> <span class='ocrx_word' id='word_1_268' title='bbox 1948 3070 2066 3109; x_wconf 85' lang='lat' dir='ltr'><strong>ma-</strong></span> 
     </span>
    </p>
   </div>
   <div class='ocr_carea' id='block_1_38' title="bbox 462 3145 1809 3219">
    <p class='ocr_par' dir='ltr' id='par_1_38' title="bbox 462 3145 1809 3219">
     <span class='ocr_line' id='line_1_38' title="bbox 462 3145 1809 3219; baseline 0.002 -20"><span class='ocrx_word' id='word_1_269' title='bbox 462 3145 576 3216; x_wconf 85' lang='lat' dir='ltr'><strong>jori</strong></span> <span class='ocrx_word' id='word_1_270' title='bbox 615 3148 932 3217; x_wconf 87' lang='lat' dir='ltr'><strong>compactio</strong></span> <span class='ocrx_word' id='word_1_271' title='bbox 964 3147 1260 3203; x_wconf 85' lang='lat' dir='ltr'><strong>videbatur</strong></span> <span class='ocrx_word' id='word_1_272' title='bbox 1296 3148 1459 3219; x_wconf 86' lang='lat' dir='ltr'><strong>plena</strong></span> <span class='ocrx_word' id='word_1_273' title='bbox 1496 3154 1809 3203; x_wconf 86' lang='lat' dir='ltr'><strong>venustate.</strong></span> 
     </span>
    </p>
   </div>
   <div class='ocr_carea' id='block_1_39' title="bbox 537 3327 2063 3399">
    <p class='ocr_par' dir='ltr' id='par_1_39' title="bbox 537 3327 2063 3399">
     <span class='ocr_line' id='line_1_39' title="bbox 537 3327 2063 3399; baseline 0 -16"><span class='ocrx_word' id='word_1_274' title='bbox 537 3327 681 3395; x_wconf 81' lang='lat' dir='ltr'><strong>Quid</strong></span> <span class='ocrx_word' id='word_1_275' title='bbox 715 3328 1044 3384; x_wconf 84' lang='lat' dir='ltr'><strong>enimvero?</strong></span> <span class='ocrx_word' id='word_1_276' title='bbox 1078 3327 1271 3383; x_wconf 80' lang='lat' dir='ltr'><strong>Nonne</strong></span> <span class='ocrx_word' id='word_1_277' title='bbox 1301 3339 1463 3399; x_wconf 87' lang='lat' dir='ltr'><strong>turpe</strong></span> <span class='ocrx_word' id='word_1_278' title='bbox 1495 3328 1880 3398; x_wconf 86' lang='lat' dir='ltr'><strong>spectaculum</strong></span> <span class='ocrx_word' id='word_1_279' title='bbox 1905 3328 2063 3392; x_wconf 87' lang='lat' dir='ltr'><strong>illud,</strong></span> 
     </span>
    </p>
   </div>
   <div class='ocr_carea' id='block_1_40' title="bbox 467 3423 2079 3494">
    <p class='ocr_par' dir='ltr' id='par_1_40' title="bbox 467 3423 2079 3494">
     <span class='ocr_line' id='line_1_40' title="bbox 467 3423 2079 3494; baseline -0.002 -17"><span class='ocrx_word' id='word_1_280' title='bbox 467 3423 752 3494; x_wconf 84' lang='lat' dir='ltr'><strong>multaque</strong></span> <span class='ocrx_word' id='word_1_281' title='bbox 805 3425 1029 3493; x_wconf 85' lang='lat' dir='ltr'><strong>plenum</strong></span> <span class='ocrx_word' id='word_1_282' title='bbox 1078 3423 1457 3479; x_wconf 83' lang='lat' dir='ltr'><strong>insuavitate?</strong></span> <span class='ocrx_word' id='word_1_283' title='bbox 1503 3423 1800 3479; x_wconf 66' lang='lat' dir='ltr'><strong>Dissolulae</strong></span> <span class='ocrx_word' id='word_1_284' title='bbox 1845 3436 2079 3486; x_wconf 76' lang='lat' dir='ltr'><strong>carnes,.</strong></span> 
     </span>
    </p>
   </div>
   <div class='ocr_carea' id='block_1_41' title="bbox 464 3515 2072 3586">
    <p class='ocr_par' dir='ltr' id='par_1_41' title="bbox 464 3515 2072 3586">
     <span class='ocr_line' id='line_1_41' title="bbox 464 3515 2072 3586; baseline -0.002 -16"><span class='ocrx_word' id='word_1_285' title='bbox 464 3516 813 3585; x_wconf 80' lang='lat' dir='ltr'><strong>visceraque,</strong></span> <span class='ocrx_word' id='word_1_286' title='bbox 852 3525 907 3570; x_wconf 87' lang='lat' dir='ltr'><strong>et</strong></span> <span class='ocrx_word' id='word_1_287' title='bbox 942 3525 1154 3585; x_wconf 86' lang='lat' dir='ltr'><strong>partes,</strong></span> <span class='ocrx_word' id='word_1_288' title='bbox 1197 3515 1554 3586; x_wconf 88' lang='lat' dir='ltr'><strong>ligmentique</strong></span> <span class='ocrx_word' id='word_1_289' title='bbox 1606 3515 1797 3579; x_wconf 79' lang='lat' dir='ltr'><strong>decor,</strong></span> <span class='ocrx_word' id='word_1_290' title='bbox 1846 3528 2072 3583; x_wconf 83' lang='lat' dir='ltr'><strong>compu-</strong></span> 
     </span>
    </p>
   </div>
   <div class='ocr_carea' id='block_1_42' title="bbox 464 3606 2066 3677">
    <p class='ocr_par' dir='ltr' id='par_1_42' title="bbox 464 3606 2066 3677">
     <span class='ocr_line' id='line_1_42' title="bbox 464 3606 2066 3677; baseline -0.001 -16"><span class='ocrx_word' id='word_1_291' title='bbox 464 3606 702 3663; x_wconf 86' lang='lat' dir='ltr'><strong>trel&#39;acta</strong></span> <span class='ocrx_word' id='word_1_292' title='bbox 747 3623 809 3661; x_wconf 85' lang='lat' dir='ltr'><strong>ac</strong></span> <span class='ocrx_word' id='word_1_293' title='bbox 852 3609 985 3663; x_wconf 88' lang='lat' dir='ltr'><strong>tabo</strong></span> <span class='ocrx_word' id='word_1_294' title='bbox 1039 3606 1313 3663; x_wconf 82' lang='lat' dir='ltr'><strong>ﬂuentia?</strong></span> <span class='ocrx_word' id='word_1_295' title='bbox 1374 3611 1452 3662; x_wconf 75' lang='lat' dir='ltr'><strong>Ae</strong></span> <span class='ocrx_word' id='word_1_296' title='bbox 1506 3606 1747 3677; x_wconf 89' lang='lat' dir='ltr'><strong>quisque</strong></span> <span class='ocrx_word' id='word_1_297' title='bbox 1785 3616 2066 3672; x_wconf 86' lang='lat' dir='ltr'><strong>nostrum,</strong></span> 
     </span>
    </p>
   </div>
   <div class='ocr_carea' id='block_1_43' title="bbox 461 3699 2066 3771">
    <p class='ocr_par' dir='ltr' id='par_1_43' title="bbox 461 3699 2066 3771">
     <span class='ocr_line' id='line_1_43' title="bbox 461 3699 2066 3771; baseline -0.001 -18"><span class='ocrx_word' id='word_1_298' title='bbox 461 3701 657 3757; x_wconf 79' lang='lat' dir='ltr'><strong>eadem</strong></span> <span class='ocrx_word' id='word_1_299' title='bbox 704 3701 869 3771; x_wconf 88' lang='lat' dir='ltr'><strong>plane</strong></span> <span class='ocrx_word' id='word_1_300' title='bbox 914 3702 1133 3755; x_wconf 86' lang='lat' dir='ltr'><strong>ratione</strong></span> <span class='ocrx_word' id='word_1_301' title='bbox 1206 3700 1494 3770; x_wconf 77' lang='lat' dir='ltr'><strong>depositus</strong></span> <span class='ocrx_word' id='word_1_302' title='bbox 1547 3699 1749 3764; x_wconf 85' lang='lat' dir='ltr'><strong>loculo,</strong></span> <span class='ocrx_word' id='word_1_303' title='bbox 1815 3714 2066 3753; x_wconf 86' lang='lat' dir='ltr'><strong>corrum-</strong></span> 
     </span>
    </p>
   </div>
   <div class='ocr_carea' id='block_1_44' title="bbox 463 3790 2062 3861">
    <p class='ocr_par' dir='ltr' id='par_1_44' title="bbox 463 3790 2062 3861">
     <span class='ocr_line' id='line_1_44' title="bbox 463 3790 2062 3861; baseline 0.001 -21"><span class='ocrx_word' id='word_1_304' title='bbox 463 3791 682 3860; x_wconf 81' lang='lat' dir='ltr'><strong>pendus</strong></span> <span class='ocrx_word' id='word_1_305' title='bbox 748 3799 854 3853; x_wconf 86' lang='lat' dir='ltr'><strong>est,</strong></span> <span class='ocrx_word' id='word_1_306' title='bbox 911 3790 1218 3861; x_wconf 86' lang='lat' dir='ltr'><strong>eademque</strong></span> <span class='ocrx_word' id='word_1_307' title='bbox 1286 3790 1559 3845; x_wconf 84' lang='lat' dir='ltr'><strong>vermium</strong></span> <span class='ocrx_word' id='word_1_308' title='bbox 1608 3790 2062 3844; x_wconf 86' lang='lat' dir='ltr'><strong>cunsnmeutium</strong></span> 
     </span>
    </p>
   </div>
   <div class='ocr_carea' id='block_1_45' title="bbox 463 3881 2061 3952">
    <p class='ocr_par' dir='ltr' id='par_1_45' title="bbox 463 3881 2061 3952">
     <span class='ocr_line' id='line_1_45' title="bbox 463 3881 2061 3952; baseline -0.001 -17"><span class='ocrx_word' id='word_1_309' title='bbox 463 3898 615 3949; x_wconf 70' lang='lat' dir='ltr'><strong>esea,</strong></span> <span class='ocrx_word' id='word_1_310' title='bbox 641 3882 1064 3937; x_wconf 81' lang='lat' dir='ltr'><strong>dissolvendus.</strong></span> <span class='ocrx_word' id='word_1_311' title='bbox 1092 3882 1364 3952; x_wconf 76' lang='lat' dir='ltr'><strong>lntcllige,</strong></span> <span class='ocrx_word' id='word_1_312' title='bbox 1383 3897 1416 3936; x_wconf 89' lang='grc' dir='ltr'><strong>ο</strong></span> <span class='ocrx_word' id='word_1_313' title='bbox 1448 3881 1637 3946; x_wconf 83' lang='lat' dir='ltr'><strong>homo,</strong></span> <span class='ocrx_word' id='word_1_314' title='bbox 1662 3881 1808 3951; x_wconf 88' lang='lat' dir='ltr'><strong>quod</strong></span> <span class='ocrx_word' id='word_1_315' title='bbox 1839 3881 2061 3935; x_wconf 89' lang='lat' dir='ltr'><strong>dicitur.</strong></span> 
     </span>
    </p>
   </div>
   <div class='ocr_carea' id='block_1_46' title="bbox 462 3973 2064 4044">
    <p class='ocr_par' dir='ltr' id='par_1_46' title="bbox 462 3973 2064 4044">
     <span class='ocr_line' id='line_1_46' title="bbox 462 3973 2064 4044; baseline 0.001 -17"><span class='ocrx_word' id='word_1_316' title='bbox 462 3974 850 4044; x_wconf 78' lang='lat' dir='ltr'><strong>Circumspice</strong></span> <span class='ocrx_word' id='word_1_317' title='bbox 878 3973 1136 4043; x_wconf 87' lang='lat' dir='ltr'><strong>sepulcra</strong></span> <span class='ocrx_word' id='word_1_318' title='bbox 1169 3991 1182 4027; x_wconf 91' lang='lat'>:</span> <span class='ocrx_word' id='word_1_319' title='bbox 1219 3974 1346 4029; x_wconf 85' lang='lat' dir='ltr'><strong>vide</strong></span> <span class='ocrx_word' id='word_1_320' title='bbox 1396 3989 1525 4029; x_wconf 87' lang='lat' dir='ltr'><strong>ossa</strong></span> <span class='ocrx_word' id='word_1_321' title='bbox 1560 3982 1774 4034; x_wconf 83' lang='lat' dir='ltr'><strong>nostra.</strong></span> <span class='ocrx_word' id='word_1_322' title='bbox 1807 3983 1862 4027; x_wconf 90' lang='lat' dir='ltr'><strong>et</strong></span> <span class='ocrx_word' id='word_1_323' title='bbox 1902 3974 1969 4027; x_wconf 87' lang='lat' dir='ltr'><strong>ad</strong></span> <span class='ocrx_word' id='word_1_324' title='bbox 2010 3982 2064 4028; x_wconf 88' lang='lat' dir='ltr'><strong>te</strong></span> 
     </span>
    </p>
   </div>
   <div class='ocr_carea' id='block_1_47' title="bbox 460 4056 2059 4138">
    <p class='ocr_par' dir='ltr' id='par_1_47' title="bbox 460 4056 2059 4138">
     <span class='ocr_line' id='line_1_47' title="bbox 460 4056 2059 4138; baseline -0.001 -16"><span class='ocrx_word' id='word_1_325' title='bbox 460 4082 791 4132; x_wconf 88' lang='lat' dir='ltr'><strong>conversus,</strong></span> <span class='ocrx_word' id='word_1_326' title='bbox 855 4067 1014 4138; x_wconf 78' lang='lat' dir='ltr'><strong>lnge;</strong></span> <span class='ocrx_word' id='word_1_327' title='bbox 1070 4056 1241 4120; x_wconf 82' lang='lat' dir='ltr'><strong>altum</strong></span> <span class='ocrx_word' id='word_1_328' title='bbox 1305 4081 1464 4136; x_wconf 80' lang='lat' dir='ltr'><strong>geme</strong></span> <span class='ocrx_word' id='word_1_329' title='bbox 1520 4082 1588 4121; x_wconf 73' lang='lat' dir='ltr'><strong>ex</strong></span> <span class='ocrx_word' id='word_1_330' title='bbox 1645 4066 1755 4119; x_wconf 87' lang='lat' dir='ltr'><strong>imo</strong></span> <span class='ocrx_word' id='word_1_331' title='bbox 1816 4074 2059 4136; x_wconf 79' lang='lat' dir='ltr'><strong>pectore.</strong></span> 
     </span>
    </p>
   </div>
   <div class='ocr_carea' id='block_1_48' title="bbox 460 4156 2058 4228">
    <p class='ocr_par' dir='ltr' id='par_1_48' title="bbox 460 4156 2058 4228">
     <span class='ocr_line' id='line_1_48' title="bbox 460 4156 2058 4228; baseline -0.001 -17"><span class='ocrx_word' id='word_1_332' title='bbox 460 4158 719 4214; x_wconf 70' lang='lat' dir='ltr'><strong>Miseram</strong></span> <span class='ocrx_word' id='word_1_333' title='bbox 771 4157 999 4228; x_wconf 84' lang='lat' dir='ltr'><strong>deplnra</strong></span> <span class='ocrx_word' id='word_1_334' title='bbox 1054 4157 1354 4212; x_wconf 83' lang='lat' dir='ltr'><strong>lmmanam</strong></span> <span class='ocrx_word' id='word_1_335' title='bbox 1387 4157 1683 4221; x_wconf 87' lang='lat' dir='ltr'><strong>vilitatem,</strong></span> <span class='ocrx_word' id='word_1_336' title='bbox 1724 4173 1851 4227; x_wconf 77' lang='lat' dir='ltr'><strong>quae</strong></span> <span class='ocrx_word' id='word_1_337' title='bbox 1888 4156 2058 4212; x_wconf 80' lang='lat' dir='ltr'><strong>ﬁnem</strong></span> 
     </span>
    </p>
   </div>
   <div class='ocr_carea' id='block_1_49' title="bbox 458 4248 2060 4319">
    <p class='ocr_par' dir='ltr' id='par_1_49' title="bbox 458 4248 2060 4319">
     <span class='ocr_line' id='line_1_49' title="bbox 458 4248 2060 4319; baseline 0.001 -18"><span class='ocrx_word' id='word_1_338' title='bbox 458 4248 735 4319; x_wconf 83' lang='lat' dir='ltr'><strong>ejusmodi</strong></span> <span class='ocrx_word' id='word_1_339' title='bbox 794 4250 1095 4319; x_wconf 84' lang='lat' dir='ltr'><strong>acceperit.</strong></span> <span class='ocrx_word' id='word_1_340' title='bbox 1149 4249 1437 4319; x_wconf 86' lang='lat' dir='ltr'><strong>Perspice,</strong></span> <span class='ocrx_word' id='word_1_341' title='bbox 1497 4264 1561 4303; x_wconf 80' lang='lat' dir='ltr'><strong>ac</strong></span> <span class='ocrx_word' id='word_1_342' title='bbox 1587 4248 1633 4303; x_wconf 91' lang='lat' dir='ltr'><strong>si</strong></span> <span class='ocrx_word' id='word_1_343' title='bbox 1702 4256 1882 4319; x_wconf 87' lang='lat' dir='ltr'><strong>potes,</strong></span> <span class='ocrx_word' id='word_1_344' title='bbox 1945 4250 2060 4304; x_wconf 89' lang='lat' dir='ltr'><strong>dis-</strong></span> 
     </span>
    </p>
   </div>
   <div class='ocr_carea' id='block_1_50' title="bbox 422 4340 2055 4414">
    <p class='ocr_par' dir='ltr' id='par_1_50' title="bbox 422 4340 2055 4414">
     <span class='ocr_line' id='line_1_50' title="bbox 422 4340 2055 4414; baseline -0.001 -17"><span class='ocrx_word' id='word_1_345' title='bbox 422 4359 632 4400; x_wconf 61' lang='lat' dir='ltr'><strong>‘eerne</strong></span> <span class='ocrx_word' id='word_1_346' title='bbox 685 4350 740 4398; x_wconf 89' lang='lat' dir='ltr'><strong>et</strong></span> <span class='ocrx_word' id='word_1_347' title='bbox 799 4343 1011 4399; x_wconf 86' lang='lat' dir='ltr'><strong>edicito</strong></span> <span class='ocrx_word' id='word_1_348' title='bbox 1072 4343 1328 4414; x_wconf 76' lang='lat' dir='ltr'><strong>Quisnam</strong></span> <span class='ocrx_word' id='word_1_349' title='bbox 1389 4358 1519 4408; x_wconf 81' lang='lat' dir='ltr'><strong>rex;</strong></span> <span class='ocrx_word' id='word_1_350' title='bbox 1579 4342 1707 4412; x_wconf 86' lang='lat' dir='ltr'><strong>quis</strong></span> <span class='ocrx_word' id='word_1_351' title='bbox 1770 4340 2055 4411; x_wconf 81' lang='lat' dir='ltr'><strong>privatus;</strong></span> 
     </span>
    </p>
   </div>
   <div class='ocr_carea' id='block_1_51' title="bbox 458 4428 2060 4507">
    <p class='ocr_par' dir='ltr' id='par_1_51' title="bbox 458 4428 2060 4507">
     <span class='ocr_line' id='line_1_51' title="bbox 458 4428 2060 4507; baseline -0.002 -16"><span class='ocrx_word' id='word_1_352' title='bbox 458 4436 586 4507; x_wconf 84' lang='lat' dir='ltr'><strong>quis</strong></span> <span class='ocrx_word' id='word_1_353' title='bbox 615 4428 791 4501; x_wconf 82' lang='lat' dir='ltr'><strong>dives,</strong></span> <span class='ocrx_word' id='word_1_354' title='bbox 838 4436 1033 4506; x_wconf 86' lang='lat' dir='ltr'><strong>quisve</strong></span> <span class='ocrx_word' id='word_1_355' title='bbox 1078 4452 1328 4507; x_wconf 89' lang='lat' dir='ltr'><strong>panper;</strong></span> <span class='ocrx_word' id='word_1_356' title='bbox 1362 4436 1490 4505; x_wconf 89' lang='lat' dir='ltr'><strong>quis</strong></span> <span class='ocrx_word' id='word_1_357' title='bbox 1533 4434 1836 4502; x_wconf 76' lang='lat' dir='ltr'><strong>gloriosus,</strong></span> <span class='ocrx_word' id='word_1_358' title='bbox 1864 4433 2060 4503; x_wconf 89' lang='lat' dir='ltr'><strong>quisve</strong></span> 
     </span>
    </p>
   </div>
   <div class='ocr_carea' id='block_1_52' title="bbox 2092 3163 2136 3221">
    <p class='ocr_par' dir='ltr' id='par_1_52' title="bbox 2092 3163 2136 3221">
     <span class='ocr_line' id='line_1_52' title="bbox 2092 3163 2136 3221; baseline 0 -2"><span class='ocrx_word' id='word_1_359' title='bbox 2092 3163 2136 3221; x_wconf 87' lang='lat' dir='ltr'><strong><em>C</em></strong></span> 
     </span>
    </p>
   </div>
   <div class='ocr_carea' id='block_1_53' title="bbox 2122 1116 3325 1187">
    <p class='ocr_par' dir='ltr' id='par_1_53' title="bbox 2122 1116 3325 1187">
     <span class='ocr_line' id='line_1_53' title="bbox 2122 1116 3325 1187; baseline 0.002 -18"><span class='ocrx_word' id='word_1_360' title='bbox 2122 1117 2269 1186; x_wconf 87' lang='lat' dir='ltr'><strong>quod</strong></span> <span class='ocrx_word' id='word_1_361' title='bbox 2300 1118 2595 1173; x_wconf 85' lang='lat' dir='ltr'><strong>molestum</strong></span> <span class='ocrx_word' id='word_1_362' title='bbox 2630 1118 2723 1180; x_wconf 89' lang='lat' dir='ltr'><strong>sit,</strong></span> <span class='ocrx_word' id='word_1_363' title='bbox 2754 1134 2865 1172; x_wconf 91' lang='lat' dir='ltr'><strong>non</strong></span> <span class='ocrx_word' id='word_1_364' title='bbox 2898 1116 3047 1187; x_wconf 86' lang='lat' dir='ltr'><strong>quod</strong></span> <span class='ocrx_word' id='word_1_365' title='bbox 3087 1125 3325 1173; x_wconf 77' lang='lat' dir='ltr'><strong>recreet.</strong></span> 
     </span>
    </p>
   </div>
   <div class='ocr_carea' id='block_1_54' title="bbox 2271 1210 3750 1283">
    <p class='ocr_par' dir='ltr' id='par_1_54' title="bbox 2271 1210 3750 1283">
     <span class='ocr_line' id='line_1_54' title="bbox 2271 1210 3750 1283; baseline 0.003 -21"><span class='ocrx_word' id='word_1_366' title='bbox 2271 1210 2414 1264; x_wconf 82' lang='grc' dir='ltr'>Ἀλλ’</span> <span class='ocrx_word' id='word_1_367' title='bbox 2443 1210 2703 1283; x_wconf 80' lang='grc' dir='ltr'>ἐπίστηθι</span> <span class='ocrx_word' id='word_1_368' title='bbox 2735 1211 2989 1282; x_wconf 83' lang='grc' dir='ltr'>τρανῶς,</span> <span class='ocrx_word' id='word_1_369' title='bbox 3043 1212 3135 1263; x_wconf 80' lang='grc' dir='ltr'><strong>καὶ</strong></span> <span class='ocrx_word' id='word_1_370' title='bbox 3178 1210 3542 1264; x_wconf 79' lang='grc' dir='ltr'>ἁνατύπωσαί</span> <span class='ocrx_word' id='word_1_371' title='bbox 3573 1229 3654 1281; x_wconf 87' lang='grc' dir='ltr'><strong>μοι</strong></span> <span class='ocrx_word' id='word_1_372' title='bbox 3678 1212 3750 1266; x_wconf 76' lang='grc' dir='ltr'>διὰ</span> 
     </span>
    </p>
   </div>
   <div class='ocr_carea' id='block_1_55' title="bbox 2188 1301 3749 1374">
    <p class='ocr_par' dir='ltr' id='par_1_55' title="bbox 2188 1301 3749 1374">
     <span class='ocr_line' id='line_1_55' title="bbox 2188 1301 3749 1374; baseline 0.01 -29"><span class='ocrx_word' id='word_1_373' title='bbox 2188 1301 2288 1366; x_wconf 79' lang='grc' dir='ltr'><strong>τῆς</strong></span> <span class='ocrx_word' id='word_1_374' title='bbox 2313 1303 2648 1373; x_wconf 70' lang='grc' dir='ltr'><strong>φαινομένης</strong></span> <span class='ocrx_word' id='word_1_375' title='bbox 2676 1302 2785 1356; x_wconf 86' lang='grc' dir='ltr'><strong>τῶν</strong></span> <span class='ocrx_word' id='word_1_376' title='bbox 2814 1303 3029 1373; x_wconf 83' lang='grc' dir='ltr'>νεκρῶν</span> <span class='ocrx_word' id='word_1_377' title='bbox 3059 1303 3334 1371; x_wconf 81' lang='grc' dir='ltr'>σωμάτων</span> <span class='ocrx_word' id='word_1_378' title='bbox 3362 1304 3630 1374; x_wconf 78' lang='grc' dir='ltr'>εἰδεχθοῦς</span> <span class='ocrx_word' id='word_1_379' title='bbox 3655 1305 3749 1360; x_wconf 77' lang='grc' dir='ltr'>διαο</span> 
     </span>
    </p>
   </div>
   <div class='ocr_carea' id='block_1_56' title="bbox 2186 1392 3745 1467">
    <p class='ocr_par' dir='ltr' id='par_1_56' title="bbox 2186 1392 3745 1467">
     <span class='ocr_line' id='line_1_56' title="bbox 2186 1392 3745 1467; baseline 0.004 -23"><span class='ocrx_word' id='word_1_380' title='bbox 2186 1393 2416 1458; x_wconf 73' lang='grc' dir='ltr'>λύσεως,</span> <span class='ocrx_word' id='word_1_381' title='bbox 2449 1392 2558 1448; x_wconf 89' lang='grc' dir='ltr'><strong>τῶν</strong></span> <span class='ocrx_word' id='word_1_382' title='bbox 2588 1394 2879 1465; x_wconf 82' lang='grc' dir='ltr'><strong>ἡμετέρων</strong></span> <span class='ocrx_word' id='word_1_383' title='bbox 2913 1394 3303 1464; x_wconf 75' lang='grc' dir='ltr'>ὀφρυωμάτων</span> <span class='ocrx_word' id='word_1_384' title='bbox 3334 1396 3440 1467; x_wconf 84' lang='grc' dir='ltr'><strong>τὴν</strong></span> <span class='ocrx_word' id='word_1_385' title='bbox 3468 1395 3745 1466; x_wconf 69' lang='grc' dir='ltr'>ἀθλιότητα.</span> 
     </span>
    </p>
   </div>
   <div class='ocr_carea' id='block_1_57' title="bbox 2201 1484 3744 1559">
    <p class='ocr_par' dir='ltr' id='par_1_57' title="bbox 2201 1484 3744 1559">
     <span class='ocr_line' id='line_1_57' title="bbox 2201 1484 3744 1559; baseline 0.002 -21"><span class='ocrx_word' id='word_1_386' title='bbox 2201 1485 2465 1556; x_wconf 85' lang='grc' dir='ltr'>Ἀνὰσχου</span> <span class='ocrx_word' id='word_1_387' title='bbox 2504 1486 2703 1558; x_wconf 81' lang='grc' dir='ltr'>μικρὸν</span> <span class='ocrx_word' id='word_1_388' title='bbox 2740 1484 3133 1540; x_wconf 75' lang='grc' dir='ltr'>ἀντιλαϐέσθαι</span> <span class='ocrx_word' id='word_1_389' title='bbox 3161 1489 3265 1558; x_wconf 84' lang='grc' dir='ltr'>τῆς</span> <span class='ocrx_word' id='word_1_390' title='bbox 3308 1486 3609 1550; x_wconf 74' lang='grc' dir='ltr'><strong>δυσωδίας·</strong></span> <span class='ocrx_word' id='word_1_391' title='bbox 3636 1489 3744 1559; x_wconf 77' lang='grc' dir='ltr'>ἡμε-</span> 
     </span>
    </p>
   </div>
   <div class='ocr_carea' id='block_1_58' title="bbox 2185 1576 3746 1649">
    <p class='ocr_par' dir='ltr' id='par_1_58' title="bbox 2185 1576 3746 1649">
     <span class='ocr_line' id='line_1_58' title="bbox 2185 1576 3746 1649; baseline 0.003 -22"><span class='ocrx_word' id='word_1_392' title='bbox 2185 1576 2321 1645; x_wconf 84' lang='grc' dir='ltr'>τέρα</span> <span class='ocrx_word' id='word_1_393' title='bbox 2351 1578 2482 1649; x_wconf 83' lang='grc' dir='ltr'>γὰρ,</span> <span class='ocrx_word' id='word_1_394' title='bbox 2506 1579 2609 1631; x_wconf 81' lang='grc' dir='ltr'><strong>οὐκ</strong></span> <span class='ocrx_word' id='word_1_395' title='bbox 2640 1576 2921 1647; x_wconf 76' lang='grc' dir='ltr'>ἀλλοτρία.</span> <span class='ocrx_word' id='word_1_396' title='bbox 2945 1577 3085 1648; x_wconf 77' lang='grc' dir='ltr'>Φέρε</span> <span class='ocrx_word' id='word_1_397' title='bbox 3111 1578 3391 1645; x_wconf 74' lang='grc' dir='ltr'>γενναίως</span> <span class='ocrx_word' id='word_1_398' title='bbox 3418 1578 3518 1647; x_wconf 79' lang='grc' dir='ltr'>τὴν</span> <span class='ocrx_word' id='word_1_399' title='bbox 3547 1578 3746 1632; x_wconf 81' lang='grc' dir='ltr'>ἀναδιδο-</span> 
     </span>
    </p>
   </div>
   <div class='ocr_carea' id='block_1_59' title="bbox 2194 1669 3744 1743">
    <p class='ocr_par' dir='ltr' id='par_1_59' title="bbox 2194 1669 3744 1743">
     <span class='ocr_line' id='line_1_59' title="bbox 2194 1669 3744 1743; baseline 0.005 -24"><span class='ocrx_word' id='word_1_400' title='bbox 2194 1669 2364 1741; x_wconf 81' lang='grc' dir='ltr'>μένην</span> <span class='ocrx_word' id='word_1_401' title='bbox 2396 1670 2624 1725; x_wconf 81' lang='grc' dir='ltr'>αὑτόθεν</span> <span class='ocrx_word' id='word_1_402' title='bbox 2656 1671 2757 1742; x_wconf 80' lang='grc' dir='ltr'><strong>τῆς</strong></span> <span class='ocrx_word' id='word_1_403' title='bbox 2792 1671 3088 1743; x_wconf 80' lang='grc' dir='ltr'><strong>σηπεδόνος</strong></span> <span class='ocrx_word' id='word_1_404' title='bbox 3120 1671 3303 1743; x_wconf 84' lang='grc' dir='ltr'>ὀσμήν</span> <span class='ocrx_word' id='word_1_405' title='bbox 3337 1688 3404 1725; x_wconf 84' lang='grc' dir='ltr'><strong>τε</strong></span> <span class='ocrx_word' id='word_1_406' title='bbox 3447 1672 3542 1726; x_wconf 79' lang='grc' dir='ltr'><strong>καὶ</strong></span> <span class='ocrx_word' id='word_1_407' title='bbox 3572 1671 3744 1727; x_wconf 75' lang='grc' dir='ltr'>δυσδιὰ-</span> 
     </span>
    </p>
   </div>
   <div class='ocr_carea' id='block_1_60' title="bbox 2187 1762 3742 1836">
    <p class='ocr_par' dir='ltr' id='par_1_60' title="bbox 2187 1762 3742 1836">
     <span class='ocr_line' id='line_1_60' title="bbox 2187 1762 3742 1836; baseline 0.003 -23"><span class='ocrx_word' id='word_1_408' title='bbox 2187 1777 2455 1815; x_wconf 80' lang='grc' dir='ltr'>πνευστον</span> <span class='ocrx_word' id='word_1_409' title='bbox 2486 1762 2707 1834; x_wconf 70' lang='grc' dir='ltr'>ἐκροήν.</span> <span class='ocrx_word' id='word_1_410' title='bbox 2754 1764 3029 1834; x_wconf 80' lang='grc' dir='ltr'>Καρτέρει</span> <span class='ocrx_word' id='word_1_411' title='bbox 3071 1763 3130 1816; x_wconf 79' lang='grc' dir='ltr'><strong>δὲ</strong></span> <span class='ocrx_word' id='word_1_412' title='bbox 3162 1762 3260 1835; x_wconf 82' lang='grc' dir='ltr'><strong>τὴν</strong></span> <span class='ocrx_word' id='word_1_413' title='bbox 3308 1764 3380 1817; x_wconf 81' lang='grc' dir='ltr'>ἐκ</span> <span class='ocrx_word' id='word_1_414' title='bbox 3428 1765 3538 1819; x_wconf 87' lang='grc' dir='ltr'><strong>τῶν</strong></span> <span class='ocrx_word' id='word_1_415' title='bbox 3571 1766 3742 1836; x_wconf 75' lang='grc' dir='ltr'>σκωλή-</span> 
     </span>
    </p>
   </div>
   <div class='ocr_carea' id='block_1_61' title="bbox 2185 1854 3740 1929">
    <p class='ocr_par' dir='ltr' id='par_1_61' title="bbox 2185 1854 3740 1929">
     <span class='ocr_line' id='line_1_61' title="bbox 2185 1854 3740 1929; baseline 0.004 -23"><span class='ocrx_word' id='word_1_416' title='bbox 2185 1870 2296 1906; x_wconf 89' lang='grc' dir='ltr'><strong>κων</strong></span> <span class='ocrx_word' id='word_1_417' title='bbox 2343 1854 2724 1927; x_wconf 73' lang='grc' dir='ltr'><strong>δυσθεώρητον</strong></span> <span class='ocrx_word' id='word_1_418' title='bbox 2772 1856 2919 1926; x_wconf 72' lang='grc' dir='ltr'>ὄψιν,</span> <span class='ocrx_word' id='word_1_419' title='bbox 2969 1856 3230 1927; x_wconf 82' lang='grc' dir='ltr'>μυδῶσάν</span> <span class='ocrx_word' id='word_1_420' title='bbox 3285 1873 3352 1909; x_wconf 88' lang='grc' dir='ltr'><strong>τε</strong></span> <span class='ocrx_word' id='word_1_421' title='bbox 3409 1859 3508 1911; x_wconf 75' lang='grc' dir='ltr'><strong>καὶ</strong></span> <span class='ocrx_word' id='word_1_422' title='bbox 3560 1857 3740 1929; x_wconf 73' lang='grc' dir='ltr'>ίχῶρσιν</span> 
     </span>
    </p>
   </div>
   <div class='ocr_carea' id='block_1_62' title="bbox 2181 1949 3737 2022">
    <p class='ocr_par' dir='ltr' id='par_1_62' title="bbox 2181 1949 3737 2022">
     <span class='ocr_line' id='line_1_62' title="bbox 2181 1949 3737 2022; baseline 0.003 -23"><span class='ocrx_word' id='word_1_423' title='bbox 2181 1949 2606 2018; x_wconf 79' lang='grc' dir='ltr'>ἐγκεχωσμένην</span> <span class='ocrx_word' id='word_1_424' title='bbox 2639 1949 2705 2002; x_wconf 76' lang='grc'><strong>³⁷.</strong></span> <span class='ocrx_word' id='word_1_425' title='bbox 2744 1949 2992 2021; x_wconf 78' lang='grc' dir='ltr'>Πρόσεχέ</span> <span class='ocrx_word' id='word_1_426' title='bbox 3016 1967 3076 2003; x_wconf 89' lang='grc' dir='ltr'><strong>τε</strong></span> <span class='ocrx_word' id='word_1_427' title='bbox 3111 1950 3207 2003; x_wconf 74' lang='grc' dir='ltr'><strong>καὶ</strong></span> <span class='ocrx_word' id='word_1_428' title='bbox 3242 1950 3679 2022; x_wconf 79' lang='grc' dir='ltr'>περιεργότερον,</span> <span class='ocrx_word' id='word_1_429' title='bbox 3704 1954 3737 2004; x_wconf 81' lang='grc' dir='ltr'><strong>εί</strong></span> 
     </span>
    </p>
   </div>
   <div class='ocr_carea' id='block_1_63' title="bbox 2181 2037 3736 2115">
    <p class='ocr_par' dir='ltr' id='par_1_63' title="bbox 2181 2037 3736 2115">
     <span class='ocr_line' id='line_1_63' title="bbox 2181 2037 3736 2115; baseline 0.006 -25"><span class='ocrx_word' id='word_1_430' title='bbox 2181 2037 2387 2109; x_wconf 78' lang='grc' dir='ltr'>βούλει,</span> <span class='ocrx_word' id='word_1_431' title='bbox 2424 2042 2520 2093; x_wconf 76' lang='grc' dir='ltr'><strong>καὶ</strong></span> <span class='ocrx_word' id='word_1_432' title='bbox 2549 2040 2854 2111; x_wconf 78' lang='grc' dir='ltr'>διάκρινον,</span> <span class='ocrx_word' id='word_1_433' title='bbox 2883 2044 2932 2115; x_wconf 79' lang='grc' dir='ltr'>εἰ</span> <span class='ocrx_word' id='word_1_434' title='bbox 2965 2041 3214 2107; x_wconf 83' lang='grc' dir='ltr'>δυνατῶς</span> <span class='ocrx_word' id='word_1_435' title='bbox 3251 2042 3430 2113; x_wconf 73' lang='grc' dir='ltr'>ἔχεις,</span> <span class='ocrx_word' id='word_1_436' title='bbox 3471 2042 3563 2097; x_wconf 74' lang='grc' dir='ltr'><strong>καὶ</strong></span> <span class='ocrx_word' id='word_1_437' title='bbox 3585 2044 3736 2115; x_wconf 70' lang='grc' dir='ltr'>συνάρ-</span> 
     </span>
    </p>
   </div>
   <div class='ocr_carea' id='block_1_64' title="bbox 2182 2113 3732 2204">
    <p class='ocr_par' dir='ltr' id='par_1_64' title="bbox 2182 2113 3732 2204">
     <span class='ocr_line' id='line_1_64' title="bbox 2182 2113 3732 2204; baseline 0.003 -23"><span class='ocrx_word' id='word_1_438' title='bbox 2182 2145 2346 2198; x_wconf 87' lang='grc' dir='ltr'>μοσον</span> <span class='ocrx_word' id='word_1_439' title='bbox 2366 2129 2559 2183; x_wconf 78' lang='grc' dir='ltr'>ὀστοῦν</span> <span class='ocrx_word' id='word_1_440' title='bbox 2600 2132 2737 2201; x_wconf 63' lang='grc' dir='ltr'>πρὸς</span> <span class='ocrx_word' id='word_1_441' title='bbox 2774 2113 2988 2195; x_wconf 76' lang='grc' dir='ltr'>ὀστοῦν,</span> <span class='ocrx_word' id='word_1_442' title='bbox 3029 2132 3125 2185; x_wconf 74' lang='grc' dir='ltr'><strong>καὶ</strong></span> <span class='ocrx_word' id='word_1_443' title='bbox 3146 2131 3222 2195; x_wconf 83' lang='grc' dir='ltr'>ὡς</span> <span class='ocrx_word' id='word_1_444' title='bbox 3253 2131 3328 2186; x_wconf 81' lang='grc' dir='ltr'><strong>ἂν</strong></span> <span class='ocrx_word' id='word_1_445' title='bbox 3362 2132 3551 2204; x_wconf 82' lang='grc' dir='ltr'>θέλῃς,</span> <span class='ocrx_word' id='word_1_446' title='bbox 3574 2113 3732 2187; x_wconf 63' lang='lat' dir='ltr'><strong>Exest:</strong></span> 
     </span>
    </p>
   </div>
   <div class='ocr_carea' id='block_1_65' title="bbox 2176 2218 3730 2294">
    <p class='ocr_par' dir='ltr' id='par_1_65' title="bbox 2176 2218 3730 2294">
     <span class='ocr_line' id='line_1_65' title="bbox 2176 2218 3730 2294; baseline 0.003 -24"><span class='ocrx_word' id='word_1_447' title='bbox 2176 2218 2285 2270; x_wconf 86' lang='grc' dir='ltr'><strong>τῶν</strong></span> <span class='ocrx_word' id='word_1_448' title='bbox 2316 2219 2658 2289; x_wconf 67' lang='grc' dir='ltr'>φαινομένων</span> <span class='ocrx_word' id='word_1_449' title='bbox 2692 2221 2787 2274; x_wconf 73' lang='grc' dir='ltr'><strong>καὶ</strong></span> <span class='ocrx_word' id='word_1_450' title='bbox 2816 2220 3133 2291; x_wconf 81' lang='grc' dir='ltr'>λελυμένων</span> <span class='ocrx_word' id='word_1_451' title='bbox 3156 2221 3348 2294; x_wconf 89' lang='grc' dir='ltr'>μερῶν</span> <span class='ocrx_word' id='word_1_452' title='bbox 3372 2223 3407 2293; x_wconf 81' lang='grc' dir='ltr'><strong>ἦ</strong></span> <span class='ocrx_word' id='word_1_453' title='bbox 3430 2223 3629 2293; x_wconf 83' lang='grc' dir='ltr'>μελῶν,</span> <span class='ocrx_word' id='word_1_454' title='bbox 3652 2226 3730 2286; x_wconf 71' lang='grc' dir='ltr'>ταῖς</span> 
     </span>
    </p>
   </div>
   <div class='ocr_carea' id='block_1_66' title="bbox 2176 2307 3717 2381">
    <p class='ocr_par' dir='ltr' id='par_1_66' title="bbox 2176 2307 3717 2381">
     <span class='ocr_line' id='line_1_66' title="bbox 2176 2307 3717 2381; baseline 0.003 -20"><span class='ocrx_word' id='word_1_455' title='bbox 2176 2307 2376 2361; x_wconf 76' lang='grc' dir='ltr'>ἑαυτοῦ</span> <span class='ocrx_word' id='word_1_456' title='bbox 2412 2310 2604 2378; x_wconf 77' lang='grc' dir='ltr'>χερσὶν</span> <span class='ocrx_word' id='word_1_457' title='bbox 2636 2310 3045 2365; x_wconf 78' lang='grc' dir='ltr'>ἐπιστοίδασον.</span> <span class='ocrx_word' id='word_1_458' title='bbox 3067 2311 3384 2381; x_wconf 83' lang='grc' dir='ltr'>Κατάμαθε</span> <span class='ocrx_word' id='word_1_459' title='bbox 3412 2313 3619 2366; x_wconf 77' lang='grc' dir='ltr'>τούτων</span> <span class='ocrx_word' id='word_1_460' title='bbox 3644 2313 3717 2366; x_wconf 62' lang='lat' dir='ltr'><strong>Eur</strong></span> 
     </span>
    </p>
   </div>
   <div class='ocr_carea' id='block_1_67' title="bbox 2177 2398 3724 2472">
    <p class='ocr_par' dir='ltr' id='par_1_67' title="bbox 2177 2398 3724 2472">
     <span class='ocr_line' id='line_1_67' title="bbox 2177 2398 3724 2472; baseline 0.004 -23"><span class='ocrx_word' id='word_1_461' title='bbox 2177 2415 2325 2465; x_wconf 87' lang='grc' dir='ltr'>στον,</span> <span class='ocrx_word' id='word_1_462' title='bbox 2357 2399 2403 2450; x_wconf 90' lang='grc' dir='ltr'>εἰ</span> <span class='ocrx_word' id='word_1_463' title='bbox 2438 2398 2646 2470; x_wconf 74' lang='grc' dir='ltr'>δυνήσῃ</span> <span class='ocrx_word' id='word_1_464' title='bbox 2688 2400 2793 2454; x_wconf 74' lang='grc' dir='ltr'>κᾶν</span> <span class='ocrx_word' id='word_1_465' title='bbox 2834 2402 3075 2472; x_wconf 83' lang='grc' dir='ltr'>μετρίως</span> <span class='ocrx_word' id='word_1_466' title='bbox 3105 2404 3311 2468; x_wconf 87' lang='grc' dir='ltr'>εἰπεῖν,</span> <span class='ocrx_word' id='word_1_467' title='bbox 3360 2403 3515 2467; x_wconf 84' lang='grc' dir='ltr'>τίνος</span> <span class='ocrx_word' id='word_1_468' title='bbox 3562 2405 3724 2464; x_wconf 72' lang='grc' dir='ltr'>ἐκεῖνα,</span> 
     </span>
    </p>
   </div>
   <div class='ocr_carea' id='block_1_68' title="bbox 2175 2487 3726 2561">
    <p class='ocr_par' dir='ltr' id='par_1_68' title="bbox 2175 2487 3726 2561">
     <span class='ocr_line' id='line_1_68' title="bbox 2175 2487 3726 2561; baseline 0.003 -20"><span class='ocrx_word' id='word_1_469' title='bbox 2175 2487 2270 2541; x_wconf 73' lang='grc' dir='ltr'><strong>καὶ</strong></span> <span class='ocrx_word' id='word_1_470' title='bbox 2303 2487 2457 2541; x_wconf 82' lang='grc' dir='ltr'>ποίου</span> <span class='ocrx_word' id='word_1_471' title='bbox 2489 2490 2665 2542; x_wconf 80' lang='grc' dir='ltr'>ταῦτα</span> <span class='ocrx_word' id='word_1_472' title='bbox 2685 2533 2699 2555; x_wconf 89' lang='grc'><strong>,</strong></span> <span class='ocrx_word' id='word_1_473' title='bbox 2725 2490 2758 2561; x_wconf 82' lang='grc' dir='ltr'>ἢ</span> <span class='ocrx_word' id='word_1_474' title='bbox 2790 2491 2873 2554; x_wconf 87' lang='grc' dir='ltr'><strong>τίς</strong></span> <span class='ocrx_word' id='word_1_475' title='bbox 2905 2487 3062 2555; x_wconf 78' lang='grc' dir='ltr'>οὗτος</span> <span class='ocrx_word' id='word_1_476' title='bbox 3084 2533 3099 2557; x_wconf 91' lang='grc'><strong>,</strong></span> <span class='ocrx_word' id='word_1_477' title='bbox 3134 2493 3231 2545; x_wconf 81' lang='grc' dir='ltr'>καὶ</span> <span class='ocrx_word' id='word_1_478' title='bbox 3257 2493 3347 2558; x_wconf 77' lang='grc' dir='ltr'><strong>τίς</strong></span> <span class='ocrx_word' id='word_1_479' title='bbox 3394 2496 3634 2556; x_wconf 75' lang='grc' dir='ltr'>ἐκεῖνος’</span> <span class='ocrx_word' id='word_1_480' title='bbox 3664 2493 3726 2546; x_wconf 63' lang='grc' dir='ltr'>καὶ</span> 
     </span>
    </p>
   </div>
   <div class='ocr_carea' id='block_1_69' title="bbox 2174 2581 3728 2658">
    <p class='ocr_par' dir='ltr' id='par_1_69' title="bbox 2174 2581 3728 2658">
     <span class='ocr_line' id='line_1_69' title="bbox 2174 2581 3728 2658; baseline -0.001 -23"><span class='ocrx_word' id='word_1_481' title='bbox 2174 2583 2223 2635; x_wconf 91' lang='grc' dir='ltr'>εἰ</span> <span class='ocrx_word' id='word_1_482' title='bbox 2246 2583 2429 2653; x_wconf 82' lang='grc' dir='ltr'>γέρων</span> <span class='ocrx_word' id='word_1_483' title='bbox 2463 2583 2495 2654; x_wconf 84' lang='grc' dir='ltr'>ἢ</span> <span class='ocrx_word' id='word_1_484' title='bbox 2524 2585 2745 2646; x_wconf 85' lang='grc' dir='ltr'>νεανίας</span> <span class='ocrx_word' id='word_1_485' title='bbox 2768 2623 2783 2648; x_wconf 90' lang='grc'><strong>,</strong></span> <span class='ocrx_word' id='word_1_486' title='bbox 2827 2586 3040 2650; x_wconf 81' lang='grc' dir='ltr'>ἐκεῖνος</span> <span class='ocrx_word' id='word_1_487' title='bbox 3078 2586 3113 2658; x_wconf 88' lang='grc' dir='ltr'>ἢ</span> <span class='ocrx_word' id='word_1_488' title='bbox 3146 2581 3332 2651; x_wconf 73' lang='grc' dir='ltr'>οὗτος,</span> <span class='ocrx_word' id='word_1_489' title='bbox 3376 2585 3728 2655; x_wconf 66' lang='grc' dir='ltr'>τεθνᾶσιν,ἧό</span> 
     </span>
    </p>
   </div>
   <div class='ocr_carea' id='block_1_70' title="bbox 2175 2669 3726 2747">
    <p class='ocr_par' dir='ltr' id='par_1_70' title="bbox 2175 2669 3726 2747">
     <span class='ocr_line' id='line_1_70' title="bbox 2175 2669 3726 2747; baseline 0.003 -26"><span class='ocrx_word' id='word_1_490' title='bbox 2175 2669 2276 2739; x_wconf 78' lang='grc' dir='ltr'><strong>μὲν</strong></span> <span class='ocrx_word' id='word_1_491' title='bbox 2308 2671 2670 2741; x_wconf 80' lang='grc' dir='ltr'>εὐημερίαις,</span> <span class='ocrx_word' id='word_1_492' title='bbox 2717 2674 2746 2726; x_wconf 90' lang='lat'><strong>6</strong></span> <span class='ocrx_word' id='word_1_493' title='bbox 2774 2674 2833 2727; x_wconf 76' lang='grc' dir='ltr'>δὲ</span> <span class='ocrx_word' id='word_1_494' title='bbox 2881 2675 3065 2740; x_wconf 82' lang='grc' dir='ltr'>ἀνίαις</span> <span class='ocrx_word' id='word_1_495' title='bbox 3116 2676 3363 2747; x_wconf 67' lang='grc' dir='ltr'>ἐζηκὼς,</span> <span class='ocrx_word' id='word_1_496' title='bbox 3412 2676 3726 2732; x_wconf 76' lang='grc' dir='ltr'>καταλελύκει</span> 
     </span>
    </p>
   </div>
   <div class='ocr_carea' id='block_1_71' title="bbox 2172 2760 3725 2841">
    <p class='ocr_par' dir='ltr' id='par_1_71' title="bbox 2172 2760 3725 2841">
     <span class='ocr_line' id='line_1_71' title="bbox 2172 2760 3725 2841; baseline 0.005 -29"><span class='ocrx_word' id='word_1_497' title='bbox 2172 2761 2264 2813; x_wconf 73' lang='grc' dir='ltr'>τὸν</span> <span class='ocrx_word' id='word_1_498' title='bbox 2297 2760 2413 2831; x_wconf 83' lang='grc' dir='ltr'>βίον</span> <span class='ocrx_word' id='word_1_499' title='bbox 2452 2780 2466 2794; x_wconf 86' lang='grc'><strong>·</strong></span> <span class='ocrx_word' id='word_1_500' title='bbox 2508 2764 2605 2818; x_wconf 73' lang='grc' dir='ltr'><strong>καὶ</strong></span> <span class='ocrx_word' id='word_1_501' title='bbox 2644 2767 2693 2817; x_wconf 83' lang='grc' dir='ltr'><strong>εί</strong></span> <span class='ocrx_word' id='word_1_502' title='bbox 2735 2766 2763 2818; x_wconf 98' lang='lat'><strong>6</strong></span> <span class='ocrx_word' id='word_1_503' title='bbox 2808 2766 2909 2837; x_wconf 83' lang='grc' dir='ltr'>μὲν</span> <span class='ocrx_word' id='word_1_504' title='bbox 2952 2767 3261 2837; x_wconf 75' lang='grc' dir='ltr'>ὀλιγόδιος,</span> <span class='ocrx_word' id='word_1_505' title='bbox 3294 2772 3325 2823; x_wconf 91' lang='lat'><strong>6</strong></span> <span class='ocrx_word' id='word_1_506' title='bbox 3357 2769 3418 2822; x_wconf 80' lang='grc' dir='ltr'>δὲ</span> <span class='ocrx_word' id='word_1_507' title='bbox 3461 2767 3725 2841; x_wconf 73' lang='grc' dir='ltr'>μακροϐιώ-</span> 
     </span>
    </p>
   </div>
   <div class='ocr_carea' id='block_1_72' title="bbox 2169 2855 3726 2928">
    <p class='ocr_par' dir='ltr' id='par_1_72' title="bbox 2169 2855 3726 2928">
     <span class='ocr_line' id='line_1_72' title="bbox 2169 2855 3726 2928; baseline 0.004 -22"><span class='ocrx_word' id='word_1_508' title='bbox 2169 2871 2333 2917; x_wconf 84' lang='grc' dir='ltr'>τατος</span> <span class='ocrx_word' id='word_1_509' title='bbox 2354 2873 2366 2887; x_wconf 86' lang='grc'><strong>·</strong></span> <span class='ocrx_word' id='word_1_510' title='bbox 2410 2855 2442 2926; x_wconf 83' lang='grc' dir='ltr'>ἢ</span> <span class='ocrx_word' id='word_1_511' title='bbox 2474 2857 2502 2910; x_wconf 90' lang='lat'><strong>6</strong></span> <span class='ocrx_word' id='word_1_512' title='bbox 2537 2857 2637 2927; x_wconf 82' lang='grc' dir='ltr'><strong>μὲν</strong></span> <span class='ocrx_word' id='word_1_513' title='bbox 2688 2858 2957 2927; x_wconf 73' lang='grc' dir='ltr'>ἐνδόξως,</span> <span class='ocrx_word' id='word_1_514' title='bbox 3006 2863 3035 2915; x_wconf 92' lang='lat'><strong>6</strong></span> <span class='ocrx_word' id='word_1_515' title='bbox 3059 2862 3117 2915; x_wconf 74' lang='grc' dir='ltr'>δὲ</span> <span class='ocrx_word' id='word_1_516' title='bbox 3153 2861 3368 2928; x_wconf 80' lang='grc' dir='ltr'>ἀδόξως</span> <span class='ocrx_word' id='word_1_517' title='bbox 3399 2863 3553 2918; x_wconf 77' lang='grc' dir='ltr'>ἐϐίω.</span> <span class='ocrx_word' id='word_1_518' title='bbox 3584 2861 3726 2915; x_wconf 79' lang='grc' dir='ltr'>Ταῦτα</span> 
     </span>
    </p>
   </div>
   <div class='ocr_carea' id='block_1_73' title="bbox 2172 2943 3729 3026">
    <p class='ocr_par' dir='ltr' id='par_1_73' title="bbox 2172 2943 3729 3026">
     <span class='ocr_line' id='line_1_73' title="bbox 2172 2943 3729 3026; baseline 0.004 -30"><span class='ocrx_word' id='word_1_519' title='bbox 2172 2943 2461 3014; x_wconf 65' lang='grc' dir='ltr'>κατάμαθε</span> <span class='ocrx_word' id='word_1_520' title='bbox 2494 2948 2592 2999; x_wconf 71' lang='grc' dir='ltr'><strong>καὶ</strong></span> <span class='ocrx_word' id='word_1_521' title='bbox 2622 2950 2989 3019; x_wconf 80' lang='grc' dir='ltr'>περισκόπει·</span> <span class='ocrx_word' id='word_1_522' title='bbox 3024 2952 3123 3005; x_wconf 76' lang='grc' dir='ltr'><strong>καὶ</strong></span> <span class='ocrx_word' id='word_1_523' title='bbox 3163 2954 3213 3005; x_wconf 85' lang='grc' dir='ltr'><strong>εί</strong></span> <span class='ocrx_word' id='word_1_524' title='bbox 3249 2953 3332 3026; x_wconf 83' lang='grc' dir='ltr'>μὴ</span> <span class='ocrx_word' id='word_1_525' title='bbox 3369 2954 3576 3024; x_wconf 77' lang='grc' dir='ltr'>πολλῆς</span> <span class='ocrx_word' id='word_1_526' title='bbox 3607 2954 3729 3021; x_wconf 77' lang='grc' dir='ltr'>γέμει</span> 
     </span>
    </p>
   </div>
   <div class='ocr_carea' id='block_1_74' title="bbox 2170 3034 3727 3117">
    <p class='ocr_par' dir='ltr' id='par_1_74' title="bbox 2170 3034 3727 3117">
     <span class='ocr_line' id='line_1_74' title="bbox 2170 3034 3727 3117; baseline 0.011 -29"><span class='ocrx_word' id='word_1_527' title='bbox 2170 3034 2271 3105; x_wconf 83' lang='grc' dir='ltr'>τῆς</span> <span class='ocrx_word' id='word_1_528' title='bbox 2305 3038 2616 3107; x_wconf 74' lang='grc' dir='ltr'>κατηφείας</span> <span class='ocrx_word' id='word_1_529' title='bbox 2664 3041 2761 3094; x_wconf 74' lang='grc' dir='ltr'>καὶ</span> <span class='ocrx_word' id='word_1_530' title='bbox 2822 3042 3317 3116; x_wconf 80' lang='grc' dir='ltr'>σκυθρωπότητος,</span> <span class='ocrx_word' id='word_1_531' title='bbox 3362 3046 3478 3117; x_wconf 80' lang='grc' dir='ltr'>ὅσῳ</span> <span class='ocrx_word' id='word_1_532' title='bbox 3536 3044 3727 3112; x_wconf 73' lang='grc' dir='ltr'>καὶτῆς</span> 
     </span>
    </p>
   </div>
   <div class='ocr_carea' id='block_1_75' title="bbox 2169 3127 3727 3211">
    <p class='ocr_par' dir='ltr' id='par_1_75' title="bbox 2169 3127 3727 3211">
     <span class='ocr_line' id='line_1_75' title="bbox 2169 3127 3727 3211; baseline 0.008 -31"><span class='ocrx_word' id='word_1_533' title='bbox 2169 3127 2508 3201; x_wconf 80' lang='grc' dir='ltr'>ὠραιότητος</span> <span class='ocrx_word' id='word_1_534' title='bbox 2540 3133 2688 3187; x_wconf 77' lang='grc' dir='ltr'>κατὰ</span> <span class='ocrx_word' id='word_1_535' title='bbox 2712 3134 2773 3188; x_wconf 89' lang='grc' dir='ltr'>τὺ</span> <span class='ocrx_word' id='word_1_536' title='bbox 2805 3135 3002 3192; x_wconf 83' lang='grc' dir='ltr'>δοκοῦν</span> <span class='ocrx_word' id='word_1_537' title='bbox 3031 3140 3162 3209; x_wconf 77' lang='grc' dir='ltr'>περὶ</span> <span class='ocrx_word' id='word_1_538' title='bbox 3186 3139 3287 3210; x_wconf 81' lang='grc' dir='ltr'>τὴν</span> <span class='ocrx_word' id='word_1_539' title='bbox 3323 3139 3604 3211; x_wconf 63' lang='grc' dir='ltr'>σύμπηξιν</span> <span class='ocrx_word' id='word_1_540' title='bbox 3627 3143 3727 3208; x_wconf 77' lang='grc' dir='ltr'><strong>πρό·</strong></span> 
     </span>
    </p>
   </div>
   <div class='ocr_carea' id='block_1_76' title="bbox 2170 3237 2350 3290">
    <p class='ocr_par' dir='ltr' id='par_1_76' title="bbox 2170 3237 2350 3290">
     <span class='ocr_line' id='line_1_76' title="bbox 2170 3237 2350 3290; baseline 0.011 -18"><span class='ocrx_word' id='word_1_541' title='bbox 2170 3237 2350 3290; x_wconf 88' lang='grc' dir='ltr'>τερον.</span> 
     </span>
    </p>
   </div>
   <div class='ocr_carea' id='block_1_77' title="bbox 2244 3312 3728 3392">
    <p class='ocr_par' dir='ltr' id='par_1_77' title="bbox 2244 3312 3728 3392">
     <span class='ocr_line' id='line_1_77' title="bbox 2244 3312 3728 3392; baseline 0.007 -27"><span class='ocrx_word' id='word_1_542' title='bbox 2244 3313 2355 3366; x_wconf 74' lang='grc' dir='ltr'><strong>Καὶ</strong></span> <span class='ocrx_word' id='word_1_543' title='bbox 2386 3312 2439 3366; x_wconf 86' lang='grc' dir='ltr'><strong>τί</strong></span> <span class='ocrx_word' id='word_1_544' title='bbox 2470 3313 2615 3385; x_wconf 76' lang='grc' dir='ltr'><strong>γάρ;</strong></span> <span class='ocrx_word' id='word_1_545' title='bbox 2645 3317 2761 3371; x_wconf 74' lang='grc' dir='ltr'><strong>Οὐκ</strong></span> <span class='ocrx_word' id='word_1_546' title='bbox 2794 3317 3046 3391; x_wconf 80' lang='grc' dir='ltr'>εἰδεχθὴς</span> <span class='ocrx_word' id='word_1_547' title='bbox 3074 3321 3106 3389; x_wconf 79' lang='grc' dir='ltr'><strong>ἡ</strong></span> <span class='ocrx_word' id='word_1_548' title='bbox 3141 3319 3260 3387; x_wconf 79' lang='grc' dir='ltr'>θέα,</span> <span class='ocrx_word' id='word_1_549' title='bbox 3296 3324 3407 3377; x_wconf 75' lang='grc' dir='ltr'><strong>καὶ</strong></span> <span class='ocrx_word' id='word_1_550' title='bbox 3448 3322 3637 3392; x_wconf 82' lang='grc' dir='ltr'>πολλῆς</span> <span class='ocrx_word' id='word_1_551' title='bbox 3660 3316 3728 3389; x_wconf 73' lang='grc' dir='ltr'><strong>τέ’</strong></span> 
     </span>
    </p>
   </div>
   <div class='ocr_carea' id='block_1_78' title="bbox 2156 3408 3727 3487">
    <p class='ocr_par' dir='ltr' id='par_1_78' title="bbox 2156 3408 3727 3487">
     <span class='ocr_line' id='line_1_78' title="bbox 2156 3408 3727 3487; baseline 0.005 -28"><span class='ocrx_word' id='word_1_552' title='bbox 2156 3424 2351 3477; x_wconf 66' lang='grc' dir='ltr'>,μουσα</span> <span class='ocrx_word' id='word_1_553' title='bbox 2372 3408 2473 3479; x_wconf 82' lang='grc' dir='ltr'>τῆς</span> <span class='ocrx_word' id='word_1_554' title='bbox 2499 3410 2729 3482; x_wconf 73' lang='grc' dir='ltr'>ἁηδίαςς</span> <span class='ocrx_word' id='word_1_555' title='bbox 2766 3410 2978 3485; x_wconf 83' lang='grc' dir='ltr'>Σάρκες</span> <span class='ocrx_word' id='word_1_556' title='bbox 3002 3413 3421 3487; x_wconf 81' lang='grc' dir='ltr'>διαλελυμέναι,</span> <span class='ocrx_word' id='word_1_557' title='bbox 3444 3418 3537 3471; x_wconf 71' lang='grc' dir='ltr'><strong>καὶ</strong></span> <span class='ocrx_word' id='word_1_558' title='bbox 3559 3414 3727 3482; x_wconf 77' lang='grc' dir='ltr'>σπλάγ-</span> 
     </span>
    </p>
   </div>
   <div class='ocr_carea' id='block_1_79' title="bbox 2169 3501 3726 3576">
    <p class='ocr_par' dir='ltr' id='par_1_79' title="bbox 2169 3501 3726 3576">
     <span class='ocr_line' id='line_1_79' title="bbox 2169 3501 3726 3576; baseline 0.022 -33"><span class='ocrx_word' id='word_1_559' title='bbox 2169 3517 2294 3570; x_wconf 80' lang='grc' dir='ltr'>χνα,</span> <span class='ocrx_word' id='word_1_560' title='bbox 2339 3501 2432 3554; x_wconf 77' lang='grc' dir='ltr'>καὶ</span> <span class='ocrx_word' id='word_1_561' title='bbox 2471 3502 2663 3574; x_wconf 83' lang='grc' dir='ltr'>μόρια,</span> <span class='ocrx_word' id='word_1_562' title='bbox 2693 3504 2791 3557; x_wconf 81' lang='grc' dir='ltr'>καὶ</span> <span class='ocrx_word' id='word_1_563' title='bbox 2821 3506 2883 3558; x_wconf 75' lang='grc' dir='ltr'>τὸ</span> <span class='ocrx_word' id='word_1_564' title='bbox 2916 3506 3016 3576; x_wconf 85' lang='grc' dir='ltr'>τῆς</span> <span class='ocrx_word' id='word_1_565' title='bbox 3047 3506 3403 3574; x_wconf 80' lang='grc' dir='ltr'>διαπλάσεως</span> <span class='ocrx_word' id='word_1_566' title='bbox 3431 3511 3635 3573; x_wconf 77' lang='grc' dir='ltr'>κάλλος,</span> <span class='ocrx_word' id='word_1_567' title='bbox 3660 3510 3726 3574; x_wconf 58' lang='grc' dir='ltr'><strong>ἔν’</strong></span> 
     </span>
    </p>
   </div>
   <div class='ocr_carea' id='block_1_80' title="bbox 2170 3593 3726 3674">
    <p class='ocr_par' dir='ltr' id='par_1_80' title="bbox 2170 3593 3726 3674">
     <span class='ocr_line' id='line_1_80' title="bbox 2170 3593 3726 3674; baseline 0.01 -30"><span class='ocrx_word' id='word_1_568' title='bbox 2170 3593 2461 3664; x_wconf 67' lang='grc' dir='ltr'>σηπόμενά</span> <span class='ocrx_word' id='word_1_569' title='bbox 2488 3612 2549 3648; x_wconf 90' lang='grc' dir='ltr'><strong>τε</strong></span> <span class='ocrx_word' id='word_1_570' title='bbox 2583 3596 2680 3649; x_wconf 82' lang='grc' dir='ltr'>καὶ</span> <span class='ocrx_word' id='word_1_571' title='bbox 2722 3598 3123 3669; x_wconf 84' lang='grc' dir='ltr'>συνεκρέοντα;</span> <span class='ocrx_word' id='word_1_572' title='bbox 3161 3595 3254 3665; x_wconf 82' lang='grc' dir='ltr'><strong>Οἷς</strong></span> <span class='ocrx_word' id='word_1_573' title='bbox 3298 3603 3514 3674; x_wconf 82' lang='grc' dir='ltr'>ὁμοίως</span> <span class='ocrx_word' id='word_1_574' title='bbox 3539 3605 3726 3659; x_wconf 78' lang='grc' dir='ltr'>ἕκαστος</span> 
     </span>
    </p>
   </div>
   <div class='ocr_carea' id='block_1_81' title="bbox 2170 3683 3725 3760">
    <p class='ocr_par' dir='ltr' id='par_1_81' title="bbox 2170 3683 3725 3760">
     <span class='ocr_line' id='line_1_81' title="bbox 2170 3683 3725 3760; baseline 0.003 -25"><span class='ocrx_word' id='word_1_575' title='bbox 2170 3683 2326 3752; x_wconf 73' lang='grc' dir='ltr'>ἡμῶν</span> <span class='ocrx_word' id='word_1_576' title='bbox 2349 3685 2407 3736; x_wconf 80' lang='grc' dir='ltr'>ἐν</span> <span class='ocrx_word' id='word_1_577' title='bbox 2431 3687 2611 3757; x_wconf 85' lang='grc' dir='ltr'>σοροῖς</span> <span class='ocrx_word' id='word_1_578' title='bbox 2637 3686 2964 3749; x_wconf 80' lang='grc' dir='ltr'>κατα-τεθεὶς</span> <span class='ocrx_word' id='word_1_579' title='bbox 2986 3683 3399 3759; x_wconf 80' lang='grc' dir='ltr'>διαφθείρεται,</span> <span class='ocrx_word' id='word_1_580' title='bbox 3420 3691 3516 3743; x_wconf 73' lang='grc' dir='ltr'><strong>καὶ</strong></span> <span class='ocrx_word' id='word_1_581' title='bbox 3536 3692 3597 3760; x_wconf 78' lang='grc' dir='ltr'>τῇ</span> <span class='ocrx_word' id='word_1_582' title='bbox 3619 3688 3725 3757; x_wconf 76' lang='grc' dir='ltr'>αὐτῇ</span> 
     </span>
    </p>
   </div>
   <div class='ocr_carea' id='block_1_82' title="bbox 2166 3774 3725 3848">
    <p class='ocr_par' dir='ltr' id='par_1_82' title="bbox 2166 3774 3725 3848">
     <span class='ocr_line' id='line_1_82' title="bbox 2166 3774 3725 3848; baseline 0.003 -23"><span class='ocrx_word' id='word_1_583' title='bbox 2166 3774 2277 3827; x_wconf 80' lang='grc' dir='ltr'><strong>τῶν</strong></span> <span class='ocrx_word' id='word_1_584' title='bbox 2332 3775 2636 3845; x_wconf 83' lang='grc' dir='ltr'>σκωλήκων</span> <span class='ocrx_word' id='word_1_585' title='bbox 2679 3775 2819 3847; x_wconf 83' lang='grc' dir='ltr'>βορᾷ</span> <span class='ocrx_word' id='word_1_586' title='bbox 2871 3776 3265 3848; x_wconf 84' lang='grc' dir='ltr'>δαπανώμενος</span> <span class='ocrx_word' id='word_1_587' title='bbox 3314 3780 3532 3836; x_wconf 85' lang='grc' dir='ltr'>λύεται.</span> <span class='ocrx_word' id='word_1_588' title='bbox 3575 3779 3725 3840; x_wconf 77' lang='grc' dir='ltr'>Σύνες,</span> 
     </span>
    </p>
   </div>
   <div class='ocr_carea' id='block_1_83' title="bbox 2166 3867 3726 3945">
    <p class='ocr_par' dir='ltr' id='par_1_83' title="bbox 2166 3867 3726 3945">
     <span class='ocr_line' id='line_1_83' title="bbox 2166 3867 3726 3945; baseline 0 -22"><span class='ocrx_word' id='word_1_589' title='bbox 2166 3867 2446 3940; x_wconf 81' lang='grc' dir='ltr'>ἄνθρωπε,</span> <span class='ocrx_word' id='word_1_590' title='bbox 2476 3868 2537 3920; x_wconf 84' lang='grc' dir='ltr'><strong>τὸ</strong></span> <span class='ocrx_word' id='word_1_591' title='bbox 2562 3868 2895 3939; x_wconf 58' lang='grc' dir='ltr'>λεγόμενον</span> <span class='ocrx_word' id='word_1_592' title='bbox 2928 3870 3226 3942; x_wconf 70' lang='grc' dir='ltr'>περίὸλεψε</span> <span class='ocrx_word' id='word_1_593' title='bbox 3258 3874 3394 3938; x_wconf 81' lang='grc' dir='ltr'>τοὺς</span> <span class='ocrx_word' id='word_1_594' title='bbox 3419 3875 3644 3945; x_wconf 79' lang='grc' dir='ltr'>τάφους·</span> <span class='ocrx_word' id='word_1_595' title='bbox 3669 3871 3726 3923; x_wconf 76' lang='grc' dir='ltr'>ἴδε</span> 
     </span>
    </p>
   </div>
   <div class='ocr_carea' id='block_1_84' title="bbox 2166 3962 3725 4040">
    <p class='ocr_par' dir='ltr' id='par_1_84' title="bbox 2166 3962 3725 4040">
     <span class='ocr_line' id='line_1_84' title="bbox 2166 3962 3725 4040; baseline 0.001 -25"><span class='ocrx_word' id='word_1_596' title='bbox 2166 3962 2233 4015; x_wconf 72' lang='grc' dir='ltr'><strong>τὰ</strong></span> <span class='ocrx_word' id='word_1_597' title='bbox 2279 3962 2417 4015; x_wconf 77' lang='grc' dir='ltr'>ὀστᾶ</span> <span class='ocrx_word' id='word_1_598' title='bbox 2468 3962 2650 4033; x_wconf 76' lang='grc' dir='ltr'>ἡμῶν,</span> <span class='ocrx_word' id='word_1_599' title='bbox 2684 3963 2779 4015; x_wconf 81' lang='grc' dir='ltr'><strong>καὶ</strong></span> <span class='ocrx_word' id='word_1_600' title='bbox 2828 3963 2969 4036; x_wconf 82' lang='grc' dir='ltr'>πρὸς</span> <span class='ocrx_word' id='word_1_601' title='bbox 3013 3966 3209 4020; x_wconf 77' lang='grc' dir='ltr'>ἑαυτὸν</span> <span class='ocrx_word' id='word_1_602' title='bbox 3261 3968 3614 4040; x_wconf 75' lang='grc' dir='ltr'>συστραφεὶς,</span> <span class='ocrx_word' id='word_1_603' title='bbox 3652 3964 3725 4017; x_wconf 80' lang='lat' dir='ltr'><strong>6i-</strong></span> 
     </span>
    </p>
   </div>
   <div class='ocr_carea' id='block_1_85' title="bbox 2168 4054 3725 4129">
    <p class='ocr_par' dir='ltr' id='par_1_85' title="bbox 2168 4054 3725 4129">
     <span class='ocr_line' id='line_1_85' title="bbox 2168 4054 3725 4129; baseline 0.003 -23"><span class='ocrx_word' id='word_1_604' title='bbox 2168 4071 2402 4126; x_wconf 77' lang='grc' dir='ltr'>κρυσονο</span> <span class='ocrx_word' id='word_1_605' title='bbox 2446 4054 2706 4120; x_wconf 79' lang='grc' dir='ltr'>στέναξον</span> <span class='ocrx_word' id='word_1_606' title='bbox 2745 4057 2809 4109; x_wconf 81' lang='grc' dir='ltr'>ὲκ</span> <span class='ocrx_word' id='word_1_607' title='bbox 2836 4055 3062 4127; x_wconf 16' lang='grc' dir='ltr'>,βάθους</span> <span class='ocrx_word' id='word_1_608' title='bbox 3111 4057 3278 4129; x_wconf 81' lang='grc' dir='ltr'>μέγα.</span> <span class='ocrx_word' id='word_1_609' title='bbox 3312 4061 3610 4116; x_wconf 82' lang='grc' dir='ltr'>Ταλάνισον</span> <span class='ocrx_word' id='word_1_610' title='bbox 3649 4056 3725 4123; x_wconf 76' lang='grc' dir='ltr'><strong>τὴν</strong></span> 
     </span>
    </p>
   </div>
   <div class='ocr_carea' id='block_1_86' title="bbox 2165 4147 3720 4219">
    <p class='ocr_par' dir='ltr' id='par_1_86' title="bbox 2165 4147 3720 4219">
     <span class='ocr_line' id='line_1_86' title="bbox 2165 4147 3720 4219; baseline 0.005 -20"><span class='ocrx_word' id='word_1_611' title='bbox 2165 4147 2522 4219; x_wconf 71' lang='grc' dir='ltr'>ἀνθρωπίνην</span> <span class='ocrx_word' id='word_1_612' title='bbox 2579 4148 2882 4212; x_wconf 81' lang='grc' dir='ltr'>εὐτέλειαν,</span> <span class='ocrx_word' id='word_1_613' title='bbox 2942 4150 3097 4204; x_wconf 85' lang='grc' dir='ltr'>ποίου</span> <span class='ocrx_word' id='word_1_614' title='bbox 3150 4152 3246 4205; x_wconf 71' lang='grc' dir='ltr'>τοῦ</span> <span class='ocrx_word' id='word_1_615' title='bbox 3303 4153 3503 4217; x_wconf 80' lang='grc' dir='ltr'>τέλους</span> <span class='ocrx_word' id='word_1_616' title='bbox 3549 4151 3720 4219; x_wconf 66' lang='grc' dir='ltr'>εἴληχε.</span> 
     </span>
    </p>
   </div>
   <div class='ocr_carea' id='block_1_87' title="bbox 2166 4239 3723 4316">
    <p class='ocr_par' dir='ltr' id='par_1_87' title="bbox 2166 4239 3723 4316">
     <span class='ocr_line' id='line_1_87' title="bbox 2166 4239 3723 4316; baseline 0 -23"><span class='ocrx_word' id='word_1_617' title='bbox 2166 4242 2543 4311; x_wconf 78' lang='grc' dir='ltr'>Κατανὸησον,</span> <span class='ocrx_word' id='word_1_618' title='bbox 2596 4242 2689 4293; x_wconf 76' lang='grc' dir='ltr'><strong>καὶ</strong></span> <span class='ocrx_word' id='word_1_619' title='bbox 2714 4242 2775 4295; x_wconf 75' lang='grc' dir='ltr'>εἴ</span> <span class='ocrx_word' id='word_1_620' title='bbox 2805 4241 3051 4305; x_wconf 87' lang='grc' dir='ltr'>δυνατῶς</span> <span class='ocrx_word' id='word_1_621' title='bbox 3109 4242 3278 4314; x_wconf 79' lang='grc' dir='ltr'>ἔχεις,</span> <span class='ocrx_word' id='word_1_622' title='bbox 3316 4245 3611 4316; x_wconf 82' lang='grc' dir='ltr'>διάκρινον,</span> <span class='ocrx_word' id='word_1_623' title='bbox 3651 4239 3723 4293; x_wconf 75' lang='grc' dir='ltr'>καὶ</span> 
     </span>
    </p>
   </div>
   <div class='ocr_carea' id='block_1_88' title="bbox 2164 4332 3719 4407">
    <p class='ocr_par' dir='ltr' id='par_1_88' title="bbox 2164 4332 3719 4407">
     <span class='ocr_line' id='line_1_88' title="bbox 2164 4332 3719 4407; baseline -0.002 -19"><span class='ocrx_word' id='word_1_624' title='bbox 2164 4334 2307 4395; x_wconf 77' lang='grc' dir='ltr'>εἰπὲ,</span> <span class='ocrx_word' id='word_1_625' title='bbox 2337 4334 2421 4397; x_wconf 86' lang='grc' dir='ltr'><strong>τίς</strong></span> <span class='ocrx_word' id='word_1_626' title='bbox 2451 4335 2478 4386; x_wconf 96' lang='lat'><strong>6</strong></span> <span class='ocrx_word' id='word_1_627' title='bbox 2515 4332 2791 4404; x_wconf 79' lang='grc' dir='ltr'>βασιλεὺς,</span> <span class='ocrx_word' id='word_1_628' title='bbox 2827 4335 2911 4399; x_wconf 88' lang='grc' dir='ltr'><strong>τίς</strong></span> <span class='ocrx_word' id='word_1_629' title='bbox 2938 4337 2965 4388; x_wconf 96' lang='lat'><strong>6</strong></span> <span class='ocrx_word' id='word_1_630' title='bbox 3010 4335 3256 4407; x_wconf 73' lang='grc' dir='ltr'>ἰδιώτηςο</span> <span class='ocrx_word' id='word_1_631' title='bbox 3292 4338 3377 4402; x_wconf 79' lang='grc' dir='ltr'><strong>τίς</strong></span> <span class='ocrx_word' id='word_1_632' title='bbox 3418 4340 3446 4391; x_wconf 89' lang='lat'><strong>6</strong></span> <span class='ocrx_word' id='word_1_633' title='bbox 3480 4336 3719 4393; x_wconf 71' lang='grc' dir='ltr'>πλούσιος,</span> 
     </span>
    </p>
   </div>
   <div class='ocr_carea' id='block_1_89' title="bbox 2162 4422 3721 4497">
    <p class='ocr_par' dir='ltr' id='par_1_89' title="bbox 2162 4422 3721 4497">
     <span class='ocr_line' id='line_1_89' title="bbox 2162 4422 3721 4497; baseline -0.001 -20"><span class='ocrx_word' id='word_1_634' title='bbox 2162 4426 2197 4495; x_wconf 82' lang='grc' dir='ltr'>ἢ</span> <span class='ocrx_word' id='word_1_635' title='bbox 2224 4426 2309 4489; x_wconf 87' lang='grc' dir='ltr'><strong>τίς</strong></span> <span class='ocrx_word' id='word_1_636' title='bbox 2337 4427 2364 4479; x_wconf 81' lang='lat'><strong>6</strong></span> <span class='ocrx_word' id='word_1_637' title='bbox 2392 4426 2564 4495; x_wconf 77' lang='grc' dir='ltr'>πένης</span> <span class='ocrx_word' id='word_1_638' title='bbox 2585 4442 2596 4455; x_wconf 82' lang='lat'>&#39;</span> <span class='ocrx_word' id='word_1_639' title='bbox 2640 4427 2723 4490; x_wconf 79' lang='grc' dir='ltr'><strong>τίς</strong></span> <span class='ocrx_word' id='word_1_640' title='bbox 2754 4429 2782 4480; x_wconf 90' lang='lat'><strong>6</strong></span> <span class='ocrx_word' id='word_1_641' title='bbox 2814 4425 3049 4492; x_wconf 77' lang='grc' dir='ltr'>ἔνδοξος,</span> <span class='ocrx_word' id='word_1_642' title='bbox 3088 4429 3122 4497; x_wconf 78' lang='grc' dir='ltr'>ἦ</span> <span class='ocrx_word' id='word_1_643' title='bbox 3155 4428 3240 4492; x_wconf 86' lang='grc' dir='ltr'><strong>τίς</strong></span> <span class='ocrx_word' id='word_1_644' title='bbox 3282 4431 3311 4482; x_wconf 92' lang='lat'><strong>6</strong></span> <span class='ocrx_word' id='word_1_645' title='bbox 3360 4427 3574 4492; x_wconf 71' lang='grc' dir='ltr'>ἄδοξοςσ</span> <span class='ocrx_word' id='word_1_646' title='bbox 3611 4422 3721 4487; x_wconf 74' lang='grc' dir='ltr'>τίςό</span> 
     </span>
    </p>
   </div>
   <div class='ocr_carea' id='block_1_90' title="bbox 2117 1821 2154 1874">
    <p class='ocr_par' dir='ltr' id='par_1_90' title="bbox 2117 1821 2154 1874">
     <span class='ocr_line' id='line_1_90' title="bbox 2117 1821 2154 1874; baseline 0 0"><span class='ocrx_word' id='word_1_647' title='bbox 2117 1821 2154 1874; x_wconf 83' lang='grc' dir='ltr'><strong><em>Β</em></strong></span> 
     </span>
    </p>
   </div>
   <div class='ocr_carea' id='block_1_91' title="bbox 458 4514 2072 4597">
    <p class='ocr_par' dir='ltr' id='par_1_91' title="bbox 458 4524 2046 4597">
     <span class='ocr_line' id='line_1_91' title="bbox 458 4524 2046 4597; baseline -0.001 -17"><span class='ocrx_word' id='word_1_648' title='bbox 458 4525 777 4597; x_wconf 82' lang='lat' dir='ltr'><strong>inglorius;</strong></span> <span class='ocrx_word' id='word_1_649' title='bbox 824 4527 952 4597; x_wconf 90' lang='lat' dir='ltr'><strong>quis</strong></span> <span class='ocrx_word' id='word_1_650' title='bbox 986 4527 1149 4588; x_wconf 87' lang='lat' dir='ltr'><strong>liber,</strong></span> <span class='ocrx_word' id='word_1_651' title='bbox 1189 4527 1387 4596; x_wconf 90' lang='lat' dir='ltr'><strong>quisve</strong></span> <span class='ocrx_word' id='word_1_652' title='bbox 1435 4540 1671 4591; x_wconf 84' lang='lat' dir='ltr'><strong>servus;</strong></span> <span class='ocrx_word' id='word_1_653' title='bbox 1706 4524 1832 4594; x_wconf 89' lang='lat' dir='ltr'><strong>quis</strong></span> <span class='ocrx_word' id='word_1_654' title='bbox 1868 4525 2046 4591; x_wconf 88' lang='lat' dir='ltr'><strong>miles,</strong></span> 
     </span>
    </p>
   </div>
   <div class='ocr_carea' id='block_1_92' title="bbox 2174 4514 3718 4597">
    <p class='ocr_par' dir='ltr' id='par_1_92' title="bbox 2174 4514 3718 4593">
     <span class='ocr_line' id='line_1_92' title="bbox 2174 4514 3718 4593; baseline -0.001 -20"><span class='ocrx_word' id='word_1_655' title='bbox 2174 4520 2472 4592; x_wconf 66' lang='grc' dir='ltr'>ἐλεύθερος,</span> <span class='ocrx_word' id='word_1_656' title='bbox 2521 4519 2554 4591; x_wconf 81' lang='grc' dir='ltr'><strong>ἢ</strong></span> <span class='ocrx_word' id='word_1_657' title='bbox 2613 4521 2697 4583; x_wconf 78' lang='grc' dir='ltr'><strong>τίς</strong></span> <span class='ocrx_word' id='word_1_658' title='bbox 2745 4521 2773 4572; x_wconf 92' lang='lat'><strong>6</strong></span> <span class='ocrx_word' id='word_1_659' title='bbox 2812 4519 3037 4585; x_wconf 81' lang='grc' dir='ltr'>δοῦλος·</span> <span class='ocrx_word' id='word_1_660' title='bbox 3094 4524 3246 4583; x_wconf 86' lang='grc' dir='ltr'>ποῖος</span> <span class='ocrx_word' id='word_1_661' title='bbox 3303 4520 3654 4593; x_wconf 76' lang='grc' dir='ltr'>στρατιώτης.</span> <span class='ocrx_word' id='word_1_662' title='bbox 3693 4514 3718 4582; x_wconf 78' lang='grc' dir='ltr'>ἦ</span> 
     </span>
    </p>
   </div>
   <div class='ocr_carea' id='block_1_93' title="bbox 459 4618 2057 4689">
    <p class='ocr_par' dir='ltr' id='par_1_93' title="bbox 459 4618 2057 4689">
     <span class='ocr_line' id='line_1_93' title="bbox 459 4618 2057 4689; baseline -0.002 -16"><span class='ocrx_word' id='word_1_663' title='bbox 459 4618 656 4689; x_wconf 85' lang='lat' dir='ltr'><strong>quisve</strong></span> <span class='ocrx_word' id='word_1_664' title='bbox 716 4618 826 4673; x_wconf 74' lang='lat' dir='ltr'><strong>duv</strong></span> <span class='ocrx_word' id='word_1_665' title='bbox 879 4620 1198 4685; x_wconf 77' lang='lat' dir='ltr'><strong>exercitus;</strong></span> <span class='ocrx_word' id='word_1_666' title='bbox 1253 4620 1378 4689; x_wconf 91' lang='lat' dir='ltr'><strong>quis</strong></span> <span class='ocrx_word' id='word_1_667' title='bbox 1419 4618 1630 4687; x_wconf 86' lang='lat' dir='ltr'><strong>justus,</strong></span> <span class='ocrx_word' id='word_1_668' title='bbox 1664 4618 1859 4687; x_wconf 87' lang='lat' dir='ltr'><strong>quisve</strong></span> <span class='ocrx_word' id='word_1_669' title='bbox 1885 4632 2057 4684; x_wconf 88' lang='lat' dir='ltr'><strong>rens;</strong></span> 
     </span>
    </p>
   </div>
   <div class='ocr_carea' id='block_1_94' title="bbox 458 4711 2055 4784">
    <p class='ocr_par' dir='ltr' id='par_1_94' title="bbox 458 4711 2055 4784">
     <span class='ocr_line' id='line_1_94' title="bbox 458 4711 2055 4784; baseline -0.004 -15"><span class='ocrx_word' id='word_1_670' title='bbox 458 4712 588 4783; x_wconf 85' lang='lat' dir='ltr'><strong>quis</strong></span> <span class='ocrx_word' id='word_1_671' title='bbox 641 4711 1027 4784; x_wconf 88' lang='lat' dir='ltr'><strong>pbilosoplms,</strong></span> <span class='ocrx_word' id='word_1_672' title='bbox 1080 4713 1281 4783; x_wconf 58' lang='lat' dir='ltr'><strong>quisve</strong></span> <span class='ocrx_word' id='word_1_673' title='bbox 1333 4713 1623 4779; x_wconf 87' lang='lat' dir='ltr'><strong>rusticus;</strong></span> <span class='ocrx_word' id='word_1_674' title='bbox 1667 4712 1794 4780; x_wconf 89' lang='lat' dir='ltr'><strong>quis</strong></span> <span class='ocrx_word' id='word_1_675' title='bbox 1838 4722 2055 4776; x_wconf 85' lang='lat' dir='ltr'><strong>ora&#39;or,</strong></span> 
     </span>
    </p>
   </div>
   <div class='ocr_carea' id='block_1_95' title="bbox 458 4800 2057 4873">
    <p class='ocr_par' dir='ltr' id='par_1_95' title="bbox 458 4800 2057 4873">
     <span class='ocr_line' id='line_1_95' title="bbox 458 4800 2057 4873; baseline 0 -17"><span class='ocrx_word' id='word_1_676' title='bbox 458 4802 653 4871; x_wconf 83' lang='lat' dir='ltr'><strong>quisve</strong></span> <span class='ocrx_word' id='word_1_677' title='bbox 702 4802 1007 4869; x_wconf 84' lang='lat' dir='ltr'><strong>barbarus;</strong></span> <span class='ocrx_word' id='word_1_678' title='bbox 1047 4803 1174 4873; x_wconf 85' lang='lat' dir='ltr'><strong>quis</strong></span> <span class='ocrx_word' id='word_1_679' title='bbox 1230 4801 1540 4868; x_wconf 78' lang='lat' dir='ltr'><strong>Romanus,</strong></span> <span class='ocrx_word' id='word_1_680' title='bbox 1575 4803 1700 4871; x_wconf 90' lang='lat' dir='ltr'><strong>quis</strong></span> <span class='ocrx_word' id='word_1_681' title='bbox 1738 4801 1898 4866; x_wconf 83' lang='lat' dir='ltr'><strong>civis,</strong></span> <span class='ocrx_word' id='word_1_682' title='bbox 1930 4800 2057 4868; x_wconf 88' lang='lat' dir='ltr'><strong>quis</strong></span> 
     </span>
    </p>
   </div>
   <div class='ocr_carea' id='block_1_96' title="bbox 460 4892 2059 4965">
    <p class='ocr_par' dir='ltr' id='par_1_96' title="bbox 460 4892 2059 4965">
     <span class='ocr_line' id='line_1_96' title="bbox 460 4892 2059 4965; baseline -0.001 -16"><span class='ocrx_word' id='word_1_683' title='bbox 460 4896 728 4959; x_wconf 87' lang='lat' dir='ltr'><strong>ruricola,</strong></span> <span class='ocrx_word' id='word_1_684' title='bbox 775 4895 899 4965; x_wconf 88' lang='lat' dir='ltr'><strong>quis</strong></span> <span class='ocrx_word' id='word_1_685' title='bbox 928 4895 1302 4959; x_wconf 73' lang='lat' dir='ltr'><strong>Cltananzeus,</strong></span> <span class='ocrx_word' id='word_1_686' title='bbox 1352 4896 1550 4964; x_wconf 84' lang='lat' dir='ltr'><strong>quisve</strong></span> <span class='ocrx_word' id='word_1_687' title='bbox 1586 4892 1850 4960; x_wconf 70' lang='lat' dir='ltr'><strong>Judmus;</strong></span> <span class='ocrx_word' id='word_1_688' title='bbox 1906 4909 2059 4963; x_wconf 57' lang='lat' dir='ltr'><strong>quae-</strong></span> 
     </span>
    </p>
   </div>
   <div class='ocr_carea' id='block_1_97' title="bbox 459 4984 2056 5057">
    <p class='ocr_par' dir='ltr' id='par_1_97' title="bbox 459 4984 2056 5057">
     <span class='ocr_line' id='line_1_97' title="bbox 459 4984 2056 5057; baseline 0 -17"><span class='ocrx_word' id='word_1_689' title='bbox 459 5001 590 5041; x_wconf 76' lang='lat' dir='ltr'><strong>nam</strong></span> <span class='ocrx_word' id='word_1_690' title='bbox 641 4987 775 5053; x_wconf 83' lang='lat' dir='ltr'><strong>ﬁlia,</strong></span> <span class='ocrx_word' id='word_1_691' title='bbox 816 5002 939 5056; x_wconf 79' lang='lat' dir='ltr'><strong>qua:</strong></span> <span class='ocrx_word' id='word_1_692' title='bbox 980 5001 1205 5057; x_wconf 90' lang='lat' dir='ltr'><strong>parens,</strong></span> <span class='ocrx_word' id='word_1_693' title='bbox 1256 4986 1386 5055; x_wconf 81' lang='lat' dir='ltr'><strong>quis</strong></span> <span class='ocrx_word' id='word_1_694' title='bbox 1425 4995 1604 5054; x_wconf 88' lang='lat' dir='ltr'><strong>pater,</strong></span> <span class='ocrx_word' id='word_1_695' title='bbox 1636 4984 1832 5055; x_wconf 90' lang='lat' dir='ltr'><strong>quisve</strong></span> <span class='ocrx_word' id='word_1_696' title='bbox 1867 4984 2056 5040; x_wconf 73' lang='lat' dir='ltr'><strong>filius?</strong></span> 
     </span>
    </p>
   </div>
   <div class='ocr_carea' id='block_1_98' title="bbox 459 5079 2056 5149">
    <p class='ocr_par' dir='ltr' id='par_1_98' title="bbox 459 5079 2056 5149">
     <span class='ocr_line' id='line_1_98' title="bbox 459 5079 2056 5149; baseline -0.001 -16"><span class='ocrx_word' id='word_1_697' title='bbox 459 5084 528 5133; x_wconf 79' lang='lat' dir='ltr'><strong>At</strong></span> <span class='ocrx_word' id='word_1_698' title='bbox 553 5094 661 5134; x_wconf 90' lang='lat' dir='ltr'><strong>non</strong></span> <span class='ocrx_word' id='word_1_699' title='bbox 709 5082 943 5149; x_wconf 85' lang='lat' dir='ltr'><strong>poteris,</strong></span> <span class='ocrx_word' id='word_1_700' title='bbox 994 5079 1192 5135; x_wconf 90' lang='lat' dir='ltr'><strong>videns</strong></span> <span class='ocrx_word' id='word_1_701' title='bbox 1224 5093 1353 5134; x_wconf 84' lang='lat' dir='ltr'><strong>ossa</strong></span> <span class='ocrx_word' id='word_1_702' title='bbox 1395 5088 1613 5133; x_wconf 89' lang='lat' dir='ltr'><strong>tantum</strong></span> <span class='ocrx_word' id='word_1_703' title='bbox 1651 5079 1821 5145; x_wconf 88' lang='lat' dir='ltr'><strong>nuda,</strong></span> <span class='ocrx_word' id='word_1_704' title='bbox 1856 5096 2056 5149; x_wconf 75' lang='lat' dir='ltr'><strong>(ptem-</strong></span> 
     </span>
    </p>
   </div>
   <div class='ocr_carea' id='block_1_99' title="bbox 458 5171 2056 5243">
    <p class='ocr_par' dir='ltr' id='par_1_99' title="bbox 458 5171 2056 5243">
     <span class='ocr_line' id='line_1_99' title="bbox 458 5171 2056 5243; baseline 0.001 -18"><span class='ocrx_word' id='word_1_705' title='bbox 458 5185 626 5240; x_wconf 88' lang='lat' dir='ltr'><strong>quam</strong></span> <span class='ocrx_word' id='word_1_706' title='bbox 672 5187 866 5228; x_wconf 87' lang='lat' dir='ltr'><strong>eorum</strong></span> <span class='ocrx_word' id='word_1_707' title='bbox 939 5172 1282 5238; x_wconf 87' lang='lat' dir='ltr'><strong>discernere,</strong></span> <span class='ocrx_word' id='word_1_708' title='bbox 1345 5186 1665 5243; x_wconf 86' lang='lat' dir='ltr'><strong>quanquam</strong></span> <span class='ocrx_word' id='word_1_709' title='bbox 1742 5171 2056 5229; x_wconf 79' lang='lat' dir='ltr'><strong>sexcenties</strong></span> 
     </span>
    </p>
   </div>
   <div class='ocr_carea' id='block_1_100' title="bbox 2122 4601 3719 4685">
    <p class='ocr_par' dir='ltr' id='par_1_100' title="bbox 2122 4601 3719 4685">
     <span class='ocr_line' id='line_1_100' title="bbox 2122 4601 3719 4685; baseline -0.002 -19"><span class='ocrx_word' id='word_1_710' title='bbox 2122 4613 2134 4624; x_wconf 83' lang='lat'>&#39;</span> <span class='ocrx_word' id='word_1_711' title='bbox 2165 4616 2318 4677; x_wconf 83' lang='grc' dir='ltr'>ποῖος</span> <span class='ocrx_word' id='word_1_712' title='bbox 2350 4613 2379 4665; x_wconf 89' lang='lat'><strong>6</strong></span> <span class='ocrx_word' id='word_1_713' title='bbox 2413 4601 2908 4683; x_wconf 72' lang='grc' dir='ltr'>στρατιάρχηςοτίς</span> <span class='ocrx_word' id='word_1_714' title='bbox 2929 4613 3210 4678; x_wconf 84' lang='grc' dir='ltr'>ὁδίκαιος.</span> <span class='ocrx_word' id='word_1_715' title='bbox 3237 4614 3269 4685; x_wconf 80' lang='grc' dir='ltr'>ἦ</span> <span class='ocrx_word' id='word_1_716' title='bbox 3305 4616 3391 4680; x_wconf 84' lang='grc' dir='ltr'><strong>τίς</strong></span> <span class='ocrx_word' id='word_1_717' title='bbox 3423 4617 3451 4667; x_wconf 88' lang='lat'><strong>6</strong></span> <span class='ocrx_word' id='word_1_718' title='bbox 3488 4613 3719 4682; x_wconf 65' lang='grc' dir='ltr'>κατάκρι-</span> 
     </span>
    </p>
   </div>
   <div class='ocr_carea' id='block_1_101' title="bbox 2162 4705 3717 4780">
    <p class='ocr_par' dir='ltr' id='par_1_101' title="bbox 2162 4705 3717 4780">
     <span class='ocr_line' id='line_1_101' title="bbox 2162 4705 3717 4780; baseline 0.001 -21"><span class='ocrx_word' id='word_1_719' title='bbox 2162 4725 2252 4770; x_wconf 79' lang='grc' dir='ltr'><strong>τος</strong></span> <span class='ocrx_word' id='word_1_720' title='bbox 2272 4725 2286 4739; x_wconf 78' lang='lat'><strong><em>-</em></strong></span> <span class='ocrx_word' id='word_1_721' title='bbox 2318 4705 2402 4770; x_wconf 86' lang='grc' dir='ltr'><strong>τίς</strong></span> <span class='ocrx_word' id='word_1_722' title='bbox 2426 4709 2452 4759; x_wconf 85' lang='lat'><strong>6</strong></span> <span class='ocrx_word' id='word_1_723' title='bbox 2477 4705 2790 4775; x_wconf 75' lang='grc' dir='ltr'>φιλόσοφος,</span> <span class='ocrx_word' id='word_1_724' title='bbox 2817 4706 2849 4777; x_wconf 75' lang='grc' dir='ltr'>ἦ</span> <span class='ocrx_word' id='word_1_725' title='bbox 2878 4706 2963 4771; x_wconf 82' lang='grc' dir='ltr'><strong>τίς</strong></span> <span class='ocrx_word' id='word_1_726' title='bbox 2992 4709 3020 4761; x_wconf 89' lang='lat'><strong>6</strong></span> <span class='ocrx_word' id='word_1_727' title='bbox 3051 4709 3315 4780; x_wconf 81' lang='grc' dir='ltr'>ἄγροικος</span> <span class='ocrx_word' id='word_1_728' title='bbox 3334 4727 3347 4740; x_wconf 87' lang='grc'><strong>·</strong></span> <span class='ocrx_word' id='word_1_729' title='bbox 3382 4710 3463 4773; x_wconf 84' lang='grc' dir='ltr'><strong>τίς</strong></span> <span class='ocrx_word' id='word_1_730' title='bbox 3492 4710 3520 4761; x_wconf 90' lang='lat'><strong>6</strong></span> <span class='ocrx_word' id='word_1_731' title='bbox 3545 4708 3717 4779; x_wconf 70' lang='grc' dir='ltr'>ῥήτωρ.</span> 
     </span>
    </p>
   </div>
   <div class='ocr_carea' id='block_1_102' title="bbox 2164 4798 3717 4872">
    <p class='ocr_par' dir='ltr' id='par_1_102' title="bbox 2164 4798 3717 4872">
     <span class='ocr_line' id='line_1_102' title="bbox 2164 4798 3717 4872; baseline 0.003 -20"><span class='ocrx_word' id='word_1_732' title='bbox 2164 4801 2197 4872; x_wconf 84' lang='grc' dir='ltr'><strong>ἢ</strong></span> <span class='ocrx_word' id='word_1_733' title='bbox 2233 4800 2316 4863; x_wconf 83' lang='grc' dir='ltr'><strong>τίς</strong></span> <span class='ocrx_word' id='word_1_734' title='bbox 2344 4800 2373 4852; x_wconf 88' lang='lat'><strong>6</strong></span> <span class='ocrx_word' id='word_1_735' title='bbox 2423 4799 2735 4871; x_wconf 69' lang='grc' dir='ltr'>βάρϐαρος·</span> <span class='ocrx_word' id='word_1_736' title='bbox 2786 4799 2871 4863; x_wconf 85' lang='grc' dir='ltr'><strong>τίς</strong></span> <span class='ocrx_word' id='word_1_737' title='bbox 2907 4801 2937 4853; x_wconf 90' lang='lat'><strong>6</strong></span> <span class='ocrx_word' id='word_1_738' title='bbox 2980 4801 3287 4870; x_wconf 78' lang='grc' dir='ltr'>Ῥωμαῖος’</span> <span class='ocrx_word' id='word_1_739' title='bbox 3325 4803 3411 4866; x_wconf 76' lang='grc' dir='ltr'><strong>τίς</strong></span> <span class='ocrx_word' id='word_1_740' title='bbox 3437 4805 3464 4856; x_wconf 94' lang='lat'><strong>6</strong></span> <span class='ocrx_word' id='word_1_741' title='bbox 3507 4798 3717 4866; x_wconf 61' lang='grc' dir='ltr'>πολίτης,</span> 
     </span>
    </p>
   </div>
   <div class='ocr_carea' id='block_1_103' title="bbox 2165 4891 3716 4963">
    <p class='ocr_par' dir='ltr' id='par_1_103' title="bbox 2165 4891 3716 4963">
     <span class='ocr_line' id='line_1_103' title="bbox 2165 4891 3716 4963; baseline -0.003 -17"><span class='ocrx_word' id='word_1_742' title='bbox 2165 4892 2359 4955; x_wconf 71' lang='grc' dir='ltr'>καὶ-είς</span> <span class='ocrx_word' id='word_1_743' title='bbox 2388 4892 2414 4944; x_wconf 90' lang='lat'><strong>6</strong></span> <span class='ocrx_word' id='word_1_744' title='bbox 2442 4891 2688 4963; x_wconf 79' lang='grc' dir='ltr'>ἁγρότης</span> <span class='ocrx_word' id='word_1_745' title='bbox 2707 4908 2720 4921; x_wconf 83' lang='grc'><em>’</em></span> <span class='ocrx_word' id='word_1_746' title='bbox 2742 4892 2826 4956; x_wconf 83' lang='grc' dir='ltr'><strong>τίς</strong></span> <span class='ocrx_word' id='word_1_747' title='bbox 2848 4892 3182 4959; x_wconf 82' lang='grc' dir='ltr'>Χαναναῖος,</span> <span class='ocrx_word' id='word_1_748' title='bbox 3220 4895 3318 4947; x_wconf 82' lang='grc' dir='ltr'>καὶ</span> <span class='ocrx_word' id='word_1_749' title='bbox 3343 4895 3429 4958; x_wconf 84' lang='grc' dir='ltr'><strong>τίς</strong></span> <span class='ocrx_word' id='word_1_750' title='bbox 3463 4891 3716 4950; x_wconf 77' lang='grc' dir='ltr'>Ἰουδαῖος’</span> 
     </span>
    </p>
   </div>
   <div class='ocr_carea' id='block_1_104' title="bbox 2161 4975 3716 5057">
    <p class='ocr_par' dir='ltr' id='par_1_104' title="bbox 2161 4975 3716 5057">
     <span class='ocr_line' id='line_1_104' title="bbox 2161 4975 3716 5057; baseline 0 -20"><span class='ocrx_word' id='word_1_751' title='bbox 2161 4985 2245 5048; x_wconf 89' lang='grc' dir='ltr'><strong>τίς</strong></span> <span class='ocrx_word' id='word_1_752' title='bbox 2282 4986 2315 5055; x_wconf 85' lang='grc' dir='ltr'>ἠ</span> <span class='ocrx_word' id='word_1_753' title='bbox 2365 4984 2645 5055; x_wconf 73' lang='grc' dir='ltr'>τεχθεῖσα,</span> <span class='ocrx_word' id='word_1_754' title='bbox 2678 4984 2763 5048; x_wconf 81' lang='grc' dir='ltr'><strong>τίς</strong></span> <span class='ocrx_word' id='word_1_755' title='bbox 2798 4987 2829 5053; x_wconf 81' lang='grc' dir='ltr'>ἡ</span> <span class='ocrx_word' id='word_1_756' title='bbox 2863 4984 3138 5038; x_wconf 70' lang='grc' dir='ltr'>τεκοῦσα*</span> <span class='ocrx_word' id='word_1_757' title='bbox 3171 4988 3256 5050; x_wconf 85' lang='grc' dir='ltr'><strong>τίς</strong></span> <span class='ocrx_word' id='word_1_758' title='bbox 3301 4988 3330 5039; x_wconf 88' lang='lat'><strong>6</strong></span> <span class='ocrx_word' id='word_1_759' title='bbox 3358 4984 3557 5057; x_wconf 80' lang='grc' dir='ltr'>πατὴρ,</span> <span class='ocrx_word' id='word_1_760' title='bbox 3593 4982 3620 5052; x_wconf 80' lang='grc' dir='ltr'>ἢ</span> <span class='ocrx_word' id='word_1_761' title='bbox 3651 4975 3716 5037; x_wconf 72' lang='grc' dir='ltr'>τίς</span> 
     </span>
    </p>
   </div>
   <div class='ocr_carea' id='block_1_105' title="bbox 2163 5069 3713 5150">
    <p class='ocr_par' dir='ltr' id='par_1_105' title="bbox 2163 5069 3713 5150">
     <span class='ocr_line' id='line_1_105' title="bbox 2163 5069 3713 5150; baseline -0.003 -19"><span class='ocrx_word' id='word_1_762' title='bbox 2163 5080 2192 5131; x_wconf 93' lang='lat'><strong>6</strong></span> <span class='ocrx_word' id='word_1_763' title='bbox 2228 5078 2364 5139; x_wconf 75' lang='grc' dir='ltr'>υίὸς.</span> <span class='ocrx_word' id='word_1_764' title='bbox 2413 5076 2557 5129; x_wconf 75' lang='grc' dir='ltr'>Ἀλλ’</span> <span class='ocrx_word' id='word_1_765' title='bbox 2582 5077 2684 5130; x_wconf 83' lang='grc' dir='ltr'>οὐκ</span> <span class='ocrx_word' id='word_1_766' title='bbox 2726 5076 2794 5131; x_wconf 83' lang='grc' dir='ltr'><strong>ἂν</strong></span> <span class='ocrx_word' id='word_1_767' title='bbox 2824 5078 2992 5150; x_wconf 76' lang='grc' dir='ltr'>ἔχοις,</span> <span class='ocrx_word' id='word_1_768' title='bbox 3026 5080 3213 5150; x_wconf 80' lang='grc' dir='ltr'>γυμνὰ</span> <span class='ocrx_word' id='word_1_769' title='bbox 3247 5078 3410 5147; x_wconf 83' lang='grc' dir='ltr'>μόνον</span> <span class='ocrx_word' id='word_1_770' title='bbox 3439 5076 3592 5130; x_wconf 78' lang='grc' dir='ltr'>ὀστέα</span> <span class='ocrx_word' id='word_1_771' title='bbox 3614 5069 3713 5143; x_wconf 78' lang='grc' dir='ltr'><strong>βλέ-</strong></span> 
     </span>
    </p>
   </div>
   <div class='ocr_carea' id='block_1_106' title="bbox 2166 5171 3710 5246">
    <p class='ocr_par' dir='ltr' id='par_1_106' title="bbox 2166 5171 3710 5246">
     <span class='ocr_line' id='line_1_106' title="bbox 2166 5171 3710 5246; baseline 0.001 -21"><span class='ocrx_word' id='word_1_772' title='bbox 2166 5189 2304 5237; x_wconf 81' lang='grc' dir='ltr'>πων,</span> <span class='ocrx_word' id='word_1_773' title='bbox 2337 5171 2615 5243; x_wconf 83' lang='grc' dir='ltr'>διακρῖναι</span> <span class='ocrx_word' id='word_1_774' title='bbox 2660 5171 2869 5226; x_wconf 81' lang='grc' dir='ltr'>τούτων</span> <span class='ocrx_word' id='word_1_775' title='bbox 2913 5173 3059 5235; x_wconf 81' lang='grc' dir='ltr'>τινὰ,</span> <span class='ocrx_word' id='word_1_776' title='bbox 3108 5173 3214 5228; x_wconf 77' lang='grc' dir='ltr'>κᾶν</span> <span class='ocrx_word' id='word_1_777' title='bbox 3250 5175 3508 5246; x_wconf 76' lang='grc' dir='ltr'>μυριάκις</span> <span class='ocrx_word' id='word_1_778' title='bbox 3548 5172 3710 5240; x_wconf 73' lang='grc' dir='ltr'>εῐπῃς·</span> 
     </span>
    </p>
   </div>
   <div class='ocr_carea' id='block_1_107' title="bbox 1738 5326 2411 5386">
    <p class='ocr_par' dir='ltr' id='par_1_107' title="bbox 1738 5326 2411 5386">
     <span class='ocr_line' id='line_1_107' title="bbox 1738 5326 2411 5386; baseline -0.001 -2"><span class='ocrx_word' id='word_1_779' title='bbox 1738 5326 1979 5384; x_wconf 57' lang='grc' dir='ltr'><strong>ἾΛΒΙᾺΕ</strong></span> <span class='ocrx_word' id='word_1_780' title='bbox 2024 5326 2411 5386; x_wconf 73' lang='lat' dir='ltr'><strong>LECTIONES</strong></span> 
     </span>
    </p>
   </div>
   <div class='ocr_carea' id='block_1_108' title="bbox 531 5417 1265 5494">
    <p class='ocr_par' dir='ltr' id='par_1_108' title="bbox 531 5417 1265 5494">
     <span class='ocr_line' id='line_1_108' title="bbox 531 5417 1265 5494; baseline -0.001 -20"><span class='ocrx_word' id='word_1_781' title='bbox 531 5418 572 5451; x_wconf 82' lang='grc'><strong>⁸⁷</strong></span> <span class='ocrx_word' id='word_1_782' title='bbox 601 5418 742 5474; x_wconf 73' lang='grc' dir='ltr'><em>ἄλλ.</em></span> <span class='ocrx_word' id='word_1_783' title='bbox 777 5420 1030 5494; x_wconf 74' lang='grc' dir='ltr'>ὲγκεχρω</span> <span class='ocrx_word' id='word_1_784' title='bbox 1040 5417 1265 5489; x_wconf 74' lang='grc' dir='ltr'>σμένην.</span> 
     </span>
    </p>
   </div>
   <div class='ocr_carea' id='block_1_109' title="bbox 1759 5506 2422 5565">
    <p class='ocr_par' dir='ltr' id='par_1_109' title="bbox 1759 5506 2422 5565">
     <span class='ocr_line' id='line_1_109' title="bbox 1759 5506 2422 5565; baseline -0.002 -2"><span class='ocrx_word' id='word_1_785' title='bbox 1759 5506 2155 5563; x_wconf 74' lang='lat' dir='ltr'><strong>COMDEFISII</strong></span> <span class='ocrx_word' id='word_1_786' title='bbox 2195 5508 2422 5565; x_wconf 61' lang='lat' dir='ltr'><strong>NOTAE.</strong></span> 
     </span>
    </p>
   </div>
   <div class='ocr_carea' id='block_1_110' title="bbox 490 5602 2058 5670">
    <p class='ocr_par' dir='ltr' id='par_1_110' title="bbox 490 5602 2058 5670">
     <span class='ocr_line' id='line_1_110' title="bbox 490 5602 2058 5670; baseline -0.003 -13"><span class='ocrx_word' id='word_1_787' title='bbox 490 5632 497 5637; x_wconf 89' lang='lat'><strong>-</strong></span> <span class='ocrx_word' id='word_1_788' title='bbox 530 5604 639 5669; x_wconf 81' lang='lat' dir='ltr'><strong>(ll)</strong></span> <span class='ocrx_word' id='word_1_789' title='bbox 672 5603 755 5657; x_wconf 76' lang='lat' dir='ltr'><strong>Ad</strong></span> <span class='ocrx_word' id='word_1_790' title='bbox 790 5613 1133 5659; x_wconf 78' lang='lat' dir='ltr'><strong>monumenta</strong></span> <span class='ocrx_word' id='word_1_791' title='bbox 1169 5604 1224 5659; x_wconf 84' lang='lat' dir='ltr'><strong>in</strong></span> <span class='ocrx_word' id='word_1_792' title='bbox 1251 5602 1525 5659; x_wconf 75' lang='lat' dir='ltr'><strong>suburbiis</strong></span> <span class='ocrx_word' id='word_1_793' title='bbox 1556 5604 1756 5670; x_wconf 78' lang='lat' dir='ltr'><strong>posita.</strong></span> <span class='ocrx_word' id='word_1_794' title='bbox 1804 5602 1898 5654; x_wconf 84' lang='grc' dir='ltr'>Ἐν</span> <span class='ocrx_word' id='word_1_795' title='bbox 1940 5604 2058 5664; x_wconf 85' lang='grc' dir='ltr'>τοῖς</span> 
     </span>
    </p>
   </div>
   <div class='ocr_carea' id='block_1_111' title="bbox 459 5671 2058 5745">
    <p class='ocr_par' dir='ltr' id='par_1_111' title="bbox 459 5671 2058 5745">
     <span class='ocr_line' id='line_1_111' title="bbox 459 5671 2058 5745; baseline -0.001 -17"><span class='ocrx_word' id='word_1_796' title='bbox 459 5677 565 5743; x_wconf 70' lang='grc' dir='ltr'>πρὸ</span> <span class='ocrx_word' id='word_1_797' title='bbox 590 5674 684 5727; x_wconf 83' lang='grc' dir='ltr'>τοῦ</span> <span class='ocrx_word' id='word_1_798' title='bbox 711 5674 916 5739; x_wconf 85' lang='grc' dir='ltr'>ἄστεως</span> <span class='ocrx_word' id='word_1_799' title='bbox 955 5676 1263 5745; x_wconf 77' lang='grc' dir='ltr'>μνημείοις.</span> <span class='ocrx_word' id='word_1_800' title='bbox 1303 5674 1466 5729; x_wconf 86' lang='lat' dir='ltr'><strong>Velut</strong></span> <span class='ocrx_word' id='word_1_801' title='bbox 1492 5674 1558 5726; x_wconf 86' lang='lat' dir='ltr'><strong>ad</strong></span> <span class='ocrx_word' id='word_1_802' title='bbox 1588 5685 1801 5741; x_wconf 77' lang='lat' dir='ltr'><strong>portam</strong></span> <span class='ocrx_word' id='word_1_803' title='bbox 1835 5684 1889 5745; x_wconf 78' lang='lat' dir='ltr'><strong>et</strong></span> <span class='ocrx_word' id='word_1_804' title='bbox 1920 5671 2058 5745; x_wconf 78' lang='lat' dir='ltr'><strong>foris</strong></span> 
     </span>
    </p>
   </div>
   <div class='ocr_carea' id='block_1_112' title="bbox 457 5743 2053 5815">
    <p class='ocr_par' dir='ltr' id='par_1_112' title="bbox 457 5743 2053 5815">
     <span class='ocr_line' id='line_1_112' title="bbox 457 5743 2053 5815; baseline 0 -19"><span class='ocrx_word' id='word_1_805' title='bbox 457 5745 615 5811; x_wconf 73' lang='lat' dir='ltr'><strong>juxta</strong></span> <span class='ocrx_word' id='word_1_806' title='bbox 660 5746 878 5802; x_wconf 77' lang='lat' dir='ltr'><strong>urbem.</strong></span> <span class='ocrx_word' id='word_1_807' title='bbox 946 5743 1260 5800; x_wconf 43' lang='lat' dir='ltr'><strong>lllie&#39;enim</strong></span> <span class='ocrx_word' id='word_1_808' title='bbox 1315 5746 1736 5815; x_wconf 81' lang='lat' dir='ltr'><strong>sepeliebantur</strong></span> <span class='ocrx_word' id='word_1_809' title='bbox 1803 5743 2053 5798; x_wconf 84' lang='lat' dir='ltr'><strong>tidclinm</strong></span> 
     </span>
    </p>
   </div>
   <div class='ocr_carea' id='block_1_113' title="bbox 455 5814 2057 5885">
    <p class='ocr_par' dir='ltr' id='par_1_113' title="bbox 455 5814 2057 5885">
     <span class='ocr_line' id='line_1_113' title="bbox 455 5814 2057 5885; baseline -0.002 -15"><span class='ocrx_word' id='word_1_810' title='bbox 455 5831 716 5885; x_wconf 81' lang='lat' dir='ltr'><strong>corpora,</strong></span> <span class='ocrx_word' id='word_1_811' title='bbox 749 5818 841 5871; x_wconf 73' lang='lat' dir='ltr'><strong>vix</strong></span> <span class='ocrx_word' id='word_1_812' title='bbox 875 5816 932 5872; x_wconf 92' lang='lat' dir='ltr'><strong>in</strong></span> <span class='ocrx_word' id='word_1_813' title='bbox 964 5816 1220 5882; x_wconf 77' lang='lat' dir='ltr'><strong>urbibus,</strong></span> <span class='ocrx_word' id='word_1_814' title='bbox 1250 5819 1568 5872; x_wconf 86' lang='lat' dir='ltr'><strong>vetantibus</strong></span> <span class='ocrx_word' id='word_1_815' title='bbox 1604 5815 1868 5870; x_wconf 70' lang='lat' dir='ltr'><strong>Romanis</strong></span> <span class='ocrx_word' id='word_1_816' title='bbox 1920 5814 2057 5885; x_wconf 71' lang='lat' dir='ltr'><strong>legi-</strong></span> 
     </span>
    </p>
   </div>
   <div class='ocr_carea' id='block_1_114' title="bbox 2168 5598 3701 5681">
    <p class='ocr_par' dir='ltr' id='par_1_114' title="bbox 2168 5598 3701 5681">
     <span class='ocr_line' id='line_1_114' title="bbox 2168 5598 3701 5681; baseline 0.001 -25"><span class='ocrx_word' id='word_1_817' title='bbox 2168 5604 2292 5667; x_wconf 81' lang='lat' dir='ltr'><strong>bus,</strong></span> <span class='ocrx_word' id='word_1_818' title='bbox 2332 5603 2545 5681; x_wconf 78' lang='lat' dir='ltr'><strong>quibus</strong></span> <span class='ocrx_word' id='word_1_819' title='bbox 2576 5614 2759 5681; x_wconf 79' lang='lat' dir='ltr'><strong>tamen</strong></span> <span class='ocrx_word' id='word_1_820' title='bbox 2791 5606 3058 5681; x_wconf 72' lang='lat' dir='ltr'><strong>paulatim</strong></span> <span class='ocrx_word' id='word_1_821' title='bbox 3105 5607 3429 5681; x_wconf 77' lang='lat' dir='ltr'><strong>derogatum</strong></span> <span class='ocrx_word' id='word_1_822' title='bbox 3484 5614 3600 5681; x_wconf 42' lang='lat' dir='ltr'><strong>est.</strong></span> <span class='ocrx_word' id='word_1_823' title='bbox 3624 5598 3701 5681; x_wconf 50' lang='grc' dir='ltr'><strong>μ’</strong></span> 
     </span>
    </p>
   </div>
   <div class='ocr_carea' id='block_1_115' title="bbox 2165 5669 3698 5758">
    <p class='ocr_par' dir='ltr' id='par_1_115' title="bbox 2165 5669 3698 5758">
     <span class='ocr_line' id='line_1_115' title="bbox 2165 5669 3698 5758; baseline 0.007 -33"><span class='ocrx_word' id='word_1_824' title='bbox 2165 5669 2419 5758; x_wconf 65' lang='lat' dir='ltr'><strong>curatius</strong></span> <span class='ocrx_word' id='word_1_825' title='bbox 2465 5675 2533 5731; x_wconf 80' lang='lat' dir='ltr'><strong>tle</strong></span> <span class='ocrx_word' id='word_1_826' title='bbox 2576 5669 2884 5748; x_wconf 48' lang='lat' dir='ltr'><strong>sepulta-ris</strong></span> <span class='ocrx_word' id='word_1_827' title='bbox 2941 5688 3132 5736; x_wconf 82' lang='lat' dir='ltr'><strong>noster</strong></span> <span class='ocrx_word' id='word_1_828' title='bbox 3177 5669 3325 5737; x_wconf 54' lang='lat' dir='ltr'><strong>Govar</strong></span> <span class='ocrx_word' id='word_1_829' title='bbox 3369 5682 3423 5737; x_wconf 89' lang='lat' dir='ltr'><strong>in</strong></span> <span class='ocrx_word' id='word_1_830' title='bbox 3479 5669 3698 5732; x_wconf 58' lang='lat' dir='ltr'><strong>[fut/101W</strong></span> 
     </span>
    </p>
   </div>
   <div class='ocr_carea' id='block_1_116' title="bbox 2161 5762 2314 5815">
    <p class='ocr_par' dir='ltr' id='par_1_116' title="bbox 2161 5762 2314 5815">
     <span class='ocr_line' id='line_1_116' title="bbox 2161 5762 2314 5815; baseline 0.013 -16"><span class='ocrx_word' id='word_1_831' title='bbox 2161 5762 2314 5815; x_wconf 79' lang='lat' dir='ltr'><strong>gms.</strong></span> 
     </span>
    </p>
   </div>
   <div class='ocr_carea' id='block_1_117' title="bbox 2466 5890 2549 5915">
    <p class='ocr_par' dir='ltr' id='par_1_117' title="bbox 2466 5890 2549 5915">
     <span class='ocr_line' id='line_1_117' title="bbox 2466 5890 2549 5915; baseline -0.012 0"><span class='ocrx_word' id='word_1_832' title='bbox 2466 5890 2549 5915; x_wconf 61' lang='lat' dir='ltr'><strong>,.-J</strong></span> 
     </span>
    </p>
   </div>
  </div>
