  <div class='ocr_page' id='page_1' title='image "/cluster/home/n/w/nwhite01/storage/ocr_20150623/97/coo.31924054870013/679.png"; bbox 0 0 3950 6434; ppageno 0'>
   <div class='ocr_carea' id='block_1_1' title="bbox 481 322 3701 416">
    <p class='ocr_par' dir='ltr' id='par_1_1' title="bbox 481 322 3701 416">
     <span class='ocr_line' id='line_1_1' title="bbox 481 322 3701 416; baseline 0.003 -29"><span class='ocrx_word' id='word_1_1' title='bbox 481 322 620 388; x_wconf 83' lang='lat'><strong>1295</strong></span> <span class='ocrx_word' id='word_1_2' title='bbox 702 392 713 403; x_wconf 68' lang='grc'><strong>,</strong></span> <span class='ocrx_word' id='word_1_3' title='bbox 1674 329 1737 392; x_wconf 92' lang='lat' dir='ltr'><strong>s.</strong></span> <span class='ocrx_word' id='word_1_4' title='bbox 1767 331 2098 393; x_wconf 56' lang='lat' dir='ltr'><strong>unum</strong></span> <span class='ocrx_word' id='word_1_5' title='bbox 2137 333 2577 396; x_wconf 69' lang='lat' dir='ltr'><strong>CRETENSIS</strong></span> <span class='ocrx_word' id='word_1_6' title='bbox 3597 349 3701 416; x_wconf 65' lang='lat'><strong>1:95</strong></span> 
     </span>
    </p>
   </div>
   <div class='ocr_carea' id='block_1_2' title="bbox 476 437 2036 530">
    <p class='ocr_par' dir='ltr' id='par_1_2' title="bbox 476 437 2036 513">
     <span class='ocr_line' id='line_1_2' title="bbox 476 437 2036 513; baseline 0.004 -21"><span class='ocrx_word' id='word_1_7' title='bbox 476 437 652 510; x_wconf 83' lang='lat' dir='ltr'><strong>ptioni</strong></span> <span class='ocrx_word' id='word_1_8' title='bbox 700 437 967 500; x_wconf 72' lang='lat' dir='ltr'><strong>obnoxia,</strong></span> <span class='ocrx_word' id='word_1_9' title='bbox 1016 450 1204 507; x_wconf 86' lang='lat' dir='ltr'><strong>parem</strong></span> <span class='ocrx_word' id='word_1_10' title='bbox 1257 438 1543 492; x_wconf 84' lang='lat' dir='ltr'><strong>interitum</strong></span> <span class='ocrx_word' id='word_1_11' title='bbox 1577 441 1852 497; x_wconf 87' lang='lat' dir='ltr'><strong>subeunt:</strong></span> <span class='ocrx_word' id='word_1_12' title='bbox 1881 460 2036 513; x_wconf 32' lang='lat' dir='ltr'><strong>quani</strong></span> 
     </span>
    </p>
   </div>
   <div class='ocr_carea' id='block_1_3' title="bbox 2139 437 3699 530">
    <p class='ocr_par' dir='ltr' id='par_1_3' title="bbox 2162 447 3699 530">
     <span class='ocr_line' id='line_1_3' title="bbox 2162 447 3699 530; baseline 0.005 -32"><span class='ocrx_word' id='word_1_13' title='bbox 2162 447 2262 517; x_wconf 83' lang='grc' dir='ltr'>τῆς</span> <span class='ocrx_word' id='word_1_14' title='bbox 2294 449 2650 511; x_wconf 71' lang='grc' dir='ltr'><strong>ἀναστάσεως</strong></span> <span class='ocrx_word' id='word_1_15' title='bbox 2688 449 2809 518; x_wconf 83' lang='grc' dir='ltr'>Θεῷ</span> <span class='ocrx_word' id='word_1_16' title='bbox 2851 452 3378 522; x_wconf 59' lang='grc' dir='ltr'>συμμορφούμενυν,</span> <span class='ocrx_word' id='word_1_17' title='bbox 3413 456 3505 526; x_wconf 72' lang='grc' dir='ltr'><strong>τὴν</strong></span> <span class='ocrx_word' id='word_1_18' title='bbox 3538 458 3588 512; x_wconf 80' lang='grc' dir='ltr'>ὲν</span> <span class='ocrx_word' id='word_1_19' title='bbox 3622 479 3699 530; x_wconf 70' lang='grc' dir='ltr'><strong>χι.</strong></span> 
     </span>
    </p>
   </div>
   <div class='ocr_carea' id='block_1_4' title="bbox 460 528 2020 609">
    <p class='ocr_par' dir='ltr' id='par_1_4' title="bbox 460 528 2020 602">
     <span class='ocr_line' id='line_1_4' title="bbox 460 528 2020 602; baseline 0.003 -18"><span class='ocrx_word' id='word_1_20' title='bbox 460 538 641 599; x_wconf 81' lang='lat' dir='ltr'><strong>‘quain</strong></span> <span class='ocrx_word' id='word_1_21' title='bbox 691 528 746 582; x_wconf 92' lang='lat' dir='ltr'><strong>in</strong></span> <span class='ocrx_word' id='word_1_22' title='bbox 793 528 978 593; x_wconf 88' lang='lat' dir='ltr'><strong>nobis,</strong></span> <span class='ocrx_word' id='word_1_23' title='bbox 1043 529 1472 585; x_wconf 90' lang='lat' dir='ltr'><strong>resurrectionis</strong></span> <span class='ocrx_word' id='word_1_24' title='bbox 1533 535 1925 602; x_wconf 58' lang='lat' dir='ltr'><strong>praerogativa,</strong></span> <span class='ocrx_word' id='word_1_25' title='bbox 1968 551 2020 589; x_wconf 78' lang='lat' dir='ltr'><strong>re</strong></span> 
     </span>
    </p>
   </div>
   <div class='ocr_carea' id='block_1_5' title="bbox 1322 528 2882 609">
    <p class='ocr_par' dir='ltr' id='par_1_5' title="bbox 1328 529 2882 609">
     <span class='ocr_line' id='line_1_5' title="bbox 1328 529 2882 609; baseline 0.006 -27"><span class='ocrx_word' id='word_1_26' title='bbox 1328 529 1472 585; x_wconf 96' lang='lat' dir='ltr'><strong>ionis</strong></span> <span class='ocrx_word' id='word_1_27' title='bbox 1533 535 1925 602; x_wconf 60' lang='lat' dir='ltr'><strong>praerogativa,</strong></span> <span class='ocrx_word' id='word_1_28' title='bbox 1968 551 2058 589; x_wconf 85' lang='lat' dir='ltr'><strong>res</strong></span> <span class='ocrx_word' id='word_1_29' title='bbox 2172 555 2280 608; x_wconf 83' lang='grc' dir='ltr'>ριτι</span> <span class='ocrx_word' id='word_1_30' title='bbox 2311 538 2510 592; x_wconf 77' lang='grc' dir='ltr'>θέωσιν</span> <span class='ocrx_word' id='word_1_31' title='bbox 2548 538 2882 609; x_wconf 77' lang='grc' dir='ltr'><strong>ἐπιδέχεται.</strong></span> 
     </span>
    </p>
   </div>
   <div class='ocr_carea' id='block_1_6' title="bbox 473 622 3705 713">
    <p class='ocr_par' dir='ltr' id='par_1_6' title="bbox 473 622 3705 713">
     <span class='ocr_line' id='line_1_6' title="bbox 473 622 3705 713; baseline 0.006 -34"><span class='ocrx_word' id='word_1_32' title='bbox 473 624 636 680; x_wconf 88' lang='lat' dir='ltr'><strong>aliter</strong></span> <span class='ocrx_word' id='word_1_33' title='bbox 663 623 913 693; x_wconf 87' lang='lat' dir='ltr'><strong>atquein</strong></span> <span class='ocrx_word' id='word_1_34' title='bbox 965 622 1090 677; x_wconf 89' lang='lat' dir='ltr'><strong>aliis</strong></span> <span class='ocrx_word' id='word_1_35' title='bbox 1135 623 1358 690; x_wconf 89' lang='lat' dir='ltr'><strong>habeat,</strong></span> <span class='ocrx_word' id='word_1_36' title='bbox 1403 625 1497 695; x_wconf 89' lang='lat' dir='ltr'><strong>qui</strong></span> <span class='ocrx_word' id='word_1_37' title='bbox 1536 630 1953 686; x_wconf 77' lang='lat' dir='ltr'><strong>resurrectione</strong></span> <span class='ocrx_word' id='word_1_38' title='bbox 1999 631 2350 689; x_wconf 88' lang='lat' dir='ltr'><strong>instaurante</strong></span> <span class='ocrx_word' id='word_1_39' title='bbox 2383 632 2495 689; x_wconf 85' lang='lat' dir='ltr'><strong>Deo</strong></span> <span class='ocrx_word' id='word_1_40' title='bbox 2550 633 2730 689; x_wconf 77' lang='lat' dir='ltr'><strong>effecii</strong></span> <span class='ocrx_word' id='word_1_41' title='bbox 2769 633 3109 703; x_wconf 88' lang='lat' dir='ltr'><strong>conforines,</strong></span> <span class='ocrx_word' id='word_1_42' title='bbox 3182 637 3446 693; x_wconf 86' lang='lat' dir='ltr'><strong>deitatem</strong></span> <span class='ocrx_word' id='word_1_43' title='bbox 3508 644 3705 713; x_wconf 78' lang='lat' dir='ltr'><strong>recipia-</strong></span> 
     </span>
    </p>
   </div>
   <div class='ocr_carea' id='block_1_7' title="bbox 473 715 2016 786">
    <p class='ocr_par' dir='ltr' id='par_1_7' title="bbox 473 715 2016 786">
     <span class='ocr_line' id='line_1_7' title="bbox 473 715 2016 786; baseline -0.003 -16"><span class='ocrx_word' id='word_1_44' title='bbox 473 730 617 778; x_wconf 88' lang='lat' dir='ltr'><strong>mus,</strong></span> <span class='ocrx_word' id='word_1_45' title='bbox 649 730 770 784; x_wconf 73' lang='lat' dir='ltr'><strong>qute</strong></span> <span class='ocrx_word' id='word_1_46' title='bbox 804 724 887 769; x_wconf 90' lang='lat' dir='ltr'><strong>est</strong></span> <span class='ocrx_word' id='word_1_47' title='bbox 917 715 1118 786; x_wconf 78' lang='lat' dir='ltr'><strong>gratia.</strong></span> <span class='ocrx_word' id='word_1_48' title='bbox 2009 776 2016 782; x_wconf 90' lang='lat'>_</span> 
     </span>
    </p>
   </div>
   <div class='ocr_carea' id='block_1_8' title="bbox 543 809 2103 894">
    <p class='ocr_par' dir='ltr' id='par_1_8' title="bbox 543 809 2057 876">
     <span class='ocr_line' id='line_1_8' title="bbox 543 809 2057 876; baseline 0.003 -11"><span class='ocrx_word' id='word_1_49' title='bbox 543 809 688 865; x_wconf 81' lang='lat' dir='ltr'><strong>Hinc</strong></span> <span class='ocrx_word' id='word_1_50' title='bbox 740 810 935 876; x_wconf 88' lang='lat' dir='ltr'><strong>habes,</strong></span> <span class='ocrx_word' id='word_1_51' title='bbox 969 809 1207 875; x_wconf 84' lang='lat' dir='ltr'><strong>dilecte,</strong></span> <span class='ocrx_word' id='word_1_52' title='bbox 1246 811 1464 867; x_wconf 83' lang='lat' dir='ltr'><strong>miserae</strong></span> <span class='ocrx_word' id='word_1_53' title='bbox 1499 822 1705 868; x_wconf 68' lang='lat' dir='ltr'><strong>nostra:</strong></span> <span class='ocrx_word' id='word_1_54' title='bbox 1739 815 1910 870; x_wconf 89' lang='lat' dir='ltr'><strong>sortis</strong></span> <span class='ocrx_word' id='word_1_55' title='bbox 1959 832 2057 871; x_wconf 45' lang='lat' dir='ltr'><strong>ex‘</strong></span> 
     </span>
    </p>
   </div>
   <div class='ocr_carea' id='block_1_9' title="bbox 2146 809 3706 894">
    <p class='ocr_par' dir='ltr' id='par_1_9' title="bbox 2237 810 3706 894">
     <span class='ocr_line' id='line_1_9' title="bbox 2237 810 3706 894; baseline 0.005 -32"><span class='ocrx_word' id='word_1_56' title='bbox 2237 813 2425 880; x_wconf 79' lang='grc' dir='ltr'>Ἔχεις</span> <span class='ocrx_word' id='word_1_57' title='bbox 2455 810 2732 870; x_wconf 78' lang='grc' dir='ltr'>ἐντεῦθεν,</span> <span class='ocrx_word' id='word_1_58' title='bbox 2770 811 3049 880; x_wconf 82' lang='grc' dir='ltr'>ἁγαπητὲ,</span> <span class='ocrx_word' id='word_1_59' title='bbox 3085 812 3444 886; x_wconf 82' lang='grc' dir='ltr'>βεϐαιοτέραν</span> <span class='ocrx_word' id='word_1_60' title='bbox 3470 821 3563 892; x_wconf 79' lang='grc' dir='ltr'><strong>τῆς</strong></span> <span class='ocrx_word' id='word_1_61' title='bbox 3596 825 3706 894; x_wconf 56' lang='grc' dir='ltr'><strong>ἡμε.</strong></span> 
     </span>
    </p>
   </div>
   <div class='ocr_carea' id='block_1_10' title="bbox 472 876 2032 979">
    <p class='ocr_par' dir='ltr' id='par_1_10' title="bbox 472 902 2032 979">
     <span class='ocr_line' id='line_1_10' title="bbox 472 902 2032 979; baseline 0.004 -22"><span class='ocrx_word' id='word_1_62' title='bbox 472 902 837 973; x_wconf 81' lang='lat' dir='ltr'><strong>ploratiorem</strong></span> <span class='ocrx_word' id='word_1_63' title='bbox 875 904 1299 959; x_wconf 75' lang='lat' dir='ltr'><strong>obscuritatem.</strong></span> <span class='ocrx_word' id='word_1_64' title='bbox 1346 904 1469 959; x_wconf 77' lang='lat' dir='ltr'><strong>Vin‘</strong></span> <span class='ocrx_word' id='word_1_65' title='bbox 1502 912 1559 959; x_wconf 87' lang='lat' dir='ltr'><strong>et</strong></span> <span class='ocrx_word' id='word_1_66' title='bbox 1604 907 1704 961; x_wconf 88' lang='lat' dir='ltr'><strong>hac</strong></span> <span class='ocrx_word' id='word_1_67' title='bbox 1751 908 1849 962; x_wconf 88' lang='lat' dir='ltr'><strong>tibi</strong></span> <span class='ocrx_word' id='word_1_68' title='bbox 1896 910 2032 979; x_wconf 38' lang='lat' dir='ltr'><strong>ignoi</strong></span> 
     </span>
    </p>
   </div>
   <div class='ocr_carea' id='block_1_11' title="bbox 2147 876 3707 979">
    <p class='ocr_par' dir='ltr' id='par_1_11' title="bbox 2160 876 3707 975">
     <span class='ocr_line' id='line_1_11' title="bbox 2160 876 3707 975; baseline 0.012 -22"><span class='ocrx_word' id='word_1_69' title='bbox 2160 903 2330 974; x_wconf 81' lang='grc' dir='ltr'>τέρᾶς</span> <span class='ocrx_word' id='word_1_70' title='bbox 2364 903 2722 972; x_wconf 70' lang='grc' dir='ltr'><strong>περιπετείας</strong></span> <span class='ocrx_word' id='word_1_71' title='bbox 2769 903 2870 973; x_wconf 82' lang='grc' dir='ltr'>τὴν</span> <span class='ocrx_word' id='word_1_72' title='bbox 2907 903 3238 975; x_wconf 82' lang='grc' dir='ltr'>ἀδηλότητα.</span> <span class='ocrx_word' id='word_1_73' title='bbox 3280 907 3473 963; x_wconf 86' lang='grc' dir='ltr'>Βούλει</span> <span class='ocrx_word' id='word_1_74' title='bbox 3513 929 3587 966; x_wconf 90' lang='grc' dir='ltr'><strong>σοι</strong></span> <span class='ocrx_word' id='word_1_75' title='bbox 3614 876 3707 972; x_wconf 48' lang='grc' dir='ltr'>,καὶ</span> 
     </span>
    </p>
   </div>
   <div class='ocr_carea' id='block_1_12' title="bbox 467 993 2027 1073">
    <p class='ocr_par' dir='ltr' id='par_1_12' title="bbox 467 993 2020 1065">
     <span class='ocr_line' id='line_1_12' title="bbox 467 993 2020 1065; baseline 0.003 -16"><span class='ocrx_word' id='word_1_76' title='bbox 467 993 643 1049; x_wconf 88' lang='lat' dir='ltr'><strong>minia</strong></span> <span class='ocrx_word' id='word_1_77' title='bbox 675 995 1189 1065; x_wconf 85' lang='lat' dir='ltr'><strong>ignominiosiorem</strong></span> <span class='ocrx_word' id='word_1_78' title='bbox 1232 996 1506 1050; x_wconf 78' lang='lat' dir='ltr'><strong>vilitatem</strong></span> <span class='ocrx_word' id='word_1_79' title='bbox 1556 999 1894 1053; x_wconf 77' lang='lat' dir='ltr'><strong>ostendam?</strong></span> <span class='ocrx_word' id='word_1_80' title='bbox 1931 1000 2020 1055; x_wconf 79' lang='lat' dir='ltr'><strong>Pri</strong></span> 
     </span>
    </p>
   </div>
   <div class='ocr_carea' id='block_1_13' title="bbox 2146 993 3706 1073">
    <p class='ocr_par' dir='ltr' id='par_1_13' title="bbox 2160 994 3706 1073">
     <span class='ocr_line' id='line_1_13' title="bbox 2160 994 3706 1073; baseline 0.016 -36"><span class='ocrx_word' id='word_1_81' title='bbox 2160 994 2367 1065; x_wconf 80' lang='grc' dir='ltr'><strong>ταύτης</strong></span> <span class='ocrx_word' id='word_1_82' title='bbox 2394 995 2590 1065; x_wconf 77' lang='grc' dir='ltr'><strong>ἑτέραν</strong></span> <span class='ocrx_word' id='word_1_83' title='bbox 2620 994 2783 1060; x_wconf 81' lang='grc' dir='ltr'>δείξω</span> <span class='ocrx_word' id='word_1_84' title='bbox 2814 996 2912 1064; x_wconf 81' lang='grc' dir='ltr'>τῆς</span> <span class='ocrx_word' id='word_1_85' title='bbox 2949 996 3169 1062; x_wconf 77' lang='grc' dir='ltr'><strong>ἀδοξίας</strong></span> <span class='ocrx_word' id='word_1_86' title='bbox 3200 999 3550 1073; x_wconf 81' lang='grc' dir='ltr'>ἁτιμωτέραν</span> <span class='ocrx_word' id='word_1_87' title='bbox 3577 1008 3706 1061; x_wconf 71' lang='grc' dir='ltr'>εὐτέ-</span> 
     </span>
    </p>
   </div>
   <div class='ocr_carea' id='block_1_14' title="bbox 469 1088 2029 1165">
    <p class='ocr_par' dir='ltr' id='par_1_14' title="bbox 469 1088 2024 1164">
     <span class='ocr_line' id='line_1_14' title="bbox 469 1088 2024 1164; baseline 0.004 -23"><span class='ocrx_word' id='word_1_88' title='bbox 469 1102 612 1141; x_wconf 84' lang='lat' dir='ltr'><strong>niam</strong></span> <span class='ocrx_word' id='word_1_89' title='bbox 645 1088 837 1157; x_wconf 81' lang='lat' dir='ltr'><strong>accipe</strong></span> <span class='ocrx_word' id='word_1_90' title='bbox 864 1088 1241 1143; x_wconf 87' lang='lat' dir='ltr'><strong>inconstantis</strong></span> <span class='ocrx_word' id='word_1_91' title='bbox 1288 1099 1489 1142; x_wconf 68' lang='lat' dir='ltr'><strong>nostra:</strong></span> <span class='ocrx_word' id='word_1_92' title='bbox 1533 1091 1827 1160; x_wconf 80' lang='lat' dir='ltr'><strong>vertiginis</strong></span> <span class='ocrx_word' id='word_1_93' title='bbox 1865 1094 2024 1164; x_wconf 86' lang='lat' dir='ltr'><strong>imagi</strong></span> 
     </span>
    </p>
   </div>
   <div class='ocr_carea' id='block_1_15' title="bbox 2145 1088 3705 1165">
    <p class='ocr_par' dir='ltr' id='par_1_15' title="bbox 2161 1089 3705 1165">
     <span class='ocr_line' id='line_1_15' title="bbox 2161 1089 3705 1165; baseline 0.009 -23"><span class='ocrx_word' id='word_1_94' title='bbox 2161 1091 2346 1157; x_wconf 76' lang='grc' dir='ltr'>λειαν;</span> <span class='ocrx_word' id='word_1_95' title='bbox 2377 1090 2523 1143; x_wconf 89' lang='grc' dir='ltr'>Λάϐε</span> <span class='ocrx_word' id='word_1_96' title='bbox 2568 1106 2659 1159; x_wconf 84' lang='grc' dir='ltr'><strong>μοι</strong></span> <span class='ocrx_word' id='word_1_97' title='bbox 2705 1089 2931 1161; x_wconf 74' lang='grc' dir='ltr'>πρώτην</span> <span class='ocrx_word' id='word_1_98' title='bbox 2960 1091 3148 1144; x_wconf 78' lang='grc' dir='ltr'>είκόνα</span> <span class='ocrx_word' id='word_1_99' title='bbox 3180 1093 3279 1163; x_wconf 82' lang='grc' dir='ltr'>τῆς</span> <span class='ocrx_word' id='word_1_100' title='bbox 3315 1095 3471 1165; x_wconf 79' lang='grc' dir='ltr'>ἡμῶν</span> <span class='ocrx_word' id='word_1_101' title='bbox 3504 1099 3705 1156; x_wconf 81' lang='grc' dir='ltr'>ἀστάτου</span> 
     </span>
    </p>
   </div>
   <div class='ocr_carea' id='block_1_16' title="bbox 466 1181 2026 1259">
    <p class='ocr_par' dir='ltr' id='par_1_16' title="bbox 466 1181 2025 1251">
     <span class='ocr_line' id='line_1_16' title="bbox 466 1181 2025 1251; baseline 0.003 -18"><span class='ocrx_word' id='word_1_102' title='bbox 466 1181 933 1247; x_wconf 88' lang='lat' dir='ltr'><strong>nem;diurnam,</strong></span> <span class='ocrx_word' id='word_1_103' title='bbox 973 1197 1223 1251; x_wconf 85' lang='lat' dir='ltr'><strong>inquam,</strong></span> <span class='ocrx_word' id='word_1_104' title='bbox 1269 1198 1457 1235; x_wconf 85' lang='lat' dir='ltr'><strong>rerum</strong></span> <span class='ocrx_word' id='word_1_105' title='bbox 1512 1184 1662 1237; x_wconf 88' lang='lat' dir='ltr'><strong>velut</strong></span> <span class='ocrx_word' id='word_1_106' title='bbox 1695 1186 2025 1239; x_wconf 79' lang='lat' dir='ltr'><strong>rotationem</strong></span> 
     </span>
    </p>
   </div>
   <div class='ocr_carea' id='block_1_17' title="bbox 2147 1181 3707 1259">
    <p class='ocr_par' dir='ltr' id='par_1_17' title="bbox 2163 1183 3707 1259">
     <span class='ocr_line' id='line_1_17' title="bbox 2163 1183 3707 1259; baseline 0.011 -29"><span class='ocrx_word' id='word_1_107' title='bbox 2163 1184 2529 1253; x_wconf 77' lang='grc' dir='ltr'>περιτροπῆς,</span> <span class='ocrx_word' id='word_1_108' title='bbox 2569 1183 2669 1253; x_wconf 83' lang='grc' dir='ltr'><strong>τὴν</strong></span> <span class='ocrx_word' id='word_1_109' title='bbox 2703 1183 3029 1255; x_wconf 79' lang='grc' dir='ltr'>καθημὲραν</span> <span class='ocrx_word' id='word_1_110' title='bbox 3057 1183 3201 1253; x_wconf 87' lang='grc' dir='ltr'>λέγω</span> <span class='ocrx_word' id='word_1_111' title='bbox 3244 1187 3357 1238; x_wconf 82' lang='grc' dir='ltr'>τῶν</span> <span class='ocrx_word' id='word_1_112' title='bbox 3399 1194 3707 1259; x_wconf 71' lang='grc' dir='ltr'><strong>πραγμάτων</strong></span> 
     </span>
    </p>
   </div>
   <div class='ocr_carea' id='block_1_18' title="bbox 466 1271 2026 1348">
    <p class='ocr_par' dir='ltr' id='par_1_18' title="bbox 466 1271 2023 1342">
     <span class='ocr_line' id='line_1_18' title="bbox 466 1271 2023 1342; baseline 0.004 -17"><span class='ocrx_word' id='word_1_113' title='bbox 466 1271 668 1342; x_wconf 79' lang='lat' dir='ltr'><strong>Illique</strong></span> <span class='ocrx_word' id='word_1_114' title='bbox 703 1275 853 1327; x_wconf 88' lang='lat' dir='ltr'><strong>enim</strong></span> <span class='ocrx_word' id='word_1_115' title='bbox 893 1290 982 1328; x_wconf 84' lang='lat' dir='ltr'><strong>res</strong></span> <span class='ocrx_word' id='word_1_116' title='bbox 1009 1282 1233 1329; x_wconf 75' lang='lat' dir='ltr'><strong>nostras</strong></span> <span class='ocrx_word' id='word_1_117' title='bbox 1268 1274 1480 1327; x_wconf 87' lang='lat' dir='ltr'><strong>videbis</strong></span> <span class='ocrx_word' id='word_1_118' title='bbox 1511 1290 1619 1328; x_wconf 92' lang='lat' dir='ltr'><strong>non</strong></span> <span class='ocrx_word' id='word_1_119' title='bbox 1651 1274 1844 1329; x_wconf 87' lang='lat' dir='ltr'><strong>eodem</strong></span> <span class='ocrx_word' id='word_1_120' title='bbox 1879 1286 2023 1331; x_wconf 85' lang='lat' dir='ltr'><strong>statu</strong></span> 
     </span>
    </p>
   </div>
   <div class='ocr_carea' id='block_1_19' title="bbox 2146 1271 3706 1348">
    <p class='ocr_par' dir='ltr' id='par_1_19' title="bbox 2161 1274 3706 1348">
     <span class='ocr_line' id='line_1_19' title="bbox 2161 1274 3706 1348; baseline 0.005 -19"><span class='ocrx_word' id='word_1_121' title='bbox 2161 1274 2470 1346; x_wconf 80' lang='grc' dir='ltr'>περιφορὰν</span> <span class='ocrx_word' id='word_1_122' title='bbox 2502 1276 2594 1329; x_wconf 59' lang='grc' dir='ltr'><strong>καὶ⁵</strong></span> <span class='ocrx_word' id='word_1_123' title='bbox 2640 1276 2950 1329; x_wconf 84' lang='grc' dir='ltr'>ἀλλοίωσιν.</span> <span class='ocrx_word' id='word_1_124' title='bbox 2999 1276 3165 1348; x_wconf 78' lang='grc' dir='ltr'>Ὁρᾷς</span> <span class='ocrx_word' id='word_1_125' title='bbox 3205 1279 3319 1346; x_wconf 64' lang='grc' dir='ltr'>γᾷιρ</span> <span class='ocrx_word' id='word_1_126' title='bbox 3362 1281 3492 1343; x_wconf 76' lang='grc' dir='ltr'>ἴσως</span> <span class='ocrx_word' id='word_1_127' title='bbox 3534 1283 3623 1335; x_wconf 84' lang='grc' dir='ltr'><strong>οὐκ</strong></span> <span class='ocrx_word' id='word_1_128' title='bbox 3660 1286 3706 1337; x_wconf 76' lang='grc' dir='ltr'>ὲν</span> 
     </span>
    </p>
   </div>
   <div class='ocr_carea' id='block_1_20' title="bbox 463 1366 2023 1443">
    <p class='ocr_par' dir='ltr' id='par_1_20' title="bbox 463 1366 2019 1438">
     <span class='ocr_line' id='line_1_20' title="bbox 463 1366 2019 1438; baseline 0.001 -18"><span class='ocrx_word' id='word_1_129' title='bbox 463 1366 560 1420; x_wconf 87' lang='lat' dir='ltr'><strong>sed</strong></span> <span class='ocrx_word' id='word_1_130' title='bbox 596 1381 718 1434; x_wconf 76' lang='lat' dir='ltr'><strong>quie</strong></span> <span class='ocrx_word' id='word_1_131' title='bbox 744 1366 992 1436; x_wconf 84' lang='lat' dir='ltr'><strong>quotidie</strong></span> <span class='ocrx_word' id='word_1_132' title='bbox 1026 1381 1127 1420; x_wconf 81' lang='lat' dir='ltr'><strong>ceu</strong></span> <span class='ocrx_word' id='word_1_133' title='bbox 1169 1380 1360 1420; x_wconf 87' lang='lat' dir='ltr'><strong>errore</strong></span> <span class='ocrx_word' id='word_1_134' title='bbox 1394 1367 1683 1434; x_wconf 86' lang='lat' dir='ltr'><strong>ferantur;</strong></span> <span class='ocrx_word' id='word_1_135' title='bbox 1723 1377 1888 1438; x_wconf 88' lang='lat' dir='ltr'><strong>atque</strong></span> <span class='ocrx_word' id='word_1_136' title='bbox 1922 1383 2019 1437; x_wconf 81' lang='lat' dir='ltr'><strong>par</strong></span> 
     </span>
    </p>
   </div>
   <div class='ocr_carea' id='block_1_21' title="bbox 2144 1366 3704 1443">
    <p class='ocr_par' dir='ltr' id='par_1_21' title="bbox 2156 1367 3704 1443">
     <span class='ocr_line' id='line_1_21' title="bbox 2156 1367 3704 1443; baseline 0.005 -24"><span class='ocrx_word' id='word_1_137' title='bbox 2156 1367 2339 1435; x_wconf 85' lang='grc' dir='ltr'>ταυτῷ</span> <span class='ocrx_word' id='word_1_138' title='bbox 2367 1367 2437 1420; x_wconf 87' lang='grc' dir='ltr'>τὰ</span> <span class='ocrx_word' id='word_1_139' title='bbox 2478 1368 2756 1438; x_wconf 81' lang='grc' dir='ltr'>ἡμέτερα·</span> <span class='ocrx_word' id='word_1_140' title='bbox 2788 1367 3071 1439; x_wconf 82' lang='grc' dir='ltr'>τηνάλλως</span> <span class='ocrx_word' id='word_1_141' title='bbox 3103 1369 3158 1422; x_wconf 80' lang='grc' dir='ltr'>δὲ</span> <span class='ocrx_word' id='word_1_142' title='bbox 3189 1369 3517 1442; x_wconf 80' lang='grc' dir='ltr'>καθημέραν</span> <span class='ocrx_word' id='word_1_143' title='bbox 3551 1390 3704 1443; x_wconf 85' lang='grc' dir='ltr'>παρα-</span> 
     </span>
    </p>
   </div>
   <div class='ocr_carea' id='block_1_22' title="bbox 460 1458 2020 1529">
    <p class='ocr_par' dir='ltr' id='par_1_22' title="bbox 460 1458 2016 1529">
     <span class='ocr_line' id='line_1_22' title="bbox 460 1458 2016 1529; baseline -0.001 -16"><span class='ocrx_word' id='word_1_144' title='bbox 460 1461 709 1529; x_wconf 88' lang='lat' dir='ltr'><strong>quidem,</strong></span> <span class='ocrx_word' id='word_1_145' title='bbox 738 1459 1022 1528; x_wconf 86' lang='lat' dir='ltr'><strong>susdeque</strong></span> <span class='ocrx_word' id='word_1_146' title='bbox 1055 1458 1395 1512; x_wconf 81' lang='lat' dir='ltr'><strong>instaliiliter</strong></span> <span class='ocrx_word' id='word_1_147' title='bbox 1428 1468 1751 1526; x_wconf 82' lang='lat' dir='ltr'><strong>vertantur;</strong></span> <span class='ocrx_word' id='word_1_148' title='bbox 1786 1473 1915 1529; x_wconf 84' lang='lat' dir='ltr'><strong>pars</strong></span> <span class='ocrx_word' id='word_1_149' title='bbox 1950 1474 2016 1512; x_wconf 88' lang='lat' dir='ltr'><strong>au</strong></span> 
     </span>
    </p>
   </div>
   <div class='ocr_carea' id='block_1_23' title="bbox 2143 1458 3703 1529">
    <p class='ocr_par' dir='ltr' id='par_1_23' title="bbox 2155 1458 3703 1528">
     <span class='ocr_line' id='line_1_23' title="bbox 2155 1458 3703 1528; baseline 0.004 -17"><span class='ocrx_word' id='word_1_150' title='bbox 2155 1459 2505 1528; x_wconf 85' lang='grc' dir='ltr'>τρεπόμενα·</span> <span class='ocrx_word' id='word_1_151' title='bbox 2548 1460 2643 1511; x_wconf 77' lang='grc' dir='ltr'><strong>καὶ</strong></span> <span class='ocrx_word' id='word_1_152' title='bbox 2698 1459 2767 1512; x_wconf 80' lang='grc' dir='ltr'>τὰ</span> <span class='ocrx_word' id='word_1_153' title='bbox 2815 1458 2917 1527; x_wconf 76' lang='grc' dir='ltr'><strong>μὲν</strong></span> <span class='ocrx_word' id='word_1_154' title='bbox 2967 1460 3220 1522; x_wconf 80' lang='grc' dir='ltr'>ἀστάτως</span> <span class='ocrx_word' id='word_1_155' title='bbox 3274 1462 3394 1514; x_wconf 79' lang='grc' dir='ltr'>ἄνω</span> <span class='ocrx_word' id='word_1_156' title='bbox 3451 1463 3542 1516; x_wconf 75' lang='grc' dir='ltr'><strong>καὶ</strong></span> <span class='ocrx_word' id='word_1_157' title='bbox 3581 1467 3703 1518; x_wconf 79' lang='grc' dir='ltr'>κάτω</span> 
     </span>
    </p>
   </div>
   <div class='ocr_carea' id='block_1_24' title="bbox 460 1550 2020 1625">
    <p class='ocr_par' dir='ltr' id='par_1_24' title="bbox 460 1551 2020 1621">
     <span class='ocr_line' id='line_1_24' title="bbox 460 1551 2020 1621; baseline 0 -16"><span class='ocrx_word' id='word_1_158' title='bbox 460 1562 594 1619; x_wconf 82' lang='lat' dir='ltr'><strong>teni,</strong></span> <span class='ocrx_word' id='word_1_159' title='bbox 628 1553 991 1615; x_wconf 80' lang='lat' dir='ltr'><strong>tumultuarie</strong></span> <span class='ocrx_word' id='word_1_160' title='bbox 1034 1552 1300 1620; x_wconf 77' lang='lat' dir='ltr'><strong>nulloque</strong></span> <span class='ocrx_word' id='word_1_161' title='bbox 1332 1551 1545 1606; x_wconf 87' lang='lat' dir='ltr'><strong>delectu</strong></span> <span class='ocrx_word' id='word_1_162' title='bbox 1580 1553 2020 1621; x_wconf 83' lang='lat' dir='ltr'><strong>permisceantur</strong></span> 
     </span>
    </p>
   </div>
   <div class='ocr_carea' id='block_1_25' title="bbox 2137 1550 3697 1625">
    <p class='ocr_par' dir='ltr' id='par_1_25' title="bbox 2156 1550 3697 1625">
     <span class='ocr_line' id='line_1_25' title="bbox 2156 1550 3697 1625; baseline 0.003 -20"><span class='ocrx_word' id='word_1_163' title='bbox 2156 1551 2502 1623; x_wconf 77' lang='grc' dir='ltr'><strong>στρεφόμενα</strong></span> <span class='ocrx_word' id='word_1_164' title='bbox 2522 1569 2534 1583; x_wconf 89' lang='grc'><strong>·</strong></span> <span class='ocrx_word' id='word_1_165' title='bbox 2568 1552 2636 1604; x_wconf 77' lang='grc' dir='ltr'>τὰ</span> <span class='ocrx_word' id='word_1_166' title='bbox 2664 1551 2721 1604; x_wconf 84' lang='grc' dir='ltr'>δὲ</span> <span class='ocrx_word' id='word_1_167' title='bbox 2751 1550 2920 1622; x_wconf 78' lang='grc' dir='ltr'>χύδην</span> <span class='ocrx_word' id='word_1_168' title='bbox 2953 1552 2987 1623; x_wconf 83' lang='grc' dir='ltr'>ἢ</span> <span class='ocrx_word' id='word_1_169' title='bbox 3032 1553 3246 1622; x_wconf 78' lang='grc' dir='ltr'><strong>φύρδην</strong></span> <span class='ocrx_word' id='word_1_170' title='bbox 3277 1555 3697 1625; x_wconf 80' lang='grc' dir='ltr'>ἀναμιγνύμενα,</span> 
     </span>
    </p>
   </div>
   <div class='ocr_carea' id='block_1_26' title="bbox 463 1643 2023 1716">
    <p class='ocr_par' dir='ltr' id='par_1_26' title="bbox 463 1643 2022 1716">
     <span class='ocr_line' id='line_1_26' title="bbox 463 1643 2022 1716; baseline -0.001 -16"><span class='ocrx_word' id='word_1_171' title='bbox 463 1661 565 1701; x_wconf 89' lang='lat' dir='ltr'><strong>nec</strong></span> <span class='ocrx_word' id='word_1_172' title='bbox 611 1660 843 1716; x_wconf 78' lang='lat' dir='ltr'><strong>prorsus</strong></span> <span class='ocrx_word' id='word_1_173' title='bbox 898 1643 1217 1698; x_wconf 82' lang='lat' dir='ltr'><strong>firmitatem</strong></span> <span class='ocrx_word' id='word_1_174' title='bbox 1255 1645 1500 1713; x_wconf 86' lang='lat' dir='ltr'><strong>aliquam</strong></span> <span class='ocrx_word' id='word_1_175' title='bbox 1547 1651 1897 1698; x_wconf 81' lang='lat' dir='ltr'><strong>constantem</strong></span> <span class='ocrx_word' id='word_1_176' title='bbox 1951 1644 2022 1698; x_wconf 90' lang='lat' dir='ltr'><strong>ha</strong></span> 
     </span>
    </p>
   </div>
   <div class='ocr_carea' id='block_1_27' title="bbox 2139 1643 3699 1716">
    <p class='ocr_par' dir='ltr' id='par_1_27' title="bbox 2159 1643 3699 1716">
     <span class='ocr_line' id='line_1_27' title="bbox 2159 1643 3699 1716; baseline 0.002 -18"><span class='ocrx_word' id='word_1_177' title='bbox 2159 1644 2253 1698; x_wconf 69' lang='grc' dir='ltr'>καὶ</span> <span class='ocrx_word' id='word_1_178' title='bbox 2277 1645 2513 1707; x_wconf 78' lang='grc' dir='ltr'><strong>συνόλως</strong></span> <span class='ocrx_word' id='word_1_179' title='bbox 2545 1643 2608 1697; x_wconf 85' lang='grc' dir='ltr'><strong>τὸ</strong></span> <span class='ocrx_word' id='word_1_180' title='bbox 2640 1644 2904 1715; x_wconf 86' lang='grc' dir='ltr'>στάσιμον</span> <span class='ocrx_word' id='word_1_181' title='bbox 2938 1645 3040 1698; x_wconf 85' lang='grc' dir='ltr'><strong>οὐκ</strong></span> <span class='ocrx_word' id='word_1_182' title='bbox 3094 1644 3296 1715; x_wconf 75' lang='grc' dir='ltr'>ἔχοντα</span> <span class='ocrx_word' id='word_1_183' title='bbox 3346 1645 3564 1716; x_wconf 76' lang='grc' dir='ltr'>βέϐαιον</span> <span class='ocrx_word' id='word_1_184' title='bbox 3583 1663 3596 1677; x_wconf 91' lang='grc'><strong>·</strong></span> <span class='ocrx_word' id='word_1_185' title='bbox 3629 1652 3699 1701; x_wconf 77' lang='grc' dir='ltr'>καὶ</span> 
     </span>
    </p>
   </div>
   <div class='ocr_carea' id='block_1_28' title="bbox 462 1724 2022 1809">
    <p class='ocr_par' dir='ltr' id='par_1_28' title="bbox 462 1735 2022 1806">
     <span class='ocr_line' id='line_1_28' title="bbox 462 1735 2022 1806; baseline -0.001 -14"><span class='ocrx_word' id='word_1_186' title='bbox 462 1740 626 1794; x_wconf 90' lang='lat' dir='ltr'><strong>beant</strong></span> <span class='ocrx_word' id='word_1_187' title='bbox 660 1754 675 1790; x_wconf 86' lang='lat'>:</span> <span class='ocrx_word' id='word_1_188' title='bbox 719 1737 967 1806; x_wconf 89' lang='lat' dir='ltr'><strong>mihique</strong></span> <span class='ocrx_word' id='word_1_189' title='bbox 999 1749 1124 1805; x_wconf 68' lang='lat' dir='ltr'><strong>quae</strong></span> <span class='ocrx_word' id='word_1_190' title='bbox 1153 1742 1285 1789; x_wconf 91' lang='lat' dir='ltr'><strong>sunt</strong></span> <span class='ocrx_word' id='word_1_191' title='bbox 1314 1736 1552 1788; x_wconf 89' lang='lat' dir='ltr'><strong>humana</strong></span> <span class='ocrx_word' id='word_1_192' title='bbox 1585 1749 1715 1789; x_wconf 88' lang='lat' dir='ltr'><strong>vere</strong></span> <span class='ocrx_word' id='word_1_193' title='bbox 1746 1735 2022 1791; x_wconf 83' lang='lat' dir='ltr'><strong>deliueant</strong></span> 
     </span>
    </p>
   </div>
   <div class='ocr_carea' id='block_1_29' title="bbox 2138 1724 3698 1809">
    <p class='ocr_par' dir='ltr' id='par_1_29' title="bbox 2154 1724 3698 1809">
     <span class='ocr_line' id='line_1_29' title="bbox 2154 1724 3698 1809; baseline 0.005 -24"><span class='ocrx_word' id='word_1_194' title='bbox 2154 1751 2246 1803; x_wconf 89' lang='grc' dir='ltr'><strong>μοι</strong></span> <span class='ocrx_word' id='word_1_195' title='bbox 2276 1734 2413 1805; x_wconf 72' lang='grc' dir='ltr'>πρὸς</span> <span class='ocrx_word' id='word_1_196' title='bbox 2444 1733 2708 1805; x_wconf 85' lang='grc' dir='ltr'>ἀλήθειαν</span> <span class='ocrx_word' id='word_1_197' title='bbox 2740 1735 2813 1788; x_wconf 75' lang='grc' dir='ltr'><strong>τὰ</strong></span> <span class='ocrx_word' id='word_1_198' title='bbox 2842 1734 2964 1787; x_wconf 77' lang='grc' dir='ltr'>καθ’</span> <span class='ocrx_word' id='word_1_199' title='bbox 3001 1724 3147 1806; x_wconf 58' lang='grc' dir='ltr'>ἡμᾶς</span> <span class='ocrx_word' id='word_1_200' title='bbox 3182 1738 3580 1809; x_wconf 77' lang='grc' dir='ltr'>ὑπογράφοντι.</span> <span class='ocrx_word' id='word_1_201' title='bbox 3610 1743 3698 1794; x_wconf 76' lang='grc' dir='ltr'>πεί-</span> 
     </span>
    </p>
   </div>
   <div class='ocr_carea' id='block_1_30' title="bbox 460 1825 2020 1927">
    <p class='ocr_par' dir='ltr' id='par_1_30' title="bbox 460 1826 2020 1898">
     <span class='ocr_line' id='line_1_30' title="bbox 460 1826 2020 1898; baseline -0.001 -16"><span class='ocrx_word' id='word_1_202' title='bbox 460 1830 623 1885; x_wconf 86' lang='lat' dir='ltr'><strong>lidcm</strong></span> <span class='ocrx_word' id='word_1_203' title='bbox 659 1827 905 1891; x_wconf 81' lang='lat' dir='ltr'><strong>adhibe;</strong></span> <span class='ocrx_word' id='word_1_204' title='bbox 965 1842 1147 1895; x_wconf 81' lang='lat' dir='ltr'><strong>exque</strong></span> <span class='ocrx_word' id='word_1_205' title='bbox 1178 1829 1245 1882; x_wconf 87' lang='lat' dir='ltr'><strong>iis</strong></span> <span class='ocrx_word' id='word_1_206' title='bbox 1275 1842 1396 1895; x_wconf 74' lang='lat' dir='ltr'><strong>qua:</strong></span> <span class='ocrx_word' id='word_1_207' title='bbox 1438 1828 1689 1896; x_wconf 86' lang='lat' dir='ltr'><strong>quotidie</strong></span> <span class='ocrx_word' id='word_1_208' title='bbox 1729 1826 1888 1891; x_wconf 84' lang='lat' dir='ltr'><strong>linnt,</strong></span> <span class='ocrx_word' id='word_1_209' title='bbox 1935 1829 2020 1898; x_wconf 87' lang='lat' dir='ltr'><strong>pla</strong></span> 
     </span>
    </p>
   </div>
   <div class='ocr_carea' id='block_1_31' title="bbox 2136 1825 3696 1927">
    <p class='ocr_par' dir='ltr' id='par_1_31' title="bbox 2151 1825 3696 1901">
     <span class='ocr_line' id='line_1_31' title="bbox 2151 1825 3696 1901; baseline 0.003 -22"><span class='ocrx_word' id='word_1_210' title='bbox 2151 1825 2333 1897; x_wconf 83' lang='grc' dir='ltr'>σθητι,</span> <span class='ocrx_word' id='word_1_211' title='bbox 2395 1830 2493 1880; x_wconf 78' lang='grc' dir='ltr'>καὶ</span> <span class='ocrx_word' id='word_1_212' title='bbox 2538 1827 2626 1881; x_wconf 85' lang='grc' dir='ltr'>διὰ</span> <span class='ocrx_word' id='word_1_213' title='bbox 2669 1828 2778 1881; x_wconf 84' lang='grc' dir='ltr'><strong>τῶν</strong></span> <span class='ocrx_word' id='word_1_214' title='bbox 2824 1830 3100 1900; x_wconf 86' lang='grc' dir='ltr'>ὁσημεραι</span> <span class='ocrx_word' id='word_1_215' title='bbox 3150 1829 3522 1899; x_wconf 72' lang='grc' dir='ltr'><strong>τελουμένων,</strong></span> <span class='ocrx_word' id='word_1_216' title='bbox 3576 1831 3696 1901; x_wconf 77' lang='grc' dir='ltr'>δέχυυ</span> 
     </span>
    </p>
   </div>
   <div class='ocr_carea' id='block_1_32' title="bbox 458 1915 2018 1993">
    <p class='ocr_par' dir='ltr' id='par_1_32' title="bbox 458 1918 2013 1992">
     <span class='ocr_line' id='line_1_32' title="bbox 458 1918 2013 1992; baseline 0.001 -15"><span class='ocrx_word' id='word_1_217' title='bbox 458 1937 587 1977; x_wconf 88' lang='lat' dir='ltr'><strong>nam</strong></span> <span class='ocrx_word' id='word_1_218' title='bbox 629 1921 1018 1992; x_wconf 85' lang='lat' dir='ltr'><strong>probationem</strong></span> <span class='ocrx_word' id='word_1_219' title='bbox 1073 1921 1284 1988; x_wconf 85' lang='lat' dir='ltr'><strong>accipe.</strong></span> <span class='ocrx_word' id='word_1_220' title='bbox 1316 1918 1532 1976; x_wconf 76' lang='lat' dir='ltr'><strong>Videsis</strong></span> <span class='ocrx_word' id='word_1_221' title='bbox 1565 1921 1712 1975; x_wconf 83' lang='lat' dir='ltr'><strong>enim</strong></span> <span class='ocrx_word' id='word_1_222' title='bbox 1738 1962 1752 1986; x_wconf 91' lang='lat'><strong>,</strong></span> <span class='ocrx_word' id='word_1_223' title='bbox 1800 1924 2013 1992; x_wconf 88' lang='lat' dir='ltr'><strong>qualite</strong></span> 
     </span>
    </p>
   </div>
   <div class='ocr_carea' id='block_1_33' title="bbox 2132 1915 3692 1993">
    <p class='ocr_par' dir='ltr' id='par_1_33' title="bbox 2153 1915 3692 1993">
     <span class='ocr_line' id='line_1_33' title="bbox 2153 1915 3692 1993; baseline 0.003 -21"><span class='ocrx_word' id='word_1_224' title='bbox 2153 1920 2301 1990; x_wconf 80' lang='grc' dir='ltr'>σαφῆ</span> <span class='ocrx_word' id='word_1_225' title='bbox 2326 1920 2425 1989; x_wconf 75' lang='grc' dir='ltr'>τὴν</span> <span class='ocrx_word' id='word_1_226' title='bbox 2456 1919 2753 1985; x_wconf 71' lang='grc' dir='ltr'>ἀπόδειξιν.</span> <span class='ocrx_word' id='word_1_227' title='bbox 2797 1920 2903 1975; x_wconf 85' lang='grc' dir='ltr'><strong>Ἴδε</strong></span> <span class='ocrx_word' id='word_1_228' title='bbox 2934 1922 3042 1991; x_wconf 66' lang='grc' dir='ltr'>γὰρ</span> <span class='ocrx_word' id='word_1_229' title='bbox 3080 1915 3171 1975; x_wconf 77' lang='grc' dir='ltr'>οἶα</span> <span class='ocrx_word' id='word_1_230' title='bbox 3198 1922 3296 1974; x_wconf 86' lang='grc' dir='ltr'><strong>νῦν</strong></span> <span class='ocrx_word' id='word_1_231' title='bbox 3346 1923 3417 1976; x_wconf 77' lang='grc' dir='ltr'><strong>τά</strong></span> <span class='ocrx_word' id='word_1_232' title='bbox 3452 1923 3692 1993; x_wconf 75' lang='grc' dir='ltr'>ἡμέτερα·</span> 
     </span>
    </p>
   </div>
   <div class='ocr_carea' id='block_1_34' title="bbox 455 2011 2015 2086">
    <p class='ocr_par' dir='ltr' id='par_1_34' title="bbox 455 2011 2011 2078">
     <span class='ocr_line' id='line_1_34' title="bbox 455 2011 2011 2078; baseline 0.001 -10"><span class='ocrx_word' id='word_1_233' title='bbox 455 2022 646 2069; x_wconf 87' lang='lat' dir='ltr'><strong>nostra</strong></span> <span class='ocrx_word' id='word_1_234' title='bbox 670 2013 938 2067; x_wconf 88' lang='lat' dir='ltr'><strong>habeant.</strong></span> <span class='ocrx_word' id='word_1_235' title='bbox 985 2011 1094 2078; x_wconf 91' lang='lat' dir='ltr'><strong>Qui</strong></span> <span class='ocrx_word' id='word_1_236' title='bbox 1127 2012 1250 2066; x_wconf 89' lang='lat' dir='ltr'><strong>heri</strong></span> <span class='ocrx_word' id='word_1_237' title='bbox 1290 2012 1567 2067; x_wconf 82' lang='lat' dir='ltr'><strong>inauratis</strong></span> <span class='ocrx_word' id='word_1_238' title='bbox 1612 2014 1841 2069; x_wconf 72' lang='lat' dir='ltr'><strong>sedibus</strong></span> <span class='ocrx_word' id='word_1_239' title='bbox 1870 2015 2011 2070; x_wconf 88' lang='lat' dir='ltr'><strong>subii</strong></span> 
     </span>
    </p>
   </div>
   <div class='ocr_carea' id='block_1_35' title="bbox 2136 2011 3696 2086">
    <p class='ocr_par' dir='ltr' id='par_1_35' title="bbox 2148 2013 3696 2086">
     <span class='ocr_line' id='line_1_35' title="bbox 2148 2013 3696 2086; baseline 0.002 -20"><span class='ocrx_word' id='word_1_240' title='bbox 2148 2015 2177 2066; x_wconf 83' lang='lat'><em>6</em></span> <span class='ocrx_word' id='word_1_241' title='bbox 2214 2013 2342 2083; x_wconf 73' lang='grc' dir='ltr'>χθὲς</span> <span class='ocrx_word' id='word_1_242' title='bbox 2365 2013 2676 2084; x_wconf 79' lang='grc' dir='ltr'>ἑπιδίφριος</span> <span class='ocrx_word' id='word_1_243' title='bbox 2699 2013 3159 2085; x_wconf 79' lang='grc' dir='ltr'><strong>χρυσοκολλήτοις</strong></span> <span class='ocrx_word' id='word_1_244' title='bbox 3188 2014 3395 2079; x_wconf 81' lang='grc' dir='ltr'>θώκοις</span> <span class='ocrx_word' id='word_1_245' title='bbox 3430 2016 3696 2086; x_wconf 73' lang='grc' dir='ltr'>ἐνορονιζό-</span> 
     </span>
    </p>
   </div>
   <div class='ocr_carea' id='block_1_36' title="bbox 457 2103 2017 2178">
    <p class='ocr_par' dir='ltr' id='par_1_36' title="bbox 457 2103 2013 2172">
     <span class='ocr_line' id='line_1_36' title="bbox 457 2103 2013 2172; baseline 0.003 -14"><span class='ocrx_word' id='word_1_246' title='bbox 457 2107 561 2160; x_wconf 89' lang='lat' dir='ltr'><strong>mis</strong></span> <span class='ocrx_word' id='word_1_247' title='bbox 589 2118 759 2158; x_wconf 89' lang='lat' dir='ltr'><strong>curru</strong></span> <span class='ocrx_word' id='word_1_248' title='bbox 796 2104 1127 2170; x_wconf 86' lang='lat' dir='ltr'><strong>vehebatur,</strong></span> <span class='ocrx_word' id='word_1_249' title='bbox 1166 2103 1492 2172; x_wconf 86' lang='lat' dir='ltr'><strong>superciliis</strong></span> <span class='ocrx_word' id='word_1_250' title='bbox 1527 2105 1692 2159; x_wconf 83' lang='lat' dir='ltr'><strong>elatis</strong></span> <span class='ocrx_word' id='word_1_251' title='bbox 1726 2105 2013 2162; x_wconf 87' lang='lat' dir='ltr'><strong>l&#39;rontosus</strong></span> 
     </span>
    </p>
   </div>
   <div class='ocr_carea' id='block_1_37' title="bbox 2131 2103 3691 2178">
    <p class='ocr_par' dir='ltr' id='par_1_37' title="bbox 2151 2103 3691 2178">
     <span class='ocr_line' id='line_1_37' title="bbox 2151 2103 3691 2178; baseline 0.001 -21"><span class='ocrx_word' id='word_1_252' title='bbox 2151 2121 2334 2175; x_wconf 86' lang='grc' dir='ltr'>μενος,</span> <span class='ocrx_word' id='word_1_253' title='bbox 2368 2104 2481 2158; x_wconf 83' lang='grc' dir='ltr'>ἄνω</span> <span class='ocrx_word' id='word_1_254' title='bbox 2505 2105 2603 2167; x_wconf 76' lang='grc' dir='ltr'><strong>τὰς</strong></span> <span class='ocrx_word' id='word_1_255' title='bbox 2627 2103 2802 2173; x_wconf 82' lang='grc' dir='ltr'>ὀφρῦς</span> <span class='ocrx_word' id='word_1_256' title='bbox 2829 2104 2991 2175; x_wconf 83' lang='grc' dir='ltr'>ἔχων,</span> <span class='ocrx_word' id='word_1_257' title='bbox 3016 2105 3111 2158; x_wconf 75' lang='grc' dir='ltr'><strong>καὶ</strong></span> <span class='ocrx_word' id='word_1_258' title='bbox 3140 2104 3330 2158; x_wconf 84' lang='grc' dir='ltr'>κυκῶν</span> <span class='ocrx_word' id='word_1_259' title='bbox 3360 2106 3691 2178; x_wconf 79' lang='grc' dir='ltr'>ἀκαρτέρητα,</span> 
     </span>
    </p>
   </div>
   <div class='ocr_carea' id='block_1_38' title="bbox 448 2196 2008 2268">
    <p class='ocr_par' dir='ltr' id='par_1_38' title="bbox 448 2196 2008 2267">
     <span class='ocr_line' id='line_1_38' title="bbox 448 2196 2008 2267; baseline 0.002 -16"><span class='ocrx_word' id='word_1_260' title='bbox 448 2212 578 2267; x_wconf 86' lang='lat' dir='ltr'><strong>que,</strong></span> <span class='ocrx_word' id='word_1_261' title='bbox 628 2196 810 2253; x_wconf 86' lang='lat' dir='ltr'><strong>turbis</strong></span> <span class='ocrx_word' id='word_1_262' title='bbox 857 2212 998 2266; x_wconf 84' lang='lat' dir='ltr'><strong>quas</strong></span> <span class='ocrx_word' id='word_1_263' title='bbox 1029 2197 1215 2251; x_wconf 77' lang='lat' dir='ltr'><strong>ciebat</strong></span> <span class='ocrx_word' id='word_1_264' title='bbox 1256 2197 1630 2254; x_wconf 77' lang='lat' dir='ltr'><strong>intolerabilis</strong></span> <span class='ocrx_word' id='word_1_265' title='bbox 1677 2198 2008 2254; x_wconf 79' lang='lat' dir='ltr'><strong>militaribus</strong></span> 
     </span>
    </p>
   </div>
   <div class='ocr_carea' id='block_1_39' title="bbox 2132 2196 3692 2268">
    <p class='ocr_par' dir='ltr' id='par_1_39' title="bbox 2146 2197 3692 2268">
     <span class='ocr_line' id='line_1_39' title="bbox 2146 2197 3692 2268; baseline 0 -17"><span class='ocrx_word' id='word_1_266' title='bbox 2146 2198 2242 2252; x_wconf 79' lang='grc' dir='ltr'><strong>καὶ</strong></span> <span class='ocrx_word' id='word_1_267' title='bbox 2294 2197 2486 2268; x_wconf 80' lang='grc' dir='ltr'>πλήθει</span> <span class='ocrx_word' id='word_1_268' title='bbox 2541 2198 2839 2266; x_wconf 81' lang='grc' dir='ltr'><strong>ταγμάτων</strong></span> <span class='ocrx_word' id='word_1_269' title='bbox 2883 2197 3443 2268; x_wconf 81' lang='grc' dir='ltr'>περιστοιχούμενος,</span> <span class='ocrx_word' id='word_1_270' title='bbox 3493 2199 3692 2268; x_wconf 75' lang='grc' dir='ltr'>σήμερον</span> 
     </span>
    </p>
   </div>
   <div class='ocr_carea' id='block_1_40' title="bbox 450 2287 2010 2360">
    <p class='ocr_par' dir='ltr' id='par_1_40' title="bbox 450 2289 2007 2359">
     <span class='ocr_line' id='line_1_40' title="bbox 450 2289 2007 2359; baseline 0.003 -18"><span class='ocrx_word' id='word_1_271' title='bbox 450 2305 559 2358; x_wconf 80' lang='lat' dir='ltr'><strong>quo</strong></span> <span class='ocrx_word' id='word_1_272' title='bbox 604 2289 1046 2359; x_wconf 83' lang='lat' dir='ltr'><strong>circumquaque</strong></span> <span class='ocrx_word' id='word_1_273' title='bbox 1094 2289 1439 2359; x_wconf 88' lang='lat' dir='ltr'><strong>stipantibus</strong></span> <span class='ocrx_word' id='word_1_274' title='bbox 1478 2292 1812 2355; x_wconf 89' lang='lat' dir='ltr'><strong>ordinibus,</strong></span> <span class='ocrx_word' id='word_1_275' title='bbox 1875 2294 2007 2347; x_wconf 91' lang='lat' dir='ltr'><strong>hodi</strong></span> 
     </span>
    </p>
   </div>
   <div class='ocr_carea' id='block_1_41' title="bbox 2126 2287 3686 2360">
    <p class='ocr_par' dir='ltr' id='par_1_41' title="bbox 2147 2287 3686 2360">
     <span class='ocr_line' id='line_1_41' title="bbox 2147 2287 3686 2360; baseline -0.002 -18"><span class='ocrx_word' id='word_1_276' title='bbox 2147 2288 2494 2359; x_wconf 86' lang='grc' dir='ltr'>ἐπιτύμϐιος,</span> <span class='ocrx_word' id='word_1_277' title='bbox 2528 2288 3039 2360; x_wconf 50' lang='grc' dir='ltr'>κλσννοφορούμενος,</span> <span class='ocrx_word' id='word_1_278' title='bbox 3071 2288 3342 2358; x_wconf 82' lang='grc' dir='ltr'>σχέτλιος,</span> <span class='ocrx_word' id='word_1_279' title='bbox 3376 2287 3624 2351; x_wconf 73' lang='grc' dir='ltr'>ἐλεεινὸς,</span> <span class='ocrx_word' id='word_1_280' title='bbox 3656 2290 3686 2339; x_wconf 73' lang='grc' dir='ltr'><strong>ἓν</strong></span> 
     </span>
    </p>
   </div>
   <div class='ocr_carea' id='block_1_42' title="bbox 450 2379 2010 2457">
    <p class='ocr_par' dir='ltr' id='par_1_42' title="bbox 450 2382 2007 2454">
     <span class='ocr_line' id='line_1_42' title="bbox 450 2382 2007 2454; baseline 0.003 -17"><span class='ocrx_word' id='word_1_281' title='bbox 450 2382 670 2439; x_wconf 90' lang='lat' dir='ltr'><strong>tumulo</strong></span> <span class='ocrx_word' id='word_1_282' title='bbox 734 2384 1078 2453; x_wconf 87' lang='lat' dir='ltr'><strong>deponitur,</strong></span> <span class='ocrx_word' id='word_1_283' title='bbox 1145 2393 1398 2454; x_wconf 80' lang='lat' dir='ltr'><strong>gestatur</strong></span> <span class='ocrx_word' id='word_1_284' title='bbox 1458 2385 1623 2449; x_wconf 89' lang='lat' dir='ltr'><strong>lecto,</strong></span> <span class='ocrx_word' id='word_1_285' title='bbox 1686 2384 2007 2454; x_wconf 86' lang='lat' dir='ltr'><strong>deploratus</strong></span> 
     </span>
    </p>
   </div>
   <div class='ocr_carea' id='block_1_43' title="bbox 2128 2379 3688 2457">
    <p class='ocr_par' dir='ltr' id='par_1_43' title="bbox 2146 2379 3688 2457">
     <span class='ocr_line' id='line_1_43' title="bbox 2146 2379 3688 2457; baseline 0.024 -23"><span class='ocrx_word' id='word_1_286' title='bbox 2146 2384 2303 2455; x_wconf 63' lang='grc' dir='ltr'>τάφῳ</span> <span class='ocrx_word' id='word_1_287' title='bbox 2323 2384 2515 2452; x_wconf 70' lang='grc' dir='ltr'>νεκρὸς</span> <span class='ocrx_word' id='word_1_288' title='bbox 2544 2383 2916 2450; x_wconf 64' lang='grc' dir='ltr'>ἀπαγόμενθς.</span> <span class='ocrx_word' id='word_1_289' title='bbox 2940 2379 3139 2450; x_wconf 78' lang='grc' dir='ltr'>πλήθει</span> <span class='ocrx_word' id='word_1_290' title='bbox 3170 2381 3567 2457; x_wconf 61' lang='grc' dir='ltr'>κυκλούμενοῦ</span> <span class='ocrx_word' id='word_1_291' title='bbox 3598 2382 3688 2451; x_wconf 63' lang='grc' dir='ltr'><strong>09η·</strong></span> 
     </span>
    </p>
   </div>
   <div class='ocr_carea' id='block_1_44' title="bbox 448 2473 2008 2548">
    <p class='ocr_par' dir='ltr' id='par_1_44' title="bbox 448 2478 2008 2548">
     <span class='ocr_line' id='line_1_44' title="bbox 448 2478 2008 2548; baseline 0.001 -15"><span class='ocrx_word' id='word_1_292' title='bbox 448 2479 812 2543; x_wconf 82' lang='lat' dir='ltr'><strong>miserabilis,</strong></span> <span class='ocrx_word' id='word_1_293' title='bbox 840 2478 908 2533; x_wconf 91' lang='lat' dir='ltr'><strong>ad</strong></span> <span class='ocrx_word' id='word_1_294' title='bbox 939 2479 1262 2548; x_wconf 84' lang='lat' dir='ltr'><strong>sepulcrum</strong></span> <span class='ocrx_word' id='word_1_295' title='bbox 1283 2480 1462 2535; x_wconf 83' lang='lat' dir='ltr'><strong>elatus</strong></span> <span class='ocrx_word' id='word_1_296' title='bbox 1494 2492 1769 2545; x_wconf 87' lang='lat' dir='ltr'><strong>mortuus,</strong></span> <span class='ocrx_word' id='word_1_297' title='bbox 1803 2483 2008 2536; x_wconf 79' lang='lat' dir='ltr'><strong>circum</strong></span> 
     </span>
    </p>
   </div>
   <div class='ocr_carea' id='block_1_45' title="bbox 2126 2473 3686 2548">
    <p class='ocr_par' dir='ltr' id='par_1_45' title="bbox 2146 2473 3686 2547">
     <span class='ocr_line' id='line_1_45' title="bbox 2146 2473 3686 2547; baseline -0.003 -17"><span class='ocrx_word' id='word_1_298' title='bbox 2146 2476 2236 2530; x_wconf 91' lang='grc' dir='ltr'><strong>νού</strong></span> <span class='ocrx_word' id='word_1_299' title='bbox 2246 2493 2407 2547; x_wconf 85' lang='grc' dir='ltr'>μενος</span> <span class='ocrx_word' id='word_1_300' title='bbox 2432 2476 2498 2539; x_wconf 81' lang='grc'><strong>³⁸,</strong></span> <span class='ocrx_word' id='word_1_301' title='bbox 2520 2475 2734 2545; x_wconf 77' lang='grc' dir='ltr'>κηρίοις</span> <span class='ocrx_word' id='word_1_302' title='bbox 2764 2474 3216 2544; x_wconf 74' lang='grc' dir='ltr'>δᾳδουχούμενος,</span> <span class='ocrx_word' id='word_1_303' title='bbox 3251 2477 3349 2526; x_wconf 76' lang='grc' dir='ltr'><strong>καὶ</strong></span> <span class='ocrx_word' id='word_1_304' title='bbox 3380 2474 3499 2545; x_wconf 85' lang='grc' dir='ltr'>μετ’</span> <span class='ocrx_word' id='word_1_305' title='bbox 3527 2473 3686 2540; x_wconf 79' lang='grc' dir='ltr'>ὀλίγον,</span> 
     </span>
    </p>
   </div>
   <div class='ocr_carea' id='block_1_46' title="bbox 446 2564 2006 2644">
    <p class='ocr_par' dir='ltr' id='par_1_46' title="bbox 446 2571 2006 2644">
     <span class='ocr_line' id='line_1_46' title="bbox 446 2571 2006 2644; baseline 0.003 -19"><span class='ocrx_word' id='word_1_306' title='bbox 446 2571 752 2642; x_wconf 72' lang='lat' dir='ltr'><strong>glomerata</strong></span> <span class='ocrx_word' id='word_1_307' title='bbox 790 2571 1176 2637; x_wconf 85' lang='lat' dir='ltr'><strong>multitudine,</strong></span> <span class='ocrx_word' id='word_1_308' title='bbox 1205 2572 1447 2625; x_wconf 88' lang='lat' dir='ltr'><strong>canticis</strong></span> <span class='ocrx_word' id='word_1_309' title='bbox 1478 2572 1811 2642; x_wconf 80' lang='lat' dir='ltr'><strong>lugubribus</strong></span> <span class='ocrx_word' id='word_1_310' title='bbox 1843 2589 2006 2644; x_wconf 79' lang='lat' dir='ltr'><strong>pel-so</strong></span> 
     </span>
    </p>
   </div>
   <div class='ocr_carea' id='block_1_47' title="bbox 2128 2564 3688 2644">
    <p class='ocr_par' dir='ltr' id='par_1_47' title="bbox 2144 2564 3688 2638">
     <span class='ocr_line' id='line_1_47' title="bbox 2144 2564 3688 2638; baseline -0.004 -16"><span class='ocrx_word' id='word_1_311' title='bbox 2144 2572 2280 2638; x_wconf 74' lang='grc' dir='ltr'>πρὸς</span> <span class='ocrx_word' id='word_1_312' title='bbox 2313 2570 2530 2622; x_wconf 79' lang='grc' dir='ltr'>πάντων</span> <span class='ocrx_word' id='word_1_313' title='bbox 2589 2566 2883 2636; x_wconf 76' lang='grc' dir='ltr'>ἀφέμενος.</span> <span class='ocrx_word' id='word_1_314' title='bbox 2939 2564 3158 2638; x_wconf 83' lang='grc' dir='ltr'>Νεκροῦ</span> <span class='ocrx_word' id='word_1_315' title='bbox 3198 2567 3313 2637; x_wconf 69' lang='grc' dir='ltr'><strong>γὰρ</strong></span> <span class='ocrx_word' id='word_1_316' title='bbox 3364 2567 3539 2634; x_wconf 77' lang='grc' dir='ltr'>φίλος,</span> <span class='ocrx_word' id='word_1_317' title='bbox 3593 2567 3688 2634; x_wconf 77' lang='grc' dir='ltr'>ἄχρι</span> 
     </span>
    </p>
   </div>
   <div class='ocr_carea' id='block_1_48' title="bbox 447 2657 2007 2735">
    <p class='ocr_par' dir='ltr' id='par_1_48' title="bbox 447 2664 2007 2735">
     <span class='ocr_line' id='line_1_48' title="bbox 447 2664 2007 2735; baseline 0 -16"><span class='ocrx_word' id='word_1_318' title='bbox 447 2664 738 2728; x_wconf 87' lang='lat' dir='ltr'><strong>nantibus,</strong></span> <span class='ocrx_word' id='word_1_319' title='bbox 799 2664 979 2718; x_wconf 86' lang='lat' dir='ltr'><strong>cereis</strong></span> <span class='ocrx_word' id='word_1_320' title='bbox 1046 2664 1501 2733; x_wconf 69' lang='lat' dir='ltr'><strong>praelucentibus,</strong></span> <span class='ocrx_word' id='word_1_321' title='bbox 1556 2680 1620 2719; x_wconf 86' lang='lat' dir='ltr'><strong>ac</strong></span> <span class='ocrx_word' id='word_1_322' title='bbox 1680 2666 1830 2720; x_wconf 83' lang='lat' dir='ltr'><strong>brevi</strong></span> <span class='ocrx_word' id='word_1_323' title='bbox 1893 2677 2007 2735; x_wconf 68' lang='lat' dir='ltr'><strong>posl</strong></span> 
     </span>
    </p>
   </div>
   <div class='ocr_carea' id='block_1_49' title="bbox 2126 2657 3686 2735">
    <p class='ocr_par' dir='ltr' id='par_1_49' title="bbox 2144 2657 3686 2733">
     <span class='ocr_line' id='line_1_49' title="bbox 2144 2657 3686 2733; baseline -0.006 -17"><span class='ocrx_word' id='word_1_324' title='bbox 2144 2663 2305 2733; x_wconf 85' lang='grc' dir='ltr'>μόνον</span> <span class='ocrx_word' id='word_1_325' title='bbox 2331 2662 2426 2714; x_wconf 86' lang='grc' dir='ltr'><strong>τοῦ</strong></span> <span class='ocrx_word' id='word_1_326' title='bbox 2464 2661 2769 2729; x_wconf 87' lang='grc' dir='ltr'>μνήματος.</span> <span class='ocrx_word' id='word_1_327' title='bbox 2805 2659 2866 2712; x_wconf 89' lang='grc' dir='ltr'>Ὀ</span> <span class='ocrx_word' id='word_1_328' title='bbox 2897 2658 3027 2732; x_wconf 78' lang='grc' dir='ltr'>χθὲς</span> <span class='ocrx_word' id='word_1_329' title='bbox 3070 2657 3520 2727; x_wconf 72' lang='grc' dir='ltr'>εὐφημούμενος,</span> <span class='ocrx_word' id='word_1_330' title='bbox 3554 2658 3686 2727; x_wconf 77' lang='grc' dir='ltr'>σήμε-</span> 
     </span>
    </p>
   </div>
   <div class='ocr_carea' id='block_1_50' title="bbox 443 2751 2003 2829">
    <p class='ocr_par' dir='ltr' id='par_1_50' title="bbox 443 2754 2003 2824">
     <span class='ocr_line' id='line_1_50' title="bbox 443 2754 2003 2824; baseline 0.002 -14"><span class='ocrx_word' id='word_1_331' title='bbox 443 2755 707 2810; x_wconf 85' lang='lat' dir='ltr'><strong>omnibus</strong></span> <span class='ocrx_word' id='word_1_332' title='bbox 736 2754 1204 2824; x_wconf 81' lang='lat' dir='ltr'><strong>relinquentihus.</strong></span> <span class='ocrx_word' id='word_1_333' title='bbox 1235 2755 1451 2824; x_wconf 84' lang='lat' dir='ltr'><strong>Quippe</strong></span> <span class='ocrx_word' id='word_1_334' title='bbox 1493 2757 1766 2811; x_wconf 87' lang='lat' dir='ltr'><strong>demortui</strong></span> <span class='ocrx_word' id='word_1_335' title='bbox 1800 2760 2003 2813; x_wconf 75' lang='lat' dir='ltr'><strong>amicus</strong></span> 
     </span>
    </p>
   </div>
   <div class='ocr_carea' id='block_1_51' title="bbox 2124 2751 3684 2829">
    <p class='ocr_par' dir='ltr' id='par_1_51' title="bbox 2145 2751 3684 2829">
     <span class='ocr_line' id='line_1_51' title="bbox 2145 2751 3684 2829; baseline -0.006 -18"><span class='ocrx_word' id='word_1_336' title='bbox 2145 2775 2237 2829; x_wconf 87' lang='grc' dir='ltr'><strong>ρον</strong></span> <span class='ocrx_word' id='word_1_337' title='bbox 2282 2757 2695 2824; x_wconf 71' lang='grc' dir='ltr'>οἰκτιζόμενος·</span> <span class='ocrx_word' id='word_1_338' title='bbox 2746 2756 2776 2806; x_wconf 87' lang='grc' dir='ltr'>ὁ</span> <span class='ocrx_word' id='word_1_339' title='bbox 2827 2751 2958 2823; x_wconf 78' lang='grc' dir='ltr'>χθὲς</span> <span class='ocrx_word' id='word_1_340' title='bbox 3008 2752 3303 2822; x_wconf 68' lang='grc' dir='ltr'>δυναστείᾳ</span> <span class='ocrx_word' id='word_1_341' title='bbox 3365 2751 3684 2821; x_wconf 75' lang='grc' dir='ltr'>φυσώμενος,</span> 
     </span>
    </p>
   </div>
   <div class='ocr_carea' id='block_1_52' title="bbox 443 2842 2003 2922">
    <p class='ocr_par' dir='ltr' id='par_1_52' title="bbox 443 2846 2003 2919">
     <span class='ocr_line' id='line_1_52' title="bbox 443 2846 2003 2919; baseline 0.002 -17"><span class='ocrx_word' id='word_1_342' title='bbox 443 2849 513 2903; x_wconf 83' lang='lat' dir='ltr'><strong>ad</strong></span> <span class='ocrx_word' id='word_1_343' title='bbox 547 2862 726 2917; x_wconf 82' lang='lat' dir='ltr'><strong>usque</strong></span> <span class='ocrx_word' id='word_1_344' title='bbox 747 2847 925 2901; x_wconf 87' lang='lat' dir='ltr'><strong>solum</strong></span> <span class='ocrx_word' id='word_1_345' title='bbox 951 2847 1291 2916; x_wconf 80' lang='lat' dir='ltr'><strong>sepulcrum.</strong></span> <span class='ocrx_word' id='word_1_346' title='bbox 1325 2846 1498 2914; x_wconf 85' lang='lat' dir='ltr'><strong>Quem</strong></span> <span class='ocrx_word' id='word_1_347' title='bbox 1536 2848 1652 2903; x_wconf 88' lang='lat' dir='ltr'><strong>heri</strong></span> <span class='ocrx_word' id='word_1_348' title='bbox 1691 2848 1888 2904; x_wconf 79' lang='lat' dir='ltr'><strong>faustis</strong></span> <span class='ocrx_word' id='word_1_349' title='bbox 1912 2868 2003 2919; x_wconf 64' lang='lat' dir='ltr'><strong>pro</strong></span> 
     </span>
    </p>
   </div>
   <div class='ocr_carea' id='block_1_53' title="bbox 2123 2842 3683 2922">
    <p class='ocr_par' dir='ltr' id='par_1_53' title="bbox 2141 2842 3683 2922">
     <span class='ocr_line' id='line_1_53' title="bbox 2141 2842 3683 2922; baseline -0.007 -18"><span class='ocrx_word' id='word_1_350' title='bbox 2141 2853 2384 2922; x_wconf 82' lang='grc' dir='ltr'>σήμερον</span> <span class='ocrx_word' id='word_1_351' title='bbox 2419 2846 2705 2919; x_wconf 76' lang='grc' dir='ltr'>ἀρρωστίᾳ</span> <span class='ocrx_word' id='word_1_352' title='bbox 2753 2845 3147 2914; x_wconf 80' lang='grc' dir='ltr'>συνεχόμενος·</span> <span class='ocrx_word' id='word_1_353' title='bbox 3181 2843 3387 2914; x_wconf 80' lang='grc' dir='ltr'><strong>ὁ·χοὲς</strong></span> <span class='ocrx_word' id='word_1_354' title='bbox 3438 2846 3496 2897; x_wconf 79' lang='grc' dir='ltr'>ἐν</span> <span class='ocrx_word' id='word_1_355' title='bbox 3548 2842 3683 2904; x_wconf 83' lang='grc' dir='ltr'>πόλει,</span> 
     </span>
    </p>
   </div>
   <div class='ocr_carea' id='block_1_54' title="bbox 441 2934 2001 3015">
    <p class='ocr_par' dir='ltr' id='par_1_54' title="bbox 441 2938 2001 3009">
     <span class='ocr_line' id='line_1_54' title="bbox 441 2938 2001 3009; baseline 0.001 -14"><span class='ocrx_word' id='word_1_356' title='bbox 441 2938 819 3002; x_wconf 74' lang='lat' dir='ltr'><strong>sequebantur</strong></span> <span class='ocrx_word' id='word_1_357' title='bbox 860 2938 1138 2993; x_wconf 88' lang='lat' dir='ltr'><strong>ominibus</strong></span> <span class='ocrx_word' id='word_1_358' title='bbox 1170 2978 1185 2999; x_wconf 93' lang='lat'><strong>,</strong></span> <span class='ocrx_word' id='word_1_359' title='bbox 1224 2939 1387 2993; x_wconf 90' lang='lat' dir='ltr'><strong>hodie</strong></span> <span class='ocrx_word' id='word_1_360' title='bbox 1430 2939 1735 3009; x_wconf 77' lang='lat' dir='ltr'><strong>deplorant.</strong></span> <span class='ocrx_word' id='word_1_361' title='bbox 1785 2941 1886 3008; x_wconf 88' lang='lat' dir='ltr'><strong>Qui</strong></span> <span class='ocrx_word' id='word_1_362' title='bbox 1922 2943 2001 2997; x_wconf 85' lang='lat' dir='ltr'><strong>hei</strong></span> 
     </span>
    </p>
   </div>
   <div class='ocr_carea' id='block_1_55' title="bbox 2126 2934 3686 3015">
    <p class='ocr_par' dir='ltr' id='par_1_55' title="bbox 2141 2934 3686 3015">
     <span class='ocr_line' id='line_1_55' title="bbox 2141 2934 3686 3015; baseline -0.008 -19"><span class='ocrx_word' id='word_1_363' title='bbox 2141 2944 2385 3015; x_wconf 80' lang='grc' dir='ltr'>σήμερον</span> <span class='ocrx_word' id='word_1_364' title='bbox 2422 2943 2482 2994; x_wconf 79' lang='grc' dir='ltr'>ἐν</span> <span class='ocrx_word' id='word_1_365' title='bbox 2513 2940 2704 3010; x_wconf 80' lang='grc' dir='ltr'>κλίνῃ·</span> <span class='ocrx_word' id='word_1_366' title='bbox 2734 2941 2763 2993; x_wconf 85' lang='grc' dir='ltr'><strong>ὁ</strong></span> <span class='ocrx_word' id='word_1_367' title='bbox 2804 2938 2912 3009; x_wconf 78' lang='grc' dir='ltr'><strong>πρὸ</strong></span> <span class='ocrx_word' id='word_1_368' title='bbox 2953 2936 3152 3009; x_wconf 79' lang='grc' dir='ltr'>μικροῦ</span> <span class='ocrx_word' id='word_1_369' title='bbox 3190 2934 3451 3008; x_wconf 77' lang='grc' dir='ltr'>φοϐερὸς.</span> <span class='ocrx_word' id='word_1_370' title='bbox 3483 2936 3686 3005; x_wconf 73' lang='grc' dir='ltr'>σήμερον</span> 
     </span>
    </p>
   </div>
   <div class='ocr_carea' id='block_1_56' title="bbox 440 3027 2000 3103">
    <p class='ocr_par' dir='ltr' id='par_1_56' title="bbox 440 3029 2000 3102">
     <span class='ocr_line' id='line_1_56' title="bbox 440 3029 2000 3102; baseline 0.001 -17"><span class='ocrx_word' id='word_1_371' title='bbox 440 3031 771 3102; x_wconf 78' lang='lat' dir='ltr'><strong>magistratu</strong></span> <span class='ocrx_word' id='word_1_372' title='bbox 799 3029 1069 3092; x_wconf 86' lang='lat' dir='ltr'><strong>tumebat,</strong></span> <span class='ocrx_word' id='word_1_373' title='bbox 1108 3030 1273 3084; x_wconf 87' lang='lat' dir='ltr'><strong>hodie</strong></span> <span class='ocrx_word' id='word_1_374' title='bbox 1311 3030 1544 3086; x_wconf 85' lang='lat' dir='ltr'><strong>adversa</strong></span> <span class='ocrx_word' id='word_1_375' title='bbox 1586 3034 2000 3101; x_wconf 47' lang='lat' dir='ltr'><strong>teneturaaletu</strong></span> 
     </span>
    </p>
   </div>
   <div class='ocr_carea' id='block_1_57' title="bbox 2124 3027 3684 3103">
    <p class='ocr_par' dir='ltr' id='par_1_57' title="bbox 2139 3027 3684 3103">
     <span class='ocr_line' id='line_1_57' title="bbox 2139 3027 3684 3103; baseline -0.006 -15"><span class='ocrx_word' id='word_1_376' title='bbox 2139 3033 2386 3097; x_wconf 78' lang='grc' dir='ltr'>ὀδωδώς·</span> <span class='ocrx_word' id='word_1_377' title='bbox 2428 3035 2457 3086; x_wconf 87' lang='grc' dir='ltr'><strong>ό</strong></span> <span class='ocrx_word' id='word_1_378' title='bbox 2485 3033 2614 3103; x_wconf 82' lang='grc' dir='ltr'>χθὲς</span> <span class='ocrx_word' id='word_1_379' title='bbox 2647 3032 2873 3102; x_wconf 81' lang='grc' dir='ltr'>ὡραῖος,</span> <span class='ocrx_word' id='word_1_380' title='bbox 2912 3030 3157 3100; x_wconf 85' lang='grc' dir='ltr'>σήμερον</span> <span class='ocrx_word' id='word_1_381' title='bbox 3195 3029 3488 3098; x_wconf 77' lang='grc' dir='ltr'>φευκτέος.</span> <span class='ocrx_word' id='word_1_382' title='bbox 3527 3027 3578 3079; x_wconf 80' lang='grc'><strong>’0</strong></span> <span class='ocrx_word' id='word_1_383' title='bbox 3614 3027 3684 3095; x_wconf 80' lang='grc' dir='ltr'><strong>σή-</strong></span> 
     </span>
    </p>
   </div>
   <div class='ocr_carea' id='block_1_58' title="bbox 438 3118 1998 3199">
    <p class='ocr_par' dir='ltr' id='par_1_58' title="bbox 438 3122 1992 3190">
     <span class='ocr_line' id='line_1_58' title="bbox 438 3122 1992 3190; baseline 0 -10"><span class='ocrx_word' id='word_1_384' title='bbox 438 3126 586 3180; x_wconf 87' lang='lat' dir='ltr'><strong>dine.</strong></span> <span class='ocrx_word' id='word_1_385' title='bbox 623 3122 728 3190; x_wconf 87' lang='lat' dir='ltr'><strong>Qui</strong></span> <span class='ocrx_word' id='word_1_386' title='bbox 763 3122 881 3176; x_wconf 87' lang='lat' dir='ltr'><strong>heri</strong></span> <span class='ocrx_word' id='word_1_387' title='bbox 933 3123 984 3176; x_wconf 89' lang='lat' dir='ltr'><strong>in</strong></span> <span class='ocrx_word' id='word_1_388' title='bbox 1017 3122 1242 3178; x_wconf 84' lang='lat' dir='ltr'><strong>civitate</strong></span> <span class='ocrx_word' id='word_1_389' title='bbox 1274 3134 1418 3189; x_wconf 90' lang='lat' dir='ltr'><strong>erat,</strong></span> <span class='ocrx_word' id='word_1_390' title='bbox 1463 3124 1626 3179; x_wconf 87' lang='lat' dir='ltr'><strong>hodie</strong></span> <span class='ocrx_word' id='word_1_391' title='bbox 1674 3134 1928 3179; x_wconf 83' lang='lat' dir='ltr'><strong>versatur</strong></span> <span class='ocrx_word' id='word_1_392' title='bbox 1979 3128 1992 3180; x_wconf 92' lang='lat' dir='ltr'><strong>i</strong></span> 
     </span>
    </p>
   </div>
   <div class='ocr_carea' id='block_1_59' title="bbox 2122 3118 3682 3199">
    <p class='ocr_par' dir='ltr' id='par_1_59' title="bbox 2141 3118 3682 3199">
     <span class='ocr_line' id='line_1_59' title="bbox 2141 3118 3682 3199; baseline -0.016 -19"><span class='ocrx_word' id='word_1_393' title='bbox 2141 3145 2307 3199; x_wconf 82' lang='grc' dir='ltr'>μερον</span> <span class='ocrx_word' id='word_1_394' title='bbox 2340 3126 2539 3196; x_wconf 79' lang='grc' dir='ltr'>μέγας,</span> <span class='ocrx_word' id='word_1_395' title='bbox 2586 3123 2778 3194; x_wconf 77' lang='grc' dir='ltr'>αὔριον</span> <span class='ocrx_word' id='word_1_396' title='bbox 2830 3122 3038 3193; x_wconf 72' lang='grc' dir='ltr'>μέλαςο</span> <span class='ocrx_word' id='word_1_397' title='bbox 3080 3123 3108 3174; x_wconf 87' lang='grc' dir='ltr'>ὁ</span> <span class='ocrx_word' id='word_1_398' title='bbox 3150 3120 3284 3191; x_wconf 73' lang='grc' dir='ltr'>χθὲς</span> <span class='ocrx_word' id='word_1_399' title='bbox 3318 3123 3380 3174; x_wconf 82' lang='grc' dir='ltr'>ἐν</span> <span class='ocrx_word' id='word_1_400' title='bbox 3420 3122 3569 3188; x_wconf 76' lang='grc' dir='ltr'>οἴκῳ,</span> <span class='ocrx_word' id='word_1_401' title='bbox 3608 3118 3682 3186; x_wconf 65' lang='grc' dir='ltr'><strong>σή.</strong></span> 
     </span>
    </p>
   </div>
   <div class='ocr_carea' id='block_1_60' title="bbox 439 3209 1999 3290">
    <p class='ocr_par' dir='ltr' id='par_1_60' title="bbox 439 3214 1999 3284">
     <span class='ocr_line' id='line_1_60' title="bbox 439 3214 1999 3284; baseline 0.001 -13"><span class='ocrx_word' id='word_1_402' title='bbox 439 3220 604 3273; x_wconf 83' lang='lat' dir='ltr'><strong>lecto.</strong></span> <span class='ocrx_word' id='word_1_403' title='bbox 637 3216 741 3283; x_wconf 89' lang='lat' dir='ltr'><strong>Qui</strong></span> <span class='ocrx_word' id='word_1_404' title='bbox 775 3216 890 3272; x_wconf 90' lang='lat' dir='ltr'><strong>heri</strong></span> <span class='ocrx_word' id='word_1_405' title='bbox 946 3214 1351 3282; x_wconf 64' lang='lat' dir='ltr'><strong>formidabilis,</strong></span> <span class='ocrx_word' id='word_1_406' title='bbox 1381 3217 1541 3271; x_wconf 81' lang='lat' dir='ltr'><strong>hodie</strong></span> <span class='ocrx_word' id='word_1_407' title='bbox 1573 3217 1722 3273; x_wconf 89' lang='lat' dir='ltr'><strong>fetet.</strong></span> <span class='ocrx_word' id='word_1_408' title='bbox 1762 3216 1864 3284; x_wconf 91' lang='lat' dir='ltr'><strong>Qui</strong></span> <span class='ocrx_word' id='word_1_409' title='bbox 1917 3220 1999 3273; x_wconf 85' lang='lat' dir='ltr'><strong>hci</strong></span> 
     </span>
    </p>
   </div>
   <div class='ocr_carea' id='block_1_61' title="bbox 2121 3209 3681 3290">
    <p class='ocr_par' dir='ltr' id='par_1_61' title="bbox 2140 3209 3681 3290">
     <span class='ocr_line' id='line_1_61' title="bbox 2140 3209 3681 3290; baseline -0.02 0"><span class='ocrx_word' id='word_1_410' title='bbox 2140 3236 2310 3290; x_wconf 81' lang='grc' dir='ltr'>μερον</span> <span class='ocrx_word' id='word_1_411' title='bbox 2340 3220 2399 3270; x_wconf 69' lang='grc' dir='ltr'>ὲν</span> <span class='ocrx_word' id='word_1_412' title='bbox 2425 3218 2583 3287; x_wconf 73' lang='grc' dir='ltr'><strong>τάφῳ</strong></span> <span class='ocrx_word' id='word_1_413' title='bbox 2605 3233 2618 3247; x_wconf 80' lang='grc'><strong><em>⁸</em></strong></span> <span class='ocrx_word' id='word_1_414' title='bbox 2656 3218 2685 3270; x_wconf 71' lang='grc' dir='ltr'>ὁ</span> <span class='ocrx_word' id='word_1_415' title='bbox 2719 3214 2846 3287; x_wconf 75' lang='grc' dir='ltr'><strong>χθὲς</strong></span> <span class='ocrx_word' id='word_1_416' title='bbox 2882 3213 3269 3287; x_wconf 70' lang='grc' dir='ltr'>μυριζόμενος,</span> <span class='ocrx_word' id='word_1_417' title='bbox 3320 3214 3559 3283; x_wconf 78' lang='grc' dir='ltr'>σήμερον</span> <span class='ocrx_word' id='word_1_418' title='bbox 3586 3209 3681 3274; x_wconf 77' lang='grc' dir='ltr'><strong>ὀζό-</strong></span> 
     </span>
    </p>
   </div>
   <div class='ocr_carea' id='block_1_62' title="bbox 437 3304 1997 3382">
    <p class='ocr_par' dir='ltr' id='par_1_62' title="bbox 437 3308 1997 3379">
     <span class='ocr_line' id='line_1_62' title="bbox 437 3308 1997 3379; baseline 0.001 -16"><span class='ocrx_word' id='word_1_419' title='bbox 437 3311 747 3379; x_wconf 73' lang='lat' dir='ltr'><strong>speciosus,</strong></span> <span class='ocrx_word' id='word_1_420' title='bbox 801 3308 965 3363; x_wconf 91' lang='lat' dir='ltr'><strong>hodie</strong></span> <span class='ocrx_word' id='word_1_421' title='bbox 1024 3323 1288 3362; x_wconf 85' lang='lat' dir='ltr'><strong>nauseam</strong></span> <span class='ocrx_word' id='word_1_422' title='bbox 1335 3317 1537 3364; x_wconf 87' lang='lat' dir='ltr'><strong>movet.</strong></span> <span class='ocrx_word' id='word_1_423' title='bbox 1584 3309 1688 3377; x_wconf 83' lang='lat' dir='ltr'><strong>Qui</strong></span> <span class='ocrx_word' id='word_1_424' title='bbox 1747 3312 1866 3365; x_wconf 87' lang='lat' dir='ltr'><strong>heri</strong></span> <span class='ocrx_word' id='word_1_425' title='bbox 1914 3327 1997 3365; x_wconf 84' lang='lat' dir='ltr'><strong>ina</strong></span> 
     </span>
    </p>
   </div>
   <div class='ocr_carea' id='block_1_63' title="bbox 2119 3304 3679 3382">
    <p class='ocr_par' dir='ltr' id='par_1_63' title="bbox 2140 3304 3679 3382">
     <span class='ocr_line' id='line_1_63' title="bbox 2140 3304 3679 3382; baseline -0.006 -18"><span class='ocrx_word' id='word_1_426' title='bbox 2140 3329 2324 3382; x_wconf 85' lang='grc' dir='ltr'>μενος,</span> <span class='ocrx_word' id='word_1_427' title='bbox 2356 3311 2452 3363; x_wconf 70' lang='grc' dir='ltr'><strong>καὶ</strong></span> <span class='ocrx_word' id='word_1_428' title='bbox 2482 3309 2786 3379; x_wconf 84' lang='grc' dir='ltr'><strong>σκωλήκων</strong></span> <span class='ocrx_word' id='word_1_429' title='bbox 2815 3306 2996 3378; x_wconf 83' lang='grc' dir='ltr'>βρύων</span> <span class='ocrx_word' id='word_1_430' title='bbox 3016 3345 3031 3371; x_wconf 93' lang='grc'><strong>,</strong></span> <span class='ocrx_word' id='word_1_431' title='bbox 3064 3306 3160 3359; x_wconf 76' lang='grc' dir='ltr'><strong>καὶ</strong></span> <span class='ocrx_word' id='word_1_432' title='bbox 3190 3305 3437 3377; x_wconf 76' lang='grc' dir='ltr'>σαπρῑας</span> <span class='ocrx_word' id='word_1_433' title='bbox 3464 3304 3679 3366; x_wconf 77' lang='grc' dir='ltr'>ἀπόζων,</span> 
     </span>
    </p>
   </div>
   <div class='ocr_carea' id='block_1_64' title="bbox 435 3399 1995 3473">
    <p class='ocr_par' dir='ltr' id='par_1_64' title="bbox 435 3399 1995 3472">
     <span class='ocr_line' id='line_1_64' title="bbox 435 3399 1995 3472; baseline 0.001 -17"><span class='ocrx_word' id='word_1_434' title='bbox 435 3400 819 3470; x_wconf 73' lang='lat' dir='ltr'><strong>gnus,hodie</strong></span> <span class='ocrx_word' id='word_1_435' title='bbox 869 3399 1041 3470; x_wconf 80' lang='lat' dir='ltr'><strong>niger.</strong></span> <span class='ocrx_word' id='word_1_436' title='bbox 1094 3400 1201 3466; x_wconf 89' lang='lat' dir='ltr'><strong>Qui</strong></span> <span class='ocrx_word' id='word_1_437' title='bbox 1248 3400 1362 3454; x_wconf 69' lang='lat' dir='ltr'><strong>heri</strong></span> <span class='ocrx_word' id='word_1_438' title='bbox 1397 3399 1580 3466; x_wconf 85' lang='lat' dir='ltr'><strong>domi,</strong></span> <span class='ocrx_word' id='word_1_439' title='bbox 1622 3400 1784 3458; x_wconf 89' lang='lat' dir='ltr'><strong>hodie</strong></span> <span class='ocrx_word' id='word_1_440' title='bbox 1808 3403 1995 3472; x_wconf 88' lang='lat' dir='ltr'><strong>deposi</strong></span> 
     </span>
    </p>
   </div>
   <div class='ocr_carea' id='block_1_65' title="bbox 1246 3399 2806 3473">
    <p class='ocr_par' dir='ltr' id='par_1_65' title="bbox 1248 3399 2806 3473">
     <span class='ocr_line' id='line_1_65' title="bbox 1248 3399 2806 3473; baseline 0.001 -20"><span class='ocrx_word' id='word_1_441' title='bbox 1248 3400 1362 3454; x_wconf 69' lang='lat' dir='ltr'><strong>heri</strong></span> <span class='ocrx_word' id='word_1_442' title='bbox 1397 3399 1580 3466; x_wconf 85' lang='lat' dir='ltr'><strong>domi,</strong></span> <span class='ocrx_word' id='word_1_443' title='bbox 1622 3400 1784 3458; x_wconf 89' lang='lat' dir='ltr'><strong>hodie</strong></span> <span class='ocrx_word' id='word_1_444' title='bbox 1808 3403 2029 3472; x_wconf 86' lang='lat' dir='ltr'><strong>deposi-</strong></span> <span class='ocrx_word' id='word_1_445' title='bbox 2136 3406 2231 3458; x_wconf 74' lang='grc' dir='ltr'><strong>καὶ</strong></span> <span class='ocrx_word' id='word_1_446' title='bbox 2262 3402 2534 3465; x_wconf 79' lang='grc' dir='ltr'>δυσωδίας</span> <span class='ocrx_word' id='word_1_447' title='bbox 2569 3400 2806 3473; x_wconf 79' lang='grc' dir='ltr'><strong>πλήρης.</strong></span> 
     </span>
    </p>
   </div>
   <div class='ocr_carea' id='block_1_66' title="bbox 438 3490 3683 3568">
    <p class='ocr_par' dir='ltr' id='par_1_66' title="bbox 438 3490 3683 3568">
     <span class='ocr_line' id='line_1_66' title="bbox 438 3490 3683 3568; baseline -0.003 -15"><span class='ocrx_word' id='word_1_448' title='bbox 438 3511 531 3553; x_wconf 83' lang='lat' dir='ltr'><strong>tus</strong></span> <span class='ocrx_word' id='word_1_449' title='bbox 565 3497 796 3551; x_wconf 86' lang='lat' dir='ltr'><strong>tumulo.</strong></span> <span class='ocrx_word' id='word_1_450' title='bbox 853 3494 957 3562; x_wconf 90' lang='lat' dir='ltr'><strong>Qui</strong></span> <span class='ocrx_word' id='word_1_451' title='bbox 1011 3497 1127 3550; x_wconf 85' lang='lat' dir='ltr'><strong>heri</strong></span> <span class='ocrx_word' id='word_1_452' title='bbox 1163 3496 1508 3566; x_wconf 79' lang='lat' dir='ltr'><strong>perspirabat</strong></span> <span class='ocrx_word' id='word_1_453' title='bbox 1558 3509 1864 3568; x_wconf 83' lang='lat' dir='ltr'><strong>unguenta,</strong></span> <span class='ocrx_word' id='word_1_454' title='bbox 1911 3500 2053 3556; x_wconf 87' lang='lat' dir='ltr'><strong>male</strong></span> <span class='ocrx_word' id='word_1_455' title='bbox 2079 3500 2241 3557; x_wconf 86' lang='lat' dir='ltr'><strong>hodie</strong></span> <span class='ocrx_word' id='word_1_456' title='bbox 2287 3501 2421 3567; x_wconf 88' lang='lat' dir='ltr'><strong>olet,</strong></span> <span class='ocrx_word' id='word_1_457' title='bbox 2466 3507 2522 3555; x_wconf 86' lang='lat' dir='ltr'><strong>et</strong></span> <span class='ocrx_word' id='word_1_458' title='bbox 2569 3499 2853 3553; x_wconf 87' lang='lat' dir='ltr'><strong>vermibus</strong></span> <span class='ocrx_word' id='word_1_459' title='bbox 2901 3503 3116 3561; x_wconf 83' lang='lat' dir='ltr'><strong>scatet;</strong></span> <span class='ocrx_word' id='word_1_460' title='bbox 3151 3492 3361 3548; x_wconf 80' lang='lat' dir='ltr'><strong>cariem</strong></span> <span class='ocrx_word' id='word_1_461' title='bbox 3406 3490 3617 3550; x_wconf 88' lang='lat' dir='ltr'><strong>redolet,</strong></span> <span class='ocrx_word' id='word_1_462' title='bbox 3640 3493 3683 3540; x_wconf 82' lang='lat' dir='ltr'><strong>et</strong></span> 
     </span>
    </p>
   </div>
   <div class='ocr_carea' id='block_1_67' title="bbox 436 3590 971 3662">
    <p class='ocr_par' dir='ltr' id='par_1_67' title="bbox 436 3590 971 3662">
     <span class='ocr_line' id='line_1_67' title="bbox 436 3590 971 3662; baseline -0.009 -15"><span class='ocrx_word' id='word_1_463' title='bbox 436 3600 523 3647; x_wconf 90' lang='lat' dir='ltr'><strong>est</strong></span> <span class='ocrx_word' id='word_1_464' title='bbox 554 3593 750 3662; x_wconf 87' lang='lat' dir='ltr'><strong>plenus</strong></span> <span class='ocrx_word' id='word_1_465' title='bbox 777 3590 971 3643; x_wconf 81' lang='lat' dir='ltr'><strong>fetore.</strong></span> 
     </span>
    </p>
   </div>
   <div class='ocr_carea' id='block_1_68' title="bbox 509 3664 2069 3758">
    <p class='ocr_par' dir='ltr' id='par_1_68' title="bbox 509 3664 2021 3758">
     <span class='ocr_line' id='line_1_68' title="bbox 509 3664 2021 3758; baseline -0.002 -15"><span class='ocrx_word' id='word_1_466' title='bbox 509 3688 703 3743; x_wconf 77' lang='lat' dir='ltr'><strong>Viden‘</strong></span> <span class='ocrx_word' id='word_1_467' title='bbox 731 3688 795 3741; x_wconf 86' lang='lat' dir='ltr'><strong>ad</strong></span> <span class='ocrx_word' id='word_1_468' title='bbox 828 3695 1100 3758; x_wconf 79' lang='lat' dir='ltr'><strong>quantum</strong></span> <span class='ocrx_word' id='word_1_469' title='bbox 1151 3684 1393 3740; x_wconf 73' lang='lat' dir='ltr'><strong>dedecus</strong></span> <span class='ocrx_word' id='word_1_470' title='bbox 1430 3664 1633 3739; x_wconf 68' lang='lat' dir='ltr'><strong>nostra</strong></span> <span class='ocrx_word' id='word_1_471' title='bbox 1686 3687 1778 3741; x_wconf 82' lang='lat' dir='ltr'><strong>illa</strong></span> <span class='ocrx_word' id='word_1_472' title='bbox 1823 3689 2021 3743; x_wconf 73' lang='lat' dir='ltr'><strong>existi-</strong></span> 
     </span>
    </p>
   </div>
   <div class='ocr_carea' id='block_1_69' title="bbox 2120 3664 3680 3758">
    <p class='ocr_par' dir='ltr' id='par_1_69' title="bbox 2202 3679 3680 3756">
     <span class='ocr_line' id='line_1_69' title="bbox 2202 3679 3680 3756; baseline -0.015 -11"><span class='ocrx_word' id='word_1_473' title='bbox 2202 3688 2376 3756; x_wconf 82' lang='grc' dir='ltr'>Εἷδες,</span> <span class='ocrx_word' id='word_1_474' title='bbox 2402 3691 2483 3753; x_wconf 85' lang='grc' dir='ltr'><strong>είς</strong></span> <span class='ocrx_word' id='word_1_475' title='bbox 2514 3683 2628 3742; x_wconf 80' lang='grc' dir='ltr'>οἷον</span> <span class='ocrx_word' id='word_1_476' title='bbox 2649 3685 2868 3750; x_wconf 77' lang='grc' dir='ltr'>ἀδοξίας</span> <span class='ocrx_word' id='word_1_477' title='bbox 2903 3685 3036 3753; x_wconf 77' lang='grc' dir='ltr'>ἡμῖν</span> <span class='ocrx_word' id='word_1_478' title='bbox 3058 3683 3092 3753; x_wconf 82' lang='grc' dir='ltr'>ἠ</span> <span class='ocrx_word' id='word_1_479' title='bbox 3114 3679 3352 3736; x_wconf 85' lang='grc' dir='ltr'>δοκοῦσα</span> <span class='ocrx_word' id='word_1_480' title='bbox 3376 3679 3680 3748; x_wconf 70' lang='grc' dir='ltr'>κατήντησεν</span> 
     </span>
    </p>
   </div>
   <div class='ocr_carea' id='block_1_70' title="bbox 436 3766 1996 3853">
    <p class='ocr_par' dir='ltr' id='par_1_70' title="bbox 436 3778 1992 3853">
     <span class='ocr_line' id='line_1_70' title="bbox 436 3778 1992 3853; baseline -0.003 -15"><span class='ocrx_word' id='word_1_481' title='bbox 436 3792 583 3838; x_wconf 85' lang='lat' dir='ltr'><strong>inata</strong></span> <span class='ocrx_word' id='word_1_482' title='bbox 612 3782 788 3853; x_wconf 77' lang='lat' dir='ltr'><strong>gloria</strong></span> <span class='ocrx_word' id='word_1_483' title='bbox 838 3789 894 3835; x_wconf 85' lang='lat' dir='ltr'><strong>ct</strong></span> <span class='ocrx_word' id='word_1_484' title='bbox 940 3778 1213 3834; x_wconf 84' lang='lat' dir='ltr'><strong>nobilitas</strong></span> <span class='ocrx_word' id='word_1_485' title='bbox 1246 3779 1507 3833; x_wconf 84' lang='lat' dir='ltr'><strong>devenit?</strong></span> <span class='ocrx_word' id='word_1_486' title='bbox 1561 3778 1821 3835; x_wconf 76' lang='lat' dir='ltr'><strong>Vidistin’</strong></span> <span class='ocrx_word' id='word_1_487' title='bbox 1855 3796 1992 3835; x_wconf 80' lang='lat' dir='ltr'><strong>exsu</strong></span> 
     </span>
    </p>
   </div>
   <div class='ocr_carea' id='block_1_71' title="bbox 2119 3766 3679 3853">
    <p class='ocr_par' dir='ltr' id='par_1_71' title="bbox 2133 3766 3679 3849">
     <span class='ocr_line' id='line_1_71' title="bbox 2133 3766 3679 3849; baseline -0.01 -13"><span class='ocrx_word' id='word_1_488' title='bbox 2133 3782 2381 3849; x_wconf 74' lang='grc' dir='ltr'>εὖκλειας</span> <span class='ocrx_word' id='word_1_489' title='bbox 2434 3776 2588 3841; x_wconf 80' lang='grc' dir='ltr'>Εἶδες</span> <span class='ocrx_word' id='word_1_490' title='bbox 2648 3776 2956 3849; x_wconf 78' lang='grc' dir='ltr'>μεταϐολῆς</span> <span class='ocrx_word' id='word_1_491' title='bbox 3008 3771 3358 3841; x_wconf 85' lang='grc' dir='ltr'>ὑπερϐολὴν,</span> <span class='ocrx_word' id='word_1_492' title='bbox 3413 3772 3505 3824; x_wconf 71' lang='grc' dir='ltr'>καὶ</span> <span class='ocrx_word' id='word_1_493' title='bbox 3551 3766 3679 3834; x_wconf 66' lang='grc' dir='ltr'>δόξης</span> 
     </span>
    </p>
   </div>
   <div class='ocr_carea' id='block_1_72' title="bbox 437 3863 1997 3946">
    <p class='ocr_par' dir='ltr' id='par_1_72' title="bbox 437 3871 1995 3946">
     <span class='ocr_line' id='line_1_72' title="bbox 437 3871 1995 3946; baseline -0.003 -17"><span class='ocrx_word' id='word_1_494' title='bbox 437 3886 720 3946; x_wconf 76' lang='lat' dir='ltr'><strong>parantem</strong></span> <span class='ocrx_word' id='word_1_495' title='bbox 768 3872 1171 3937; x_wconf 83' lang='lat' dir='ltr'><strong>mutationem,‘</strong></span> <span class='ocrx_word' id='word_1_496' title='bbox 1207 3871 1508 3941; x_wconf 73' lang='lat' dir='ltr'><strong>glm-iieque</strong></span> <span class='ocrx_word' id='word_1_497' title='bbox 1532 3881 1589 3926; x_wconf 91' lang='lat' dir='ltr'><strong>et</strong></span> <span class='ocrx_word' id='word_1_498' title='bbox 1622 3887 1807 3926; x_wconf 88' lang='lat' dir='ltr'><strong>rerum</strong></span> <span class='ocrx_word' id='word_1_499' title='bbox 1839 3872 1995 3927; x_wconf 83' lang='lat' dir='ltr'><strong>varia</strong></span> 
     </span>
    </p>
   </div>
   <div class='ocr_carea' id='block_1_73' title="bbox 2116 3863 3676 3946">
    <p class='ocr_par' dir='ltr' id='par_1_73' title="bbox 2131 3863 3676 3945">
     <span class='ocr_line' id='line_1_73' title="bbox 2131 3863 3676 3945; baseline -0.01 -15"><span class='ocrx_word' id='word_1_500' title='bbox 2131 3874 2599 3945; x_wconf 65' lang='grc' dir='ltr'>καὶπραγμάτων</span> <span class='ocrx_word' id='word_1_501' title='bbox 2630 3867 2997 3940; x_wconf 84' lang='grc' dir='ltr'>παραλλαγὴν</span> <span class='ocrx_word' id='word_1_502' title='bbox 3024 3867 3120 3919; x_wconf 66' lang='grc' dir='ltr'><strong>καὶ</strong></span> <span class='ocrx_word' id='word_1_503' title='bbox 3143 3865 3457 3928; x_wconf 81' lang='grc' dir='ltr'>ἀλλοίωσιν;</span> <span class='ocrx_word' id='word_1_504' title='bbox 3480 3863 3676 3928; x_wconf 73' lang='grc' dir='ltr'>Ἐγνως.</span> 
     </span>
    </p>
   </div>
   <div class='ocr_carea' id='block_1_74' title="bbox 438 3947 1998 4035">
    <p class='ocr_par' dir='ltr' id='par_1_74' title="bbox 438 3962 1998 4034">
     <span class='ocr_line' id='line_1_74' title="bbox 438 3962 1998 4034; baseline -0.002 -13"><span class='ocrx_word' id='word_1_505' title='bbox 438 3963 645 4021; x_wconf 76' lang='lat' dir='ltr'><strong>tionem</strong></span> <span class='ocrx_word' id='word_1_506' title='bbox 706 3980 773 4019; x_wconf 90' lang='lat' dir='ltr'><strong>ac</strong></span> <span class='ocrx_word' id='word_1_507' title='bbox 848 3962 1282 4018; x_wconf 82' lang='lat' dir='ltr'><strong>alterationem?</strong></span> <span class='ocrx_word' id='word_1_508' title='bbox 1362 3962 1519 4018; x_wconf 86' lang='lat' dir='ltr'><strong>Nosti</strong></span> <span class='ocrx_word' id='word_1_509' title='bbox 1596 3979 1709 4034; x_wconf 83' lang='lat' dir='ltr'><strong>quo</strong></span> <span class='ocrx_word' id='word_1_510' title='bbox 1795 3965 1998 4018; x_wconf 81' lang='lat' dir='ltr'><strong>tendau</strong></span> 
     </span>
    </p>
   </div>
   <div class='ocr_carea' id='block_1_75' title="bbox 2118 3947 3678 4035">
    <p class='ocr_par' dir='ltr' id='par_1_75' title="bbox 2127 3947 3678 4035">
     <span class='ocr_line' id='line_1_75' title="bbox 2127 3947 3678 4035; baseline -0.014 -14"><span class='ocrx_word' id='word_1_511' title='bbox 2127 3969 2250 4022; x_wconf 82' lang='grc' dir='ltr'>ὅποι</span> <span class='ocrx_word' id='word_1_512' title='bbox 2284 3966 2455 4035; x_wconf 87' lang='grc' dir='ltr'>χωρεῖ</span> <span class='ocrx_word' id='word_1_513' title='bbox 2488 3962 2557 4014; x_wconf 78' lang='grc' dir='ltr'>τὰ</span> <span class='ocrx_word' id='word_1_514' title='bbox 2592 3959 2873 4031; x_wconf 72' lang='grc' dir='ltr'>ἡμετερας</span> <span class='ocrx_word' id='word_1_515' title='bbox 2916 3954 3028 4008; x_wconf 87' lang='grc' dir='ltr'><strong>Ποῦ</strong></span> <span class='ocrx_word' id='word_1_516' title='bbox 3063 3955 3174 4026; x_wconf 81' lang='grc' dir='ltr'><strong>γὰρ</strong></span> <span class='ocrx_word' id='word_1_517' title='bbox 3214 3956 3240 4007; x_wconf 78' lang='grc' dir='ltr'><strong><em>ὑ</em></strong></span> <span class='ocrx_word' id='word_1_518' title='bbox 3276 3954 3540 4013; x_wconf 55' lang='lat' dir='ltr'><strong>ulmi-19;;</strong></span> <span class='ocrx_word' id='word_1_519' title='bbox 3580 3947 3678 4001; x_wconf 80' lang='grc' dir='ltr'>εἰπέ</span> 
     </span>
    </p>
   </div>
   <div class='ocr_carea' id='block_1_76' title="bbox 440 4043 2000 4129">
    <p class='ocr_par' dir='ltr' id='par_1_76' title="bbox 440 4054 2000 4116">
     <span class='ocr_line' id='line_1_76' title="bbox 440 4054 2000 4116; baseline -0.003 -2"><span class='ocrx_word' id='word_1_520' title='bbox 440 4057 720 4114; x_wconf 84' lang='lat' dir='ltr'><strong>humana?</strong></span> <span class='ocrx_word' id='word_1_521' title='bbox 780 4054 916 4110; x_wconf 80' lang='lat' dir='ltr'><strong>Nam</strong></span> <span class='ocrx_word' id='word_1_522' title='bbox 980 4054 1159 4116; x_wconf 88' lang='lat' dir='ltr'><strong>cedo,</strong></span> <span class='ocrx_word' id='word_1_523' title='bbox 1232 4055 1326 4109; x_wconf 87' lang='lat' dir='ltr'><strong>tibi</strong></span> <span class='ocrx_word' id='word_1_524' title='bbox 1419 4055 1661 4111; x_wconf 65' lang='lat' dir='ltr'><strong>divitiae?</strong></span> <span class='ocrx_word' id='word_1_525' title='bbox 1723 4055 1830 4111; x_wconf 90' lang='lat' dir='ltr'><strong>Ubi</strong></span> <span class='ocrx_word' id='word_1_526' title='bbox 1898 4073 2000 4111; x_wconf 64' lang='lat' dir='ltr'><strong>veri</strong></span> 
     </span>
    </p>
   </div>
   <div class='ocr_carea' id='block_1_77' title="bbox 2117 4043 3677 4129">
    <p class='ocr_par' dir='ltr' id='par_1_77' title="bbox 2132 4043 3677 4129">
     <span class='ocr_line' id='line_1_77' title="bbox 2132 4043 3677 4129; baseline -0.014 -18"><span class='ocrx_word' id='word_1_527' title='bbox 2132 4073 2254 4129; x_wconf 80' lang='grc' dir='ltr'>μοι·</span> <span class='ocrx_word' id='word_1_528' title='bbox 2294 4054 2397 4109; x_wconf 83' lang='grc' dir='ltr'><strong>ποῦ</strong></span> <span class='ocrx_word' id='word_1_529' title='bbox 2435 4055 2492 4107; x_wconf 82' lang='grc' dir='ltr'>δὲ</span> <span class='ocrx_word' id='word_1_530' title='bbox 2521 4055 2549 4106; x_wconf 86' lang='grc' dir='ltr'>ὁ</span> <span class='ocrx_word' id='word_1_531' title='bbox 2595 4052 2845 4121; x_wconf 74' lang='grc' dir='ltr'>κόμποςς</span> <span class='ocrx_word' id='word_1_532' title='bbox 2877 4047 2980 4100; x_wconf 84' lang='grc' dir='ltr'><strong>ποῦ</strong></span> <span class='ocrx_word' id='word_1_533' title='bbox 3028 4046 3074 4099; x_wconf 77' lang='lat' dir='ltr'><strong>oi</strong></span> <span class='ocrx_word' id='word_1_534' title='bbox 3105 4044 3487 4114; x_wconf 71' lang='grc' dir='ltr'>χρυσοχάλινοι</span> <span class='ocrx_word' id='word_1_535' title='bbox 3516 4043 3677 4100; x_wconf 57' lang='grc' dir='ltr'>ἵππω</span> 
     </span>
    </p>
   </div>
   <div class='ocr_carea' id='block_1_78' title="bbox 431 4138 1991 4222">
    <p class='ocr_par' dir='ltr' id='par_1_78' title="bbox 431 4144 1991 4222">
     <span class='ocr_line' id='line_1_78' title="bbox 431 4144 1991 4222; baseline -0.001 -16"><span class='ocrx_word' id='word_1_536' title='bbox 431 4150 703 4222; x_wconf 81' lang='lat' dir='ltr'><strong>jactantia</strong></span> <span class='ocrx_word' id='word_1_537' title='bbox 749 4160 806 4203; x_wconf 86' lang='lat' dir='ltr'><strong>et</strong></span> <span class='ocrx_word' id='word_1_538' title='bbox 857 4148 1075 4203; x_wconf 88' lang='lat' dir='ltr'><strong>fastus?</strong></span> <span class='ocrx_word' id='word_1_539' title='bbox 1114 4144 1218 4201; x_wconf 88' lang='lat' dir='ltr'><strong>Ubi</strong></span> <span class='ocrx_word' id='word_1_540' title='bbox 1254 4149 1380 4215; x_wconf 88' lang='lat' dir='ltr'><strong>equi</strong></span> <span class='ocrx_word' id='word_1_541' title='bbox 1417 4153 1633 4202; x_wconf 83' lang='lat' dir='ltr'><strong>auratis</strong></span> <span class='ocrx_word' id='word_1_542' title='bbox 1665 4148 1872 4211; x_wconf 69' lang='lat' dir='ltr'><strong>frenis?</strong></span> <span class='ocrx_word' id='word_1_543' title='bbox 1924 4148 1991 4204; x_wconf 89' lang='lat' dir='ltr'><strong>Ul</strong></span> 
     </span>
    </p>
   </div>
   <div class='ocr_carea' id='block_1_79' title="bbox 2118 4138 3678 4222">
    <p class='ocr_par' dir='ltr' id='par_1_79' title="bbox 2126 4138 3678 4212">
     <span class='ocr_line' id='line_1_79' title="bbox 2126 4138 3678 4212; baseline -0.013 -8"><span class='ocrx_word' id='word_1_544' title='bbox 2126 4150 2197 4204; x_wconf 82' lang='grc' dir='ltr'><strong>τὰ</strong></span> <span class='ocrx_word' id='word_1_545' title='bbox 2237 4150 2303 4203; x_wconf 80' lang='grc' dir='ltr'>ἐκ</span> <span class='ocrx_word' id='word_1_546' title='bbox 2341 4147 2506 4202; x_wconf 79' lang='grc' dir='ltr'>λίθων</span> <span class='ocrx_word' id='word_1_547' title='bbox 2544 4143 2784 4198; x_wconf 81' lang='grc' dir='ltr'>Ἰνδικῶν</span> <span class='ocrx_word' id='word_1_548' title='bbox 2843 4140 3166 4212; x_wconf 82' lang='grc' dir='ltr'>βαρυτίμων</span> <span class='ocrx_word' id='word_1_549' title='bbox 3221 4138 3498 4210; x_wconf 74' lang='grc' dir='ltr'>περιφανῆ</span> <span class='ocrx_word' id='word_1_550' title='bbox 3548 4150 3678 4202; x_wconf 80' lang='grc' dir='ltr'>περι-</span> 
     </span>
    </p>
   </div>
   <div class='ocr_carea' id='block_1_80' title="bbox 433 4223 1993 4312">
    <p class='ocr_par' dir='ltr' id='par_1_80' title="bbox 433 4239 1993 4311">
     <span class='ocr_line' id='line_1_80' title="bbox 433 4239 1993 4311; baseline -0.004 -12"><span class='ocrx_word' id='word_1_551' title='bbox 433 4244 753 4299; x_wconf 77' lang='lat' dir='ltr'><strong>lndicarum</strong></span> <span class='ocrx_word' id='word_1_552' title='bbox 782 4255 1122 4311; x_wconf 79' lang='lat' dir='ltr'><strong>gemmarum</strong></span> <span class='ocrx_word' id='word_1_553' title='bbox 1144 4239 1388 4309; x_wconf 81' lang='lat' dir='ltr'><strong>ingentis</strong></span> <span class='ocrx_word' id='word_1_554' title='bbox 1425 4242 1583 4308; x_wconf 75' lang='lat' dir='ltr'><strong>pretii</strong></span> <span class='ocrx_word' id='word_1_555' title='bbox 1608 4240 1895 4311; x_wconf 86' lang='lat' dir='ltr'><strong>splendida</strong></span> <span class='ocrx_word' id='word_1_556' title='bbox 1923 4242 1993 4295; x_wconf 76' lang='lat' dir='ltr'><strong>iii</strong></span> 
     </span>
    </p>
   </div>
   <div class='ocr_carea' id='block_1_81' title="bbox 2116 4223 3676 4312">
    <p class='ocr_par' dir='ltr' id='par_1_81' title="bbox 2131 4223 3676 4312">
     <span class='ocr_line' id='line_1_81' title="bbox 2131 4223 3676 4312; baseline -0.014 -15"><span class='ocrx_word' id='word_1_557' title='bbox 2131 4243 2381 4312; x_wconf 75' lang='grc' dir='ltr'>θέματας</span> <span class='ocrx_word' id='word_1_558' title='bbox 2434 4240 2503 4293; x_wconf 86' lang='grc' dir='ltr'>τὰ</span> <span class='ocrx_word' id='word_1_559' title='bbox 2554 4238 2620 4290; x_wconf 83' lang='grc' dir='ltr'>ὲκ</span> <span class='ocrx_word' id='word_1_560' title='bbox 2658 4232 2863 4308; x_wconf 81' lang='grc' dir='ltr'>χρυσοῦ</span> <span class='ocrx_word' id='word_1_561' title='bbox 2917 4232 3313 4303; x_wconf 78' lang='grc' dir='ltr'>περιδέῥραια,</span> <span class='ocrx_word' id='word_1_562' title='bbox 3345 4232 3393 4283; x_wconf 85' lang='grc' dir='ltr'>οἱ</span> <span class='ocrx_word' id='word_1_563' title='bbox 3436 4223 3676 4297; x_wconf 77' lang='grc' dir='ltr'>παρατρέ-</span> 
     </span>
    </p>
   </div>
   <div class='ocr_carea' id='block_1_82' title="bbox 433 4315 1993 4408">
    <p class='ocr_par' dir='ltr' id='par_1_82' title="bbox 433 4328 1993 4404">
     <span class='ocr_line' id='line_1_82' title="bbox 433 4328 1993 4404; baseline -0.003 -12"><span class='ocrx_word' id='word_1_564' title='bbox 433 4335 746 4404; x_wconf 74' lang='lat' dir='ltr'><strong>composita</strong></span> <span class='ocrx_word' id='word_1_565' title='bbox 812 4330 1183 4387; x_wconf 87' lang='lat' dir='ltr'><strong>ornamenta?</strong></span> <span class='ocrx_word' id='word_1_566' title='bbox 1224 4328 1329 4385; x_wconf 87' lang='lat' dir='ltr'><strong>Ubi</strong></span> <span class='ocrx_word' id='word_1_567' title='bbox 1378 4332 1608 4385; x_wconf 87' lang='lat' dir='ltr'><strong>monilia</strong></span> <span class='ocrx_word' id='word_1_568' title='bbox 1666 4332 1871 4387; x_wconf 83' lang='lat' dir='ltr'><strong>aurea?</strong></span> <span class='ocrx_word' id='word_1_569' title='bbox 1917 4330 1993 4388; x_wconf 79' lang='lat' dir='ltr'><strong>Ut</strong></span> 
     </span>
    </p>
   </div>
   <div class='ocr_carea' id='block_1_83' title="bbox 2116 4315 3676 4408">
    <p class='ocr_par' dir='ltr' id='par_1_83' title="bbox 2127 4315 3676 4408">
     <span class='ocr_line' id='line_1_83' title="bbox 2127 4315 3676 4408; baseline -0.015 -18"><span class='ocrx_word' id='word_1_570' title='bbox 2127 4353 2336 4408; x_wconf 87' lang='grc' dir='ltr'>χοντες,</span> <span class='ocrx_word' id='word_1_571' title='bbox 2352 4335 2402 4387; x_wconf 84' lang='grc' dir='ltr'>οἱ</span> <span class='ocrx_word' id='word_1_572' title='bbox 2423 4318 2780 4404; x_wconf 70' lang='grc' dir='ltr'>προάγοντες.</span> <span class='ocrx_word' id='word_1_573' title='bbox 2800 4328 2848 4380; x_wconf 87' lang='grc' dir='ltr'>οἱ</span> <span class='ocrx_word' id='word_1_574' title='bbox 2871 4323 3185 4396; x_wconf 82' lang='grc' dir='ltr'>δορυφόροι,</span> <span class='ocrx_word' id='word_1_575' title='bbox 3205 4323 3253 4374; x_wconf 87' lang='grc' dir='ltr'>οἱ</span> <span class='ocrx_word' id='word_1_576' title='bbox 3275 4322 3336 4375; x_wconf 85' lang='grc' dir='ltr'><strong>τὸ</strong></span> <span class='ocrx_word' id='word_1_577' title='bbox 3361 4322 3466 4374; x_wconf 84' lang='grc' dir='ltr'>πᾶν</span> <span class='ocrx_word' id='word_1_578' title='bbox 3486 4315 3676 4371; x_wconf 77' lang='grc' dir='ltr'>σοϐοῦν-</span> 
     </span>
    </p>
   </div>
   <div class='ocr_carea' id='block_1_84' title="bbox 430 4406 1990 4495">
    <p class='ocr_par' dir='ltr' id='par_1_84' title="bbox 430 4424 1990 4495">
     <span class='ocr_line' id='line_1_84' title="bbox 430 4424 1990 4495; baseline -0.003 -11"><span class='ocrx_word' id='word_1_579' title='bbox 430 4437 722 4495; x_wconf 78' lang='lat' dir='ltr'><strong>curreutes</strong></span> <span class='ocrx_word' id='word_1_580' title='bbox 753 4442 781 4480; x_wconf 92' lang='lat' dir='ltr'><strong>a</strong></span> <span class='ocrx_word' id='word_1_581' title='bbox 808 4427 1014 4488; x_wconf 84' lang='lat' dir='ltr'><strong>latere,</strong></span> <span class='ocrx_word' id='word_1_582' title='bbox 1050 4434 1385 4493; x_wconf 67' lang='lat' dir='ltr'><strong>praeeuntes,</strong></span> <span class='ocrx_word' id='word_1_583' title='bbox 1422 4426 1692 4480; x_wconf 88' lang='lat' dir='ltr'><strong>satellites</strong></span> <span class='ocrx_word' id='word_1_584' title='bbox 1716 4464 1731 4489; x_wconf 92' lang='lat'><strong>,</strong></span> <span class='ocrx_word' id='word_1_585' title='bbox 1763 4424 1858 4494; x_wconf 85' lang='lat' dir='ltr'><strong>qui</strong></span> <span class='ocrx_word' id='word_1_586' title='bbox 1889 4429 1990 4480; x_wconf 88' lang='lat' dir='ltr'><strong>sub</strong></span> 
     </span>
    </p>
   </div>
   <div class='ocr_carea' id='block_1_85' title="bbox 2115 4406 3675 4495">
    <p class='ocr_par' dir='ltr' id='par_1_85' title="bbox 2124 4406 3675 4493">
     <span class='ocr_line' id='line_1_85' title="bbox 2124 4406 3675 4493; baseline -0.014 -13"><span class='ocrx_word' id='word_1_587' title='bbox 2124 4406 2216 4491; x_wconf 78' lang='grc' dir='ltr'><strong>τες</strong></span> <span class='ocrx_word' id='word_1_588' title='bbox 2245 4426 2341 4479; x_wconf 79' lang='grc' dir='ltr'>καὶ</span> <span class='ocrx_word' id='word_1_589' title='bbox 2366 4422 2854 4493; x_wconf 79' lang='grc' dir='ltr'>συνταράσσοντες,</span> <span class='ocrx_word' id='word_1_590' title='bbox 2873 4419 2927 4470; x_wconf 86' lang='grc' dir='ltr'>αἱ</span> <span class='ocrx_word' id='word_1_591' title='bbox 2950 4418 3288 4480; x_wconf 79' lang='grc' dir='ltr'>δυναστεῖαι,</span> <span class='ocrx_word' id='word_1_592' title='bbox 3312 4414 3380 4466; x_wconf 71' lang='grc' dir='ltr'><strong>τὰ</strong></span> <span class='ocrx_word' id='word_1_593' title='bbox 3412 4412 3598 4480; x_wconf 79' lang='grc' dir='ltr'>κράτη.</span> <span class='ocrx_word' id='word_1_594' title='bbox 3624 4406 3675 4458; x_wconf 70' lang='grc' dir='ltr'>τὰ</span> 
     </span>
    </p>
   </div>
   <div class='ocr_carea' id='block_1_86' title="bbox 359 4497 1919 4590">
    <p class='ocr_par' dir='ltr' id='par_1_86' title="bbox 359 4517 1919 4586">
     <span class='ocr_line' id='line_1_86' title="bbox 359 4517 1919 4586; baseline -0.003 -11"><span class='ocrx_word' id='word_1_595' title='bbox 359 4563 371 4575; x_wconf 95' lang='grc'><strong>.</strong></span> <span class='ocrx_word' id='word_1_596' title='bbox 434 4529 691 4575; x_wconf 83' lang='lat' dir='ltr'><strong>moveant</strong></span> <span class='ocrx_word' id='word_1_597' title='bbox 730 4519 926 4573; x_wconf 82' lang='lat' dir='ltr'><strong>obvios</strong></span> <span class='ocrx_word' id='word_1_598' title='bbox 959 4532 1153 4571; x_wconf 87' lang='lat' dir='ltr'><strong>omnes</strong></span> <span class='ocrx_word' id='word_1_599' title='bbox 1196 4526 1364 4586; x_wconf 82' lang='lat' dir='ltr'><strong>atque</strong></span> <span class='ocrx_word' id='word_1_600' title='bbox 1416 4517 1799 4582; x_wconf 73' lang='lat' dir='ltr'><strong>conturbent;</strong></span> <span class='ocrx_word' id='word_1_601' title='bbox 1849 4532 1919 4571; x_wconf 80' lang='lat' dir='ltr'><strong>tu:</strong></span> 
     </span>
    </p>
   </div>
   <div class='ocr_carea' id='block_1_87' title="bbox 2117 4497 3677 4590">
    <p class='ocr_par' dir='ltr' id='par_1_87' title="bbox 2129 4497 3677 4590">
     <span class='ocr_line' id='line_1_87' title="bbox 2129 4497 3677 4590; baseline -0.017 -17"><span class='ocrx_word' id='word_1_602' title='bbox 2129 4519 2506 4590; x_wconf 73' lang='grc' dir='ltr'>βουλευτήρια,</span> <span class='ocrx_word' id='word_1_603' title='bbox 2527 4513 2595 4564; x_wconf 83' lang='grc' dir='ltr'>τὰ</span> <span class='ocrx_word' id='word_1_604' title='bbox 2619 4509 3051 4581; x_wconf 82' lang='grc' dir='ltr'>προγράμματα,</span> <span class='ocrx_word' id='word_1_605' title='bbox 3067 4505 3138 4558; x_wconf 82' lang='grc' dir='ltr'>τὰ</span> <span class='ocrx_word' id='word_1_606' title='bbox 3161 4507 3219 4558; x_wconf 84' lang='grc' dir='ltr'>ὲν</span> <span class='ocrx_word' id='word_1_607' title='bbox 3237 4502 3493 4572; x_wconf 81' lang='grc' dir='ltr'>πολέμοις</span> <span class='ocrx_word' id='word_1_608' title='bbox 3510 4497 3677 4590; x_wconf 77' lang='grc' dir='ltr'>ἀνδρα-</span> 
     </span>
    </p>
   </div>
   <div class='ocr_carea' id='block_1_88' title="bbox 433 4585 1993 4682">
    <p class='ocr_par' dir='ltr' id='par_1_88' title="bbox 433 4585 1981 4679">
     <span class='ocr_line' id='line_1_88' title="bbox 433 4585 1981 4679; baseline -0.004 -12"><span class='ocrx_word' id='word_1_609' title='bbox 433 4619 663 4674; x_wconf 83' lang='lat' dir='ltr'><strong>stratus,</strong></span> <span class='ocrx_word' id='word_1_610' title='bbox 694 4609 955 4679; x_wconf 89' lang='lat' dir='ltr'><strong>imperia,</strong></span> <span class='ocrx_word' id='word_1_611' title='bbox 985 4606 1248 4668; x_wconf 78' lang='lat' dir='ltr'><strong>concilia.</strong></span> <span class='ocrx_word' id='word_1_612' title='bbox 1271 4607 1478 4673; x_wconf 81' lang='lat' dir='ltr'><strong>edicta,</strong></span> <span class='ocrx_word' id='word_1_613' title='bbox 1505 4608 1703 4662; x_wconf 83' lang='lat' dir='ltr'><strong>bellica</strong></span> <span class='ocrx_word' id='word_1_614' title='bbox 1729 4585 1981 4662; x_wconf 80' lang='lat' dir='ltr'><strong>facinera</strong></span> 
     </span>
    </p>
   </div>
   <div class='ocr_carea' id='block_1_89' title="bbox 2110 4585 3670 4682">
    <p class='ocr_par' dir='ltr' id='par_1_89' title="bbox 2126 4585 3670 4682">
     <span class='ocr_line' id='line_1_89' title="bbox 2126 4585 3670 4682; baseline -0.017 -16"><span class='ocrx_word' id='word_1_615' title='bbox 2126 4585 2442 4682; x_wconf 76' lang='grc' dir='ltr'>γαοήματα;</span> <span class='ocrx_word' id='word_1_616' title='bbox 2462 4606 2536 4659; x_wconf 79' lang='grc' dir='ltr'>Ού</span> <span class='ocrx_word' id='word_1_617' title='bbox 2561 4603 2737 4658; x_wconf 83' lang='grc' dir='ltr'>πάντα</span> <span class='ocrx_word' id='word_1_618' title='bbox 2760 4600 2963 4671; x_wconf 71' lang='grc' dir='ltr'>τέιρρα;</span> <span class='ocrx_word' id='word_1_619' title='bbox 2989 4597 3048 4650; x_wconf 77' lang='grc' dir='ltr'><strong>οὐ</strong></span> <span class='ocrx_word' id='word_1_620' title='bbox 3077 4596 3255 4649; x_wconf 81' lang='grc' dir='ltr'>πάντα</span> <span class='ocrx_word' id='word_1_621' title='bbox 3276 4594 3346 4664; x_wconf 71' lang='grc' dir='ltr'>γῆ</span> <span class='ocrx_word' id='word_1_622' title='bbox 3371 4594 3462 4646; x_wconf 76' lang='grc' dir='ltr'><strong>καὶ</strong></span> <span class='ocrx_word' id='word_1_623' title='bbox 3486 4585 3670 4682; x_wconf 78' lang='grc' dir='ltr'>σποδὸς,</span> 
     </span>
    </p>
   </div>
   <div class='ocr_carea' id='block_1_90' title="bbox 430 4680 1990 4767">
    <p class='ocr_par' dir='ltr' id='par_1_90' title="bbox 430 4696 1990 4767">
     <span class='ocr_line' id='line_1_90' title="bbox 430 4696 1990 4767; baseline -0.004 -11"><span class='ocrx_word' id='word_1_624' title='bbox 430 4701 629 4757; x_wconf 84' lang='lat' dir='ltr'><strong>Nonne</strong></span> <span class='ocrx_word' id='word_1_625' title='bbox 655 4700 845 4754; x_wconf 87' lang='lat' dir='ltr'><strong>omnia</strong></span> <span class='ocrx_word' id='word_1_626' title='bbox 881 4699 1063 4753; x_wconf 87' lang='lat' dir='ltr'><strong>cinis?</strong></span> <span class='ocrx_word' id='word_1_627' title='bbox 1090 4698 1284 4752; x_wconf 74' lang='lat' dir='ltr'><strong>Nonne</strong></span> <span class='ocrx_word' id='word_1_628' title='bbox 1329 4708 1475 4751; x_wconf 87' lang='lat' dir='ltr'><strong>terra</strong></span> <span class='ocrx_word' id='word_1_629' title='bbox 1527 4698 1787 4751; x_wconf 85' lang='lat' dir='ltr'><strong>universa</strong></span> <span class='ocrx_word' id='word_1_630' title='bbox 1814 4708 1873 4751; x_wconf 87' lang='lat' dir='ltr'><strong>et</strong></span> <span class='ocrx_word' id='word_1_631' title='bbox 1901 4696 1990 4767; x_wconf 87' lang='lat' dir='ltr'><strong>pit]</strong></span> 
     </span>
    </p>
   </div>
   <div class='ocr_carea' id='block_1_91' title="bbox 2109 4680 3669 4767">
    <p class='ocr_par' dir='ltr' id='par_1_91' title="bbox 2151 4680 3669 4763">
     <span class='ocr_line' id='line_1_91' title="bbox 2151 4680 3669 4763; baseline -0.018 -6"><span class='ocrx_word' id='word_1_632' title='bbox 2151 4680 2438 4763; x_wconf 65' lang='lat' dir='ltr'><strong>mima;</strong></span> <span class='ocrx_word' id='word_1_633' title='bbox 2464 4694 2855 4763; x_wconf 83' lang='grc' dir='ltr'>εύτελὲστερα;</span> <span class='ocrx_word' id='word_1_634' title='bbox 2891 4689 3001 4744; x_wconf 83' lang='grc' dir='ltr'><strong>Ποῦ</strong></span> <span class='ocrx_word' id='word_1_635' title='bbox 3037 4688 3207 4742; x_wconf 85' lang='grc' dir='ltr'>ταῦτα</span> <span class='ocrx_word' id='word_1_636' title='bbox 3230 4687 3442 4749; x_wconf 83' lang='grc' dir='ltr'>πάντα;</span> <span class='ocrx_word' id='word_1_637' title='bbox 3473 4680 3669 4749; x_wconf 76' lang='grc' dir='ltr'>οἴχεται.</span> 
     </span>
    </p>
   </div>
   <div class='ocr_carea' id='block_1_92' title="bbox 434 4767 1994 4865">
    <p class='ocr_par' dir='ltr' id='par_1_92' title="bbox 434 4787 1994 4861">
     <span class='ocr_line' id='line_1_92' title="bbox 434 4787 1994 4861; baseline -0.004 -12"><span class='ocrx_word' id='word_1_638' title='bbox 434 4810 543 4855; x_wconf 73' lang='grc' dir='ltr'>νιε,</span> <span class='ocrx_word' id='word_1_639' title='bbox 572 4808 636 4861; x_wconf 81' lang='lat' dir='ltr'><strong>ac</strong></span> <span class='ocrx_word' id='word_1_640' title='bbox 670 4793 865 4846; x_wconf 83' lang='lat' dir='ltr'><strong>viliora</strong></span> <span class='ocrx_word' id='word_1_641' title='bbox 904 4791 1138 4844; x_wconf 87' lang='lat' dir='ltr'><strong>umbra?</strong></span> <span class='ocrx_word' id='word_1_642' title='bbox 1166 4787 1269 4844; x_wconf 86' lang='lat' dir='ltr'><strong>Ubi</strong></span> <span class='ocrx_word' id='word_1_643' title='bbox 1302 4790 1558 4844; x_wconf 86' lang='lat' dir='ltr'><strong>universa</strong></span> <span class='ocrx_word' id='word_1_644' title='bbox 1583 4789 1737 4843; x_wconf 69' lang='lat' dir='ltr'><strong>haec?</strong></span> <span class='ocrx_word' id='word_1_645' title='bbox 1764 4788 1994 4843; x_wconf 85' lang='lat' dir='ltr'><strong>Transie</strong></span> 
     </span>
    </p>
   </div>
   <div class='ocr_carea' id='block_1_93' title="bbox 2112 4767 3672 4865">
    <p class='ocr_par' dir='ltr' id='par_1_93' title="bbox 2122 4767 3672 4865">
     <span class='ocr_line' id='line_1_93' title="bbox 2122 4767 3672 4865; baseline -0.021 -14"><span class='ocrx_word' id='word_1_646' title='bbox 2122 4795 2232 4850; x_wconf 84' lang='grc' dir='ltr'>Ποῦ</span> <span class='ocrx_word' id='word_1_647' title='bbox 2265 4796 2298 4865; x_wconf 80' lang='grc' dir='ltr'><strong>ἡ</strong></span> <span class='ocrx_word' id='word_1_648' title='bbox 2327 4788 2563 4859; x_wconf 82' lang='grc' dir='ltr'>τοσαύτη</span> <span class='ocrx_word' id='word_1_649' title='bbox 2594 4785 2743 4852; x_wconf 80' lang='grc' dir='ltr'>δόξα,</span> <span class='ocrx_word' id='word_1_650' title='bbox 2785 4781 2889 4837; x_wconf 82' lang='grc' dir='ltr'><strong>ποῦ</strong></span> <span class='ocrx_word' id='word_1_651' title='bbox 2918 4783 2954 4852; x_wconf 83' lang='grc' dir='ltr'><strong>ἡ</strong></span> <span class='ocrx_word' id='word_1_652' title='bbox 2973 4781 3168 4852; x_wconf 79' lang='grc' dir='ltr'>χρῆσις</span> <span class='ocrx_word' id='word_1_653' title='bbox 3193 4795 3208 4843; x_wconf 90' lang='lat'><strong>;</strong></span> <span class='ocrx_word' id='word_1_654' title='bbox 3244 4776 3508 4832; x_wconf 85' lang='grc' dir='ltr'>ἀπόλωλε.</span> <span class='ocrx_word' id='word_1_655' title='bbox 3532 4767 3672 4865; x_wconf 51' lang='grc' dir='ltr'><strong>[ξοῦό</strong></span> 
     </span>
    </p>
   </div>
   <div class='ocr_carea' id='block_1_94' title="bbox 433 4860 1993 4952">
    <p class='ocr_par' dir='ltr' id='par_1_94' title="bbox 433 4860 1985 4952">
     <span class='ocr_line' id='line_1_94' title="bbox 433 4860 1985 4952; baseline -0.005 -11"><span class='ocrx_word' id='word_1_656' title='bbox 433 4860 723 4947; x_wconf 61' lang='lat' dir='ltr'><strong>ruricum</strong></span> <span class='ocrx_word' id='word_1_657' title='bbox 767 4890 918 4937; x_wconf 84' lang='lat' dir='ltr'><strong>tanta</strong></span> <span class='ocrx_word' id='word_1_658' title='bbox 960 4882 1179 4952; x_wconf 76' lang='lat' dir='ltr'><strong>gloria?</strong></span> <span class='ocrx_word' id='word_1_659' title='bbox 1211 4879 1318 4936; x_wconf 85' lang='lat' dir='ltr'><strong>Uhi</strong></span> <span class='ocrx_word' id='word_1_660' title='bbox 1363 4883 1533 4938; x_wconf 82' lang='lat' dir='ltr'><strong>usus?</strong></span> <span class='ocrx_word' id='word_1_661' title='bbox 1567 4880 1763 4937; x_wconf 80' lang='lat' dir='ltr'><strong>Periit.</strong></span> <span class='ocrx_word' id='word_1_662' title='bbox 1799 4880 1907 4935; x_wconf 87' lang='lat' dir='ltr'><strong>Ubi</strong></span> <span class='ocrx_word' id='word_1_663' title='bbox 1936 4881 1985 4935; x_wconf 82' lang='grc' dir='ltr'><strong>1ιί</strong></span> 
     </span>
    </p>
   </div>
   <div class='ocr_carea' id='block_1_95' title="bbox 2112 4860 3672 4952">
    <p class='ocr_par' dir='ltr' id='par_1_95' title="bbox 2119 4860 3672 4952">
     <span class='ocr_line' id='line_1_95' title="bbox 2119 4860 3672 4952; baseline -0.017 -15"><span class='ocrx_word' id='word_1_664' title='bbox 2119 4884 2266 4937; x_wconf 85' lang='grc' dir='ltr'>δεῖνα</span> <span class='ocrx_word' id='word_1_665' title='bbox 2285 4860 2380 4934; x_wconf 75' lang='grc' dir='ltr'>καὶ</span> <span class='ocrx_word' id='word_1_666' title='bbox 2402 4881 2431 4932; x_wconf 84' lang='grc' dir='ltr'><strong>ό</strong></span> <span class='ocrx_word' id='word_1_667' title='bbox 2460 4878 2628 4941; x_wconf 82' lang='grc' dir='ltr'>δεῖνα,</span> <span class='ocrx_word' id='word_1_668' title='bbox 2650 4875 2700 4927; x_wconf 85' lang='lat' dir='ltr'><strong>ot</strong></span> <span class='ocrx_word' id='word_1_669' title='bbox 2724 4871 2850 4943; x_wconf 79' lang='grc' dir='ltr'>χθὲς</span> <span class='ocrx_word' id='word_1_670' title='bbox 2875 4872 3020 4940; x_wconf 84' lang='grc' dir='ltr'>μέγα</span> <span class='ocrx_word' id='word_1_671' title='bbox 3043 4885 3116 4921; x_wconf 79' lang='grc' dir='ltr'><strong>πα</strong></span> <span class='ocrx_word' id='word_1_672' title='bbox 3127 4866 3193 4938; x_wconf 83' lang='grc' dir='ltr'>ρὰ</span> <span class='ocrx_word' id='word_1_673' title='bbox 3214 4868 3420 4927; x_wconf 77' lang='grc' dir='ltr'>πάντας</span> <span class='ocrx_word' id='word_1_674' title='bbox 3442 4860 3672 4952; x_wconf 55' lang='grc' dir='ltr'>ἀνειλημ-</span> 
     </span>
    </p>
   </div>
   <div class='ocr_carea' id='block_1_96' title="bbox 434 4948 1994 5047">
    <p class='ocr_par' dir='ltr' id='par_1_96' title="bbox 434 4974 1994 5045">
     <span class='ocr_line' id='line_1_96' title="bbox 434 4974 1994 5045; baseline -0.003 -14"><span class='ocrx_word' id='word_1_675' title='bbox 434 4988 532 5031; x_wconf 85' lang='lat' dir='ltr'><strong>ant</strong></span> <span class='ocrx_word' id='word_1_676' title='bbox 567 4978 683 5039; x_wconf 82' lang='lat' dir='ltr'><strong>ille,</strong></span> <span class='ocrx_word' id='word_1_677' title='bbox 734 4975 828 5044; x_wconf 89' lang='lat' dir='ltr'><strong>qui</strong></span> <span class='ocrx_word' id='word_1_678' title='bbox 866 4975 986 5030; x_wconf 89' lang='lat' dir='ltr'><strong>heri</strong></span> <span class='ocrx_word' id='word_1_679' title='bbox 1024 4991 1136 5045; x_wconf 75' lang='lat' dir='ltr'><strong>prie</strong></span> <span class='ocrx_word' id='word_1_680' title='bbox 1163 4975 1425 5030; x_wconf 88' lang='lat' dir='ltr'><strong>omnibus</strong></span> <span class='ocrx_word' id='word_1_681' title='bbox 1453 4974 1860 5045; x_wconf 81' lang='lat' dir='ltr'><strong>gloriabantur,</strong></span> <span class='ocrx_word' id='word_1_682' title='bbox 1910 4990 1994 5028; x_wconf 91' lang='lat' dir='ltr'><strong>ma</strong></span> 
     </span>
    </p>
   </div>
   <div class='ocr_carea' id='block_1_97' title="bbox 2108 4948 3668 5047">
    <p class='ocr_par' dir='ltr' id='par_1_97' title="bbox 2125 4948 3668 5047">
     <span class='ocr_line' id='line_1_97' title="bbox 2125 4948 3668 5047; baseline -0.019 -18"><span class='ocrx_word' id='word_1_683' title='bbox 2125 4976 2274 5047; x_wconf 78' lang='grc' dir='ltr'>μένοι</span> <span class='ocrx_word' id='word_1_684' title='bbox 2304 4970 2612 5042; x_wconf 76' lang='grc' dir='ltr'>γαυρίαμα,</span> <span class='ocrx_word' id='word_1_685' title='bbox 2649 4966 2744 5019; x_wconf 73' lang='grc' dir='ltr'><strong>καὶ</strong></span> <span class='ocrx_word' id='word_1_686' title='bbox 2798 4961 3122 5023; x_wconf 79' lang='grc' dir='ltr'>δυναστείας</span> <span class='ocrx_word' id='word_1_687' title='bbox 3158 4959 3312 5029; x_wconf 74' lang='grc' dir='ltr'>ὄγκῳ</span> <span class='ocrx_word' id='word_1_688' title='bbox 3348 4956 3453 5009; x_wconf 82' lang='grc' dir='ltr'><strong>τῶν</strong></span> <span class='ocrx_word' id='word_1_689' title='bbox 3486 4948 3668 5047; x_wconf 72' lang='grc' dir='ltr'>πολλῶν</span> 
     </span>
    </p>
   </div>
   <div class='ocr_carea' id='block_1_98' title="bbox 434 5044 1994 5141">
    <p class='ocr_par' dir='ltr' id='par_1_98' title="bbox 434 5067 1982 5141">
     <span class='ocr_line' id='line_1_98' title="bbox 434 5067 1982 5141; baseline -0.005 -16"><span class='ocrx_word' id='word_1_690' title='bbox 434 5071 821 5141; x_wconf 81' lang='lat' dir='ltr'><strong>gistratusque</strong></span> <span class='ocrx_word' id='word_1_691' title='bbox 885 5070 1252 5137; x_wconf 82' lang='lat' dir='ltr'><strong>auipliludine</strong></span> <span class='ocrx_word' id='word_1_692' title='bbox 1320 5068 1607 5138; x_wconf 86' lang='lat' dir='ltr'><strong>plerisque</strong></span> <span class='ocrx_word' id='word_1_693' title='bbox 1664 5067 1982 5122; x_wconf 86' lang='lat' dir='ltr'><strong>eminebant</strong></span> 
     </span>
    </p>
   </div>
   <div class='ocr_carea' id='block_1_99' title="bbox 2105 5044 3665 5141">
    <p class='ocr_par' dir='ltr' id='par_1_99' title="bbox 2123 5044 3665 5141">
     <span class='ocr_line' id='line_1_99' title="bbox 2123 5044 3665 5141; baseline -0.016 -26"><span class='ocrx_word' id='word_1_694' title='bbox 2123 5044 2518 5133; x_wconf 75' lang='grc' dir='ltr'>ύπερέχοντεςς</span> <span class='ocrx_word' id='word_1_695' title='bbox 2558 5055 2671 5110; x_wconf 86' lang='grc' dir='ltr'>Ποῦ</span> <span class='ocrx_word' id='word_1_696' title='bbox 2702 5054 2758 5108; x_wconf 78' lang='grc' dir='ltr'>δὲ</span> <span class='ocrx_word' id='word_1_697' title='bbox 2807 5053 2837 5105; x_wconf 83' lang='grc' dir='ltr'>ὁ</span> <span class='ocrx_word' id='word_1_698' title='bbox 2867 5052 3017 5123; x_wconf 84' lang='grc' dir='ltr'>φίλος</span> <span class='ocrx_word' id='word_1_699' title='bbox 3071 5052 3099 5103; x_wconf 86' lang='grc' dir='ltr'><strong>ό</strong></span> <span class='ocrx_word' id='word_1_700' title='bbox 3131 5048 3316 5113; x_wconf 88' lang='grc' dir='ltr'>δεῖνα;</span> <span class='ocrx_word' id='word_1_701' title='bbox 3352 5044 3665 5141; x_wconf 53' lang='grc' dir='ltr'>κεκοίμηται;</span> 
     </span>
    </p>
   </div>
   <div class='ocr_carea' id='block_1_100' title="bbox 438 5128 1998 5222">
    <p class='ocr_par' dir='ltr' id='par_1_100' title="bbox 438 5128 1998 5217">
     <span class='ocr_line' id='line_1_100' title="bbox 438 5128 1998 5217; baseline -0.004 -2"><span class='ocrx_word' id='word_1_702' title='bbox 438 5128 543 5217; x_wconf 68' lang='lat' dir='ltr'><strong>Ubi</strong></span> <span class='ocrx_word' id='word_1_703' title='bbox 576 5162 667 5216; x_wconf 90' lang='lat' dir='ltr'><strong>ille</strong></span> <span class='ocrx_word' id='word_1_704' title='bbox 719 5128 850 5215; x_wconf 46' lang='lat' dir='ltr'><strong>llalis</strong></span> <span class='ocrx_word' id='word_1_705' title='bbox 898 5160 1156 5214; x_wconf 86' lang='lat' dir='ltr'><strong>amicus?</strong></span> <span class='ocrx_word' id='word_1_706' title='bbox 1213 5157 1518 5212; x_wconf 82' lang='lat' dir='ltr'><strong>Defunctus</strong></span> <span class='ocrx_word' id='word_1_707' title='bbox 1584 5166 1688 5213; x_wconf 86' lang='lat' dir='ltr'><strong>est.</strong></span> <span class='ocrx_word' id='word_1_708' title='bbox 1740 5156 1841 5211; x_wconf 84' lang='lat' dir='ltr'><strong>Ubi</strong></span> <span class='ocrx_word' id='word_1_709' title='bbox 1886 5172 1998 5211; x_wconf 82' lang='lat' dir='ltr'><strong>veri</strong></span> 
     </span>
    </p>
   </div>
   <div class='ocr_carea' id='block_1_101' title="bbox 2105 5128 3665 5222">
    <p class='ocr_par' dir='ltr' id='par_1_101' title="bbox 2124 5128 3665 5222">
     <span class='ocr_line' id='line_1_101' title="bbox 2124 5128 3665 5222; baseline -0.015 -15"><span class='ocrx_word' id='word_1_710' title='bbox 2124 5128 2244 5207; x_wconf 69' lang='grc' dir='ltr'><strong>Ποῦ⁷</strong></span> <span class='ocrx_word' id='word_1_711' title='bbox 2272 5128 2391 5222; x_wconf 65' lang='grc' dir='ltr'>δεὴ</span> <span class='ocrx_word' id='word_1_712' title='bbox 2427 5147 2582 5203; x_wconf 86' lang='grc' dir='ltr'>τοῦδε</span> <span class='ocrx_word' id='word_1_713' title='bbox 2607 5144 2773 5216; x_wconf 81' lang='grc' dir='ltr'>γυνὴ,</span> <span class='ocrx_word' id='word_1_714' title='bbox 2818 5144 2913 5197; x_wconf 76' lang='grc' dir='ltr'><strong>καὶ</strong></span> <span class='ocrx_word' id='word_1_715' title='bbox 2947 5143 2981 5211; x_wconf 84' lang='grc' dir='ltr'><strong>ἡ</strong></span> <span class='ocrx_word' id='word_1_716' title='bbox 3024 5140 3188 5210; x_wconf 78' lang='grc' dir='ltr'>τῆσδε</span> <span class='ocrx_word' id='word_1_717' title='bbox 3229 5139 3491 5207; x_wconf 82' lang='grc' dir='ltr'>θυγάτηρ,</span> <span class='ocrx_word' id='word_1_718' title='bbox 3538 5132 3616 5185; x_wconf 74' lang='grc' dir='ltr'><strong>καὶ</strong></span> 
     </span>
    </p>
   </div>
   <div class='ocr_carea' id='block_1_102' title="bbox 433 5218 1993 5321">
    <p class='ocr_par' dir='ltr' id='par_1_102' title="bbox 433 5248 1989 5321">
     <span class='ocr_line' id='line_1_102' title="bbox 433 5248 1989 5321; baseline -0.004 -12"><span class='ocrx_word' id='word_1_719' title='bbox 433 5255 591 5312; x_wconf 81' lang='lat' dir='ltr'><strong>illius</strong></span> <span class='ocrx_word' id='word_1_720' title='bbox 618 5268 783 5316; x_wconf 71' lang='lat' dir='ltr'><strong>uxor,</strong></span> <span class='ocrx_word' id='word_1_721' title='bbox 826 5252 1065 5321; x_wconf 85' lang='lat' dir='ltr'><strong>hujusve</strong></span> <span class='ocrx_word' id='word_1_722' title='bbox 1106 5251 1243 5315; x_wconf 85' lang='lat' dir='ltr'><strong>lilia,</strong></span> <span class='ocrx_word' id='word_1_723' title='bbox 1274 5266 1339 5304; x_wconf 87' lang='lat' dir='ltr'><strong>ac</strong></span> <span class='ocrx_word' id='word_1_724' title='bbox 1375 5249 1525 5304; x_wconf 88' lang='lat' dir='ltr'><strong>lilius</strong></span> <span class='ocrx_word' id='word_1_725' title='bbox 1557 5250 1756 5305; x_wconf 77' lang='lat' dir='ltr'><strong>iSIius?</strong></span> <span class='ocrx_word' id='word_1_726' title='bbox 1794 5248 1989 5303; x_wconf 81' lang='lat' dir='ltr'><strong>Defecc</strong></span> 
     </span>
    </p>
   </div>
   <div class='ocr_carea' id='block_1_103' title="bbox 2104 5218 3664 5321">
    <p class='ocr_par' dir='ltr' id='par_1_103' title="bbox 2123 5218 3664 5321">
     <span class='ocr_line' id='line_1_103' title="bbox 2123 5218 3664 5321; baseline -0.013 -23"><span class='ocrx_word' id='word_1_727' title='bbox 2123 5245 2278 5298; x_wconf 85' lang='grc' dir='ltr'>τοῦδε</span> <span class='ocrx_word' id='word_1_728' title='bbox 2315 5218 2464 5307; x_wconf 84' lang='grc' dir='ltr'>υἱός;</span> <span class='ocrx_word' id='word_1_729' title='bbox 2511 5237 2913 5293; x_wconf 77' lang='grc' dir='ltr'>ἐκλελοίπασιν.</span> <span class='ocrx_word' id='word_1_730' title='bbox 2961 5234 3019 5287; x_wconf 89' lang='grc' dir='ltr'>Ὀ</span> <span class='ocrx_word' id='word_1_731' title='bbox 3055 5233 3154 5304; x_wconf 77' lang='grc' dir='ltr'><strong>μὲν</strong></span> <span class='ocrx_word' id='word_1_732' title='bbox 3196 5231 3301 5302; x_wconf 77' lang='grc' dir='ltr'><strong>πρὸ</strong></span> <span class='ocrx_word' id='word_1_733' title='bbox 3353 5218 3664 5321; x_wconf 47' lang='grc' dir='ltr'>βραχὲς,-ό</span> 
     </span>
    </p>
   </div>
   <div class='ocr_carea' id='block_1_104' title="bbox 435 5317 1995 5416">
    <p class='ocr_par' dir='ltr' id='par_1_104' title="bbox 435 5342 1987 5416">
     <span class='ocr_line' id='line_1_104' title="bbox 435 5342 1987 5416; baseline -0.004 -16"><span class='ocrx_word' id='word_1_734' title='bbox 435 5354 598 5411; x_wconf 74' lang='lat' dir='ltr'><strong>runt;</strong></span> <span class='ocrx_word' id='word_1_735' title='bbox 654 5346 746 5401; x_wconf 92' lang='lat' dir='ltr'><strong>hic</strong></span> <span class='ocrx_word' id='word_1_736' title='bbox 795 5346 1022 5416; x_wconf 87' lang='lat' dir='ltr'><strong>quidem</strong></span> <span class='ocrx_word' id='word_1_737' title='bbox 1082 5358 1282 5412; x_wconf 80' lang='lat' dir='ltr'><strong>nuper,</strong></span> <span class='ocrx_word' id='word_1_738' title='bbox 1320 5343 1411 5396; x_wconf 90' lang='lat' dir='ltr'><strong>ille</strong></span> <span class='ocrx_word' id='word_1_739' title='bbox 1452 5358 1480 5395; x_wconf 88' lang='lat' dir='ltr'><strong>a</strong></span> <span class='ocrx_word' id='word_1_740' title='bbox 1515 5342 1679 5411; x_wconf 79' lang='lat' dir='ltr'><strong>longo</strong></span> <span class='ocrx_word' id='word_1_741' title='bbox 1740 5352 1987 5411; x_wconf 86' lang='lat' dir='ltr'><strong>tempore</strong></span> 
     </span>
    </p>
   </div>
   <div class='ocr_carea' id='block_1_105' title="bbox 2100 5317 3660 5416">
    <p class='ocr_par' dir='ltr' id='par_1_105' title="bbox 2126 5317 3660 5416">
     <span class='ocr_line' id='line_1_105' title="bbox 2126 5317 3660 5416; baseline -0.012 -25"><span class='ocrx_word' id='word_1_742' title='bbox 2126 5339 2182 5415; x_wconf 55' lang='lat' dir='ltr'><strong>ag</strong></span> <span class='ocrx_word' id='word_1_743' title='bbox 2213 5336 2324 5406; x_wconf 80' lang='grc' dir='ltr'><strong>πρὸ</strong></span> <span class='ocrx_word' id='word_1_744' title='bbox 2351 5331 2581 5388; x_wconf 83' lang='grc' dir='ltr'>πολλοῦ·</span> <span class='ocrx_word' id='word_1_745' title='bbox 2613 5333 2642 5384; x_wconf 86' lang='grc' dir='ltr'><strong>ό</strong></span> <span class='ocrx_word' id='word_1_746' title='bbox 2679 5330 2780 5401; x_wconf 78' lang='grc' dir='ltr'><strong>μὲν</strong></span> <span class='ocrx_word' id='word_1_747' title='bbox 2824 5327 2914 5379; x_wconf 72' lang='grc' dir='ltr'><strong>ἐπ’</strong></span> <span class='ocrx_word' id='word_1_748' title='bbox 2945 5324 3258 5394; x_wconf 79' lang='grc' dir='ltr'>ἀλλοδαπῆς</span> <span class='ocrx_word' id='word_1_749' title='bbox 3278 5364 3294 5386; x_wconf 95' lang='grc'><strong>,</strong></span> <span class='ocrx_word' id='word_1_750' title='bbox 3326 5325 3354 5375; x_wconf 91' lang='grc' dir='ltr'>ὁ</span> <span class='ocrx_word' id='word_1_751' title='bbox 3383 5321 3435 5373; x_wconf 85' lang='grc' dir='ltr'>δὲ</span> <span class='ocrx_word' id='word_1_752' title='bbox 3479 5317 3561 5416; x_wconf 47' lang='grc' dir='ltr'><strong>επὶ</strong></span> <span class='ocrx_word' id='word_1_753' title='bbox 3583 5317 3660 5379; x_wconf 77' lang='grc' dir='ltr'><strong>τῆς</strong></span> 
     </span>
    </p>
   </div>
   <div class='ocr_carea' id='block_1_106' title="bbox 433 5408 1993 5508">
    <p class='ocr_par' dir='ltr' id='par_1_106' title="bbox 433 5408 1982 5508">
     <span class='ocr_line' id='line_1_106' title="bbox 433 5408 1982 5508; baseline -0.004 -17"><span class='ocrx_word' id='word_1_754' title='bbox 433 5438 525 5493; x_wconf 90' lang='lat' dir='ltr'><strong>hic</strong></span> <span class='ocrx_word' id='word_1_755' title='bbox 572 5437 795 5508; x_wconf 84' lang='lat' dir='ltr'><strong>quidem</strong></span> <span class='ocrx_word' id='word_1_756' title='bbox 815 5408 882 5491; x_wconf 32' lang='lat' dir='ltr'><strong>vin</strong></span> <span class='ocrx_word' id='word_1_757' title='bbox 925 5436 1113 5489; x_wconf 89' lang='lat' dir='ltr'><strong>alieno</strong></span> <span class='ocrx_word' id='word_1_758' title='bbox 1166 5435 1310 5499; x_wconf 84' lang='lat' dir='ltr'><strong>solo,</strong></span> <span class='ocrx_word' id='word_1_759' title='bbox 1346 5435 1437 5488; x_wconf 90' lang='lat' dir='ltr'><strong>hic</strong></span> <span class='ocrx_word' id='word_1_760' title='bbox 1484 5442 1669 5486; x_wconf 83' lang='lat' dir='ltr'><strong>autem</strong></span> <span class='ocrx_word' id='word_1_761' title='bbox 1714 5433 1766 5486; x_wconf 89' lang='lat' dir='ltr'><strong>in</strong></span> <span class='ocrx_word' id='word_1_762' title='bbox 1805 5433 1982 5503; x_wconf 82' lang='lat' dir='ltr'><strong>patria</strong></span> 
     </span>
    </p>
   </div>
   <div class='ocr_carea' id='block_1_107' title="bbox 2096 5408 3656 5508">
    <p class='ocr_par' dir='ltr' id='par_1_107' title="bbox 2128 5408 3656 5508">
     <span class='ocr_line' id='line_1_107' title="bbox 2128 5408 3656 5508; baseline -0.015 -26"><span class='ocrx_word' id='word_1_763' title='bbox 2128 5408 2387 5499; x_wconf 62' lang='grc' dir='ltr'>πατρίδος</span> <span class='ocrx_word' id='word_1_764' title='bbox 2435 5439 2449 5453; x_wconf 83' lang='grc'><em>’</em></span> <span class='ocrx_word' id='word_1_765' title='bbox 2501 5425 2529 5476; x_wconf 88' lang='grc' dir='ltr'>ὁ</span> <span class='ocrx_word' id='word_1_766' title='bbox 2589 5421 2647 5474; x_wconf 82' lang='grc' dir='ltr'>δὲ</span> <span class='ocrx_word' id='word_1_767' title='bbox 2702 5415 3036 5488; x_wconf 84' lang='grc' dir='ltr'>ὑποϐρύχιος</span> <span class='ocrx_word' id='word_1_768' title='bbox 3087 5431 3102 5445; x_wconf 86' lang='grc'><strong>·</strong></span> <span class='ocrx_word' id='word_1_769' title='bbox 3144 5416 3173 5467; x_wconf 85' lang='grc' dir='ltr'>ὁ</span> <span class='ocrx_word' id='word_1_770' title='bbox 3231 5412 3290 5465; x_wconf 81' lang='grc' dir='ltr'>δὲ</span> <span class='ocrx_word' id='word_1_771' title='bbox 3343 5408 3656 5508; x_wconf 65' lang='grc' dir='ltr'>θηριάλωτος-</span> 
     </span>
    </p>
   </div>
   <div class='ocr_carea' id='block_1_108' title="bbox 432 5497 1992 5597">
    <p class='ocr_par' dir='ltr' id='par_1_108' title="bbox 432 5523 1990 5597">
     <span class='ocr_line' id='line_1_108' title="bbox 432 5523 1990 5597; baseline -0.005 -15"><span class='ocrx_word' id='word_1_772' title='bbox 432 5535 597 5597; x_wconf 75' lang='lat' dir='ltr'><strong>atque</strong></span> <span class='ocrx_word' id='word_1_773' title='bbox 624 5528 713 5580; x_wconf 89' lang='lat' dir='ltr'><strong>hic</strong></span> <span class='ocrx_word' id='word_1_774' title='bbox 754 5527 917 5595; x_wconf 87' lang='lat' dir='ltr'><strong>aquis</strong></span> <span class='ocrx_word' id='word_1_775' title='bbox 941 5524 1295 5588; x_wconf 84' lang='lat' dir='ltr'><strong>submersus,</strong></span> <span class='ocrx_word' id='word_1_776' title='bbox 1340 5523 1433 5579; x_wconf 89' lang='lat' dir='ltr'><strong>ille</strong></span> <span class='ocrx_word' id='word_1_777' title='bbox 1468 5540 1495 5577; x_wconf 90' lang='lat' dir='ltr'><strong>a</strong></span> <span class='ocrx_word' id='word_1_778' title='bbox 1531 5523 1727 5578; x_wconf 79' lang='lat' dir='ltr'><strong>bestiis</strong></span> <span class='ocrx_word' id='word_1_779' title='bbox 1786 5523 1990 5576; x_wconf 83' lang='lat' dir='ltr'><strong>devora</strong></span> 
     </span>
    </p>
   </div>
   <div class='ocr_carea' id='block_1_109' title="bbox 2098 5497 3658 5597">
    <p class='ocr_par' dir='ltr' id='par_1_109' title="bbox 2128 5497 3658 5585">
     <span class='ocr_line' id='line_1_109' title="bbox 2128 5497 3658 5585; baseline -0.012 -13"><span class='ocrx_word' id='word_1_780' title='bbox 2128 5497 2369 5579; x_wconf 82' lang='grc' dir='ltr'>Εἰκότως</span> <span class='ocrx_word' id='word_1_781' title='bbox 2417 5512 2513 5571; x_wconf 83' lang='grc' dir='ltr'><strong>οῦν</strong></span> <span class='ocrx_word' id='word_1_782' title='bbox 2550 5510 2868 5585; x_wconf 77' lang='grc' dir='ltr'>ἀφσρμόσει</span> <span class='ocrx_word' id='word_1_783' title='bbox 2901 5506 3115 5571; x_wconf 87' lang='grc' dir='ltr'>τούτοις</span> <span class='ocrx_word' id='word_1_784' title='bbox 3149 5504 3210 5559; x_wconf 76' lang='grc' dir='ltr'>τὸ</span> <span class='ocrx_word' id='word_1_785' title='bbox 3256 5503 3350 5559; x_wconf 78' lang='grc' dir='ltr'><strong>τοῦ</strong></span> <span class='ocrx_word' id='word_1_786' title='bbox 3378 5497 3658 5564; x_wconf 69' lang='grc' dir='ltr'>Ἐκκλησια·</span> 
     </span>
    </p>
   </div>
   <div class='ocr_carea' id='block_1_110' title="bbox 1752 5695 2439 5754">
    <p class='ocr_par' dir='ltr' id='par_1_110' title="bbox 1752 5695 2439 5754">
     <span class='ocr_line' id='line_1_110' title="bbox 1752 5695 2439 5754; baseline -0.004 -1"><span class='ocrx_word' id='word_1_787' title='bbox 1752 5698 1983 5754; x_wconf 69' lang='lat' dir='ltr'><strong>\‘ARl/E</strong></span> <span class='ocrx_word' id='word_1_788' title='bbox 2030 5695 2439 5751; x_wconf 70' lang='lat' dir='ltr'><strong>LECTiQNES.</strong></span> 
     </span>
    </p>
   </div>
   <div class='ocr_carea' id='block_1_111' title="bbox 505 5791 1220 5867">
    <p class='ocr_par' dir='ltr' id='par_1_111' title="bbox 505 5791 1220 5867">
     <span class='ocr_line' id='line_1_111' title="bbox 505 5791 1220 5867; baseline -0.007 -15"><span class='ocrx_word' id='word_1_789' title='bbox 505 5795 548 5829; x_wconf 81' lang='grc'><strong>⁸⁸</strong></span> <span class='ocrx_word' id='word_1_790' title='bbox 572 5796 691 5852; x_wconf 66' lang='grc' dir='ltr'><em>ἀλλ</em></span> <span class='ocrx_word' id='word_1_791' title='bbox 704 5835 715 5851; x_wconf 90' lang='grc'><strong>.</strong></span> <span class='ocrx_word' id='word_1_792' title='bbox 752 5791 1220 5867; x_wconf 78' lang='grc' dir='ltr'>Θρηνῳδούμενος.</span> 
     </span>
    </p>
   </div>
  </div>
