  <div class='ocr_page' id='page_1' title='image "/cluster/home/n/w/nwhite01/storage/ocr_20150623/97/coo.31924054870013/698.png"; bbox 0 0 3950 6438; ppageno 0'>
   <div class='ocr_carea' id='block_1_1' title="bbox 305 531 444 600">
    <p class='ocr_par' dir='ltr' id='par_1_1' title="bbox 305 531 444 600">
     <span class='ocr_line' id='line_1_1' title="bbox 305 531 444 600; baseline 0.014 -2"><span class='ocrx_word' id='word_1_1' title='bbox 305 531 444 600; x_wconf 77' lang='lat'><strong>1333</strong></span> 
     </span>
    </p>
   </div>
   <div class='ocr_carea' id='block_1_2' title="bbox 1646 530 2275 595">
    <p class='ocr_par' dir='ltr' id='par_1_2' title="bbox 1646 530 2275 595">
     <span class='ocr_line' id='line_1_2' title="bbox 1646 530 2275 595; baseline -0.003 -1"><span class='ocrx_word' id='word_1_2' title='bbox 1646 530 1968 595; x_wconf 79' lang='lat' dir='ltr'><strong>MAGNUS</strong></span> <span class='ocrx_word' id='word_1_3' title='bbox 1997 530 2275 594; x_wconf 85' lang='lat' dir='ltr'><strong>CANON.</strong></span> 
     </span>
    </p>
   </div>
   <div class='ocr_carea' id='block_1_3' title="bbox 3486 519 3588 583">
    <p class='ocr_par' dir='ltr' id='par_1_3' title="bbox 3486 519 3588 583">
     <span class='ocr_line' id='line_1_3' title="bbox 3486 519 3588 583; baseline -0.029 0"><span class='ocrx_word' id='word_1_4' title='bbox 3486 519 3588 583; x_wconf 65' lang='lat'><strong>331</strong></span> 
     </span>
    </p>
   </div>
   <div class='ocr_carea' id='block_1_4' title="bbox 373 636 1915 716">
    <p class='ocr_par' dir='ltr' id='par_1_4' title="bbox 373 637 1886 716">
     <span class='ocr_line' id='line_1_4' title="bbox 373 637 1886 716; baseline -0.001 -16"><span class='ocrx_word' id='word_1_5' title='bbox 373 647 437 700; x_wconf 79' lang='lat' dir='ltr'><strong>El</strong></span> <span class='ocrx_word' id='word_1_6' title='bbox 475 644 565 702; x_wconf 78' lang='grc' dir='ltr'><strong>καὶ</strong></span> <span class='ocrx_word' id='word_1_7' title='bbox 595 643 870 716; x_wconf 80' lang='grc' dir='ltr'>ἥμαρτον,</span> <span class='ocrx_word' id='word_1_8' title='bbox 896 643 1104 715; x_wconf 71' lang='grc' dir='ltr'>Σῶτερο</span> <span class='ocrx_word' id='word_1_9' title='bbox 1143 642 1258 697; x_wconf 83' lang='grc' dir='ltr'>ἀλλ’</span> <span class='ocrx_word' id='word_1_10' title='bbox 1303 637 1420 698; x_wconf 84' lang='grc' dir='ltr'>οἶδα</span> <span class='ocrx_word' id='word_1_11' title='bbox 1456 643 1540 698; x_wconf 81' lang='grc' dir='ltr'><strong>ὅτι</strong></span> <span class='ocrx_word' id='word_1_12' title='bbox 1576 644 1886 716; x_wconf 79' lang='grc' dir='ltr'>φιλάνθρω-</span> 
     </span>
    </p>
   </div>
   <div class='ocr_carea' id='block_1_5' title="bbox 2037 636 3587 716">
    <p class='ocr_par' dir='ltr' id='par_1_5' title="bbox 2065 636 3587 716">
     <span class='ocr_line' id='line_1_5' title="bbox 2065 636 3587 716; baseline -0.007 -15"><span class='ocrx_word' id='word_1_13' title='bbox 2065 645 2420 716; x_wconf 85' lang='lat' dir='ltr'><strong>Quanquam,</strong></span> <span class='ocrx_word' id='word_1_14' title='bbox 2451 643 2728 711; x_wconf 80' lang='lat' dir='ltr'><strong>Salvator,</strong></span> <span class='ocrx_word' id='word_1_15' title='bbox 2767 641 3015 714; x_wconf 77' lang='lat' dir='ltr'><strong>peccavi,</strong></span> <span class='ocrx_word' id='word_1_16' title='bbox 3063 639 3190 696; x_wconf 87' lang='lat' dir='ltr'><strong>novi</strong></span> <span class='ocrx_word' id='word_1_17' title='bbox 3227 636 3587 694; x_wconf 86' lang='lat' dir='ltr'><strong>nihilominus</strong></span> 
     </span>
    </p>
   </div>
   <div class='ocr_carea' id='block_1_6' title="bbox 304 735 1896 812">
    <p class='ocr_par' dir='ltr' id='par_1_6' title="bbox 304 735 1896 812">
     <span class='ocr_line' id='line_1_6' title="bbox 304 735 1896 812; baseline -0.001 -20"><span class='ocrx_word' id='word_1_18' title='bbox 304 756 407 802; x_wconf 84' lang='grc' dir='ltr'><strong>πος</strong></span> <span class='ocrx_word' id='word_1_19' title='bbox 439 735 509 794; x_wconf 74' lang='grc' dir='ltr'><strong>εἶ.</strong></span> <span class='ocrx_word' id='word_1_20' title='bbox 558 738 831 808; x_wconf 76' lang='grc' dir='ltr'>Πλήττεις</span> <span class='ocrx_word' id='word_1_21' title='bbox 870 737 1199 806; x_wconf 78' lang='grc' dir='ltr'><strong>συμπαθῶς,</strong></span> <span class='ocrx_word' id='word_1_22' title='bbox 1248 738 1342 791; x_wconf 75' lang='grc' dir='ltr'><strong>καί.</strong></span> <span class='ocrx_word' id='word_1_23' title='bbox 1384 737 1731 812; x_wconf 77' lang='grc' dir='ltr'>σπλαγχνίζῃ</span> <span class='ocrx_word' id='word_1_24' title='bbox 1767 738 1896 810; x_wconf 85' lang='grc' dir='ltr'>θερ-</span> 
     </span>
    </p>
   </div>
   <div class='ocr_carea' id='block_1_7' title="bbox 309 828 1892 902">
    <p class='ocr_par' dir='ltr' id='par_1_7' title="bbox 309 828 1892 902">
     <span class='ocr_line' id='line_1_7' title="bbox 309 828 1892 902; baseline 0.001 -20"><span class='ocrx_word' id='word_1_25' title='bbox 309 829 446 900; x_wconf 87' lang='grc' dir='ltr'>μῶς·</span> <span class='ocrx_word' id='word_1_26' title='bbox 464 828 780 900; x_wconf 72' lang='grc' dir='ltr'><strong>δακρύοντα</strong></span> <span class='ocrx_word' id='word_1_27' title='bbox 805 828 1044 900; x_wconf 80' lang='grc' dir='ltr'><strong>βλέπεις,</strong></span> <span class='ocrx_word' id='word_1_28' title='bbox 1071 829 1167 883; x_wconf 73' lang='grc' dir='ltr'>καὶ</span> <span class='ocrx_word' id='word_1_29' title='bbox 1184 829 1567 901; x_wconf 81' lang='grc' dir='ltr'>π’ροστρέχεις,</span> <span class='ocrx_word' id='word_1_30' title='bbox 1591 831 1668 892; x_wconf 83' lang='grc' dir='ltr'>ὡς</span> <span class='ocrx_word' id='word_1_31' title='bbox 1689 830 1892 902; x_wconf 80' lang='grc' dir='ltr'>πατὴρ,</span> 
     </span>
    </p>
   </div>
   <div class='ocr_carea' id='block_1_8' title="bbox 305 919 980 976">
    <p class='ocr_par' dir='ltr' id='par_1_8' title="bbox 305 919 980 976">
     <span class='ocr_line' id='line_1_8' title="bbox 305 919 980 976; baseline 0.003 -2"><span class='ocrx_word' id='word_1_32' title='bbox 305 919 597 974; x_wconf 79' lang='grc' dir='ltr'><strong>ἀνακαλῶν</strong></span> <span class='ocrx_word' id='word_1_33' title='bbox 625 921 718 974; x_wconf 82' lang='grc' dir='ltr'><strong>τὸν</strong></span> <span class='ocrx_word' id='word_1_34' title='bbox 744 921 980 976; x_wconf 78' lang='grc' dir='ltr'>ἄσωτον.</span> 
     </span>
    </p>
   </div>
   <div class='ocr_carea' id='block_1_9' title="bbox 391 1012 1896 1086">
    <p class='ocr_par' dir='ltr' id='par_1_9' title="bbox 391 1012 1896 1086">
     <span class='ocr_line' id='line_1_9' title="bbox 391 1012 1896 1086; baseline 0.001 -21"><span class='ocrx_word' id='word_1_35' title='bbox 391 1012 762 1086; x_wconf 77' lang='grc' dir='ltr'>Ἐρῤιμμένον</span> <span class='ocrx_word' id='word_1_36' title='bbox 793 1030 883 1082; x_wconf 89' lang='grc' dir='ltr'><strong>με,</strong></span> <span class='ocrx_word' id='word_1_37' title='bbox 913 1013 1119 1082; x_wconf 86' lang='grc' dir='ltr'>Σῶτερ.</span> <span class='ocrx_word' id='word_1_38' title='bbox 1153 1013 1258 1086; x_wconf 82' lang='grc' dir='ltr'><strong>πρὸ</strong></span> <span class='ocrx_word' id='word_1_39' title='bbox 1297 1013 1406 1066; x_wconf 88' lang='grc' dir='ltr'><strong>τῶν</strong></span> <span class='ocrx_word' id='word_1_40' title='bbox 1435 1014 1616 1066; x_wconf 74' lang='grc' dir='ltr'>πυλῶν</span> <span class='ocrx_word' id='word_1_41' title='bbox 1647 1033 1762 1076; x_wconf 76' lang='grc' dir='ltr'>σου,</span> <span class='ocrx_word' id='word_1_42' title='bbox 1795 1013 1896 1068; x_wconf 81' lang='grc' dir='ltr'>κᾶν</span> 
     </span>
    </p>
   </div>
   <div class='ocr_carea' id='block_1_10' title="bbox 306 1105 1898 1178">
    <p class='ocr_par' dir='ltr' id='par_1_10' title="bbox 306 1105 1898 1178">
     <span class='ocr_line' id='line_1_10' title="bbox 306 1105 1898 1178; baseline 0 -18"><span class='ocrx_word' id='word_1_43' title='bbox 306 1109 366 1160; x_wconf 77' lang='grc' dir='ltr'>ἐν</span> <span class='ocrx_word' id='word_1_44' title='bbox 395 1105 472 1178; x_wconf 83' lang='grc' dir='ltr'>τῷ</span> <span class='ocrx_word' id='word_1_45' title='bbox 499 1107 684 1176; x_wconf 76' lang='grc' dir='ltr'>γήρει,</span> <span class='ocrx_word' id='word_1_46' title='bbox 717 1107 793 1177; x_wconf 86' lang='grc' dir='ltr'>μή</span> <span class='ocrx_word' id='word_1_47' title='bbox 828 1123 894 1176; x_wconf 88' lang='grc' dir='ltr'><strong>με</strong></span> <span class='ocrx_word' id='word_1_48' title='bbox 928 1107 1242 1178; x_wconf 75' lang='grc' dir='ltr'>ἀπορῤίψῃς</span> <span class='ocrx_word' id='word_1_49' title='bbox 1270 1109 1350 1170; x_wconf 80' lang='grc' dir='ltr'><strong>εἰς</strong></span> <span class='ocrx_word' id='word_1_50' title='bbox 1383 1107 1510 1178; x_wconf 71' lang='grc' dir='ltr'>ᾅδου</span> <span class='ocrx_word' id='word_1_51' title='bbox 1539 1107 1717 1162; x_wconf 84' lang='grc' dir='ltr'>κενόν.</span> <span class='ocrx_word' id='word_1_52' title='bbox 1736 1107 1898 1161; x_wconf 76' lang='grc' dir='ltr'>Ἀλλὰ</span> 
     </span>
    </p>
   </div>
   <div class='ocr_carea' id='block_1_11' title="bbox 310 1197 1901 1272">
    <p class='ocr_par' dir='ltr' id='par_1_11' title="bbox 310 1197 1901 1272">
     <span class='ocr_line' id='line_1_11' title="bbox 310 1197 1901 1272; baseline 0.001 -20"><span class='ocrx_word' id='word_1_53' title='bbox 310 1200 416 1270; x_wconf 82' lang='grc' dir='ltr'><strong>πρὸ</strong></span> <span class='ocrx_word' id='word_1_54' title='bbox 437 1198 534 1252; x_wconf 80' lang='grc' dir='ltr'>τοῦ</span> <span class='ocrx_word' id='word_1_55' title='bbox 569 1198 758 1257; x_wconf 83' lang='grc' dir='ltr'>τέλους</span> <span class='ocrx_word' id='word_1_56' title='bbox 801 1197 876 1261; x_wconf 85' lang='grc' dir='ltr'>ὡς</span> <span class='ocrx_word' id='word_1_57' title='bbox 913 1197 1300 1270; x_wconf 71' lang='grc' dir='ltr'>φιλάνθρωπός</span> <span class='ocrx_word' id='word_1_58' title='bbox 1337 1215 1428 1270; x_wconf 88' lang='grc' dir='ltr'>μοι</span> <span class='ocrx_word' id='word_1_59' title='bbox 1469 1199 1558 1262; x_wconf 82' lang='grc' dir='ltr'><strong>δὺς</strong></span> <span class='ocrx_word' id='word_1_60' title='bbox 1596 1215 1901 1272; x_wconf 83' lang='grc' dir='ltr'>παραπτω-</span> 
     </span>
    </p>
   </div>
   <div class='ocr_carea' id='block_1_12' title="bbox 313 1287 757 1358">
    <p class='ocr_par' dir='ltr' id='par_1_12' title="bbox 313 1287 757 1358">
     <span class='ocr_line' id='line_1_12' title="bbox 313 1287 757 1358; baseline 0.007 -18"><span class='ocrx_word' id='word_1_61' title='bbox 313 1289 500 1358; x_wconf 83' lang='grc' dir='ltr'><strong>μάτων</strong></span> <span class='ocrx_word' id='word_1_62' title='bbox 537 1287 757 1357; x_wconf 67' lang='grc' dir='ltr'>ἄφεσιν.</span> 
     </span>
    </p>
   </div>
   <div class='ocr_carea' id='block_1_13' title="bbox 395 1377 1903 1450">
    <p class='ocr_par' dir='ltr' id='par_1_13' title="bbox 395 1377 1903 1450">
     <span class='ocr_line' id='line_1_13' title="bbox 395 1377 1903 1450; baseline 0.001 -18"><span class='ocrx_word' id='word_1_63' title='bbox 395 1381 452 1432; x_wconf 84' lang='grc'><strong>’0</strong></span> <span class='ocrx_word' id='word_1_64' title='bbox 483 1379 710 1450; x_wconf 75' lang='grc' dir='ltr'>λῃσταῖς</span> <span class='ocrx_word' id='word_1_65' title='bbox 747 1379 1063 1450; x_wconf 86' lang='grc' dir='ltr'>περιπεσὼν</span> <span class='ocrx_word' id='word_1_66' title='bbox 1102 1377 1214 1447; x_wconf 84' lang='grc' dir='ltr'><strong>ἐγὼ</strong></span> <span class='ocrx_word' id='word_1_67' title='bbox 1265 1380 1536 1450; x_wconf 79' lang='grc' dir='ltr'><strong>ὑπάρχω,</strong></span> <span class='ocrx_word' id='word_1_68' title='bbox 1593 1381 1706 1444; x_wconf 83' lang='grc' dir='ltr'>τοῖς</span> <span class='ocrx_word' id='word_1_69' title='bbox 1751 1381 1903 1448; x_wconf 74' lang='grc' dir='ltr'>λογιε-</span> 
     </span>
    </p>
   </div>
   <div class='ocr_carea' id='block_1_14' title="bbox 315 1470 1898 1544">
    <p class='ocr_par' dir='ltr' id='par_1_14' title="bbox 315 1470 1898 1544">
     <span class='ocr_line' id='line_1_14' title="bbox 315 1470 1898 1544; baseline 0 -18"><span class='ocrx_word' id='word_1_70' title='bbox 315 1475 472 1542; x_wconf 82' lang='grc' dir='ltr'>σμοίς</span> <span class='ocrx_word' id='word_1_71' title='bbox 520 1489 644 1540; x_wconf 77' lang='grc' dir='ltr'>μου.</span> <span class='ocrx_word' id='word_1_72' title='bbox 680 1471 839 1534; x_wconf 84' lang='grc' dir='ltr'>Ὅλος</span> <span class='ocrx_word' id='word_1_73' title='bbox 891 1470 984 1524; x_wconf 82' lang='grc' dir='ltr'><strong>ὑπ’</strong></span> <span class='ocrx_word' id='word_1_74' title='bbox 1021 1471 1203 1525; x_wconf 76' lang='grc' dir='ltr'>αὐτῶν</span> <span class='ocrx_word' id='word_1_75' title='bbox 1234 1477 1717 1544; x_wconf 74' lang='grc' dir='ltr'>τετραυμάτισμαι</span> <span class='ocrx_word' id='word_1_76' title='bbox 1768 1474 1898 1528; x_wconf 55' lang='grc' dir='ltr'><strong>νῦν</strong></span> 
     </span>
    </p>
   </div>
   <div class='ocr_carea' id='block_1_15' title="bbox 315 1563 1904 1635">
    <p class='ocr_par' dir='ltr' id='par_1_15' title="bbox 315 1563 1904 1635">
     <span class='ocr_line' id='line_1_15' title="bbox 315 1563 1904 1635; baseline 0 -19"><span class='ocrx_word' id='word_1_77' title='bbox 315 1563 595 1632; x_wconf 77' lang='grc' dir='ltr'>ὲπλὴσοην</span> <span class='ocrx_word' id='word_1_78' title='bbox 625 1563 935 1632; x_wconf 81' lang='grc' dir='ltr'>μωλώπων.</span> <span class='ocrx_word' id='word_1_79' title='bbox 955 1563 1094 1616; x_wconf 82' lang='grc' dir='ltr'>Ἀλλ’</span> <span class='ocrx_word' id='word_1_80' title='bbox 1122 1564 1283 1628; x_wconf 74' lang='grc' dir='ltr'>αὐτὸς</span> <span class='ocrx_word' id='word_1_81' title='bbox 1311 1581 1398 1634; x_wconf 81' lang='grc' dir='ltr'><strong>μοι</strong></span> <span class='ocrx_word' id='word_1_82' title='bbox 1425 1565 1677 1628; x_wconf 78' lang='grc' dir='ltr'>ἐπιστὰς,</span> <span class='ocrx_word' id='word_1_83' title='bbox 1701 1565 1904 1635; x_wconf 76' lang='grc' dir='ltr'>Χριστὲ</span> 
     </span>
    </p>
   </div>
   <div class='ocr_carea' id='block_1_16' title="bbox 315 1657 1202 1728">
    <p class='ocr_par' dir='ltr' id='par_1_16' title="bbox 315 1657 1202 1728">
     <span class='ocr_line' id='line_1_16' title="bbox 315 1657 1202 1728; baseline 0.002 -20"><span class='ocrx_word' id='word_1_84' title='bbox 315 1657 463 1709; x_wconf 79' lang='grc' dir='ltr'>Σῶτε</span> <span class='ocrx_word' id='word_1_85' title='bbox 472 1674 524 1726; x_wconf 90' lang='grc' dir='ltr'><strong>ρ,</strong></span> <span class='ocrx_word' id='word_1_86' title='bbox 553 1657 856 1728; x_wconf 78' lang='grc' dir='ltr'>ἱάτρευσον.</span> <span class='ocrx_word' id='word_1_87' title='bbox 1193 1704 1202 1714; x_wconf 88' lang='grc'><strong>,</strong></span> 
     </span>
    </p>
   </div>
   <div class='ocr_carea' id='block_1_17' title="bbox 297 1748 1904 1819">
    <p class='ocr_par' dir='ltr' id='par_1_17' title="bbox 297 1748 1904 1819">
     <span class='ocr_line' id='line_1_17' title="bbox 297 1748 1904 1819; baseline 0.002 -18"><span class='ocrx_word' id='word_1_88' title='bbox 297 1786 308 1794; x_wconf 76' lang='grc'><em>.</em></span> <span class='ocrx_word' id='word_1_89' title='bbox 403 1749 622 1819; x_wconf 81' lang='grc' dir='ltr'>Ἰερεὺς,</span> <span class='ocrx_word' id='word_1_90' title='bbox 673 1749 741 1818; x_wconf 84' lang='grc' dir='ltr'>μὲ</span> <span class='ocrx_word' id='word_1_91' title='bbox 789 1749 1046 1818; x_wconf 76' lang='grc' dir='ltr'>προϊδὼν,</span> <span class='ocrx_word' id='word_1_92' title='bbox 1098 1748 1494 1818; x_wconf 78' lang='grc' dir='ltr'>ἀντιπαρῆλθε·</span> <span class='ocrx_word' id='word_1_93' title='bbox 1535 1750 1628 1804; x_wconf 73' lang='grc' dir='ltr'><strong>καὶ</strong></span> <span class='ocrx_word' id='word_1_94' title='bbox 1683 1753 1712 1804; x_wconf 83' lang='grc' dir='ltr'>ὁ</span> <span class='ocrx_word' id='word_1_95' title='bbox 1744 1751 1904 1804; x_wconf 59' lang='lat' dir='ltr'><strong>Aeet-</strong></span> 
     </span>
    </p>
   </div>
   <div class='ocr_carea' id='block_1_18' title="bbox 318 1839 1909 1912">
    <p class='ocr_par' dir='ltr' id='par_1_18' title="bbox 318 1839 1909 1912">
     <span class='ocr_line' id='line_1_18' title="bbox 318 1839 1909 1912; baseline 0 -18"><span class='ocrx_word' id='word_1_96' title='bbox 318 1858 438 1908; x_wconf 78' lang='grc' dir='ltr'>της,</span> <span class='ocrx_word' id='word_1_97' title='bbox 484 1839 699 1909; x_wconf 77' lang='grc' dir='ltr'>βλέπων</span> <span class='ocrx_word' id='word_1_98' title='bbox 753 1843 810 1893; x_wconf 79' lang='grc' dir='ltr'><strong>ἐν</strong></span> <span class='ocrx_word' id='word_1_99' title='bbox 862 1842 1078 1904; x_wconf 77' lang='grc' dir='ltr'><strong>δεινοῖς,</strong></span> <span class='ocrx_word' id='word_1_100' title='bbox 1128 1841 1384 1912; x_wconf 77' lang='grc' dir='ltr'>ὑπερεῖδε</span> <span class='ocrx_word' id='word_1_101' title='bbox 1431 1842 1660 1912; x_wconf 71' lang='grc' dir='ltr'>γυμνόν·</span> <span class='ocrx_word' id='word_1_102' title='bbox 1722 1843 1840 1896; x_wconf 80' lang='grc' dir='ltr'>ἀλλ’</span> <span class='ocrx_word' id='word_1_103' title='bbox 1879 1844 1909 1894; x_wconf 84' lang='grc' dir='ltr'>ὁ</span> 
     </span>
    </p>
   </div>
   <div class='ocr_carea' id='block_1_19' title="bbox 321 1916 1909 2006">
    <p class='ocr_par' dir='ltr' id='par_1_19' title="bbox 321 1916 1909 2006">
     <span class='ocr_line' id='line_1_19' title="bbox 321 1916 1909 2006; baseline 0.001 -20"><span class='ocrx_word' id='word_1_104' title='bbox 321 1934 386 1986; x_wconf 71' lang='grc' dir='ltr'><strong>ἐκ</strong></span> <span class='ocrx_word' id='word_1_105' title='bbox 421 1932 646 2003; x_wconf 84' lang='grc' dir='ltr'>Μαρίας</span> <span class='ocrx_word' id='word_1_106' title='bbox 698 1934 992 1998; x_wconf 71' lang='grc' dir='ltr'><strong>ἀνατείλας</strong></span> <span class='ocrx_word' id='word_1_107' title='bbox 1065 1916 1299 2004; x_wconf 80' lang='grc' dir='ltr'>Ἰησοῦς,</span> <span class='ocrx_word' id='word_1_108' title='bbox 1343 1937 1407 1990; x_wconf 85' lang='grc' dir='ltr'><strong>σὺ</strong></span> <span class='ocrx_word' id='word_1_109' title='bbox 1449 1936 1680 1999; x_wconf 74' lang='grc' dir='ltr'>ἐπιστάς</span> <span class='ocrx_word' id='word_1_110' title='bbox 1726 1953 1795 2006; x_wconf 85' lang='grc' dir='ltr'><strong>με</strong></span> <span class='ocrx_word' id='word_1_111' title='bbox 1837 1936 1909 1990; x_wconf 79' lang='grc' dir='ltr'><strong>οἷο</strong></span> 
     </span>
    </p>
   </div>
   <div class='ocr_carea' id='block_1_20' title="bbox 322 2039 562 2092">
    <p class='ocr_par' dir='ltr' id='par_1_20' title="bbox 322 2039 562 2092">
     <span class='ocr_line' id='line_1_20' title="bbox 322 2039 562 2092; baseline -0.004 -15"><span class='ocrx_word' id='word_1_112' title='bbox 322 2039 562 2092; x_wconf 77' lang='grc' dir='ltr'>κτειρον.</span> 
     </span>
    </p>
   </div>
   <div class='ocr_carea' id='block_1_21' title="bbox 405 2107 1999 2195">
    <p class='ocr_par' dir='ltr' id='par_1_21' title="bbox 405 2107 1999 2195">
     <span class='ocr_line' id='line_1_21' title="bbox 405 2107 1999 2195; baseline 0.003 -25"><span class='ocrx_word' id='word_1_113' title='bbox 405 2115 468 2170; x_wconf 87' lang='grc' dir='ltr'>Ὀ</span> <span class='ocrx_word' id='word_1_114' title='bbox 499 2117 698 2187; x_wconf 76' lang='grc' dir='ltr'>ἀμνὸς,</span> <span class='ocrx_word' id='word_1_115' title='bbox 720 2117 748 2170; x_wconf 82' lang='grc' dir='ltr'>ὁ</span> <span class='ocrx_word' id='word_1_116' title='bbox 770 2116 866 2171; x_wconf 82' lang='grc' dir='ltr'><strong>τοῦ</strong></span> <span class='ocrx_word' id='word_1_117' title='bbox 896 2118 1056 2182; x_wconf 79' lang='grc' dir='ltr'>Θεοῦ,</span> <span class='ocrx_word' id='word_1_118' title='bbox 1087 2122 1114 2173; x_wconf 87' lang='grc' dir='ltr'>ὀ</span> <span class='ocrx_word' id='word_1_119' title='bbox 1149 2119 1323 2193; x_wconf 85' lang='grc' dir='ltr'>αἴρων</span> <span class='ocrx_word' id='word_1_120' title='bbox 1349 2122 1568 2177; x_wconf 80' lang='grc' dir='ltr'>πάντων</span> <span class='ocrx_word' id='word_1_121' title='bbox 1595 2123 1694 2186; x_wconf 77' lang='grc' dir='ltr'>τὰς</span> <span class='ocrx_word' id='word_1_122' title='bbox 1729 2123 1915 2195; x_wconf 70' lang='grc' dir='ltr'>ἀμαρι-</span> <span class='ocrx_word' id='word_1_123' title='bbox 1990 2107 1999 2110; x_wconf 50' lang='grc'><em>’</em></span> 
     </span>
    </p>
   </div>
   <div class='ocr_carea' id='block_1_22' title="bbox 323 2206 1915 2288">
    <p class='ocr_par' dir='ltr' id='par_1_22' title="bbox 323 2206 1915 2288">
     <span class='ocr_line' id='line_1_22' title="bbox 323 2206 1915 2288; baseline 0.005 -24"><span class='ocrx_word' id='word_1_124' title='bbox 323 2208 466 2273; x_wconf 82' lang='grc' dir='ltr'>τίας,</span> <span class='ocrx_word' id='word_1_125' title='bbox 497 2206 630 2281; x_wconf 80' lang='grc' dir='ltr'>ἆρον</span> <span class='ocrx_word' id='word_1_126' title='bbox 659 2211 752 2264; x_wconf 73' lang='grc' dir='ltr'><strong>τὸν</strong></span> <span class='ocrx_word' id='word_1_127' title='bbox 795 2212 976 2268; x_wconf 70' lang='grc' dir='ltr'>κλοιὸν</span> <span class='ocrx_word' id='word_1_128' title='bbox 1007 2213 1106 2266; x_wconf 82' lang='grc' dir='ltr'>ἀπ’</span> <span class='ocrx_word' id='word_1_129' title='bbox 1135 2215 1270 2285; x_wconf 78' lang='grc' dir='ltr'>ἐμοῦ</span> <span class='ocrx_word' id='word_1_130' title='bbox 1321 2215 1414 2269; x_wconf 62' lang='grc' dir='ltr'>τὸν</span> <span class='ocrx_word' id='word_1_131' title='bbox 1444 2216 1636 2288; x_wconf 71' lang='grc' dir='ltr'>βαρὺν,</span> <span class='ocrx_word' id='word_1_132' title='bbox 1675 2219 1767 2272; x_wconf 78' lang='grc' dir='ltr'>τὸν</span> <span class='ocrx_word' id='word_1_133' title='bbox 1815 2219 1915 2288; x_wconf 84' lang='grc' dir='ltr'>τῆς</span> 
     </span>
    </p>
   </div>
   <div class='ocr_carea' id='block_1_23' title="bbox 325 2301 1915 2380">
    <p class='ocr_par' dir='ltr' id='par_1_23' title="bbox 325 2301 1915 2380">
     <span class='ocr_line' id='line_1_23' title="bbox 325 2301 1915 2380; baseline 0.007 -27"><span class='ocrx_word' id='word_1_134' title='bbox 325 2301 623 2371; x_wconf 81' lang='grc' dir='ltr'>ἁμαρτίας·</span> <span class='ocrx_word' id='word_1_135' title='bbox 658 2303 752 2356; x_wconf 81' lang='grc' dir='ltr'><strong>καὶ</strong></span> <span class='ocrx_word' id='word_1_136' title='bbox 791 2303 866 2368; x_wconf 82' lang='grc' dir='ltr'>ὡς</span> <span class='ocrx_word' id='word_1_137' title='bbox 907 2302 1285 2377; x_wconf 77' lang='grc' dir='ltr'>εύσπλαγχνός</span> <span class='ocrx_word' id='word_1_138' title='bbox 1318 2325 1409 2377; x_wconf 79' lang='grc' dir='ltr'><strong>μοι</strong></span> <span class='ocrx_word' id='word_1_139' title='bbox 1443 2308 1530 2374; x_wconf 84' lang='grc' dir='ltr'><strong>δὺς</strong></span> <span class='ocrx_word' id='word_1_140' title='bbox 1559 2311 1574 2341; x_wconf 81' lang='grc'>¹</span> <span class='ocrx_word' id='word_1_141' title='bbox 1618 2326 1915 2380; x_wconf 81' lang='grc' dir='ltr'>παραπτω-</span> 
     </span>
    </p>
   </div>
   <div class='ocr_carea' id='block_1_24' title="bbox 335 2393 768 2464">
    <p class='ocr_par' dir='ltr' id='par_1_24' title="bbox 335 2393 768 2464">
     <span class='ocr_line' id='line_1_24' title="bbox 335 2393 768 2464; baseline 0.012 -18"><span class='ocrx_word' id='word_1_142' title='bbox 335 2394 518 2463; x_wconf 82' lang='grc' dir='ltr'>μάτων</span> <span class='ocrx_word' id='word_1_143' title='bbox 549 2393 768 2464; x_wconf 79' lang='grc' dir='ltr'>ἄφεσιν.</span> 
     </span>
    </p>
   </div>
   <div class='ocr_carea' id='block_1_25' title="bbox 397 2486 1916 2567">
    <p class='ocr_par' dir='ltr' id='par_1_25' title="bbox 397 2486 1916 2567">
     <span class='ocr_line' id='line_1_25' title="bbox 397 2486 1916 2567; baseline 0.007 -27"><span class='ocrx_word' id='word_1_144' title='bbox 397 2486 705 2550; x_wconf 77' lang='grc' dir='ltr'>Μετανοξας</span> <span class='ocrx_word' id='word_1_145' title='bbox 741 2491 768 2543; x_wconf 85' lang='grc' dir='ltr'>ὁ</span> <span class='ocrx_word' id='word_1_146' title='bbox 803 2493 996 2562; x_wconf 84' lang='grc' dir='ltr'>καιρός</span> <span class='ocrx_word' id='word_1_147' title='bbox 1023 2511 1036 2524; x_wconf 89' lang='grc'><strong>·</strong></span> <span class='ocrx_word' id='word_1_148' title='bbox 1069 2493 1454 2564; x_wconf 72' lang='grc' dir='ltr'>προσέρχομαι</span> <span class='ocrx_word' id='word_1_149' title='bbox 1485 2513 1567 2548; x_wconf 86' lang='grc' dir='ltr'><strong>σοι</strong></span> <span class='ocrx_word' id='word_1_150' title='bbox 1605 2495 1682 2567; x_wconf 85' lang='grc' dir='ltr'>τῷ</span> <span class='ocrx_word' id='word_1_151' title='bbox 1709 2497 1916 2552; x_wconf 81' lang='grc' dir='ltr'>πλαστ-</span> 
     </span>
    </p>
   </div>
   <div class='ocr_carea' id='block_1_26' title="bbox 325 2577 1912 2662">
    <p class='ocr_par' dir='ltr' id='par_1_26' title="bbox 325 2577 1912 2662">
     <span class='ocr_line' id='line_1_26' title="bbox 325 2577 1912 2662; baseline 0.008 -32"><span class='ocrx_word' id='word_1_152' title='bbox 325 2578 510 2649; x_wconf 81' lang='grc' dir='ltr'>ουργῷ</span> <span class='ocrx_word' id='word_1_153' title='bbox 548 2597 675 2649; x_wconf 84' lang='grc' dir='ltr'>μου.</span> <span class='ocrx_word' id='word_1_154' title='bbox 703 2577 876 2653; x_wconf 64' lang='grc' dir='ltr'>*Αρον</span> <span class='ocrx_word' id='word_1_155' title='bbox 924 2585 1016 2638; x_wconf 84' lang='grc' dir='ltr'><strong>τὸν</strong></span> <span class='ocrx_word' id='word_1_156' title='bbox 1063 2585 1243 2640; x_wconf 79' lang='grc' dir='ltr'>κλοιὸν</span> <span class='ocrx_word' id='word_1_157' title='bbox 1273 2587 1367 2640; x_wconf 82' lang='grc' dir='ltr'>ἀπ’</span> <span class='ocrx_word' id='word_1_158' title='bbox 1415 2587 1550 2658; x_wconf 73' lang='grc' dir='ltr'>ἐμοῦ</span> <span class='ocrx_word' id='word_1_159' title='bbox 1581 2588 1672 2641; x_wconf 82' lang='grc' dir='ltr'><strong>τὸν</strong></span> <span class='ocrx_word' id='word_1_160' title='bbox 1719 2589 1912 2662; x_wconf 76' lang='grc' dir='ltr'>βαρὺν,</span> 
     </span>
    </p>
   </div>
   <div class='ocr_carea' id='block_1_27' title="bbox 322 2671 1917 2752">
    <p class='ocr_par' dir='ltr' id='par_1_27' title="bbox 322 2671 1917 2752">
     <span class='ocr_line' id='line_1_27' title="bbox 322 2671 1917 2752; baseline 0.009 -31"><span class='ocrx_word' id='word_1_161' title='bbox 322 2671 418 2722; x_wconf 80' lang='grc' dir='ltr'><strong>τὸν</strong></span> <span class='ocrx_word' id='word_1_162' title='bbox 451 2672 552 2742; x_wconf 85' lang='grc' dir='ltr'><strong>τῆς</strong></span> <span class='ocrx_word' id='word_1_163' title='bbox 579 2675 880 2744; x_wconf 73' lang='grc' dir='ltr'>ἁμαρτίας·</span> <span class='ocrx_word' id='word_1_164' title='bbox 926 2677 1022 2732; x_wconf 72' lang='grc' dir='ltr'>καὶ</span> <span class='ocrx_word' id='word_1_165' title='bbox 1051 2679 1127 2743; x_wconf 84' lang='grc' dir='ltr'>ὡς</span> <span class='ocrx_word' id='word_1_166' title='bbox 1159 2677 1541 2751; x_wconf 76' lang='grc' dir='ltr'>εὖσπλαγχνός</span> <span class='ocrx_word' id='word_1_167' title='bbox 1577 2698 1667 2752; x_wconf 88' lang='grc' dir='ltr'>μοι</span> <span class='ocrx_word' id='word_1_168' title='bbox 1694 2681 1782 2745; x_wconf 76' lang='grc' dir='ltr'><strong>δὸς</strong></span> <span class='ocrx_word' id='word_1_169' title='bbox 1819 2701 1917 2736; x_wconf 87' lang='grc' dir='ltr'>πα-</span> 
     </span>
    </p>
   </div>
   <div class='ocr_carea' id='block_1_28' title="bbox 325 2766 965 2836">
    <p class='ocr_par' dir='ltr' id='par_1_28' title="bbox 325 2766 965 2836">
     <span class='ocr_line' id='line_1_28' title="bbox 325 2766 965 2836; baseline 0.016 -21"><span class='ocrx_word' id='word_1_170' title='bbox 325 2769 520 2833; x_wconf 61' lang='lat' dir='ltr'><strong>partem</strong></span> <span class='ocrx_word' id='word_1_171' title='bbox 528 2766 714 2834; x_wconf 80' lang='grc' dir='ltr'>μάτων</span> <span class='ocrx_word' id='word_1_172' title='bbox 742 2767 965 2836; x_wconf 66' lang='grc' dir='ltr'>ἄφεσιν.</span> 
     </span>
    </p>
   </div>
   <div class='ocr_carea' id='block_1_29' title="bbox 398 2853 1916 2936">
    <p class='ocr_par' dir='ltr' id='par_1_29' title="bbox 398 2853 1916 2936">
     <span class='ocr_line' id='line_1_29' title="bbox 398 2853 1916 2936; baseline 0.008 -30"><span class='ocrx_word' id='word_1_173' title='bbox 398 2853 489 2923; x_wconf 79' lang='grc' dir='ltr'><strong>Μὴ</strong></span> <span class='ocrx_word' id='word_1_174' title='bbox 519 2854 780 2928; x_wconf 77' lang='grc' dir='ltr'>βδελύξῃς</span> <span class='ocrx_word' id='word_1_175' title='bbox 811 2874 902 2928; x_wconf 79' lang='grc' dir='ltr'><strong>με,</strong></span> <span class='ocrx_word' id='word_1_176' title='bbox 933 2859 1140 2930; x_wconf 78' lang='grc' dir='ltr'>Σῶτερο</span> <span class='ocrx_word' id='word_1_177' title='bbox 1200 2861 1279 2931; x_wconf 81' lang='grc' dir='ltr'>μὴ</span> <span class='ocrx_word' id='word_1_178' title='bbox 1329 2861 1641 2936; x_wconf 73' lang='grc' dir='ltr'>ἀπορῤίψῃς</span> <span class='ocrx_word' id='word_1_179' title='bbox 1687 2865 1782 2918; x_wconf 83' lang='grc' dir='ltr'>τοῦ</span> <span class='ocrx_word' id='word_1_180' title='bbox 1819 2865 1916 2920; x_wconf 77' lang='grc' dir='ltr'>σοῦ</span> 
     </span>
    </p>
   </div>
   <div class='ocr_carea' id='block_1_30' title="bbox 327 2941 1910 3025">
    <p class='ocr_par' dir='ltr' id='par_1_30' title="bbox 327 2941 1910 3025">
     <span class='ocr_line' id='line_1_30' title="bbox 327 2941 1910 3025; baseline 0.008 -30"><span class='ocrx_word' id='word_1_181' title='bbox 327 2943 648 3011; x_wconf 69' lang='grc' dir='ltr'>προσώπου,</span> <span class='ocrx_word' id='word_1_182' title='bbox 685 2941 857 3016; x_wconf 77' lang='grc' dir='ltr'>’Ἃρον</span> <span class='ocrx_word' id='word_1_183' title='bbox 904 2947 996 3000; x_wconf 77' lang='grc' dir='ltr'>τὸν</span> <span class='ocrx_word' id='word_1_184' title='bbox 1043 2949 1224 3002; x_wconf 81' lang='grc' dir='ltr'>κλοιὸν</span> <span class='ocrx_word' id='word_1_185' title='bbox 1278 2951 1373 3003; x_wconf 84' lang='grc' dir='ltr'>ἀπ’</span> <span class='ocrx_word' id='word_1_186' title='bbox 1419 2951 1555 3020; x_wconf 77' lang='grc' dir='ltr'>ἐμοῦ</span> <span class='ocrx_word' id='word_1_187' title='bbox 1583 2952 1676 3005; x_wconf 81' lang='grc' dir='ltr'><strong>τὸν</strong></span> <span class='ocrx_word' id='word_1_188' title='bbox 1719 2953 1910 3025; x_wconf 73' lang='grc' dir='ltr'>βαρὺν,</span> 
     </span>
    </p>
   </div>
   <div class='ocr_carea' id='block_1_31' title="bbox 325 3032 1916 3114">
    <p class='ocr_par' dir='ltr' id='par_1_31' title="bbox 325 3032 1916 3114">
     <span class='ocr_line' id='line_1_31' title="bbox 325 3032 1916 3114; baseline 0.008 -29"><span class='ocrx_word' id='word_1_189' title='bbox 325 3032 420 3086; x_wconf 69' lang='grc' dir='ltr'>τὸν</span> <span class='ocrx_word' id='word_1_190' title='bbox 458 3034 559 3105; x_wconf 77' lang='grc' dir='ltr'>τῆς</span> <span class='ocrx_word' id='word_1_191' title='bbox 591 3037 890 3107; x_wconf 64' lang='grc' dir='ltr'>ἁμαρτίας*</span> <span class='ocrx_word' id='word_1_192' title='bbox 931 3040 1024 3091; x_wconf 68' lang='grc' dir='ltr'><strong>καὶ</strong></span> <span class='ocrx_word' id='word_1_193' title='bbox 1068 3039 1143 3102; x_wconf 86' lang='grc' dir='ltr'>ὡς</span> <span class='ocrx_word' id='word_1_194' title='bbox 1173 3038 1548 3112; x_wconf 68' lang='grc' dir='ltr'>εὔσπλαγχνός</span> <span class='ocrx_word' id='word_1_195' title='bbox 1586 3059 1676 3114; x_wconf 90' lang='grc' dir='ltr'><strong>μοι</strong></span> <span class='ocrx_word' id='word_1_196' title='bbox 1696 3043 1782 3108; x_wconf 79' lang='grc' dir='ltr'><strong>δὸς</strong></span> <span class='ocrx_word' id='word_1_197' title='bbox 1811 3061 1916 3098; x_wconf 83' lang='grc' dir='ltr'>πα-</span> 
     </span>
    </p>
   </div>
   <div class='ocr_carea' id='block_1_32' title="bbox 332 3122 960 3194">
    <p class='ocr_par' dir='ltr' id='par_1_32' title="bbox 332 3122 960 3194">
     <span class='ocr_line' id='line_1_32' title="bbox 332 3122 960 3194; baseline 0.014 -23"><span class='ocrx_word' id='word_1_198' title='bbox 332 3122 716 3191; x_wconf 76' lang='grc' dir='ltr'>ραπτωμάτων</span> <span class='ocrx_word' id='word_1_199' title='bbox 741 3123 960 3194; x_wconf 71' lang='grc' dir='ltr'>ἄφεσιν.</span> 
     </span>
    </p>
   </div>
   <div class='ocr_carea' id='block_1_33' title="bbox 401 3211 1918 3296">
    <p class='ocr_par' dir='ltr' id='par_1_33' title="bbox 401 3211 1918 3296">
     <span class='ocr_line' id='line_1_33' title="bbox 401 3211 1918 3296; baseline 0.012 -32"><span class='ocrx_word' id='word_1_200' title='bbox 401 3211 481 3265; x_wconf 76' lang='lat' dir='ltr'><strong>Td:</strong></span> <span class='ocrx_word' id='word_1_201' title='bbox 531 3213 778 3281; x_wconf 75' lang='grc' dir='ltr'>ἑκούσια,</span> <span class='ocrx_word' id='word_1_202' title='bbox 813 3218 1020 3290; x_wconf 76' lang='grc' dir='ltr'>Σῶτερ,</span> <span class='ocrx_word' id='word_1_203' title='bbox 1064 3221 1159 3274; x_wconf 83' lang='grc' dir='ltr'>καὶ</span> <span class='ocrx_word' id='word_1_204' title='bbox 1199 3221 1268 3275; x_wconf 78' lang='grc' dir='ltr'>τὰ</span> <span class='ocrx_word' id='word_1_205' title='bbox 1313 3219 1548 3277; x_wconf 84' lang='grc' dir='ltr'>ἀκούσια</span> <span class='ocrx_word' id='word_1_206' title='bbox 1596 3225 1918 3296; x_wconf 80' lang='grc' dir='ltr'>πταίσματὰ</span> 
     </span>
    </p>
   </div>
   <div class='ocr_carea' id='block_1_34' title="bbox 1997 731 3585 806">
    <p class='ocr_par' dir='ltr' id='par_1_34' title="bbox 1997 731 3585 806">
     <span class='ocr_line' id='line_1_34' title="bbox 1997 731 3585 806; baseline -0.006 -16"><span class='ocrx_word' id='word_1_207' title='bbox 1997 737 2128 806; x_wconf 88' lang='lat' dir='ltr'><strong>quia</strong></span> <span class='ocrx_word' id='word_1_208' title='bbox 2161 737 2434 805; x_wconf 68' lang='lat' dir='ltr'><strong>benignus</strong></span> <span class='ocrx_word' id='word_1_209' title='bbox 2477 746 2528 791; x_wconf 87' lang='lat' dir='ltr'><strong>et</strong></span> <span class='ocrx_word' id='word_1_210' title='bbox 2579 737 2826 791; x_wconf 75' lang='lat' dir='ltr'><strong>clemens</strong></span> <span class='ocrx_word' id='word_1_211' title='bbox 2866 735 2967 790; x_wconf 87' lang='lat' dir='ltr'><strong>sis.</strong></span> <span class='ocrx_word' id='word_1_212' title='bbox 3020 731 3176 787; x_wconf 87' lang='lat' dir='ltr'><strong>Feris</strong></span> <span class='ocrx_word' id='word_1_213' title='bbox 3234 731 3585 794; x_wconf 77' lang='lat' dir='ltr'><strong>miseranter,</strong></span> 
     </span>
    </p>
   </div>
   <div class='ocr_carea' id='block_1_35' title="bbox 1999 826 3590 899">
    <p class='ocr_par' dir='ltr' id='par_1_35' title="bbox 1999 826 3590 899">
     <span class='ocr_line' id='line_1_35' title="bbox 1999 826 3590 899; baseline -0.005 -15"><span class='ocrx_word' id='word_1_214' title='bbox 1999 828 2330 899; x_wconf 79' lang='lat' dir='ltr'><strong>fervensque</strong></span> <span class='ocrx_word' id='word_1_215' title='bbox 2384 829 2704 896; x_wconf 82' lang='lat' dir='ltr'><strong>misereris;</strong></span> <span class='ocrx_word' id='word_1_216' title='bbox 2763 827 2918 882; x_wconf 81' lang='lat' dir='ltr'><strong>vides</strong></span> <span class='ocrx_word' id='word_1_217' title='bbox 2971 826 3272 895; x_wconf 75' lang='lat' dir='ltr'><strong>lugentem,</strong></span> <span class='ocrx_word' id='word_1_218' title='bbox 3329 830 3495 892; x_wconf 82' lang='lat' dir='ltr'><strong>alque</strong></span> <span class='ocrx_word' id='word_1_219' title='bbox 3527 829 3590 877; x_wconf 85' lang='lat' dir='ltr'><strong>ut</strong></span> 
     </span>
    </p>
   </div>
   <div class='ocr_carea' id='block_1_36' title="bbox 1999 919 3242 993">
    <p class='ocr_par' dir='ltr' id='par_1_36' title="bbox 1999 919 3242 993">
     <span class='ocr_line' id='line_1_36' title="bbox 1999 919 3242 993; baseline -0.005 -16"><span class='ocrx_word' id='word_1_220' title='bbox 1999 932 2174 993; x_wconf 89' lang='lat' dir='ltr'><strong>pater,</strong></span> <span class='ocrx_word' id='word_1_221' title='bbox 2209 923 2497 993; x_wconf 77' lang='lat' dir='ltr'><strong>prodigum</strong></span> <span class='ocrx_word' id='word_1_222' title='bbox 2523 930 2882 977; x_wconf 76' lang='lat' dir='ltr'><strong>revocaturus</strong></span> <span class='ocrx_word' id='word_1_223' title='bbox 2923 919 2942 959; x_wconf 71' lang='grc' dir='ltr'><em>τ</em></span> <span class='ocrx_word' id='word_1_224' title='bbox 2970 919 3242 976; x_wconf 86' lang='lat' dir='ltr'><strong>aceurris.</strong></span> 
     </span>
    </p>
   </div>
   <div class='ocr_carea' id='block_1_37' title="bbox 2069 1007 3586 1084">
    <p class='ocr_par' dir='ltr' id='par_1_37' title="bbox 2069 1007 3586 1084">
     <span class='ocr_line' id='line_1_37' title="bbox 2069 1007 3586 1084; baseline -0.007 -16"><span class='ocrx_word' id='word_1_225' title='bbox 2069 1015 2150 1068; x_wconf 87' lang='lat' dir='ltr'><strong>Ad</strong></span> <span class='ocrx_word' id='word_1_226' title='bbox 2185 1026 2305 1070; x_wconf 77' lang='lat' dir='ltr'><strong>tuas.</strong></span> <span class='ocrx_word' id='word_1_227' title='bbox 2339 1030 2428 1070; x_wconf 88' lang='lat' dir='ltr'><strong>me</strong></span> <span class='ocrx_word' id='word_1_228' title='bbox 2456 1013 2608 1077; x_wconf 82' lang='lat' dir='ltr'><strong>fores</strong></span> <span class='ocrx_word' id='word_1_229' title='bbox 2635 1015 2936 1084; x_wconf 86' lang='lat' dir='ltr'><strong>jacentem,</strong></span> <span class='ocrx_word' id='word_1_230' title='bbox 2962 1011 3237 1073; x_wconf 85' lang='lat' dir='ltr'><strong>Salvator,</strong></span> <span class='ocrx_word' id='word_1_231' title='bbox 3271 1024 3340 1064; x_wconf 91' lang='lat' dir='ltr'><strong>ne</strong></span> <span class='ocrx_word' id='word_1_232' title='bbox 3367 1007 3452 1062; x_wconf 85' lang='lat' dir='ltr'><strong>vel</strong></span> <span class='ocrx_word' id='word_1_233' title='bbox 3477 1007 3586 1060; x_wconf 81' lang='lat' dir='ltr'><strong>alta</strong></span> 
     </span>
    </p>
   </div>
   <div class='ocr_carea' id='block_1_38' title="bbox 2001 1098 3590 1174">
    <p class='ocr_par' dir='ltr' id='par_1_38' title="bbox 2001 1098 3590 1174">
     <span class='ocr_line' id='line_1_38' title="bbox 2001 1098 3590 1174; baseline -0.008 -9"><span class='ocrx_word' id='word_1_234' title='bbox 2001 1118 2307 1174; x_wconf 90' lang='lat' dir='ltr'><strong>senectute,</strong></span> <span class='ocrx_word' id='word_1_235' title='bbox 2335 1123 2571 1164; x_wconf 85' lang='lat' dir='ltr'><strong>vacuum</strong></span> <span class='ocrx_word' id='word_1_236' title='bbox 2603 1109 2658 1162; x_wconf 91' lang='lat' dir='ltr'><strong>in</strong></span> <span class='ocrx_word' id='word_1_237' title='bbox 2689 1107 2968 1163; x_wconf 79' lang='lat' dir='ltr'><strong>infernum</strong></span> <span class='ocrx_word' id='word_1_238' title='bbox 3000 1103 3265 1174; x_wconf 81' lang='lat' dir='ltr'><strong>projieias</strong></span> <span class='ocrx_word' id='word_1_239' title='bbox 3291 1118 3305 1154; x_wconf 89' lang='lat'><strong>:</strong></span> <span class='ocrx_word' id='word_1_240' title='bbox 3331 1098 3428 1156; x_wconf 86' lang='lat' dir='ltr'><strong>sed</strong></span> <span class='ocrx_word' id='word_1_241' title='bbox 3461 1107 3590 1152; x_wconf 84' lang='lat' dir='ltr'><strong>ante</strong></span> 
     </span>
    </p>
   </div>
   <div class='ocr_carea' id='block_1_39' title="bbox 2005 1187 3586 1262">
    <p class='ocr_par' dir='ltr' id='par_1_39' title="bbox 2005 1187 3586 1262">
     <span class='ocr_line' id='line_1_39' title="bbox 2005 1187 3586 1262; baseline -0.009 -8"><span class='ocrx_word' id='word_1_242' title='bbox 2005 1199 2296 1254; x_wconf 87' lang='lat' dir='ltr'><strong>terminum</strong></span> <span class='ocrx_word' id='word_1_243' title='bbox 2339 1197 2481 1262; x_wconf 73' lang='lat' dir='ltr'><strong>vitae,</strong></span> <span class='ocrx_word' id='word_1_244' title='bbox 2539 1197 2872 1252; x_wconf 81' lang='lat' dir='ltr'><strong>delictorum</strong></span> <span class='ocrx_word' id='word_1_245' title='bbox 2931 1195 3172 1259; x_wconf 86' lang='lat' dir='ltr'><strong>veniam,</strong></span> <span class='ocrx_word' id='word_1_246' title='bbox 3213 1206 3314 1261; x_wconf 88' lang='lat' dir='ltr'><strong>pro</strong></span> <span class='ocrx_word' id='word_1_247' title='bbox 3350 1201 3438 1244; x_wconf 87' lang='lat' dir='ltr'><strong>tua</strong></span> <span class='ocrx_word' id='word_1_248' title='bbox 3479 1187 3586 1244; x_wconf 83' lang='lat' dir='ltr'><strong>cle-</strong></span> 
     </span>
    </p>
   </div>
   <div class='ocr_carea' id='block_1_40' title="bbox 2003 1291 3301 1356">
    <p class='ocr_par' dir='ltr' id='par_1_40' title="bbox 2003 1291 3301 1356">
     <span class='ocr_line' id='line_1_40' title="bbox 2003 1291 3301 1356; baseline 0.001 -7"><span class='ocrx_word' id='word_1_249' title='bbox 2003 1291 2231 1356; x_wconf 85' lang='lat' dir='ltr'><strong>mentia,</strong></span> <span class='ocrx_word' id='word_1_250' title='bbox 2276 1291 2478 1346; x_wconf 88' lang='lat' dir='ltr'><strong>tribue.</strong></span> <span class='ocrx_word' id='word_1_251' title='bbox 3297 1339 3301 1342; x_wconf 88' lang='lat'><strong>.</strong></span> 
     </span>
    </p>
   </div>
   <div class='ocr_carea' id='block_1_41' title="bbox 2075 1373 3591 1450">
    <p class='ocr_par' dir='ltr' id='par_1_41' title="bbox 2075 1373 3591 1450">
     <span class='ocr_line' id='line_1_41' title="bbox 2075 1373 3591 1450; baseline -0.007 -13"><span class='ocrx_word' id='word_1_252' title='bbox 2075 1381 2244 1441; x_wconf 86' lang='lat' dir='ltr'><strong>Incidi</strong></span> <span class='ocrx_word' id='word_1_253' title='bbox 2278 1384 2332 1437; x_wconf 89' lang='lat' dir='ltr'><strong>in</strong></span> <span class='ocrx_word' id='word_1_254' title='bbox 2359 1384 2642 1447; x_wconf 84' lang='lat' dir='ltr'><strong>latrones;</strong></span> <span class='ocrx_word' id='word_1_255' title='bbox 2695 1395 2892 1449; x_wconf 82' lang='lat' dir='ltr'><strong>nempe</strong></span> <span class='ocrx_word' id='word_1_256' title='bbox 2919 1378 3286 1450; x_wconf 79' lang='lat' dir='ltr'><strong>cogitationes</strong></span> <span class='ocrx_word' id='word_1_257' title='bbox 3334 1385 3381 1429; x_wconf 72' lang='grc' dir='ltr'><strong>κ.</strong></span> <span class='ocrx_word' id='word_1_258' title='bbox 3418 1373 3591 1428; x_wconf 81' lang='lat' dir='ltr'><strong>Totus</strong></span> 
     </span>
    </p>
   </div>
   <div class='ocr_carea' id='block_1_42' title="bbox 2005 1464 3591 1542">
    <p class='ocr_par' dir='ltr' id='par_1_42' title="bbox 2005 1464 3591 1542">
     <span class='ocr_line' id='line_1_42' title="bbox 2005 1464 3591 1542; baseline -0.008 -14"><span class='ocrx_word' id='word_1_259' title='bbox 2005 1475 2075 1533; x_wconf 86' lang='lat' dir='ltr'><strong>ab</strong></span> <span class='ocrx_word' id='word_1_260' title='bbox 2096 1475 2176 1529; x_wconf 84' lang='lat' dir='ltr'><strong>eis</strong></span> <span class='ocrx_word' id='word_1_261' title='bbox 2217 1476 2324 1542; x_wconf 77' lang='lat' dir='ltr'><strong>iam</strong></span> <span class='ocrx_word' id='word_1_262' title='bbox 2347 1476 2698 1540; x_wconf 81' lang='lat' dir='ltr'><strong>vulneratus,</strong></span> <span class='ocrx_word' id='word_1_263' title='bbox 2732 1473 2908 1542; x_wconf 81' lang='lat' dir='ltr'><strong>plagis</strong></span> <span class='ocrx_word' id='word_1_264' title='bbox 2936 1472 3131 1541; x_wconf 90' lang='lat' dir='ltr'><strong>plenus</strong></span> <span class='ocrx_word' id='word_1_265' title='bbox 3155 1484 3275 1525; x_wconf 89' lang='lat' dir='ltr'><strong>sum</strong></span> <span class='ocrx_word' id='word_1_266' title='bbox 3303 1485 3318 1522; x_wconf 89' lang='lat'><strong>:</strong></span> <span class='ocrx_word' id='word_1_267' title='bbox 3344 1477 3401 1522; x_wconf 91' lang='lat' dir='ltr'><strong>tu</strong></span> <span class='ocrx_word' id='word_1_268' title='bbox 3434 1464 3591 1526; x_wconf 84' lang='lat' dir='ltr'><strong>mihi,</strong></span> 
     </span>
    </p>
   </div>
   <div class='ocr_carea' id='block_1_43' title="bbox 2005 1564 3112 1635">
    <p class='ocr_par' dir='ltr' id='par_1_43' title="bbox 2005 1564 3112 1635">
     <span class='ocr_line' id='line_1_43' title="bbox 2005 1564 3112 1635; baseline -0.007 -10"><span class='ocrx_word' id='word_1_269' title='bbox 2005 1569 2227 1625; x_wconf 84' lang='lat' dir='ltr'><strong>Christe</strong></span> <span class='ocrx_word' id='word_1_270' title='bbox 2253 1569 2535 1635; x_wconf 79' lang='lat' dir='ltr'><strong>Salvator,</strong></span> <span class='ocrx_word' id='word_1_271' title='bbox 2567 1567 2844 1624; x_wconf 85' lang='lat' dir='ltr'><strong>accedens</strong></span> <span class='ocrx_word' id='word_1_272' title='bbox 2871 1564 3112 1620; x_wconf 87' lang='lat' dir='ltr'><strong>medere.</strong></span> 
     </span>
    </p>
   </div>
   <div class='ocr_carea' id='block_1_44' title="bbox 2079 1733 3590 1816">
    <p class='ocr_par' dir='ltr' id='par_1_44' title="bbox 2079 1733 3590 1816">
     <span class='ocr_line' id='line_1_44' title="bbox 2079 1733 3590 1816; baseline -0.009 -12"><span class='ocrx_word' id='word_1_273' title='bbox 2079 1749 2162 1808; x_wconf 80' lang='lat' dir='ltr'><strong>Me</strong></span> <span class='ocrx_word' id='word_1_274' title='bbox 2194 1747 2458 1803; x_wconf 86' lang='lat' dir='ltr'><strong>sacerdos</strong></span> <span class='ocrx_word' id='word_1_275' title='bbox 2493 1746 2708 1816; x_wconf 82' lang='lat' dir='ltr'><strong>alonge</strong></span> <span class='ocrx_word' id='word_1_276' title='bbox 2740 1743 2954 1808; x_wconf 86' lang='lat' dir='ltr'><strong>videns,</strong></span> <span class='ocrx_word' id='word_1_277' title='bbox 2991 1741 3098 1796; x_wconf 88' lang='lat' dir='ltr'><strong>alia</strong></span> <span class='ocrx_word' id='word_1_278' title='bbox 3133 1736 3466 1803; x_wconf 77' lang='lat' dir='ltr'><strong>declinavit;</strong></span> <span class='ocrx_word' id='word_1_279' title='bbox 3493 1733 3590 1790; x_wconf 87' lang='lat' dir='ltr'><strong>Le-</strong></span> 
     </span>
    </p>
   </div>
   <div class='ocr_carea' id='block_1_45' title="bbox 2011 1831 3595 1913">
    <p class='ocr_par' dir='ltr' id='par_1_45' title="bbox 2011 1831 3595 1913">
     <span class='ocr_line' id='line_1_45' title="bbox 2011 1831 3595 1913; baseline -0.008 -19"><span class='ocrx_word' id='word_1_280' title='bbox 2011 1843 2234 1913; x_wconf 75' lang='lat' dir='ltr'><strong>vitaque</strong></span> <span class='ocrx_word' id='word_1_281' title='bbox 2281 1842 2336 1894; x_wconf 90' lang='lat' dir='ltr'><strong>in</strong></span> <span class='ocrx_word' id='word_1_282' title='bbox 2395 1839 2558 1894; x_wconf 82' lang='lat' dir='ltr'><strong>malis</strong></span> <span class='ocrx_word' id='word_1_283' title='bbox 2599 1837 2897 1908; x_wconf 81' lang='lat' dir='ltr'><strong>a3piciens,</strong></span> <span class='ocrx_word' id='word_1_284' title='bbox 2933 1835 3140 1890; x_wconf 90' lang='lat' dir='ltr'><strong>nudum</strong></span> <span class='ocrx_word' id='word_1_285' title='bbox 3195 1831 3478 1902; x_wconf 76' lang='lat' dir='ltr'><strong>despexit;</strong></span> <span class='ocrx_word' id='word_1_286' title='bbox 3515 1837 3595 1893; x_wconf 91' lang='lat' dir='ltr'><strong>tu,</strong></span> 
     </span>
    </p>
   </div>
   <div class='ocr_carea' id='block_1_46' title="bbox 2014 1927 3290 2002">
    <p class='ocr_par' dir='ltr' id='par_1_46' title="bbox 2014 1927 3290 2002">
     <span class='ocr_line' id='line_1_46' title="bbox 2014 1927 3290 2002; baseline -0.009 -13"><span class='ocrx_word' id='word_1_287' title='bbox 2014 1933 2168 2002; x_wconf 85' lang='lat' dir='ltr'><strong>Jesu,</strong></span> <span class='ocrx_word' id='word_1_288' title='bbox 2205 1944 2363 1990; x_wconf 91' lang='lat' dir='ltr'><strong>ortus</strong></span> <span class='ocrx_word' id='word_1_289' title='bbox 2385 1948 2450 1984; x_wconf 74' lang='lat' dir='ltr'><strong>ex</strong></span> <span class='ocrx_word' id='word_1_290' title='bbox 2481 1930 2678 1996; x_wconf 76' lang='lat' dir='ltr'><strong>Maria,</strong></span> <span class='ocrx_word' id='word_1_291' title='bbox 2705 1929 2978 1984; x_wconf 82' lang='lat' dir='ltr'><strong>accedens</strong></span> <span class='ocrx_word' id='word_1_292' title='bbox 3005 1927 3290 1983; x_wconf 87' lang='lat' dir='ltr'><strong>miserare.</strong></span> 
     </span>
    </p>
   </div>
   <div class='ocr_carea' id='block_1_47' title="bbox 2087 2093 3596 2189">
    <p class='ocr_par' dir='ltr' id='par_1_47' title="bbox 2087 2093 3596 2189">
     <span class='ocr_line' id='line_1_47' title="bbox 2087 2093 3596 2189; baseline -0.011 -14"><span class='ocrx_word' id='word_1_293' title='bbox 2087 2119 2189 2184; x_wconf 87' lang='lat' dir='ltr'><strong>Tu,</strong></span> <span class='ocrx_word' id='word_1_294' title='bbox 2212 2119 2399 2189; x_wconf 75' lang='lat' dir='ltr'><strong>Agnus</strong></span> <span class='ocrx_word' id='word_1_295' title='bbox 2423 2118 2516 2173; x_wconf 91' lang='lat' dir='ltr'><strong>ille</strong></span> <span class='ocrx_word' id='word_1_296' title='bbox 2547 2114 2672 2182; x_wconf 84' lang='lat' dir='ltr'><strong>Dei,</strong></span> <span class='ocrx_word' id='word_1_297' title='bbox 2694 2093 2788 2185; x_wconf 83' lang='lat' dir='ltr'><strong>qui</strong></span> <span class='ocrx_word' id='word_1_298' title='bbox 2814 2112 3061 2168; x_wconf 89' lang='lat' dir='ltr'><strong>omnium</strong></span> <span class='ocrx_word' id='word_1_299' title='bbox 3110 2115 3332 2180; x_wconf 82' lang='lat' dir='ltr'><strong>peccata</strong></span> <span class='ocrx_word' id='word_1_300' title='bbox 3365 2105 3514 2161; x_wconf 86' lang='lat' dir='ltr'><strong>tollis</strong></span> <span class='ocrx_word' id='word_1_301' title='bbox 3544 2104 3596 2168; x_wconf 65' lang='grc' dir='ltr'>δ,</span> 
     </span>
    </p>
   </div>
   <div class='ocr_carea' id='block_1_48' title="bbox 2014 2195 3602 2289">
    <p class='ocr_par' dir='ltr' id='par_1_48' title="bbox 2014 2195 3602 2289">
     <span class='ocr_line' id='line_1_48' title="bbox 2014 2195 3602 2289; baseline -0.008 -23"><span class='ocrx_word' id='word_1_302' title='bbox 2014 2227 2184 2289; x_wconf 67' lang='lat' dir='ltr'><strong>grave</strong></span> <span class='ocrx_word' id='word_1_303' title='bbox 2214 2227 2243 2266; x_wconf 87' lang='lat' dir='ltr'><strong>a</strong></span> <span class='ocrx_word' id='word_1_304' title='bbox 2279 2227 2366 2266; x_wconf 88' lang='lat' dir='ltr'><strong>me</strong></span> <span class='ocrx_word' id='word_1_305' title='bbox 2393 2211 2526 2266; x_wconf 89' lang='lat' dir='ltr'><strong>tolle</strong></span> <span class='ocrx_word' id='word_1_306' title='bbox 2549 2209 2761 2280; x_wconf 84' lang='lat' dir='ltr'><strong>peccati</strong></span> <span class='ocrx_word' id='word_1_307' title='bbox 2783 2207 2974 2277; x_wconf 75' lang='lat' dir='ltr'><strong>jugum</strong></span> <span class='ocrx_word' id='word_1_308' title='bbox 2999 2221 3016 2272; x_wconf 86' lang='lat'><strong>;</strong></span> <span class='ocrx_word' id='word_1_309' title='bbox 3045 2205 3312 2272; x_wconf 79' lang='lat' dir='ltr'><strong>mihique,</strong></span> <span class='ocrx_word' id='word_1_310' title='bbox 3343 2209 3403 2254; x_wconf 92' lang='lat' dir='ltr'><strong>ut</strong></span> <span class='ocrx_word' id='word_1_311' title='bbox 3436 2195 3602 2254; x_wconf 78' lang='lat' dir='ltr'><strong>inise-</strong></span> 
     </span>
    </p>
   </div>
   <div class='ocr_carea' id='block_1_49' title="bbox 2017 2299 3050 2384">
    <p class='ocr_par' dir='ltr' id='par_1_49' title="bbox 2017 2299 3050 2384">
     <span class='ocr_line' id='line_1_49' title="bbox 2017 2299 3050 2384; baseline -0.006 -26"><span class='ocrx_word' id='word_1_312' title='bbox 2017 2303 2222 2384; x_wconf 77' lang='lat' dir='ltr'><strong>ricors,</strong></span> <span class='ocrx_word' id='word_1_313' title='bbox 2249 2303 2432 2358; x_wconf 84' lang='lat' dir='ltr'><strong>tribue</strong></span> <span class='ocrx_word' id='word_1_314' title='bbox 2451 2303 2679 2362; x_wconf 81' lang='lat' dir='ltr'><strong>veniam.</strong></span> <span class='ocrx_word' id='word_1_315' title='bbox 2696 2299 3050 2356; x_wconf 84' lang='lat' dir='ltr'><strong>delictorum.</strong></span> 
     </span>
    </p>
   </div>
   <div class='ocr_carea' id='block_1_50' title="bbox 2089 2477 3600 2560">
    <p class='ocr_par' dir='ltr' id='par_1_50' title="bbox 2089 2477 3600 2560">
     <span class='ocr_line' id='line_1_50' title="bbox 2089 2477 3600 2560; baseline -0.009 -16"><span class='ocrx_word' id='word_1_316' title='bbox 2089 2489 2330 2560; x_wconf 86' lang='lat' dir='ltr'><strong>Tempus</strong></span> <span class='ocrx_word' id='word_1_317' title='bbox 2355 2501 2442 2547; x_wconf 83' lang='lat' dir='ltr'><strong>est</strong></span> <span class='ocrx_word' id='word_1_318' title='bbox 2465 2487 2803 2560; x_wconf 73' lang='lat' dir='ltr'><strong>prenitentia:</strong></span> <span class='ocrx_word' id='word_1_319' title='bbox 2832 2504 2846 2552; x_wconf 87' lang='lat'><strong>;</strong></span> <span class='ocrx_word' id='word_1_320' title='bbox 2879 2485 2947 2542; x_wconf 91' lang='lat' dir='ltr'><strong>ad</strong></span> <span class='ocrx_word' id='word_1_321' title='bbox 2978 2491 3030 2538; x_wconf 85' lang='lat' dir='ltr'><strong>te</strong></span> <span class='ocrx_word' id='word_1_322' title='bbox 3061 2479 3268 2536; x_wconf 89' lang='lat' dir='ltr'><strong>accedo</strong></span> <span class='ocrx_word' id='word_1_323' title='bbox 3287 2521 3301 2545; x_wconf 91' lang='lat'><strong>,</strong></span> <span class='ocrx_word' id='word_1_324' title='bbox 3354 2477 3600 2533; x_wconf 78' lang='lat' dir='ltr'><strong>ﬁctorem</strong></span> 
     </span>
    </p>
   </div>
   <div class='ocr_carea' id='block_1_51' title="bbox 2018 2567 3600 2646">
    <p class='ocr_par' dir='ltr' id='par_1_51' title="bbox 2018 2567 3600 2646">
     <span class='ocr_line' id='line_1_51' title="bbox 2018 2567 3600 2646; baseline -0.01 -9"><span class='ocrx_word' id='word_1_325' title='bbox 2018 2597 2221 2638; x_wconf 88' lang='lat' dir='ltr'><strong>meum.</strong></span> <span class='ocrx_word' id='word_1_326' title='bbox 2257 2579 2436 2635; x_wconf 86' lang='lat' dir='ltr'><strong>Grave</strong></span> <span class='ocrx_word' id='word_1_327' title='bbox 2469 2595 2499 2634; x_wconf 88' lang='lat' dir='ltr'><strong>a</strong></span> <span class='ocrx_word' id='word_1_328' title='bbox 2539 2594 2626 2633; x_wconf 87' lang='lat' dir='ltr'><strong>me</strong></span> <span class='ocrx_word' id='word_1_329' title='bbox 2654 2579 2785 2632; x_wconf 90' lang='lat' dir='ltr'><strong>tolle</strong></span> <span class='ocrx_word' id='word_1_330' title='bbox 2819 2573 3029 2646; x_wconf 81' lang='lat' dir='ltr'><strong>peccati</strong></span> <span class='ocrx_word' id='word_1_331' title='bbox 3067 2572 3296 2642; x_wconf 83' lang='lat' dir='ltr'><strong>jugum;</strong></span> <span class='ocrx_word' id='word_1_332' title='bbox 3329 2567 3600 2638; x_wconf 85' lang='lat' dir='ltr'><strong>mihique,</strong></span> 
     </span>
    </p>
   </div>
   <div class='ocr_carea' id='block_1_52' title="bbox 2017 2665 3295 2749">
    <p class='ocr_par' dir='ltr' id='par_1_52' title="bbox 2017 2665 3295 2749">
     <span class='ocr_line' id='line_1_52' title="bbox 2017 2665 3295 2749; baseline -0.009 -19"><span class='ocrx_word' id='word_1_333' title='bbox 2017 2683 2078 2730; x_wconf 91' lang='lat' dir='ltr'><strong>ut</strong></span> <span class='ocrx_word' id='word_1_334' title='bbox 2116 2675 2458 2739; x_wconf 77' lang='lat' dir='ltr'><strong>misericors,</strong></span> <span class='ocrx_word' id='word_1_335' title='bbox 2490 2672 2668 2726; x_wconf 84' lang='lat' dir='ltr'><strong>tribue</strong></span> <span class='ocrx_word' id='word_1_336' title='bbox 2692 2669 2906 2726; x_wconf 81' lang='lat' dir='ltr'><strong>veniam</strong></span> <span class='ocrx_word' id='word_1_337' title='bbox 2927 2665 3295 2749; x_wconf 85' lang='lat' dir='ltr'><strong>delictorum..</strong></span> 
     </span>
    </p>
   </div>
   <div class='ocr_carea' id='block_1_53' title="bbox 2089 2843 3607 2922">
    <p class='ocr_par' dir='ltr' id='par_1_53' title="bbox 2089 2843 3607 2922">
     <span class='ocr_line' id='line_1_53' title="bbox 2089 2843 3607 2922; baseline -0.008 -10"><span class='ocrx_word' id='word_1_338' title='bbox 2089 2857 2167 2914; x_wconf 81' lang='lat' dir='ltr'><strong>Ne</strong></span> <span class='ocrx_word' id='word_1_339' title='bbox 2190 2874 2297 2922; x_wconf 90' lang='lat' dir='ltr'><strong>me,</strong></span> <span class='ocrx_word' id='word_1_340' title='bbox 2327 2855 2603 2918; x_wconf 84' lang='lat' dir='ltr'><strong>Salvator,</strong></span> <span class='ocrx_word' id='word_1_341' title='bbox 2633 2853 3005 2918; x_wconf 85' lang='lat' dir='ltr'><strong>abomineris;</strong></span> <span class='ocrx_word' id='word_1_342' title='bbox 3030 2866 3100 2906; x_wconf 88' lang='lat' dir='ltr'><strong>ne</strong></span> <span class='ocrx_word' id='word_1_343' title='bbox 3120 2847 3384 2921; x_wconf 67' lang='lat' dir='ltr'><strong>proﬁcias</strong></span> <span class='ocrx_word' id='word_1_344' title='bbox 3406 2860 3442 2900; x_wconf 83' lang='lat' dir='ltr'><strong>a</strong></span> <span class='ocrx_word' id='word_1_345' title='bbox 3465 2843 3607 2901; x_wconf 79' lang='lat' dir='ltr'><strong>facie</strong></span> 
     </span>
    </p>
   </div>
   <div class='ocr_carea' id='block_1_54' title="bbox 2019 2939 3608 3043">
    <p class='ocr_par' dir='ltr' id='par_1_54' title="bbox 2019 2939 3608 3043">
     <span class='ocr_line' id='line_1_54' title="bbox 2019 2939 3608 3043; baseline -0.008 -41"><span class='ocrx_word' id='word_1_346' title='bbox 2019 2957 2132 3004; x_wconf 86' lang='lat' dir='ltr'><strong>tua.</strong></span> <span class='ocrx_word' id='word_1_347' title='bbox 2181 2947 2361 3002; x_wconf 86' lang='lat' dir='ltr'><strong>Grave</strong></span> <span class='ocrx_word' id='word_1_348' title='bbox 2389 2964 2418 3001; x_wconf 89' lang='lat' dir='ltr'><strong>a</strong></span> <span class='ocrx_word' id='word_1_349' title='bbox 2456 2962 2540 3001; x_wconf 88' lang='lat' dir='ltr'><strong>tne</strong></span> <span class='ocrx_word' id='word_1_350' title='bbox 2573 2947 2702 3000; x_wconf 91' lang='lat' dir='ltr'><strong>tolle</strong></span> <span class='ocrx_word' id='word_1_351' title='bbox 2760 2944 2974 3015; x_wconf 86' lang='lat' dir='ltr'><strong>peccati</strong></span> <span class='ocrx_word' id='word_1_352' title='bbox 3015 2942 3244 3043; x_wconf 54' lang='lat' dir='ltr'><strong>jugutn;</strong></span> <span class='ocrx_word' id='word_1_353' title='bbox 3277 2939 3526 3008; x_wconf 87' lang='lat' dir='ltr'><strong>mihique</strong></span> <span class='ocrx_word' id='word_1_354' title='bbox 3548 2945 3608 2991; x_wconf 91' lang='lat' dir='ltr'><strong>ut</strong></span> 
     </span>
    </p>
   </div>
   <div class='ocr_carea' id='block_1_55' title="bbox 2017 3035 3178 3096">
    <p class='ocr_par' dir='ltr' id='par_1_55' title="bbox 2017 3035 3178 3096">
     <span class='ocr_line' id='line_1_55' title="bbox 2017 3035 3178 3096; baseline -0.005 -2"><span class='ocrx_word' id='word_1_355' title='bbox 2017 3041 2334 3096; x_wconf 78' lang='lat' dir='ltr'><strong>misericors</strong></span> <span class='ocrx_word' id='word_1_356' title='bbox 2369 3039 2554 3096; x_wconf 87' lang='lat' dir='ltr'><strong>tribue</strong></span> <span class='ocrx_word' id='word_1_357' title='bbox 2581 3039 2794 3094; x_wconf 81' lang='lat' dir='ltr'><strong>veniam</strong></span> <span class='ocrx_word' id='word_1_358' title='bbox 2825 3035 3178 3091; x_wconf 74' lang='lat' dir='ltr'><strong>delictoru&#39;m.</strong></span> 
     </span>
    </p>
   </div>
   <div class='ocr_carea' id='block_1_56' title="bbox 2092 3221 3603 3296">
    <p class='ocr_par' dir='ltr' id='par_1_56' title="bbox 2092 3221 3603 3296">
     <span class='ocr_line' id='line_1_56' title="bbox 2092 3221 3603 3296; baseline -0.007 -13"><span class='ocrx_word' id='word_1_359' title='bbox 2092 3227 2420 3284; x_wconf 71' lang='lat' dir='ltr'><strong>Voluntaria</strong></span> <span class='ocrx_word' id='word_1_360' title='bbox 2473 3242 2590 3282; x_wconf 88' lang='lat' dir='ltr'><strong>mea</strong></span> <span class='ocrx_word' id='word_1_361' title='bbox 2633 3225 2837 3281; x_wconf 86' lang='lat' dir='ltr'><strong>delicta</strong></span> <span class='ocrx_word' id='word_1_362' title='bbox 2888 3233 3200 3296; x_wconf 64' lang='lat' dir='ltr'><strong>praeterque</strong></span> <span class='ocrx_word' id='word_1_363' title='bbox 3245 3221 3603 3282; x_wconf 83' lang='lat' dir='ltr'><strong>voluntatem,</strong></span> 
     </span>
    </p>
   </div>
   <div class='ocr_carea' id='block_1_57' title="bbox 332 3305 1915 3392">
    <p class='ocr_par' dir='ltr' id='par_1_57' title="bbox 332 3305 1915 3386">
     <span class='ocr_line' id='line_1_57' title="bbox 332 3305 1915 3386; baseline 0.012 -31"><span class='ocrx_word' id='word_1_364' title='bbox 332 3321 458 3372; x_wconf 80' lang='grc' dir='ltr'>μου,</span> <span class='ocrx_word' id='word_1_365' title='bbox 511 3305 607 3361; x_wconf 71' lang='grc' dir='ltr'><strong>καὶ</strong></span> <span class='ocrx_word' id='word_1_366' title='bbox 660 3307 726 3360; x_wconf 87' lang='grc' dir='ltr'>τὰ</span> <span class='ocrx_word' id='word_1_367' title='bbox 760 3313 975 3382; x_wconf 81' lang='grc' dir='ltr'>φανερά</span> <span class='ocrx_word' id='word_1_368' title='bbox 1023 3313 1116 3366; x_wconf 77' lang='grc' dir='ltr'>καὶ</span> <span class='ocrx_word' id='word_1_369' title='bbox 1145 3313 1388 3386; x_wconf 81' lang='grc' dir='ltr'>κρυπτὰ,</span> <span class='ocrx_word' id='word_1_370' title='bbox 1433 3315 1531 3372; x_wconf 75' lang='grc' dir='ltr'><strong>καὶ</strong></span> <span class='ocrx_word' id='word_1_371' title='bbox 1561 3317 1780 3383; x_wconf 73' lang='grc' dir='ltr'>γνωστὰ</span> <span class='ocrx_word' id='word_1_372' title='bbox 1821 3321 1915 3374; x_wconf 65' lang='grc' dir='ltr'>καὶ</span> 
     </span>
    </p>
   </div>
   <div class='ocr_carea' id='block_1_58' title="bbox 2037 3305 3610 3392">
    <p class='ocr_par' dir='ltr' id='par_1_58' title="bbox 2037 3311 3610 3389">
     <span class='ocr_line' id='line_1_58' title="bbox 2037 3311 3610 3389; baseline -0.008 -13"><span class='ocrx_word' id='word_1_373' title='bbox 2037 3320 2424 3389; x_wconf 81' lang='lat' dir='ltr'><strong>nauil&#39;estaquc</strong></span> <span class='ocrx_word' id='word_1_374' title='bbox 2454 3329 2508 3374; x_wconf 90' lang='lat' dir='ltr'><strong>et</strong></span> <span class='ocrx_word' id='word_1_375' title='bbox 2540 3319 2780 3382; x_wconf 90' lang='lat' dir='ltr'><strong>occulta,</strong></span> <span class='ocrx_word' id='word_1_376' title='bbox 2806 3317 3028 3388; x_wconf 81' lang='lat' dir='ltr'><strong>cognita</strong></span> <span class='ocrx_word' id='word_1_377' title='bbox 3057 3313 3242 3368; x_wconf 86' lang='lat' dir='ltr'><strong>omnia</strong></span> <span class='ocrx_word' id='word_1_378' title='bbox 3273 3322 3324 3368; x_wconf 88' lang='lat' dir='ltr'><strong>et</strong></span> <span class='ocrx_word' id='word_1_379' title='bbox 3354 3311 3610 3381; x_wconf 79' lang='lat' dir='ltr'><strong>incogni-</strong></span> 
     </span>
    </p>
   </div>
   <div class='ocr_carea' id='block_1_59' title="bbox 327 3393 1915 3494">
    <p class='ocr_par' dir='ltr' id='par_1_59' title="bbox 327 3393 1915 3478">
     <span class='ocr_line' id='line_1_59' title="bbox 327 3393 1915 3478; baseline 0.009 -31"><span class='ocrx_word' id='word_1_380' title='bbox 327 3393 585 3461; x_wconf 69' lang='grc' dir='ltr'>ἄγνωστα</span> <span class='ocrx_word' id='word_1_381' title='bbox 616 3398 814 3462; x_wconf 82' lang='grc' dir='ltr'>πάντα,</span> <span class='ocrx_word' id='word_1_382' title='bbox 851 3405 1209 3474; x_wconf 73' lang='grc' dir='ltr'>συγχωρήσας</span> <span class='ocrx_word' id='word_1_383' title='bbox 1238 3405 1314 3469; x_wconf 85' lang='grc' dir='ltr'>ὠς</span> <span class='ocrx_word' id='word_1_384' title='bbox 1338 3405 1488 3470; x_wconf 82' lang='grc' dir='ltr'>Θεὸς,</span> <span class='ocrx_word' id='word_1_385' title='bbox 1517 3407 1786 3478; x_wconf 83' lang='grc' dir='ltr'>ἱλάσθητι,</span> <span class='ocrx_word' id='word_1_386' title='bbox 1825 3413 1915 3465; x_wconf 74' lang='grc' dir='ltr'>καὶ</span> 
     </span>
    </p>
   </div>
   <div class='ocr_carea' id='block_1_60' title="bbox 2037 3393 3610 3494">
    <p class='ocr_par' dir='ltr' id='par_1_60' title="bbox 2037 3398 3610 3494">
     <span class='ocr_line' id='line_1_60' title="bbox 2037 3398 3610 3494; baseline -0.005 -28"><span class='ocrx_word' id='word_1_387' title='bbox 2037 3428 2098 3478; x_wconf 88' lang='lat' dir='ltr'><strong>.a,</strong></span> <span class='ocrx_word' id='word_1_388' title='bbox 2135 3422 2195 3466; x_wconf 90' lang='lat' dir='ltr'><strong>tu</strong></span> <span class='ocrx_word' id='word_1_389' title='bbox 2228 3412 2504 3477; x_wconf 86' lang='lat' dir='ltr'><strong>Salvator,</strong></span> <span class='ocrx_word' id='word_1_390' title='bbox 2539 3411 2688 3464; x_wconf 78' lang='lat' dir='ltr'><strong>velut</strong></span> <span class='ocrx_word' id='word_1_391' title='bbox 2743 3407 2889 3464; x_wconf 86' lang='lat' dir='ltr'><strong>Deus</strong></span> <span class='ocrx_word' id='word_1_392' title='bbox 2948 3409 3233 3494; x_wconf 70' lang='lat' dir='ltr'><strong>indulgens</strong></span> <span class='ocrx_word' id='word_1_393' title='bbox 3259 3449 3274 3472; x_wconf 90' lang='lat'><strong>,</strong></span> <span class='ocrx_word' id='word_1_394' title='bbox 3333 3398 3610 3476; x_wconf 84' lang='lat' dir='ltr'><strong>propitius</strong></span> 
     </span>
    </p>
   </div>
   <div class='ocr_carea' id='block_1_61' title="bbox 333 3485 629 3558">
    <p class='ocr_par' dir='ltr' id='par_1_61' title="bbox 333 3485 629 3558">
     <span class='ocr_line' id='line_1_61' title="bbox 333 3485 629 3558; baseline 0.02 -22"><span class='ocrx_word' id='word_1_395' title='bbox 333 3485 513 3544; x_wconf 78' lang='grc' dir='ltr'>σῶσόν</span> <span class='ocrx_word' id='word_1_396' title='bbox 537 3506 629 3558; x_wconf 88' lang='grc' dir='ltr'>με.</span> 
     </span>
    </p>
   </div>
   <div class='ocr_carea' id='block_1_62' title="bbox 417 3577 1916 3656">
    <p class='ocr_par' dir='ltr' id='par_1_62' title="bbox 417 3577 1916 3656">
     <span class='ocr_line' id='line_1_62' title="bbox 417 3577 1916 3656; baseline 0.011 -25"><span class='ocrx_word' id='word_1_397' title='bbox 417 3577 511 3632; x_wconf 87' lang='grc' dir='ltr'><strong>Ἐκ</strong></span> <span class='ocrx_word' id='word_1_398' title='bbox 543 3583 817 3652; x_wconf 83' lang='grc' dir='ltr'>νεότητος,</span> <span class='ocrx_word' id='word_1_399' title='bbox 857 3584 1064 3656; x_wconf 86' lang='grc' dir='ltr'>Σῶτερ,</span> <span class='ocrx_word' id='word_1_400' title='bbox 1096 3587 1195 3652; x_wconf 75' lang='grc' dir='ltr'><strong>τὰς</strong></span> <span class='ocrx_word' id='word_1_401' title='bbox 1231 3589 1453 3654; x_wconf 83' lang='grc' dir='ltr'>ἐντολάς</span> <span class='ocrx_word' id='word_1_402' title='bbox 1485 3608 1579 3644; x_wconf 85' lang='grc' dir='ltr'>σου</span> <span class='ocrx_word' id='word_1_403' title='bbox 1615 3593 1916 3648; x_wconf 80' lang='grc' dir='ltr'>ἐπαπωσά-</span> 
     </span>
    </p>
   </div>
   <div class='ocr_carea' id='block_1_63' title="bbox 335 3673 1919 3754">
    <p class='ocr_par' dir='ltr' id='par_1_63' title="bbox 335 3673 1919 3754">
     <span class='ocr_line' id='line_1_63' title="bbox 335 3673 1919 3754; baseline 0.011 -31"><span class='ocrx_word' id='word_1_404' title='bbox 335 3687 466 3741; x_wconf 84' lang='grc' dir='ltr'>μην.</span> <span class='ocrx_word' id='word_1_405' title='bbox 487 3673 664 3738; x_wconf 79' lang='grc' dir='ltr'>Ὅλως</span> <span class='ocrx_word' id='word_1_406' title='bbox 698 3677 959 3745; x_wconf 79' lang='grc' dir='ltr'><strong>ἐμπαθῶς</strong></span> <span class='ocrx_word' id='word_1_407' title='bbox 985 3678 1207 3748; x_wconf 80' lang='grc' dir='ltr'>ἀμελῶν</span> <span class='ocrx_word' id='word_1_408' title='bbox 1235 3681 1502 3752; x_wconf 78' lang='grc' dir='ltr'>ῥᾳθυμῶν</span> <span class='ocrx_word' id='word_1_409' title='bbox 1532 3685 1806 3754; x_wconf 78' lang='grc' dir='ltr'>παρῆλθον</span> <span class='ocrx_word' id='word_1_410' title='bbox 1827 3687 1919 3740; x_wconf 76' lang='grc' dir='ltr'>τὸν</span> 
     </span>
    </p>
   </div>
   <div class='ocr_carea' id='block_1_64' title="bbox 335 3763 1920 3846">
    <p class='ocr_par' dir='ltr' id='par_1_64' title="bbox 335 3763 1920 3846">
     <span class='ocr_line' id='line_1_64' title="bbox 335 3763 1920 3846; baseline 0.01 -31"><span class='ocrx_word' id='word_1_411' title='bbox 335 3763 474 3833; x_wconf 81' lang='grc' dir='ltr'>βίον.</span> <span class='ocrx_word' id='word_1_412' title='bbox 523 3766 615 3818; x_wconf 77' lang='grc' dir='ltr'><strong>Διὸ</strong></span> <span class='ocrx_word' id='word_1_413' title='bbox 647 3766 836 3838; x_wconf 77' lang='grc' dir='ltr'>κράζω</span> <span class='ocrx_word' id='word_1_414' title='bbox 869 3786 970 3834; x_wconf 77' lang='grc' dir='ltr'>σοι,</span> <span class='ocrx_word' id='word_1_415' title='bbox 1007 3771 1192 3845; x_wconf 84' lang='grc' dir='ltr'>Σῶτερ</span> <span class='ocrx_word' id='word_1_416' title='bbox 1219 3785 1233 3800; x_wconf 76' lang='grc'><strong><em>⁸</em></strong></span> <span class='ocrx_word' id='word_1_417' title='bbox 1267 3774 1372 3827; x_wconf 84' lang='grc' dir='ltr'>κᾶν</span> <span class='ocrx_word' id='word_1_418' title='bbox 1403 3777 1460 3828; x_wconf 79' lang='grc' dir='ltr'>ἐν</span> <span class='ocrx_word' id='word_1_419' title='bbox 1513 3776 1590 3846; x_wconf 79' lang='grc' dir='ltr'>τῷ</span> <span class='ocrx_word' id='word_1_420' title='bbox 1628 3777 1790 3840; x_wconf 80' lang='grc' dir='ltr'>τέλει,</span> <span class='ocrx_word' id='word_1_421' title='bbox 1820 3777 1920 3831; x_wconf 85' lang='grc' dir='ltr'>σῶ-</span> 
     </span>
    </p>
   </div>
   <div class='ocr_carea' id='block_1_65' title="bbox 335 3858 552 3928">
    <p class='ocr_par' dir='ltr' id='par_1_65' title="bbox 335 3858 552 3928">
     <span class='ocr_line' id='line_1_65' title="bbox 335 3858 552 3928; baseline 0.014 -20"><span class='ocrx_word' id='word_1_422' title='bbox 335 3858 427 3910; x_wconf 79' lang='grc' dir='ltr'>σόν</span> <span class='ocrx_word' id='word_1_423' title='bbox 463 3877 552 3928; x_wconf 85' lang='grc' dir='ltr'>με.</span> 
     </span>
    </p>
   </div>
   <div class='ocr_carea' id='block_1_66' title="bbox 386 3949 1922 4026">
    <p class='ocr_par' dir='ltr' id='par_1_66' title="bbox 386 3949 1922 4026">
     <span class='ocr_line' id='line_1_66' title="bbox 386 3949 1922 4026; baseline 0.012 -25"><span class='ocrx_word' id='word_1_424' title='bbox 386 3949 520 4026; x_wconf 68' lang='grc' dir='ltr'><strong>ιΤῂν</strong></span> <span class='ocrx_word' id='word_1_425' title='bbox 547 3951 739 4004; x_wconf 85' lang='grc' dir='ltr'>ούσίαν</span> <span class='ocrx_word' id='word_1_426' title='bbox 793 3969 910 4017; x_wconf 88' lang='grc' dir='ltr'>σου,</span> <span class='ocrx_word' id='word_1_427' title='bbox 961 3953 1133 4026; x_wconf 73' lang='grc' dir='ltr'>ψυχὴ,</span> <span class='ocrx_word' id='word_1_428' title='bbox 1185 3958 1574 4023; x_wconf 81' lang='grc' dir='ltr'>καταναλώσας</span> <span class='ocrx_word' id='word_1_429' title='bbox 1609 3965 1730 4026; x_wconf 85' lang='grc' dir='ltr'>ταῖς</span> <span class='ocrx_word' id='word_1_430' title='bbox 1775 3966 1922 4020; x_wconf 85' lang='grc' dir='ltr'>ἀσω-</span> 
     </span>
    </p>
   </div>
   <div class='ocr_carea' id='block_1_67' title="bbox 331 4037 1923 4122">
    <p class='ocr_par' dir='ltr' id='par_1_67' title="bbox 331 4037 1923 4122">
     <span class='ocr_line' id='line_1_67' title="bbox 331 4037 1923 4122; baseline 0.012 -32"><span class='ocrx_word' id='word_1_431' title='bbox 331 4037 498 4102; x_wconf 79' lang='grc' dir='ltr'>τίαις,</span> <span class='ocrx_word' id='word_1_432' title='bbox 525 4038 732 4110; x_wconf 75' lang='grc' dir='ltr'>ἔρημος</span> <span class='ocrx_word' id='word_1_433' title='bbox 761 4042 790 4093; x_wconf 85' lang='grc' dir='ltr'>ὑ</span> <span class='ocrx_word' id='word_1_434' title='bbox 805 4041 1030 4114; x_wconf 80' lang='grc' dir='ltr'>πάρχεις</span> <span class='ocrx_word' id='word_1_435' title='bbox 1046 4047 1274 4116; x_wconf 84' lang='grc' dir='ltr'>καρπῶν</span> <span class='ocrx_word' id='word_1_436' title='bbox 1295 4048 1556 4103; x_wconf 78' lang='grc' dir='ltr'>εὐσεϐῶν·</span> <span class='ocrx_word' id='word_1_437' title='bbox 1578 4051 1923 4122; x_wconf 76' lang='grc' dir='ltr'>λιμώττουσα</span> 
     </span>
    </p>
   </div>
   <div class='ocr_carea' id='block_1_68' title="bbox 335 4125 1924 4220">
    <p class='ocr_par' dir='ltr' id='par_1_68' title="bbox 335 4125 1924 4220">
     <span class='ocr_line' id='line_1_68' title="bbox 335 4125 1924 4220; baseline 0.011 -40"><span class='ocrx_word' id='word_1_438' title='bbox 335 4127 564 4220; x_wconf 77' lang='grc' dir='ltr'>κρᾶζον·</span> <span class='ocrx_word' id='word_1_439' title='bbox 592 4125 664 4183; x_wconf 84' lang='grc' dir='ltr'><strong><em>Ὦ</em></strong></span> <span class='ocrx_word' id='word_1_440' title='bbox 694 4133 882 4204; x_wconf 78' lang='grc' dir='ltr'>Πάτὲρ</span> <span class='ocrx_word' id='word_1_441' title='bbox 910 4134 1020 4187; x_wconf 88' lang='grc' dir='ltr'><strong>τῶν</strong></span> <span class='ocrx_word' id='word_1_442' title='bbox 1042 4137 1346 4209; x_wconf 74' lang='grc' dir='ltr'>οἰκτιρμῶν</span> <span class='ocrx_word' id='word_1_443' title='bbox 1384 4141 1726 4211; x_wconf 78' lang='grc' dir='ltr'>προφθάσας,</span> <span class='ocrx_word' id='word_1_444' title='bbox 1762 4143 1827 4198; x_wconf 87' lang='grc' dir='ltr'><strong>σύ</strong></span> <span class='ocrx_word' id='word_1_445' title='bbox 1855 4164 1924 4220; x_wconf 87' lang='grc' dir='ltr'><strong>με</strong></span> 
     </span>
    </p>
   </div>
   <div class='ocr_carea' id='block_1_69' title="bbox 333 4217 627 4288">
    <p class='ocr_par' dir='ltr' id='par_1_69' title="bbox 333 4217 627 4288">
     <span class='ocr_line' id='line_1_69' title="bbox 333 4217 627 4288; baseline 0.014 -20"><span class='ocrx_word' id='word_1_446' title='bbox 333 4217 627 4288; x_wconf 82' lang='grc' dir='ltr'>οἴκτειρον.</span> 
     </span>
    </p>
   </div>
   <div class='ocr_carea' id='block_1_70' title="bbox 405 4313 1924 4397">
    <p class='ocr_par' dir='ltr' id='par_1_70' title="bbox 405 4313 1924 4397">
     <span class='ocr_line' id='line_1_70' title="bbox 405 4313 1924 4397; baseline 0.011 -33"><span class='ocrx_word' id='word_1_447' title='bbox 405 4313 498 4364; x_wconf 64' lang='grc' dir='ltr'><strong>Σοὶ⁷</strong></span> <span class='ocrx_word' id='word_1_448' title='bbox 523 4315 877 4384; x_wconf 82' lang='grc' dir='ltr'>προσπίπτω,</span> <span class='ocrx_word' id='word_1_449' title='bbox 936 4318 1134 4388; x_wconf 79' lang='grc' dir='ltr'><strong>Ἰησοῦ”</strong></span> <span class='ocrx_word' id='word_1_450' title='bbox 1165 4320 1473 4391; x_wconf 75' lang='grc' dir='ltr'>ἡμάρτηκά</span> <span class='ocrx_word' id='word_1_451' title='bbox 1521 4340 1628 4388; x_wconf 88' lang='grc' dir='ltr'>σοι,</span> <span class='ocrx_word' id='word_1_452' title='bbox 1673 4324 1924 4397; x_wconf 71' lang='grc' dir='ltr'>ἱλάσθητί</span> 
     </span>
    </p>
   </div>
   <div class='ocr_carea' id='block_1_71' title="bbox 344 4399 1926 4490">
    <p class='ocr_par' dir='ltr' id='par_1_71' title="bbox 344 4399 1926 4490">
     <span class='ocr_line' id='line_1_71' title="bbox 344 4399 1926 4490; baseline 0.011 -35"><span class='ocrx_word' id='word_1_453' title='bbox 344 4418 456 4472; x_wconf 90' lang='grc' dir='ltr'>μοι·</span> <span class='ocrx_word' id='word_1_454' title='bbox 490 4399 622 4474; x_wconf 83' lang='grc' dir='ltr'>ἆρον</span> <span class='ocrx_word' id='word_1_455' title='bbox 649 4407 758 4460; x_wconf 82' lang='grc' dir='ltr'>’τὸν</span> <span class='ocrx_word' id='word_1_456' title='bbox 808 4409 986 4462; x_wconf 71' lang='grc' dir='ltr'>κλοιὸν</span> <span class='ocrx_word' id='word_1_457' title='bbox 1013 4411 1108 4463; x_wconf 85' lang='grc' dir='ltr'>ἀπ’</span> <span class='ocrx_word' id='word_1_458' title='bbox 1133 4411 1269 4480; x_wconf 78' lang='grc' dir='ltr'>ἐμοῦ</span> <span class='ocrx_word' id='word_1_459' title='bbox 1317 4414 1408 4467; x_wconf 67' lang='grc' dir='ltr'>τὸν</span> <span class='ocrx_word' id='word_1_460' title='bbox 1444 4414 1635 4486; x_wconf 78' lang='grc' dir='ltr'>βαρὺν,</span> <span class='ocrx_word' id='word_1_461' title='bbox 1682 4417 1775 4471; x_wconf 82' lang='grc' dir='ltr'>τὸν</span> <span class='ocrx_word' id='word_1_462' title='bbox 1827 4421 1926 4490; x_wconf 83' lang='grc' dir='ltr'>τῆς</span> 
     </span>
    </p>
   </div>
   <div class='ocr_carea' id='block_1_72' title="bbox 339 4495 1924 4581">
    <p class='ocr_par' dir='ltr' id='par_1_72' title="bbox 339 4495 1924 4581">
     <span class='ocr_line' id='line_1_72' title="bbox 339 4495 1924 4581; baseline 0.012 -36"><span class='ocrx_word' id='word_1_463' title='bbox 339 4495 636 4566; x_wconf 77' lang='grc' dir='ltr'>ἁμαρτίας,</span> <span class='ocrx_word' id='word_1_464' title='bbox 681 4499 777 4551; x_wconf 74' lang='grc' dir='ltr'><strong>καὶ</strong></span> <span class='ocrx_word' id='word_1_465' title='bbox 832 4501 908 4563; x_wconf 86' lang='grc' dir='ltr'>ὼς</span> <span class='ocrx_word' id='word_1_466' title='bbox 962 4499 1340 4573; x_wconf 76' lang='grc' dir='ltr'>εὖσπλαγχνός</span> <span class='ocrx_word' id='word_1_467' title='bbox 1401 4523 1492 4576; x_wconf 87' lang='grc' dir='ltr'>μοι</span> <span class='ocrx_word' id='word_1_468' title='bbox 1552 4506 1640 4572; x_wconf 83' lang='grc' dir='ltr'><strong>δὸς</strong></span> <span class='ocrx_word' id='word_1_469' title='bbox 1712 4508 1924 4581; x_wconf 79' lang='grc' dir='ltr'><strong>δάκρυα</strong></span> 
     </span>
    </p>
   </div>
   <div class='ocr_carea' id='block_1_73' title="bbox 333 4585 708 4652">
    <p class='ocr_par' dir='ltr' id='par_1_73' title="bbox 333 4585 708 4652">
     <span class='ocr_line' id='line_1_73' title="bbox 333 4585 708 4652; baseline 0.011 -14"><span class='ocrx_word' id='word_1_470' title='bbox 333 4585 708 4652; x_wconf 82' lang='grc' dir='ltr'>κατανύξεως.</span> 
     </span>
    </p>
   </div>
   <div class='ocr_carea' id='block_1_74' title="bbox 2020 3499 2866 3568">
    <p class='ocr_par' dir='ltr' id='par_1_74' title="bbox 2020 3499 2866 3568">
     <span class='ocr_line' id='line_1_74' title="bbox 2020 3499 2866 3568; baseline -0.005 -8"><span class='ocrx_word' id='word_1_471' title='bbox 2020 3515 2173 3568; x_wconf 83' lang='lat' dir='ltr'><strong>esto;</strong></span> <span class='ocrx_word' id='word_1_472' title='bbox 2211 3517 2276 3558; x_wconf 88' lang='lat' dir='ltr'><strong>ac</strong></span> <span class='ocrx_word' id='word_1_473' title='bbox 2309 3518 2394 3556; x_wconf 87' lang='lat' dir='ltr'><strong>me</strong></span> <span class='ocrx_word' id='word_1_474' title='bbox 2431 3503 2640 3557; x_wconf 87' lang='lat' dir='ltr'><strong>salvum</strong></span> <span class='ocrx_word' id='word_1_475' title='bbox 2678 3499 2866 3568; x_wconf 69' lang='lat' dir='ltr'><strong>facito,</strong></span> 
     </span>
    </p>
   </div>
   <div class='ocr_carea' id='block_1_75' title="bbox 2023 3578 3613 3662">
    <p class='ocr_par' dir='ltr' id='par_1_75' title="bbox 2023 3578 3613 3662">
     <span class='ocr_line' id='line_1_75' title="bbox 2023 3578 3613 3662; baseline -0.005 -12"><span class='ocrx_word' id='word_1_476' title='bbox 2023 3578 2026 3581; x_wconf 41' lang='grc'>’</span> <span class='ocrx_word' id='word_1_477' title='bbox 2093 3595 2232 3660; x_wconf 87' lang='lat' dir='ltr'><strong>Tua,</strong></span> <span class='ocrx_word' id='word_1_478' title='bbox 2260 3593 2534 3658; x_wconf 86' lang='lat' dir='ltr'><strong>Salvator,</strong></span> <span class='ocrx_word' id='word_1_479' title='bbox 2566 3593 2846 3656; x_wconf 89' lang='lat' dir='ltr'><strong>mandata,</strong></span> <span class='ocrx_word' id='word_1_480' title='bbox 2878 3609 2906 3646; x_wconf 90' lang='lat' dir='ltr'><strong>a</strong></span> <span class='ocrx_word' id='word_1_481' title='bbox 2936 3592 3225 3661; x_wconf 87' lang='lat' dir='ltr'><strong>juventnte</strong></span> <span class='ocrx_word' id='word_1_482' title='bbox 3259 3591 3464 3662; x_wconf 72' lang='lat' dir='ltr'><strong>repuli;</strong></span> <span class='ocrx_word' id='word_1_483' title='bbox 3495 3605 3613 3644; x_wconf 87' lang='lat' dir='ltr'><strong>om-</strong></span> 
     </span>
    </p>
   </div>
   <div class='ocr_carea' id='block_1_76' title="bbox 2023 3684 3610 3758">
    <p class='ocr_par' dir='ltr' id='par_1_76' title="bbox 2023 3684 3610 3758">
     <span class='ocr_line' id='line_1_76' title="bbox 2023 3684 3610 3758; baseline -0.004 -16"><span class='ocrx_word' id='word_1_484' title='bbox 2023 3689 2156 3742; x_wconf 92' lang='lat' dir='ltr'><strong>nino</strong></span> <span class='ocrx_word' id='word_1_485' title='bbox 2185 3687 2472 3758; x_wconf 78' lang='lat' dir='ltr'><strong>negligens</strong></span> <span class='ocrx_word' id='word_1_486' title='bbox 2506 3697 2558 3740; x_wconf 92' lang='lat' dir='ltr'><strong>et</strong></span> <span class='ocrx_word' id='word_1_487' title='bbox 2609 3691 2866 3756; x_wconf 86' lang='lat' dir='ltr'><strong>supinus,</strong></span> <span class='ocrx_word' id='word_1_488' title='bbox 2902 3687 3066 3738; x_wconf 87' lang='lat' dir='ltr'><strong>vitam</strong></span> <span class='ocrx_word' id='word_1_489' title='bbox 3093 3686 3288 3740; x_wconf 82' lang='lat' dir='ltr'><strong>vitiose</strong></span> <span class='ocrx_word' id='word_1_490' title='bbox 3327 3684 3610 3752; x_wconf 81' lang='lat' dir='ltr'><strong>transegi;</strong></span> 
     </span>
    </p>
   </div>
   <div class='ocr_carea' id='block_1_77' title="bbox 2021 3775 3614 3848">
    <p class='ocr_par' dir='ltr' id='par_1_77' title="bbox 2021 3775 3614 3848">
     <span class='ocr_line' id='line_1_77' title="bbox 2021 3775 3614 3848; baseline -0.001 -16"><span class='ocrx_word' id='word_1_491' title='bbox 2021 3780 2382 3848; x_wconf 87' lang='lat' dir='ltr'><strong>quamobrem</strong></span> <span class='ocrx_word' id='word_1_492' title='bbox 2420 3778 2603 3834; x_wconf 85' lang='lat' dir='ltr'><strong>clamo</strong></span> <span class='ocrx_word' id='word_1_493' title='bbox 2639 3779 2706 3832; x_wconf 88' lang='lat' dir='ltr'><strong>ad</strong></span> <span class='ocrx_word' id='word_1_494' title='bbox 2763 3787 2835 3844; x_wconf 91' lang='lat' dir='ltr'><strong>te,</strong></span> <span class='ocrx_word' id='word_1_495' title='bbox 2879 3775 3152 3841; x_wconf 83' lang='lat' dir='ltr'><strong>Salvator,</strong></span> <span class='ocrx_word' id='word_1_496' title='bbox 3195 3786 3252 3830; x_wconf 88' lang='lat' dir='ltr'><strong>ut</strong></span> <span class='ocrx_word' id='word_1_497' title='bbox 3290 3777 3372 3832; x_wconf 86' lang='lat' dir='ltr'><strong>vel</strong></span> <span class='ocrx_word' id='word_1_498' title='bbox 3409 3777 3464 3831; x_wconf 90' lang='lat' dir='ltr'><strong>in</strong></span> <span class='ocrx_word' id='word_1_499' title='bbox 3507 3775 3614 3830; x_wconf 81' lang='lat' dir='ltr'><strong>ﬁne</strong></span> 
     </span>
    </p>
   </div>
   <div class='ocr_carea' id='block_1_78' title="bbox 2023 3873 2710 3942">
    <p class='ocr_par' dir='ltr' id='par_1_78' title="bbox 2023 3873 2710 3942">
     <span class='ocr_line' id='line_1_78' title="bbox 2023 3873 2710 3942; baseline -0.001 -14"><span class='ocrx_word' id='word_1_500' title='bbox 2023 3875 2256 3928; x_wconf 85' lang='lat' dir='ltr'><strong>salutem</strong></span> <span class='ocrx_word' id='word_1_501' title='bbox 2293 3873 2423 3927; x_wconf 88' lang='lat' dir='ltr'><strong>mihi</strong></span> <span class='ocrx_word' id='word_1_502' title='bbox 2461 3881 2710 3942; x_wconf 67' lang='lat' dir='ltr'><strong>praestes.</strong></span> 
     </span>
    </p>
   </div>
   <div class='ocr_carea' id='block_1_79' title="bbox 2095 3963 3616 4036">
    <p class='ocr_par' dir='ltr' id='par_1_79' title="bbox 2095 3963 3616 4036">
     <span class='ocr_line' id='line_1_79' title="bbox 2095 3963 3616 4036; baseline -0.004 -14"><span class='ocrx_word' id='word_1_503' title='bbox 2095 3966 2436 4035; x_wconf 86' lang='lat' dir='ltr'><strong>Consumpta</strong></span> <span class='ocrx_word' id='word_1_504' title='bbox 2485 3965 2774 4019; x_wconf 78' lang='lat' dir='ltr'><strong>luxuriose</strong></span> <span class='ocrx_word' id='word_1_505' title='bbox 2807 3963 2918 4036; x_wconf 63' lang='lat'><strong>(‘29)</strong></span> <span class='ocrx_word' id='word_1_506' title='bbox 2955 3973 3046 4020; x_wconf 87' lang='lat' dir='ltr'><strong>tua</strong></span> <span class='ocrx_word' id='word_1_507' title='bbox 3079 3963 3414 4024; x_wconf 85' lang='lat' dir='ltr'><strong>substantia,</strong></span> <span class='ocrx_word' id='word_1_508' title='bbox 3441 3981 3474 4019; x_wconf 94' lang='lat' dir='ltr'><strong>o</strong></span> <span class='ocrx_word' id='word_1_509' title='bbox 3497 3963 3616 4017; x_wconf 85' lang='lat' dir='ltr'><strong>ani-</strong></span> 
     </span>
    </p>
   </div>
   <div class='ocr_carea' id='block_1_80' title="bbox 2027 4054 3610 4127">
    <p class='ocr_par' dir='ltr' id='par_1_80' title="bbox 2027 4054 3610 4127">
     <span class='ocr_line' id='line_1_80' title="bbox 2027 4054 3610 4127; baseline -0.003 -15"><span class='ocrx_word' id='word_1_510' title='bbox 2027 4073 2136 4120; x_wconf 89' lang='lat' dir='ltr'><strong>ma,</strong></span> <span class='ocrx_word' id='word_1_511' title='bbox 2173 4057 2318 4112; x_wconf 90' lang='lat' dir='ltr'><strong>nuda</strong></span> <span class='ocrx_word' id='word_1_512' title='bbox 2348 4073 2410 4112; x_wconf 89' lang='lat' dir='ltr'><strong>es</strong></span> <span class='ocrx_word' id='word_1_513' title='bbox 2439 4057 2649 4112; x_wconf 88' lang='lat' dir='ltr'><strong>sanctis</strong></span> <span class='ocrx_word' id='word_1_514' title='bbox 2674 4057 2936 4127; x_wconf 89' lang='lat' dir='ltr'><strong>operibus</strong></span> <span class='ocrx_word' id='word_1_515' title='bbox 2973 4075 2986 4108; x_wconf 92' lang='lat'>:</span> <span class='ocrx_word' id='word_1_516' title='bbox 3021 4058 3197 4111; x_wconf 89' lang='lat' dir='ltr'><strong>clama</strong></span> <span class='ocrx_word' id='word_1_517' title='bbox 3235 4057 3289 4110; x_wconf 90' lang='lat' dir='ltr'><strong>in</strong></span> <span class='ocrx_word' id='word_1_518' title='bbox 3338 4054 3610 4111; x_wconf 77' lang='lat' dir='ltr'><strong>famez’l&#39;u</strong></span> 
     </span>
    </p>
   </div>
   <div class='ocr_carea' id='block_1_81' title="bbox 2025 4137 3576 4218">
    <p class='ocr_par' dir='ltr' id='par_1_81' title="bbox 2025 4137 3576 4218">
     <span class='ocr_line' id='line_1_81' title="bbox 2025 4137 3576 4218; baseline -0.001 -16"><span class='ocrx_word' id='word_1_519' title='bbox 2025 4147 2187 4205; x_wconf 80' lang='lat' dir='ltr'><strong>Pater</strong></span> <span class='ocrx_word' id='word_1_520' title='bbox 2219 4137 2734 4207; x_wconf 84' lang='lat' dir='ltr'><strong>misericordiarum</strong></span> <span class='ocrx_word' id='word_1_521' title='bbox 2755 4149 3116 4218; x_wconf 73' lang='lat' dir='ltr'><strong>prmveniens,</strong></span> <span class='ocrx_word' id='word_1_522' title='bbox 3147 4149 3251 4202; x_wconf 89' lang='lat' dir='ltr'><strong>mei</strong></span> <span class='ocrx_word' id='word_1_523' title='bbox 3291 4147 3576 4204; x_wconf 89' lang='lat' dir='ltr'><strong>miserere.</strong></span> 
     </span>
    </p>
   </div>
   <div class='ocr_carea' id='block_1_82' title="bbox 2098 4329 3611 4404">
    <p class='ocr_par' dir='ltr' id='par_1_82' title="bbox 2098 4329 3611 4404">
     <span class='ocr_line' id='line_1_82' title="bbox 2098 4329 3611 4404; baseline 0.002 -20"><span class='ocrx_word' id='word_1_524' title='bbox 2098 4329 2240 4399; x_wconf 89' lang='lat' dir='ltr'><strong>Tibi,</strong></span> <span class='ocrx_word' id='word_1_525' title='bbox 2266 4330 2392 4388; x_wconf 82' lang='lat' dir='ltr'><strong>Jcsu</strong></span> <span class='ocrx_word' id='word_1_526' title='bbox 2415 4371 2430 4397; x_wconf 93' lang='lat'><strong>,</strong></span> <span class='ocrx_word' id='word_1_527' title='bbox 2468 4333 2695 4398; x_wconf 88' lang='lat' dir='ltr'><strong>accido;</strong></span> <span class='ocrx_word' id='word_1_528' title='bbox 2731 4333 2828 4387; x_wconf 76' lang='lat' dir='ltr'><strong>tibi</strong></span> <span class='ocrx_word' id='word_1_529' title='bbox 2849 4335 3112 4404; x_wconf 83' lang='lat' dir='ltr'><strong>peccavi;</strong></span> <span class='ocrx_word' id='word_1_530' title='bbox 3157 4333 3288 4386; x_wconf 86' lang='lat' dir='ltr'><strong>mihi</strong></span> <span class='ocrx_word' id='word_1_531' title='bbox 3335 4341 3456 4388; x_wconf 89' lang='lat' dir='ltr'><strong>esto</strong></span> <span class='ocrx_word' id='word_1_532' title='bbox 3485 4347 3611 4402; x_wconf 88' lang='lat' dir='ltr'><strong>pro-</strong></span> 
     </span>
    </p>
   </div>
   <div class='ocr_carea' id='block_1_83' title="bbox 2025 4423 3614 4498">
    <p class='ocr_par' dir='ltr' id='par_1_83' title="bbox 2025 4423 3614 4498">
     <span class='ocr_line' id='line_1_83' title="bbox 2025 4423 3614 4498; baseline 0.002 -22"><span class='ocrx_word' id='word_1_533' title='bbox 2025 4423 2226 4493; x_wconf 85' lang='lat' dir='ltr'><strong>pitius;</strong></span> <span class='ocrx_word' id='word_1_534' title='bbox 2259 4438 2427 4494; x_wconf 76' lang='lat' dir='ltr'><strong>grave</strong></span> <span class='ocrx_word' id='word_1_535' title='bbox 2476 4439 2510 4478; x_wconf 86' lang='lat' dir='ltr'><strong>a</strong></span> <span class='ocrx_word' id='word_1_536' title='bbox 2559 4440 2643 4479; x_wconf 89' lang='lat' dir='ltr'><strong>me</strong></span> <span class='ocrx_word' id='word_1_537' title='bbox 2695 4426 2827 4480; x_wconf 90' lang='lat' dir='ltr'><strong>tolle</strong></span> <span class='ocrx_word' id='word_1_538' title='bbox 2882 4427 3090 4496; x_wconf 86' lang='lat' dir='ltr'><strong>peccati</strong></span> <span class='ocrx_word' id='word_1_539' title='bbox 3123 4427 3361 4498; x_wconf 78' lang='lat' dir='ltr'><strong>jugum;</strong></span> <span class='ocrx_word' id='word_1_540' title='bbox 3408 4440 3614 4496; x_wconf 84' lang='lat' dir='ltr'><strong>proque</strong></span> 
     </span>
    </p>
   </div>
   <div class='ocr_carea' id='block_1_84' title="bbox 2027 4515 3518 4589">
    <p class='ocr_par' dir='ltr' id='par_1_84' title="bbox 2027 4515 3518 4589">
     <span class='ocr_line' id='line_1_84' title="bbox 2027 4515 3518 4589; baseline 0 -19"><span class='ocrx_word' id='word_1_541' title='bbox 2027 4525 2118 4570; x_wconf 83' lang='lat' dir='ltr'><strong>tua</strong></span> <span class='ocrx_word' id='word_1_542' title='bbox 2158 4515 2470 4582; x_wconf 88' lang='lat' dir='ltr'><strong>clementia,</strong></span> <span class='ocrx_word' id='word_1_543' title='bbox 2514 4517 2962 4587; x_wconf 86' lang='lat' dir='ltr'><strong>compunctiouis</strong></span> <span class='ocrx_word' id='word_1_544' title='bbox 2993 4517 3270 4589; x_wconf 88' lang='lat' dir='ltr'><strong>lacrymas</strong></span> <span class='ocrx_word' id='word_1_545' title='bbox 3295 4518 3518 4587; x_wconf 83' lang='lat' dir='ltr'><strong>largire.</strong></span> 
     </span>
    </p>
   </div>
   <div class='ocr_carea' id='block_1_85' title="bbox 407 4675 1915 4765">
    <p class='ocr_par' dir='ltr' id='par_1_85' title="bbox 407 4675 1915 4759">
     <span class='ocr_line' id='line_1_85' title="bbox 407 4675 1915 4759; baseline 0.013 -31"><span class='ocrx_word' id='word_1_546' title='bbox 407 4675 498 4746; x_wconf 86' lang='grc' dir='ltr'><strong>Μὴ</strong></span> <span class='ocrx_word' id='word_1_547' title='bbox 529 4677 782 4751; x_wconf 74' lang='grc' dir='ltr'>εἰσέλθῃς</span> <span class='ocrx_word' id='word_1_548' title='bbox 821 4683 940 4750; x_wconf 75' lang='grc' dir='ltr'>μετ’</span> <span class='ocrx_word' id='word_1_549' title='bbox 977 4683 1116 4753; x_wconf 74' lang='grc' dir='ltr'>ἐμοῦ</span> <span class='ocrx_word' id='word_1_550' title='bbox 1157 4685 1216 4736; x_wconf 86' lang='grc' dir='ltr'>ὲν</span> <span class='ocrx_word' id='word_1_551' title='bbox 1239 4687 1439 4755; x_wconf 76' lang='grc' dir='ltr'>κρίσει,</span> <span class='ocrx_word' id='word_1_552' title='bbox 1481 4689 1663 4757; x_wconf 77' lang='grc' dir='ltr'>φέρων</span> <span class='ocrx_word' id='word_1_553' title='bbox 1695 4707 1798 4759; x_wconf 82' lang='grc' dir='ltr'><strong>μου</strong></span> <span class='ocrx_word' id='word_1_554' title='bbox 1853 4693 1915 4747; x_wconf 60' lang='grc' dir='ltr'>τὰ</span> 
     </span>
    </p>
   </div>
   <div class='ocr_carea' id='block_1_86' title="bbox 2037 4675 3618 4765">
    <p class='ocr_par' dir='ltr' id='par_1_86' title="bbox 2098 4691 3618 4765">
     <span class='ocr_line' id='line_1_86' title="bbox 2098 4691 3618 4765; baseline 0.001 -19"><span class='ocrx_word' id='word_1_555' title='bbox 2098 4691 2177 4746; x_wconf 85' lang='lat' dir='ltr'><strong>Ne</strong></span> <span class='ocrx_word' id='word_1_556' title='bbox 2208 4707 2422 4749; x_wconf 89' lang='lat' dir='ltr'><strong>mecum</strong></span> <span class='ocrx_word' id='word_1_557' title='bbox 2470 4691 2767 4754; x_wconf 84' lang='lat' dir='ltr'><strong>intraveris</strong></span> <span class='ocrx_word' id='word_1_558' title='bbox 2817 4693 2874 4750; x_wconf 90' lang='lat' dir='ltr'><strong>in</strong></span> <span class='ocrx_word' id='word_1_559' title='bbox 2910 4695 3204 4765; x_wconf 88' lang='lat' dir='ltr'><strong>judicium,</strong></span> <span class='ocrx_word' id='word_1_560' title='bbox 3243 4709 3395 4750; x_wconf 87' lang='lat' dir='ltr'><strong>meos</strong></span> <span class='ocrx_word' id='word_1_561' title='bbox 3423 4692 3618 4765; x_wconf 80' lang='lat' dir='ltr'><strong>prote—</strong></span> 
     </span>
    </p>
   </div>
   <div class='ocr_carea' id='block_1_87' title="bbox 334 4769 1918 4857">
    <p class='ocr_par' dir='ltr' id='par_1_87' title="bbox 334 4769 1918 4857">
     <span class='ocr_line' id='line_1_87' title="bbox 334 4769 1918 4857; baseline 0.013 -38"><span class='ocrx_word' id='word_1_562' title='bbox 334 4769 613 4840; x_wconf 79' lang='grc' dir='ltr'>πρακτέα,</span> <span class='ocrx_word' id='word_1_563' title='bbox 649 4771 846 4840; x_wconf 83' lang='grc' dir='ltr'>λόγους</span> <span class='ocrx_word' id='word_1_564' title='bbox 869 4775 1140 4846; x_wconf 77' lang='grc' dir='ltr'>ἐκζητῶν,</span> <span class='ocrx_word' id='word_1_565' title='bbox 1176 4779 1272 4832; x_wconf 70' lang='grc' dir='ltr'><strong>καὶ</strong></span> <span class='ocrx_word' id='word_1_566' title='bbox 1297 4781 1540 4835; x_wconf 73' lang='grc' dir='ltr'>εὐθύνων</span> <span class='ocrx_word' id='word_1_567' title='bbox 1577 4787 1776 4857; x_wconf 81' lang='grc' dir='ltr'>ὁρμάς·</span> <span class='ocrx_word' id='word_1_568' title='bbox 1801 4787 1918 4840; x_wconf 80' lang='grc' dir='ltr'>ἀλλ’</span> 
     </span>
    </p>
   </div>
   <div class='ocr_carea' id='block_1_88' title="bbox 335 4861 1922 4948">
    <p class='ocr_par' dir='ltr' id='par_1_88' title="bbox 335 4861 1922 4948">
     <span class='ocr_line' id='line_1_88' title="bbox 335 4861 1922 4948; baseline 0.014 -38"><span class='ocrx_word' id='word_1_569' title='bbox 335 4861 396 4910; x_wconf 79' lang='grc' dir='ltr'><strong>ἐν</strong></span> <span class='ocrx_word' id='word_1_570' title='bbox 428 4863 539 4923; x_wconf 84' lang='grc' dir='ltr'>τοῖς</span> <span class='ocrx_word' id='word_1_571' title='bbox 578 4863 886 4934; x_wconf 82' lang='grc' dir='ltr'>οἰκτιρμοίς</span> <span class='ocrx_word' id='word_1_572' title='bbox 918 4881 1038 4928; x_wconf 88' lang='grc' dir='ltr'>σου,</span> <span class='ocrx_word' id='word_1_573' title='bbox 1079 4869 1344 4944; x_wconf 85' lang='grc' dir='ltr'>παρορῶν</span> <span class='ocrx_word' id='word_1_574' title='bbox 1373 4891 1476 4948; x_wconf 78' lang='grc' dir='ltr'>μου</span> <span class='ocrx_word' id='word_1_575' title='bbox 1511 4877 1580 4929; x_wconf 71' lang='grc' dir='ltr'>τὰ</span> <span class='ocrx_word' id='word_1_576' title='bbox 1610 4878 1782 4946; x_wconf 72' lang='grc' dir='ltr'>δεινὰ,</span> <span class='ocrx_word' id='word_1_577' title='bbox 1815 4879 1922 4936; x_wconf 84' lang='grc' dir='ltr'>σῶ-</span> 
     </span>
    </p>
   </div>
   <div class='ocr_carea' id='block_1_89' title="bbox 341 4952 991 5030">
    <p class='ocr_par' dir='ltr' id='par_1_89' title="bbox 341 4952 991 5030">
     <span class='ocr_line' id='line_1_89' title="bbox 341 4952 991 5030; baseline 0.011 -26"><span class='ocrx_word' id='word_1_578' title='bbox 341 4952 435 5011; x_wconf 74' lang='grc' dir='ltr'>σόν</span> <span class='ocrx_word' id='word_1_579' title='bbox 465 4971 532 5024; x_wconf 88' lang='grc' dir='ltr'><strong>με</strong></span> <span class='ocrx_word' id='word_1_580' title='bbox 544 4995 556 5018; x_wconf 92' lang='grc'><strong>,</strong></span> <span class='ocrx_word' id='word_1_581' title='bbox 583 4955 991 5030; x_wconf 82' lang='grc' dir='ltr'>Παντοδύναμε.</span> 
     </span>
    </p>
   </div>
   <div class='ocr_carea' id='block_1_90' title="bbox 453 5213 1057 5294">
    <p class='ocr_par' dir='ltr' id='par_1_90' title="bbox 453 5213 1057 5294">
     <span class='ocr_line' id='line_1_90' title="bbox 453 5213 1057 5294; baseline 0.02 -26"><span class='ocrx_word' id='word_1_582' title='bbox 453 5213 472 5250; x_wconf 73' lang='grc' dir='ltr'><strong>ί</strong></span> <span class='ocrx_word' id='word_1_583' title='bbox 503 5213 637 5272; x_wconf 86' lang='lat' dir='ltr'><strong>Luc.</strong></span> <span class='ocrx_word' id='word_1_584' title='bbox 675 5233 764 5286; x_wconf 74' lang='lat' dir='ltr'><strong>xv,</strong></span> <span class='ocrx_word' id='word_1_585' title='bbox 801 5219 872 5275; x_wconf 70' lang='grc' dir='ltr'><strong>ΞΟ</strong></span> <span class='ocrx_word' id='word_1_586' title='bbox 901 5237 1057 5294; x_wconf 86' lang='lat' dir='ltr'><strong>seqq.</strong></span> 
     </span>
    </p>
   </div>
   <div class='ocr_carea' id='block_1_91' title="bbox 2028 4787 3618 4856">
    <p class='ocr_par' dir='ltr' id='par_1_91' title="bbox 2028 4787 3618 4856">
     <span class='ocr_line' id='line_1_91' title="bbox 2028 4787 3618 4856; baseline 0 -18"><span class='ocrx_word' id='word_1_587' title='bbox 2028 4797 2160 4840; x_wconf 81' lang='lat' dir='ltr'><strong>rens</strong></span> <span class='ocrx_word' id='word_1_588' title='bbox 2195 4797 2373 4850; x_wconf 87' lang='lat' dir='ltr'><strong>actus,</strong></span> <span class='ocrx_word' id='word_1_589' title='bbox 2430 4788 2668 4854; x_wconf 77' lang='lat' dir='ltr'><strong>cogitata</strong></span> <span class='ocrx_word' id='word_1_590' title='bbox 2698 4793 2755 4842; x_wconf 87' lang='lat' dir='ltr'><strong>et</strong></span> <span class='ocrx_word' id='word_1_591' title='bbox 2813 4801 3100 4842; x_wconf 85' lang='lat' dir='ltr'><strong>sermones</strong></span> <span class='ocrx_word' id='word_1_592' title='bbox 3141 4787 3466 4856; x_wconf 78' lang='lat' dir='ltr'><strong>evquirens,</strong></span> <span class='ocrx_word' id='word_1_593' title='bbox 3517 4801 3618 4855; x_wconf 88' lang='lat' dir='ltr'><strong>pu-</strong></span> 
     </span>
    </p>
   </div>
   <div class='ocr_carea' id='block_1_92' title="bbox 2029 4876 3618 4947">
    <p class='ocr_par' dir='ltr' id='par_1_92' title="bbox 2029 4876 3618 4947">
     <span class='ocr_line' id='line_1_92' title="bbox 2029 4876 3618 4947; baseline 0.003 -18"><span class='ocrx_word' id='word_1_594' title='bbox 2029 4876 2298 4946; x_wconf 86' lang='lat' dir='ltr'><strong>niensque</strong></span> <span class='ocrx_word' id='word_1_595' title='bbox 2322 4877 2722 4947; x_wconf 85' lang='lat' dir='ltr'><strong>appetitionum</strong></span> <span class='ocrx_word' id='word_1_596' title='bbox 2746 4887 2959 4935; x_wconf 90' lang='lat' dir='ltr'><strong>motus:</strong></span> <span class='ocrx_word' id='word_1_597' title='bbox 2987 4879 3082 4935; x_wconf 86' lang='lat' dir='ltr'><strong>sed</strong></span> <span class='ocrx_word' id='word_1_598' title='bbox 3105 4894 3222 4934; x_wconf 89' lang='lat' dir='ltr'><strong>mea</strong></span> <span class='ocrx_word' id='word_1_599' title='bbox 3255 4878 3398 4932; x_wconf 84' lang='lat' dir='ltr'><strong>mala</strong></span> <span class='ocrx_word' id='word_1_600' title='bbox 3427 4878 3481 4931; x_wconf 90' lang='lat' dir='ltr'><strong>in</strong></span> <span class='ocrx_word' id='word_1_601' title='bbox 3507 4880 3618 4933; x_wconf 90' lang='lat' dir='ltr'><strong>tuis</strong></span> 
     </span>
    </p>
   </div>
   <div class='ocr_carea' id='block_1_93' title="bbox 1990 4965 3619 5051">
    <p class='ocr_par' dir='ltr' id='par_1_93' title="bbox 1990 4965 3619 5051">
     <span class='ocr_line' id='line_1_93' title="bbox 1990 4965 3619 5051; baseline 0.003 -31"><span class='ocrx_word' id='word_1_602' title='bbox 1990 4965 2344 5038; x_wconf 85' lang='lat' dir='ltr'><strong>‘despiciens</strong></span> <span class='ocrx_word' id='word_1_603' title='bbox 2377 4969 2850 5038; x_wconf 88' lang='lat' dir='ltr'><strong>miserationibus,</strong></span> <span class='ocrx_word' id='word_1_604' title='bbox 2910 4973 3121 5028; x_wconf 89' lang='lat' dir='ltr'><strong>salvum</strong></span> <span class='ocrx_word' id='word_1_605' title='bbox 3155 4988 3243 5028; x_wconf 89' lang='lat' dir='ltr'><strong>me</strong></span> <span class='ocrx_word' id='word_1_606' title='bbox 3277 4975 3385 5051; x_wconf 76' lang='lat' dir='ltr'><strong>lac,</strong></span> <span class='ocrx_word' id='word_1_607' title='bbox 3421 4970 3514 5042; x_wconf 89' lang='lat' dir='ltr'><strong>qui</strong></span> <span class='ocrx_word' id='word_1_608' title='bbox 3540 4971 3619 5025; x_wconf 90' lang='lat' dir='ltr'><strong>sis</strong></span> 
     </span>
    </p>
   </div>
   <div class='ocr_carea' id='block_1_94' title="bbox 2032 5060 2414 5131">
    <p class='ocr_par' dir='ltr' id='par_1_94' title="bbox 2032 5060 2414 5131">
     <span class='ocr_line' id='line_1_94' title="bbox 2032 5060 2414 5131; baseline 0.01 -18"><span class='ocrx_word' id='word_1_609' title='bbox 2032 5060 2414 5131; x_wconf 79' lang='lat' dir='ltr'><strong>Omnipotens.</strong></span> 
     </span>
    </p>
   </div>
   <div class='ocr_carea' id='block_1_95' title="bbox 1175 5226 2168 5302">
    <p class='ocr_par' dir='ltr' id='par_1_95' title="bbox 1175 5226 2168 5302">
     <span class='ocr_line' id='line_1_95' title="bbox 1175 5226 2168 5302; baseline 0.013 -21"><span class='ocrx_word' id='word_1_610' title='bbox 1175 5229 1198 5266; x_wconf 75' lang='grc'><strong>⁸</strong></span> <span class='ocrx_word' id='word_1_611' title='bbox 1232 5226 1365 5284; x_wconf 90' lang='lat' dir='ltr'><strong>Luc.</strong></span> <span class='ocrx_word' id='word_1_612' title='bbox 1413 5246 1466 5298; x_wconf 69' lang='grc' dir='ltr'>ι,</span> <span class='ocrx_word' id='word_1_613' title='bbox 1493 5230 1584 5286; x_wconf 75' lang='lat'><strong>30.</strong></span> <span class='ocrx_word' id='word_1_614' title='bbox 1672 5233 1914 5291; x_wconf 76' lang='lat' dir='ltr'><strong>~hJoan.</strong></span> <span class='ocrx_word' id='word_1_615' title='bbox 1957 5254 1996 5302; x_wconf 86' lang='grc' dir='ltr'>ι,</span> <span class='ocrx_word' id='word_1_616' title='bbox 2025 5238 2118 5293; x_wconf 76' lang='lat'><strong>29.</strong></span> <span class='ocrx_word' id='word_1_617' title='bbox 2157 5237 2168 5246; x_wconf 71' lang='grc'><strong>”</strong></span> 
     </span>
    </p>
   </div>
   <div class='ocr_carea' id='block_1_96' title="bbox 1652 5386 2338 5458">
    <p class='ocr_par' dir='ltr' id='par_1_96' title="bbox 1652 5386 2338 5458">
     <span class='ocr_line' id='line_1_96' title="bbox 1652 5386 2338 5458; baseline 0.02 -14"><span class='ocrx_word' id='word_1_618' title='bbox 1652 5386 1884 5445; x_wconf 64' lang='grc' dir='ltr'><strong>ἺΛΒΙᾸΕ</strong></span> <span class='ocrx_word' id='word_1_619' title='bbox 1923 5391 2338 5458; x_wconf 71' lang='grc' dir='ltr'><strong>ιΕοΤιοΝΕε.</strong></span> 
     </span>
    </p>
   </div>
   <div class='ocr_carea' id='block_1_97' title="bbox 415 5536 1244 5614">
    <p class='ocr_par' dir='ltr' id='par_1_97' title="bbox 415 5536 1244 5614">
     <span class='ocr_line' id='line_1_97' title="bbox 415 5536 1244 5614; baseline 0.013 -23"><span class='ocrx_word' id='word_1_620' title='bbox 415 5536 429 5568; x_wconf 88' lang='grc'><strong>¹</strong></span> <span class='ocrx_word' id='word_1_621' title='bbox 461 5539 602 5594; x_wconf 71' lang='grc' dir='ltr'><em>ἄλλ.</em></span> <span class='ocrx_word' id='word_1_622' title='bbox 635 5539 847 5610; x_wconf 84' lang='grc' dir='ltr'>δάκρυα</span> <span class='ocrx_word' id='word_1_623' title='bbox 876 5545 1244 5614; x_wconf 81' lang='grc' dir='ltr'>κατανύξεως.</span> 
     </span>
    </p>
   </div>
   <div class='ocr_carea' id='block_1_98' title="bbox 1567 5641 2302 5709">
    <p class='ocr_par' dir='ltr' id='par_1_98' title="bbox 1567 5641 2302 5709">
     <span class='ocr_line' id='line_1_98' title="bbox 1567 5641 2302 5709; baseline 0.016 -13"><span class='ocrx_word' id='word_1_624' title='bbox 1567 5690 1575 5696; x_wconf 92' lang='grc'><em>.</em></span> <span class='ocrx_word' id='word_1_625' title='bbox 1643 5641 2035 5703; x_wconf 77' lang='lat' dir='ltr'><strong>COMBEFISII</strong></span> <span class='ocrx_word' id='word_1_626' title='bbox 2069 5649 2302 5709; x_wconf 59' lang='lat' dir='ltr'><strong>NOTAE;</strong></span> 
     </span>
    </p>
   </div>
   <div class='ocr_carea' id='block_1_99' title="bbox 415 5723 1920 5844">
    <p class='ocr_par' dir='ltr' id='par_1_99' title="bbox 415 5723 1920 5844">
     <span class='ocr_line' id='line_1_99' title="bbox 415 5723 1920 5844; baseline 0.001 0"><span class='ocrx_word' id='word_1_627' title='bbox 415 5723 1236 5844; x_wconf 52' lang='grc' dir='ltr'><strong>ἕὲἓὶςξῐιξνῐνὶρείξη,(αέίςτξίξὶξ-</strong></span> <span class='ocrx_word' id='word_1_628' title='bbox 1255 5754 1518 5844; x_wconf 58' lang='grc' dir='ltr'><strong>Δεῖτξιαςιξιιῖ</strong></span> <span class='ocrx_word' id='word_1_629' title='bbox 1546 5756 1920 5844; x_wconf 50' lang='lat' dir='ltr'><strong>“sermone</strong></span> 
     </span>
    </p>
   </div>
   <div class='ocr_carea' id='block_1_100' title="bbox 339 5818 1916 5898">
    <p class='ocr_par' dir='ltr' id='par_1_100' title="bbox 339 5818 1916 5898">
     <span class='ocr_line' id='line_1_100' title="bbox 339 5818 1916 5898; baseline 0.01 -32"><span class='ocrx_word' id='word_1_630' title='bbox 339 5818 504 5898; x_wconf 58' lang='lat' dir='ltr'><strong>paulo</strong></span> <span class='ocrx_word' id='word_1_631' title='bbox 530 5818 710 5882; x_wconf 88' lang='lat' dir='ltr'><strong>aliter,</strong></span> <span class='ocrx_word' id='word_1_632' title='bbox 745 5822 963 5898; x_wconf 77' lang='lat' dir='ltr'><strong>tv_feria</strong></span> <span class='ocrx_word' id='word_1_633' title='bbox 990 5825 1164 5898; x_wconf 78' lang='lat' dir='ltr'><strong>prima</strong></span> <span class='ocrx_word' id='word_1_634' title='bbox 1210 5826 1373 5898; x_wconf 80' lang='lat' dir='ltr'><strong>ltebd.</strong></span> <span class='ocrx_word' id='word_1_635' title='bbox 1401 5843 1415 5880; x_wconf 88' lang='lat'><strong>:</strong></span> <span class='ocrx_word' id='word_1_636' title='bbox 1448 5827 1562 5898; x_wconf 83' lang='grc' dir='ltr'><strong>Τὴν</strong></span> <span class='ocrx_word' id='word_1_637' title='bbox 1595 5827 1792 5898; x_wconf 76' lang='grc' dir='ltr'>οὐσίαν·</span> <span class='ocrx_word' id='word_1_638' title='bbox 1815 5818 1916 5898; x_wconf 68' lang='grc' dir='ltr'>ξιον</span> 
     </span>
    </p>
   </div>
   <div class='ocr_carea' id='block_1_101' title="bbox 339 5885 1926 6038">
    <p class='ocr_par' dir='ltr' id='par_1_101' title="bbox 339 5885 1926 6038">
     <span class='ocr_line' id='line_1_101' title="bbox 340 5885 1919 5969; baseline 0.008 -29"><span class='ocrx_word' id='word_1_639' title='bbox 340 5885 545 5957; x_wconf 71' lang='grc' dir='ltr'>σωτὴρ,</span> <span class='ocrx_word' id='word_1_640' title='bbox 589 5885 1080 5968; x_wconf 50' lang='grc' dir='ltr'>παταναλὼσαξὲν</span> <span class='ocrx_word' id='word_1_641' title='bbox 1105 5895 1391 5962; x_wconf 81' lang='grc' dir='ltr'>ἀσωτίαις,</span> <span class='ocrx_word' id='word_1_642' title='bbox 1437 5885 1644 5968; x_wconf 76' lang='grc' dir='ltr'>ἔρήμος</span> <span class='ocrx_word' id='word_1_643' title='bbox 1683 5885 1919 5969; x_wconf 66' lang='grc' dir='ltr'>ὑπάρχω</span> 
     </span>
     <span class='ocr_line' id='line_1_102' title="bbox 339 5954 1926 6038; baseline 0.009 -30"><span class='ocrx_word' id='word_1_644' title='bbox 339 5973 392 6008; x_wconf 74' lang='grc' dir='ltr'><strong>κ.</strong></span> <span class='ocrx_word' id='word_1_645' title='bbox 427 5972 478 6011; x_wconf 77' lang='grc' dir='ltr'>τ.</span> <span class='ocrx_word' id='word_1_646' title='bbox 511 5954 587 6022; x_wconf 68' lang='grc' dir='ltr'><strong>ἐξ.</strong></span> <span class='ocrx_word' id='word_1_647' title='bbox 613 5967 738 6014; x_wconf 77' lang='lat' dir='ltr'><strong>item</strong></span> <span class='ocrx_word' id='word_1_648' title='bbox 785 5961 923 6018; x_wconf 77' lang='lat' dir='ltr'><strong>feria</strong></span> <span class='ocrx_word' id='word_1_649' title='bbox 951 5964 1112 6036; x_wconf 5' lang='grc' dir='ltr'>εςΤὴν</span> <span class='ocrx_word' id='word_1_650' title='bbox 1143 5966 1334 6025; x_wconf 74' lang='grc' dir='ltr'>οὐσίαν</span> <span class='ocrx_word' id='word_1_651' title='bbox 1377 5968 1476 6038; x_wconf 72' lang='grc' dir='ltr'>τῆς</span> <span class='ocrx_word' id='word_1_652' title='bbox 1525 5967 1707 6038; x_wconf 71' lang='grc' dir='ltr'>ψυχῆς</span> <span class='ocrx_word' id='word_1_653' title='bbox 1755 5983 1926 6022; x_wconf 84' lang='grc' dir='ltr'>κατα-</span> 
     </span>
    </p>
   </div>
   <div class='ocr_carea' id='block_1_102' title="bbox 2029 5763 3614 5850">
    <p class='ocr_par' dir='ltr' id='par_1_102' title="bbox 2029 5763 3614 5850">
     <span class='ocr_line' id='line_1_103' title="bbox 2029 5763 3614 5850; baseline 0.01 -37"><span class='ocrx_word' id='word_1_654' title='bbox 2029 5763 2280 5850; x_wconf 59' lang='grc' dir='ltr'>γαλῴσας</span> <span class='ocrx_word' id='word_1_655' title='bbox 2319 5769 2385 5836; x_wconf 84' lang='grc' dir='ltr'>τῇ</span> <span class='ocrx_word' id='word_1_656' title='bbox 2407 5767 2686 5850; x_wconf 49' lang='lat' dir='ltr'><strong>guisset},</strong></span> <span class='ocrx_word' id='word_1_657' title='bbox 2722 5769 3077 5850; x_wconf 52' lang='grc' dir='ltr'>ἔρῃμὸς-εζμε</span> <span class='ocrx_word' id='word_1_658' title='bbox 3107 5773 3322 5846; x_wconf 81' lang='grc' dir='ltr'>ἀρετῶν</span> <span class='ocrx_word' id='word_1_659' title='bbox 3349 5773 3614 5850; x_wconf 56' lang='grc' dir='ltr'>εύσεῦξῶν,</span> 
     </span>
    </p>
   </div>
   <div class='ocr_carea' id='block_1_103' title="bbox 2027 5833 3619 5977">
    <p class='ocr_par' dir='ltr' id='par_1_103' title="bbox 2027 5833 3619 5977">
     <span class='ocr_line' id='line_1_104' title="bbox 2027 5833 3619 5977; baseline 0.01 -90"><span class='ocrx_word' id='word_1_660' title='bbox 2027 5833 2467 5977; x_wconf 46' lang='grc' dir='ltr'><strong>ἒέμὼἓέοὲξν“ἐῖὲ’</strong></span> <span class='ocrx_word' id='word_1_661' title='bbox 2502 5833 2714 5910; x_wconf 53' lang='lat' dir='ltr'><strong>xpeto.</strong></span> <span class='ocrx_word' id='word_1_662' title='bbox 2745 5833 2840 5937; x_wconf 25' lang='lat' dir='ltr'><strong>j&#39;O&quot;</strong></span> <span class='ocrx_word' id='word_1_663' title='bbox 2865 5833 2958 5896; x_wconf 81' lang='grc' dir='ltr'><strong>τοῦ</strong></span> <span class='ocrx_word' id='word_1_664' title='bbox 2991 5833 3174 5908; x_wconf 59' lang='grc' dir='ltr'>ἐλέους</span> <span class='ocrx_word' id='word_1_665' title='bbox 3206 5843 3466 5916; x_wconf 75' lang='grc' dir='ltr'><strong>χορηγὸς,</strong></span> <span class='ocrx_word' id='word_1_666' title='bbox 3503 5833 3619 5902; x_wconf 59' lang='grc' dir='ltr'><strong>Κύξ</strong></span> 
     </span>
    </p>
   </div>
  </div>
