3934 6450
439 428 573 494 1357

1756 429 2066 490 MAGNUS
2096 426 2361 488 CANON.

3543 425 3682 490 133$

422 594 426 599 .
507 544 569 597 Ei
619 544 709 595 καὶ
752 541 947 613 φρέαρ,
973 542 1241 605 Δέσποτα,
1282 541 1544 611 ὑπάρχεις
1588 538 1749 610 βαθὺ,
1808 538 2005 609 βλῦσὸν

2177 537 2525 607 Quanquam,
2561 535 2814 600 Domine,
2862 537 3009 591 altus
3056 543 3253 607 puteus
3294 550 3353 590 es
3382 545 3432 602 Ρ,
3479 534 3705 590 ﬂuenta"

440 654 529 707 μοι
588 636 806 706 νάματα
858 635 919 700 ἐξ
969 636 1251 705 ἁχράντων
1296 652 1389 687 σου
1435 635 1683 703 φλεὸὦνο
1735 633 1801 688 ἵν’
1833 634 1909 696 ὼς
1970 635 2003 703 ή

437 729 793 798 Σαμαρεῖτις,
830 728 1031 797 μηκέτι
1072 727 1243 780 πίνων
1268 726 1406 797 διψῶ
1429 742 1441 759 τ
1473 726 1619 797 ζωῆς
1652 726 1761 797 γὰρ
1796 725 2006 798 ῥεῖθρον

438 817 675 887 βλύζεις.

508 910 732 976 Σιλωὰμ
788 907 1028 976 γενέσθω
1078 922 1169 978 μοι
1209 908 1276 961 τὰ
1322 908 1535 978 δάκρυά
1585 925 1707 977 μου,
1760 907 2005 960 Δέσποτα

436 996 631 1065 Κύριε,
673 998 775 1050 ἵνα
806 997 1048 1065 νίψωμαι
1100 997 1255 1065 κάγὼ
1299 999 1397 1060 τὰς
1445 998 1636 1068 κόρας,
1670 998 1769 1065 τῆς
1824 996 2006 1066 ψυχῆς

438 1106 561 1158 μου,
595 1090 687 1141 καὶ
714 1088 807 1140 ἴδω
843 1104 903 1140 σε
934 1088 1157 1157 νοερῶς,
1186 1089 1245 1141 τὸ
1278 1088 1393 1157 φῶς
1419 1088 1482 1142 τὸ
1511 1087 1861 1159 προαιώνιον.

1033 1178 1147 1246 Τῆς
1191 1179 1404 1244 ὐσίιις.

517 1270 861 1340 ’Λσυγκρίτῳ
916 1268 1117 1338 ἔρωτι,
1166 1270 1454 1334 πανόλόιε,
1514 1269 1670 1334 ξύλον
1717 1270 2006 1339 ποθήσασα

437 1359 819 1429 προσκυνῆσαι
843 1362 940 1429 τῆς
966 1360 1134 1423 ζωῆς,
1167 1359 1396 1428 ἠξίωσαι
1430 1359 1524 1413 τοῦ
1552 1359 1748 1413 πόθου’
1776 1359 2006 1423 ἀξίωσον

433 1446 527 1503 οὖν
549 1450 714 1519 κάμὲ,
750 1453 935 1519 τυχεῖν
955 1450 1058 1519 τῆς
1083 1450 1197 1503 ἄνω
1222 1451 1406 1520 δόξης.

517 1625 761 1695 Ῥεῐθρον
801 1627 1090 1699 Ἰορδάνιον
1127 1629 1443 1699 περάσασα,
1480 1622 1638 1699 εὗρες
1672 1628 2001 1691 ἀνάπαυσιν,

432 1716 530 1786 τὴν
583 1717 845 1771 ὲνὼδυνον
881 1720 1082 1789 σαρκὸς
1132 1720 1327 1790 ἡδονὴν
1392 1722 1740 1787 ὲκνρυγοῦσαο
1790 1716 1857 1791 ἦς
1912 1721 2007 1772 καὶ

433 1811 580 1877 ἡμᾶς
611 1809 818 1875 ἐξελοῦ,
850 1813 970 1874 σαῖς
1001 1815 1354 1882 προσευχαῖς,
1386 1814 1530 1867 ὁσία.

1077 1902 1373 1970 Ἀνδρέου.

517 1994 603 2057 Ὠς
632 1994 911 2063 ποιμένων
953 1993 1209 2064 ἄριστος,
1253 1994 1478 2064 Ἀνδρέα
1513 1995 1663 2063 σοφὲ,
1708 1993 2005 2065 πρόκριτον

434 2087 567 2138 ὄντα
611 2102 691 2150 σε,
720 2084 870 2154 πόθῳ
907 2085 1098 2155 δέομαι
1134 2084 1317 2154 πολλῷ
1351 2087 1447 2139 καὶ
1493 2086 1663 2156 φόϐῳ,
1716 2088 1836 2149 σαῖς
1866 2102 2001 2155 πρε-

435 2176 645 2239 σσείαις
683 2176 780 2247 τῆς
807 2178 1081 2248 σωτηρίας
1119 2181 1326 2248 τυχεῖν,
1355 2180 1452 2232 καὶ
1481 2178 1629 2249 ζωῆς
1653 2179 1896 2233 αἰωνίου.

1129 2354 1309 2417 Δόξα.

508 2445 597 2509 Σὲ,
628 2444 821 2514 Τριὰς,
859 2443 1178 2513 δοξάζομεν,
1201 2445 1293 2496 τὸν
1312 2444 1407 2496 ἕνα
1428 2444 1582 2497 Θεὸν·
1603 2445 1811 2511 Ἄγιος,
1828 2445 2003 2511 ἅγιος,

435 2536 587 2603 ἅγιος
629 2536 700 2600 εί,
754 2538 783 2588 6
817 2538 1028 2603 Πατὴρ,
1072 2539 1101 2588 6
1139 2537 1287 2599 Υἱὸς,
1336 2537 1431 2589 καὶ
1468 2536 1531 2589 τὸ
1563 2536 1786 2607 Πνεῦμα
1810 2553 1821 2566 ·
1860 2536 2008 2605 ἁπλῆ

433 2630 591 2682 οὐσία
614 2645 628 2659 ·
674 2630 841 2699 μονὰς
870 2631 955 2683 ἀεὶ
992 2632 1470 2701 προσκυνουμένη.
1552 2656 1557 2659 ·

1272 2744 1295 2773 Ω

939 2809 1048 2860 Καὶ
1084 2807 1223 2861 νῦν.
1257 2810 1498 2862 Θεοτόκ.

517 2897 611 2949 Ἐκ
676 2895 770 2949 σοῦ
823 2898 1143 2965 ὴμφιάσατο
1194 2899 1255 2949 τὸ
1318 2898 1549 2967 φύραμά
1599 2915 1720 2967 μου,
1769 2897 2005 2967 ἄφθορε,

431 2987 686 3056 ἄνανδρε,
722 2989 1154 3058 μητροπαρθένε,
1190 2986 1320 3049 Θεὸς
1342 2989 1370 3038 6
1401 2988 1587 3051 κτίσας
1618 2989 1744 3050 τοὺς
1770 2986 1970 3050 αἰῶνας
1990 2980 2033 3018 ·’

433 3080 529 3130 καὶ
561 3078 772 3148 ἥνωσεν
802 3080 983 3149 ἑαυτῷ
1012 3079 1109 3150 τὴν
1139 3079 1247 3132 τῶν
1274 3078 1578 3150 ἀνθρώπων
1603 3078 1785 3147 φύσιν.

902 3194 1034 3265 ᾨδὴ
1072 3200 1144 3258 ς’.
1213 3193 1274 3247 Ὀ
1311 3195 1548 3262 Εἱρμός.
2032 3196 2079 3254 C

517 3287 747 3357 Ἐϐόησα
776 3288 834 3339 ὲν
865 3287 962 3357 ὅλῃ
989 3287 1188 3356 καρδίᾳ
1223 3304 1327 3356 μου
1379 3287 1517 3356 πρὸς
1554 3286 1646 3340 τὸν
1683 3284 2007 3357 οἰκτίρμονα

431 3377 584 3442 Θεὸν,
617 3377 711 3429 καὶ
759 3377 1048 3445 είσήκουσέ
1101 3393 1202 3445 μου
1254 3375 1313 3439 ἐξ
1357 3376 1483 3446 ᾅδου
1514 3377 1864 3429 κατωτάτουο
1912 3376 2007 3428 καὶ

431 3471 710 3537 ἀνήγαγεν
739 3472 803 3523 ὲκ
838 3470 1046 3538 φθορᾶς
1075 3469 1172 3539 τὴν
1198 3469 1379 3539 ψυχήν
1410 3485 1533 3538 μου.

503 3564 585 3616 Τὰ
614 3563 848 3634 δάκρυα,
876 3562 1085 3632 Σῶτερ,
1117 3561 1231 3614 τῶν
1256 3560 1554 3630 ὀφθαλμῶν
1587 3577 1712 3630 μου,
1752 3560 1846 3613 καὶ
1884 3561 2009 3623 τοὺς

432 3653 498 3705 ἐκ
527 3652 722 3722 βάθους
756 3651 1119 3721 στεναγμοὺς,
1159 3650 1419 3721 καθαρῶς
1449 3650 1764 3720 προσφέρω,
1796 3649 2009 3720 βοώσης

384 3800 399 3807 ι
427 3745 529 3813 τῆς
557 3742 786 3812 καρδίας
807 3759 820 3771 ο
855 3738 924 3793 Ὦ
966 3741 1118 3805 Θεὸς,
1148 3740 1451 3812 ἡμάρτηκα
1481 3758 1586 3804 σοι,
1619 3740 1867 3811 ἱλάσθητί
1895 3757 2005 3809 μοι.

514 3831 850 3895 Ἐξένευσας,
885 3830 1055 3900 ψυχὴ,
1087 3831 1180 3883 τοῦ
1213 3831 1424 3901 Κυρίου
1457 3849 1575 3896 σου,
1613 3830 1803 3899 ὥσπερ
1829 3830 2007 3884 Δαθὰν

428 3923 528 3976 καὶ
582 3923 877 3992 ’Δόειρὼνο
946 3922 1083 3975 ἀλλὰ
1132 3925 1317 3990 φεῖσαι
1375 3922 1577 3992 κράξον
1624 3922 1685 3986 ἐξ
1731 3922 1857 3991 ὅλης
1906 3923 2007 3991 τῆς

430 4014 677 4084 καρδίας,
714 4014 801 4067 ἵνα
842 4012 915 4085 μὴ
946 4013 1007 4065 τὸ
1045 4013 1233 4083 χάσμα
1270 4014 1369 4083 τῆς
1401 4014 1505 4083 γῆς
1540 4030 1601 4066 σε
1659 4013 2004 4084 συγκαλύψῃ.

512 4102 599 4164 Ὠς
644 4102 898 4171 δάμαλις,
935 4101 1102 4171 ψυχὴ,
1145 4104 1621 4173 παροιστρήσασα,
1659 4103 2009 4173 ὲξωμοιώθης

430 4191 514 4262 τῷ
555 4193 794 4262 Ἐφραῖμ
816 4208 831 4223 ⁸
865 4191 942 4254 ὡς
987 4192 1188 4262 δορκὰς
1233 4194 1298 4245 ὲκ
1333 4193 1565 4262 βρόχων,
1603 4194 1883 4247 ἁνάσωσον
1918 4195 2008 4247 τὸν

430 4285 569 4355 βίον,
604 4284 948 4355 πετρωθείσα
979 4283 1178 4355 πράξει
1209 4285 1301 4337 τὸν
1332 4284 1482 4350 νοῦν,
1513 4291 1608 4367 καὶ
1638 4285 1862 4357 θεωρίᾳ.

515 4457 580 4509 Ἡ
616 4458 739 4529 χεὶρ
790 4459 938 4528 ἡμᾶς
989 4458 1233 4521 Μωσέως
1280 4459 1643 4530 πιστώσηται,
1688 4460 1854 4530 ψυχὴ,
1887 4460 2005 4521 πῶς

2107 635 2245 689 mihi
2278 632 2346 686 ab
2372 633 2709 687 intemeratis
2741 632 2851 686 tuis
2878 631 3035 686 venis
3061 629 3300 694 cﬂ‘unde,
3327 618 3386 684 ut
3416 630 3683 698 quemad-

2108 725 2330 779 modum
2361 723 2560 778 mulier
2592 723 2960 784 Samaritana,
3006 735 3115 785 non
3163 720 3401 790 amplius
3444 718 3681 776 bibendo

2108 816 2290 875 sitiam
2321 830 2335 867 :
2364 814 2570 885 quippe
2599 814 2835 869 seaturis
2862 813 3066 866 ﬂuenta
3106 798 3254 866 vitae.

2180 904 2303 959 Sint
2354 905 2486 959 mibi
2527 902 2673 958 Siloe
2692 914 2741 968 ιι,
2780 918 2915 958 mea
2974 903 3248 973 lacrymaa,
3301 917 3336 957 ο
3387 904 3515 958 bere
3573 903 3681 958 Do-

2108 997 2281 1060 mine;
2330 1003 2390 1049 ut
2439 1001 2494 1050 et
2551 994 2667 1063 ipse
2720 995 2895 1048 lavem
2941 994 3182 1063 pupillas
3247 994 3462 1058 animm,
3515 1002 3684 1064 teque

2108 1088 2292 1141 lumen
2335 1094 2716 1156 praemternum
2748 1086 2962 1140 videam
2995 1087 3230 1156 spiritali
3270 1090 3506 1141 ratione.
3582 1102 3607 1123 ο

2694 1173 2761 1228 In
2795 1173 3071 1230 Sanctam.

2175 1267 2337 1332 Cum,
2380 1267 2723 1330 beatissima,
2778 1265 3196 1334 incomparabili
3236 1266 3431 1321 ardore
3460 1266 3681 1322 deside-

2106 1373 2292 1413 rasses
2325 1358 2557 1411 adorare
2586 1358 2797 1424 lignum
2828 1357 2972 1419 vitae,
3004 1357 3146 1410 facta
3179 1372 3238 1411 es
3270 1358 3381 1409 voti
3413 1373 3674 1426 compos:

2106 1447 2193 1502 [ac
2213 1463 2345 1518 ergo
2380 1456 2440 1502 ut
2459 1456 2516 1504 et
2544 1449 2662 1519 ipse
2695 1463 2922 1517 compos
2955 1449 3199 1503 cant-stis
3233 1448 3419 1517 gloria:
3468 1463 3683 1502 merear
3722 1506 3739 1519 I

2105 1540 2268 1593 elliei.

2182 1629 2282 1684 Ubi
2322 1629 2584 1685 Jordanis
2633 1628 2835 1684 ﬂumen
2888 1629 3226 1693 transisses,
3284 1629 3539 1683 invenisti
3593 1644 3684 1683 re~

2105 1722 2325 1791 quiem,
2376 1722 2606 1775 molesta
2671 1720 2858 1775 carnis
2913 1721 3196 1789 voluptate
3263 1722 3519 1783 liberam;
3574 1735 3681 1789 qua

2106 1817 2159 1866 et
2198 1827 2321 1877 nos,
2350 1812 2461 1867 tuis
2495 1811 2771 1881 precibus,
2805 1824 2839 1865 ο
2873 1818 3084 1874 sancta,
3119 1812 3321 1867 liberos
3352 1811 3523 1866 edice.

2702 1901 2769 1956 In
2798 1904 3089 1957 Andream.

2177 1993 2335 2057 Tuis,
2390 1992 2615 2063 sapiens
2663 1993 2906 2059 Andrea,
2954 1994 3479 2059 intercessionibus,
3533 1992 3681 2047 velut

2107 2086 2200 2153 qui
2234 2093 2514 2153 pastorum
2552 2085 2810 2153 optimus,
2839 2085 3076 2139 eximius
3112 2084 3212 2150 sis,
3248 2084 3419 2138 multo
3450 2096 3560 2138 tum
3582 2085 3683 2139 de-

2108 2178 2330 2243 siderio,
2375 2187 2489 2231 tum
2528 2186 2698 2243 metu,
2753 2177 2986 2232 salutem
3017 2172 3282 2247 consequi
3323 2192 3388 2233 ac
3418 2186 3677 2231 a'ternam

2109 2271 2272 2323 vitam
2314 2257 2481 2339 rogo.‘

2784 2358 2991 2414 Gloria.

2180 2450 2254 2503 Te
2288 2449 2637 2514 Trinitatem,
2676 2450 2843 2504 Deum
2896 2467 3065 2504 unum
3090 2451 3502 2521 gloriﬁcamus:
3542 2451 3683 2504 San-

2109 2553 2251 2606 etus,
2288 2551 2536 2605 sanctus,
2567 2550 2790 2596 sanctus
2817 2557 2900 2605 es,
2937 2542 3119 2607 Pater,
3154 2552 3209 2598 et
3246 2541 3444 2607 Filius,
3473 2557 3527 2598 et
3558 2543 3684 2613 Spi-

2111 2634 2250 2686 ritus
2284 2642 2511 2689 sanctus
2543 2649 2555 2687 :
2592 2634 2906 2689 substantia
2936 2633 3195 2704 simplex,
3215 2635 3441 2690 adorata
3464 2650 3683 2706 semper

2112 2724 2314 2777 unitas.

2569 2813 2616 2868 Ε
2620 2822 2637 2868 ι
2664 2830 2823 2870 nunc.
2856 2814 2937 2867 Ad
2968 2815 3188 2885 Deipar.

2182 2907 2341 2961 Exte
2395 2906 2575 2960 induit
2620 2915 2863 2960 nostram
2910 2907 3384 2977 conSpersionem,
3419 2921 3453 2961 ο
3504 2906 3685 2960 incer-

2111 3009 2297 3066 rupta,
2349 2998 2534 3051 nescia
2562 2996 2688 3060 viri,
2718 2996 2886 3066 Virgo
2918 2996 3109 3061 Mater,
3153 2999 3249 3066 qui
3295 2998 3437 3053 Deus
3480 2993 3685 3054 sarcula

2110 3086 2376 3151 condidit,
2412 3099 2582 3156 atque
2626 3086 2920 3141 humanam
2949 3089 3055 3142 sibi
3090 3100 3341 3165 naturam
3381 3090 3577 3143 univit.

2652 3199 2764 3254 Ode
2796 3199 2848 3255 6.
2890 3200 3133 3255 ﬂirmus.

2161 3284 2426 3344 ‘Clamavi
2481 3305 2545 3343 ex
2603 3298 2719 3343 toto
2773 3290 2939 3344 corde
2988 3307 3110 3345 meo
3155 3291 3222 3343 ad
3268 3291 3681 3346 misericordem

2111 3380 2303 3446 Deum,
2350 3388 2405 3435 et
2456 3380 2739 3436 exaudivit
2769 3396 2854 3436 me
2883 3382 2950 3435 de
2984 3382 3094 3435 imo
3123 3382 3376 3450 inferno;
3411 3392 3467 3438 et
3495 3383 3684 3438 eduxit

2107 3471 2176 3524 ab
2211 3470 2436 3523 interitu
2471 3469 2635 3522 vitam
2672 3483 2848 3523 meam
2881 3478 2927 3523 ι’.

2180 3559 2499 3631 Lacrymas,
2557 3576 2592 3616 ο
2649 3561 2924 3624 Salvator,
2982 3560 3275 3615 oculorum
3325 3576 3594 3624 meorum,
3632 3573 3690 3617 et

2109 3654 2293 3707 cordis
2336 3654 2633 3707 clamantis
2685 3652 2959 3722 profunda
3006 3653 3250 3720 suspiria
3284 3652 3682 3731 palatnoll‘ero.

2109 3743 2153 3797 Ο
2189 3744 2352 3807 Deus,
2384 3743 2484 3797 tibi
2517 3743 3068 3812 peccavi;eslomilti
3105 3745 3402 3813 propitius.

2182 3832 2453 3885 Extranea
2485 3830 2629 3885 facta
2652 3846 2733 3896 es,
2766 3846 2799 3884 o
2821 3836 3027 3894 anima,
3060 3845 3090 3883 a
3130 3831 3360 3885 Domino
3396 3840 3489 3885 tuo
3538 3831 3687 3885 velut

2111 3923 2324 3978 Datlian
2364 3931 2418 3979 et
2465 3923 2677 3977 Abiron
2716 3926 2777 3989 s;
2812 3923 2989 3976 clama
3031 3937 3161 3977 vero
3205 3938 3271 3977 ex
3316 3934 3428 3977 toto
3476 3924 3685 3980 corde;

2109 4015 2317 4081 Parce;
2350 4024 2409 4068 ut
2438 4030 2506 4069 ne
2534 4025 2586 4069 te
2617 4015 2996 4087 terminatus
3034 4015 3334 4085 Operuerit.

2179 4105 2486 4169 Insaniens,
2511 4118 2545 4158 ο
2565 4104 2772 4168 anima,
2823 4112 3083 4175 tanquam
3113 4105 3304 4167 vitula,
3341 4103 3484 4159 facta
3521 4120 3582 4159 es
3612 4108 3687 4160 si-

2109 4195 2256 4250 milis
2280 4194 2538 4264 Ephraim
2574 4195 2594 4231 ί
2621 4210 2636 4259 ;
2683 4194 2835 4249 salva
2866 4210 2893 4247 a
2924 4194 3136 4264 laqueis
3162 4195 3338 4249 instar
3385 4209 3602 4264 caprea:
3631 4206 3682 4258 ιι,

2110 4286 2317 4351 vitam;
2369 4293 2609 4339 mentem
2661 4284 2715 4338 in
2765 4292 2976 4353 petram
3033 4284 3250 4350 durata,
3280 4294 3333 4339 et
3385 4284 3603 4339 actione
3630 4295 3686 4340 et

2109 4371 2418 4439 contempla
2429 4371 2591 4424 tione.
3179 4374 3193 4390 '

2180 4459 2370 4526 Nobis,
2408 4475 2441 4515 ο
2488 4462 2692 4523 anima,
2741 4459 2907 4514 Musis
2937 4476 3130 4514 manus
3164 4462 3323 4513 (idem
3371 4472 3573 4516 certam
3612 4463 3686 4517 fe-

427 4550 650 4604 δύναται
677 4551 830 4614 Θεὸς,
862 4550 1213 4621 λεπρωθέντα
1252 4551 1365 4620 βίον
1425 4547 1685 4605 λεύκᾶναι
1717 4555 1807 4605 καὶ
1836 4553 2005 4606 καθᾶ-

2131 4551 2246 4605 :erit
2277 4560 2326 4615 ν,
2375 4562 2432 4604 ιιι
2463 4552 2637 4619 possit
2671 4550 2816 4606 Deus
2869 4551 3141 4619 leprnsam
3201 4551 3371 4625 vitant
3424 4553 3687 4608 dealbare

434 4657 523 4708 ραι
549 4657 561 4669 ⁸
598 4642 692 4693 καὶ
726 4642 799 4711 μὴ
842 4641 1099 4711 ἀπογνῷς
1135 4642 1393 4710 σεαυτὴν,
1427 4641 1567 4731 κᾶνΧ
1592 4642 1901 4712 λεπρώθῇς.

501 4824 583 4877 Τὰ
620 4827 863 4895 κύματα,
897 4824 1105 4896 Σῶτερ,
1131 4826 1241 4879 τῶν
1282 4826 1642 4893 πταισμάτων
1676 4843 1799 4895 μου.
1841 4827 1917 4890 ὠς
1948 4829 2005 4879 ὲν

429 4912 677 4986 θαλάσσῃ
739 4915 1009 4985 Ἐρυθρᾷ,
1081 4916 1573 4983 ὲπαναστραφέντα
1634 4917 1872 4986 ἐκάλυψέ
1935 4914 2002 4986 με

428 5005 603 5071 ἄφνω,
636 5005 712 5067 ὡς
754 5004 880 5066 τοὺς
911 5004 1246 5073 Αἰγυπτίους
1294 5005 1422 5063 ποτὲ
1474 5006 1567 5058 καὶ
1603 5007 1729 5067 τοὺς
1776 5007 1999 5072 τριστά-

428 5111 549 5157 τας.

499 5257 528 5316 ι’
561 5245 722 5301 Joan.
757 5262 832 5307 tv,
870 5249 949 5301 ll.
1024 5257 1054 5316 fi
1084 5245 1242 5301 Joan.
1276 5263 1351 5307 ιχ,
1395 5250 1447 5302 7.
1527 5258 1547 5286 ι’
1571 5248 1746 5303 Jonas.
1784 5266 1839 5314 ιι,
1878 5251 1931 5316 5,
1962 5250 2015 5302 7.

430 5323 456 5352 "
487 5315 657 5370 Exod.
689 5330 762 5383 tv,
795 5317 850 5369 6.
956 5329 981 5356 κ
1024 5315 1194 5371 Exod.
1229 5334 1341 5381 ιιιν,
1371 5317 1481 5382 26;
1531 5334 1619 5383 xv,
1670 5320 1724 5373 4.

2107 4658 2173 4695 ac
2204 4642 2517 4716 mundare;
2551 4657 2733 4711 neque
2778 4643 2915 4712 ipsa,
2948 4642 3199 4709 quamvis
3246 4642 3482 4711 lcprosa,
3530 4660 3682 4714 spem

2107 4733 2185 4786 tui
2224 4732 2517 4801 aleCCCI‘iS.

2177 4821 2510 4877 Delicterum
2550 4837 2796 4876 meorum
2848 4820 3077 4889 ﬂuctus,
3123 4838 3156 4877 ο
3210 4822 3485 4891 Salvator,
3532 4825 3683 4880 velut

2105 4915 2159 4967 in
2213 4914 2350 4967 mari
2400 4913 2586 4967 Rubro
2636 4914 2823 4969 subito
2882 4915 3115 4980 reversi,
3168 4931 3255 4970 me
3317 4906 3679 4986 operuerunt,

2106 5008 2253 5059 sicut
2326 5005 2621 5075 Egyptios
2685 5007 2821 5061 olim
2898 5019 2953 5061 et
3026 5008 3310 5079 principes
3381 5005 3683 5081 [Pharao-

2109 5099 2195 5151 nis
2222 5095 2449 5167 1‘](59).

2093 5255 2114 5282 ⁵
2144 5252 2307 5334 Num.
2340 5271 2447 5313 xvi.
2484 5255 2573 5311 51.
2660 5257 2676 5292 ι
2714 5253 2855 5312 Osee
2890 5253 3052 5321 2,“.
3122 5270 3149 5297 ιι
3184 5257 3353 5313 Eecli.
3382 5274 3551 5325 xxvn,
3575 5257 3673 5313 22.

1709 5472 2099 5529 COMDEFISH
2135 5472 2370 5527 NOTAE.

498 5582 632 5660 (39)_
669 5583 732 5637 Et
777 5588 1085 5660 principes.
1135 5588 1244 5640 Kal.
1282 5591 1409 5660 τοῦς
1474 5575 1789 5660 τριστάτας.
1837 5589 2002 5644 Forte

430 5653 580 5708 deest
605 5653 822 5725 Φαραώ.
856 5654 1095 5709 Hahetur
1126 5672 1189 5711 ea
1222 5673 1322 5712 vox
1346 5653 1525 5713 Exod:
1546 5676 1635 5722 xv,
1662 5660 1718 5724 4,
1741 5676 2000 5731 expressa

424 5756 492 5820 εκ
524 5741 980 5820 Ilebrgombihesl
1005 5765 1025 5820 :_
1044 5744 1108 5798 Et
1126 5745 1309 5820 electio
1328 5733 1530 5809 vwa
1551 5751 1845 5818 principum
1869 5750 2004 5817 ejus,

427 5810 544 5868 sive
576 5822 635 5868 ut
673 5812 827 5883 Vulg.
862 5810 1026 5870 Elecli
1059 5816 1321 5886 principes
1347 5820 1460 5879 eius
1487 5836 1504 5874 :
1537 5810 1690 5892 ιλιιεεὶ
1721 5810 1984 5890 przecipni

2100 5599 2156 5645 et
2198 5590 2441 5659 primarii
2485 5589 2625 5643 inter
2657 5590 2952 5659 primarius
3001 5592 3116 5647 sive
3159 5592 3330 5647 duces
3359 5595 3476 5649 sive
3510 5593 3678 5649 satel-

2102 5661 2229 5713 lites
2278 5667 2332 5712 et
2378 5662 2604 5725 milites,
2656 5662 2849 5728 quales
2904 5672 2959 5715 et
3003 5661 3184 5716 Latini
3241 5680 3375 5718 suos
3430 5664 3681 5720 Triarius

2109 5730 2313 5801 habent
2344 5747 2358 5783 :
2392 5731 2598 5801 deiqua
2630 5746 2764 5785 voce
2796 5732 2985 5785 multis
3035 5742 3223 5787 noster
3263 5732 3444 5801 Sant.,
3475 5732 3677 5801 Nobil.,

2098 5799 2215 5869 ipse
2235 5799 2421 5856 etiam
2448 5799 2818 5870 Hieronymus
2846 5816 2894 5857 c.
2926 5818 3058 5858 χχιιι
3087 5802 3309 5868 Ezceb.,
3341 5799 3449 5860 etc.
