3934 6444
329 396 468 464 1359

326 602 476 655 velut
511 601 641 654 olim
675 597 841 653 Israel
864 607 891 647 1
927 615 940 651 :
974 594 1434 667 irrationabiliter
1464 594 1613 650 enim
1668 597 1921 665 volupta-

326 695 463 748 riam
497 693 754 747 vitiorum
788 690 1150 746 voracitatem
1210 687 1403 743 divino
1431 687 1513 742 illi
1544 704 1747 743 manna
1778 705 1921 759 prae-

327 783 546 838 tulisti"

394 876 603 930 Carnes
653 873 869 937 suillas,
907 879 961 927 et
1010 873 1242 935 lebetes,
1284 885 1349 926 ac
1394 871 1550 928 cibos
1600 870 1829 943 IEgypti
1871 882 1916 937 ι,

326 967 539 1021 caelesti
581 980 724 1020 escae
784 965 1166 1036 praeposuisti,
1221 979 1255 1018 ο
1299 963 1505 1029 anima,
1563 963 1921 1032 quemadmo-

325 1061 452 1114 dum
485 1060 780 1129 improbus
812 1059 946 1112 olim
979 1058 1215 1127 populus
1247 1057 1339 1111 ille
1374 1056 1431 1110 in
1469 1055 1712 1110 deserto.

395 1149 787 1212 Praaltabuisti,
837 1164 869 1203 ο
944 1148 1158 1212 anima,
1216 1147 1473 1202 inventos
1525 1160 1554 1198 a
1605 1144 1919 1200 Philistinis

324 1251 539 1309 puteos,
572 1255 726 1294 venae
772 1239 855 1293 illi
890 1247 1080 1309 petrae,
1137 1252 1203 1291 ex
1255 1251 1364 1307 qua
1414 1234 1703 1305 theologia:
1739 1234 1920 1290 fontes

324 1332 933 1404 profundit‘sapientiae
966 1330 1172 1384 ﬂumen
1203 1341 1252 1382 α.

398 1426 720 1480 Percutiens
760 1424 943 1479 Moses
992 1422 1235 1477 lautulus
1281 1430 1408 1475 tuus
1438 1416 1651 1488 virga"
1687 1416 1919 1488 ﬁgurate

325 1530 563 1587 petram,
618 1516 900 1571 vivilicum
946 1516 1090 1569 latus
1156 1524 1310 1567 tuum
1372 1510 1786 1582 praetigurabat,
1847 1525 1914 1564 ex

324 1626 434 1675 quo
469 1625 683 1677 omnes,
724 1624 757 1664 o
791 1608 1070 1674 Salvator,
1106 1607 1390 1660 haurimus
1420 1616 1611 1674 patum
1651 1604 1797 1657 vit-.e.

398 1790 688 1854 Scrutare,
730 1788 914 1842 anima
952 1807 965 1841 :
1002 1787 1232 1856 explora
1287 1785 1469 1840 instar
1521 1780 1653 1837 Jesu
1693 1779 1842 1837 Nave
1865 1783 1914 1847 ι’,

1507 393 1569 454 s.
1612 393 1947 455 mones
1990 394 2412 472 CRETENSIS
2782 435 2815 447 -

348 508 599 573 ‘l‘u.sti,
642 520 674 561 ο
720 508 929 570 anima,
978 503 1232 574 improbo
1298 501 1487 558 animo
1538 507 1911 575 scelestoque,
1943 518 1986 575 Α

3469 402 3617 472 1360

2101 510 2442 582 ’Δγνώμονα,
2472 513 2640 583 ψυχὴ,
2675 512 2774 581 τὴν
2803 512 3124 584 προαίρεσιν
3152 515 3331 587 ἔσχες,
3359 516 3441 581 ὡς
3476 522 3615 589 πρὶν

2020 601 2049 653 ὁ
2087 602 2307 673 Ἰσραήλ
2327 618 2341 632 '
2374 604 2470 657 τοῦ
2499 604 2609 676 γὰρ
2641 605 2787 658 θείου
2821 606 2998 678 μάννα
3036 611 3370 682 προέκρινας
3392 613 3613 682 ἀλόγως

2020 692 2117 763 τὴν
2151 694 2435 766 φιλήδονον
2466 696 2577 750 τῶν
2618 697 2813 752 παθῶν
2845 699 3174 769 ἀδηφαγίαν.

2095 874 2178 929 Τὰ
2212 874 2336 930 ῦεια
2373 877 2534 948 κρέα,
2584 879 2831 944 καὶτοὺς
2871 881 3124 954 λέϐητας,
3155 886 3249 939 καὶ
3305 886 3404 958 τὴν
3437 888 3614 956 Αίγύ-

2021 983 2180 1020 πτιον
2225 969 2457 1040 τροφὴν,
2510 972 2611 1040 τῆς
2662 975 2986 1043 ἐπουρανίου
3046 979 3401 1051 προέκρινας,
3456 982 3613 1054 ψυχή

2024 1074 2150 1128 μου,
2186 1058 2263 1123 ὡς
2293 1063 2321 1113 ὁ
2348 1062 2480 1132 πρὶν
2519 1062 2794 1134 ἀγνώμων
2830 1065 2958 1130 λαὸς
2991 1068 3048 1121 ὲν
3082 1072 3147 1139 τῇ
3177 1071 3393 1143 ἐρήμῳ.

2092 1149 2173 1203 Τὰ
2217 1151 2451 1220 φρέατα,
2505 1154 2675 1224 ψυχὴ,
2727 1158 3102 1229 προετίμησας
3129 1160 3236 1215 τῶν
3281 1163 3614 1217 Χαναναίων

2019 1241 2263 1307 ἐννοιῶν,
2295 1243 2392 1313 τῆς
2421 1244 2618 1313 φλεϐὸς
2650 1247 2750 1318 τῆς
2784 1249 3016 1320 πέτρας,
3046 1251 3107 1318 ἐξ
3136 1248 3203 1322 ἦς
3230 1254 3260 1305 ὁ
3286 1255 3387 1325 τῆς
3412 1257 3614 1325 σοφίας

2021 1334 2271 1402 ποταμὸς
2300 1337 2525 1406 προχέει
2558 1341 2822 1408 κρουνοὺς
2847 1339 3150 1409 θεολογίας.

2105 1427 2192 1491 Ὠς
2240 1428 2441 1500 ἔπληξε
2493 1432 2700 1502 Μωσῆς
2747 1435 2775 1485 ὁ
2822 1433 3082 1506 θεράπων
3117 1452 3212 1487 σου
3270 1436 3457 1507 ῥάϐδῳ
3504 1436 3614 1506 τὴν

2020 1518 2250 1591 πέτραν,
2288 1523 2538 1587 τυπικῶς
2584 1524 2685 1595 τὴν
2734 1524 3000 1590 ζωοποιόν
3041 1544 3134 1580 σου
3186 1527 3427 1598 πλευρὰν
3470 1544 3614 1599 προσ

2018 1610 2273 1666 διετύπου
2294 1630 2308 1645 ο
2342 1614 2401 1679 ἐξ
2426 1611 2494 1687 ἦς
2530 1616 2732 1680 πάντες
2757 1619 2910 1687 πόμα
2938 1619 3107 1688 ζωῆς,
3140 1619 3348 1691 Σῶτερ,
3377 1620 3613 1674 ἀντλοῦ-

2024 1721 2144 1775 μεν.

2105 1795 2454 1868 Ἐρεύνησον,
2494 1798 2677 1869 ψυχή·
2715 1801 3157 1872 κατασκόπησον,
3204 1802 3532 1873 ὡςῚησοῦς
3586 1805 3619 1856 ό

325 1894 531 1939 terram
579 1880 957 1944 haereditatis,
999 1879 1311 1948 qualisnam
1361 1878 1480 1932 sit:
1524 1882 1691 1945 atque
1740 1876 1795 1929 in
1831 1890 1916 1940 ea,

2064 1886 2118 1940 οῦ
2150 1889 2331 1959 Ναυῆ,
2385 1890 2482 1961 τῆς
2516 1891 2879 1960 κληροδοσίας
2932 1893 3032 1965 τὴν
3069 1896 3201 1965 γῆν,
3244 1896 3408 1949 ὁποία
3467 1897 3617 1960 ἐστὶ,

322 1982 474 2028 recte
514 1973 619 2043 legi
642 1972 1061 2040 obtemperans,
1095 1984 1159 2024 ac
1192 1969 1439 2041 legitime
1467 1967 1784 2024 constitutis
1831 1968 1915 2024 vi-

324 2081 391 2123 t;c
430 2066 759 2131 rationibus,
796 2065 1009 2118 habita.

395 2158 592 2229 Surge,
618 2164 672 2209 et
702 2156 845 2211 sicut
871 2152 1058 2220 Jesus,
1091 2168 1344 2224 expugna
1377 2153 1608 2209 Amalec
1631 2165 1689 2221 c;
1723 2168 1918 2223 nempe

321 2250 456 2306 vitia
515 2249 755 2305 carnis:
817 2262 881 2301 ac
934 2260 1156 2315 semper
1215 2243 1913 2321 Gabaonitasdﬂallaces,

322 2343 569 2410 inquam,
612 2338 979 2407 cogitationes
1014 2337 1194 2390 vince.

389 2431 591 2486 Transi
618 2429 819 2484 ﬂuxam
866 2428 1132 2498 temporis
1166 2437 1446 2492 naturam,
1475 2441 1584 2497 qua
1625 2426 1753 2481 olim
1788 2441 1917 2482 arca

318 2522 569 2585 ratione;
613 2528 668 2574 et
724 2517 970 2589 posside,
1016 2531 1049 2571 ο
1082 2516 1293 2582 anima,
1348 2526 1552 2570 terram
1590 2516 1741 2570 illam
1792 2531 1920 2586 pro-

320 2615 551 2669 missam
586 2625 609 2651 ο
645 2632 658 2669 :
692 2612 897 2681 quippe
936 2609 1081 2665 Deus
1104 2609 1262 2677 jubet
1290 2618 1346 2663 ut
1374 2608 1761 2678 proﬁciscare.

392 2705 870 2773 Quemadmodum
927 2701 1151 2756 Petrum
1206 2702 1539 2756 clamantem
1606 2699 1837 2757 salvasti
1870 2699 1915 2767 ί,

321 2801 536 2853 salvum
570 2813 657 2851 me
698 2796 785 2850 fac
823 2796 957 2858 cito,
1013 2809 1046 2847 ο
1083 2792 1381 2849 Salvator:
1418 2810 1502 2848 me
1528 2793 1703 2849 libera
1735 2807 1763 2846 a
1816 2807 1919 2848 sa:-

323 2904 386 2942 va
418 2888 659 2959 procella
687 2886 820 2957 (l0),
849 2882 1152 2939 extendens
1190 2897 1415 2949 manum
1440 2892 1692 2951 tuam,ac
1723 2884 1859 2939 educ
1884 2898 1915 2937 a

318 2982 537 3051 peccati
574 2978 876 3050 profundo.

394 3074 617 3137 Portum
651 3081 702 3127 te
741 3088 985 3142 agnosco
1025 3086 1315 3136 securum,
1369 3069 1592 3124 Christe
1639 3067 1910 3123 Domine:

321 3166 419 3220 sed
456 3182 540 3219 me
576 3167 835 3236 protinus
879 3169 949 3223 ab
1001 3163 1337 3223 irremeabili
1366 3165 1578 3235 peccati
1614 3170 1669 3219 et
1715 3163 1912 3233 despe-

323 3261 560 3316 rationis
594 3260 764 3316 l'undo
784 3276 936 3317 erue.

395 3352 529 3407 Sum
597 3366 696 3422 ego
723 3390 736 3413 ,

2018 1981 2114 2036 καὶ
2141 1981 2473 2054 κατοίκησον
2502 1985 2565 2038 ὲν
2590 1986 2729 2056 αὐτῇ
2760 1985 2835 2039 δι’
2860 1986 3139 2058 εὐνομίας.

2104 2156 2425 2232 Ἀνάστηθι,
2462 2161 2558 2215 καὶ
2611 2162 3091 2234 καταπολέμησον,
3126 2164 3204 2228 ὡς
3256 2164 3490 2236 Ἰησοῦς,
3518 2167 3620 2222 τδν

2032 2246 2307 2321 ’Δμαλήκο
2344 2252 2449 2322 τῆς
2489 2254 2693 2324 σαρκὸς
2721 2254 2788 2307 τὰ
2810 2254 2981 2325 πάθη·
3030 2256 3127 2309 καὶ
3162 2256 3290 2321 τοὺς
3322 2258 3617 2313 Γαϐαωνί-

2017 2357 2120 2406 τας
2148 2384 2164 2409 ,
2197 2346 2326 2408 τοὺς
2358 2346 2678 2417 ἀπατηλοὺς
2712 2346 3029 2419 λογισμοὺς,
3063 2350 3151 2403 ἀεὶ
3180 2351 3412 2404 νικῶσα.

2088 2434 2318 2504 Διάϐηθι
2356 2435 2450 2488 τοῦ
2496 2439 2691 2507 χρόνου
2722 2438 2823 2506 τὴν
2872 2440 3106 2510 ῥέουσαν
3142 2440 3325 2509 φύσιν,
3366 2442 3446 2505 ὡς
3480 2444 3619 2514 πρὶν

2019 2526 2054 2594 ἡ
2098 2525 2364 2589 κιϐωτός·
2400 2528 2495 2580 καὶ
2550 2530 2650 2598 τῆς
2692 2530 2797 2601 γῆς
2847 2531 3066 2602 ἐκείνης
3117 2531 3281 2599 γενοῦ
3332 2535 3391 2588 ἐν
3441 2552 3621 2590 καταο

2021 2616 2229 2686 σχέσει,
2260 2618 2360 2689 τῆς
2396 2620 2753 2688 ἐπαγγελίας,
2788 2620 2935 2693 ψυχή
2961 2638 2975 2653 ·
3012 2622 3146 2687 Θεὸς
3174 2623 3410 2680 κελεύει.

2104 2706 2191 2770 Ὠς
2225 2707 2437 2773 ἔσωσας
2470 2711 2560 2763 τὸν
2593 2712 2799 2781 Πέτρον
2823 2712 3118 2784 βοήσαντα,
3146 2713 3321 2769 σῶσον
3353 2718 3613 2789 προφθά-

2021 2818 2120 2865 σας
2156 2819 2245 2872 με,
2279 2803 2485 2874 Σῶτειρ,
2518 2803 2614 2856 τοῦ
2655 2805 2824 2876 θηρός
2869 2823 2935 2877 με
2973 2805 3191 2877 ῥεῦσαι,
3221 2810 3475 2875 ἐκτείνας
3510 2828 3613 2865 σου

2017 2892 2118 2963 τὴν
2164 2896 2367 2966 χεῖρα,
2422 2896 2516 2949 καὶ
2583 2897 2828 2966 ἀνάγαγε
2883 2898 2975 2952 τοῦ
3036 2897 3202 2969 βυθοῦ
3257 2901 3361 2972 τῆς
3419 2904 3613 2974 ἀμαρ-

1930 3012 1935 3015 η
2016 2985 2157 3049 τίας.

2091 3080 2307 3149 Λιμένα
2344 3098 2403 3134 σε
2450 3081 2706 3150 γινώσκω
2751 3083 3316 3151 γαλήνιον,Δέσποτα
3364 3089 3610 3159 Χριστέυ

2022 3171 2136 3224 ἀλλ’
2169 3175 2235 3225 ὲκ
2284 3174 2394 3227 τῶν
2446 3176 2659 3231 ἀδύτων
2691 3175 2870 3246 βυθῶν
2920 3181 3024 3249 τῆς
3064 3181 3345 3253 ἁμαρτίας
3375 3184 3471 3236 καὶ
3505 3182 3616 3252 τῆς

1860 3259 1872 3271 ’
1947 3250 1991 3308 C
2027 3263 2416 3331 ἀπογνώσεως,
2450 3268 2880 3345 μεπροφθάσας
2911 3270 3094 3342 ῥῦσαι.

838 3354 1141 3419 Salvator,
1204 3367 1367 3423 quam
1435 3351 1566 3407 olim
1629 3352 1923 3422 perdidisti

2109 3354 2255 3423 Ἐγώ
2293 3358 2434 3426 εἰμι,
2467 3357 2676 3430 Σῶτερ,
2707 3359 2775 3431 ἢν
2801 3359 3095 3425 ἀπώλεσας
3125 3361 3295 3416 πάλαι
3334 3362 3617 3435 βασίλειον

325 3445 647 3501 drachmam
669 3445 875 3517 regiam
902 3446 948 3499 ⁸.
980 3444 1212 3510 Verum,
1241 3459 1476 3500 accensa
1501 3445 1750 3509 lucerna,
1779 3445 1918 3501 Praen

2064 3448 2308 3517 ραχμήν·
2340 3449 2457 3501 ἀλλ’
2494 3450 2708 3519 ἁνάψας
2751 3450 2965 3521 λύχνον,
3006 3454 3098 3507 τὸν
3140 3454 3456 3525 Πρόδρομόν
3491 3471 3614 3523 σου,

326 3552 562 3592 cursore
601 3545 718 3604 tuo,
748 3553 780 3593 ο
810 3536 1075 3603 Verbum,
1116 3538 1337 3608 require
1361 3545 1527 3608 atque
1555 3536 1739 3594 inveni
1771 3546 1921 3593 tuam

328 3633 651 3704 imaginem,
1470 3620 1483 3627 ’

944 3723 1014 3779 1η
1048 3723 1329 3781 Sanctam.

404 3816 675 3872 Vitiorum
733 3817 1078 3874 exstinctura
1111 3817 1408 3882 llainmam,
1437 3816 1600 3888 juges
1649 3804 1924 3889 lacryma-

2024 3539 2190 3607 Λόγε,
2226 3541 2578 3612 ἀναζήτησον
2604 3543 2699 3596 καὶ
2721 3543 2863 3616 εὑρὲν
2890 3544 2991 3615 τὴν
3021 3544 3120 3615 σὴν
3152 3547 3361 3601 εἰκόνα.

2622 3721 2745 3791 Τῆς
2794 3723 3019 3791 Ὀσίας.

2101 3810 2222 3899 Ἵνα
2275 3812 2468 3867 παθῶν
2524 3815 2624 3886 τὴν
2688 3815 2867 3886 φλόγα
2923 3818 3309 3891 κατασϐέσῃς,
3363 3819 3619 3899 δακρύων

331 3930 450 3967 rum
503 3914 712 3968 rivulos
742 3914 919 3969 oculis
975 3910 1278 3974 deduxisti,
1312 3927 1345 3966 ο
1394 3912 1587 3973 Maria,
1626 3913 1779 3967 velut
1812 3911 1918 3982 igni

2064 3897 2253 3963 ϐλυζες
2283 3901 2373 3955 ἀεὶ
2422 3902 2667 3973 ὀχετοὺς,
2714 3906 2929 3977 Μαρία,
2961 3907 3111 3979 ψυχὴ
3147 3896 3575 3982 πυρπολουμένη
3596 3926 3615 3941 ⁸

331 4019 598 4060 succensa
626 4006 871 4059 animam
900 4023 914 4060 :
944 4019 1183 4076 quarum
1216 4013 1271 4060 et
1304 4004 1438 4059 mihi
1464 4011 1561 4060 tuo
1589 4003 1796 4061 famulo
1820 4008 1918 4059 lm-

2064 4006 2104 4044 ιν
2135 3991 2234 4062 τὴν
2263 3992 2430 4065 χάριν
2459 3993 2649 4066 νέμοις
2677 3997 2849 4068 κάμοὶ
2874 3998 2955 4070 τῷ
2987 3998 3065 4070 σῷ
3094 3999 3304 4074 οἰκέτῃ.

332 4097 596 4168 pertiaris
627 4096 886 4166 gratiam.
2728 4115 2739 4125 ε

400 4190 698 4246 Coelestem
781 4188 1076 4260 quamdam
1138 4188 1495 4244 allectionum
1568 4189 1918 4253 vacuitatem,

2114 4169 2414 4226 Ἀπάθειαν
2469 4171 2729 4244 οὐράνιον
2775 4174 3020 4245 ἐκτήσω,
3070 4175 3138 4228 δι’
3169 4176 3477 4249 ἀκροτάτης
3520 4178 3623 4235 ἐπὶ

330 4282 455 4337 vitae
483 4282 799 4337 rationibus
830 4296 1061 4359 summa
1100 4281 1155 4336 in
1189 4282 1359 4337 terris
1389 4281 1725 4338 celsitudine
1764 4282 1918 4338 insti-

2067 4261 2132 4331 ἧς
2184 4263 2482 4330 πολιτείας,
2513 4266 2739 4337 Μῆτερ·
2793 4266 2876 4319 διὸ
2903 4267 3030 4330 τοὺς
3079 4268 3140 4322 σὲ
3194 4269 3499 4339 ὑμνοῦντας
3553 4274 3623 4325 ὲκ

333 4375 491 4436 tutis,
540 4351 845 4439 consecuta
894 4391 976 4438 es,
1016 4389 1049 4429 ο
1085 4374 1256 4429 Mater
1302 4375 1710 4445 :quamobrem
1764 4382 1823 4429 ut
1872 4382 1918 4430 te

2064 4351 2220 4407 ;αθῶν
2255 4354 2546 4424 ῥυσθῆναι,
2582 4355 2909 4425 πρεσϐείαις
2942 4374 3037 4412 σου
3066 4358 3329 4415 δυσώπει.

334 4467 630 4521 laudantes
665 4481 694 4519 a
743 4466 894 4521 vitiis
926 4475 981 4520 et
1016 4466 1407 4523 affectionibus
1462 4467 1624 4522 liberi
1664 4466 1924 4531 evadant,

336 4557 832 4614 intercessionibus
860 4558 971 4613 tuis
995 4559 1203 4613 obtine.
1956 4595 2002 4648 Β

675 4646 684 4652 ”
937 4647 1004 4703 In
1039 4652 1328 4705 Andream.

408 4742 514 4808 Qui
556 4749 611 4797 te
651 4741 1001 4797 Cretensium
1051 4751 1329 4812 pastorem
1382 4749 1436 4795 ct
1482 4740 1770 4812 praesulem
1795 4779 1810 4803 ,
1840 4754 1918 4793 or-

2106 4734 2220 4804 Τῆς
2259 4735 2487 4805 Κρήτης
2518 4752 2577 4788 σε
2603 4737 2842 4807 ποιμένα
2876 4739 2971 4792 καὶ
3002 4736 3290 4809 προέδρον,
3326 4739 3421 4793 καὶ
3443 4740 3631 4793 οἰκου-

336 4837 531 4905 hisque
555 4835 802 4890 universi
836 4836 1269 4889 intercessorem
1322 4835 1596 4895 noverim,
1638 4834 1704 4887 ad
1741 4841 1795 4887 te
1836 4847 1918 4887 ac-

2064 4827 2209 4895 ιένης
2253 4826 2603 4896 πρεσϐευτὴν
2631 4827 2911 4896 ἐγνωκὼς,
2970 4830 3319 4901 προστρέχω,
3371 4831 3626 4902 Ἀνδρέα,

337 4928 494 4990 cedo,
531 4943 562 4982 ο
592 4926 839 4990 Andrea,
869 4935 924 4981 et
951 4926 1134 4980 clamo
1163 4925 1230 4979 ad
1268 4938 1339 4979 te.
1374 4924 1482 4991 Tu,
1508 4923 1692 4991 Pater,
1721 4940 1855 4981 erue
1896 4938 1918 4978 a

2064 4919 2130 4972 :a‘t
2182 4917 2291 4988 βοῶ
2334 4935 2448 4971 σοι’
2496 4918 2748 4988 Ἐξελοῦ,
2798 4922 3007 4994 Πάτερ,
3062 4920 3231 4993 βυθοῦ
3290 4922 3392 4992 τῆς
3435 4924 3629 4993 ἁμαρ-

342 5017 552 5088 peccati
577 5014 878 5087 profundo.

2071 5009 2175 5073 ίας.
2410 5038 2415 5043 μ
2588 5036 2594 5042 -
2924 5028 2927 5029 '

2685 4607 2982 4712 ma...

2741 5104 2914 5157 Δόξα.

2741 5104 2816 5157 Δό
2856 5120 2914 5157 α.

2111 5196 2284 5267 Τριάς
2331 5199 2451 5267 εἰμι
2499 5196 2649 5265 ἁπλῆ
2696 5103 3026 5267 ἁδιαξρετος,
3060 5196 3306 5268 διαιρετὴ
3341 5213 3630 5268 προσωπι-

1044 5102 1252 5159 Gloria.

1044 5121 1252 5159 ωονια.

412 5192 655 5265 Simplex
686 5209 807 5251 sum
829 5192 1114 5248 individua
1137 5193 1405 5258 Tt'iuilas,
1443 5196 1697 5265 personis
1724 5198 1929 5254 discre-

417 5376 447 5413 ν
478 5367 642 5423 Num.
686 5376 801 5440 κει,
834 5368 886 5423 5.
936 5378 987 5440 *ι
1019 5367 1189 5421 Exod.
1242 5385 1350 5433 xvr,
1384 5372 1434 5440 '5.
1513 5382 1539 5410 α
1576 5370 1714 5425 Gen.
1740 5366 1918 5427 xxv1.l

2064 5369 2256 5427 'Exod.
2301 5388 2436 5440 xvu,
2469 5374 2524 5431 6.
2603 5376 2630 5414 δ
2656 5372 2819 5429 Num.
2854 5390 2967 5439 xlv,
3005 5374 3057 5430 6.
3137 5385 3161 5414 ο
3192 5375 3366 5431 Exod.
3402 5374 3643 5439 xvu,l3.

344 5435 563 5496 Hosne
582 5456 657 5507 xl,
699 5439 792 5494 21.
875 5449 899 5476 ε
928 5437 1097 5494 Josuc
1127 5456 1206 5506 III,
1238 5440 1322 5493 14.
1407 5439 1425 5478 ί
1456 5442 1653 5495 Matth.
1683 5456 1796 5505 xw,
1830 5440 1918 5493 50.

2064 5457 2164 5496 .uc.
2202 5457 2290 5509 xv,
2325 5442 2378 5497 8.

1648 5589 2039 5650 COMBEFISH
2072 5595 2309 5653 NOTAE.

421 5684 627 5765 (ἀφ’-Α
676 5700 819 5740 mea
874 5682 1129 5765 procella.
1179 5681 1299 5736 Non
1351 5684 1585 5765 omnino.
1638 5683 1931 5765 reddimus
2040 5691 2439 5765 procellosum,
2483 5701 2537 5748 ct
2582 5701 2832 5763 paratum
2872 5691 3171 5749 absorbere
3209 5690 3488 5765 ﬂuctibus,
3521 5693 3624 5750 de-

351 5757 496 5825 qnod
522 5755 709 5811 Grieca
743 5764 961 5822 sonant,
1000 5758 1047 5809 si
1078 5764 1258 5807 tamen
1290 5766 1437 5825 sunt
1485 5756 1620 5808 satis
1654 5769 1787 5808 sana
1821 5772 1833 5807 :
1870 5756 1935 5807 ὲκ
2041 5755 2275 5816 scribat,

353 5818 551 5896 θηρόςο
604 5830 755 5883 velut
804 5818 1153 5882 [crae'inslar
1188 5833 1240 5879 et
1287 5818 1462 5881 leonis
1517 5825 1747 5893 hiantis,
1784 5840 1937 5880 mare
