3934 6436
319 424 449 489 1361

1666 406 2284 485 MAGNUSCANON.

3400 402 3404 407 ’
3446 425 3582 490 1362

310 538 458 602 κῶς
496 536 589 589 καὶ
619 533 787 604 μονὰς
814 531 1046 603 ὑπάρχω
1072 530 1137 600 τῇ
1175 527 1338 597 φύσει
1373 527 1634 599 ἡνωμένη
1654 543 1667 557 ο
1715 530 1743 581 6
1775 530 1888 582 Πα-

2021 549 2045 584 a
2082 550 2095 587 :
2133 534 2428 601 uuitasque
2453 533 2666 589 exsisto
2697 533 2851 587 unita
2894 542 3115 601 natura,
3145 532 3328 598 Pater,
3376 534 3579 607 inquit,

313 626 441 699 τηρ,
467 626 657 696 φησὶν,
692 626 720 677 6
750 622 901 686 Υἱὸς,
931 622 1027 675 καὶ
1056 619 1199 673 θεῖον
1240 618 1486 689 Πνεῦμα.

829 714 939 770 Καὶ
968 714 1101 769 νῦν.
1139 714 1377 767 Θεοτόκ.

400 806 465 863 Ἥ
500 810 684 880 μήτρα
734 825 828 861 σου
858 800 993 861 Θεὸν
1048 808 1237 860 τέτοκε
1290 806 1725 877 μεμορφωμένον
1771 805 1894 860 καθ’

317 903 500 972 ἡμᾶς·
554 901 614 954 ὃν
661 902 737 963 ὼς
773 886 1032 969 κτίστην
1068 899 1291 951 πάντων
1334 896 1597 963 δυσώπει,
1639 896 1895 964 Θεοτόκε,

320 994 409 1048 ἴνα
436 995 555 1056 ταῖς
580 990 907 1061 πρεσϐείαις
935 994 1054 1053 ταῖς
1087 992 1211 1052 σαῖς
1243 988 1646 1058 δικαιωθῶμεν.

624 1083 956 1139 Κοντάκιον
987 1081 1162 1150 ίδιόμ.
1196 1076 1329 1148 *Ηχ.
1368 1083 1476 1134 πλ.
1505 1076 1588 1144 β’.

387 1175 550 1245 1Ψυχή
582 1191 706 1245 μου,
742 1174 887 1244 ψυχή
921 1190 1045 1243 μου,
1100 1172 1310 1226 ἀνάστα
1334 1185 1348 1200 ·
1394 1170 1448 1223 τί
1480 1169 1806 1236 καθεύδεις;
1837 1168 1899 1222 τὸ

258 1301 263 1305 ς
315 1268 471 1331 τέλος
515 1267 746 1336 ἐγγίζει,
797 1269 891 1319 καὶ
929 1267 1146 1336 μέλλεις
1173 1263 1546 1336 θορυόεῖσθαι.
1596 1261 1899 1332 Ἀνάνηψον

315 1355 433 1423 οὖν,
468 1360 556 1413 ἴνα
581 1358 838 1429 φείσηταί
872 1375 968 1410 σου
1016 1357 1254 1428 Χριστὸς
1299 1357 1329 1409 6
1359 1355 1515 1421 Θεὸς,
1550 1357 1580 1409 6
1620 1350 1900 1424 πανταχοῦ

324 1449 545 1521 παρὼν,
578 1451 671 1503 καὶ
693 1450 762 1503 τά
793 1448 971 1502 πάντα
1003 1447 1246 1519 πληρῶν.

979 1629 1044 1682 '0
1074 1627 1201 1682 οἷκο

984 1648 1044 1682 νυ
1074 1648 1201 1682 omo

397 1719 471 1772 Τὸ
521 1717 616 1772 τοῦ
666 1719 903 1790 Χριστοῦ
956 1648 1472 1791 ίατρεῖονςβλέπων
1526 1715 1902 1787 ἀνεῳγμένον,

317 1812 418 1863 καλ⁸
465 1811 564 1881 τὴν
603 1814 668 1864 ὲκ
724 1812 915 1865 τούτου
944 1811 1022 1881 τῷ
1061 1812 1234 1889 ’Δδὰμ
1284 1808 1646 1879 πηγάζουσαν
1694 1806 1905 1875 ὑγείαν,

1996 624 2188 691 Filius,
2215 640 2279 680 ac
2314 624 2536 681 divinus
2561 625 2824 694 Spiritus.

2420 716 2489 770 Et
2523 734 2683 771 nunc.
2724 718 2807 771 Ad
2844 716 3152 784 Deiparam.

2065 805 2182 861 Tua
2242 808 2405 862 vulva
2462 807 2632 862 Deum
2692 809 2903 876 peperit
2952 808 3030 860 in.
3068 808 3305 862 humana
3370 807 3583 876 forma;

1996 913 2155 968 quem
2188 898 2335 954 velut
2371 900 2616 953 omnium
2649 898 2967 954 Creatorem
3008 913 3199 960 exora,
3240 907 3299 953 ut
3334 900 3461 965 tuis,
3486 898 3583 954 Dei

1997 988 2273 1053 Genitrix,
2306 989 2807 1045 intercessionibus
2826 988 3215 1059 jttStificemur.

2282 1078 2581 1134 Contacion
2610 1080 2898 1134 idiomelon
2918 1089 3025 1135 tan.
3053 1081 3113 1144 2,
3136 1079 3300 1147 obliq.

2068 1170 2266 1225 Anima
2300 1186 2419 1226 mea
2439 1212 2454 1237 ,
2479 1187 2622 1234 mea,
2655 1187 2915 1241 exsurge,
2946 1172 3129 1225 anima
3152 1188 3168 1236 ;
3190 1170 3321 1239 quid
3341 1169 3593 1229 dormis?

1998 1261 2253 1317 Imminet
2283 1261 2432 1326 linis,
2465 1273 2633 1331 atque
2668 1262 2768 1316 tibi
2814 1268 2898 1317 est
2951 1260 3134 1315 futura
3190 1261 3455 1315 turbatio.
3504 1261 3587 1313 Ad

2000 1352 2287 1406 meliorem
2316 1367 2450 1423 ergo
2488 1352 2704 1423 frugem
2736 1352 3062 1413 revertaris,
3113 1360 3170 1405 ut
3204 1351 3302 1404 tibi
3334 1350 3591 1405 Christus

2002 1444 2151 1501 Deus
2205 1446 2519 1517 ignoverit,
2591 1446 2687 1516 qui
2769 1444 2976 1515 ubique
3052 1458 3339 1514 praesens,
3402 1446 3589 1498 omnia

2001 1538 2197 1608 replet.

2685 1627 2916 1684 Damna.

2081 1715 2286 1773 Videus
2342 1716 2605 1774 diabolus
2708 1718 2978 1773 medicam
3050 1714 3260 1770 Christi
3319 1712 3591 1768 oﬂiciuam

2006 1817 2280 1880 apertam,
2301 1810 2540 1881 indeque
2567 1821 2882 1864 manantem
2917 1808 3048 1862 Adae
3080 1807 3401 1867 sanitatem,
3442 1821 3594 1860 com-

316 1879 545 1962 ἔπαθεν,
605 1899 818 1970 ἐπλήγη
882 1902 912 1953 6
964 1879 1248 1965 διάϐολος,
1289 1900 1384 1952 καὶ
1437 1898 1513 1960 ὼς
1573 1893 1900 1950 κινδυνεύων

2021 1909 2190 1956 notus
2235 1910 2320 1957 est
2375 1879 2825 1978 et‘perterritus
2861 1918 2876 1966 ;
2908 1915 2979 1955 ac
3005 1900 3157 1954 velut
3223 1899 3279 1952 in
3343 1898 3593 1968 periculo

314 1990 582 2061 ὠδύρετο,
611 1991 706 2043 καὶ
730 1994 844 2053 τοῖς
872 1991 1037 2045 αὑτοῦ
1063 1992 1239 2061 φίλοις
1268 1989 1531 2059 ἀνεϐόησε
1553 2006 1564 2020 ·
1597 1988 1662 2041 Τί
1689 1988 1901 2057 ποιήσω

315 2081 402 2151 τῷ
438 2081 550 2151 Υίῴ
581 2081 682 2150 τῆς
715 2082 933 2154 Μαρίας
959 2099 974 2148 ;
1029 2082 1247 2150 κτείνει
1281 2099 1346 2152 με
1377 2084 1404 2134 6
1429 2080 1801 2150 Βηθλεεμίτης
1825 2097 1839 2113 ο
1871 2082 1900 2134 6

318 2171 606 2244 πανταχοῦ
635 2172 851 2245 παρὼν,
892 2175 984 2227 καὶ
1013 2174 1084 2227 τὰ
1122 2175 1301 2227 πάντα
1330 2172 1577 2242 πληρῶν.

862 2266 931 2319 Τὸ
967 2266 1368 2333 συναξάριον.

391 2355 475 2425 Τῇ
524 2356 662 2426 αὐτῇ
702 2357 910 2428 ἡμέρᾳ,
966 2358 1110 2411 κατά
1155 2360 1253 2428 τὴν
1300 2361 1533 2430 ἀρχαίαν
1576 2360 1899 2430 παράδοσιν,

310 2442 603 2512 ψάλλομεν
626 2446 720 2497 καὶ
749 2445 848 2516 τὴν
878 2445 971 2498 τοῦ
1012 2448 1250 2516 μεγάλου
1282 2450 1522 2511 Κανόνος
1550 2450 1897 2505 ἀκολουθίαν.

322 2532 527 2584 Τοῦτον
564 2532 657 2585 τὸν
685 2532 855 2589 ὅντως
885 2536 1124 2589 κανόνων
1173 2538 1451 2607 μέγιστον,
1482 2540 1738 2593 ἁπάντων
1780 2539 1902 2609 ἀρί-

324 2637 470 2683 στως
501 2624 597 2677 καὶ
624 2625 961 2694 τεχνηέντως
990 2628 1276 2698 ’ἡρμόσατο
1312 2633 1408 2683 καὶ
1466 2631 1826 2701 συνέγραψεν,
1874 2634 1903 2686 6

326 2716 387 2766 ὲν
426 2716 603 2782 ἁγίοις
648 2719 835 2791 Πατὴρ
890 2721 1049 2789 ἡμῶν
1083 2722 1339 2789 ’Δνδρέας
1385 2724 1414 2774 6
1468 2723 1901 2792 ἀρχιεπίσκοπος

327 2808 576 2877 Κρήτης,
627 2812 654 2862 6
710 2812 804 2862 καὶ
857 2811 1294 2881 Ἱεροσολυμίτης
1350 2814 1783 2882 ὀνομαζόμενος·
1844 2816 1904 2879 ὃς

327 2895 560 2966 ὥρμητο
592 2900 691 2968 μὲν
738 2903 801 2953 ἐκ
830 2903 1128 2970 Δαμασκοῦ
1148 2944 1162 2967 ,
1194 2904 1290 2956 ἐπὶ
1325 2906 1905 2978 τεσσαρεσκαιδεκάτῳ

325 2987 385 3040 δὲ
416 2986 525 3041 ἔτει
545 2991 644 3060 τῆς
671 2991 836 3044 αὑτοῦ
870 2993 1087 3061 ἡλικίας
1106 2994 1477 3065 παιδευτηρίῳ
1507 2997 1907 3068 γραμματικῆς

327 3078 592 3142 ἐκδοθεῖς,
634 3082 728 3133 καὶ
759 3082 859 3152 τὴν
912 3083 1201 3151 ἐγκύκλιον
1244 3085 1526 3137 παίδευσιν
1571 3086 1904 3156 ἐξασκήσας,

2001 2008 2255 2057 versans,
2291 1993 2440 2047 luctu
2479 1993 2547 2047 ad
2579 1993 2793 2048 amicos
2839 1991 3103 2045 clamavit
3134 2008 3147 2044 :
3204 1988 3347 2055 Quid
3372 1988 3589 2057 faciam

2000 2082 2185 2137 Maria:
2208 2081 2348 2138 Filio
2369 2083 2491 2138 ?Me
2505 2082 2868 2148 Bethleemita
2896 2081 2991 2136 ille
3009 2080 3197 2151 perdit
3225 2098 3238 2134 :
3262 2082 3358 2150 qui
3390 2079 3591 2149 ubique

2004 2188 2271 2243 praesens,
2300 2174 2487 2227 omnia
2528 2172 2723 2242 replet.
3163 2184 3171 2195 '

2610 2262 3000 2333 Synaazarium.

2074 2355 2277 2411 Eodem
2310 2357 2422 2421 die,
2457 2372 2526 2411 ex
2563 2357 2793 2425 antiqua
2828 2355 3139 2410 traditione
3184 2354 3438 2408 cauimus
3480 2352 3592 2409 otii-

2003 2445 2150 2498 cium
2184 2447 2364 2515 magni
2398 2446 2665 2501 Canonis.
2694 2444 2852 2499 Hune
2889 2460 3016 2499 vere
3039 2460 3103 2499 ex
3137 2444 3399 2499 omnibus
3429 2458 3599 2498 cauo-

2004 2537 2169 2591 nibus
2198 2538 2526 2604 maximum,
2553 2540 2759 2609 Optime
2785 2546 2840 2593 et
2883 2538 3174 2608 ingeniose
3201 2538 3523 2608 composuit
3545 2546 3601 2592 et

2005 2633 2341 2700 conscripsit
2377 2641 2607 2688 sanctus
2665 2630 2829 2686 Pater
2862 2642 3053 2687 noster
3085 2631 3360 2693 Andreas,
3418 2631 3603 2684 archi-

2007 2726 2301 2794 episcopus
2355 2723 2551 2790 Crette,
2598 2714 2971 2794 cognomento
3031 2724 3593 2794 Hierosolymitanus.

2004 2814 2110 2870 Hic
2143 2817 2412 2870 Damasco
2438 2817 2734 2880 oriundus,
2780 2817 2999 2871 decimo
3036 2824 3241 2886 quarto
3272 2815 3456 2868 aetatis
3487 2829 3602 2868 suae

2007 2921 2154 2961 anno
2187 2908 2563 2977 grammaticae
2596 2908 2780 2961 studia
2834 2923 3132 2979 aggressus
3159 2948 3174 2971 ,
3221 2915 3277 2961 et
3332 2905 3598 2959 omnibus

2006 2999 2220 3054 artibus
2260 2999 2590 3055 liberalibus
2637 2999 2810 3069 probe
2830 3002 3114 3064 excultus,
3153 2998 3601 3067 Hierosolymam

2009 3090 2278 3160 pervenit,
2318 3091 2598 3161 vitamque
2628 3090 2993 3144 monasticam
3050 3089 3178 3142 iniit
3212 3107 3224 3143 :
3261 3088 3359 3157 qui
3412 3094 3604 3141 sancte

326 3172 409 3231 είς
453 3170 803 3240 Ἱεροσόλυμα
843 3172 1103 3241 γεγονὼς,
1154 3175 1246 3228 τον
1288 3178 1566 3248 μοναστὴν
1608 3180 1908 3250 ὑπέρχεται

2021 3193 2070 3236 et
2124 3182 2213 3251 pie
2269 3182 2434 3235 vitam
2468 3197 2761 3252 peragens,
2800 3182 2854 3235 in
2903 3180 3093 3250 quieto
3150 3178 3388 3232 illo'eta
3424 3178 3605 3232 turbis

331 3263 477 3331 βίον·
512 3263 673 3326 ὁσίως
730 3264 785 3316 δὲ
820 3265 913 3317 καὶ.
960 3265 1225 3335 θεοφιλῶς
1281 3268 1485 3337 διάγων
1532 3271 1576 3302 ¹³
1628 3275 1688 3325 ὲν
1720 3274 1909 3345 ἡσύχῳ

329 3355 427 3406 καὶ
458 3353 717 3425 ἁταράχῳ
748 3358 814 3426 τῇ
865 3356 1052 3428 βιοτῇ,
1097 3360 1272 3412 πολλὰ
1324 3362 1420 3431 μὲν
1471 3364 1565 3414 καὶ
1612 3363 1747 3417 ἄλλα
1782 3382 1910 3433 συγ-

327 3445 639 3515 γράμματα
675 3447 917 3517 βιωφελῆ
946 3450 1266 3505 καταλείπει
1297 3456 1362 3523 τῇ
1390 3433 1498 3505 τοῦ.
1512 3454 1648 3507 Θεοῦ
1685 3457 1912 3527 Ἐκκλη-

332 3539 449 3608 σία,
497 3539 689 3607 λόγους
717 3558 777 3593 τε
808 3543 902 3595 καὶ
950 3544 1217 3607 κανόναςθ
1272 3546 1478 3614 μᾶλλον
1514 3540 1805 3618 ἀδρότερος
1855 3553 1913 3605 ὲν

327 3631 445 3690 τοῖς
493 3634 892 3701 πανηγυρικοῖς
935 3632 1220 3702 γινόμενός
1278 3653 1339 3689 τε
1393 3639 1488 3690 καὶ.
1535 3638 1910 3709 δεικνύμενος.

330 3721 438 3773 Σὺν
470 3721 687 3785 πολλοῖς
718 3722 775 3775 δὲ
810 3724 1013 3789 ἄλλοις,
1052 3726 1148 3779 καὶ
1177 3727 1273 3779 τὸν
1305 3730 1557 3799 παρόντα
1595 3732 1772 3801 μέγαν
1797 3734 1915 3786 Κα-

328 3812 462 3868 νόνα
507 3816 791 3885 συνέταξε,
829 3820 1127 3886 κατὰνυξιν
1181 3821 1413 3893 ἄπειρον
1459 3822 1677 3894 έχοντα.
1727 3828 1916 3880 ΙΙᾶσαν

328 3906 440 3977 γὰρ
483 3907 732 3972 Παλαιᾶς
766 3911 863 3987 καὶ
906 3912 1052 3973 Νέας
1100 3912 1346 3981 ἱστορίαν
1390 3916 1673 3986 Διαθήκης
1727 3920 1913 3988 ὲρανιο

331 3997 573 4069 σάμενος
604 4002 697 4053 καὶ
738 4001 1023 4071 ἀθροίσας,
1068 4003 1133 4056 τδ
1176 4005 1353 4075 παρὸν
1408 4007 1692 4076 ἡρμόσατο
1728 4009 1913 4078 μέλος,

330 4090 443 4143 ἀπὸ
489 4090 662 4161 Ἀδὰμ
689 4092 892 4163 δηλαδὴ
922 4094 1085 4164 μέχρι
1109 4096 1203 4147 καὶ
1232 4095 1407 4165 αὐτῆς
1442 4098 1685 4166 Χριστοῦ
1709 4101 1918 4171 ἀναλή-

329 4178 505 4248 ψεως,
537 4183 634 4233 καὶ
681 4182 777 4236 τοῦ
819 4184 931 4237 τῶν
974 4185 1293 4238 ἀποστόλων
1341 4188 1730 4259 κηρύγματος·
1777 4208 1919 4261 προ.

328 4273 602 4341 τρέπεται
625 4273 757 4342 γοῦν
794 4274 884 4329 διὰ
937 4275 1128 4329 τούτου
1184 4280 1367 4331 πᾶσαν
1398 4278 1597 4350 ψυχὴν,
1653 4281 1755 4335 ὅσα
1815 4283 1918 4352 μὲν

329 4363 520 4431 ἀγαθὰ
569 4365 674 4435 τῆς
734 4367 981 4438 ίστορίας
1033 4368 1230 4439 ζηλοῦν
1281 4373 1377 4423 καὶ
1432 4352 1721 4442 μιμεῖσθαι
1780 4375 1919 4445 πρὸς

331 4453 569 4524 δύναμιν
594 4474 605 4489 ·
644 4458 747 4511 ὅσα
777 4459 834 4512 δὲ
864 4460 973 4512 τῶν
1015 4461 1259 4527 φαύλων,
1284 4464 1625 4533 ἀποφεύγειν
1650 4482 1664 4497 ⁸
1703 4468 1798 4521 καὶ
1831 4469 1921 4522 ἀεὶ

333 4547 483 4618 πρὸς
507 4548 643 4603 Θεὸν
675 4551 1021 4622 ἀνατρέχειν,
1048 4552 1141 4606 διὰ
1172 4558 1484 4623 μετανοίας,
1516 4559 1607 4611 διὰ
1640 4559 1917 4631 δακρύων,
1951 4544 1996 4599 Ῑ)

332 4640 429 4691 καὶ
464 4639 936 4713 ἐξομολογήσεως,
977 4645 1072 4698 καὶ
1102 4646 1202 4714 τῆς
1234 4646 1402 4717 ἄλλης
1434 4648 1685 4719 δηλονότι
1725 4652 1915 4723 εὐαρι-

334 4735 611 4804 στήσεως.
641 4734 787 4803 Πλὴν
818 4737 899 4798 είς
926 4738 1185 4792 τοσοῦτόν
1213 4739 1363 4792 ἐστιν
1390 4739 1587 4810 εὔρους
1616 4742 1711 4795 καὶ
1741 4744 1811 4811 ὲμ
1823 4760 1922 4813 με-

331 4824 455 4895 λὴς,
489 4825 564 4887 ὼς
593 4827 686 4880 καὶ
713 4827 884 4898 αὐτὴν
922 4830 1024 4898 τὴν
1082 4831 1457 4903 σκληροτέραν
1502 4832 1682 4904 ψυχὴν
1720 4836 1922 4900 ίκανῶς

338 4916 605 4985 μαλάξαι.
639 4917 736 4969 καὶ
778 4918 918 4987 προς
955 4920 1222 4990 ἀνάνηψιν
1260 4922 1304 4954 ¹⁸
1336 4923 1542 4990 ἀγαθοῦ
1588 4927 1801 4997 ἐγεῖραι
1826 4946 1840 4960 ·
1870 4930 1921 4982 εί

346 5007 509 5077 μόνον
538 5010 681 5078 μετά
726 5013 1204 5082 συντετριμμένης
1249 5016 1479 5087 καρδίας
1519 5021 1613 5072 καὶ
1646 5023 1923 5094 προσοχῆς

342 5101 656 5172 ἀνηκούσης
683 5102 876 5172 ψάλλοι
906 5104 971 5158 ¹⁸.
1010 5106 1265 5175 Ἐποίησε
1296 5109 1354 5161 δὲ
1387 5109 1599 5173 τοῦτον,
1634 5112 1722 5165 ὅτε
1762 5114 1857 5166 καὶ
1896 5117 1925 5167 6

342 5191 697 5261 πατριάρχης
741 5192 1133 5264 Ἰεροσολύμων
1166 5198 1194 5248 6
1247 5197 1423 5266 μέγας
1472 5198 1802 5270 Σωφρόνιος,
1830 5204 1923 5255 τὸν

348 5278 449 5348 τῆς
488 5282 795 5350 Αἰγυπτίας
845 5284 1062 5353 Μαρίας
1094 5285 1222 5339 Βίον
1281 5289 1681 5359 συνεγράψατο.
1731 5294 1921 5347 Κατά-

351 5368 502 5435 νυξιν
525 5373 635 5445 γὰρ
664 5375 758 5428 καὶ
787 5370 939 5439 οὗτος
964 5379 991 5430 6
1026 5375 1138 5439 βίος
1162 5377 1530 5449 προϐέϐληται
1551 5381 1801 5453 ἄπειρον,
1826 5384 1923 5437 καὶ

355 5465 555 5536 πολλὴν
585 5470 697 5530 τοῖς
727 5469 1011 5522 ἐπταικόσι
1036 5472 1129 5523 καὶ
1162 5472 1534 5543 ἁμαρτάνουσι
1567 5476 1923 5544 παραμυθίαν

354 5555 563 5626 δίδωσι,
595 5562 642 5614 εί
678 5562 840 5631 μόνον
874 5564 983 5616 τῶν
1031 5563 1255 5632 φαύλων
1287 5564 1591 5634 ἀποστῆναι
1625 5566 1919 5636 βούλοιντο.

2016 3268 2230 3327 retnoto
2262 3273 2478 3333 vivendi
2519 3274 2811 3336 instituto,
2855 3272 3027 3325 multa
3055 3270 3278 3341 quidem
3316 3286 3441 3323 cum
3494 3268 3603 3322 alia

2014 3366 2283 3419 Ecclesia:
2341 3364 2436 3419 Dei
2490 3367 2775 3419 fructuosa
2831 3364 3042 3433 ingenii
3101 3364 3187 3418 sui
3247 3371 3601 3415 monumenta

2017 3458 2265 3526 reliquit,
2299 3465 2414 3511 ttnn
2445 3459 2635 3512 varias
2692 3460 2981 3513 orationes
3031 3469 3086 3513 et
3136 3472 3421 3511 canones:
3480 3472 3603 3510 rre-

2017 3549 2172 3603 bt'ior
2202 3560 2383 3603 tamen
2415 3560 2469 3603 et
2498 3551 2786 3619 copiosior
2817 3550 2868 3603 in
2922 3550 3275 3620 panegyricis
3324 3548 3602 3601 orationi-

2015 3640 2120 3695 bus
2145 3641 2387 3694 exsistit.
2430 3640 2509 3694 Ex
2552 3641 2743 3693 multis
2784 3648 2968 3695 autem
2999 3640 3147 3702 aliis,
3192 3639 3601 3707 huncquoque

2018 3746 2279 3799 magnum
2314 3712 2620 3794 Canonem,
2665 3731 2881 3785 infinita
2930 3732 3271 3785 contritione
3320 3731 3603 3796 animique

2018 3823 2448 3892 compnnctione
2473 3822 2762 3887 refertum,
2806 3822 3135 3875 elaboravit.
3163 3808 3410 3874 Collecta
3456 3820 3602 3873 enim

2019 3915 2075 3968 in
2137 3930 2306 3969 unmn
2358 3915 2621 3969 universa
2678 3913 2889 3969 Veteris
2956 3922 3010 3968 et
3070 3913 3207 3967 Novi
3263 3911 3602 3966 Te-taxnenti

2019 4004 2274 4068 historia,
2309 3992 2590 4058 canticum
2620 4004 2723 4059 hoc
2773 4004 3129 4074 composuit:
3164 4004 3233 4057 ab
3272 4004 3485 4057 Adamn
3525 4005 3605 4055 vi-

2020 4099 2241 4159 delicet,
2276 4113 2449 4167 usque
2480 4097 2546 4151 ad
2575 4097 2784 4153 Christi
2828 4098 3279 4166 Assumptionetu
3319 4107 3371 4150 et
3406 4096 3605 4164 praedi-

2021 4191 2300 4245 cationem
2337 4192 2718 4260 apostolorum
2753 4208 2767 4245 :
2797 4204 2909 4259 quo
2948 4189 3169 4260 quidem
3214 4204 3432 4242 omnem
3487 4188 3606 4241 ani—

2022 4296 2164 4335 mam
2195 4282 2549 4345 cohortatur,
2582 4291 2641 4336 ut
2672 4298 2733 4337 ea
2771 4297 2892 4351 quae
2938 4282 2990 4334 in
3033 4280 3262 4334 historia
3303 4280 3451 4334 videt
3483 4296 3607 4335 esse

2023 4374 2163 4427 bona
2195 4383 2249 4427 et
2276 4374 2597 4436 laudabilia,
2627 4389 2731 4443 pro
2761 4373 2972 4428 viribus
3008 4382 3292 4437 sectetur;
3328 4389 3450 4441 quae
3478 4389 3607 4428 vero

2024 4465 2192 4530 mala,
2230 4450 2406 4535 fugiat
2458 4472 2513 4517 et
2565 4473 2887 4529 aversetur;
2941 4478 3269 4533 semperque
3310 4464 3376 4516 ad
3438 4464 3606 4517 Deum

2028 4565 2275 4610 recurrat
2304 4571 2405 4625 per
2440 4556 2847 4625 pwnitentiam,
2877 4570 2973 4624 per
3003 4556 3299 4625 lacrymas,
3353 4570 3451 4623 per
3477 4571 3608 4609 con-

2030 4649 2367 4712 fessionem,
2390 4658 2443 4704 et
2469 4664 2564 4719 per
2598 4648 2706 4703 alia
2743 4647 3061 4716 huiusmodi
3117 4646 3287 4701 Deum
3329 4647 3607 4716 placandi,

2027 4743 2191 4809 eique
2224 4741 2476 4811 placendi
2518 4740 2716 4794 media.
2749 4739 2894 4805 Quin
2933 4739 3071 4793 adeo
3102 4739 3295 4793 Canon
3327 4739 3415 4793 hic
3444 4754 3611 4794 cano-

2028 4847 2125 4886 rus
2157 4842 2241 4887 est
2274 4834 2405 4886 etin
2440 4832 2654 4885 animos
2684 4842 2793 4884 tam
2837 4828 3001 4883 facile
3036 4829 3236 4894 inﬂuit,
3268 4838 3327 4882 nt
3369 4839 3421 4883 et
3454 4846 3611 4882 men-

2030 4934 2175 4985 tem,
2230 4925 2331 4977 etsi
2399 4924 2745 4993 pratduratn,
2813 4922 3037 4976 abunde
3090 4923 3381 4987 emolliat,
3442 4931 3494 4973 et
3543 4922 3610 4974 ad

2028 5016 2411 5084 recipiendum
2465 5016 2515 5070 id
2569 5014 2717 5087 quod
2778 5016 2978 5068 bonum
3027 5022 3083 5068 et
3134 5014 3426 5067 honestum
3479 5021 3562 5066 est
3594 5052 3609 5075 ,

2028 5112 2267 5177 excitet;
2323 5109 2624 5165 dummodo
2658 5107 2828 5183 corde
2858 5108 3119 5170 contrito,
3150 5114 3205 5161 et
3239 5106 3424 5160 debita
3486 5122 3611 5158 eum

2028 5206 2333 5258 attentione
2385 5205 2671 5272 psallatur.
2708 5202 2861 5258 Fecit
2909 5210 3092 5256 autem
3129 5201 3276 5254 hunc
3327 5201 3610 5255 Canonem

2026 5310 2092 5349 eo
2148 5304 2397 5364 tempore
2445 5310 2554 5364 quo
2609 5310 2839 5364 magnus
2897 5293 3242 5363 Sepltronius
3298 5293 3614 5362 patriarcha

2033 5384 2587 5455 llierosolymitanns,
2620 5384 2801 5437 Vitam
2837 5384 3019 5438 Maria:
3052 5382 3614 5454 Egyptiacmlitteris

2034 5478 2352 5542 mandavit;
2390 5495 2512 5547 qua:
2541 5488 2596 5532 et
2648 5479 2766 5547 ipsa
2818 5476 3258 5547 compunclionis
3294 5475 3612 5551 plenissima

2031 5578 2135 5632 est,
2184 5571 2466 5641 lapsisque
2498 5581 2550 5627 et
2582 5570 2970 5640 peccatoribus
3005 5569 3236 5623 multum
3283 5566 3616 5623 consolatitr

1577 5719 1819 5777 VAHIE
1859 5721 2262 5779 LECTIONES.

424 5826 466 5857 ⁸³
504 5827 656 5895 Apud
698 5827 878 5887 Grcts.
908 5830 1131 5896 διαζῶν.
1246 5836 1287 5867 ’⁸
1313 5834 1806 5911 Θῃειεσάνάληιζμιν.

1923 5838 1962 5870 ’⁸
1987 5838 2166 5896 GI‘CIS.
2192 5837 2464 5903 ψάλλοιτο.
