3934 6446
582 364 722 434 1375

1741 381 1802 443 S.
1836 382 2161 443 ANDRE/E
2200 341 2618 452 CRETENSIS

3711 413 3819 479 1376

529 520 543 532 ο
574 485 692 541 bim
723 494 777 542 et
809 484 1098 557 Seraphim
1130 492 1374 542 tremunt
1405 504 1422 550 ι
1455 488 1685 559 spiritus
1708 493 1912 559 omnis,
1938 502 2134 549 creata.

2260 500 2543 574 Χερουϐὶμ
2580 507 2673 559 καὶ
2712 506 2781 561 τὰ
2821 508 3071 582 Σεραφίμ
3095 528 3108 543 ·
3145 515 3310 567 πᾶσα
3353 514 3495 585 πνοὴ
3537 519 3625 572 καὶ
3660 527 3821 595 κτίσις,

574 593 683 646 que
714 580 919 642 omnia,
943 594 1128 633 coram
1164 580 1422 636 omnibus
1453 581 1693 652 laudate,
1737 576 2067 652 benedicite,
2098 594 2153 641 et

573 670 1009 739 superexaltate.

582 758 589 763 ’
644 763 929 829 Miserere,
971 765 1243 832 Salvator,
1280 768 1625 837 peccatoris;
1665 771 1873 826 suscita
1906 775 2148 831 animum

573 864 634 910 ut
666 864 995 925 convertar;
1031 861 1253 928 suscipe
1296 862 1693 929 poenitentem;
1732 866 1995 920 miserare
2033 869 2147 922 cla-

568 957 850 1014 mantem;
900 949 1004 1005 tibi
1055 951 1158 1004 soli
1187 952 1446 1020 peccavi;
1497 953 1685 1024 inique
1729 957 1838 1025 egi,
1885 957 2150 1014 miserere

568 1040 698 1094 mei.

636 1129 871 1184 Currum
930 1132 1121 1202 auriga
1186 1134 1333 1189 Elias
1367 1142 1415 1199 ο,
1471 1151 1667 1207 nempe
1713 1140 1967 1206 virtutes,
2014 1157 2149 1196 con-

566 1222 856 1281 scendens.
895 1223 1046 1277 velut
1095 1224 1149 1278 in
1195 1226 1386 1292 caalos,
1437 1243 1605 1296 supra
1645 1238 1861 1285 terrena
1894 1234 2022 1297 olim
2057 1250 2148 1290 ve-

490 1378 499 1383 ῇ
567 1310 798 1367 ltebatttr
857 1330 873 1368 :
938 1313 1060 1383 ejus
1116 1329 1250 1386 ergo
1301 1327 1377 1384 tu,
1453 1318 1657 1383 anima,
1707 1335 1999 1378 ascensum
2061 1337 2147 1380 rc-

563 1404 769 1473 cogita.

636 1494 767 1550 Elite
808 1497 1090 1565 quondam
1141 1513 1241 1568 per
1282 1498 1540 1557 Elisaeum
1584 1504 1806 1571 melote,
1848 1506 1979 1561 hinc
2018 1507 2145 1563 inde

506 1610 511 1615 ~
562 1582 820 1641 Iordanis
873 1585 1072 1642 ﬂuvius
1130 1590 1283 1643 stetit
1324 1601 1352 1640 Ρ
1395 1609 1409 1645 :
1461 1608 1652 1646 verum
1694 1594 1835 1664 ipsa,
1881 1612 1915 1649 ο
1961 1598 2141 1651 anima

564 1690 705 1740 mea,
736 1677 807 1731 ob
848 1679 1327 1746 incontinentiam,
1370 1698 1493 1738 eam
1528 1686 1759 1754 gratiam
1789 1703 1897 1743 non
1926 1703 1985 1744 es
2006 1705 2143 1743 con-

561 1779 771 1822 secuta.

628 1856 863 1929 Accepta
912 1862 1121 1939 pridem
1172 1863 1402 1921 Elisaaus
1452 1868 1652 1923 melote
1694 1880 1742 1933 (ι,
1793 1871 2065 1942 duplicem
2105 1891 2132 1928 a

561 1947 795 2004 Domino
855 1957 1067 2030 accepit
1106 1956 1335 2022 gratiam
1390 1972 1405 2009 :
1454 1960 1549 2013 sed
1585 1968 1664 2022 tu,
1712 1978 1745 2016 ο
1780 1964 1960 2017 anima
1992 1981 2131 2033 mea,

558 2019 957 2092 incontinentia
984 2019 1077 2094 tua
1126 2057 1235 2097 non
1268 2046 1565 2114 percepisti
1596 2062 1715 2101 eam
1749 2052 2001 2117 gratiam.

625 2129 805 2184 Proba
837 2132 967 2185 olim
1007 2143 1187 2187 mente
1215 2133 1519 2192 Sunantitis
1554 2148 1576 2175 ι’
1600 2178 1613 2200 ,
1650 2139 1908 2210 hospitio,
1936 2158 1969 2197 ο
2004 2144 2137 2197 ani-

555 2235 669 2283 ma,
715 2219 937 2276 Justum
982 2225 1190 2295 recepit
1239 2244 1250 2279 :
1298 2234 1355 2281 tu
1394 2244 1545 2291 vero,
1583 2245 1684 2284 nec
1724 2234 1994 2301 hospitem
2035 2252 2138 2291 nec

556 2315 905 2383 peregrinum
942 2318 996 2371 in
1043 2319 1266 2373 domum
1319 2320 1623 2389 induxisti;
1666 2326 2022 2393 quamobrem
2058 2329 2140 2383 Iu-

556 2421 694 2474 gens
724 2407 965 2475 ejicieris
995 2408 1263 2467 thalamo.
1784 2430 1785 2433 ‘

627 2496 915 2550 Sordiilant
957 2498 1110 2553 Giezi
1143 2509 1381 2556 mentem
1426 2510 1479 2568 ι,
1518 2503 1749 2573 ubique,
1784 2507 1985 2562 misera
2011 2511 2137 2563 ani-

554 2601 681 2651 ma,
706 2588 918 2643 imitata
972 2593 1080 2645 es':
1119 2593 1240 2659 ejus
1273 2594 1355 2648 vel
1400 2595 1457 2649 in
1515 2606 1803 2653 senectute
1849 2602 2138 2657 avaritiam

558 2677 774 2757 abjice;
826 2695 956 2736 cave
999 2683 1263 2753 gehennae
1312 2687 1522 2757 ignem,
1556 2705 1584 2743 a
1616 2691 1726 2745 tuis
1765 2692 1924 2747 malis
1954 2693 2140 2751 disce-

553 2770 712 2824 dens.

626 2859 817 2916 Oziam
843 2863 1018 2929 illum,
1043 2880 1075 2919 0
1099 2867 1309 2936 anima,
1339 2869 1576 2936 imitata,
1604 2849 1808 2943 ejusoin
1844 2888 1895 2932 te
1932 2880 2137 2950 lepram

553 2949 722 3020 duplo
773 2955 1013 3009 habuisti
1055 2956 1118 3010 τε
1166 2962 1368 3029 quippe
1420 2963 1600 3031 turpia
1646 2966 1891 3033 cegitas,
1925 2949 2137 3040 etiagis

551 3041 740 3111 iniqua
781 3062 795 3099 :
828 3047 1042 3105 dimitte
1085 3066 1208 3121 quae
1239 3054 1515 3122 possides,
1563 3066 1619 3110 et
1654 3057 1721 3111 ad
1752 3061 2136 3128 ptenitentiam

556 3142 808 3191 adcurre.

619 3224 862 3297 Audisti,
904 3235 1118 3300 anima,
1161 3234 1468 3306 Ninivitas,
1514 3240 1571 3294 in
1619 3256 1783 3298 sacco
1823 3253 1877 3298 et
1925 3246 2129 3314 cinere,

547 3314 662 3372 Deo
692 3323 1073 3389 paenitentiam
1093 3338 1366 3397 agentesu
1401 3350 1414 3385 :
1445 3347 1538 3387 eos
1570 3334 1795 3389 minime
1814 3338 2131 3404 esimitata,

550 3410 646 3463 sed
684 3416 939 3471 omnibus
968 3420 1063 3486 qui
1102 3422 1185 3475 vel
1210 3433 1341 3478 ante
1385 3425 1470 3480 vel
1509 3434 1633 3494 post
1664 3414 1837 3497 legem
1870 3444 2130 3498 peccave-

550 3508 703 3567 runt,
739 3506 960 3560 stultior
983 3511 1166 3577 egisti.

619 3589 915 3648 Jeremiam
944 3599 1171 3665 audisti,
1202 3615 1235 3654 o
1257 3604 1459 3666 anima,
1491 3606 1544 3659 in
1566 3608 1685 3663 lacu
1709 3607 1835 3670 luti,
1867 3609 1992 3665 altis
2021 3611 2133 3664 ela-

548 3683 798 3740 moribus
831 3688 1020 3743 urbem
1071 3688 1201 3745 Sion
1233 3686 1662 3771 lamentantem,
1689 3713 1754 3754 ae
1788 3712 2128 3769 qmerentem

550 3773 824 3846 lacrymas
850 3787 880 3817 ν
913 3795 927 3834 :
958 3780 1176 3838 imitare
1226 3784 1536 3843 luctuosam
1577 3788 1700 3857 ejus
1739 3791 1929 3861 vitam,
1961 3804 2015 3849 et
2043 3810 2133 3851 sa-

550 3863 719 3919 lutem
749 3873 1131 3938 consequeris.

620 3957 785 4029 Fugit
809 3959 978 4017 Jonas
1010 3965 1061 4017 in
1092 3965 1339 4034 Tharsis,
1364 3971 1662 4037 prtesciens
1696 3973 1969 4033 Ninivitas
1993 3994 2129 4033 con-

549 4052 844 4109 vertendos
884 4067 932 4109 κ.
968 4054 1202 4112 Noverat
1234 4061 1416 4127 enim,
1444 4065 1734 4134 propheta,
1782 4068 1872 4123 Dei
1910 4071 2128 4125 miscri-

549 4141 794 4197 cordiam
826 4163 839 4199 :
874 4163 1046 4231 quare
1073 4152 1439 4208 aemulabatur
1470 4163 1530 4210 ut
1559 4173 1633 4212 ne
1660 4161 1952 4231 prophetia
1989 4163 2126 4219 falsa

548 4234 719 4290 videri
759 4248 968 4307 posset.
1015 4226 1031 4237 ’

621 4328 859 4395 Audisti,
885 4347 918 4385 ο
948 4335 1149 4400 anima,
1181 4344 1241 4391 ut
1274 4336 1484 4401 Daniel.
1516 4356 1614 4396 ora
1658 4342 1879 4400 leonum
1909 4348 1963 4402 in
2002 4349 2125 4405 laru

545 4418 920 4477 obturaverit?
954 4423 1109 4481 Nosti
1159 4436 1219 4481 ut
1263 4429 1492 4485 Azarias
1548 4435 1794 4506 sociique
1850 4440 2128 4496 exstinxe-

546 4510 657 4565 rint
682 4511 955 4571 ﬂammam
995 4520 1201 4575 camini
1231 4521 1481 4579 ardentis
1509 4526 1633 4580 1'2?

619 4714 824 4772 Omnes
857 4717 978 4780 tibi,
1009 4735 1042 4774 ο
1090 4722 1296 4787 anima,
1350 4722 1537 4781 Veteri
1588 4726 1944 4787 Testamento
1976 4749 2130 4789 eom-

548 4807 855 4872 mendatos,
889 4811 944 4865 in
975 4815 1287 4884 exemplum
1321 4816 1544 4871 adduxi.
1576 4817 1873 4878 lmitandas
1908 4838 2131 4881 assume

543 4896 818 4967 jus-torum
854 4903 1141 4975 religiosas
1174 4906 1457 4977 actiones;
1510 4924 1645 4965 cave
1680 4927 1807 4966 vero
1854 4916 2124 4972 malorum

546 5001 790 5062 peccata.

615 5099 721 5168 Tu,
764 5102 941 5161 Judex
980 5105 1129 5176 juste
1161 5107 1438 5174 Salvator,
1481 5112 1776 5183 miserere;
1833 5132 2029 5188 meque
2060 5118 2127 5174 li-

545 5193 677 5250 bera
708 5197 778 5250 ab
810 5197 918 5266 igni
967 5200 1276 5270 minisque,
1323 5204 1525 5271 quibus
1561 5207 1756 5261 merito
1790 5209 1893 5263 sim
1944 5210 2122 5265 obno-

544 5287 668 5342 xius
707 5287 761 5342 in
784 5289 1030 5358 judicio;
1073 5295 1291 5349 remitte
1328 5296 1462 5351 mihi
1507 5314 1603 5368 per
1633 5300 1893 5356 virtutem
1925 5308 1979 5356 et
2008 5316 2124 5372 ρωα

546 5380 863 5448 nitentiam,
895 5383 1222 5454 priusquam
1259 5387 1383 5444 ﬁnis
1410 5400 1663 5461 occupet.

616 5489 773 5547 Sicut
808 5493 951 5551 latro
1006 5497 1185 5567 palam
1215 5499 1392 5557 clamo
1480 5523 1498 5555 ι
1536 5503 1810 5583 Memento
1839 5510 1943 5566 mei
1980 5520 2043 5577 ﬂ;
2087 5530 2105 5564 ›

2267 594 2486 662 ὑμνεῖτε
2507 634 2521 661 ,
2555 597 2857 668 εὐλογεῖτε,
2892 603 2987 656 καὶ
3017 603 3385 675 ὑπερυψοῦτε
3419 609 3504 672 εἰς
3532 611 3741 677 πάντας.

2300 828 2318 843 ⁸
2337 769 2749 844 Ἠμαρτηκότα,
2785 777 2991 851 Σῶτερ,
3028 782 3257 855 ἐλέησον
3276 801 3292 815 °
3330 785 3611 858 διέγειρὸν
3640 808 3729 859 μου
3756 796 3826 849 τὸν

2253 860 2377 914 νοῦν
2411 864 2547 933 πρὸς
2581 867 2916 941 ἐπιστροφήν
2935 887 2948 902 ο
2978 871 3126 938 δέξαι
3150 876 3579 944 μετανοοῦντασ
3598 881 3827 953 οἰκτείρη.

2253 968 2344 1005 σον
2388 952 2596 1023 βοῶντα
2625 975 2638 989 ο
2667 959 2951 1033 Ἥμαρτον
2993 982 3076 1019 σοι
3129 967 3282 1040 μόνῳ
3309 985 3326 998 ο
3376 969 3670 1042 ἠνόμησα,
3709 952 3827 1047 ἐλέη-

2251 1041 2343 1094 σόν
2379 1061 2467 1111 με.

2331 1135 2390 1188 '0
2422 1137 2753 1212 διφρελάτης
2781 1141 2998 1210 Ἠλίας,
3034 1145 3242 1217 ἅρματι
3262 1187 3278 1211 ,
3317 1152 3454 1213 ταῖς
3486 1149 3707 1223 ἀρεταῖς
3735 1157 3826 1211 tuto

2250 1225 2371 1289 ϐὰς,
2399 1227 2474 1291 ὡς
2508 1231 2587 1293 είς
2622 1233 2883 1303 οὐρανοὺς
2917 1236 3084 1306 ἤγετο
3118 1239 3397 1310 ὑπεράνω
3438 1241 3577 1293 ποτὲ
3612 1243 3714 1295 τῶν
3740 1248 3826 1299 ira-

2248 1315 2411 1381 γείων
2438 1335 2451 1348 ⁸
2493 1319 2685 1373 τούτου
2732 1322 2850 1389 οὖν,
2890 1323 3034 1396 ψυχή
3085 1343 3212 1397 μου,
3266 1330 3382 1398 τὴν
3438 1330 3629 1384 ἄνοδον
3670 1334 3818 1389 ἀναλο-

2249 1404 2425 1472 γίζου.

2319 1498 2426 1550 Τοῦ
2463 1500 2728 1570 Ἰορδάνου
2775 1506 2836 1558 τὸ
2886 1505 3102 1576 ῥεῖθρον
3153 1509 3473 1581 πρότερον,
3525 1513 3593 1581 τῇ
3645 1513 3819 1585 mimi

2259 1588 2441 1641 Ἠλίου
2494 1590 2766 1671 Ἐλισσαιὲ
2800 1597 2985 1668 διέστη
3050 1598 3178 1654 ἔνθα
3237 1601 3348 1654 καὶ
3385 1601 3529 1654 ἔνθα
3556 1619 3571 1630 ·
3609 1604 3735 1672 αὑτὴ
3758 1606 3821 1661 δὲ.

2244 1672 2290 1732 ὧ
2316 1681 2460 1752 ψυχή
2493 1667 2618 1752 μου,
2648 1686 2853 1756 ταύτης
2902 1667 2980 1742 οὐν
3018 1691 3284 1762 μετέσχες
3341 1694 3457 1763 τῆς
3521 1667 3737 1764 χάριτος
3769 1697 3814 1749 δι’

2245 1773 2536 1842 ἀκρασίαν.

2325 1865 2381 1918 Ὀ
2410 1864 2714 1932 Ἐλισσαῖός
2738 1886 2871 1923 ποτε
2899 1870 3194 1942 δεξάμενος
3222 1873 3328 1945 τὴν
3365 1873 3661 1943 μηλωτὴν,
3687 1874 3811 1931 Ei.an

2234 1956 2429 2028 διπλῆν
2460 1960 2623 2029 χάριν
2654 1962 2804 2032 παρὰ
2843 1964 3085 2033 Κυρίου·
3125 1965 3264 2035 αὐτὴ
3310 1965 3403 2029 δὲ,
3446 1959 3497 2018 ὧ
3539 1966 3683 2037 ψυχή
3717 1985 3809 2036 μον,

2240 2051 2445 2118 ταύτης
2475 2051 2535 2105 οὐ
2570 2052 2835 2122 μετέσχες
2863 2054 2964 2122 τῆς
2995 2055 3222 2125 χαρίτος
3253 2056 3330 2109 δι’
3367 2058 3675 2127 ἀκρασίαν,

2322 2138 2387 2189 Ἠ
2419 2139 2728 2207 Σωμανῖτίς
2759 2158 2887 2194 ποτε
2916 2143 3008 2196 τὸν
3036 2146 3261 2198 Δίκαιον
3293 2145 3598 2212 ἐξένισεν,
3616 2144 3657 2203 ὧ
3681 2152 3800 2223 ψυχὴ,

2237 2228 2434 2300 γνώμῃ
2475 2231 2713 2302 ἀγαθῇσ
2738 2235 2801 2287 σὺ
2842 2234 2898 2287 δὲ
2941 2235 3040 2289 οὐκ
3085 2239 3404 2297 είσοικίσω.
3445 2241 3515 2292 οὐ
3563 2241 3716 2308 ξένον,
3738 2248 3798 2314 οὐχ

2239 2320 2420 2391 ὁδίτην
2441 2337 2453 2350 ’
2489 2322 2610 2376 ὃθεν
2635 2324 2730 2378 τοῦ
2759 2325 3047 2396 νυμφῶνος
3078 2329 3284 2401 ριφήσῃ
3320 2330 3441 2395 ἔξω
3475 2332 3782 2403 θρηνωδοῦςι.

2310 2501 2416 2554 Τοῦ
2447 2503 2610 2574 Γιεζῆ
2653 2505 2930 2576 ἐμιμήσω,
2957 2508 3210 2576 ταλαίνα,
3237 2512 3349 2583 τὴν
3375 2512 3620 2583 γνώμην
3642 2513 3721 2583 τὴν
3739 2514 3793 2582 ῥο-

2241 2594 2446 2664 παρὰν,
2490 2597 2743 2665 πάντοτε,
2780 2599 2926 2671 ψυχή
2953 2621 2968 2633 σ
3008 2592 3069 2657 οὗ
3086 2604 3187 2674 τὴν
3220 2606 3617 2677 φιλαργυρίαν
3647 2606 3796 2659 ἀπόθου

2239 2687 2341 2738 κᾶν
2379 2689 2435 2740 ὲν
2469 2690 2620 2761 γήρᾳ
2645 2707 2660 2723 ο
2701 2691 2869 2760 φεῦγε
2905 2693 3005 2765 τῆς
3040 2696 3268 2768 γεέννης
3305 2698 3378 2751 τὸ
3420 2696 3572 2770 πῦρ,
3609 2700 3795 2751 ἐκστᾶσσ

2238 2776 2347 2828 τῶν
2377 2779 2566 2831 κακῶν
2597 2798 2713 2833 σου.

2310 2870 2382 2922 Σὺ
2406 2870 2497 2923 τὸν
2524 2872 2729 2937 Ὀζίαν,
2753 2874 2922 2947 ψυχὴ,
2951 2875 3265 2947 ζηλώσασα,
3289 2880 3404 2949 τὴν
3428 2878 3621 2933 τούτου
3638 2879 3795 2947 λέπραν

2239 2961 2299 3014 ὲν
2325 2961 2407 3015 σοὶ
2435 2961 2589 3032 ἔσχες
2619 2965 2676 3018 ἐν
2700 2965 2874 3035 διπλῷ
2899 2981 2912 2995 ⁸
2945 2968 3123 3022 ἄτοπα
3149 2969 3260 3039 γὰρ
3287 2969 3525 3041 λογίζῃ.
3559 2970 3797 3039 παράνομα

2238 3051 2295 3105 δὲ
2340 3054 2640 3133 πρέιττεις·
2685 3057 2821 3126 ἄφες
2865 3058 2902 3114 ἃ
2943 3062 3220 3132 κατέχεις,
3262 3063 3367 3117 καὶ
3416 3062 3719 3134 προσδραμε
3746 3064 3793 3129 τῗι

2163 3169 2205 3227 c
2242 3145 2520 3217 μετανοίᾳ.

2312 3236 2453 3300 Τοὺς
2502 3238 2824 3308 Νινευῖτας,
2871 3243 3054 3315 ψυχὴ,
3100 3246 3387 3316 ἀκήκοας,
3444 3244 3793 3316 μετανοοῦντας

2239 3328 2378 3398 Θεῷ,
2412 3331 2599 3401 σάκκῳ
2630 3334 2724 3386 καὶ
2758 3336 2939 3406 σποδῷ
2965 3353 2978 3367 ·
3009 3337 3239 3398 τούτους
3267 3340 3376 3393 οὐκ
3408 3338 3684 3408 ἐμιμήσω,
3706 3331 3782 3385 ἀλλ

2239 3420 2429 3492 ὤφθης
2462 3426 2796 3497 σκαιοτέρα,
2836 3430 3053 3483 πάντων
3087 3430 3195 3485 τῶν
3227 3431 3337 3503 πρὸ
3371 3431 3548 3501 νόμου
3578 3425 3662 3480 καὶ
3686 3420 3790 3492 μετί

2239 3515 2401 3584 νόμον
2432 3519 2796 3574 ἐπταικότων.
3214 3586 3221 3601 γ

2310 3609 2413 3660 Τὸν
2457 3610 2514 3661 ὲν
2558 3610 2635 3680 τῷ
2683 3610 2871 3682 λάκκῳ
2923 3613 3188 3686 βορϐόρου
3236 3617 3495 3687 ἤκουσας
3529 3613 3783 3685 Ἱερεμίαν.

2236 3698 2403 3770 ψυχὴ,
2442 3700 2596 3754 πόλιν
2634 3702 2729 3772 τὴν
2753 3704 2895 3756 Σιὼν
2932 3704 3153 3773 θρήνοις
3193 3707 3585 3770 καταδοῶντα,
3610 3703 3692 3756 καὶ
3716 3700 3785 3753 δά-

2238 3810 2382 3863 κρυα
2432 3793 2738 3862 ζητοῦντα’
2785 3796 3023 3867 μίμησαι
3063 3798 3154 3851 τὸν
3195 3798 3290 3851 τοῦ
3334 3798 3538 3853 τούτου
3585 3791 3783 3866 θρηνώδη

2239 3884 2375 3956 βίον,
2409 3885 2505 3939 καὶ
2536 3887 2781 3960 σωθήσῃ.

2323 3977 2380 4030 Ὁ
2419 3979 2602 4042 Ἰωνᾶς
2651 3981 2731 4042 εἰς
2778 3979 3015 4050 Θαρσεῖς
3066 3980 3355 4054 ἀπέδραμε
3411 3979 3675 4052 προγνοὺς
3709 3971 3783 4040 τὴν

2237 4070 2578 4140 ἐπιστροφὴν
2605 4071 2715 4123 τῶν
2746 4072 3067 4124 Νινευῖτῶψ
3088 4072 3230 4140 ἔγνω
3261 4073 3372 4143 γὰρ
3404 4076 3484 4136 ὡς
3517 4067 3778 4141 προφήτης.

2236 4159 2371 4212 Θεοῦ
2405 4159 2505 4230 τὴν
2537 4162 2942 4231 εὑσπλαγχνίαν
2972 4164 3093 4217 ὅθεν
3126 4164 3447 4236 παρεζήλου
3480 4162 3577 4234 τὴν
3605 4172 3778 4231 προφηο

2235 4253 2388 4306 τείαν
2422 4253 2496 4324 μὴ
2529 4254 2854 4323 ψευσθῆναι.
3422 4286 3429 4293 ν

2305 4343 2412 4397 Τὸν
2446 4344 2647 4415 Δανιὴλ
2682 4346 2742 4398 ὲν
2769 4345 2850 4416 τῷ
2881 4346 3073 4416 λάκκῳ
3106 4349 3373 4419 ἤκουσας,
3414 4349 3535 4412 πῶς
3566 4341 3772 4412 ἔφραξενο

2234 4427 2279 4489 ὦ
2302 4434 2471 4506 ψυχὴ,
2500 4436 2746 4506 στόματα
2772 4436 2955 4507 θηρῶν
2979 4456 2992 4470 ·
3029 4438 3280 4506 ἔγνωκας
3309 4441 3431 4505 πῶς
3457 4441 3506 4492 οἱ
3538 4435 3717 4494 παῖδες,
3736 4427 3770 4480 οἱ

2161 4520 2204 4575 1)
2233 4530 2361 4599 περὶ
2389 4526 2679 4600 Ἀζαρίαν,
2722 4528 2954 4583 ἔσϐεσαν
3000 4532 3067 4602 τῇ
3100 4529 3283 4584 πίστει
3304 4570 3319 4596 ,
3370 4530 3604 4601 καμίνου
3641 4520 3772 4591 φλόγα

2229 4608 2565 4691 καιομένης;

2301 4736 2414 4806 Τῆς
2454 4735 2700 4800 Παλαιᾶς
2736 4738 3011 4808 Διαθήκης
3048 4737 3299 4801 ἃπαντας
3334 4721 3651 4808 παρήγαγόν
3680 4741 3762 4823 σοξι

2229 4822 2407 4894 ψυχὴν
2441 4826 2578 4895 πρὸς
2608 4827 2977 4897 ὑπογραμμόν
3005 4843 3019 4858 °
3055 4828 3292 4898 μίμησαι
3323 4827 3436 4880 τῶν
3466 4822 3672 4880 δικαίων
3692 4822 3761 4915 τίς

2231 4913 2515 4983 φιλοθέους
2557 4916 2817 4987 πράξεις·
2860 4916 3069 4987 ἔκφυγε
3113 4917 3169 4970 δὲ
3214 4917 3380 4973 πάλιν
3419 4917 3527 4971 τῶν
3561 4913 3759 4977 πονηρῶν

2227 5001 2328 5063 τὰς
2358 5002 2656 5073 ἁμαρτίας.
2828 5002 2844 5016 ⁵

2299 5115 2652 5188 Δικαιοκρίτα
2684 5117 2888 5190 Σῶτερ,
2922 5118 3275 5189 ὲλέησον,καὶ
3304 5120 3462 5193 ῥῦσαί
3495 5134 3557 5189 με
3583 5109 3665 5165 τοῦ
3687 5119 3761 5157 πυ·

2232 5208 2323 5277 ρδς
2351 5209 2446 5261 καὶ
2475 5210 2573 5279 τῆς
2604 5210 2860 5280 ἀπειλῆς,
2888 5206 2957 5284 ἧς
2987 5212 3165 5282 μέλλω
3196 5214 3255 5266 ὲν
3283 5216 3348 5283 τῇ
3377 5212 3552 5285 κρίσει
3578 5200 3756 5259 δικαίως

2225 5301 2548 5372 ὑποστῆναι’
2580 5302 2705 5367 ἄνες
2734 5320 2823 5375 μοι
2855 5305 2960 5377 πρὸ
2984 5305 3173 5371 τέλους
3199 5306 3266 5360 δι’
3297 5307 3492 5387 ἀρετῆς
3518 5299 3602 5355 καὶ
3627 5304 3756 5365 μετα’

2223 5396 2392 5458 νοίας.

2309 5508 2395 5573 Ὠς
2422 5510 2450 5563 ὀ
2474 5509 2677 5582 λῃστὴς
2702 5511 2881 5566 ἐκσοῶ
2907 5511 2989 5579 τὸ,
3023 5531 3041 5565 ι
3072 5513 3393 5584 Μνήσθητι·
3428 5533 3445 5565 ι
3474 5513 3543 5574 ὡς
3568 5503 3747 5570 Πέτροςο

613 5670 659 5753 εἴ
687 5633 770 5753 t_v'
808 5663 953 5753 pag.
987 5668 1168 5753 n_,_u.
1210 5674 1446 5753 _r'ibid.
1490 5677 1578 5731 ιι.
1619 5688 1686 5753 __q
1716 5677 1936 5753 ibid._9.
2026 5689 2048 5717 τ
2095 5680 2134 5735 1‘

2255 5682 2332 5753 eg.
2366 5702 2442 5750 tv,
2474 5684 2527 5740 8.
2610 5693 2631 5720 ⁸
2664 5683 2729 5738 ιν
2788 5685 2926 5752 Reg.
2993 5700 3047 5747 ν,
3084 5687 3175 5740 20.
3250 5752 3253 5753 ν
3283 5688 3302 5725 ί
3344 5687 3411 5742 IV
3442 5685 3564 5753 Reg.
3590 5670 3743 5753 μ’,ᾕῖ

541 5729 583 5785 Il
620 5734 743 5789 Par.
808 5729 960 5801 xxv't,
1017 5729 1103 5795 2|.

1210 5751 1238 5781 ιι
1278 5741 1431 5801 Ιοηαι
1495 5764 1581 5816 In,
1617 5747 1666 5805 5.

537 5815 565 5844 ι
597 5801 732 5859 Luc.
764 5821 924 5875 mn,
984 5809 1072 5862 42.

1774 5758 1802 5787 τ
1835 5747 2046 5808 Jercm.
2104 5747 2345 5822 xxxwft,
2399 5747 2464 5816 ϐ’.

2554 5762 2580 5792 ι
2606 5752 2756 5810 Jonac
2790 5738 2829 5824 ι,
2994 5738 3254 5813 γίιίῡιιιι.
3313 5738 3546 5829 χῖν,ί59’ξ
3575 5738 3735 5809 III-2"
