3934 6448
202 423 340 487 1377

1472 415 1785 477 MAGNUS
1822 414 1905 473 CA
1916 413 2069 475 NON
2082 462 2095 475 .

3315 413 3448 479 1378

202 550 223 584 ς
265 529 454 603 Κλαίω
484 528 717 597 πικρῶς.
772 545 791 579 ι
821 526 979 588 "Ave;
1013 539 1124 594 μοι,
1159 521 1375 592 Σῶτερ;
1409 523 1619 594 κράζω,
1647 524 1721 587 ὡς
1750 525 1778 576 ὁ
1809 558 1817 584 ε

1911 530 1940 575 ιι
1962 518 2174 585 Petrus,
2207 540 2223 572 ι
2265 535 2448 575 amare
2473 520 2575 576 ﬂeo
2597 521 2663 589 b;
2702 540 2721 574 ι
2765 522 2938 576 clamo
2963 530 3022 576 ut
3048 520 3447 592 Publicanusc;
3479 532 3496 549 ⁵

195 619 459 689 Τελώνης
479 634 492 651 ·
526 616 747 686 δακρύω
776 616 850 677 ὡς
883 618 917 683 ὴ
955 616 1160 685 πόρνη·
1195 613 1343 677 δέξαι
1381 631 1484 684 μου
1516 614 1607 667 τὸν
1637 612 1774 684 θρῆ-

198 727 317 774 νον,
345 707 530 771 καθώς
561 724 691 760 ποτε
718 707 818 774 τῆς
844 705 1177 767 Χαναναίας.

275 801 389 870 Τῆν
422 798 714 869 σηπεδόνα,
742 797 950 866 Σῶτερ,
982 796 1348 866 θεράπευσον,
1383 796 1485 865 τῆς
1513 795 1778 865 ταπειιᾶις

202 909 312 963 μου
350 891 562 960 ψυχῆς·
603 890 729 958 μόνε
775 887 948 957 ἰατρὲ,
994 887 1264 957 μάλαγμα
1308 904 1398 956 μοι.
1439 887 1646 951 ἐπίθες,
1684 887 1779 939 καὶ

198 982 387 1035 ἔλαιον
424 983 519 1033 καὶ
563 977 732 1043 οἶνον,
770 979 909 1048 ἔργα
955 979 1275 1048 μετανοίας,
1313 976 1601 1040 κατάνυξιν
1640 977 1779 1048 μετὰ

198 1073 485 1144 δακρύων.

280 1166 390 1235 Τὴν
412 1162 723 1239 Χαναναίαν
745 1161 899 1230 κάγὼ
927 1158 1283 1231 μιμούμενος,
1313 1176 1332 1209 ί
1357 1156 1611 1226 Ἐλέησόν
1635 1173 1723 1226 με,
1755 1173 1774 1208 ι
1809 1155 1813 1159 ’

204 1254 316 1323 βοῶ
341 1252 417 1322 τῷ
444 1252 558 1321 Υίῷ
586 1251 784 1303 Δαϐίδ·
813 1250 1055 1318 ἅπτομαι
1081 1248 1173 1301 τοῦ
1202 1248 1509 1316 κρασπέδου
1537 1246 1610 1308 ὡς
1638 1248 1669 1315 ἡ
1699 1247 1783 1298 αἰ-

207 1344 554 1416 μορροοῦσα·
591 1340 764 1394 κλαίω
794 1340 868 1403 ὡς
899 1342 933 1410 ἡ
966 1339 1165 1410 Μάρθα
1199 1341 1293 1392 καὶ
1325 1337 1512 1408 Μαρία
1546 1337 1641 1391 ἐπὶ
1674 1339 1783 1390 Λα-

205 1436 401 1507 ζάρου.

280 1527 356 1581 Τὸ
395 1525 502 1578 τῶν
541 1523 815 1594 δακρύων,
851 1522 1055 1591 Σῶτερ,
1097 1521 1461 1591 ἀλάϐαστρον,
1499 1519 1573 1582 ὡς
1612 1517 1784 1589 μύρον

202 1617 498 1672 κατακενῶ
531 1617 626 1670 ἐπὶ
663 1615 907 1685 κεφαλῆς
928 1631 941 1645 °
977 1615 1164 1684 κρὰζω
1196 1630 1279 1666 σοι
1311 1614 1386 1676 ὡς
1421 1614 1453 1682 ἡ
1487 1613 1657 1683 πόρνη
1691 1612 1783 1663 τὸν

205 1710 389 1762 ἔλαιον
422 1707 682 1778 ζητοῦσα.
737 1707 935 1776 Δέησιν
969 1705 1260 1776 προσάγω,
1294 1706 1387 1757 καὶ
1422 1704 1615 1771 ἄφεσιν
1648 1702 1784 1756 αἰτῶ

204 1799 396 1853 λαϐεῖν
429 1815 517 1868 με.

1879 613 2095 665 remitte
2125 612 2276 677 mihi,
2314 613 2604 677 Salvator;
2654 614 2931 685 lacrymor
2978 622 3036 666 ut
3084 617 3340 669 meretrix
3370 615 3400 656 ἀ
3432 634 3447 671 :

1878 708 1937 754 tu
1975 702 2120 755 velut
2150 702 2278 753 olim
2319 702 2663 769 Clianauaaaz,
2699 704 2907 756 luctum
2937 718 3119 757 meum
3150 705 3368 773 suscipe
3400 715 3448 758 σ.

1949 789 2113 845 Putre
2138 792 2294 845 ulcus
2334 793 2558 846 humilis
2589 795 2784 847 anima:
2816 809 2967 854 meae,
3000 809 3155 855 cura,
3190 812 3223 845 o
3256 794 3452 847 δεινο-

1880 891 2012 938 tor:
2057 893 2109 937 tu
2142 887 2293 939 solus
2327 885 2570 939 medicus
2614 888 2903 954 malagma,
2938 887 3230 953 oleumque
3270 898 3325 939 et
3369 887 3454 939 vi-

1882 991 2012 1029 num
2034 1015 2048 1039 ,
2074 991 2265 1045 nempe
2298 972 2632 1045 poenitentia:
2658 992 2823 1045 opera
2845 1014 2860 1042 ,
2905 978 3293 1030 contritionem
3326 992 3451 1030 cum

1881 1066 2143 1138 lacrymis
2174 1069 2394 1123 adhibe.

1951 1156 2127 1210 Etiam
2174 1174 2274 1226 ego
2336 1157 2705 1212 Chananaaam
2762 1158 3030 1220 imitatus,
3089 1156 3255 1210 David
3311 1154 3453 1208 Filio
3546 1151 3554 1160 ’

1882 1248 2080 1313 οὲειιιιο,
2123 1267 2140 1299 ι
2198 1248 2459 1302 Miserere
2507 1252 2608 1303 mei
2680 1249 2741 1315 f;
2806 1268 2824 1301 ι
2871 1260 3030 1317 tango
3073 1248 3362 1309 ﬁmbriam,
3397 1256 3455 1300 ut

1883 1338 2313 1393 baunorrhoissa
2340 1342 2399 1405 l3;
2428 1339 2531 1393 ﬂeo
2555 1351 2613 1393 ut
2641 1338 2856 1393 Martha
2880 1350 2932 1393 et
2953 1339 3123 1392 Maria
3157 1353 3324 1407 super
3361 1336 3455 1389 La-

1884 1446 2074 1485 zarum
2102 1431 2154 1482 ὶι.

1953 1520 2350 1590 Lacryinarum
2408 1521 2784 1586 alabastrum,
2815 1537 2847 1575 ο
2880 1522 3154 1584 Salvator.
3194 1525 3455 1593 unguenti

1885 1610 2082 1672 instar.
2133 1626 2300 1679 super
2331 1619 2499 1680 caput
2553 1626 2763 1663 evacuo
2808 1612 2871 1676 i;
2920 1612 3099 1665 clamo
3153 1614 3251 1666 tibi
3313 1614 3457 1666 sicut

1886 1701 2149 1753 meretrix
2207 1701 2298 1751 illa
2370 1699 2809 1752 misericordiam
2868 1715 3122 1767 qumreus
3178 1699 3225 1754 i.
3277 1699 3459 1755 Oﬂ’ero

1888 1806 2104 1859 preces,
2146 1792 2647 1857 remissionemque
2679 1789 2939 1859 efﬂagito.

281 1893 344 1945 Et
372 1892 462 1944 καὶ
496 1890 682 1961 μηδεὶς
712 1887 787 1952 ὡς
815 1886 925 1956 ἐγώ
961 1903 1043 1939 σοι
1075 1887 1351 1957 ἥμαρτεν,
1383 1885 1497 1939 ἀλλ’
1521 1887 1672 1956 ὅμως
1700 1886 1784 1939 δέ·
1816 1882 1817 1885 “

1957 1879 2279 1949 Quanquam
2326 1896 2485 1933 nemo
2523 1881 2596 1933 ita
2643 1891 2700 1932 ut
2733 1895 2834 1947 ego
2880 1880 3121 1948 graviter
3165 1880 3451 1948 peccavit;

207 1985 301 2049 ξαι
336 1984 513 2053 κάμὲ,
550 1980 896 2050 εύσπλαγχνε
942 1978 1123 2049 Σῶτερ
1146 2017 1160 2041 ,
1198 1978 1346 2046 φόϐῳ
1384 1977 1745 2047 μετανοοῦντα
1768 2016 1784 2043 ,

206 2077 308 2133 καὶ
335 2074 485 2142 πόθῳ
510 2072 839 2143 κεκραγότος
873 2067 1187 2138 ι’Ήμαρτόν
1212 2084 1293 2119 σοι
1323 2066 1491 2138 μόνῳ,
1516 2068 1785 2137 ηνόμησα,

208 2166 438 2235 ἐλέησόν
473 2181 562 2234 με.
599 2182 618 2215 ι
1559 2217 1563 2221 .

283 2260 493 2321 Φεῖσαι,
525 2255 732 2325 Σῶτερ,
766 2251 859 2307 τοῦ
897 2250 1026 2305 ἰδίου
1064 2249 1398 2320 πλάσματος,
1431 2250 1522 2303 καὶ
1557 2247 1789 2319 ζήτησον

210 2346 291 2411 ὡς
315 2346 516 2415 ποιμὴν
541 2345 599 2396 τὸ
627 2342 904 2404 ἀπολωλὸς
930 2341 1198 2411 πρόϐατον
1224 2357 1236 2370 ·
1268 2340 1606 2410 πλανηθέντα
1633 2341 1792 2410 ἐξάρ-

216 2453 390 2490 πασον
425 2435 517 2488 τοῦ
553 2434 752 2486 λύκου’
794 2430 1018 2501 ποίησόν
1059 2447 1126 2499 με
1165 2430 1417 2500 θρέμμα,
1458 2433 1514 2483 ἐν
1550 2432 1615 2500 τῇ
1654 2432 1788 2501 μονῇ

217 2529 326 2581 τῶν
358 2528 464 2580 σῶν
493 2527 802 2596 προϐάτων.

289 2618 457 2671 Ὅταν
483 2617 714 2689 καθίσῃς
741 2616 950 2688 Κριτὴς
975 2616 1050 2678 ὡς
1076 2613 1469 2685 εὖσπλαγχνος,
1494 2613 1592 2668 καὶ
1614 2613 1792 2685 δείξῃς

212 2709 316 2779 τὴν
341 2708 580 2779 φοϐερὰν
602 2709 760 2771 δόξαν
790 2724 906 2772 σου,
933 2706 1139 2775 Χριστὲ
1163 2747 1176 2771 ,
1205 2700 1249 2758 ὧ
1276 2709 1425 2769 ποῖος
1450 2706 1614 2772 φόϐος
1638 2705 1789 2758 una!

214 2800 451 2869 καμίνου
484 2799 779 2867 καιομένης
801 2812 813 2826 ’
851 2799 1068 2851 πάντων
1097 2795 1419 2850 δειλιώντων
1444 2797 1505 2849 τὸ
1533 2796 1793 2850 ἄστεκτον

212 2887 313 2941 τοῦ
342 2887 408 2958 βή
418 2887 585 2956 ματός
617 2903 731 2940 σου.

825 3062 939 3131 Τῆς
970 3062 1195 3127 Ὀσίας.

307 3155 371 3208 Ἦ
407 3156 503 3208 τοῦ
544 3156 724 3222 Φωτὸς
759 3155 855 3209 τοῦ
894 3154 1092 3208 ἀδύτου
1145 3157 1344 3226 Μήτηρ
1387 3172 1446 3208 σε
1488 3134 1791 3224 φωτίσασα,

219 3248 535 3315 σκοτασμοῦ
592 3247 751 3300 ἔλυσε
806 3247 1036 3299 παθῶν·
1093 3246 1215 3299 ὅθεν
1262 3247 1642 3318 εἰσδεδεγμένη
1699 3249 1794 3302 τοῦ

219 3338 536 3409 Πνεύματος
564 3339 663 3407 τὴν
687 3338 876 3409 χάριν,
907 3336 1172 3407 φώτισον,
1204 3338 1392 3409 Μαρία
1412 3378 1426 3403 ,
1454 3338 1580 3401 τούς
1614 3355 1674 3393 σε
1706 3357 1797 3392 πι-

219 3428 365 3492 στῶς
394 3429 863 3499 ἀνευφημοῦντας.

290 3521 484 3590 Θαῦμα
517 3522 700 3575 καινὸν
727 3517 959 3575 κατιδὼν
990 3520 1238 3586 ἐξίστατο
1269 3523 1297 3574 ό
1330 3522 1472 3587 θεῖος
1506 3524 1674 3589 ὅντως
1693 3566 1707 3588 ,
1739 3527 1798 3580 ἐν

221 3611 326 3672 σοὶ,
356 3613 570 3685 Μῆτερ,
597 3614 879 3683 Ζωσιμᾶς’
905 3612 1138 3681 ἄγγελον
1165 3613 1274 3684 γὰρ
1303 3614 1447 3685 ἐώρα
1474 3618 1532 3667 ἐν
1560 3616 1794 3685 σώματι,

219 3701 320 3755 καὶ
371 3702 614 3770 θάμϐους
662 3702 782 3766 ὅλος
827 3700 1151 3773 ἐπληροῦτο,
1198 3702 1432 3772 Χριστὸν
1476 3704 1677 3773 ὑμνοῦν
1720 3707 1799 3768 εἰς

220 3792 349 3855 τοὺς
382 3791 602 3855 αἰῶνας.
1674 3781 1685 3785 ’

854 3970 1153 4039 Ἀνδρέου.

308 4062 396 4137 Ὡς
429 4061 740 4133 παρρησίαν
773 4062 911 4132 ἔχων
948 4063 1085 4132 πρὸς
1119 4061 1345 4132 Κύριον,
1382 4060 1797 4133 Ἀνδρέα,Κρή-

218 4170 324 4224 της
353 4154 548 4207 σεπτὸν
579 4153 758 4217 κλέος,
788 4152 1041 4216 δυσωπῶ,
1074 4154 1340 4224 πρέσϐευε
1372 4152 1466 4206 τοῦ
1496 4154 1694 4223 δεσμοῦ
1730 4171 1796 4225 με

219 4247 325 4316 τῆς
364 4245 595 4314 ἀνομίας
638 4244 790 4297 λύσιν
831 4243 924 4297 νῦν
966 4245 1144 4314 εὑρεῖν
1185 4246 1369 4314 εὐχαῖς
1415 4261 1538 4309 σου,
1579 4246 1654 4308 ὡς
1697 4246 1798 4316 τῆς

224 4336 517 4407 μετανοίας
546 4335 884 4402 διδάσκαλος,
914 4336 1075 4388 ὁσίων
1104 4335 1249 4400 δόξα.

1890 1973 1985 2025 sed
2014 1986 2067 2025 et
2097 1989 2179 2025 me
2203 1974 2587 2035 nihilominus,
2618 1976 2859 2024 clemens
2887 1972 3163 2033 Salvator,
3204 1970 3457 2039 suscipe,

1890 2062 2092 2116 timore
2150 2067 2547 2131 pwnitentem,
2615 2076 2681 2115 ac
2742 2062 3019 2114 desiderio
3075 2062 3457 2116 clamantem:

1896 2172 1916 2205 ι
1951 2153 2072 2207 Tibi
2106 2156 2211 2208 soli
2248 2155 2466 2223 peccavi
2494 2169 2513 2220 ;
2540 2152 2727 2220 inique
2757 2153 2875 2221 egi;
2909 2151 3169 2205 miserere
3200 2152 3327 2204 mei.
3365 2168 3384 2201 ι

1962 2243 2156 2309 Parce,
2222 2243 2497 2309 Salvator,
2556 2255 2646 2296 tuo
2703 2242 3000 2310 ﬁgmento,
3053 2256 3118 2294 ac
3164 2241 3312 2294 velut
3365 2255 3462 2309 pa-

1893 2340 2029 2396 stor,
2066 2348 2221 2387 ovem
2259 2348 2447 2402 quarre
2484 2348 2605 2400 quae
2634 2332 2794 2401 periit
2823 2330 2893 2384 kz
2929 2339 3204 2385 errantem
3241 2345 3271 2383 a
3305 2330 3463 2384 leone

1894 2424 2041 2492 eripe
2077 2437 2092 2476 :
2123 2422 2210 2477 fac
2265 2439 2349 2477 me
2395 2423 2676 2477 alumnum
2720 2422 2773 2474 in
2808 2422 2964 2475 caula
3007 2422 3186 2474 ovium
3221 2431 3461 2475 tuarum.

1967 2603 2203 2668 Quando
2244 2602 2419 2657 Judex
2469 2601 2681 2657 sederis
2735 2601 2882 2655 velut
2920 2600 3183 2666 clemens,
3208 2606 3466 2668 tuamque

1895 2693 2195 2747 terribilem
2224 2695 2482 2761 gloriam.
2515 2707 2546 2744 ο
2572 2691 2811 2755 Christe,
2846 2688 3158 2743 ostenderis
3184 2704 3197 2740 :
3230 2703 3263 2739 o
3287 2703 3467 2755 quan-

1898 2792 1986 2837 t-us
2024 2795 2155 2837 tunc
2185 2783 2351 2835 timur
2389 2782 2403 2835 l
2437 2782 2655 2834 camino
2685 2796 2937 2842 accensa,
2973 2778 3341 2847 omnibusque
3376 2793 3469 2843 pa-

1897 2876 2151 2929 ventibus
2187 2874 2432 2929 tribunal
2482 2873 2615 2927 illud
2675 2881 2854 2937 tuum,
2914 2870 3059 2941 quod
3108 2872 3249 2926 nihil
3293 2870 3469 2925 latere

1894 2966 2091 3035 possit.

2494 3053 2561 3107 In
2591 3053 2869 3109 Sanctam.

1968 3148 2106 3202 Cum
2146 3155 2195 3202 te
2234 3147 2484 3202 Luminis
2518 3147 2709 3212 Mater,
2752 3145 2899 3216 quod
2929 3160 3186 3201 occasum
3236 3148 3465 3212 nesciat,

1900 3239 2288 3303 illuminasset,
2335 3238 2597 3292 vitiorum
2648 3239 2889 3292 tenebris
2919 3239 3194 3293 absolvit:
3234 3230 3472 3309 iquapro-

1901 3340 2039 3401 pter,
2091 3337 2369 3399 suscepta,
2417 3344 2449 3382 o
2498 3330 2667 3383 Maria
2724 3328 2964 3398 Spiritus
3012 3330 3211 3398 gratia,
3262 3339 3315 3385 te
3364 3331 3470 3385 title

1901 3421 2245 3489 celebrantes
2277 3421 2546 3473 iliumina.

1971 3511 2183 3565 Novmn
2245 3511 2300 3563 in
2353 3521 2405 3564 te
2451 3511 2779 3564 miraculum
2834 3518 3128 3573 contuens,
3182 3527 3216 3566 o
3275 3511 3466 3578 Mater,

1900 3619 2027 3659 vere
2081 3601 2419 3656 admirabilis
2479 3602 2730 3656 Zosimas
2799 3602 3130 3670 obstupuit,
3197 3618 3261 3657 ac
3324 3606 3470 3657 Velut

1900 3705 2083 3747 mente
2108 3702 2323 3747 emotus
2354 3703 2437 3746 est
2466 3710 2480 3745 :
2518 3692 2735 3746 videbat
2778 3695 2923 3747 enim
2960 3694 3013 3746 in
3044 3709 3275 3763 corpore
3303 3710 3470 3764 ange-
3552 3714 3555 3719 ·

1864 3778 2035 3846 Ἰιιιη,
2073 3790 2333 3851 totusque
2384 3792 2608 3851 stupore
2644 3783 2980 3851 replebatur,
3031 3784 3266 3838 laudans
3315 3786 3471 3840 Chri-

1902 3881 2046 3928 stum
2087 3874 2144 3928 in
2173 3874 2393 3928 sazcula.

2483 3962 2550 4017 Ιιι
2596 3963 2882 4019 Andream.

1972 4055 2131 4110 Velut
2177 4056 2271 4126 qui
2311 4058 2568 4111 ﬁduciam
2619 4058 2761 4127 apud
2816 4058 3103 4111 Dominum
3161 4058 3384 4125 habeas,
3434 4077 3469 4115 ο

1899 4146 2144 4211 Andrca,
2179 4149 2496 4202 venerabile
2520 4149 2698 4202 Creta:
2744 4149 2931 4215 decus,
2980 4150 3249 4217 obsecro;
3290 4153 3468 4207 inter-
3564 4214 3569 4218 ,

1900 4238 2091 4303 cedas,
2132 4246 2192 4291 ut
2228 4239 2339 4292 tuis
2372 4254 2521 4292 nunc
2554 4239 2830 4307 precibus,
2880 4239 2973 4309 qui
3020 4241 3357 4309 pmnitentia:
3389 4244 3466 4297 sis

1804 4327 1811 4335 '
1902 4327 2113 4390 doctor,
2150 4341 2213 4380 ac
2249 4327 2423 4395 gloria
2454 4334 2803 4391 sanctorum,
2839 4327 3240 4383 absolutionem
3267 4345 3297 4383 a
3337 4346 3468 4401 pec-

1903 4417 2011 4470 cati
2041 4417 2263 4471 vinculo
2293 4418 2605 4471 nanciscar.

274 4539 663 4609 Εὺλογοῦμεν
684 4539 942 4606 Πατέρα,
975 4536 1131 4601 Υίὸν,
1161 4542 1257 4595 καὶ
1291 4542 1462 4612 ἅγιον
1484 4543 1742 4612 Πνεῦμα.

1911 4529 2272 4585 Benedicinms
2314 4529 2552 4596 Patrem,
2599 4540 2649 4585 et
2692 4528 2919 4596 Filium,
2950 4540 2999 4585 et
3032 4530 3294 4599 Spiritum
3342 4551 3468 4588 san—

298 4696 533 4768 Ἀναρχε
557 4696 761 4767 Πάτερ,
787 4696 883 4750 Υἱὲ
908 4698 1107 4752 συνάνα
1119 4715 1234 4768 ρχε,
1260 4697 1588 4768 Παράκλητε
1612 4698 1798 4765 ἀγαθὲ,

219 4787 448 4858 Πνεῦμα
498 4787 558 4840 τὸ
606 4788 780 4853 εὐθὲς,
831 4788 1006 4854 Λόγου
1059 4787 1193 4840 Θεοῦ
1241 4788 1544 4858 Γεννῆτορ,
1593 4788 1804 4858 Πατρός

221 4880 460 4950 ἀνάρχου
484 4877 655 4946 Λόγε,
681 4877 902 4949 Πνεῦμα
925 4877 1032 4942 ζῶν
1058 4878 1151 4931 καὶ
1175 4876 1377 4944 κτίζον,
1405 4878 1573 4950 Τριὰς
1598 4880 1801 4948 Μονὰς,

223 4970 442 5043 ἐλέησόν
473 4987 559 5042 με.
1721 4972 1724 4975 “

892 5083 1129 5137 Θεοτόκ.

286 5167 302 5189 ⁸
322 5176 391 5236 Ως
422 5176 486 5227 ἐκ
516 5173 693 5245 βαφῆς
717 5172 1070 5242 ἂλουργίδος,
1101 5174 1367 5246 ἄχραντε,
1398 5176 1431 5244 ἡ
1461 5176 1628 5245 νοητὴ
1661 5193 1797 5246 πορ-

221 5266 382 5339 φυρὶς
432 5265 526 5319 τοῦ
557 5265 923 5336 Ἐμμανουήλ,
961 5266 1107 5320 ἔνδον
1147 5268 1204 5319 ὲν
1246 5269 1313 5337 τῇ
1360 5267 1560 5339 γαστρί
1605 5285 1720 5332 σου,
1746 5270 1793 5339 ή

224 5357 362 5428 σὰρξ
393 5358 800 5428 συνεξυφὰνθης
831 5358 950 5411 ὅθεν
981 5357 1240 5411 Θεοτόκον
1270 5359 1328 5411 ἐν
1353 5358 1581 5430 ἀληθείᾳ
1615 5376 1674 5411 σε
1707 5377 1790 5412 τι-

227 5447 455 5519 μοῦμεν.
496 5448 847 5518 (Αὶνοῦμεν,
884 5447 1283 5517 εὐλογοῦμεν*
1323 5448 1421 5502 καὶ
1464 5449 1650 5504 πάλιν
1686 5450 1795 5523 τὸν,

223 5540 485 5610 Ειρμόν.)
554 5554 560 5563 ‘

331 5732 366 5772 δ’
404 5729 538 5785 Luc.
591 5746 726 5796 uti,
763 5730 851 5786 62.
959 5742 980 5770 ο
1022 5730 1157 5784 Luc.
1211 5746 1371 5792 mn,
1448 5732 1529 5785 15.

226 5815 298 5868 Ix,
331 5800 399 5855 '20
432 5816 586 5871 seqq.
663 5802 688 5840 ιι
713 5799 953 5865 Joanm,
985 5803 1076 5865 55,
1109 5801 1195 5855 54.

1627 5732 1652 5770 ἀ
1707 5730 1842 5783 Luc.
1899 5747 1974 5786 vn

1313 5772 1563 5855 i’Mattli.
1608 5817 1756 5868 xxvi,
1788 5800 1838 5869 7;
1868 5772 2037 5858 Mar’c.
2070 5819 2179 5869 xxv,
2218 5803 2270 5857 5.
2353 5802 2366 5852 i
2408 5802 2541 5859 Luc.
2575 5778 2670 5871 vn’,
2706 5807 2795 5862 58.

2605 4614 2773 4653 οιαιη.

1970 4688 2196 4745 ΑἱιοιῚιο
2253 4688 2434 4753 Pater,
2489 4686 2593 4741 Fili
2643 4697 2937 4756 coaaterne,
2976 4690 3118 4746 bone
3164 4690 3467 4757 Paraclete,

1899 4790 2051 4835 recte
2072 4779 2346 4857 ‘Spiritus.
2386 4778 2551 4835 Verbi
2592 4780 2687 4835 Dei
2740 4778 3001 4845 Genitor,
3051 4781 3228 4837 Patris
3280 4788 3468 4837 aeterni

1898 4870 2160 4938 Verbum,
2211 4870 2452 4940 Spiritus
2483 4873 2604 4927 vive
2648 4882 2703 4928 et
2734 4871 2985 4939 Creator,
3044 4872 3289 4930 Trinitas
3338 4872 3472 4929 Uni-

1903 4974 2118 5036 tasque,
2155 4966 2426 5022 miserere
2452 4968 2577 5023 mei.
2629 4993 2631 4995 ί

2513 5079 2597 5132 Ad
2640 5080 2856 5149 Deipar.

1972 5168 2133 5224 Velut
2174 5185 2236 5223 ex
2293 5170 2503 5225 murice
2546 5173 2808 5239 quodam,
2857 5188 2890 5226 ο
2924 5173 3273 5239 intemerata,
3321 5176 3471 5230 intus

1899 5261 1954 5315 in
1990 5270 2145 5316 utero
2172 5271 2284 5328 tuo,
2320 5263 2583 5332 spiritalis
2631 5262 3008 5321 Emmanuelis
3058 5282 3305 5336 purpura
3353 5267 3469 5331 ilia,

1898 5368 2032 5407 caro
2063 5362 2318 5408 contexta
2359 5363 2486 5409 est:
2521 5356 2877 5423 quamobrem
2922 5367 2973 5411 te
3007 5373 3134 5412 vere
3174 5357 3465 5428 Deiparam

1899 5448 2259 5504 houoramus.
2318 5447 2671 5522 (Laudamus,
2728 5450 3120 5515 benedicimus;
3172 5468 3234 5505 ac
3280 5467 3467 5506 rursus

1907 5538 2202 5610 Ilirmum.)

2087 5733 2176 5785 58.
2287 5743 2310 5770 ε
2337 5734 2533 5788 Matth.
2568 5752 2655 5799 xv,
2689 5736 2778 5788 9‘2.
2896 5735 2915 5772 ί
2947 5735 3100 5789 ibid..
3207 5740 3233 5776 ⁸
3270 5736 3461 5792 Matth.

2895 5806 2917 5843 ¹ι
2946 5806 3089 5862 Psal.
3121 5821 3308 5873 cxvm,
3345 5808 3467 5865 176.
