3934 6454
322 404 345 470 1
357 406 458 470 389

1563 396 1813 457 CANON
1854 395 1936 455 IN
1977 370 2360 455 LAZARUM.

3450 389 3589 455 1390

404 511 759 582 Ἐσείσθησαν
806 511 874 565 τά
922 513 1124 582 ταμεῖα
1170 510 1266 564 τοῦ
1304 508 1469 578 ᾅδου,
1517 509 1594 572 ὡς
1637 504 1908 578 ὲψυχοῦτο

2081 502 2363 558 Concussa
2400 508 2531 557 sunt
2596 485 2799 556 inferni
2831 482 3202 571 receptacula,
3227 505 3287 553 ut
3314 506 3445 556 tune
3478 513 3592 559 sta-

320 599 486 671 εὺθὺς
504 606 652 661 κάτω
677 604 925 675 Λάζαρος
947 604 1089 670 τότε,
1136 608 1200 676 τῇ
1237 606 1387 675 φωνῇ
1436 603 1530 658 τοῦ
1560 601 1902 667 ζωώσαντος.

795 698 934 770 ᾨδὴ
975 705 1047 767 γ’.
1089 698 1152 751 '0
1188 698 1429 767 Είρμός.

401 811 420 843 ι
455 789 619 844 Λίθον
647 789 706 842 ὃν
732 789 1142 860 ὲπεδοκίμησαν
1183 791 1232 841 οἱ
1259 773 1713 858 οἰκοδομοῦντες,
1749 778 1906 848 οὗτος

323 881 559 952 ἐγενήθη
594 881 676 944 είς
698 879 942 950 κεφαλὴν
968 880 1199 949 γωνίας·
1232 899 1251 931 ι
1284 878 1446 942 αὑτός
1474 880 1622 931 ἔστιν
1651 878 1684 948 ἠ
1709 878 1905 947 πέτρα,

324 968 441 1049 ὲνῇ
483 974 786 1043 ὲστερέωσε
819 972 1056 1044 Χριστὸς
1088 972 1189 1043 τὴν
1225 971 1558 1043 Ἐκκλησίαν
1596 967 1761 1024 αὑτοῦ
1786 1008 1802 1037 ,
1839 968 1909 1039 ήν

323 1065 384 1132 ἐξ
415 1063 587 1117 ἐθνῶν
616 1064 1014 1135 ὲξηγορήσατο.

393 1154 595 1226 Θαῦμα
622 1152 772 1220 ξένον
803 1155 899 1208 καὶ
930 1155 1235 1228 παράδοξον
1260 1171 1276 1187 ο
1303 1154 1421 1219 πῶς
1445 1155 1474 1209 ὁ
1502 1155 1746 1229 Κτίστης
1770 1155 1908 1210 πάν-

322 1264 452 1312 των,
483 1248 622 1317 ὅπερ
648 1246 747 1299 οὐκ
769 1246 978 1315 ἠγνόει,
1007 1247 1082 1309 ὡς
1109 1245 1319 1315 ἀγνοῶν
1335 1246 1558 1318 ἠρώτας
1587 1246 1696 1301 Ποῦ
1729 1250 1905 1301 κεῖται

324 1339 384 1392 ὃν
415 1338 698 1412 θρηνεῖτε;
732 1337 841 1391 Ποῦ
871 1338 1137 1393 τέθαπται
1171 1338 1444 1410 Λάζαρος,
1466 1339 1525 1392 ὃν
1559 1340 1679 1411 μετ’
1710 1339 1909 1410 ὀλίγων

326 1433 392 1484 ὲκ
424 1430 655 1501 νεκρῶν,
685 1427 865 1495 ζῶντα
893 1433 1028 1502 ἡμῖν
1058 1430 1405 1501 ὲξανεστήσω
1435 1431 1584 1502 ὲγὼς

400 1613 562 1667 Λίθον
606 1612 665 1665 ὃν
711 1628 794 1665 σοι
846 1608 1252 1681 προσεκύλισαν
1306 1609 1357 1662 οί
1407 1609 1772 1679 κηδεύσαντές
1822 1627 1906 1677 σε,

326 1704 517 1763 τοῦτον
546 1704 872 1772 συγκινῆσαι
903 1705 931 1757 ὁ
970 1699 1179 1772 Ἰησοῦς
1207 1700 1545 1772 προστάξας,
1574 1700 1740 1765 εὐθὺς
1771 1702 1912 1757 ἀνέ-

330 1795 499 1867 στησέ
561 1811 644 1859 σε,
709 1793 967 1865 φωνήσας
1015 1810 1100 1847 σοι
1124 1809 1167 1844 ·.
1190 1782 1409 1864 Λάζαρε
1437 1831 1454 1859 ,
1479 1793 1723 1853 ἀνάστα·
1749 1792 1911 1865 δεῦρο
1939 1845 1986 1903 Β

327 1888 469 1959 πρός
505 1903 572 1958 με
596 1901 613 1918 ο
652 1887 743 1941 ἵνα
775 1886 874 1958 τὴν
901 1886 999 1957 σὴν
1026 1887 1054 1941 ό
1083 1885 1217 1958 ᾅδης
1247 1883 1426 1957 πτήξῃ
1452 1887 1658 1956 φωνήν.

401 1980 602 2052 Μάρθα
633 1980 730 2035 καὶ
751 1980 962 2051 Μαρία,
990 1979 1165 2052 Κύριε
1186 2019 1201 2043 ,
1233 1978 1493 2049 ὀδυρμοῖς
1521 1977 1713 2032 ὲῦόωνο
1748 1996 1769 2030 ι
1805 1977 1912 2033 Ἴδε

324 2071 388 2125 ὃν
412 2072 617 2141 ἐφίλεις
635 2072 949 2140 τεταρταῖος
966 2071 1169 2135 ὖζει.Εἰ
1187 2067 1255 2142 ἧς
1276 2064 1379 2125 ὧδε
1393 2072 1538 2136 τότε,
1560 2072 1660 2125 οὐκ
1680 2070 1912 2145 ἔθνησκε

326 2162 602 2236 Λάζαρος.
640 2182 659 2215 ι
704 2164 845 2217 Ἀλλ’
875 2162 952 2227 ὼς
977 2162 1281 2236 ἀχώριστος
1305 2164 1468 2218 παντὶ
1493 2204 1508 2231 ,
1535 2164 1726 2219 τοῦτον
1751 2164 1913 2229 εὐθὺς

328 2257 591 2326 φωνήσας
619 2256 873 2327 ήγειρας.

368 2486 375 2489 .
412 2437 608 2500 Ῥάνας
644 2434 738 2489 ἐπὶ
774 2434 913 2505 φίλῳ
951 2434 1166 2507 δάκρυα
1206 2435 1274 2489 δι’
1316 2438 1661 2507 οἰκονομίαν,
1702 2437 1914 2505 ἔδειξας

327 2526 427 2600 τὴν
456 2529 636 2600 σάρκα
660 2527 758 2596 τὴν
787 2524 847 2591 ὲξ
874 2525 1035 2597 ἡμῶν
1062 2525 1366 2599 ληφθεῖσαν
1389 2569 1405 2594 ,
1436 2528 1595 2601 οὐσίᾳ
1613 2572 1629 2597 ,
1663 2531 1725 2584 οὐ
1754 2530 1918 2603 δοκή-

327 2637 453 2688 σει,
488 2620 675 2691 Σῶτερ
703 2660 719 2688 ,
762 2618 1060 2672 ἐνωθεῖσάν
1110 2636 1195 2673 σοι
1228 2636 1242 2650 ·
1283 2620 1379 2674 καὶ
1415 2620 1491 2686 ὡς
1532 2621 1914 2696 φιλάνθρωπος

323 2711 482 2777 Θεὸς,
514 2710 706 2765 τοῦτον
724 2710 888 2775 εὐθὺς
915 2712 1198 2782 φωνήσας,
1237 2713 1492 2785 ἤγειρας.

399 2886 563 2959 Οῖμοι
590 2887 605 2940 ι
647 2885 818 2949 ὄντως
867 2846 962 2939 νῦν
1003 2884 1281 2950 ἀπόλωλα,
1311 2883 1521 2937 ἐκϐοῶν
1546 2885 1574 2937 ό
1606 2884 1741 2956 ᾅδης
1769 2885 1913 2939 οὕτω

325 2974 675 3048 προσεφώνει
702 2975 782 3046 τῷ
807 2975 1025 3047 θανάτῳ
1051 2976 1245 3045 λέγων·
1286 2975 1422 3031 Ἰδοὺ
1449 2977 1478 3028 ὁ
1505 2977 1819 3049 Ναζαραῖος
1841 2980 1912 3034 τά

327 3066 483 3123 κάτω
505 3066 809 3133 συνέσεισε,
834 3067 932 3121 καὶ
957 3070 1055 3138 τὴν
1076 3066 1320 3137 γαστέρα
1347 3084 1448 3139 μου
1466 3066 1675 3138 τεμὼν,
1705 3069 1910 3124 ἄπνουν

326 3158 545 3231 νεκρὸν,
575 3159 833 3230 φωνήσας
854 3159 1067 3230 ἤγειρε.

403 3247 515 3304 Ποῦ
547 3248 581 3319 ή
611 3248 720 3302 τῶν
764 3247 1034 3317 Ἐϐραίων
1061 3245 1256 3314 άνοιας
1286 3246 1399 3300 Ποῦ
1435 3248 1469 3319 ή
1499 3246 1772 3314 ἀπιστίας
1805 3248 1912 3313 ἕως

2008 594 2104 649 tim
2138 593 2469 649 viviticantis
2500 606 2634 665 voce
2662 591 2908 648 Lazarus
2935 593 3300 649 animaretur.

2565 682 2678 738 Ode
2703 683 2758 736 '5.
2798 682 3044 737 Hirmus.

2083 795 2102 829 ι
2139 774 2401 846 Lapidem
2424 788 2586 844 quem
2623 774 3062 843 reprobaverunt
3110 773 3469 843 :ediflcantes,
3500 776 3591 831 hic

2009 866 2194 921 factus
2216 875 2303 921 est
2331 864 2391 919 in
2417 872 2586 934 caput
2613 860 2798 935 anguli
2827 873 2906 918 τ.»
2931 862 3058 919 Haec
3081 870 3236 934 petra
3249 871 3354 929 est,
3390 865 3445 920 in
3480 881 3591 936 qua

2007 959 2266 1015 Christus
2296 957 2570 1023 fundavit,
2619 971 2784 1027 quam
2834 971 2900 1012 ex
2934 956 3193 1027 gentibus
3220 958 3457 1014 redemit
3486 958 3591 1013 Ec-

2007 1050 2264 1106 clesiam.

2081 1139 2405 1195 Miraculqu
2439 1152 2645 1193 novum
2700 1146 2757 1193 et
2800 1137 3110 1194 insolitum.
3138 1136 3431 1204 Quomodo
3469 1142 3591 1195 uni—

2009 1246 2300 1288 versarunt
2342 1225 2595 1296 Crea'tor,
2613 1230 2762 1285 velut
2785 1232 3086 1301 ignoraret,
3108 1230 3256 1300 quod
3288 1245 3397 1285 non
3430 1231 3589 1302 igno-

2010 1326 2190 1388 rabat,
2224 1323 2702 1396 percontabatur?
2726 1323 2831 1379 Ubi
2867 1323 3090 1393 positus
3131 1334 3219 1379 est
3246 1338 3409 1394 quem
3442 1325 3593 1395 luge-

2011 1417 2122 1472 tis?
2159 1415 2265 1472 Ubi
2297 1415 2551 1487 sepultus
2575 1412 2844 1479 Lazarus,
2873 1429 3039 1484 quem
3070 1428 3174 1485 ego
3220 1414 3371 1470 brevi
3405 1430 3528 1471 sum
3561 1431 3592 1469 a

2011 1510 2245 1566 mortuis
2304 1506 2720 1565 suscitaturus?

2080 1601 2342 1672 Lapidem
2369 1615 2533 1672 quem
2558 1599 2657 1655 tibi
2693 1598 3078 1661 advolverant,
3107 1598 3203 1669 qui
3234 1606 3389 1653 tuum
3433 1612 3596 1654 cura-

2009 1698 2138 1747 rant
2170 1691 2360 1758 funus,
2418 1692 2516 1746 ubi
2571 1686 2735 1745 Jesus
2775 1703 2803 1743 a
2833 1686 3325 1759 Judaeisjussisset
3359 1687 3593 1752 revolvi,

2010 1795 2067 1842 te
2097 1783 2281 1843 statim
2303 1782 2661 1841 resuscitavit
2682 1796 2926 1849 ;vocans
2953 1789 3041 1837 te:
3061 1780 3292 1847 Lazare,
3320 1795 3550 1853 resurge
3576 1797 3592 1845 ;
3672 1774 3684 1788 ’

2015 1879 2141 1935 veni
2176 1878 2245 1934 ad
2276 1892 2400 1943 me,
2431 1884 2495 1931 ut
2523 1882 2617 1930 tua
2649 1873 2927 1931 infernum
2963 1888 3098 1931 voce
3132 1875 3485 1945 percelleres.
3622 1940 3627 1947 ἱ

2090 1969 2299 2025 Martha
2354 1967 2659 2038 Mariaque,
2701 1980 2736 2021 ο
2790 1966 3045 2032 Domine,
3075 1964 3344 2037 gemendo
3387 1966 3594 2020 clama-

2015 2065 2149 2121 bant
2181 2048 2208 2115 ε’
2235 2081 2255 2115 ‹
2316 2061 2461 2117 Ecce
2491 2075 2654 2131 quem
2701 2058 2949 2126 amabas,
2999 2056 3407 2129 quatriduanus
3439 2056 3591 2113 fetet.

2017 2155 2075 2212 Si
2119 2154 2327 2211 fuisses
2384 2153 2502 2218 hic,
2548 2167 2661 2207 non
2699 2149 2899 2206 fuisset
2925 2157 3176 2205 mortuus
3208 2147 3454 2203 Lazarus
3483 2148 3532 2202 ⁸.
3571 2166 3589 2198 ι

2015 2226 2222 2303 Verum
2261 2245 2357 2317 qui
2387 2256 2661 2315 nusquam
2695 2242 2940 2307 deesses,
2971 2255 3097 2297 eum
3128 2239 3312 2295 statim
3350 2239 3597 2295 vocando

2013 2335 2391 2395 resuscitasti.

2088 2429 2321 2485 Stillans
2354 2424 2770 2497 dispensatione
2812 2423 3089 2494 Iaerymas
3129 2435 3297 2491 super
3329 2419 3596 2481 amicum,
3674 2442 3683 2453 -

2016 2536 2240 2579 carnem
2275 2534 2443 2593 quam
2478 2533 2545 2575 ex
2571 2517 2733 2573 nobis
2758 2514 3187 2584 assumpsisses,
3220 2512 3466 2567 essentia
3487 2524 3598 2569 non

2016 2612 2361 2685 apparentia,
2423 2612 2635 2667 unitam
2697 2606 2801 2662 tibi
2862 2604 3153 2661 ostendisti
3190 2614 3407 2674 :utque
3455 2601 3602 2657 Deus

2015 2705 2291 2773 benignus
2320 2716 2387 2758 ac
2420 2701 2760 2765 misericors,
2793 2712 2918 2753 eum
2946 2698 3134 2752 statim
3159 2694 3409 2752 vocando
3442 2709 3601 2751 resu-

2016 2796 2260 2852 scitasti.

2086 2889 2203 2945 Heu
2229 2888 2354 2943 me!
2410 2900 2541 2942 vere
2602 2896 2753 2939 nunc
2791 2880 2927 2950 perii
2965 2893 3031 2934 ac
3061 2877 3132 2933 de
3161 2892 3251 2932 me
3279 2884 3463 2931 actum
3492 2884 3602 2937 est.

2015 2982 2289 3038 clamabat
2316 2978 2569 3035 infernus
2609 2976 2678 3030 ad
2711 2982 2947 3029 mortem
2991 2990 3005 3027 :
3041 2971 3186 3027 Ecce
3242 2970 3390 3026 enim
3432 2967 3614 3023 Naza-

2016 3088 2160 3131 rzeus
2199 3073 2292 3129 ille
2322 3070 2540 3127 inferna
2568 3066 2880 3134 concussit,
2911 3074 3175 3134 sectoque
3218 3077 3343 3117 meo
3387 3069 3604 3123 ventre,

1937 3188 1980 3247 ο
2016 3173 2294 3221 mortuum
2324 3152 2445 3217 sine
2476 3159 2700 3231 spiritu,
2724 3153 2978 3233 vocando
3012 3152 3391 3210 resuscitavit.

2091 3253 2193 3310 Ubi
2234 3252 2589 3307 Hebraeorum
2645 3244 2961 3303 dementia?
3020 3241 3121 3298 Ubi
3193 3238 3607 3295 incredulitas?

327 3341 464 3396 πότε
500 3340 691 3395 πλάνοι
719 3357 734 3407 ;
769 3328 918 3405 Ἕως
946 3338 1080 3394 πότε
1108 3339 1284 3407 νόθοι;
1327 3339 1527 3411 Ὁρᾶτε
1555 3339 1648 3395 τὸν
1678 3339 1913 3394 θανόντα

2043 3344 2276 3412 ,ὶιιωιόίιι
2331 3338 2697 3412 impostores?
2760 3335 3007 3410 quandiu
3056 3332 3331 3389 adulteri?
3391 3329 3606 3385 Videtis

328 3434 484 3503 φωνῇ
514 3430 892 3501 ἐξαλλόμενον,
929 3431 1025 3485 καὶ
1050 3432 1335 3484 ἀπιστεῖτε
1367 3429 1447 3500 τῷ
1493 3430 1720 3503 Χριστῷ
1742 3447 1758 3499 ;
1783 3432 1914 3484 Ὀν-

325 3541 440 3587 τως
478 3523 588 3577 υἱοὶ
611 3519 706 3576 τοῦ
730 3521 957 3584 σκότους
988 3520 1192 3583 πάντες
1219 3520 1403 3590 ὑμεῖς.
1697 3532 1705 3540 ’

1034 3634 1209 3699 Δόξα.

405 3726 542 3782 Ἕνα
573 3728 671 3800 τῆς
692 3727 921 3800 Τριάδος
950 3721 1068 3780 οἶδά
1098 3742 1156 3777 σε
1178 3765 1193 3789 ,
1223 3724 1271 3777 εί
1301 3723 1397 3777 καὶ
1426 3723 1748 3796 ὲσαρκώθης
1771 3737 1787 3756 ⁸
1820 3725 1917 3779 ἕνα

329 3820 432 3874 καὶ
460 3818 666 3884 δοξάζω
692 3819 821 3872 Υἱὸν
849 3817 1268 3890 σεσαρκωμένον
1304 3817 1395 3871 τὸν
1421 3819 1486 3871 ἐκ
1523 3819 1633 3888 τῆς
1650 3818 1916 3873 Θεοτόκου

328 3909 592 3983 άσπόρως
626 3909 1034 3981 βλαστήσαντα,
1062 3910 1157 3963 καὶ
1192 3910 1290 3962 σὺν
1324 3908 1502 3980 Haupt
1530 3911 1627 3963 καὶ
1663 3909 1918 3981 Πνεῦμα-

328 4019 413 4070 τι,
448 4000 546 4055 ἕνα
572 4000 705 4056 Υίὸν
726 3999 1008 4068 δοξολογού
1017 4017 1199 4069 μενον.

978 4112 1089 4166 Καὶ
1143 4112 1282 4168 νῦν.

408 4227 569 4283 Ξένον
594 4229 690 4284 διαὶ
720 4226 949 4300 φρικτὸν
984 4227 1047 4280 τὸ
1093 4228 1297 4300 ὅραμα,
1329 4227 1387 4294 ἐξ
1419 4228 1753 4299 οἰκονομίας.
1782 4229 1919 4301 ὅπερ

332 4320 637 4392 προεώρων
665 4321 716 4373 οἱ
740 4319 997 4390 ἀψευδεῖς
1024 4319 1305 4391 προφῆται
1326 4320 1603 4392 Παρθένον
1631 4318 1917 4384 Θὲότοκον,

330 4413 596 4484 άσπόρως
646 4412 745 4481 μὲν
792 4410 1034 4465 κυοῦσαν
1082 4411 1374 4482 άσπόρως,
1423 4412 1721 4467 τίκτουσαν
1749 4411 1916 4478 Θεὸν,

335 4503 607 4581 μένουσαν
633 4503 691 4559 δὲ
732 4501 875 4574 μετὰ
922 4503 1081 4556 τόκον
1105 4503 1298 4574 ἁγνήν.

805 4614 943 4687 ’ῼδὴ
1007 4615 1077 4669 δυ.
1129 4615 1184 4668 ’0
1218 4615 1456 4684 Εῐρμός.

422 4725 672 4798 Ἐπήρθη
700 4728 729 4781 ὁ
755 4726 927 4797 ἥλιος,
955 4725 1053 4779 καὶ
1084 4725 1118 4796 ἡ
1167 4723 1364 4795 σελήνη
1396 4722 1529 4794 ἔστη
1560 4726 1619 4777 ὲν
1657 4727 1724 4795 τῇ
1768 4724 1922 4791 τάξει

331 4817 530 4887 αὐτῆς.
550 4815 824 4887 Ὑψώθης,
851 4815 1194 4887 μακρόθυμε,
1220 4816 1313 4868 ἐπὶ
1338 4815 1434 4869 τοῦ
1465 4814 1646 4879 ξύλου,
1672 4816 1766 4869 καὶ
1789 4815 1923 4885 ἔπη-

333 4910 437 4978 ξας
467 4911 524 4962 ὲν
551 4908 701 4978 αὐτῷ
730 4907 830 4979 τὴν
873 4907 1204 4977 Ἐκκλησίαν
1231 4924 1349 4962 σου.

424 4999 763 5070 Ἐδέικρυσας
782 5039 797 5063 ,
824 4996 999 5067 Κύριε
1025 5036 1041 5063 ,
1070 4997 1163 5049 ἐπὶ
1196 4997 1435 5070 Λαζάρω
1458 5037 1472 5063 ,
1499 4996 1681 5063 δείξας
1709 4996 1791 5049 ὅτι
1821 4995 1918 5051 άν-

334 5089 557 5159 θρωπος
589 5084 641 5142 εί
670 5128 685 5153 ,
718 5089 813 5141 καὶ
851 5088 1080 5158 ἤγειρας
1106 5128 1121 5151 ,
1154 5089 1439 5154 Δέσποτα,
1465 5086 1558 5140 τὸν
1605 5086 1877 5141 τεθνεῶτα
1901 5126 1917 5151 ,

333 5181 436 5235 καὶ
472 5180 676 5245 ἔδειξας
709 5182 821 5242 τοῖς
849 5178 1021 5243 λαοῖς,
1046 5179 1127 5231 ὅτι
1164 5179 1293 5241 Υἱὸς
1321 5174 1374 5233 εἷ
1392 5179 1487 5232 τοῦ
1510 5177 1670 5233 Θεοῦ.

424 5271 483 5324 '0
533 5272 736 5335 ἄπνους
774 5271 975 5343 ἤκουσε
1018 5269 1079 5323 τὸ
1123 5271 1455 5342 πρόσταγμά
1489 5286 1621 5324 σουο
1679 5290 1700 5324 ι
1753 5271 1924 5340 Δεῦρο

332 5362 468 5429 ἔξω,
497 5363 715 5434 Λαζάρε
738 5378 752 5394 ·
784 5381 803 5414 ι
825 5363 1083 5434 δρομαῖος
1115 5363 1369 5416 ἀνίστατο
1405 5365 1502 5417 σὺν
1531 5364 1645 5427 τοῖς
1675 5364 1924 5435 σπαργά-

329 5472 475 5522 νοις,
504 5455 597 5509 acati.
620 5454 837 5524 ἧλλατο,
874 5453 1068 5523 ἀγαθὲ,
1095 5454 1308 5517 δεικνὺς
1339 5455 1397 5507 τὸ
1429 5454 1634 5525 κράτος
1661 5472 1776 5509 σου.

410 5633 526 5704 Τῆς
563 5632 797 5705 Μάρθας
836 5635 907 5689 τὰ
953 5634 1189 5706 δάκρυα,
1226 5633 1444 5704 καὶτῆς
1489 5637 1712 5706 Μαρίας
1761 5638 1920 5691 κατέι

412 5820 438 5855 τ
475 5808 622 5867 Psal.
652 5826 825 5877 cxvn,
868 5807 974 5868 ἣξει
1013 5808 1206 5865 Matth.
1245 5825 1356 5878 xxi,
1387 5809 1476 5865 42.

1558 5818 1580 5846 ⁸
1618 5808 1779 5869 Joan.
1822 5826 1896 5868 ιι,
1958 5810 2146 5879 59,21.

2020 3443 2299 3490 mortuum
2316 3433 2384 3489 ad
2405 3447 2596 3487 vocem
2617 3445 2780 3485 unam
2793 3428 3161 3490 exsilientem,
3178 3432 3234 3480 et
3249 3440 3358 3480 non
3379 3422 3607 3480 creditis

2021 3526 2243 3582 Christo
2256 3521 2441 3579 i'Vcre
2473 3537 2572 3578 vos
2607 3534 2801 3577 omnes
2833 3519 2927 3575 ﬁlii
2959 3517 3330 3574 tenebrarum.

2713 3633 2921 3690 Gloria.

2097 3729 2173 3785 Te
2203 3744 2371 3785 unum
2408 3727 2474 3783 de
2505 3726 2777 3782 Trinitate
2800 3725 2948 3789 novi,
2981 3736 3294 3793 quanquam
3328 3736 3391 3777 es
3420 3720 3610 3778 incan-

2023 3832 2220 3888 natus;
2281 3834 2562 3889 unumque
2591 3815 2843 3888 gloriﬂco
2876 3812 3074 3869 Filium
3112 3814 3485 3879 incarnatum,
3538 3829 3608 3868 ev

2027 3912 2259 3983 Deipara
2292 3914 2411 3968 sine
2441 3913 2653 3967 semine
2705 3917 2919 3971 natum,
2945 3909 3238 3976 ipsumque
3266 3921 3394 3960 cum
3417 3903 3608 3971 Patre,

2025 4014 2074 4062 et
2108 4004 2319 4076 Spiritu
2351 4001 2777 4066 sancto,Filium
2810 4015 2980 4054 unum
3009 3998 3399 4069 glorificatum.

2663 4108 2734 4164 Et
2808 4126 2968 4163 nunc.
3023 4186 3027 4191 ἢ

2094 4227 2352 4290 Nova,ex
2373 4224 2811 4296 dispensatione,
2833 4226 2998 4290 visio,
3022 4233 3077 4279 et
3107 4223 3404 4289 horrenda,
3440 4237 3605 4292 quam

2027 4314 2400 4387 praevidet-unt
2427 4330 2656 4371 veraces
2701 4316 2980 4385 prophetae
3009 4332 3026 4374 ;
3057 4328 3276 4383 nempe,
3311 4312 3604 4383 Deiparam

2027 4407 2330 4479 Virginem,
2373 4414 2643 4476 conceptu
2682 4414 2953 4478 partuque
2978 4406 3101 4462 sine
3132 4405 3364 4469 semine,
3394 4412 3606 4460 castam

1952 4538 1996 4593 ο
2027 4517 2058 4556 a
2088 4507 2247 4572 partu
2278 4508 2615 4555 manentem.

2504 4680 2507 4683 Α
2576 4608 2688 4663 Ode
2710 4608 2764 4662 4.
2791 4610 3037 4662 IIirmus.

2097 4725 2356 4781 Elevatus
2387 4732 2471 4779 est
2506 4727 2589 4779 sol
2618 4724 2663 4790 ί,
2688 4723 2927 4793 lunaque
2979 4723 3136 4777 stetit
3176 4722 3230 4774 in
3264 4721 3459 4776 ordine
3480 4736 3606 4777 suo.
3708 4796 3710 4798 ν

2026 4817 2281 4873 Elevatus
2308 4831 2369 4870 es
2400 4817 2453 4869 iu
2485 4815 2653 4886 ligno,
2690 4830 2723 4870 ο
2753 4812 3100 4888 longanimis,
3156 4821 3420 4884 tuamque
3453 4814 3508 4868 in
3542 4829 3608 4868 eo

2014 4907 2319 4964 Ecclesiam
2355 4905 2546 4961 ﬁxisti.

2087 4997 2450 5069 Lacrymalus
2473 5012 2556 5060 es,
2585 4997 2835 5062 Domine,
2872 5012 3039 5068 super
3076 4996 3345 5052 Lazarum
3380 5011 3395 5048 :
3431 4995 3610 5049 homi-

2019 5106 2142 5146 nem
2210 5100 2261 5146 le
2328 5092 2447 5161 ipse
2485 5090 2828 5154 ostendens,
2900 5090 3290 5161 excitastique,
3355 5087 3605 5151 Domine,

2022 5194 2327 5245 mortuum,
2358 5197 2423 5236 ac
2466 5191 2519 5236 te
2548 5184 2769 5253 populis
2802 5181 2895 5239 Dei
2916 5181 3113 5236 Filium
3138 5181 3406 5251 probasti.

2096 5273 2321 5337 Audivit
2349 5272 2444 5343 qui
2476 5273 2597 5327 sine
2641 5273 2839 5343 spiritu
2898 5281 3019 5328 erat
3049 5280 3379 5344 praeceptum
3413 5274 3606 5321 tuum:

2033 5385 2053 5418 ι
2094 5365 2323 5431 Lazare,
2357 5364 2479 5419 veni
2526 5364 2675 5420 foras
2722 5376 2781 5431 '1;
2830 5384 2849 5417 ι
2906 5363 3252 5433 festinusque
3306 5358 3611 5415 resurrexit

1966 5458 1978 5471 ‘
2029 5474 2154 5512 cum
2196 5455 2417 5519 fasciis;
2476 5455 2872 5525 exsiliensque,
2926 5471 2959 5509 ο
3002 5454 3164 5516 hone,
3201 5458 3305 5504 tuae
3353 5447 3611 5517 potenti-.e

2029 5549 2309 5619 specimen
2349 5545 2624 5599 exlﬁlmit.

2103 5637 2318 5693 Sedasti
2385 5633 2609 5690 Marthae
2656 5648 2710 5690 et
2757 5635 2940 5691 Mariae
2980 5635 3275 5706 lacrymas,
3307 5649 3341 5689 ο
3390 5631 3613 5688 Christe

2237 5824 2251 5848 ι
2299 5812 2470 5872 Josue
2506 5829 2559 5875 ι,
2598 5809 2680 5863 15.
2770 5822 2791 5848 η
2818 5811 2981 5866 .lcan.
3019 5828 3093 5879 ιι,
3126 5813 3221 5869 45.
