3934 6496
499 409 630 474 1831

1610 370 1621 375 Π
1694 419 1759 479 S.
1791 418 2126 481 ANDREIE
2161 419 2583 487 CRETENSIS

3584 450 3681 523 i392

495 517 642 576 Deus
674 536 686 571 :
725 519 993 574 Lazarum
1027 521 1360 577 auctoritate
1387 522 1887 590 vocans,.vocando
1905 524 2079 579 susci-

2193 544 2422 592 παυσας,
2456 530 2660 599 Χριστὲ
2694 532 2721 583 ὁ
2750 531 2879 595 Θεός
2907 550 2920 564 ο
2956 537 3219 607 φωνήσας
3235 540 3326 594 τδν
3362 543 3567 619 Λάζαρον
3586 517 3681 610 αὖξ

497 613 669 680 tasti;
704 613 865 685 isque
898 622 949 669 te
984 613 1260 668 adoravit.

558 794 927 866 Lacrymatus
953 808 1118 865 super
1143 792 1414 849 Lazarum
1433 809 1534 865 pro
1571 794 1812 850 hominis
1848 796 2082 862 ratione,

2188 619 2483 687 εξουσίως,
2532 624 2866 694 συνήγειρας
2904 628 2972 697 τῇ
3014 633 3212 702 φωνῇ,
3253 634 3343 687 καὶ
3384 651 3686 717 προσεκύνησέ

2189 725 2293 763 σοι.

2255 803 2549 875 Δακρύσας
2570 805 2647 869 ὡς
2667 805 2953 879 ἄνθρωπος
2979 810 3071 863 ἐπὶ
3094 812 3353 886 Λαζάρῳ,
3371 818 3612 894 ἐξήγειρςις
3626 831 3692 882 αὖ.

490 888 743 943 eumdem
810 903 919 956 qua
979 887 1128 942 Deus
1192 888 1452 942 excitasti
1486 904 1500 939 :
1533 890 1956 956 percontabar-is
1986 931 2001 955 ,
2051 904 2079 944 0

2193 892 2276 948 τὸν
2309 896 2385 959 ὡς
2418 897 2573 961 Θεός.
2615 900 2862 970 Ἦρώτας
2906 901 3010 954 ποῦ
3042 904 3307 959 τέθαπται
3353 912 3380 961 ὁ
3406 887 3691 986 τεταρταῖος,

492 984 669 1045 boue,
738 983 830 1036 ubi
890 990 1040 1036 esset
1106 983 1359 1051 sepultus
1424 982 1856 1051 quatriduauus,
1918 981 2083 1037 iidem

491 1084 747 1129 astruens
774 1085 1076 1143 assumptis
1105 1074 1458 1129 humanitati.

561 1167 769 1221 Volens
799 1166 1076 1237 passionis
1111 1175 1222 1220 tuae
1247 1175 1302 1221 et
1331 1165 1518 1220 crucis
1544 1164 1820 1238 symbola,
1848 1179 1882 1219 ο
1914 1166 2079 1231 bone,
2112 1145 2119 1151 I

490 1262 811 1324 declarare;
838 1257 1142 1312 insatiabili
1178 1268 1341 1328 rupto
1376 1256 1581 1312 inferni
1627 1268 1834 1324 ventre,
1868 1258 2082 1328 quatri-

490 1357 735 1409 duauum
771 1350 1122 1407 resuscitasti
1158 1349 1345 1405 divina
1389 1357 1681 1419 potestate.

559 1444 697 1509 Quis
732 1442 893 1502 vidit,
924 1440 1050 1510 quis
1082 1440 1319 1506 audivit,
1363 1448 1422 1493 ut
1459 1451 1716 1496 mortuus
1773 1443 1937 1496 homo
1963 1441 2080 1510 jam

493 1536 672 1589 frteus
726 1532 1139 1588 resurrexerit?
1200 1530 1470 1601 Equidem
1523 1534 1837 1587 excitarunt
1905 1531 2077 1598 Elias,

491 1626 867 1694 Eiiszeusque;
920 1621 1067 1677 haud
1127 1630 1311 1677 tamen
1357 1637 1423 1678 ex
1477 1623 1714 1690 tumulo,
1745 1623 1829 1679 vel
1861 1623 2081 1694 quatri-

492 1719 760 1773 duauum.

561 1808 757 1871 Tuam,
790 1806 1038 1872 Domine,
1069 1805 1360 1861 laudamus
1387 1806 1691 1876 potentiam
1719 1825 1732 1873 ;
1785 1805 2076 1862 laudamus

2186 988 2572 1060 πιστούμενος,
2605 991 2799 1060 ἀγαθὲ,
2825 993 2925 1062 τὴν
2946 995 3362 1067 ὲνανθρώπησίν
3393 1017 3491 1055 σου.

2254 1163 2361 1218 Τοῦ
2384 1163 2590 1229 πάθους
2615 1165 2684 1220 τά
2712 1166 2979 1238 σύμϐολα,
3007 1171 3102 1223 καὶ
3132 1171 3225 1225 τοῦ
3250 1178 3472 1247 σταυροῦ
3495 1196 3575 1235 σου
3595 1201 3703 1251 γνω-

2186 1256 2334 1327 ρίσαι
2389 1257 2700 1327 βουληθεὶς,
2757 1261 2955 1330 ἀγαθὲ,
3009 1262 3107 1316 τοῦ
3160 1265 3288 1337 ᾅδου
3335 1269 3431 1339 τὴν
3478 1273 3705 1345 ἄπληστον

2181 1348 2423 1419 γαστέρα
2448 1349 2641 1421 ῥήξας,
2669 1351 2974 1424 ἀνέστησας
2994 1355 3070 1419 ὡς
3092 1357 3223 1422 Θεὸς
3250 1360 3342 1413 τὸν
3368 1367 3706 1438 τετραήμερον.

2252 1441 2349 1504 Τίς
2379 1438 2509 1507 εἶδε,
2535 1442 2618 1504 τίς
2648 1443 2901 1513 ἤκουσεν,
2941 1448 3021 1500 ὅτι
3067 1449 3266 1521 ἀνέστη
3318 1452 3707 1529 ἀνθρωπονεκρὸς

2178 1532 2420 1596 ὀδωδὼςο
2460 1534 2645 1597 Ἠλίας
2676 1536 2774 1606 μὲν
2813 1537 3001 1609 ἤγειρε
3034 1541 3128 1593 καὶ
3171 1542 3482 1612 Ἐλισσαῖος,
3516 1548 3708 1605 ἀλλὀὐχ

2178 1625 2244 1678 ἐκ
2275 1626 2577 1697 μνήματος,
2612 1626 2726 1680 ἀλλ’
2755 1628 2874 1682 οὐδὲ
2905 1635 3243 1703 τεταρταῖον.

2259 1800 2571 1874 Ὕμνούμέν
2595 1822 2712 1868 σου,
2744 1806 3077 1880 Κύριεητὴν
3109 1810 3457 1866 δυναστείαν·
3483 1815 3709 1886 ὑμνοῦμεν

490 1909 545 1953 et
572 1913 712 1960 tuas,
738 1912 772 1952 o
801 1897 1043 1962 Christe,
1074 1898 1400 1966 passiones;
1432 1898 1527 1951 illa
1546 1899 1767 1969 quidem
1810 1906 2073 1968 tanquam

2193 1893 2274 1946 καὶ
2300 1893 2369 1946 τά
2401 1896 2569 1967 πάθη,
2624 1898 2828 1967 Χριστέ
2849 1914 2862 1929 ’
2891 1903 2958 1970 τῇ
3012 1902 3113 1971 μὲν
3138 1902 3246 1973 γάρ
3270 1904 3345 1967 ὡς
3369 1883 3705 1976 εὔσπλαγχνος,

491 1992 844 2055 misericors,
877 1988 1150 2042 miracula
1201 1990 1523 2059 operabaris
1561 2009 1575 2045 :
1609 1991 1707 2047 has
1746 1998 1926 2044 autem
1957 1991 2075 2046 dis-

489 2081 816 2151 pensatione
840 2078 1063 2133 subiisti
1105 2088 1167 2132 ut
1196 2078 1378 2133 homo.

563 2172 707 2227 Deus
745 2186 805 2226 es
822 2180 985 2240 atque
1008 2169 1192 2234 homo,
1212 2184 1340 2223 vera
1366 2169 1532 2225 rebus
1550 2169 1793 2241 probans
1824 2171 2074 2225 nomina.

494 2264 601 2330 Tu,
637 2262 899 2328 Verbum,
951 2275 1122 2315 carne
1152 2271 1569 2316 monumentum
1632 2263 1823 2328 adisti,
1863 2265 2079 2331 quatri-

488 2360 847 2425 duanumque
869 2353 1054 2408 divina
1077 2353 1411 2408 auctoritate
1450 2353 1756 2409 suscitasti.

561 2448 1006 2517 Obstupuerunt,
1044 2443 1296 2513 Domine,
1335 2444 1693 2499 Hebraeorum
1755 2446 1969 2516 populi,
2018 2456 2080 2501 ut

486 2540 747 2596 viderunt
773 2536 843 2591 ad
870 2544 1019 2589 tuam
1051 2550 1240 2591 vocem
1276 2538 1655 2592 resurrexisse
1706 2536 1973 2594 Lazarum
2011 2540 2079 2597 de

489 2632 780 2703 sepulcro;
813 2626 1039 2697 tuisque
1069 2627 1436 2684 nihilominus
1474 2627 1764 2686 miraculis
1805 2629 2077 2687 increduli

489 2733 863 2797 permansere.

1176 2809 1383 2867 Gloria.

557 2902 858 2960 Eternum
894 2918 924 2958 a
978 2902 1141 2959 Patre
1174 2911 1292 2971 tuo,
1318 2918 1351 2957 ο
1387 2901 1664 2967 Salvator,
1696 2915 1798 2958 ceu
1831 2918 1975 2960 unus
2009 2904 2078 2960 de

487 3008 681 3051 sancta
709 2995 980 3052 Trinitate
1016 2994 1272 3051 eﬁulsisti
1306 3013 1321 3049 Δε
1353 2997 1409 3050 in
1446 3005 1693 3063 tempore
1728 3004 1938 3061 autem,
1980 2996 2075 3066 qui

487 3089 565 3143 sis
596 3087 775 3156 major
792 3088 1131 3153 substantia,
1161 3088 1216 3141 in
1241 3086 1462 3157 spiritu,
1485 3102 1553 3142 ex
1578 3087 1948 3159 sanguinibus
1968 3090 2077 3144 vir-

487 3176 793 3247 ginalibus,
823 3185 1048 3247 sumpta
1088 3191 1259 3231 carne
1290 3176 1566 3247 prodiisti.

1141 3267 1211 3322 Et
1259 3254 1418 3323 nunc.

558 3360 657 3416 Dei
685 3360 999 3417 Genitricis
1044 3362 1336 3432 conceptio
1378 3361 1501 3416 sine
1545 3362 2016 3432 semiue;partus
2043 3376 2075 3415 a

487 3453 863 3522 corruptionis
910 3452 1215 3509 violatione
1274 3451 1560 3507 immunis.
1615 3452 1758 3508 Deus
1801 3454 2075 3524 siquidem

491 3554 789 3613 utrumque
844 3552 1108 3612 operatus
1167 3542 1521 3608 miraculum,
1570 3544 1732 3600 nobis
1773 3545 2073 3614 unieudus,

486 3634 730 3705 seipsum
767 3633 1098 3690 exiuanivit.

1039 3727 1149 3781 Ode
1180 3728 1234 3782 5.
1272 3728 1517 3784 Hirmus.

556 3818 633 3871 Da
672 3818 851 3883 nobis,
896 3817 999 3873 Fili
1027 3817 1144 3886 Dei,
1177 3834 1364 3890 pacem
1391 3828 1541 3874 tuam
1567 3833 1707 3873 :uon
1733 3818 1881 3874 enim
1921 3826 2077 3875 extra

487 3918 542 3965 te
596 3909 986 3980 cognoscimus
1039 3910 1211 3964 alium
1257 3910 1425 3964 Deum
1463 3926 1477 3962 :
1515 3910 1721 3980 quippe
1768 3908 1911 3966 Deus
1959 3914 2078 3982 ipse

486 4005 738 4057 vivorum
781 4010 1244 4072 mortuorumque
1276 4002 1523 4057 exsistis.

558 4094 660 4160 Qui
698 4094 774 4149 sis
806 4094 940 4160 vita,
984 4093 1216 4147 Domine
1251 4103 1306 4147 et
1366 4093 1458 4147 lux
1489 4108 1646 4158 vera,
1683 4093 1935 4149 vocando
1968 4093 2076 4148 La-

484 4202 699 4249 zarum,
760 4185 1165 4240 exsuscitasti:
1202 4194 1260 4239 ut
1314 4194 1513 4254 potens
1573 4186 1744 4253 enim,
1802 4184 1969 4241 Deum
2024 4196 2079 4242 te

487 4263 737 4332 rivorum
770 4286 824 4333 et
858 4289 1204 4332 mortuorum
1234 4275 1558 4333 exhibuisti.

555 4372 675 4426 Non
711 4370 925 4435 ferens,
969 4386 1000 4423 ο
1052 4369 1207 4435 Jesu,
1242 4366 1515 4437 infernus,
1548 4373 1906 4443 importabile
1942 4388 2079 4443 pra:-

419 4447 430 4455 .
486 4474 704 4535 ceptum
736 4477 930 4530 tuum;
975 4477 1295 4533 quanquam
1347 4472 1633 4536 receperat
1684 4466 1908 4531 nmllos,
1945 4482 2078 4520 cuna

488 4566 768 4612 stcruatus
795 4565 912 4620 est;
955 4557 1251 4626 vivumque
1300 4555 1570 4609 Lazarum
1605 4558 1671 4610 ad
1702 4559 1951 4627 primam
1986 4576 2076 4611 vo-

486 4662 607 4703 cem
642 4648 816 4712 tuam’,
843 4662 950 4699 nun
989 4656 1265 4700 mortuum
1296 4645 1466 4699 dedit‘.

555 4738 661 4804 Qui
695 4738 864 4792 verbo
888 4737 1016 4793 olim
1053 4738 1309 4807 spiritum
1344 4738 1584 4806 jungens
1623 4732 1861 4806 pulveri,
1897 4740 2073 4793 lutum

489 4829 684 4901 spiritu
717 4830 1080 4891 animaveras,
1134 4843 1167 4881 o
1200 4825 1440 4881 Verbum
1462 4828 1607 4890 vitae,
1654 4844 1799 4881 uuuc
1853 4846 2075 4899 qtmque

488 4922 675 4982 verbo.
752 4935 785 4975 e
844 4920 1201 4991 corruptione
1267 4918 1783 4988 subterraneisque,
1836 4921 2074 4975 amicum

488 5008 796 5066 suseitasti.

561 5098 804 5153 «Nullus
857 5108 965 5163 est,
1037 5096 1287 5162 Domine,
1323 5097 1414 5166 qui
1467 5105 1575 5150 tum
1632 5097 1898 5153 voluntati
1942 5095 2075 5152 resi-

486 5204 594 5249 stat
629 5203 695 5244 νε
739 5211 758 5243 ι
797 5190 981 5256 Quare
1035 5189 1126 5244 ubi
1189 5197 1468 5244 mortuum
1518 5177 1736 5245 lvocasti
1780 5190 2073 5254 Lazarum,

486 5302 610 5340 ium:
649 5284 742 5355 qui
775 5287 897 5338 sine
932 5283 1133 5352 spiritu
1191 5290 1334 5345 erat,
1384 5283 1731 5350 resurrexit;
1781 5282 2077 5353 ferensque

485 5379 702 5432 vincula
725 5416 740 5443 ,
771 5374 1003 5445 pedibus
1037 5374 1415 5444 gradiebantur.

555 5469 600 5524 0
621 5468 935 5523 Judaerum
971 5474 1306 5520 ameutatum
1335 5467 1347 5519 !
1375 5466 1418 5522 Ο
1453 5467 1693 5521 hostium
1723 5468 2071 5523 catcitatem!
2108 5502 2115 5510 ο

487 5560 624 5627 Quis
653 5559 787 5614 vidit
812 5566 1088 5612 mortuum
1120 5560 1471 5623 suscitatum_
1486 5560 1553 5615 de
1588 5560 1883 5631 sepulcro?
1923 5559 2071 5615 Elias

486 5656 616 5710 olim
646 5649 1009 5706 exsuscitavit
1033 5653 1277 5721 quidem,
1310 5653 1454 5707 haud
1486 5661 1670 5710 tamen
1709 5667 1740 5710 e
1791 5636 2073 5724 sepulcro,

489 5761 581 5804 aut
619 5745 1108 5816 quatriduanumx.

558 5874 581 5903 ν
615 5863 810 5919 Esther
839 5877 965 5927 xm,
992 5863 1045 5919 9.
1076 5875 1099 5902 ι
1177 5863 1245 5919 lli
1285 5868 1413 5933 [ira
1445 5873 1555 5919 xm
1609 5861 1704 5924 22.

2100 3219 2147 3281 C

2179 1982 2648 2055 ἐθαυματούργεις
2669 2003 2685 2018 ο
2717 1986 2784 2041 τά
2812 1986 2870 2041 δὲ
2897 1990 3257 2061 οἰκονομικῶς
3274 1992 3406 2062 ἧλου
3448 1993 3519 2055 ὼς
3545 1994 3707 2063 ἄνθρω·

2178 2092 2299 2138 πος.

2249 2168 2382 2232 Θεὸς
2401 2164 2451 2229 εἶ
2476 2169 2572 2223 καὶ
2592 2170 2905 2242 ἄνθρωπος,
2930 2170 3310 2243 ὲπαληθεύων,
3335 2175 3446 2236 τοῖς
3473 2173 3710 2245 πράγμασι

2178 2259 2244 2314 τά
2278 2261 2555 2332 ὀνόματαο
2608 2264 2846 2334 ἐπέστης
2897 2264 2976 2334 τῷ
3035 2267 3285 2335 μνήματι
3333 2265 3707 2339 σαρκὶὸΛόγος,

2179 2354 2271 2406 καὶ
2305 2356 2534 2426 ἤγειρας
2559 2355 2634 2419 ὼς
2660 2356 2794 2420 Θεὸς
2824 2356 2917 2410 τὸν
2948 2360 3352 2430 τετραήμερον.

2263 2447 2615 2518 Ἑξέστησαν,
2649 2449 2917 2515 Δέσποτα,
2962 2449 3229 2520 Ἐϐραίων
3281 2450 3468 2521 δῆμοι,
3496 2450 3567 2514 ὡς
3610 2446 3709 2503 εἶδον

2179 2539 2490 2592 ἀναστάντα
2539 2539 2733 2610 νεκρὸν
2761 2542 2825 2593 ἐκ
2868 2541 3043 2608 τάφου
3069 2540 3323 2612 Λάζαρον
3366 2542 3464 2594 σὺν
3498 2545 3560 2612 τῇ
3604 2544 3713 2611 φωνῇ

2181 2645 2296 2692 σου,
2331 2630 2427 2683 καὶ
2451 2630 2674 2702 ἔμειναν
2708 2630 2957 2694 ἀπειθεῖς
2983 2631 3093 2684 τῶν
3118 2630 3446 2701 θαυμασίων
3474 2650 3582 2685 σου.

2848 2822 2851 2825 ·
2878 2804 3057 2871 Δόξα.

2263 2897 2540 2970 Ἀνάρχως
2573 2896 2890 2969 ἐξέλαμψας
2946 2899 3011 2950 ὲκ
3064 2896 3158 2951 τοῦ
3194 2898 3413 2971 Πατρός
3445 2916 3554 2965 σου,
3577 2899 3639 2964 ὼς
3661 2893 3715 2962 εἷς

2175 2989 2275 3061 τῆς
2299 2990 2340 3041 Τ
2348 2988 2550 3060 ριάδος,
2583 2988 2770 3056 Σῶτερ
2788 3004 2802 3018 ο
2832 2988 2890 3040 ὲν
2917 2987 3119 3058 χρόνῳ,
3147 2987 3534 3058 ἐνςπνεύματι,
3563 2988 3719 3059 παρθε-

2177 3081 2344 3136 νικῶν
2376 3083 2440 3135 σὺ
2473 3080 2747 3151 προῆλθες
2777 3080 3046 3151 αἱμάτων,
3081 3079 3260 3149 σάρκα
3299 3079 3503 3147 λαϐὼν,
3532 3081 3560 3133 ὁ
3588 3080 3717 3151 ὑπερ-

2177 3172 2383 3236 ούσιος.
2994 3238 3005 3249 κ

2837 3261 2949 3317 Kal
2980 3262 3115 3317 νῦν.

2259 3355 2328 3410 Ἦ
2350 3355 2611 3426 σύλληψις
2661 3355 2904 3427 ἄσπορος
2936 3356 3035 3426 τῆς
3075 3355 3371 3410 Θεοτόκοω
3404 3358 3433 3411 ὁ
3458 3357 3604 3420 τόκος
3625 3357 3721 3410 ἄνευ

2177 3450 2385 3512 πάθους
2416 3449 2644 3520 φθορᾶς.
2692 3448 2826 3512 Θεὸς
2860 3449 2970 3520 γὰρ
3013 3448 3307 3518 ἀμφότερα
3348 3448 3721 3521 θαυματουργή-

2180 3556 2303 3604 σας,
2328 3540 2599 3595 ἐκένωσεν
2642 3539 2860 3605 ἑαυτὸν,
2895 3540 2982 3594 ἵνα
3011 3541 3143 3610 ἡμῖν
3175 3539 3381 3612 ὲνωθῇ.

2669 3723 2809 3794 ’ῼδὴ
2854 3730 2919 3778 ε’.
2964 3725 3016 3778 Ὁ
3046 3727 3286 3793 Ειρμός.

2250 3812 2365 3884 Τὴν
2396 3811 2494 3885 σὴν
2546 3815 2772 3886 εἰρήνην
2818 3815 2907 3879 δὸς
2954 3816 3105 3887 ἡμῖν,
3141 3817 3239 3869 Υἱὲ
3264 3815 3364 3870 τοῦ
3408 3816 3576 3870 Θεοῦ⁸
3604 3814 3724 3869 ἄλλον

2177 3905 2286 3977 γὰρ
2317 3906 2474 3969 ἐκτός
2512 3923 2628 3970 σου,
2656 3906 2790 3961 Θεὸν
2820 3909 2880 3961 οὐ
2915 3908 3285 3980 γινώσκομεν,
3331 3909 3415 3964 ὅτι
3452 3910 3579 3973 Θεὸς
3620 3908 3725 3972 ζών-

2177 4018 2287 4054 των
2330 4000 2423 4053 καὶ
2446 4001 2557 4053 τῶν
2580 4001 2798 4071 νεκρῶν
2829 4002 3121 4073 ὑπάρχεις.

2249 4094 2373 4164 Ζωὴ
2396 4095 2684 4165 ὑπάρχων,
2716 4092 2913 4167 Κύριε,
2947 4096 3041 4148 καὶ
3070 4095 3186 4165 φῶς
3208 4095 3508 4166 ἀληθινὶνί
3528 4095 3727 4162 Λάζαρον

2179 4187 2438 4256 φωνήσας
2483 4187 2793 4255 ἀνέστησας
2814 4201 2827 4217 °
2862 4186 2936 4249 ὡς
2962 4186 3186 4249 δυνατὸς
3221 4186 3331 4257 γάρ
3346 4178 3515 4242 πᾶσιν
3536 4183 3724 4248 ἔδειξας,

2176 4280 2261 4333 ὅτι
2281 4279 2412 4341 Θεὸς
2429 4272 2660 4342 ’ζώντων
2695 4279 2788 4331 καὶ
2818 4279 2926 4331 τῶν
2948 4278 3158 4349 νεκρῶν
3189 4279 3489 4349 ὑπάρχεις.

2249 4371 2361 4440 Τὴν
2400 4369 2667 4423 άστεκτόν
2717 4385 2811 4421 σου
2840 4367 3157 4439 πρόσταξιν,
3188 4369 3263 4439 μὴ
3307 4370 3518 4439 φέρων,
3567 4362 3724 4434 Ἰησοῦ,

2181 4460 2334 4533 ᾅδης,
2367 4460 2395 4511 ὀ
2422 4459 2657 4522 πολλοὺς
2686 4458 3004 4528 δεξάμενος,
3060 4456 3294 4525 ἔπτηξεο
3328 4458 3428 4510 καὶ
3456 4456 3729 4527 τεταρταῖον

2181 4554 2312 4607 ὄντα
2357 4552 2629 4624 Λάζαρον,
2681 4551 2778 4605 σὺν
2813 4553 2881 4621 τῇ
2920 4553 3071 4621 φωνῇ
3101 4548 3303 4619 ζῶντα,
3355 4551 3455 4605 καὶ
3483 4552 3541 4603 ού
3571 4547 3728 4617 νεκρὸν

2178 4646 2377 4702 ἐδίδου.

2249 4736 2355 4789 Τὸν
2384 4734 2515 4806 χοῦν
2565 4734 2808 4804 συνάψας
2860 4732 3158 4803 πνεύματι,
3190 4733 3218 4785 ὁ
3270 4734 3444 4787 πάλαι
3480 4733 3568 4784 τὸν
3596 4728 3730 4796 mihi

2178 4827 2452 4898 πνεύματι
2493 4826 2755 4897 ψυχώσας
2781 4867 2796 4890 ,
2833 4825 2979 4895 ζωῆς
3017 4825 3178 4893 Λόγε,
3210 4824 3355 4895 λόγῳ
3393 4843 3514 4887 σου,
3550 4824 3637 4875 καὶ
3664 4819 3732 4870 νῦν

2177 4920 2230 4973 δὲ
2260 4920 2404 4990 λόγῳ
2425 4918 2815 4989 ὲξανέστησας,
2851 4918 2914 4969 ἐκ
2944 4915 3045 4986 τῆς
3075 4915 3302 4988 φθορᾶς,
3329 4916 3511 4987 φίλον,
3541 4910 3732 4965 καὶτῶν

2178 5010 2575 5081 καταχθονίων.
3218 5010 3221 5057 ὲ

2255 5123 2273 5154 ι
2312 5102 2404 5173 Τῴ
2433 5102 2664 5172 νεύματί
2700 5118 2817 5164 σου,
2870 5100 3064 5171 Κύριε,
3117 5100 3459 5171 ἀνθέστηκεν
3501 5097 3681 5153 οὐδείς.
3717 5112 3730 5142 ι

2181 5198 2345 5249 Ὅθεν
2367 5198 2454 5250 ὅτε
2471 5195 2663 5265 νεκρὸν
2685 5192 2913 5262 ἐφώνεις
2933 5193 3024 5247 τὸν
3040 5193 3309 5264 Λάζαρον,
3333 5192 3498 5256 εὐθὺς
3518 5195 3544 5246 ὁ
3565 5192 3735 5248 ἄπνους

2178 5285 2525 5353 ἐξανίστατο,
2550 5283 2642 5339 καὶ
2663 5285 2732 5337 τά
2759 5282 2934 5354 δεσμὰ
2963 5282 3163 5353 φέρων,
3190 5285 3313 5337 ποσὶ
3346 5284 3681 5356 περιεπάτει.

2249 5459 2321 5516 'Q
2359 5461 2628 5517 Ἰουδαίων
2663 5459 2851 5513 ἄνοιαῑ
2881 5453 2952 5509 ’Ὦ
2977 5456 3231 5527 πώρωσις
3261 5456 3506 5526 ὲχθρῶνῐ
3536 5454 3615 5517 τίς
3648 5447 3733 5504 εἶδε

2180 5556 2376 5629 νεκρὸν
2401 5557 2464 5609 ἐκ
2490 5554 2662 5623 τάφου
2694 5550 3006 5622 ἐγείραντα.
3050 5549 3237 5611 Ἠλίας
3269 5549 3442 5601 πάλαι
3475 5546 3735 5613 ἐξανέστη·

2182 5665 2273 5705 σεν
2295 5666 2307 5678 ·
2336 5648 2452 5703 ἀλλ’
2486 5647 2586 5701 οὐκ
2613 5647 2678 5699 ἐκ
2713 5638 2998 5717 μνήματος
3021 5659 3034 5673 ·
3071 5640 3189 5696 ἀλλ’
3228 5640 3347 5695 οὐδὲ
3390 5641 3707 5713 τεταρταῖον.
