3934 6446
322 389 458 453 ῙἮῺ

1554 408 1801 468 CANON
1836 409 1916 469 ΙΝ
1953 412 2334 479 LAZARUM.

3448 431 3583 495 1394

399 502 734 608 Ἀνείκαστε,
767 508 1113 580 μακρέουμε,
1147 511 1174 563 6
1210 511 1390 567 πάντα
1422 514 1489 568 δι’
1516 517 1687 587 ἡμᾶς,
1729 518 1892 589 πράτ-

2075 524 2575 599 lucomparahilis,
2638 532 3131 610 longanimis,qui
3199 548 3425 611 propter
3483 556 3584 596 uos

311 609 420 644 των
457 592 533 656 ὡς
584 595 738 659 Θεὸς,
776 600 869 657 καὶ
928 601 1155 670 πάσχων
1185 602 1261 666 ὼς
1312 604 1632 675 ἄνθρωπος’
1684 610 1897 673 πάντας

316 686 577 755 μετόχους
599 688 745 757 ἡμᾶς
769 692 991 762 ποίησον
1013 695 1109 764 τῆς
1131 696 1229 766 σῆς
1254 697 1553 767 βασιλείας,
1576 702 1898 773 πρεσϐείαις

313 777 406 833 τοῦ
438 778 714 848 Λαζάρου.

1019 878 1196 943 Δόξα.

384 962 723 1036 Πρλὰναρχε,
780 968 1110 1039 συνάναρχε,
1162 973 1393 1044 ὁμότιμε
1446 977 1657 1048 Τριάς·
1717 978 1898 1048 Πάτερ

311 1055 716 1125 παντοκράτορ,
752 1058 867 1116 Υἱὲ.
911 1060 1136 1130 Πνεῦμα
1170 1062 1346 1130 ἆγιον,
1377 1066 1563 1129 Μόνας
1586 1067 1714 1134 ἁγία
1745 1086 1895 1138 τρισ-

309 1142 583 1198 υπόστατε
606 1162 618 1175 ⁸
675 1148 801 1212 τοὺς
822 1150 881 1216 ἐξ
910 1150 1034 1204 Ἀδὰ
1044 1169 1082 1222 μ
1104 1153 1268 1219 σῶζε,
1294 1156 1502 1220 πιστῶς
1521 1174 1580 1210 σε
1600 1158 1898 1228 ἁνυμνοῦν-

305 1250 427 1298 τας.

978 1343 1217 1397 Θεοτόκ.

378 1422 488 1492 Τὴν
528 1424 799 1495 ἄχραντον
829 1433 1075 1504 γαστέρα
1101 1444 1216 1493 σου.
1236 1436 1486 1506 ἡγίασεν,
1519 1437 1683 1506 ἁγνὴ,
1716 1439 1897 1507 σάρκα

304 1512 366 1579 ἐξ
389 1517 560 1586 αὐτῆς
590 1518 791 1584 λαϐὼν,
814 1524 842 1575 ὁ
863 1523 1150 1596 ὑπέρθεος,
1187 1528 1215 1579 6
1236 1530 1294 1581 ὲν
1325 1529 1520 1599 Τριάδι
1550 1530 1895 1601 προσκυνού-

307 1625 489 1674 μενος,
523 1612 550 1663 6
598 1613 664 1666 ἐκ
714 1616 931 1688 Πατρδς
983 1619 1174 1687 Λόγος,
1220 1621 1316 1675 καὶ
1370 1624 1468 1677 σὺν
1505 1623 1585 1696 τῷ
1616 1624 1897 1696 Πνεύματι

304 1700 460 1766 Θεός.

800 1801 936 1872 ᾭδῖι
971 1809 1045 1868 ς’.
1086 1803 1150 1857 Ὀ
1172 1804 1409 1875 Εἶρλιός.
1481 1776 1497 1792 β

1998 617 2207 680 omnia,
2260 628 2314 673 et
2338 623 2590 690 opereris
2622 636 2679 679 ut
2704 624 2868 689 Deus,
2900 638 2955 684 et
3000 632 3230 700 patiaris
3284 640 3343 686 ut
3374 632 3537 689 homo
3566 650 3580 685 :

1998 718 2191 763 omnes
2224 726 2323 765 nos
2350 715 2503 785 regni
2530 717 2607 771 tui
2633 717 2802 777 facito
2851 724 3151 794 participes
3176 724 3587 781 intercessioni-

1999 798 2103 855 bus
2121 798 2336 858 Lazari.

2685 903 2890 961 Gloria.

2070 984 2417 1052 Prmaztcrna,
2483 1001 2779 1061 eoat-terna,
2813 996 3003 1050 eodem
3036 996 3245 1052 honore
3288 995 3532 1053 Trinitas
3566 1015 3582 1060 ;

1999 1075 2163 1155 Pater
2208 1080 2583 1151 omnipotens,
2634 1083 2761 1148 Fili,
2816 1085 3056 1157 Spiritus
3118 1094 3345 1152 sancte,
3384 1087 3583 1143 Unitas

1999 1178 2189 1224 sancta
2231 1172 2375 1227 triue
2431 1175 2789 1245 subsistens;
2844 1179 2973 1237 Adae
3027 1180 3170 1235 ﬁlios
3210 1180 3385 1246 salva,
3416 1179 3507 1251 qui
3532 1186 3585 1234 to

1998 1263 2237 1319 canticis
2276 1266 2582 1322 celebrant.

2621 1360 2686 1415 In
2744 1360 2960 1416 Driuar.

2621 1380 2686 1415 ιη
2744 1380 2833 1414 Ut’i
2879 1380 2960 1416 ar.

2068 1425 2459 1482 lntemeratum
2486 1439 2637 1484 ιιιιιηι
2660 1380 2896 1493 ιιιιιιιιιίί,
2918 1450 2981 1488 ex
3005 1450 3071 1488 ΕΟ
3088 1449 3306 1489 carnem
3333 1447 3581 1495 sumens,

1997 1514 2386 1581 sanctiﬁcavit,
2454 1532 2488 1570 o
2548 1532 2726 1584 casta,
2791 1522 3178 1579 divinissimus
3222 1523 3464 1591 ille,qui
3530 1522 3584 1575 in

1998 1605 2290 1675 Trinitatc,
2346 1611 2488 1667 Deus
2545 1612 2785 1669 Verbum
2845 1633 2915 1671 ex
2979 1617 3159 1685 Patre,
3210 1632 3338 1673 cum
3377 1616 3584 1687 Spiritu

1995 1709 2211 1768 saneto,
2240 1702 2527 1760 adorator.

2553 1798 2666 1856 Ode
2703 1799 2756 1855 6.
2790 1804 3033 1857 Hirmus.

288 1920 297 1931 .
382 1905 400 1935 ι
423 1888 763 1961 ’Λπέῥριψάς
796 1910 863 1963 με
886 1897 967 1958 εἰς
991 1895 1132 1966 βάθη
1162 1898 1392 1967 καρδίας
1424 1899 1721 1973 θαλάσσης,
1755 1921 1773 1954 ι
1801 1905 1892 1958 καὶ

2074 1909 2094 1943 ι
2140 1889 2429 1961 Projeeisti
2462 1908 2547 1949 me
2584 1895 2639 1948 iu
2688 1894 3026 1965 profundum
3061 1894 3243 1951 cordis
3286 1893 3456 1949 maris
3480 1904 3530 1957 ι’,
3560 1912 3579 1946 ι

300 1978 516 2044 Euasit;
550 2001 638 2053 με,
675 1986 877 2059 Σῶτερ,
903 1988 1149 2054 δουλείας
1174 1990 1431 2060 θανάτου,
1462 1996 1559 2048 καὶ
1583 1995 1780 2061 ἔλυσας
1806 1997 1895 2050 τὸν

298 2071 500 2140 δεσμὸν
523 2076 633 2129 τῶν
664 2079 907 2149 ἀνομιῶν
964 2100 1092 2152 μου.

385 2164 707 2235 Ἦρ;ἷ›τησας
724 2170 826 2222 ito-3
855 2173 993 2241 εἰμι,
1012 2176 1039 2226 6
1069 2176 1249 2229 πάντα
1284 2177 1573 2245 γινώσκων
1596 2191 1614 2211 ’
1658 2179 1893 2251 ἐδάκρυ-

301 2256 401 2318 σάς
445 2274 534 2327 με,
566 2260 771 2333 Σῶτερ,
800 2262 876 2327 ὡς
908 2264 1200 2336 ἄνθρωπος
1234 2270 1417 2339 φύσει,
1454 2272 1548 2325 καὶ
1570 2272 1799 2343 ἦγειράς
1823 2293 1894 2346 με

297 2351 495 2419 νεκρὸν
534 2353 611 2422 τῷ
642 2357 1031 2425 προστάγματι
1062 2377 1178 2416 σου.

384 2438 703 2511 Ἐφώνησάς
740 2460 808 2513 με
871 2447 931 2512 ἐξ
979 2447 1128 2517 ᾆδον,
1164 2450 1368 2521 Σῶτερ,
1403 2455 1755 2510 κατωτάτου·
1789 2458 1891 2531 ϐοᾷ

295 2528 555 2622 Λάζαρος
604 2534 742 2604 πρὸς
787 2536 849 2590 σὲ
882 2536 974 2589 τὸν
1007 2538 1179 2613 λύτην
1202 2543 1299 2596 τοῦ
1343 2543 1473 2615 ᾅδου
1494 2563 1507 2579 ’
1537 2547 1631 2601 καὶ
1664 2528 1894 2622 ἤγειρας

293 2621 493 2689 νεκρὸν
521 2623 599 2694 τῷ
638 2628 1025 2699 προστάγματί
1064 2624 1181 2690 σου.

380 2714 670 2778 Ἐνέδυσάς
696 2735 786 2787 με,
806 2719 1089 2791 Σῶτερ,τὺ
1115 2725 1341 2795 πήλινον
1372 2728 1551 2800 σῶμα,
1582 2732 1676 2784 καὶ
1697 2731 1893 2785 ἔπνευ-

294 2806 399 2866 σάς
436 2823 525 2874 μοι
549 2806 714 2879 ζωὴν,
747 2814 841 2865 καὶ
875 2810 1014 2868 εἶδον
1046 2816 1108 2869 τὺ
1135 2820 1253 2887 φῶς
1280 2836 1405 2873 σου·
1438 2821 1536 2874 καὶ
1567 2823 1799 2894 ἧγειράς
1824 2842 1891 2895 με

293 2896 491 2966 νεκρὸν
522 2897 599 2967 τῷ
629 2904 1019 2974 προστάγματί
1056 2923 1176 2962 σου.

370 2986 692 3077 ξΕιξιύχωσας
716 2993 780 3046 σὺ
799 2994 897 3065 τὴν
919 2996 1125 3052 ἄπνουν
1158 3000 1374 3071 μορφὴν
1405 3003 1504 3073 τῆς
1535 3005 1739 3077 σαρκός
1763 3023 1889 3076 μουο

254 3086 267 3094 ·
299 3094 320 3126 ι
347 3076 721 3148 Συνέσφιγξάς
750 3100 818 3152 με
847 3086 1057 3151 ὀστέοις
1082 3091 1176 3143 καὶ
1206 3091 1450 3164 νεύροις·
1483 3113 1502 3146 ι
1536 3076 1631 3149 καὶ
1659 3094 1893 3169 ἤγειρας

296 3185 366 3238 με
397 3171 588 3240 νεκρὸν
641 3173 720 3243 τῷ
756 3178 1141 3248 προστάγματί
1169 3198 1286 3237 σου.

1998 1983 2360 2052 salvumque,
2384 1999 2418 2038 ο
2458 1984 2731 2051 Salvator,
2776 2001 2805 2040 a
2836 1987 3036 2042 mortis
3076 1986 3341 2041 servitute
3380 1984 3587 2053 fecisti,

1996 2090 2061 2129 ac
2092 2075 2439 2145 impietatum
2476 2091 2722 2132 mearum
2752 2078 2973 2134 vinculo
2998 2079 3313 2135 absolvisti.

2066 2170 2424 2223 Percontatus
2450 2184 2510 2225 es
2543 2170 2634 2226 ubi
2674 2186 2876 2235 essem,
2905 2173 2997 2242 qui
3030 2174 3177 2228 nosti
3203 2174 3386 2229 omnia
3429 2188 3442 2224 :
3476 2187 3583 2236 me,

1997 2260 2272 2319 Salvator.
2298 2261 2451 2316 velut
2507 2261 2671 2316 homo
2726 2270 2946 2325 natura,
2985 2264 3253 2336 lacrymis
3291 2281 3352 2321 es
3388 2278 3584 2337 prose-

1994 2361 2196 2418 cutus;
2239 2359 2447 2423 tuoque
2471 2362 2742 2409 mortuum
2770 2348 3384 2428 suscitastiprrecepto.

2067 2446 2172 2511 Me,
2200 2446 2475 2516 Salvator,
2539 2448 2771 2517 vocasti,
2813 2465 2879 2505 ex
2926 2452 3040 2506 imo
3088 2451 3343 2516 inferno,
3381 2451 3585 2506 clamat

1996 2540 2063 2595 ad
2092 2550 2144 2595 te
2169 2539 2413 2596 Lazarus
2454 2540 2656 2596 inferni
2676 2542 3062 2610 liberatorem;
3092 2558 3156 2599 ac
3187 2558 3275 2598 me
3305 2552 3583 2597 mortuum

1995 2643 2093 2690 tuo
2124 2634 2409 2689 suscitasti
2442 2641 2743 2705 praecepto.

2066 2725 2175 2791 Me,
2208 2723 2486 2791 Salvator,
2527 2742 2731 2797 corpus
2777 2726 2845 2782 de
2884 2727 3001 2782 luto
3029 2725 3282 2792 induisti,
3324 2733 3379 2781 et
3408 2724 3585 2795 iuSpi—

1995 2816 2128 2872 rasti
2154 2816 2209 2870 in
2240 2832 2326 2872 me
2350 2817 2541 2881 vitam,
2580 2796 2804 2888 vidique
2826 2817 3011 2873 lumen
3036 2823 3188 2872 tuum
3216 2835 3228 2873 :
3255 2830 3320 2872 ac
3375 2826 3468 2871 tuo
3499 2829 3586 2871 me
3646 2796 3659 2809 ’

1994 2917 2267 2962 mortuum
2301 2909 2584 2964 suscitasti
2616 2917 2911 2980 prmcepto.

2031 2997 2148 3068 ‘Tu
2183 3015 2360 3054 meam
2404 3000 2523 3055 sine
2564 3002 2758 3071 spiritu
2790 3017 3014 3056 carnem
3078 3000 3340 3055 animasti
3374 3016 3388 3053 :
3430 3019 3449 3050 ι
3484 2995 3587 3055 Os-

1995 3089 2264 3159 sibusque
2299 3097 2352 3145 et
2394 3091 2581 3147 nervis
2616 3093 2940 3163 compegisti
2982 3107 3066 3147 me
3098 3102 3152 3161 ll;
3192 3110 3210 3143 ι
3253 3106 3317 3145 ac
3370 3100 3463 3148 tuo
3497 3106 3584 3145 nte

1993 3194 2273 3236 mortuum
2303 3182 2590 3239 suscitasti
2630 3192 2924 3255 praecepto.

370 3261 483 3354 Τὴν
513 3240 813 3335 παμφάγον
832 3240 1137 3343 διαρρίγξας
1162 3276 1412 3348 γαστέρα
1433 3278 1527 3332 τοῦ
1549 3279 1699 3351 ᾅδου,
1727 3281 1891 3354 ἐξήρ-

2068 3273 2333 3345 Dirupisti
2363 3276 2611 3331 omnium
2639 3277 2863 3331 edacem
2908 3276 3111 3332 inferni
3148 3286 3365 3332 uterum
3411 3291 3425 3329 :
3458 3289 3583 3341 me,

295 3352 480 3415 πασὰς
511 3371 600 3422 με,
632 3356 839 3428 Σῶτερ,
870 3363 935 3432 τῇ
969 3366 1034 3434 σῇ
1072 3364 1384 3439 δυναστείᾳ,
1426 3370 1522 3423 καὶ
1557 3371 1787 3443 ἤγειρας
1814 3352 1889 3445 με

291 3445 512 3513 νεκρὸν,
540 3447 613 3517 τῷ
650 3453 1037 3522 προστάγματί
1079 3473 1196 3512 σου.

384 3538 685 3608 Ἐςςόρεσάς
719 3562 844 3613 μου,
882 3547 1087 3620 Σῶτερ,
1133 3551 1194 3604 τὸ
1230 3552 1464 3624 φΰραμα
1503 3556 1658 3611 ὅλονο
1690 3559 1892 3629 ἐφύλα-

293 3626 395 3693 ξας
418 3630 473 3683 δὲ
506 3633 810 3725 ἁγνὴνγτὴν
843 3638 1117 3710 ἄχραντον
1155 3646 1389 3717 μήτραν,
1428 3648 1487 3714 ἐξ
1525 3645 1593 3722 ἦς
1621 3626 1893 3725 προῆλθες

292 3724 628 3793 σαρκωθεὶς,
653 3724 735 3792 εἷς
766 3729 841 3783 ὣν
863 3735 962 3803 τῆς
992 3736 1246 3804 Τριάδος.

1004 3829 1182 3893 Δόξα.

372 3909 544 3982 Τριὰς
569 3914 723 3983 ἁγία,
744 3914 954 3984 δοξάζω
978 3920 1076 3990 τὴν
1093 3920 1192 3992 σὴν
1215 3922 1645 3995 εὖσπλαγχνίαν,
1674 3930 1769 3983 καὶ
1796 3931 1893 3985 σὺν

294 4003 558 4070 ἀγγέλοις
604 4008 759 4078 ὑμνῶ
813 4010 904 4063 τὸν
940 4013 1149 4083 Τρισὰγ
1163 4032 1241 4069 ιον
1277 4014 1481 4087 ὕμνονο
1533 4018 1759 4092 ἐλέησον
1792 4024 1893 4090 τὰς

290 4092 476 4164 ψυχὰς
508 4096 687 4167 ὑμῶν,
719 4100 829 4155 τῶν
852 4119 912 4155 σε
933 4105 1338 4175 ἀνυμνούντων.

975 4195 1213 4251 Θεοτόκ.

373 4275 483 4371 Τῂν
514 4279 784 4350 ἄχριντόν
815 4300 908 4337 σου
944 4288 1127 4357 νηδὺν,
1160 4289 1329 4345 ὑπέδυ
1358 4292 1387 4345 6
1420 4293 1591 4363 Λόγος
1615 4312 1630 4327 ⁶
1655 4298 1892 4371 ἐτήρησε

290 4369 354 4467 ﬁt
374 4367 539 4467 αὖθις
567 4375 707 4442 μετὰ
737 4377 1012 4448 γέννησιν,
1036 4382 1243 4454 ταύτην
1271 4385 1463 4459 ἁγνὴν,
1498 4367 1890 4467 Θεογεννῆτορ,

292 4459 484 4532 θαῦμα
514 4463 683 4530 ὅντως
715 4470 1037 4539 παράδοξον,

796 4558 935 4630 ’ῼδὴ
966 4559 1029 4621 ξ.
1072 4564 1136 4617 Ὀ
1164 4567 1403 4636 Είρμός.

377 4662 396 4694 ι
435 4645 573 4709 Τοὺς
606 4646 666 4700 ἐν
705 4651 923 4722 καμίνῳ
952 4654 1147 4718 παῖδάς
1180 4672 1297 4723 σου,
1330 4657 1536 4730 Σῶτερ,
1566 4662 1663 4734 οὐχ
1692 4664 1892 4735 ἥψατο,

288 4736 422 4789 εἰδὲ
467 4742 867 4812 παρηνώχλησε
897 4745 957 4797 τὸ
988 4746 1135 4818 πῦρο
1164 4749 1287 4803 τότε
1326 4753 1375 4804 οἱ
1406 4757 1558 4823 τρεῖς
1580 4756 1655 4819 ὡς
1688 4758 1747 4824 ἐξ
1774 4758 1893 4822 ἐνὸς

294 4831 595 4900 στόματος,
633 4834 834 4905 ὕμνουν
869 4837 963 4889 καὶ
997 4838 1277 4907 εὐλόγουν,
1311 4841 1564 4912 λέγοντες
1589 4862 1602 4875 ·
1648 4846 1892 4920 Εὐλογη-

288 4922 388 4986 τὸς
407 4924 435 4975 6
468 4925 599 4989 Θεὸς
625 4928 652 4979 6
677 4927 785 4980 τῶν
820 4929 1073 5001 πατέρων
1101 4933 1283 5003 ἡμῶν.
1324 4954 1343 4987 ι

383 5100 508 5152 Ἐπὶ
561 5103 739 5173 νεκρῷ
776 5105 1102 5177 ἐδάκρυσας,
1141 5110 1328 5185 Σῶτερ
1374 5114 1748 5189 φιλάνθρωπε,
1801 5120 1888 5174 ἵνα

293 5191 480 5264 δείξῃς
510 5196 646 5247 πᾶσι
680 5200 793 5259 τοῖς
822 5198 994 5264 λαοῖς,
1023 5201 1104 5254 ὅτι
1128 5202 1261 5258 Θεὸς
1294 5203 1390 5271 ὢν,
1410 5206 1476 5261 δι’
1505 5209 1653 5278 ἡμᾶς
1676 5210 1890 5283 ἄνθρω·

296 5301 404 5346 πος
436 5284 647 5356 ὤφθης.
681 5291 790 5343 Καὶ
818 5292 959 5346 ἑκὼν
992 5293 1322 5366 ἐδάκρυσας,
1356 5297 1561 5363 τύπους
1594 5302 1727 5371 ἡμῖν
1756 5299 1892 5374 προσ

294 5378 473 5443 τιθεὶς
502 5383 810 5438 ἐνδιαθέτου
844 5389 1103 5459 στοργῆς.

385 5563 445 5617 Ὃ
479 5569 801 5638 τεταρταῖος
827 5568 1096 5640 Λάζαρος,
1143 5573 1349 5642 Σῶτερ,
1385 5574 1461 5638 ὡς
1510 5576 1711 5646 ἤκουσε
1738 5578 1891 5634 κάτω

295 5655 406 5725 τῆς
433 5660 617 5729 φωνῆς
646 5676 761 5726 σου,
785 5661 1022 5725 ἀναστὰς
1044 5662 1325 5736 ἀνύμνησέ
1352 5683 1411 5719 σε
1429 5683 1442 5697 ο
1479 5668 1574 5720 καὶ
1611 5669 1884 5739 γεγηθὼς,

1043 5856 1069 5895 3’
1102 5846 1271 5903 lunai.
1309 5864 1364 5912 ιι,
1411 5849 1452 5903 i.
1535 5860 1553 5885 ⁷
1588 5848 1688 5905 Job
1714 5868 1765 5917 Χ,
1802 5852 1881 5906 ll.

1994 3365 2268 3427 Salvator.
2307 3367 2554 3422 liberasti
2590 3379 2682 3423 tua
2735 3368 3013 3440 potentia;
3062 3383 3129 3424 ac
3166 3376 3444 3439 mortuum
3488 3376 3586 3433 tuo

1992 3456 2275 3511 suseitasti
2305 3466 2604 3527 praecepto.

2063 3545 2257 3602 Totam
2291 3564 2464 3603 meam
2513 3564 2780 3615 massam,
2808 3566 2839 3607 ο
2876 3550 3152 3615 Salvator,
3179 3549 3412 3621 portasti
3440 3568 3456 3605 :
3486 3561 3584 3605 ca-

1992 3647 2247 3710 stamque
2298 3643 2533 3697 servasti
2593 3644 2813 3697 vulvam
2869 3644 3272 3707 intemeratam,
3326 3646 3394 3700 e'x
3446 3657 3582 3715 qua,

1993 3748 2136 3788 unus
2160 3732 2227 3789 de
2258 3732 2528 3789 Trinitate
2556 3734 2855 3799 exsistens,
2888 3735 3236 3806 processisti.

2672 3825 2881 3880 Gloria.

2064 3919 2264 3987 Tuam,
2305 3919 2554 3977 Trinitas
2587 3921 3085 3992 sancla,gloriiico,
3115 3919 3583 3986 misericordiam,

1993 4024 2199 4071 etcum
2230 4014 2445 4084 angelis
2483 4012 2809 4083 Trisagium
2858 4014 3121 4086 hymnum
3145 4013 3381 4070 decanto
3420 4014 3585 4069 :lau-

1993 4107 2242 4164 dantium
2272 4113 2327 4163 te
2358 4107 2673 4162 animarum
2708 4108 2999 4163 miserere.

2635 4197 2701 4259 In
2744 4197 2963 4273 Πείραι’.

2065 4291 2248 4347 Subiit
2314 4289 2560 4349 Verbum
2635 4298 2791 4345 tuum
2859 4292 3250 4346 intemeratum
3306 4297 3584 4355 uterum;

1993 4384 2365 4452 eumdemque
2395 4397 2617 4445 rursus,
2662 4391 2958 4452 postquam
2992 4381 3094 4436 fuit
3125 4392 3312 4445 uatus,
3344 4381 3441 4436 Dei
3474 4380 3585 4441 Ge-

1994 4474 2188 4541 nitrix,
2230 4489 2344 4528 rem
2377 4473 2538 4544 plane
2566 4472 2917 4535 mirandam!
2952 4474 3197 4528 servavit
3226 4482 3467 4529 castum.

1918 4586 1972 4646 ι)
2554 4564 2664 4621 Ode
2690 4567 2746 4619 7.
2785 4567 3030 4624 (ﬁrmus.

2070 4681 2088 4713 ι
2136 4660 2346 4716 Pueros
2401 4667 2526 4714 tuos
2574 4659 2799 4728 positos,
2829 4658 2885 4713 in
2936 4657 3184 4723 fornace,
3228 4675 3260 4713 ο
3306 4659 3585 4724 Salvator,

1990 4769 2101 4807 non
2138 4752 2316 4821 tetigit
2345 4750 2514 4821 ignis,
2552 4764 2655 4805 nec
2689 4749 2771 4805 eis
2804 4749 3014 4820 aliquid
3051 4751 3321 4806 molestia:
3371 4752 3581 4811 attulit.

1991 4844 2147 4903 Tune
2181 4845 2233 4899 hi
2267 4853 2378 4899 tres
2409 4844 2570 4914 quasi
2604 4859 2671 4897 ex
2696 4857 2808 4897 uno
2854 4858 2952 4897 ore
2983 4842 3282 4899 laudabant
3322 4851 3377 4898 et
3419 4843 3588 4898 bene-

1991 4937 2270 5001 dicebant,
2303 4936 2556 4991 dicentes
2592 4933 2976 5018 :Denedictus
3016 4933 3165 4990 Deus
3218 4942 3439 5010 patrum
3484 4949 3585 4988 uo-

1998 5038 2239 5087 strorum
2279 5042 2326 5083 ιι.
2361 5049 2381 5083 ι

2065 5122 2289 5180 Flevisti
2343 5138 2510 5194 super
2551 5131 2849 5188 mortuum,
2909 5122 3233 5177 misericors
3284 5122 3582 5187 Salvator,

1997 5230 2106 5285 quo
2149 5213 2367 5285 populis
2413 5214 2695 5279 omnibus,
2736 5222 2788 5268 te
2836 5212 3009 5268 nostri
3046 5228 3236 5277 causa,
3271 5228 3397 5268 cum
3437 5212 3583 5275 Deus

1997 5318 2173 5367 esses,
2219 5301 2427 5355 factum
2470 5301 2752 5357 hominem
2783 5301 3135 5358 ostenderes.
3159 5302 3237 5356 Ac
3270 5311 3468 5372 sponte
3504 5304 3584 5356 Ia-

1998 5401 2280 5465 crymatus
2309 5408 2389 5457 es,
2421 5392 2658 5451 formam
2686 5392 2851 5448 nobis
2904 5393 3056 5448 velut
3095 5408 3124 5447 a
3162 5402 3355 5448 natura
3396 5394 3581 5458 inditi,

2001 5487 2322 5558 paternique
2343 5483 2547 5541 amoris
2574 5500 2914 5555 proponens.

2069 5577 2487 5645 Quatriduanus
2510 5575 2782 5640 Lazarus,
2843 5585 2901 5630 ut
2924 5586 3075 5631 tuam
3113 5575 3348 5644 inferne,
3388 5576 3581 5643 Salva-

2001 5679 2106 5735 tor,
2132 5683 2319 5724 voccm
2349 5668 2575 5735 audivit,
2598 5666 3129 5725 excitatuslaudavit
3153 5677 3204 5723 te
3226 5686 3241 5736 ;
3267 5669 3579 5741 gaudioque

1968 5864 1991 5890 α
2023 5849 2158 5907 Dan.
2201 5863 2279 5914 tu,
2305 5852 2401 5909 “26'.
