3934 6468
466 394 607 464 1395
1043 415 1045 417 ‘
1660 400 1722 463 S.
1748 400 2081 461 ANDREZE
2122 400 2545 464 CRETENSIS
3508 440 3517 443 “
3577 410 3682 481 1396

463 505 755 562 exsultans
787 505 842 560 in
877 505 1024 561 hunc
1080 505 1316 560 moilum‘
1347 503 1620 561 clamabat
1651 520 1665 556 :
1707 503 1788 560 Tu
1827 504 1970 562 Deus
1996 521 2016 562 ε

2152 506 2326 572 οὕτως
2359 510 2522 563 ὲὸόαο
2556 511 2629 564 Σὺ
2663 510 2796 576 Θεὸς
2822 510 2917 565 καὶ
2955 514 3204 586 Κτίστης
3234 533 3335 587 μου
3357 531 3371 547 ⁸
3413 518 3467 572 δὲ
3494 536 3689 594 προσκυ-

460 594 690 652 Creator
706 612 889 665 meus;
915 606 967 653 te
983 597 1153 653 adoro
1177 612 1241 653 ac
1266 597 1428 653 laudo
1450 598 1541 667 qui
1561 597 1909 653 resuscitasti
1934 613 2013 653 me

1669 597 1909 653 iscitasti
1934 613 2041 653 me.
2148 601 2224 655 νῶ
2258 602 2351 655 καὶ
2382 602 2560 673 ὑμνῶ,
2585 602 2678 657 τὸν
2714 604 3102 678 ἀναστήσαντά
3135 623 3222 677 με.

532 685 858 757 Quanquam
879 703 1000 743 sum
1044 688 1281 744 vinculis
1316 687 1601 755 astrictus,
1627 702 1660 742 ο
1691 686 2043 757 Redemptor,

2218 694 2281 748 Εί
2301 695 2397 749 καὶ
2415 696 2593 766 δεσμὰ
2615 696 2960 768 περίκειμαι,
2989 700 3018 752 ὀ
3036 698 3288 770 Λάζαρος
3319 700 3552 756 κάτωθεν
3568 705 3691 775 ξειη,

464 777 981 849 clamabatinl‘crne
1019 778 1304 847 Lazarus,
1377 779 1801 850 haudquaquam
1859 785 2017 834 tamet

2146 782 2435 853 Λυτρωτὰ,
2458 785 2577 839 ἀλλ’
2599 786 2854 858 οὐδαμῶς
2881 789 2940 841 ὲν
2969 791 3037 859 τῇ
3061 789 3262 871 γαστρὶ
3287 791 3433 859 μενῶ
3457 792 3545 845 τοῦ
3569 793 3692 865 ᾆδον,

464 884 724 925 mansero
752 870 804 925 in
836 878 1029 926 ventre
1060 872 1282 937 inferni,
1317 872 1478 929 modo
1533 880 1747 927 tantum
1784 871 2017 926 inclama

2148 874 2245 928 ἐὰν
2298 875 2460 947 μόνον
2500 876 2712 950 κράξῃς
2765 894 2870 949 με·
2913 897 2933 931 ι
2974 870 3229 951 Λάζαρε,
3249 878 3412 951 δεῦρο
3442 880 3559 949 ἔξω.
3590 903 3607 936 ι
3638 886 3695 942 Σὺ

463 966 611 1022 veris
656 982 669 1019 :
713 984 732 1018 ι
795 965 1041 1033 Lazare,
1103 970 1231 1024 veni
1281 967 1433 1026 foras
1478 985 1502 1034 ,ι
1546 986 1566 1022 ι
1608 968 1812 1039 quippe
1863 969 2016 1022 lumel

1281 967 1433 1026 foras
1478 985 1502 1034 ,ι
1546 986 1566 1022 ι
1608 968 1812 1039 quippe
1863 969 2047 1023 lumen
2147 966 2258 1038 γάρ
2284 984 2389 1038 μου
2413 967 2530 1038 φῶς
2557 970 2653 1022 καὶ
2683 970 2819 1040 ζωή.

463 1072 645 1112 meum
683 1066 847 1129 atque
872 1060 984 1113 vita
1018 1075 1100 1117 es.
1846 1048 1865 1059 ’

532 1147 692 1222 Rogo
742 1162 813 1217 te,
870 1153 1074 1224 inquit,
1131 1151 1385 1211 Lazare:
1419 1165 1686 1224 resurge;
1720 1151 1809 1207 exi
1861 1152 1976 1207 cito
2017 1165 2050 1205 a

2223 1144 2539 1215 Παρακαλῶ
2581 1162 2664 1212 σε,
2701 1145 2945 1218 Λάζαρε,
2979 1148 3179 1219 φησίν·
3232 1147 3702 1220 ἀνάστηθι-ἔξελθε

464 1244 602 1297 meis
653 1243 911 1300 claustris
958 1262 974 1298 :
1023 1244 1111 1299 abi
1163 1259 1295 1315 ergo
1339 1260 1354 1296 :
1400 1241 1637 1299 Praestat
1690 1250 1749 1297 ut
1805 1242 2017 1297 ahlatur

2152 1238 2259 1292 τῶν
2290 1238 2560 1311 κλείθρων
2591 1258 2695 1311 μου
2720 1232 2884 1313 ταχιῗ.
2917 1241 3108 1296 Ἄπιθι
3131 1238 3227 1297 οὖν
3250 1258 3267 1273 °
3301 1242 3466 1298 καλὸν
3502 1261 3585 1315 μοι
3618 1247 3705 1317 γὰρ

465 1347 658 1399 unum,
688 1350 852 1403 quam
901 1344 962 1389 ut
1023 1348 1221 1391 omnes
1250 1349 1391 1405 quos
1420 1334 1552 1392 olim
1583 1332 1836 1391 esuriens
1859 1333 2018 1388 ahsor

2154 1328 2249 1382 Eva
2277 1328 2548 1401 θρηνῆσαι
2601 1331 2815 1401 πικρῶς
2842 1331 3276 1404 ἀφαιρούμενον,
3331 1333 3484 1403 παρὰ
3530 1333 3707 1399 πάντας

464 1423 582 1486 hui,
609 1439 802 1479 amare
832 1425 1014 1480 lleam.

2152 1419 2246 1488 οὒς
2272 1423 2403 1494 πρὶν
2431 1423 2637 1477 πεινῶν
2663 1424 2949 1480 κατέπιον.

535 1515 679 1582 Quid
717 1531 866 1583 vero,
900 1516 1107 1587 inquit,
1147 1517 1381 1584 Lazare,
1429 1530 1613 1572 moras
1644 1512 1864 1571 nectis?
1895 1511 2052 1568 Ami-

2222 1516 2332 1569 Καὶ
2358 1510 2411 1569 τί
2445 1515 2755 1587 βραδύνεις,
2808 1517 3053 1590 Λάζαρε,
3098 1519 3302 1588 φησιν’
3335 1521 3387 1572 ὁ·
3412 1519 3560 1588 φίλος
3616 1539 3704 1583 σου.

464 1621 564 1663 cus
599 1607 845 1663 clamat:
884 1625 906 1662 ι
949 1607 1084 1664 Veni
1120 1608 1289 1666 foras.
1321 1627 1344 1662 ι
1382 1607 1627 1679 Surgens
1672 1621 1804 1678 ergo
1845 1605 1955 1671 exi,
1992 1619 2017 1659 υ

2160 1625 2180 1659 ι
2214 1606 2386 1678 Δεῦρο
2413 1606 2520 1674 ἔξω
2543 1627 2561 1662 ι
2587 1609 2782 1681 κράζει
2802 1626 2818 1641 ο
2837 1610 3087 1681 ἑστηκὼς
3115 1610 3303 1676 ἔξελθε
3333 1606 3448 1675 οὖν,
3483 1613 3566 1666 ἵνα
3587 1614 3704 1682 κάγὼ

465 1704 521 1752 et
549 1713 651 1769 ego
686 1700 1072 1756 remissionem
1115 1700 1345 1756 habeam
1381 1717 1395 1754 :
1428 1717 1496 1756 ex
1548 1715 1660 1772 quo
1696 1700 1842 1756 enim
1867 1706 1922 1757 te
1957 1712 2018 1755 cu

2154 1699 2338 1754 ἄνεσιν
2393 1698 2578 1754 λάϐω·
2626 1701 2721 1771 ἀφ’
2748 1694 2811 1755 οῦ
2838 1701 2948 1772 γάρ
2983 1719 3042 1757 σε
3094 1702 3323 1773 ἔφαγον,
3358 1705 3439 1767 είς
3488 1703 3701 1778 ἔμετονή

466 1787 637 1853 medi,
666 1788 802 1844 mihi
822 1804 951 1845 esca
979 1790 1032 1844 in
1053 1790 1322 1846 vomitum
1360 1806 1517 1847 versa
1551 1800 1658 1847 est.

1360 1806 1517 1847 versa
1551 1800 1658 1847 est.
2092 1866 2095 1867 ν
2155 1793 2332 1865 τροφὴ
2361 1793 2732 1865 ἀντικατέστη
2768 1813 2880 1867 μοι.

537 1880 651 1935 Cur
679 1895 791 1938 non
811 1883 922 1938 cito
937 1883 1461 1954 exsurgis,Lazare,
1488 1883 1762 1939 clamabat
1786 1881 1855 1938 ab
1884 1881 2053 1939 infer-
2083 1867 2090 1923 J

2228 1887 2294 1942 Ti
2321 1888 2424 1942 οὐκ
2445 1887 2657 1961 ἐγείρῃ,
2684 1866 2926 1961 Λάζαρε,
2960 1890 3127 1960 ταχύς
3153 1889 3430 1962 άνέκραζε
3449 1889 3701 1944 κάτωθενὸ

467 1975 557 2030 nis
598 1975 794 2043 lugens
822 1976 1112 2044 infernus;
1147 1992 1247 2033 cur
1275 1992 1384 2033 non
1423 1977 1552 2032 hinc
1585 1976 1771 2033 statim
1806 1976 2020 2032 exsusci

2158 1980 2295 2053 ᾅδης
2341 1979 2633 2053 θρηνωδῶν
2674 1996 2687 2011 ·
2727 1980 2782 2034 τί
2810 1980 2914 2035 οὐκ
2944 1981 3110 2047 εὐθὺς
3144 1981 3476 2048 ἐξαναστὰς,
3533 1986 3702 2052 τρέχεις

468 2077 613 2124 tatus
641 2070 841 2137 curris,
876 2078 935 2124 ut
964 2085 1033 2126 ne
1063 2078 1121 2127 et
1153 2071 1313 2140 alios,
1344 2078 1400 2129 te
1417 2072 1758 2129 resuscitans
1776 2069 2021 2129 Christus

2156 2070 2267 2125 τῶν
2301 2064 2427 2135 ὧδε,
2455 2070 2544 2125 ἵνα
2577 2070 2652 2143 μὴ
2702 2071 2800 2125 καὶ
2841 2070 3040 2135 ἄλλους
3068 2088 3166 2144 μοι,
3200 2070 3582 2141 αἰχμαλωτίση
3603 2072 3701 2142 X9:-

468 2162 601 2216 rnihi
633 2162 849 2219 auferat
871 2164 1154 2235 captivos?
1704 2224 1705 2227 η

1704 2224 1705 2227 η
2160 2165 2307 2229 στος,
2339 2163 2718 2234 ἐξαναστήσας
2744 2180 2826 2230 σε;

537 2252 735 2321 Fuisti,
791 2256 1011 2312 Christe
1071 2256 1320 2324 Domine,
1378 2257 1607 2314 habitus
1675 2256 2052 2323 admirationi,

2241 2253 2729 2327 Ἐθαυμαστώθης,
2790 2255 3040 2310 Δέσποτα
3097 2255 3332 2328 Χριστὲ,
3374 2252 3581 2319 ἐξαίσια
3619 2252 3700 2306 τότι

466 2348 657 2403 multis
676 2348 726 2403 id
759 2350 1025 2420 temporis
1062 2350 1381 2421 insignibus
1428 2350 1494 2405 ad
1529 2350 1856 2406 miraculum
1882 2359 2019 2421 patr:

2158 2344 2541 2417 ἐργασάμενος
2594 2345 2772 2400 πολλά
2796 2361 2811 2377 ·
2861 2346 2977 2416 φῶς
3006 2347 3118 2419 γάρ
3169 2346 3435 2416 τυφλοίςσ
3463 2345 3641 2412 κωφῶν
3665 2343 3699 2395 ἃ

466 2439 536 2493 tis
568 2457 582 2493 :
614 2439 817 2510 quippe
849 2439 1143 2496 reddidisti
1176 2445 1361 2496 lumen
1412 2441 1616 2508 cazcis;
1649 2441 2019 2511 surdorumqu

2159 2435 2276 2495 ὦτα
2317 2437 2537 2512 ἧνοιξας
2586 2437 2753 2510 λόγῳ,
2789 2439 2885 2493 καὶ
2914 2439 3008 2493 τὸν
3062 2439 3217 2508 φίλον
3248 2438 3527 2509 Λάζαρον,
3552 2438 3610 2489 ὲκ
3627 2434 3696 2488 τῶι

466 2546 631 2587 aures
660 2547 916 2587 sermone
941 2532 1227 2603 aperuisti,
1266 2547 1330 2588 ac
1363 2533 1604 2589 amicum
1648 2530 1943 2601 Lazarum,
1975 2532 2019 2589 di

1696 2548 1943 2601 azaruin,
1975 2532 2057 2589 di-
2160 2530 2395 2603 νεκρῶν,
2421 2530 2497 2595 ὡς
2527 2528 2682 2596 Θεὸς,
2712 2530 2970 2601 φωνήσας
2997 2529 3249 2601 ἤγειρας.

364 2628 374 2638 ’
466 2626 596 2678 vina
626 2640 831 2681 vocans
856 2627 1208 2687 auctoritate.
1241 2641 1271 2680 a
1306 2626 1539 2683 mortuis
1561 2624 1875 2683 suscitasti.

1157 2714 1367 2773 Gloria.

2848 2705 3027 2771 Δόξα.
3046 2702 3058 2712 ’

1157 2714 1367 2773 Gloria.

539 2804 830 2863 Trinitatis
885 2807 1200 2863 cantionem
1249 2823 1594 2879 premamus,
1642 2805 2053 2879 glorificantes,

2848 2708 2928 2759 Δό
2967 2705 3056 2760 αξ

2234 2802 2535 2875 Τριαδικὴν
2566 2802 2906 2874 ὐμνήσωμεν
2929 2705 3108 2873 1ῗρδὴν,
3151 2800 3478 2867 δοξάζοντες
3520 2799 3700 2870 ἄναρχον

467 2909 736 2954 :etcrnum
782 2898 1024 2964 Patrem,
1046 2899 1378 2971 Filiumque,
1401 2911 1455 2956 et
1489 2899 1756 2971 Spiritum
1804 2907 2015 2955 rectum

2162 2897 2406 2969 Πατέρα,
2430 2899 2526 2952 καὶ
2553 2896 2700 2962 Υίὸν,
2733 2897 2828 2951 καὶ
2850 2898 3075 2967 Πνεῦμα
3095 2896 3275 2960 εὐθὲς,
3309 2893 3589 2965 μοναδικίψ
3611 2893 3700 2963 μίαν

468 2994 643 3048 solam
707 3007 868 3047 unam
948 2992 1362 3060 substantiam,
1419 3007 1484 3048 ac
1542 2992 1686 3048 triuc
1732 2990 2021 3048 laudemus

2161 2990 2377 3056 οὐσίαν,
2394 2991 2463 3061 ἢν
2491 2989 2728 3062 τρισσῶς
2748 2989 3115 3061 ὑμνήσωμεψ
3148 2988 3367 3057 Ἄγιος,
3400 2986 3565 3055 ἅγιος,
3591 2984 3703 3052 ἅγιος

471 3089 700 3149 Sancta,
735 3093 950 3149 sancta,
981 3092 1174 3142 sancta
1201 3100 1261 3141 es
1286 3084 1558 3141 Trinitas.

935 3125 950 3149 ,
981 3092 1174 3142 sancta
1201 3100 1261 3141 es
1286 3084 1558 3141 Trinitas.
2161 3077 2214 3139 εἴ
2240 3084 2274 3154 ή
2297 3084 2487 3155 Τριάς.

1093 3176 1162 3232 1η
1206 3176 1448 3278 ιλξὶριιιῖ.Δ
1691 3269 1706 3278 _
1768 3268 1857 3278 -Η
1905 3268 1917 3278 .
2085 3219 2130 3278 c
2243 3269 2298 3278 ,Δ
2395 3268 2420 3278 -
2494 3268 2539 3278 .-
2615 3269 2646 3278 Η

1768 3268 1810 3278 _
1845 3268 1857 3278 -
1905 3268 1917 3278 -
2085 3219 2130 3278 ε
2395 3268 2420 3278 -
2494 3268 2539 3278 .-
2787 3267 2811 3278 ﬁ
2841 3174 3081 3278 Θεοτόοιἶ

540 3269 640 3333 Te,
668 3269 912 3333 Christe,
942 3278 1006 3327 ut
1064 3286 1234 3326 unum
1273 3269 1650 3342 glorificamus
1674 3269 1745 3326 de
1768 3268 2057 3333 Trinitate,
2087 3261 2093 3270 ’

2243 3269 2335 3333 Ὠς
2359 3268 2461 3339 τῆς
2494 3268 2728 3340 Τριάδος
2787 3267 2889 3324 ἕνα
2924 3284 3008 3334 σε,
3038 3265 3268 3339 Χριστὲ,
3328 3264 3620 3334 δοξάζομεν,
3645 3261 3702 3314 ὅτι

470 3363 617 3433 qund
664 3377 829 3420 carne
878 3378 945 3419 ex
1004 3362 1254 3434 Virgine,
1302 3362 1422 3419 sine
1470 3363 1778 3418 mutatione
1809 3367 2023 3431 sumpta

2163 3358 2231 3411 ἐκ
2272 3356 2556 3430 Παρθένου
2593 3357 2923 3430 σαρκωθεὶς,
2976 3356 3103 3428 δίχα
3134 3356 3372 3429 τροπῆς,
3399 3350 3703 3424 ἀνθρωπικῶς

470 3455 715 3510 humano
773 3470 926 3510 more
980 3454 1315 3511 sustinueris
1357 3454 1579 3518 omnia;
1611 3468 1722 3507 non
1763 3449 2023 3508 excedent

2165 3454 2345 3508 πάντα
2364 3452 2620 3522 ἠνέσχου,
2649 3452 2724 3524 μὴ
2744 3451 2947 3515 ἐκστὰς
2966 3450 3069 3521 τῆς
3093 3448 3320 3520 φύσεως
3340 3448 3438 3527 τῆς
3460 3443 3701 3517 Πατρικῆςι

471 3562 787 3619 quanquam
818 3546 980 3602 nobis
1010 3546 1223 3610 unitus,
1259 3560 1291 3597 ο
1313 3542 1465 3610 Jesu,
1511 3550 1742 3615 paterna
1770 3550 1988 3597 natura.

1511 3550 1742 3615 palcrna
1770 3550 1988 3597 nalura-
2178 3543 2383 3618 Ἰησοῦ,
2410 3546 2462 3599 εἰ
2499 3545 2595 3600 καὶ
2623 3543 2840 3615 ήνὼθης
2873 3543 3026 3614 ἡμῖν.

1031 3636 1143 3695 Ode
1175 3637 1228 3692 8.
1262 3635 1511 3692 Hirmus.

2654 3636 2795 3707 ᾯδή
2825 3640 2904 3704 η’.
2945 3635 3009 3688 '0
3042 3633 3285 3703 Ειρμός.

553 3729 737 3785 «Coeli
787 3728 1088 3797 caelorum,
1140 3737 1197 3784 et
1249 3742 1406 3797 aqua:
1464 3742 1590 3797 quae
1639 3741 1810 3798 super
1890 3724 2065 3781 caelos

2244 3750 2262 3782 ι
2297 3731 2360 3784 Oi
2383 3728 2608 3802 οὐρανοὶ
2637 3728 2749 3782 τῶν
2777 3725 3025 3799 οὐρανῶν
3045 3766 3060 3789 ,
3112 3725 3210 3781 καὶ
3246 3723 3311 3779 τὺ
3340 3723 3482 3793 ὕδωρ
3499 3720 3554 3773 τὸ
3581 3718 3703 3785 ὑπερ-

475 3834 609 3882 sunt
629 3826 659 3865 δ
682 3868 699 3891 ,
727 3822 1060 3889 henedicite,
1115 3822 1364 3888 laudate,
1417 3830 1472 3878 et
1523 3819 1932 3892 superexaltate
1958 3818 2028 3874 De

2170 3823 2283 3877 άνω
2313 3822 2423 3874 τῶν
2470 3819 2720 3893 οὐρανῶν
2749 3859 2766 3885 ,
2823 3818 3122 3888 εὐλογεῖτε,
3160 3816 3409 3887 ὑμνεῖτε,
3443 3811 3532 3867 καὶ
3580 3810 3704 3873 ὑπερ·

478 3920 692 3973 minum
734 3916 787 3971 in
813 3914 1015 3972 saecula
1037 3925 1086 3970 ο.
1116 3933 1136 3968 ι

2169 3912 2374 3989 υψοῦτε
2400 3913 2492 3966 τὸν
2514 3911 2722 3983 Κύριον
2762 3910 2850 3977 εἰς
2866 3912 2994 3975 τοὺς
3021 3908 3250 3972 αἰῶνας.
3293 3924 3312 3958 ι

552 4010 656 4077 Qui
686 4010 892 4065 creavit
947 4016 1002 4064 et
1060 4015 1354 4065 conservat
1398 4006 1625 4072 omnia,
1686 4001 2069 4059 misericordia

2253 4007 2312 4060 '0
2340 4003 2574 4078 ποιητὴς
2620 4008 2716 4059 καὶ
2759 4002 3021 4075 συνοχεῦς
3066 3999 3178 4055 τῶν
3225 3998 3502 4059 ἁπάντων,
3549 3993 3606 4046 δι’
3639 3989 3704 4044 εὖ·

479 4108 667 4157 motus
695 4097 1019 4155 Bethaniam
1047 4097 1271 4155 advenit
1298 4095 1567 4153 Lazarum
1600 4095 1990 4174 suscitaturus.

2174 4099 2514 4170 σπλαγχνίαν
2545 4099 2605 4153 ὲν
2644 4097 2891 4170 Βηθανία
2927 4095 3181 4166 ὲπέστη,·
3213 4092 3429 4164 ἐγεῖραι
3462 4087 3546 4141 τὸν
3565 4082 3704 4146 Λάζα-

2211 4210 2290 4249 ον.

555 4273 975 4342 Qnatriduanus
1007 4271 1209 4333 fetens,
1268 4284 1334 4344 ac
1389 4269 1595 4326 institis
1679 4268 1985 4333 involutus,
2019 4275 2075 4325 te

2178 4211 2318 4339 po""0
2355 4283 2678 4354 τεταρταῖος
2710 4279 2942 4344 ὀδωδὼς,
2987 4280 3085 4333 καὶ
3128 4276 3371 4349 κειρίαις
3397 4261 3703 4340 συνειλημμέ·

481 4372 738 4427 vocante,
797 4370 1081 4433 resumpto
1140 4360 1337 4432 spiritu
1383 4358 1615 4426 exsiliit,
1660 4360 1757 4433 qui
1822 4366 2034 4416 mortuu

2012 4374 2076 4414 ⁸³⁵
2176 4394 2289 4445 νος,
2320 4376 2490 4450 ἦλατο
2520 4374 2763 4447 ἔμπνους
2789 4374 2818 4427 ὁ
2851 4371 3078 4438 ἄπνους,
3108 4367 3416 4441 φωνοῦντός
3452 4380 3556 4419 σου.

481 4464 603 4512 erat
630 4455 749 4512 sine
775 4455 997 4526 spiritu.

555 4546 630 4604 Ut
688 4547 826 4602 vidit
876 4545 1141 4602 Judaicus
1196 4544 1467 4618 populus,
1542 4544 1614 4600 ad
1675 4554 1826 4600 tuam
1886 4557 2075 4600 vorem

2148 4578 2155 4616 ι
2255 4550 2378 4606 Τῶν
2406 4548 2681 4605 Ἰουδαίων
2701 4550 2731 4603 ὁ
2765 4547 2919 4613 λαὸς,
2949 4546 3025 4611 ὼς
3060 4544 3211 4617 ἑώρα
3259 4543 3351 4598 τὸν
3398 4536 3639 4594 τεθνεῶτα
3658 4532 3701 4599 τῇ

487 4640 876 4696 resuscitatum
901 4646 1205 4702 mortuum,
1237 4653 1270 4693 ο
1298 4636 1540 4704 Christe,
1566 4636 1973 4693 dissecabalur.

1832 4645 1973 4692 alur.
2182 4649 2250 4719 σῇ
2282 4645 2434 4716 φωνῇ
2461 4639 2793 4706 ἀναστάντα,
2829 4638 3062 4710 Χριστὲ,
3086 4638 3385 4709 διεπρίετο.

560 4727 864 4785 Tenebrosi
910 4727 1063 4785 circa
1116 4726 1303 4782 lumen
1359 4724 1558 4791 Judaei,
1612 4724 1806 4795 quidni
1857 4723 2078 4780 habetis

2253 4738 2318 4790 0i.
2366 4734 2639 4789 σκοτεινοὶ
2681 4733 2811 4805 περὶ
2837 4731 2901 4784 τὸ
2931 4730 3049 4800 φῶς
3079 4731 3348 4795 Ἰουδαῖοι,
3379 4728 3432 4782 τί
3478 4721 3704 4780 ἀπιστεῖτε

490 4822 656 4879 ﬁdem
682 4821 1080 4878 resurrectioni
1109 4819 1344 4875 Lazari?
1377 4834 1443 4876 ea
1481 4818 1691 4875 Christi
1724 4819 1941 4873 [acinus
1969 4827 2043 4874 est

2182 4833 2250 4902 τῇ
2273 4829 2367 4883 τοῦ
2394 4827 2648 4897 Λαζάρου
2676 4825 2931 4898 ὲγέρσεις
2971 4824 3212 4895 Χριστοῦ
3251 4825 3313 4877 τὸ
3345 4820 3638 4892 ἐγχείρημα-

563 4912 817 4971 Exsultet
847 4912 1003 4979 Sion,
1065 4910 1364 4982 laudelque
1389 4909 1516 4967 vitae
1546 4918 1852 4976 auctorem,
1887 4910 1981 4983 qui
2009 4910 2080 4967 de

2268 4918 2643 4990 Ἀγαλλιάσοω
2677 4919 2710 4991 ἡ
2748 4915 2912 4980 Σιὼν,
2937 4916 3035 4970 καὶ
3087 4915 3330 4987 ὐμνείτω
3356 4914 3443 4967 τὸν
3470 4906 3703 4976 ζωοδότηνι

492 5008 769 5079 sepulcro,
796 5022 1053 5064 sermone
1077 5002 1433 5062 resuscitavit
1452 4999 1748 5061 Lazarum.

2183 5013 2275 5069 τδν
2308 5012 2692 5081 ἀναστήσαντα
2723 5010 2868 5080 λόγῳ
2896 5009 2960 5061 ἐκ
2981 5008 3156 5078 τάφου
3174 5008 3268 5062 τὸν
3287 5004 3539 5076 Λάζαρον.

565 5103 645 5157 Te
690 5100 955 5158 caelorum
1000 5097 1225 5164 militiae,
1285 5096 1803 5167 terrigenarumque
1858 5110 2032 5168 genus
2064 5132 2081 5158 ,

2255 5103 2321 5156 Αί
2358 5100 2608 5171 στρατιαὶ
2627 5096 2736 5152 τῶν
2767 5096 3034 5169 οὐρανῶν,
3060 5096 3156 5151 καὶ
3188 5097 3249 5151 τὸ
3270 5095 3424 5165 γένος
3443 5091 3542 5145 τῶν
3573 5097 3705 5154 γηγε-

493 5209 528 5248 o
559 5191 836 5257 Salvator,
885 5191 1273 5256 lauilaverunt,
1316 5203 1442 5244 cum
1500 5186 1849 5244 resuscitasti
1907 5186 2046 5242 Laza

2187 5194 2294 5248 νῶν
2352 5192 2414 5244 σὲ
2457 5190 2742 5263 ὕμνησανθ
2795 5191 2909 5251 ὅτε,
2967 5189 3156 5260 Σῶτὲρ
3213 5205 3337 5259 μου,
3377 5185 3461 5239 τὸν
3503 5179 3703 5244 Λάζαρον

498 5300 643 5342 rum.
731 5294 735 5298 ’

2183 5287 2435 5356 ἤγειρας·

1188 5373 1398 5429 ϐίονῑα.
2686 5386 2697 5393 “

2686 5386 2697 5393 “
2835 5373 2840 5379 ’
2901 5374 3077 5437 Δόξα.

567 5473 707 5530 Cum
739 5450 922 5535 Patre,
972 5466 1246 5539 Filioque,
1281 5470 1445 5524 etiam
1483 5466 1752 5540 Spiritum
1789 5467 2081 5538 gloriﬂco;

2258 5470 2362 5524 Σὺν
2396 5468 2475 5539 τῷ
2502 5468 2698 5538 Πατρὶ,
2737 5467 2831 5520 καὶ
2856 5466 2935 5538 τῷ
2962 5466 3098 5536 Υίῷ,
3141 5467 3236 5520 καὶ
3271 5464 3331 5518 τὸ
3357 5457 3557 5527 Πνεῦμα
3584 5448 3697 5513 δοξ⁰⁴

500 5579 603 5624 nec
635 5565 872 5618 laudans
895 5560 1081 5616 dicere
1102 5575 1259 5617 cesso
1291 5580 1303 5614 :
1338 5560 1445 5616 Ter
1479 5569 1669 5616 sancte
1691 5561 1857 5626 Deus,
1886 5569 1938 5616 te
1966 5559 2053 5630 glo

2187 5563 2354 5635 λογῶ,
2389 5563 2482 5617 καὶ
2509 5560 2694 5633 ὑμνῶν
2717 5561 2997 5631 ἁσιγήτως
3032 5559 3161 5629 βοῶ·
3197 5560 3239 5612 Τ
3245 5556 3462 5630 ρισάγιε,
3490 5547 3597 5612 δοξα
3618 5555 3692 5594 σοι·

455 5702 459 5706 .
510 5656 685 5711 rilico.

582 5839 612 5886 ιι
651 5838 799 5899 Psal.
833 5858 1056 5913 chvnI,
1098 5846 1150 5902 4.
1230 5859 1251 5887 ε
1294 5845 1431 5902 Dan.
1483 5860 1568 5912 ιιι,
1604 5844 1694 5899 60.
