3934 6452
317 376 448 441 13197

979 488 1217 543 Θεοτόκ.

385 586 453 638 Σὲ
485 581 694 652 εὐλογῶ
748 581 842 636 καὶ
897 579 1192 654 προσκυνῶ
1225 580 1314 634 τὸν
1353 580 1618 651 τεχθέντα
1675 582 1740 635 ὲκ
1798 581 1900 651 τῆς

312 675 618 749 Παρθένου,
640 673 734 746 νμὴ
755 673 1098 747 χωρισθέντα
1127 672 1219 726 τοῦ
1260 672 1453 743 θρόνου
1482 671 1583 742 τῆς
1613 673 1774 742 ἁγίας
1812 672 1901 726 δό-

264 814 279 825 .
313 770 411 840 ξης
441 786 559 824 σου.
1252 832 1258 838 .
1332 840 1337 843 ,

802 857 940 931 ᾨδὴ
980 860 1051 913 θ’.
1097 858 1152 912 '0
1183 859 1422 928 Εἱρμός.

392 972 413 1005 r
455 952 713 1023 Ἐποίησε
752 950 957 1021 κράτος
1007 951 1066 1003 ὲν
1121 950 1370 1022 βραχίονι
1421 946 1625 1003 αὑτοῦ·
1683 947 1901 1002 καθεῖλε

313 1046 425 1116 γὰρ
453 1044 725 1109 δυναστὰς
758 1043 868 1098 ἀπὸ
898 1043 1126 1117 θρόνων,
1158 1041 1256 1098 καὶ
1308 1041 1496 1113 ὖψωσε
1524 1040 1841 1107 ταπεινοὺς,
1876 1042 1905 1093 ό

313 1140 450 1204 Θεὸς
474 1138 570 1192 τοῦ
615 1138 855 1211 Ἰσραὴλ,
887 1139 947 1192 ὲν
978 1133 1063 1202 οἷς
1078 1136 1426 1208 ἐπεσκέψατο
1451 1137 1622 1207 ἡμᾶς,
1642 1133 1925 1205 Ἀνατολὴ⁸

315 1232 377 1297 ἐξ
396 1232 586 1303 ὕψους,
617 1232 714 1287 καὶ
742 1231 1077 1286 κατεὸθυνεν
1106 1232 1258 1303 ἡμᾶς
1278 1232 1359 1297 εἰς
1378 1231 1496 1286 ὁδὸν
1527 1231 1775 1301 εἰρήνης.
1810 1246 1828 1281 ι

395 1321 675 1394 ’Υμνείτω
703 1324 766 1377 τὸ
797 1322 985 1392 θαῦμα
1030 1322 1276 1393 Βηθανία
1319 1322 1571 1393 σὺνήμῖν
1590 1338 1605 1353 ο
1636 1323 1697 1376 ὲν
1729 1320 1905 1392 ταύτῃ

315 1415 427 1486 γὰρ
470 1414 770 1485 ἐδάκρυσεν
821 1414 850 1468 6
884 1413 1164 1484 Κτίστης,
1214 1412 1307 1467 τὸν
1361 1412 1613 1482 Λάζαρον
1645 1409 1904 1476 ἀνιστῶν,

315 1508 468 1577 νόμῳ
490 1506 708 1575 φύσεως
729 1506 937 1579 σαρκός
954 1520 968 1535 '
995 1506 1090 1561 καὶ
1119 1504 1355 1576 Μάρθας
1376 1504 1444 1559 τά
1465 1504 1676 1575 δάκρυα
1695 1503 1905 1570 λοιπὸν,

316 1598 411 1649 καὶ
441 1597 534 1650 τὸν
553 1596 834 1669 κλαυθμὸν
864 1597 1090 1669 Μαρίας
1137 1598 1219 1660 εἰς
1242 1596 1421 1668 χαράν
1443 1595 1785 1668 μεταϐαλὼν,
1814 1595 1909 1649 τὸν

315 1690 512 1761 νεκρὸν
544 1690 775 1762 ἐγείρει.

387 1781 779 1849 Πιστούμενος,
809 1779 973 1848 Λόγε,
997 1778 1096 1850 τὴν
1123 1779 1420 1835 ἀνάστασιν
1441 1779 1540 1851 τὴν
1569 1780 1690 1851 σὴν,
1719 1780 1908 1834 ἐκάλε-

1513 374 1658 434 CAN
1664 374 1767 435 ON
1810 375 1895 435 IN
1937 375 2323 440 LAZABUM.

1925 493 1973 550 Α

3449 376 3587 443 1393

2631 490 2720 545 In-
2745 489 2961 561 Deipar.

2070 584 2344 640 Benedico
2373 593 2424 641 te
2453 592 2508 640 et
2534 585 2727 651 adoro,
2763 584 2857 654 qui
2893 590 3059 638 natus
3091 597 3161 651 ex
3194 581 3441 655 Virgine,
3472 600 3584 642 non

2003 673 2292 730 excessisti
2325 675 2525 733 throno
2562 674 2751 748 gloriae
2779 681 2987 732 sanctae
3012 683 3136 731 tuae.

2542 854 2653 910 Ode
2671 855 2725 911 8.
2772 853 3018 909 Hirmus.

2080 966 2099 998 ι
2125 943 2277 1001 Fecit
2303 946 2601 1017 potentiam
2632 947 2686 1002 in
2709 947 2939 1002 brachio
2965 960 3067 1002 suo
3097 963 3110 1001 :
3147 945 3402 1016 deposuit
3441 945 3590 1002 enim

2005 1044 2259 1108 potentes
2275 1038 2342 1094 de
2360 1039 2511 1105 sede,
2545 1046 2600 1094 et
2625 1038 2888 1094 exaltavit
2913 1039 3175 1103 humiles,
3210 1038 3356 1095 Deus
3386 1038 3588 1105 Israel;

2006 1129 2061 1183 in
2089 1130 2292 1200 quibus
2322 1129 2567 1186 visitavit
2589 1145 2712 1196 nos,
2746 1129 2944 1187 Oriens
2969 1145 3034 1186 ex
3063 1130 3217 1197 alto;
3250 1145 3462 1202 nosque
3510 1129 3595 1185 di-

2006 1221 2153 1278 rexit
2172 1221 2229 1276 in
2257 1221 2402 1277 viam
2436 1221 2695 1293 pacisda

2079 1315 2204 1372 Pari
2270 1315 2537 1375 Bethania
2605 1316 2894 1371 nobiscum
2944 1314 3164 1371 cantico
3210 1314 3458 1370 celebret
3486 1313 3593 1369 mi-

2008 1407 2257 1463 raculum
2282 1425 2296 1462 ε
2325 1407 2381 1462 in
2414 1420 2480 1461 ea
2508 1406 2655 1461 enim
2676 1406 3123 1462 naturalicarnis
3151 1406 3291 1477 lege,
3323 1404 3594 1459 Lazarum

2010 1498 2386 1554 suscitaturus
2425 1495 2659 1553 Creator
2697 1496 2890 1564 ﬂevit;
2942 1497 3316 1567 deincepsque
3370 1495 3597 1550 Marthae

2009 1589 2268 1662 lacrymis
2304 1603 2369 1645 ac
2401 1589 2588 1645 Maria
2624 1589 2776 1645 luctu
2809 1589 3037 1645 mutatis
3060 1588 3116 1642 in
3145 1587 3598 1659 gaudium,mor-

2012 1689 2166 1736 tuum
2193 1682 2324 1738 vitae
2348 1682 2612 1738 restituit.

2082 1772 2203 1840 Quo
2224 1782 2399 1840 tuam,
2448 1772 2714 1841 Verbum,
2765 1772 3235 1852 resurrectionem
3297 1780 3596 1836 astrueres,

313 1891 417 1938 σας
444 1874 536 1928 τὸν
567 1838 820 1946 λίάζαρον
865 1838 931 1927 ἐκ
959 1838 1183 1944 'rd'cpou,
1219 1873 1313 1928 καὶ
1364 1838 1594 1945 ἤγειρας
1728 1872 1863 1937 Θεός
1887 1889 1901 1906 ·

2029 1838 2284 1920 gasarum
2317 1881 2349 1921 e
2373 1838 2633 1937 sepulcro
2694 1838 2932 1933 vocasti,
2973 1844 3278 1936 divinaque
3323 1871 3602 1936 potestate

318 1967 408 2020 ἵνα
433 1964 614 2038 δείξῃς
639 1968 753 2030 τοῖς
775 1967 947 2033 λαοῖς,
979 1965 1113 2020 Θεόν
1146 1982 1207 2021 τε
1234 1965 1331 2022 καὶ
1358 1965 1648 2038 ἄνθρωπον
1667 1965 1806 2036 ὁμοῦ
1847 1966 1908 2021 ὲν

312 2058 547 2131 ἀληθείᾳ
578 2058 741 2123 ὄντα,
769 2058 866 2112 καὶ
903 2057 1198 2130 ἐγείραντα
1229 2056 1378 2125 ναὸν,
1403 2057 1494 2112 τὸν
1515 2057 1610 2112 τοῦ
1651 2055 1908 2129 σώματός

316 2167 438 2204 σου.

391 2260 410 2297 ι
431 2236 761 2302 Συνέσεισας
780 2239 826 2272 ³⁵
854 2237 1025 2293 πάλαι
1053 2238 1147 2294 καὶ
1175 2238 1407 2311 μοχλοὺς
1442 2238 1570 2303 τοὺς
1596 2238 1900 2310 σιδηροῦςοι

313 2330 594 2401 ἐφόϐησας
634 2330 727 2384 τὸν
781 2328 916 2401 ᾅδην
949 2332 1016 2400 τῇ
1070 2332 1224 2402 φωνῇ
1258 2347 1376 2395 σου,
1412 2330 1507 2383 καὶ
1556 2328 1760 2400 ἔπτηξε
1808 2329 1907 2385 σὺν

313 2422 465 2492 αὐτῷ
512 2422 608 2475 καὶ
637 2421 666 2474 6
698 2420 931 2485 θάνατος
960 2419 1128 2486 εὐθὺς
1153 2463 1168 2487 ,
1217 2422 1295 2486 ὼς
1323 2417 1464 2475 εἶδον
1507 2421 1599 2476 τὸν
1633 2420 1906 2491 Λάζαρον,

315 2514 524 2586 Σῶτερ,
567 2514 662 2569 τὸν
709 2513 843 2586 παρ’
877 2515 1068 2579 αὐτοῖς
1119 2512 1430 2586 δεσμώτην,
1482 2513 1807 2586 ψυχωθέντα
1838 2516 1909 2587 τῇ

314 2613 492 2680 φωνῇ,
532 2606 629 2660 καὶ⁸
658 2606 1057 2678 ἐξαναστάντα.

396 2700 734 2771 Ἐξέστησαν
754 2699 960 2765 πάντες
982 2699 1058 2763 ὡς
1088 2697 1278 2772 ἑώρων
1300 2716 1382 2767 σε,
1406 2699 1614 2773 Σῶτερ,
1639 2700 1908 2773 δακρύον-

309 2808 382 2843 τα
412 2789 505 2842 τὸν
535 2789 795 2859 Λάζαρον
827 2789 1081 2851 θανόντα,
1114 2790 1209 2843 καὶ
1234 2788 1427 2857 ελεγον
1459 2791 1509 2843 οἱ
1531 2790 1695 2846 δεινοί
1715 2809 1730 2825 ο
1767 2791 1908 2845 ι’Ίδε

312 2882 436 2944 πῶς
467 2879 632 2933 αὐτὸν
673 2879 841 2947 φιλεῖ.
883 2896 904 2930 ι
939 2877 1118 2942 Εὐθὺς
1145 2878 1242 2935 οὖν
1269 2877 1561 2948 ὲφώνησας
1587 2879 1773 2947 αὐτὸν,
1814 2883 1910 2936 καὶ

310 2967 558 3033 ἀναστὰς
578 2970 607 3022 ό
626 2969 854 3034 ἄπνους,
883 2968 1151 3040 ἀφῃρεῖτο
1176 2968 1277 3042 τὴν
1299 2968 1527 3039 φθορὰν,
1559 2968 1635 3041 τῷ
1668 2971 1911 3044 προστά·

311 3060 487 3131 γματί
518 3077 634 3114 σου.

2011 1956 2396 2025 resuscitasti;
2425 1967 2487 2015 ut
2521 1965 2575 2014 te
2605 1958 2850 2030 populis,
2886 1956 3062 2013 Deum
3098 1957 3304 2027 pariter
3339 1963 3393 2012 et
3424 1955 3600 2010 homi—

2009 2063 2133 2104 nem
2156 2048 2506 2117 ostenderes,
2531 2049 2627 2120 qui
2655 2049 2921 2120 templum
2948 2047 3086 2103 illud
3108 2049 3366 2120 corporis
3395 2047 3474 2103 tui
3505 2063 3601 2103 en

2010 2138 2273 2194 citaveris
2294 2150 2341 2195 ε.
2730 2124 2735 2127 ’

2087 2229 2361 2289 «Ferreos
2383 2232 2550 2288 etiam
2580 2239 2769 2291 vectes
2804 2234 2938 2290 olim
2957 2228 3320 2291 contrivistif
3360 2250 3377 2289 :
3424 2251 3443 2285 ι
3477 2244 3602 2301 per-

2011 2323 2259 2381 terruisti
2288 2331 2383 2379 tua
2408 2339 2543 2382 voce
2570 2324 2883 2395 infernum;
2909 2341 3151 2397 moxque
3170 2340 3293 2382 cum
3316 2337 3403 2388 eo,
3432 2321 3601 2378 etiam
3712 2400 3721 2408 .

2009 2415 2232 2485 expavit
2279 2431 2452 2481 mors,
2479 2423 2543 2473 ut
2570 2416 2855 2483 viderunt,
2887 2432 2921 2474 ο
2957 2416 3236 2484 Salvator,
3270 2429 3433 2486 quem
3456 2410 3601 2483 apud

2011 2520 2072 2563 se
2104 2505 2375 2562 Lazarum
2396 2507 2645 2562 vinctum
2667 2507 3007 2579 detinebant,
3035 2505 3251 2564 reddita
3307 2518 3441 2560 voce
3479 2501 3601 2557 ani-
3626 2529 3635 2547 ι

2011 2610 2122 2661 ma,
2157 2596 2285 2654 vita
2310 2597 2707 2654 instauratum.

2082 2685 2500 2761 Obstupuerunt
2559 2704 2772 2759 omnes,
2798 2705 2834 2747 ο
2858 2690 3143 2756 Salvator,
3174 2697 3237 2746 ut
3261 2687 3519 2751 viderunt
3548 2693 3605 2740 te

2010 2778 2231 2836 ﬂentem
2265 2788 2545 2836 mortuum
2578 2781 2884 2849 Lazarum,
2923 2780 3305 2851 dixeruntque
3351 2776 3552 2834 nefarii
3587 2793 3602 2835 :

2016 2890 2037 2924 ι
2062 2869 2207 2927 Ecce
2231 2870 2513 2943 quomodo
2535 2872 2856 2943 diligiteum
2890 2872 2956 2925 2.»
2995 2870 3167 2928 Ocius
3188 2883 3320 2939 ergo
3350 2882 3475 2925 eum
3508 2880 3607 2920 vo-

2011 2968 2173 3035 casti,
2222 2983 2632 3041 resurgensque
2666 2969 2761 3039 qui
2795 2968 3063 3028 amiserat
3117 2966 3399 3039 spiritum,
3426 2963 3606 3036 impe—

2012 3068 2170 3117 rante
2191 3068 2261 3125 te,
2287 3062 2705 3132 corruptionem
2739 3060 2996 3131 deponit.

400 3148 760 3219 Ἐσείσθησαν
793 3146 985 3212 πύλαι,
1014 3149 1416 3222 συνετρίϐησαν
1448 3151 1638 3223 μοχλοί
1659 3168 1672 3183 ο
1709 3151 1901 3226 ἐλύθη-

2082 3150 2387 3208 Concussae
2441 3162 2573 3208 sunt
2628 3160 2854 3223 portat;
2889 3150 3119 3208 contriti
3157 3155 3385 3215 vectes;
3420 3148 3602 3203 soluta

314 3254 419 3292 σαν
450 3238 625 3309 δεσμὰ
646 3238 741 3291 τοῦ
769 3238 1100 3303 τεθνεῶτοςο
1144 3240 1174 3293 6
1216 3238 1351 3311 ᾅδης
1379 3240 1456 3306 δὲ,
1498 3244 1648 3313 φωνῇ
1683 3242 1783 3313 τῆς
1815 3242 1907 3297 δυ-

316 3327 537 3400 νάμεως
582 3327 845 3401 Χριστοῦ,
904 3330 1122 3402 πικρῶς
1155 3331 1505 3399 ἀνεστέναξε,
1542 3334 1637 3388 καὶ
1680 3334 1905 3389 ἀνεϐόαο

314 3421 511 3493 Οἵμοιί
541 3420 629 3485 τίς
663 3422 758 3476 καὶ
782 3420 949 3476 πόθεν
978 3424 1019 3495 μή
1052 3421 1226 3495 φωνὴ,
1254 3424 1288 3495 ἠ
1323 3425 1553 3496 νεκροὺς
1580 3424 1833 3496 ζωοῦσα;

402 3613 642 3667 Ἀνάστα
669 3611 944 3683 ἐντεῦθεν,
970 3613 1294 3680 ὑπακούσας
1320 3617 1420 3688 τῆς
1447 3620 1633 3689 φωνῆς
1651 3634 1667 3652 ⁸
1698 3619 1726 3674 6
1755 3618 1909 3689 φίλος

312 3722 413 3760 σου
450 3705 557 3776 γὰρ
607 3704 713 3772 ἔξω
746 3709 1070 3778 προσφωνεῖ
1099 3722 1193 3761 σε’
1224 3701 1383 3773 οὗτός
1419 3712 1591 3785 ἐστιν,
1622 3712 1651 3764 ό
1684 3709 1744 3764 τὸ
1775 3711 1907 3782 πρὶν

310 3799 632 3869 ἀναστήσας
664 3799 793 3865 τοὺς
821 3797 1051 3867 νεκρούς
1072 3816 1088 3831 ο
1128 3785 1313 3865 Ἠλίας
1343 3799 1443 3870 μὲν
1468 3802 1658 3873 ἤγειρε
1688 3794 1903 3875 νεκρὸν,

312 3890 411 3943 καὶ
448 3890 751 3955 Ἐλισσαῖος
805 3888 958 3960 ἆμα’
1014 3890 1130 3945 ἀλλ’
1160 3893 1326 3958 αὐτὸς
1364 3888 1434 3965 ἦν
1458 3893 1527 3952 δι’
1569 3892 1772 3963 αὐτῶν,
1810 3895 1906 3950 καὶ

308 3979 493 4035 λαλῶν
515 3982 611 4035 καὶ
639 3983 917 4054 πράττων.

395 4071 709 4144 ’Υμνοῦμέν
769 4091 887 4141 σου,
946 4076 1090 4145 Λόγε
1119 4115 1135 4142 ,
1186 4076 1288 4148 τὴν
1335 4076 1660 4132 ἀνείκαστον
1708 4076 1900 4149 ίσχύνο

324 4162 591 4230 Ὀστέοις
622 4162 734 4236 γὰρ
767 4164 868 4219 καὶ
901 4166 1163 4234 νεύροις,
1192 4166 1286 4221 τὸν
1318 4165 1550 4225 θανόντα
1581 4166 1830 4239 ἤγειρας
1858 4170 1905 4202 ’⁸

305 4249 458 4323 λόγῳ
484 4252 562 4324 τῷ
591 4254 690 4325 σῷ,
721 4255 798 4319 ὡς
827 4256 935 4310 τῶν
965 4257 1102 4310 ὅλων
1149 4256 1526 4328 πλαστουργός
1547 4274 1561 4289 ο
1590 4259 1685 4312 καὶ
1711 4259 1904 4315 τοῦτον

310 4346 641 4420 ἀνέστησας,
682 4350 892 4422 Σῶτερ,
926 4352 991 4404 ὲκ
1013 4350 1123 4405 τῶν
1152 4350 1545 4423 καταχθονίων,
1573 4353 1650 4417 ὡς
1678 4351 1778 4425 τῆς
1799 4354 1904 4426 χή.

311 4453 416 4508 ρας
441 4440 502 4493 τὸ
536 4441 651 4496 υἱὸν
679 4441 772 4495 τὸν
794 4442 888 4496 ἐπὶ
909 4442 1011 4511 τῆς
1034 4441 1248 4512 κλίνης.

1019 4535 1194 4599 Δόξα,

388 4619 556 4691 Ῐριὰς
584 4622 848 4691 παναγία,
877 4624 1061 4695 Πάτερ
1088 4624 1294 4697 άναρχε
1323 4623 1444 4690 Θεὲ,
1479 4626 1779 4698 συνάναρχε
1803 4627 1902 4681 Υἱὲ

2007 3243 2254 3304 defuncti
2283 3244 2526 3303 vincula.
2566 3243 2742 3301 Porro
2766 3242 3046 3308 infernus,
3075 3240 3281 3296 Christi
3313 3239 3602 3310 perculsus
3682 3269 3691 3277 -

2009 3353 2167 3405 voce,
2199 3354 2386 3395 amare
2412 3337 2703 3408 ingemuit,
2766 3332 3242 3403 succlamavitque
3273 3349 3287 3387 :
3325 3330 3443 3386 Heu
3474 3332 3599 3386 mel

2008 3429 2298 3499 Quaenam,
2326 3437 2382 3488 et
2403 3429 2564 3502 cujus
2596 3444 2701 3485 vox
2739 3429 2857 3495 illa,
2885 3442 3007 3500 qure
3035 3431 3286 3482 mortuos
3321 3422 3389 3479 ad
3433 3424 3607 3489 vitam

2009 3522 2267 3579 reducit?
3052 3529 3056 3532 ‘
3400 3572 3401 3575 η

2078 3611 2319 3668 Proinde
2396 3599 2684 3683 resurgas,
2715 3608 2837 3675 voci
2887 3605 3155 3667 obedieus
3187 3622 3199 3658 :
3226 3617 3277 3661 te
3301 3603 3433 3661 loris
3456 3603 3604 3658 ami-

2006 3718 2108 3760 cus
2140 3711 2269 3760 tuus
2287 3702 2554 3770 advocat;
2587 3703 2705 3773 ipse
2732 3708 2819 3759 est
2841 3701 2938 3772 qui
2961 3701 3094 3754 olim
3127 3697 3423 3756 suscitavit
3449 3713 3602 3755 mor-

2007 3802 2153 3850 tuos.
2188 3792 2455 3866 Equidem
2479 3799 2756 3851 mortuum
2775 3791 3234 3858 excitavitElias,
3267 3790 3592 3862 pariterque
3644 3790 3654 3797 ’

2006 3889 2242 3946 Elisaeus
2277 3907 2294 3958 ;
2324 3890 2398 3944 ita
2432 3888 2796 3945 nihilominus
2823 3895 2883 3943 ut
2906 3902 3100 3945 eorum
3139 3887 3258 3958 ipse
3282 3884 3595 3941 ministerio.

2009 3983 2330 4053 loqueretur
2362 3996 2428 4037 ac
2449 3987 2792 4051 operaretur.

2080 4073 2275 4139 Tuam,
2309 4088 2342 4129 ο
2369 4072 2605 4129 Verbum
2628 4111 2644 4138 ,
2681 4071 3176 4143 incomparabilem
3218 4067 3603 4126 fortitudinem

2006 4166 2298 4224 laudamus
2334 4182 2348 4219 :
2382 4164 2606 4220 Ossibus
2668 4164 2941 4235 siquidem
2961 4172 3014 4218 et
3043 4157 3251 4228 nervis,
3281 4160 3450 4216 verbo
3479 4168 3603 4229 tuo,

2005 4260 2158 4316 velut
2187 4260 2574 4314 universorum
2622 4255 2806 4322 ﬁctor,
2857 4266 3140 4310 mortuum
3188 4251 3499 4322 compegisti
3527 4253 3595 4307 τι

2006 4350 2284 4420 huncque,
2317 4347 2595 4416 Salvator,
2615 4345 3081 4412 quemadmodum
3127 4344 3304 4400 lilium
3338 4342 3513 4400 vidua
3539 4343 3597 4399 in

2005 4443 2149 4498 lecto
2167 4441 2464 4512 iacentem,
2485 4441 2553 4495 ab
2572 4438 2805 4495 infernis
2831 4437 3199 4494 resuscitasti.

2708 4530 2918 4589 Gloria.

2074 4623 2436 4681 Sanctissima
2483 4621 2766 4687 Trinitas,
2804 4620 2968 4677 Pater
2993 4628 3197 4676 aeterne
3250 4618 3431 4685 Deus,
3485 4617 3594 4674 Fili

307 4712 413 4765 καὶ
440 4713 568 4766 Gal:
619 4713 787 4784 Λόγε,
836 4715 1163 4789 Παράκλητε
1219 4717 1414 4784 ἀγαθὲ,
1460 4719 1689 4789 Πνεῦμα
1744 4714 1901 4790 ὅ.γίον

2029 4726 2275 4771 ,οαειθτηθ
2299 4722 2353 4771 et
2385 4714 2528 4771 Deus
2580 4713 2823 4769 Verbum
2849 4754 2864 4777 ,
2892 4714 3035 4767 bone
3061 4711 3368 4775 Paraclete,
3396 4718 3593 4767 sancte

304 4801 450 4855 Θεοῦ
471 4818 485 4834 ’
524 4804 589 4863 τὸ
619 4804 678 4863 ἓν
701 4806 797 4859 καὶ
834 4806 1117 4877 τρισήλιον
1165 4808 1321 4877 φάος,
1364 4809 1396 4878 ὴ
1429 4809 1683 4880 συμφυὴς
1717 4810 1901 4881 οὐσία,

304 4883 393 4953 εἷς
426 4891 561 4956 θεὸς
597 4893 694 4948 καὶ
719 4893 949 4965 Κύριοςς
985 4895 1260 4968 οἴκτειρον
1288 4895 1381 4950 τὸν
1406 4896 1633 4969 κόσμον.

981 5075 1226 5131 Θεοτόκ.

392 5162 451 5215 '0
500 5163 683 5218 πάντα
714 5164 945 5235 ποιήσας
988 5166 1047 5219 ἐν
1090 5166 1275 5238 σοφίᾳ,
1320 5167 1521 5241 Ἰησοῦ,
1552 5171 1647 5224 καὶ
1673 5169 1794 5227 ὅλον
1829 5189 1898 5243 με

2001 4807 2096 4862 Dei
2130 4807 2404 4877 Spiritus,
2432 4820 2600 4861 unum
2626 4805 2757 4860 trini
2789 4803 2936 4859 Solis
2959 4804 3142 4859 lumen
3164 4843 3180 4869 ,
3208 4801 3457 4872 ejusdem
3493 4817 3594 4855 na-

2004 4907 2141 4954 turae
2171 4899 2502 4966 substantia,
2542 4898 2687 4955 Deus
2715 4912 2860 4961 unus
2893 4904 2950 4952 et
2979 4895 3270 4961 Dominus,
3303 4902 3362 4949 tu
3397 4893 3597 4962 mundi

2004 4991 2289 5051 miserere.

2166 5063 2173 5071 ’
2639 5079 2707 5134 1η
2739 5078 2956 5149 Deipar.

2073 5173 2459 5241 Qui-universa
2490 5174 2542 5227 in
2578 5173 2871 5237 sapientia,
2896 5187 2929 5227 ο
2958 5169 3110 5235 Jesu,
3141 5169 3365 5233 creasti,
3394 5183 3589 5239 meque

307 5256 550 5326 φορέσας
584 5259 650 5311 ὲκ
702 5258 1007 5329 Παρθένου,
1056 5258 1151 5313 καὶ
1200 5259 1322 5325 ὅλος
1374 5262 1553 5332 μένων
1582 5263 1668 5316 ἀεὶ
1701 5264 1761 5317 ὲν
1787 5266 1901 5328 τοῖς

2029 5274 2176 5321 otum
2204 5281 2268 5320 ex
2298 5262 2523 5336 Virgine
2551 5263 2806 5328 induisti,
2839 5263 3048 5334 quique
3080 5271 3231 5318 totus
3257 5261 3309 5315 in
3350 5270 3579 5331 paterno

308 5345 532 5410 κόλποις
565 5347 661 5400 τοῦ
688 5348 934 5420 Πατρός·
968 5349 1030 5403 τὸ
1066 5350 1226 5419 ἅγιόν
1260 5368 1354 5405 σου
1382 5353 1631 5422 Πνεῦμα,
1662 5355 1895 5426 Χριστὲ,

304 5434 407 5491 ἐπὶ
430 5436 495 5491 τὸ
523 5438 777 5508 ποίμνιόν
814 5455 932 5507 σου,
969 5441 1336 5513 καταπέμψας
1367 5443 1445 5508 ὡς
1465 5445 1617 5513 Θεὸς,
1640 5447 1897 5505 ἐπισκιά-

308 5540 408 5578 σον
439 5527 608 5596 ἡμᾶς.
1648 5543 1653 5547 ’

377 5639 407 5677 ⁸
446 5638 581 5693 Luc.
626 5655 664 5704 ι,
695 5640 785 5708 51,
810 5641 906 5707 52,
939 5645 1028 5710 78,
1063 5645 1149 5699 79.

2000 5372 2213 5427 semper
2235 5373 2426 5413 manes
2453 5357 2614 5424 sinu;
2647 5364 2726 5423 tu,
2755 5356 3000 5424 Christe,
3030 5354 3297 5426 Spiritum
3327 5359 3583 5409 sanctum

2006 5458 2161 5505 tuum
2217 5453 2271 5505 in
2321 5459 2473 5504 tuum
2533 5450 2675 5505 ovile
2719 5450 2907 5513 divina
2953 5450 3178 5505 mittens
3230 5445 3584 5511 auctoritate,

2008 5557 2108 5597 nos
2134 5543 2396 5598 obumbra
2424 5551 2477 5599 et
2511 5551 2755 5615 protcgc.

1247 5657 1270 5685 ο
1303 5644 1461 5702 Joan.
1494 5665 1569 5718 ιι,
1608 5650 1689 5707 19.
1775 5651 1793 5691 ί
1832 5653 1933 5709 lsa.
1972 5671 2104 5719 va,
2130 5658 2186 5711 2.
2266 5660 2291 5696 ε
2324 5656 2429 5714 Job
2454 5674 2506 5723 κ,
2540 5656 2625 5717 ll.

1621 5745 1853 5802 VARUE
1894 5746 2299 5809 LECTIONES.

372 5828 419 5859 "
457 5840 544 5895 ῃ).
575 5826 928 5894 συνέκλασας.
1006 5833 1049 5865 ³⁸
1081 5831 1164 5886 ἵσ.
1202 5832 1483 5906 ἔσφιγξας.
