3934 6458
269 4587 297 4602 ο

297 397 438 465 1405

1540 395 1847 456 ΙἮΙΟΒΙΑ
1890 375 2062 456 MAI.
2088 395 2315 455 IIEBD.

3421 382 3557 447 1406

379 508 665 577 Ἐτοίμαζε
695 506 947 577 σεαυτὴν,
972 501 1017 559 ὦ
1049 506 1194 576 ψυχή
1242 522 1367 575 μου,
1400 505 1492 559 ἐπὶ
1516 506 1615 576 τὴν
1654 504 1833 571 ἔξοδον
1858 522 1872 537 ο

2051 503 2332 573 Teipsam,
2370 516 2403 557 ο
2435 502 2618 557 anima
2650 512 2790 565 mea,
2834 496 2901 553 ad
2932 509 3218 569 egressum
3260 509 3506 565 praepara
3540 508 3558 550 :

289 600 333 671 ἡ
361 599 635 673 παρουσία
666 599 876 670 ἐγγίζει
899 599 992 652 τοῦ
1016 598 1282 652 Δικάστου
1307 595 1517 667 κριτοῦ.

986 689 1224 743 Θεοτόκ.
1863 739 1873 751 ,

362 783 650 854 .¹’Δχραντε
681 782 913 835 θεοτόκε
943 780 1211 851 Παρθένε,
1246 779 1385 850 μόνη
1412 781 1751 853 πανύμνητε,
1782 779 1873 833 τὸν

293 876 430 931 Υίόν
460 893 553 930 σου
579 874 822 928 δυσὼπει
851 875 993 944 ὑπὲρ
1025 874 1135 926 τῶν
1164 872 1371 927 δούλων
1399 890 1516 927 σου.

609 965 825 1035 Εἵρμός
860 965 1072 1031 ἄλλος.
1103 961 1238 1035 Ἦχ.
1274 968 1308 1019 d
1349 966 1554 1031 αὑτός.

377 1057 567 1122 Ἴδετε,
600 1058 740 1110 ἴδετε
779 1058 863 1110 ὅτι
904 1058 1016 1125 ὲγώ
1053 1058 1170 1125 είμι
1204 1057 1358 1121 Θεὸς,
1391 1058 1419 1109 6
1449 1057 1581 1128 πρὶν
1620 1054 1877 1124 γενέσθαι

292 1147 363 1202 τὲι
391 1149 521 1209 πᾶν,
556 1149 649 1202 καὶ
696 1148 803 1218 πρὸ
848 1148 944 1202 τοῦ
1005 1148 1200 1217 στῆναι
1239 1149 1343 1218 γῆν
1369 1148 1581 1201 καὶτὸν
1623 1147 1873 1217 οὐρανὸν,

292 1239 588 1308 γινώσκων
634 1241 704 1294 τὰ
751 1242 932 1295 πάντα
956 1257 971 1273 ο
1000 1241 1028 1294 6
1064 1240 1186 1304 ὅλος
1215 1238 1290 1293 ὢν
1328 1240 1388 1293 ὲν
1414 1240 1591 1310 Πατρὶ
1629 1239 1724 1292 καὶ
1755 1237 1878 1291 ὅλον

294 1332 486 1401 φέρων
509 1333 567 1386 ἐν
599 1332 745 1401 ἐμοί.

377 1422 577 1486 Ἴδετε,
607 1421 746 1476 ἴδετε
800 1423 886 1477 ὅτι
945 1422 1057 1491 ἐγώ
1110 1423 1228 1491 εἰμι
1283 1421 1437 1488 Θεὸς,
1476 1423 1505 1475 6
1565 1421 1731 1475 πάλαι
1788 1420 1879 1474 τὸν

310 1512 534 1584 Ἰσραὴλ
563 1514 620 1567 ὲν
664 1514 903 1585 Ἐρυθρᾷ
934 1513 1178 1586 Θαλάσσῃ
1214 1513 1508 1582 διαγαγὼν,
1545 1514 1641 1566 καὶ
1671 1511 1875 1577 σώσας,

293 1606 399 1658 καὶ
454 1605 681 1676 θρέψας,
709 1607 803 1659 καὶ
848 1608 915 1660 ἐκ
965 1606 1214 1670 δουλείας
1273 1605 1437 1659 αὐτὸν
1501 1602 1880 1674 ἐλευθερώσας

292 1698 383 1751 Φα
391 1696 525 1767 ραώ.

372 1788 547 1856 Λόγον
579 1788 886 1858 συνέστησα
928 1789 1018 1842 τὸν
1051 1787 1282 1858 οὐρανὸν
1320 1787 1438 1858 ἅμα
1490 1790 1557 1858 τῇ
1590 1789 1661 1859 γῇ
1695 1802 1711 1818 ·
1754 1803 1882 1839 συν-

1976 597 2115 668 jnsti
2136 592 2361 650 'Judicis
2378 594 2661 661 adventus
2688 605 2856 661 prope
2886 597 2994 645 est.

2597 683 2665 738 In
2725 682 2944 749 Deipar.

2055 779 2390 832 lntemerata
2419 774 2511 830 Dei
2552 788 2752 845 parens
2780 770 2973 842 Virgo,
3021 768 3137 824 sola
3178 767 3409 822 omnino
3437 765 3557 819 lau-

1982 869 2203 935 dabilis,
2237 864 2438 921 Filium
2468 872 2622 921 tuum
2653 878 2753 934 pro
2782 863 2960 919 servis
2988 860 3098 915 tuis
3125 872 3314 914 exora.

2338 958 2562 1014 Hirmus
2623 956 2788 1011 alius.
2858 952 2993 1009 Ton.
3050 952 3211 1006 idem.

2054 1053 2267 1117 Videte,
2309 1051 2493 1106 videte
2525 1049 2656 1120 quia
2712 1063 2815 1118 ego
2865 1062 2985 1102 sum
3033 1044 3203 1109 Deus,
3233 1041 3326 1113 qui
3374 1039 3562 1111 prius.

1984 1159 2150 1214 quam
2192 1142 2511 1197 universum
2546 1139 2723 1202 ﬂeret,
2754 1137 3070 1204 caelumque
3122 1140 3178 1189 ct
3226 1145 3378 1187 terra
3424 1145 3561 1185 con-

1985 1242 2220 1295 starent,
2251 1233 2434 1288 omnia
2469 1233 2633 1298 novi;
2667 1239 2816 1284 totus
2841 1229 3121 1284 exsistens
3167 1226 3224 1279 in
3268 1221 3452 1298 Patre,
3497 1232 3564 1274 ac

1985 1336 2157 1383 totum
2192 1328 2245 1381 in
2273 1341 2362 1380 me
2395 1294 2852 1384 Patrem'l’erens.
3283 1294 3317 1310 ’

2057 1418 2274 1482 Videte,
2302 1417 2486 1472 videte
2525 1415 2656 1485 quia
2685 1428 2787 1484 ego
2831 1427 2954 1467 sum
2986 1411 3154 1475 Deus,
3187 1407 3277 1478 qui
3308 1405 3442 1461 olim
3477 1403 3561 1460 is-

1987 1512 2098 1567 rael
2135 1524 2232 1581 per
2267 1523 2419 1563 mare
2451 1505 2698 1561 Rubrum
2740 1502 2943 1559 deduxi
2977 1501 3296 1570 salvavique
3324 1504 3380 1554 et
3421 1497 3564 1562 alui,
3602 1514 3607 1519 ι

1988 1612 2152 1674 atque
2181 1617 2213 1656 a
2254 1599 2559 1655 Pharaonis
2592 1596 2861 1654 servitute
2886 1593 3137 1650 liberavi.

2058 1784 2239 1840 Verbo
2290 1780 2514 1838 condidi
2546 1778 2745 1835 coelum
2791 1783 2845 1830 et
2892 1781 3095 1829 terram
3134 1789 3148 1825 :
3189 1767 3389 1840 quippe
3414 1777 3566 1821 eram

294 1878 454 1949 ήμην
482 1876 591 1947 γὰρ
613 1877 690 1948 τῷ
721 1880 916 1949 Πατρὶ,
949 1878 1045 1932 καὶ
1060 1877 1149 1932 διὰ
1177 1878 1336 1946 λόγου
1364 1877 1515 1947 φέρω
1529 1877 1647 1931 τόδε
1668 1878 1731 1931 τὸ
1755 1878 1884 1942 πᾶν,

2019 1894 2115 1932 nm
2169 1876 2353 1941 Patre,
2384 1873 2683 1942 verboque,
2718 1870 2891 1922 hocce
2924 1864 3244 1919 universum
3280 1865 3462 1928 porto,
3506 1861 3569 1908 ut

292 1968 378 2032 ὡς
401 1969 592 2037 Λόγος,
621 1969 718 2023 καὶ
771 1970 966 2038 Σοφία,
999 1970 1092 2024 καὶ
1134 1969 1397 2041 Δύναμις,
1427 1970 1523 2024 καὶ⁸
1571 1967 1757 2037 εἰκὼν,
1789 1968 1884 2021 καὶ

298 2061 624 2130 συνουργδς,
656 2061 750 2113 καὶ
788 2062 1064 2133 ίσουργός.
1672 2061 1689 2073 ’

374 2153 471 2215 Τίς
504 2153 728 2223 χρόνους
766 2153 919 2206 ἔθετο
947 2171 960 2219 ς
995 2153 1092 2218 Τίς
1121 2155 1149 2206 6
1192 2152 1397 2217 αίῶνας
1428 2153 1713 2225 συντηρῶν
1741 2170 1757 2219 ;
1785 2153 1883 2217 Τίς

290 2244 416 2300 ὀτὺ
464 2247 574 2299 πᾶν
611 2244 811 2316 ὁρίζων
856 2247 955 2300 καὶ
1009 2246 1305 2315 συγκινῶν,
1342 2244 1502 2316 εἰμὴ
1551 2248 1580 2298 6
1630 2245 1884 2316 ἁνάρχως

297 2333 478 2388 συνὼν
504 2335 594 2388 ἀεὶ
614 2335 695 2405 τῷ
722 2334 920 2407 Πατρὶ,
950 2333 1141 2404 ὥσπερ
1166 2334 1326 2399 ἀκτὶς
1350 2334 1409 2388 ὲν
1438 2332 1516 2404 τῷ
1541 2333 1702 2403 φωτί.

374 2505 442 2563 Ὦ
472 2510 572 2581 τῆς
604 2510 847 2583 ἀμέτρου
879 2528 974 2564 σου
1010 2509 1449 2581 φιλανθρωπίας,
1467 2508 1643 2578 Ἰησοῦ
1669 2510 1682 2565 ι
1714 2508 1886 2577 ἐγνώ-

293 2619 462 2673 ρισας
496 2602 605 2675 γὰρ
641 2604 774 2673 ἡμῖν
807 2602 908 2672 τῆς
942 2602 1257 2665 συντελείας
1298 2600 1505 2655 ἄνωθεν
1536 2600 1628 2654 τὸν
1671 2599 1884 2670 καιρὸν,

291 2694 553 2764 καλύψας
581 2695 679 2764 τὴν
710 2693 856 2763 ὤραν
878 2709 891 2723 ·
927 2691 1212 2764 τρανὼσας
1238 2691 1297 2745 δὲ
1323 2691 1613 2763 τηλαυγῶς
1656 2690 1731 2744 si
1752 2691 1885 2745 ὑπο-

289 2787 576 2857 δείγματα
611 2786 808 2853 αὐτῆς.

376 2879 565 2931 Πάντα
617 2877 948 2928 ἐπίστασαι·
981 2874 1163 2927 πάντα
1222 2872 1539 2941 γινώσκεις,
1557 2871 1769 2943 ’ῐησοῧο
1809 2871 1887 2936 ὡς

293 2971 445 3039 ἔχων
500 2969 558 3020 ὲν
608 2966 692 3019 σοὶ
736 2965 797 3018 τὸ
830 2965 1100 3036 πατρικὸν
1131 2963 1351 3033 ἀξίωμα
1393 2948 1609 3027 θεῖκῶς,
1645 2963 1738 3015 καὶ
1765 2962 1886 3015 ὅλον

294 3063 365 3115 τὸ
413 3059 638 3130 Πνεῦμα
677 3057 938 3130 ἐμφύτως
991 3056 1175 3128 φέρων
1235 3056 1294 3109 ἐν
1349 3057 1452 3120 σοὶ,
1502 3054 1565 3107 τὸ
1616 3055 1887 3108 συναϊδιον

292 3153 503 3221 Πατρί.

1989 1970 2083 2042 qui
2114 1968 2379 2029 Verbum,
2411 1962 2821 2034 Sapientiaque,
2844 1966 2899 2016 et
2931 1955 3121 2010 Virtus
3175 1952 3279 2008 sim
3305 1951 3329 1991 ⁸
3351 1988 3367 2015 ,
3398 1943 3565 2002 simul

1990 2078 2055 2117 ac
2086 2061 2201 2130 pari
2243 2073 2368 2114 cum
2401 2057 2561 2112 Patre
2596 2059 2871 2125 potestate
2915 2063 3104 2119 agens.

2062 2125 2198 2217 Quis
2234 2157 2481 2217 tempora
2531 2143 2753 2215 posuit?
2802 2140 2940 2206 Quis
2994 2141 3290 2192 consrrvat
3326 2125 3569 2185 saecula?

1991 2242 2127 2310 Quis
2178 2240 2498 2295 universum
2562 2234 2790 2299 delinit,
2855 2234 3318 2293 commovetque,
3372 2225 3572 2289 praeter

1991 2350 2138 2401 eum,
2171 2332 2267 2404 qui
2305 2337 2390 2387 est
2413 2340 2677 2385 aeternum
2709 2339 2833 2380 cum
2863 2321 3048 2385 Patre,
3078 2327 3339 2388 tanquam
3381 2310 3570 2367 radius

1992 2430 2048 2483 in
2103 2425 2263 2482 luce?

2064 2519 2109 2574 0
2159 2518 2484 2570 immensam
2536 2519 2719 2573 tuam,
2758 2523 2792 2562 o
2825 2504 2976 2569 Iesu,
3024 2495 3411 2556 clementiam!
3448 2490 3568 2546 Iam

1990 2613 2193 2685 quippe
2240 2609 2372 2663 olim
2429 2601 2923 2660 consummationis
2979 2590 3273 2650 declarasti
3329 2598 3566 2654 tempus.

1992 2706 2130 2759 hora
2216 2699 2548 2764 occultata;
2617 2695 2779 2764 cujus
2845 2685 3211 2745 nihilominus
3283 2677 3574 2751 perspicua

1993 2791 2235 2850 edideris
2265 2788 2538 2857 exempla.

2066 2883 2186 2936 Scis
2233 2880 2451 2944 omnia;
2494 2873 2638 2930 nosti
2699 2871 2903 2935 omnia,
2936 2882 2970 2923 o
3029 2863 3201 2921 Jcsn!
3263 2866 3324 2914 ut
3370 2858 3424 2912 in
3467 2868 3576 2925 quo

1993 2971 2287 3028 divinitate
2331 2976 2558 3037 paterna
2609 2962 2850 3029 dignitas
2880 2957 3147 3018 exsistat;
3181 2966 3245 3005 ac
3270 2948 3363 3018 qui
3400 2954 3575 2999 totum

1993 3062 2223 3116 insitum
2284 3034 2347 3112 in
2396 3064 2448 3110 te
2514 3052 2662 3108 feras
2719 3058 3055 3105 coaeternnm
3106 3040 3256 3098 Patri
3310 3034 3574 3106 Spiritum

1994 3158 2271 3206 sanctum.

376 3242 627 3297 Δέσποτα
669 3241 867 3313 Κύριε,
902 3241 931 3295 6
968 3240 1078 3294 τῶν
1121 3239 1317 3295 αἱὼνον
1370 3236 1624 3309 ποιητὴς,
1659 3237 1889 3304 ἀξίωσον

2070 3238 2209 3293 llerc
2240 3235 2487 3296 Domine,
2507 3233 2738 3289 Creator
2760 3228 3123 3292 surculorum;
3154 3223 3263 3287 l'ac,
3290 3236 3498 3294 qumso,
3517 3227 3578 3273 nt

296 3333 403 3387 καὶ
455 3334 608 3404 ἡμᾶς
667 3333 766 3401 τῆς
806 3333 957 3402 ἱερᾶς
1006 3332 1223 3402 ἐκείνης
1250 3332 1373 3385 τότε
1410 3330 1597 3400 φωνῆς
1632 3330 1887 3393 ἀκοῦσαι,

1993 3338 2048 3388 et
2084 3331 2189 3401 ipsi
2240 3342 2455 3384 sacram
2503 3326 2650 3379 illam
2689 3333 2822 3378 tunc
2877 3334 3065 3375 vocem
3108 3314 3297 3371 audire
3364 3327 3576 3369 nterea-

301 3398 582 3493 καλούσης
613 3398 741 3487 τοὺς
780 3398 1073 3485 ὲκλέκτους
1103 3398 1195 3475 tofi
1228 3398 1463 3492 Πατρὺς,
1494 3398 1576 3482 εἰς
1614 3419 1889 3490 βασιλείαν

2019 3440 2139 3488 nur,
2174 3431 2461 3479 vocantem
2493 3418 2698 3475 electos
2727 3417 2780 3471 in
2811 3427 3040 3485 regnum
3070 3398 3409 3465 oculorum".

303 3516 586 3587 οὐρανῶν.

1004 3605 1182 3671 Δόξα.

384 3702 624 3772 ’Δναρχε
671 3698 901 3753 ἄκτιστε
944 3698 1138 3768 Τριὰς,
1168 3696 1437 3768 ἀμέριστε
1470 3692 1672 3763 μονάς’
1702 3694 1735 3762 ή
1767 3692 1894 3761 τρία

2211 3640 2215 3645 ρ
2356 3618 2361 3621 ‘
2689 3595 2904 3650 Gloria.

2065 3695 2292 3750 )EIerna
2346 3693 2597 3747 increata
2655 3688 2941 3747 Trinitas,
2995 3678 3277 3736 individua
3339 3673 3578 3738 Unilas,

306 3792 449 3851 οὖσα
662 3793 761 3846 ἕν’
797 3764 1008 3863 Πατὴρ,
1071 3764 1222 3854 Υἱὸς,
1287 3764 1380 3841 καὶ
1431 3787 1699 3856 Πνεῦμαο
1753 3778 1889 3847 εἷςὸ

2023 3787 2103 3840 ria
2137 3785 2438 3846 exsistens,
2474 3793 2799 3849 unumque:
2843 3774 3032 3835 Pater,
3078 3770 3274 3830 Filius,
3310 3764 3581 3836 Spiritus-

306 3887 447 3950 Θεός
477 3903 491 3917 ·
525 3884 827 3955 προσδέχου
865 3882 957 3936 τὸν
996 3880 1166 3952 ὕμνον
1198 3881 1262 3933 ὲκ
1299 3878 1410 3931 τῶν
1433 3877 1684 3947 [πηλίνων
1710 3874 1895 3942 γλωσ-

308 3980 423 4034 σῶν
453 3979 529 4043 ὡς
555 3981 619 4032 ὲκ
650 3976 933 4049 στομάτων
961 3972 1268 4045 φλογερῶν.

980 4069 1223 4129 Θεοτόκ.

383 4167 663 4238 Σκήνωμα
711 4160 868 4230 ἅγιον
907 4160 1127 4231 ὤφθης,
1161 4156 1408 4227 Ιῐαρθένε
1441 4155 1537 4210 τοῦ
1599 4152 1737 4208 Θεοῦ
1768 4168 1782 4181 ·
1838 4153 1899 4205 ὲν

1997 3896 2126 3951 que,
2179 3878 2321 3933 Deus
2354 3891 2534 3941 unus;
2585 3889 2616 3927 a
2654 3872 2819 3927 luteis
2870 3866 3094 3939 linguis,
3128 3878 3228 3918 ceu
3281 3860 3351 3916 ab
3407 3858 3586 3929 igneis

1999 3971 2219 4040 suscipe
2255 3969 2554 4024 canticum.
2874 4026 2881 4031 ,

2623 4051 2691 4108 In
2724 4051 2953 4121 'Dcipar.

2072 4148 2168 4204 Dei
2202 4146 2618 4204 tabernaculum
2671 4152 2931 4199 sanctum
2984 4141 3128 4196 facta
3177 4152 3260 4203 es,
3313 4150 3347 4190 o
3376 4132 3581 4203 Virgo;

312 4260 404 4315 soi.
426 4228 534 4327 γάρ
568 4228 681 4310 τῶν
721 4228 978 4325 οὖρανῶν-
1004 4256 1033 4308 6
1072 4252 1329 4324 βασιλεὺς
1378 4250 1612 4320 οἰκήσας
1655 4262 1889 4316 σωματι-

2024 4256 2054 4294 η
2089 4247 2141 4294 te
2162 4239 2308 4294 enim
2341 4238 2609 4292 caelorum
2653 4233 2769 4290 Rex
2818 4247 3053 4303 corpOre
3093 4228 3425 4302 hospitatus,
3461 4239 3585 4292 spe-

310 4314 451 4417 κῶς,
505 4314 1201 4421 ἒπροῆλθεν.ὡραῖος,1τδν
1263 4314 1552 4413 ἄνθρωπον
1599 4340 1660 4391 ὲν
1720 4314 1889 4406 ἐαυτῷ

2019 4330 2189 4386 :iosus
2239 4323 2794 4400 processitinotum
2846 4324 2900 4377 in
2953 4336 3012 4378 se
3050 4321 3350 4381 hominem,
3399 4314 3584 4369 divina

307 4440 722 4513 ἁναμορφώσας
749 4437 970 4500 θεῖκῶς.

668 4533 812 4586 Καθ.
834 4526 931 4600 ἦχ.
951 4525 1032 4593 β’.
1057 4520 1557 4592 Εὐσπλαγχνίαςζ

2003 4420 2240 4494 quadam
2267 4418 2579 4474 reformatis
2607 4417 2841 4499 ratione.

2152 4513 2334 4579 Catia,
2374 4529 2469 4567 seu
2509 4512 2695 4566 sessio.
2732 4518 2842 4563 ton.
2886 4507 2943 4561 2.
2978 4500 3390 4559 Misericordiae.

191 4667 201 4674 .
387 4619 777 4690 Εὑσπλαγχνίᾳ
812 4586 1152 4687 κίνοέμενος,
1190 4586 1416 4683 Χριστε,
1452 4586 1721 4671 ἑκουσίως
1765 4620 1889 4677 προ-

2076 4603 2459 4661 Misericordia
2496 4610 2698 4665 motus,
2728 4598 2974 4659 Christe,
3000 4597 3145 4651 ultro
3172 4593 3239 4649 ad
3265 4591 3585 4662 passionem

311 4713 456 4784 ἑρχῃ
491 4709 587 4764 τοῦ
618 4681 836 4773 iisdem,
875 4681 1165 4779 εὐεργέται,
1196 4681 1365 4756 θέλων
1389 4699 1497 4753 τῶν
1529 4696 1721 4752 παθῶν
1751 4696 1889 4766 ὑμᾶς

2019 4697 2354 4759 processisti,
2410 4709 2444 4750 o
2489 4693 2770 4755 beneﬁce,
2818 4706 2930 4762 quo
2980 4703 3080 4744 nos
3129 4702 3160 4740 a
3225 4681 3587 4755 passionihus

310 4773 726 4876 λυτρώσασθαι,
749 4800 844 4854 καὶ
879 4773 986 4869 τῆς
1020 4773 1079 4850 ὲν
1120 4795 1200 4866 τῷ
1228 4794 1333 4873 ᾂδῃ
1368 4791 1776 4863 κατακρίσεως.
1809 4787 1889 4841 Διέ

2019 4790 2261 4860 ritiisque
2289 4803 2354 4843 ac
2386 4785 2587 4841 inferni
2628 4783 2984 4838 damnatione
3016 4779 3337 4835 redimercs.
3370 4773 3578 4841 Quam-

317 4896 418 4951 σοῦ
466 4893 536 4948 τὰ
594 4892 758 4962 τίμια
803 4885 1156 4959 ἀνυμνοῦμεν
1208 4884 1553 4954 παθήματα,
1582 4880 1680 4933 καὶ
1740 4877 1906 4943 δοξά-

1997 4882 2188 4936 οιιτειη
2232 4888 2358 4934 tuas
2397 4876 2622 4932 cantico
2673 4873 2964 4945 passiones
2998 4868 3309 4931 laudamus,
3357 4878 3587 4920 omnes-

314 4989 518 5058 ζομεν,
555 4953 762 5055 Σῶτερ,
795 4953 927 5050 τὴν⁷
952 4953 1130 5049 ἄκραν
1193 4993 1286 5029 σου
1340 4953 1543 5037 τιάντες
1613 4968 1889 5039 συγκατά-

2019 4986 2107 5042 ιιιθ
2136 4985 2257 5026 eam
2312 4968 2714 5040 gloriﬁcamus,
2745 4980 2778 5017 ο
2829 4963 3104 5027 Salvator,
3155 4973 3265 5030 qua
3317 4964 3372 5013 te
3420 4953 3591 5010 nobis

2008 5077 2221 5120 summe
2248 5059 2553 5120 inclinasti,
2588 5057 2990 5129 dignationem.

2543 5149 2654 5206 Ode
2703 5149 2759 5204 8.
2810 5148 3053 5202 Hirmus.

314 5081 501 5134 ϐασιν.

780 5159 917 5235 ᾨδὴ
972 5165 1046 5228 η’.
1087 5158 1150 5212 '0
1202 5155 1443 5225 Εἱρμός.

396 5255 657 5327 ’Ἄγγελοι
718 5229 815 5307 καί
868 5248 1124 5321 οὐρανοὶ,
1176 5247 1269 5300 τὸν
1323 5245 1417 5296 ἐπὶ
1479 5242 1672 5307 θρόνου
1741 5239 1889 5310 δόξηςΙ

2076 5246 2291 5317 Angeli,
2337 5244 2593 5312 coelique,
2633 5256 2759 5297 eum
2806 5239 2898 5308 qui
2947 5237 3102 5294 sedet
3134 5235 3189 5290 in
3228 5233 3427 5289 throno
3461 5229 3591 5301 κιο-ι

314 5348 710 5419 ἐποχούμενοι),
735 5343 830 5397 καὶ
871 5341 947 5405 ὡς
994 5340 1128 5394 Θεὸν
1178 5336 1475 5396 ἀπαύστως
1518 5334 1889 5404 δοξαζόμενον,

2019 5339 2128 5406 riae,
2163 5352 2227 5393 ac
2266 5337 2412 5392 velut
2443 5335 2606 5399 Deus,
2651 5333 2999 5388 incessanter
3019 5326 3382 5404 gloriﬁcatur,
3412 5322 3587 5376 bene-

313 5440 619 5509 εὐλογεῖτε,
643 5439 865 5509 ὑμνεῖτε
915 5434 1008 5488 καὶ
1040 5430 1382 5503 ὑπερυψοῦτε
1415 5429 1496 5493 είς
1527 5426 1735 5489 πάντας
1774 5425 1889 5487 τοὺς

2019 5432 2197 5496 dicite,
2236 5429 2470 5494 laudate,
2494 5436 2551 5484 et
2582 5423 2988 5496 supercxaltate
3019 5436 3115 5493 per
3145 5418 3330 5476 omnia
3357 5413 3587 5471 saecula.

315 5551 549 5595 αιωνας.

395 5591 618 5688 Πάντως
647 5623 907 5694 ήκουσας,
934 5618 1102 5691 ψυχὴ,
1136 5615 1250 5678 πῶς
1281 5617 1308 5667 6
1335 5612 1566 5684 Χριστὸς
1594 5613 1702 5674 τοῖς
1735 5608 1889 5671 θείοις

2082 5610 2268 5675 Plane,
2301 5625 2332 5664 ο
2365 5608 2572 5674 anima,
2607 5605 2830 5673 audisti,
2872 5611 2932 5658 ιιι
2967 5600 3223 5658 Christus
3257 5595 3460 5652 divinis
3492 5591 3586 5649 di-

394 5835 422 5877 ϐ
462 5825 627 5883 llcbr.
682 5842 721 5888 ι,
752 5827 803 5881 ’5.
881 5825 907 5864 ιι
957 5823 1144 5879 Matth.
1182 5836 1306 5887 xw,
1339 5819 1426 5874 δι.
1514 5818 1529 5859 ἰ
1566 5815 1708 5871 Psal.
1751 5829 1905 5880 xvm,
1942 5813 1995 5869 6.
