3934 6450
504 378 526 442 1
536 380 638 443 μίθῖ

1676 378 1737 439 S.
1778 375 2110 438 ANDREE
2150 368 2571 440 CRETENSIS

3632 390 3747 461 “03

502 494 732 565 seipulis
774 493 910 557 suis,
948 491 1187 547 inturam
1234 491 1772 547 consummationem
1810 489 2080 560 praedixe-

2202 489 2459 558 ιαοηταῖς
2489 492 2676 556 αὐτοῦ,
2702 492 3078 563 προανεφώνει
3106 495 3286 565 λέγων
3314 497 3417 567 τὴν
3450 500 3743 558 συντέλειαν·

502 589 622 641 rit:
676 601 800 653 uitae
838 599 1000 655 porro
1057 591 1209 636 tuum
1268 584 1432 635 tinent
1489 582 1839 650 cognoveris,
1892 588 2084 650 parata

504 680 765 747 deinceps
800 685 919 730 esto
950 696 962 733 :
1011 685 1231 745 tempus
1273 675 1454 730 exitus
1486 677 1658 729 venit.

577 770 720 835 Scis,
768 770 951 821 anima
1006 768 1377 831 infructuosa,
1427 766 1741 836 exemplum
1793 766 1936 819 servi
1994 781 2085 819 ne-

505 876 667 930 quam
704 859 763 914 i?
791 862 943 923 time,
983 874 1045 912 ac
1075 876 1145 912 ne
1185 859 1390 912 donum
1444 858 1756 929 neglexeris
1796 856 1942 927 quod
1992 872 2088 910 ac-

504 954 720 1021 ci-pisti,
795 968 902 1007 non
937 962 995 1007 ut
1029 952 1344 1006 occultares
1380 954 1434 1005 in
1483 960 1649 1015 terra,
1705 951 1797 1005 sed
1834 959 1895 1004 ut
1927 966 2087 1022 nego-

505 1045 746 1096 tina-eris.

575 1135 719 1189 Lana
769 1136 841 1190 sit
889 1144 942 1187 et
1001 1135 1152 1190 clara
1201 1135 1412 1203 lampas
1450 1131 1515 1197 κς
1576 1136 1817 1187 exundet
1867 1147 2093 1201 quoque

505 1227 882 1295 exulierelqtte
911 1224 1033 1292 ejus
1060 1226 1265 1288 oleum,
1287 1222 1751 1292 quemadmodum
1781 1223 1833 1274 id
1877 1230 2094 1290 tempo-

505 1318 586 1372 ris
611 1318 989 1371 misericordia
1020 1317 1072 1369 in
1111 1318 1444 1385 virginibus,
1482 1326 1540 1368 ut
1571 1314 1879 1379 inveneris,
1913 1330 1945 1368 ο
1973 1314 2093 1367 aui~

508 1424 616 1468 ma,
644 1420 892 1477 apertum
936 1408 1028 1460 illa
1070 1407 1207 1460 hora
1237 1408 1565 1460 thalamum.

484 1503 489 1509 ’
576 1500 711 1553 Cum
749 1499 1059 1567 Praeceptor
1106 1499 1344 1552 Sabbato
1368 1509 1421 1552 et
1452 1497 1630 1551 hieute
1671 1497 1848 1566 fugam
1878 1496 2011 1549 dicit
2044 1493 2090 1562 ι,

509 1600 914 1660 tempestatem,
953 1606 1077 1660 qum
1119 1591 1219 1643 aevi
1255 1589 1421 1658 hujus
1473 1588 1814 1643 hebdomade
1858 1596 1965 1653 est,
2002 1587 2091 1641 in.

506 1682 663 1747 nuit;
695 1698 801 1751 qua
839 1680 985 1750 fluis,
1022 1682 1220 1737 hiemis
1254 1682 1450 1746 instar,
1504 1690 1946 1752 snperventurus
1994 1682 2087 1738 sit.

574 1865 814 1931 Audisti,
840 1867 1045 1932 anima,
1091 1868 1209 1924 fere
1237 1875 1369 1923 tunc
1398 1866 1705 1922 terribilem
1754 1866 1832 1919 tui
1871 1864 2087 1918 Domini

462 1958 802 2013 adventum
849 1966 934 2025 ’³,
989 1960 1163 2013 instar
1222 1958 1457 2029 fulguris
1518 1959 1629 2012 cito
1686 1956 2025 2013 transeuntis
2072 1974 2088 2012 :

503 2068 646 2123 pone
674 2052 741 2107 de
767 2063 966 2108 caetero
1002 2067 1251 2123 operam,
1276 2058 1334 2106 ut
1375 2059 1567 2122 parata
1596 2051 1695 2106 sis.

570 2232 709 2288 Cum
743 2243 875 2287 tunc
904 2232 1154 2289 Judexin
1196 2235 1463 2298 millibus,
1499 2243 1555 2289 et
1577 2235 1810 2289 millium
1843 2234 2091 2290 millibus

498 2326 842 2381 exercituum
875 2327 1195 2393 angi-lorum
1218 2333 1273 2381 et
1298 2326 1564 2381 virtutum
1584 2327 1798 2381 venerit
1832 2337 1860 2365 ιι
1891 2346 1904 2380 :
1948 2342 2090 2397 qua-

499 2418 592 2481 lis,
625 2433 657 2470 o
684 2420 888 2484 anima,
939 2419 1157 2475 futurus
1197 2428 1282 2473 est
1311 2420 1514 2473 timor?
1558 2421 1776 2489 qualis;
1809 2418 1917 2474 heu
1960 2421 2086 2476 me!

499 2511 744 2565 tremor?
767 2511 1076 2566 astantibus
1112 2511 1273 2566 nudis
1305 2511 1587 2565 omnibus.

1191 2619 1403 2676 Gloria.

570 2713 727 2769 Unus
758 2714 944 2783 itaque
981 2710 1125 2768 Deus
1157 2725 1241 2769 est
1280 2713 1566 2783 Trinitas;
1604 2733 1713 2771 non
1741 2719 1890 2773 velut
1925 2718 2088 2776 Pater

497 2820 728 2860 excessu
757 2803 876 2858 Filii
910 2805 1176 2860 rationem
1225 2807 1525 2872 asciverit,
1577 2818 1739 2866 autve
1775 2812 1947 2868 Filius
1995 2828 2088 2866 ra-

498 2896 705 2951 tionem
740 2895 1146 2963 proressionis;
1182 2896 1444 2953 distincte
1486 2915 1549 2952 ac
1583 2916 1677 2968 per
1710 2917 1791 2966 se,
1827 2902 2088 2971 quodque

497 2987 713 3053 lumen;
752 2988 854 3040 tria
902 2985 1070 3042 Deum
1109 2990 1359 3058 gloriﬁco
1395 2991 1450 3044 in
1486 2991 1710 3049 saecula.

1123 3108 1187 3159 In
1244 3106 1460 3174 Πείραι’.

2193 579 2399 647 γνοῦσα
2457 581 2515 633 δέ
2547 599 2642 636 σου
2682 582 2745 635 τὸ
2773 584 2951 651 τέλος,
2981 586 3277 656 ὲτοιμάζου
3331 586 3519 644 λοιπόν
3541 607 3556 620 ·
3586 594 3748 664 καιρδς

2190 670 2370 736 ἐξόδου
2404 671 2552 742 ἥκει.

2266 763 2497 831 Ἔγνως,
2532 765 2690 833 ἄγονε
2720 766 2888 838 ψυχὴ,
2919 767 3012 821 τοῦ
3045 769 3291 841 πονηροῦ
3323 770 3539 824 οἰκέτου
3564 772 3620 825 τὸ
3643 774 3752 828 ὑπό.

2191 855 2426 925 δειγμας
2462 857 2632 926 φοϐοῦ
2667 897 2683 921 ,
2712 859 2807 913 καὶ
2842 860 2917 931 μὴ
2945 860 3142 924 ἀμέλει
3188 861 3287 914 τοῦ
3322 862 3678 933 χαρίσματος,
3702 863 3752 920 οὗ

2191 948 2377 1014 ἐδέξω,
2412 951 2511 1021 οὐχ
2542 951 2629 1005 ἵνα
2667 953 3029 1027 καεακρύψῃς
3060 955 3141 1018 εἰς
3163 954 3297 1024 γῆν,
3329 955 3451 1010 ἀλλ’
3479 955 3566 1010 ἵνα
3607 958 3755 1027 ἐμπο.

2197 1039 2388 1110 ρεύσῃ.

2261 1132 2641 1202 Φαιδρυνὲσθω
2695 1134 2727 1203 ή
2784 1134 3052 1205 λαμπὰς,
3087 1134 3538 1207 ὑπερὸρεχέσθω
3583 1139 3757 1210 ταύτης

2192 1222 2287 1273 καὶ
2312 1220 2372 1272 τὸ
2403 1221 2604 1286 ἔλαιον,
2636 1220 2712 1285 ὡς
2738 1224 2859 1286 ταῖς
2891 1223 3188 1292 παρθένοις
3215 1224 3350 1276 τότε
3382 1225 3417 1293 ἡ
3446 1226 3757 1294 συμπάθεια,

2194 1313 2281 1366 ἴνα
2308 1311 2498 1384 εὕρῃς,
2526 1313 2671 1385 ψυχή
2710 1331 2812 1385 μου
2838 1356 2852 1381 ,
2881 1315 2971 1370 τὸν
3003 1317 3274 1389 νυμφῶνα
3322 1319 3454 1370 τότε
3502 1319 3759 1391 ἀνεῳγμέ-

2192 1425 2305 1461 νον.

2277 1502 2367 1555 Ἐν
2390 1501 2658 1572 Σαϐϐάτῳ
2693 1500 2792 1571 τὴν
2824 1500 3006 1572 φυγὴν
3043 1501 3142 1554 καὶ
3174 1502 3234 1554 ὲν
3261 1501 3508 1572 χειμῶνι
3535 1503 3755 1571 λέγων,ό

2193 1591 2548 1654 Διδάσκαλος,
2584 1592 2683 1662 τὴν
2709 1591 2812 1660 τῆς
2864 1592 3100 1662 ἑϐδόμης
3152 1593 3328 1661 ζάλην
3379 1595 3753 1664 προαινίττεται

2191 1682 2284 1734 τοῦ
2317 1682 2582 1752 παρόντος
2611 1683 2827 1746 αἰῶνος,
2859 1685 2916 1737 ὲν
2948 1677 2993 1753 ᾧ
3024 1685 3312 1757 ἐπανήξει,
3340 1683 3557 1756 ὥσπερ,
3582 1686 3751 1758 χειμὼν

2194 1773 2254 1826 τὸ
2282 1773 2455 1835 τέλος.

2268 1868 2481 1937 Ὠσπερ
2517 1866 2683 1937 τάχος
2723 1869 3016 1938 ἀστραπῆς
3062 1869 3460 1941 διερχομένης,
3491 1869 3630 1925 οὕτω
3658 1872 3749 1925 τότε

2193 1957 2415 2013 ἔσεσθαι
2473 1959 2571 2030 τὴν
2641 1960 2882 2031 φοϐερὰν
2931 1961 3152 2032 ἐκείνην
3204 1961 3301 2015 τοῦ
3360 1963 3631 2015 Δεσπότου
3679 1981 3747 2016 σου

2156 2040 2163 2049 ’
2193 2050 2521 2122 παρουσίαν,
2555 2052 2702 2123 ψυχή
2733 2070 2862 2123 μου,
2894 2053 3137 2125 ἤκουσας
3167 2070 3181 2087 ο
3224 2054 3435 2125 ἑτοίμη
3488 2054 3660 2107 λοιπὸν
3679 2071 3747 2124 γε.

2191 2143 2379 2198 νὲσθαι
2416 2142 2677 2196 σπεῦσον.

2265 2237 2436 2289 Ὅταν
2472 2234 2600 2305 ἔλθῃ
2655 2235 2684 2287 ὁ
2718 2234 2930 2306 Κριτὴς
2963 2235 3023 2290 ὲν
3051 2236 3253 2305 χιλιάσι
3278 2236 3413 2290 τότε
3475 2238 3741 2307 μυριᾶσιτι

2191 2325 2503 2394 ἀγγελικῶν
2546 2325 2845 2393 ταγμάτων
2893 2325 2989 2379 καὶ
3031 2327 3322 2398 δυνάμεων
3351 2342 3367 2357 ο
3414 2329 3570 2389 ποῖος
3602 2326 3732 2395 φάεος,

2189 2415 2334 2485 ψυχή
2366 2431 2468 2484 μου
2491 2416 2685 2483 ςεποῖος
2734 2413 2976 2485 τρόμος;
3009 2415 3156 2487 οἴμοι
3185 2429 3199 2443 ⁸
3252 2416 3495 2488 γυμνῶν
3540 2414 3729 2469 ἑστὼτιη

2193 2507 2432 2562 πάντων.

2570 2676 2582 2686 ,
2882 2618 3060 2697 Διίξα.

2261 2708 2358 2774 Εἷς
2388 2712 2519 2776 Θεδς
2548 2706 2642 2766 οὖν
2671 2712 2704 2783 ή
2729 2712 2904 2783 Τριάς
2933 2730 2949 2745 ο
2981 2712 3042 2765 οὐ
3086 2711 3182 2765 τοῦ
3215 2712 3445 2784 Πατρὸς
3493 2710 3738 2770 ἐκστάντος

2190 2808 2268 2869 εἰς
2306 2804 2550 2873 υίὸτητα,
2579 2804 2699 2856 οὐδὲ
2746 2787 2878 2856 Υίοῦ
2937 2803 3242 2872 τραπέντος
3281 2805 3370 2867 εἰς
3405 2801 3736 2871 ὲκπόρευσιν⁶

2188 2899 2305 2953 ἀλλ’
2338 2897 2448 2969 ίδῐᾳ
2497 2899 2591 2951 καὶ
2631 2897 2800 2969 ἄμφω
2841 2896 2956 2967 φῶς
2985 2897 3120 2951 Θεὸν
3165 2895 3234 2950 τὰ
3264 2893 3429 2968 τρία,
3460 2894 3651 2960 δοξάζω
3678 2894 3739 2961 εἰς

2189 2991 2417 3054 αἰῶνας.

2733 3107 2976 3159 Θεοτόκ.

567 3198 820 3269 Suscipe,
849 3215 881 3253 ο
918 3199 1083 3264 Deus,
1119 3216 1308 3270 preces
1356 3206 1602 3265 nostras,
1651 3199 1745 3254 Dei
1787 3200 2084 3257 Genitricis

2259 3199 2391 3262 Ταῖς
2415 3197 2758 3267 πρεσϐείαις.
2783 3191 2828 3251 ὧ
2851 3198 2985 3263 Θεὸς
3001 3239 3016 3264 ,
3039 3198 3143 3267 τῆς
3169 3198 3470 3257 Θεοτόκου,
3499 3193 3639 3263 δέχου
3661 3187 3736 3254 τὴν

495 3291 1034 3360 intercessionibus;
1058 3293 1418 3361 vicissimque
1446 3302 1593 3347 tuam
1628 3293 1680 3346 in
1710 3308 1904 3347 omnes
1934 3294 2083 3363 large

495 3383 564 3438 de
591 3384 732 3437 coelo
756 3389 909 3440 mitte
943 3384 1413 3451 misericordiam;
1443 3396 1704 3455 tuamque
1746 3392 1841 3440 tuo
1873 3386 2083 3456 populo

494 3482 695 3543 praesta
719 3490 933 3545 pacem.
1335 3478 1338 3481 ’

1033 3590 1146 3646 Ode
1185 3590 1240 3645 9.
1295 3590 1542 3645 Ilirmus.

566 3678 712 3734 Olim
752 3680 806 3734 in
841 3688 1052 3749 monte,
1083 3684 1138 3737 in
1177 3683 1316 3737 rubo
1342 3691 1396 3737 et
1424 3684 1535 3755 igni
1572 3684 1913 3738 declaratum
1954 3700 2081 3753 par-

497 3782 610 3826 tmn
666 3781 691 3810 ο
717 3815 730 3836 ,
781 3773 1109 3844 legislatori,
1152 3776 1207 3830 in
1244 3785 1490 3830 nostram
1542 3777 1782 3831 lidelium
1820 3779 2077 3843 salutem,

495 3883 778 3937 nunquam
814 3868 1069 3925 tacituris
1109 3870 1349 3926 canticis
1376 3871 1824 3942 magniﬁcentius.

569 4045 813 4109 Audisti,
857 4062 890 4101 ο
930 4047 1132 4112 anima,
1164 4050 1286 4119 ipso
1330 4049 1663 4119 praedicente
1713 4048 1912 4104 .ludice
1944 4060 1969 4100 ρ
2014 4065 2079 4106 ac

495 4147 550 4191 te
582 4139 817 4192 (lucente
847 4146 1063 4209 tempus
1108 4140 1643 4213 consummationis:
1681 4138 1928 4213 praepara
1956 4159 2079 4211 quae

495 4245 634 4297 opus
663 4230 833 4285 habes
862 4230 929 4285 ad
959 4233 1168 4286 exitum
1204 4248 1394 4303 opera,
1428 4241 1487 4288 ut
1522 4249 1590 4289 ne
1623 4234 1764 4290 forte
1808 4235 1958 4290 velut
1988 4251 2078 4292 re-

494 4323 662 4392 proba
742 4339 772 4378 a
804 4326 1249 4397 Deo-rejiciaris.

564 4416 609 4469 Α
640 4414 725 4471 iici
750 4419 950 4474 arbore
978 4429 1005 4468 ει
1026 4460 1040 4484 ,
1064 4434 1096 4474 ο
1144 4419 1349 4488 anima,
1372 4420 1534 4475 [intem
1557 4420 1806 4481 addisce,
1830 4435 1958 4476 cum
1996 4428 2077 4477 te-

494 4509 637 4563 uella
671 4508 875 4565 fuerint
916 4512 1045 4567 folia
1094 4526 1148 4567 et
1178 4516 1313 4568 rami
1361 4516 1509 4577 nati;
1548 4516 1661 4581 jam
1714 4515 1975 4584 deinceps
2012 4522 2067 4568 et.

2186 3289 2352 3360 εὐχὴν
2393 3289 2549 3359 ἡμῶν
2587 3304 2602 3318 °
2637 3288 3131 3359 ἀντικατάπεμψον
3160 3288 3218 3341 δὲ
3253 3288 3327 3341 τὰ
3377 3287 3503 3355 ὲλέη
3539 3300 3621 3335 σου
3665 3277 3734 3330 ἐπὶ

2187 3383 2397 3446 πάντας
2426 3381 2724 3450 πλουσίως,
2757 3383 2854 3437 καὶ
2876 3381 2975 3455 τὴν
3002 3382 3101 3454 σὴν
3133 3380 3426 3453 παράσχου
3460 3377 3661 3448 εἰρήνην
3678 3368 3735 3439 τῷ

2183 3474 2297 3547 λαῷ
2332 3491 2450 3530 σου.
3294 3482 3299 3485 “

2657 3583 2797 3655 mh
2838 3586 2909 3639 θ’.
2945 3583 3006 3637 Ὀ
3047 3584 3285 3652 Είρμός.

2253 3677 2360 3731 Τὸν
2378 3676 2800 3749 προδηλωθέντα
2820 3678 2878 3730 ὲν
2905 3676 3022 3745 ὄρει
3051 3676 3129 3745 τῷ
3143 3673 3417 3745 νομοθέτῃ
3444 3672 3501 3725 ἐν
3519 3667 3638 3739 πυρὶ
3658 3663 3731 3718 καὶ

2186 3774 2367 3845 βάτῳ·
2404 3774 2565 3827 τόκον
2620 3772 2711 3827 τὸν
2738 3773 2861 3842 τῆς
2905 3771 3295 3842 Ἀειπαρθένου
3362 3771 3444 3832 είς
3488 3764 3631 3837 ἡμῶν
3648 3759 3730 3813 τῶν

2183 3866 2391 3919 πιστῶν
2423 3863 2721 3937 σωτηρίαν,
2750 3865 2809 3917 ὲν
2840 3863 3038 3934 ὕμνοις
3107 3862 3405 3932 ἁσιγήτοις
3457 3852 3728 3930 μεγαλύνω-

2228 3974 2306 4010 εν.

2228 3974 2306 4010 εν.

2185 3974 2225 4029 μ
2257 4047 2741 4118 Ἥκουσας,ψυχὴ,
2764 4046 2856 4100 τοῦ
2878 4043 3088 4116 Κριτρῦ
3128 4044 3636 4119 προαναφωνοῦντος
3653 4032 3726 4088 καὶ

2181 4142 2528 4206 διδάσκοντος
2582 4158 2663 4203 σε,
2701 4143 2801 4210 τῆς
2853 4142 3173 4207 συντελείας
3215 4143 3306 4196 τὸν
3339 4141 3550 4213 χρόνον.
3592 4126 3726 4185 Ἑτοί-

2185 4235 2325 4304 μαζε
2352 4233 2422 4288 τὰ
2449 4234 2587 4304 πρὸς
2611 4231 2710 4304 τὴν
2740 4231 2917 4298 ἔξοδον
2937 4232 3096 4305 ἔργα,
3123 4235 3347 4304 μήπως,
3379 4234 3453 4297 ὡς
3481 4228 3717 4295 ἀδόκιμος»

2180 4327 2317 4382 Θεοῦ
2339 4329 2593 4399 ὲκριφῇς.

2265 4421 2400 4474 Ἀπδ
2433 4421 2532 4491 τῆς
2563 4420 2757 4491 συκῆς,
2783 4411 2828 4472 ὧ
2848 4418 3022 4489 ψυχὴ,
3056 4418 3311 4473 διδάσκου
3345 4418 3410 4472 τὸ
3437 4416 3599 4475 τέλος,
3622 4409 3720 4461 ὅταν

2173 4511 2440 4584 omnm
2470 4512 2536 4566 τὰ
2556 4511 2733 4582 φύλλα
2775 4511 2873 4565 καὶ
2912 4509 3096 4581 ἐκφύῃ
3139 4511 3265 4575 τοὺς
3296 4510 3544 4570 κλάδους,
3568 4502 3721 4571 Θέρους

492 4608 678 4665 testas;
736 4608 793 4654 tu
832 4617 1057 4672 quoque
1115 4619 1238 4657 eum
1296 4604 1414 4660 haec
1465 4604 1701 4670 videris,
1757 4605 1900 4659 scito
1932 4604 2068 4674 quia

2202 4606 2300 4676 ὒρα
2325 4605 2512 4659 λοιπόν
2536 4623 2551 4636 ο
2583 4605 2676 4658 κει)⁸
2708 4605 2773 4659 σὺ
2807 4605 2935 4657 ὅταν
2973 4603 3149 4659 ταῦτα
3184 4604 3302 4677 ἴδῃς
3322 4644 3336 4669 ,
3370 4600 3533 4673 γνῶθι
3574 4597 3645 4649 ὅτι
3676 4592 3718 4642 ἐν

493 4710 683 4764 prope
727 4703 811 4749 est
867 4695 921 4749 in
965 4696 1174 4764 jannis.

563 4785 701 4850 Quis
731 4793 884 4839 extra
922 4795 974 4840 te
1017 4786 1180 4848 alius,
1231 4783 1447 4839 Patrem
1484 4794 1635 4839 tuum
1669 4787 1960 4854 cognoscit
2008 4787 2076 4842 ιτ

492 4878 696 4942 Quisve
730 4886 960 4947 excepto
1005 4887 1078 4940 te,
1107 4879 1248 4932 diem
1281 4886 1334 4932 et
1367 4878 1553 4932 horam
1585 4880 1737 4932 novit
1765 4881 1826 4933 εἰ)
1856 4899 1875 4931 ι
1914 4880 2076 4950 Apud

494 4978 547 5022 te
585 4988 603 5020 ι
638 4970 785 5024 enim
826 4978 974 5032 sunt,
1005 4985 1040 5024 ο
1075 4968 1294 5025 Christe
1337 4969 1500 5034 Deus,
1540 4989 1558 5022 ι
1600 4985 1792 5027 omnes
1820 4972 2073 5027 thesauri

493 5060 775 5132 sapientiae
812 5062 885 5115 ί.»

563 5150 720 5207 Tunc
753 5153 969 5207 thronis
1005 5154 1199 5225 positis
1229 5156 1549 5226 aperientur
1592 5155 1752 5221 libri;
1799 5157 2073 5228 nudisque

493 5244 772 5298 stantibus
821 5246 1081 5301 omnibus
1130 5247 1380 5305 actiones
1428 5257 1774 5319 arguentur:
1835 5249 2070 5320 Quippe,

499 5350 518 5383 ι
549 5338 743 5387 ὀιιιιιιιι
778 5332 888 5389 Deo
919 5346 1107 5406 aperta
1151 5349 1279 5393 sunt
1310 5352 1338 5379 ιι
1372 5358 1392 5391 ›

562 5421 725 5480 Venit
761 5428 1009 5481 omnium
1043 5428 1241 5497 Judex,
1300 5441 1358 5486 ut
1403 5433 1468 5487 ad
1504 5434 1745 5489 tribunal
1791 5434 2071 5490 ducatur:

496 5526 664 5589 atque
715 5519 762 5575 is
803 5521 899 5591 qui
953 5522 1108 5579 sedet
1173 5541 1340 5597 super
1386 5527 1693 5584 Cherubieo
1746 5528 1968 5592 throno,
2008 5538 2070 5583 ut

577 5693 593 5748 i
634 5697 829 5753 Matth.
869 5718 996 5764 xxv,
1035 5702 1119 5757 18.
1198 5703 1223 5742 k
1263 5702 1455 5756 Matth.
1505 5718 1630 5763 xw,
1672 5703 1721 5758 l.

501 5783 583 5825 ιιι.
618 5772 674 5823 ‘2.
754 5782 775 5819 ιι
815 5773 999 5829 Matth.
1031 5790 1179 5838 sxw,
1214 5774 1266 5827 σί.

508 5854 583 5906 tv,
622 5840 707 5896 15.

1804 5700 1821 5740 ι
1857 5700 2049 5757 Matth.
2078 5719 2227 5765 xxiv,
2269 5700 2361 5755 9.0.

1349 5784 1375 5823 τι
1406 5774 1536 5827 ibid.
1736 5783 1757 5813 ι’
1794 5773 1983 5828 Matth.
2017 5790 2091 5838 χι,
2126 5774 2215 5830 27.
2254 5778 2305 5804 ’⁸
2350 5772 2559 5847 ‘Matth.
2609 5788 2756 5837 sxw,
2807 5773 2897 5827 36.

2179 4695 2373 4757 θύραις
2396 4693 2536 4747 ἐστε.

2286 4713 2373 4757 αις
2396 4712 2536 4747 εστι.

2247 4712 2344 4849 ἐίἹς
2376 4785 2535 4848 ἐκτός
2572 4801 2664 4838 σου
2691 4784 2871 4848 ἄλλος,
2913 4784 3005 4839 τὸν
3050 4784 3141 4837 σὺν
3172 4784 3436 4852 γινώσκει
3482 4779 3711 4848 Πατέρα;

2176 4882 2208 4954 ἢ
2238 4881 2325 4945 τίς
2349 4880 2491 4952 πλὴν
2521 4880 2612 4933 σοῦ
2640 4874 2748 4933 οἶδε
2771 4881 2872 4950 τὴν
2895 4879 3047 4949 ὥραν
3074 4880 3108 4949 ἣ
3136 4879 3238 4948 τὴν
3272 4881 3518 4950 ἡμέρανς
3548 4894 3567 4927 ι
3592 4867 3717 4938 Παρὰ

2175 4975 2271 5029 σοῦ
2318 4976 2428 5045 γὰρ
2479 4975 2528 5027 οἱ
2571 4973 2839 5044 θησαυροὶ
2874 4973 2972 5043 τῆς
3023 4972 3218 5040 σοφίας
3267 4973 3466 5037 πάντες
3516 4963 3713 5030 ἐνυπάρ·

2177 5082 2357 5136 χουσι,
2410 5084 2428 5117 ι
2462 5063 2670 5133 Χριστὲ
2701 5065 2727 5116 ὁ
2759 5063 2914 5127 Θεός.

2248 5157 2431 5211 Βίϐλοι
2455 5158 2838 5227 ἁνοιγήσονται
2862 5158 2986 5212 τότε
3019 5158 3230 5229 θρόνων
3255 5160 3513 5214 τεθέντων
3536 5170 3549 5185 ⁹
3588 5142 3707 5213 Πρά“

2177 5250 2288 5318 ξεις
2317 5251 2370 5303 δὲ
2409 5250 2720 5320 ἐλέγχονται
2756 5253 2980 5322 γυμνῶν
3019 5253 3272 5307 ἑστώτων
3307 5254 3513 5308 πάντων
3540 5261 3555 5277 ⁸
3593 5238 3708 5292 ατε·

2175 5343 2596 5415 τραχηλισμένα
2627 5344 2737 5415 γὰρ
2768 5344 2835 5397 τὰ
2866 5345 3045 5399 πάντα
3077 5345 3252 5414 Θεῷ.»

2256 5437 2521 5509 Ἔρχεται.
2565 5436 2594 5488 ὁ
2642 5434 2865 5489 πάντων
2900 5436 3131 5507 Κριτής,
3162 5438 3393 5508 ἀχθῆναι
3423 5435 3496 5493 εἰς
3523 5423 3702 5497 κρίσιν·

2177 5528 2206 5582 ὁ
2236 5528 2331 5581 ἐπὶ
2377 5527 2472 5581 τοῦ
2523 5527 2715 5598 θρόνου
2775 5526 2887 5581 τῶν
2942 5529 3231 5599 Χερουϐὶμ
3305 5509 3702 5598 ὲφεδρεὺων,ὡς

2471 5708 2510 5730 ’³
2542 5698 2736 5756 Matth.
2762 5702 3017 5758 “una.
3115 5709 3143 5738 ιι
3178 5697 3333 5756 Ῑιιάςη
3368 5699 3446 5754 Μ,
3512 5702 3529 5723 °
3564 5697 3694 5758 κτρα.

2996 5773 3254 5828 ιεοὶοεε.
3309 5789 3366 5837 ιι,
3409 5769 3458 5825 3.
3522 5776 3540 5800 υ
