3934 6436
363 406 504 479 1413

1603 409 1929 470 TRIODIA
1969 411 2110 472 MAI
2122 459 2134 473 .
2175 411 2403 472 HEBD.

3496 408 3643 481 1414

435 522 508 578 Ὦ
535 524 824 595 μακαρίων
847 519 1044 592 χειρῶν
1067 520 1081 575 l
1133 515 1199 574 Ὢ
1227 512 1431 592 τριχῶν
1456 513 1550 573 καὶ
1579 519 1809 590 χειλέων
1848 521 1940 573 τῶι

2131 522 2176 578 0
2208 528 2395 580 beatas
2423 523 2653 579 manus!
2682 523 2725 577 Ο
2755 521 2939 581 crines
2964 530 3018 579 et
3043 522 3188 580 labia
3226 518 3424 581 δοίη-ἰὼ
3456 541 3633 584 mere-

359 618 462 690 τῆς
490 614 768 686 σώφρονος
799 614 1024 684 πόρνης,
1061 608 1149 677 αἷς
1179 614 1395 682 ἑπέχεε,
1430 612 1636 681 Σῶτερ,
1668 611 1729 663 τὸ
1782 612 1952 683 μῦρον

361 709 503 778 πρὸς
530 708 655 770 τοὺς
694 705 880 770 πόδας,
916 707 1306 776 ὲκμασσομένη
1339 705 1558 769 αὐτοὺς,
1590 703 1811 766 πυκνῶς
1852 720 1953 756 κα-

359 799 687 870 ταφιλοῦσα.

446 863 817 959 ζΑνακειμένῳ
844 887 1006 959 γυνὴ,
1033 887 1306 942 ἐπιστᾶσά
1338 905 1442 950 σοι,
1476 889 1639 957 Λόγε,
1666 890 1803 960 πρὸς
1825 887 1950 951 τοὺς
1979 863 1990 874 ’

362 983 533 1044 πόδας
567 979 864 1052 θρηνοῦσα,
900 981 962 1032 τὸ
991 981 1369 1050 ἀλάϐαστρον,
1406 979 1613 1051 Σῶτερ,
1643 981 1738 1035 τοῦ
1777 979 1950 1051 μύρου

364 1074 682 1138 κατεκένου,
736 1072 828 1125 ἐπὶ
854 1071 952 1142 τὴν
987 1073 1085 1143 σὴν
1114 1071 1359 1144 κεφαλὴν
1412 1071 1507 1125 τοῦ
1538 1072 1811 1128 ἀθανάτου
1851 1075 1951 1146 μύο

362 1175 484 1234 ρου.

1050 1255 1227 1320 Δόξα.

430 1341 537 1393 Σὺν
563 1340 639 1412 τῷ
670 1344 846 1413 Πατρὶ
870 1342 966 1398 τὸν
995 1344 1146 1411 Υἱὺν,
1179 1347 1274 1401 καὶ
1300 1346 1361 1401 τὸ
1390 1347 1547 1418 ἅγιον
1572 1349 1817 1421 Πνεῦμα,
1848 1352 1948 1425 τὴν

355 1432 523 1501 ἁγίαν
569 1435 778 1505 Τριάδα
809 1437 867 1488 ὲν
898 1437 1113 1507 θεότητι
1159 1439 1280 1509 μιᾷ,
1332 1440 1630 1512 δοξάζομεν
1682 1442 1945 1515 βοῶντες*

358 1527 574 1593 Ἀγιος,
602 1527 775 1594 ἅγιος,
810 1529 967 1598 ᾶγιος
988 1526 1039 1582 εἴ
1069 1532 1148 1593 είς
1177 1533 1306 1596 τοὺς
1338 1533 1563 1599 αἰῶνας.

992 1621 1103 1675 Καὶ
1134 1622 1270 1677 νῦν.

427 1708 560 1773 Ταῖς
590 1710 842 1778 ἱκεσίαις,
888 1713 1092 1784 Σῶτερ,
1123 1714 1222 1780 τῆς
1252 1715 1525 1786 ἀχράντου
1573 1719 1781 1790 μητρός
1828 1737 1943 1787 σου,

350 1797 451 1851 καὶ
478 1799 587 1851 τῶν
620 1799 730 1854 σῶν
781 1801 1130 1867 ἀποστόλων,
1174 1803 1241 1854 τά
1296 1804 1422 1872 ὲλέη
1458 1822 1552 1857 σου
1591 1807 1725 1876 ἡμῖν
1777 1809 1946 1863 κατά-

272 1944 282 1951 .
350 1888 571 1959 πεμψον
606 1889 897 1957 πλουσίως,
947 1891 1044 1946 καὶ
1071 1886 1171 1963 τὴν
1210 1893 1435 1965 εἰρήνην
1498 1895 1599 1968 τὴν
1635 1895 1756 1970 σὴν,
1797 1916 1941 1974 παρα

350 1979 523 2051 ἀσχου
551 1980 628 2051 τῷ
657 1980 770 2052 λαῷ
806 1997 923 2035 σου.

358 2082 370 2094 ·
830 2071 970 2143 ’ῼδὴ
1012 2076 1081 2126 θ’.
1126 2070 1187 2127 Ὃ
1213 2076 1455 2144 Εἱρμός.

422 2162 534 2233 Τὴν
559 2161 858 2234 ὑπερφυῶς
888 2165 1074 2236 σαρκὶ,
1115 2166 1491 2220 συλλαϐοῦσαν
1517 2168 1575 2235 ἐν
1605 2169 1826 2240 γαστρὶ,
1850 2170 1947 2243 τὸν¹

348 2258 416 2309 ὲκ
440 2255 652 2326 Πατρός
678 2257 926 2327 ἀχρόνως
957 2258 1420 2329 προεκλάμψαντα
1444 2259 1624 2330 λόγον,
1646 2261 1745 2333 τὴν
1771 2262 1944 2335 μόνην

235 2355 243 2361 ’
349 2349 611 2405 Θεοτόκον
644 2347 1023 2420 μεγαλύνομεν
1056 2352 1292 2414 πιστῶς.

436 2441 731 2513 Ἐργασιας
766 2441 794 2493 ό
835 2442 1025 2512 καιρός
1048 2457 1060 2473 ·
1096 2443 1372 2512 σωτηρίας
1416 2444 1445 2497 ό
1477 2446 1679 2510 σκοπός
1706 2462 1720 2478 ο
1751 2445 1817 2500 τὸ
1848 2447 1943 2501 τά·

352 2533 542 2586 λαντον
597 2531 858 2598 λαϐοῦσα,
919 2534 1021 2604 τὴν
1067 2533 1304 2604 ἀρχαίαν
1367 2535 1574 2601 εἰκόνα,
1619 2536 1766 2608 ψυχή
1813 2554 1940 2608 μου,

347 2624 661 2696 ἑμπορεύου
692 2624 793 2694 τὴν
824 2622 1048 2679 αἰώνιον
1076 2624 1246 2695 ζωήν.

430 2716 520 2779 Ὦς
555 2716 848 2786 λαμπάδας
874 2716 1145 2784 φωτεινάς
1204 2717 1578 2788 κοσμηθέντες
1606 2720 1707 2785 τὰς
1734 2720 1937 2792 ψυχὰς,

346 2805 428 2878 τῷ
449 2808 688 2877 Νυμφίῳ
712 2807 983 2878 χωροῦντι
1003 2807 1141 2877 πρὸς
1168 2809 1262 2862 τὸν
1293 2808 1575 2881 ἄφθαρτον
1603 2811 1807 2881 γάμον,
1832 2814 1939 2885 πρὸ

347 2895 446 2949 τοῦ
475 2896 575 2966 τὴν
598 2894 768 2963 θύραν
795 2895 1025 2959 κλεῖσαι,
1062 2896 1494 2966 συνεισέλθωμεν
1521 2899 1688 2966 αὐτῷ.

422 2987 603 3050 Δείξαι
636 2983 828 3048 θέλων,
869 2982 1076 3053 Ἰησοῦ,
1116 2983 1177 3037 τὸ
1223 2984 1503 3058 ὑπερφυὲς
1553 2987 1651 3057 τῆς
1697 2987 1797 3058 σῆς
1837 3006 1936 3042 τα-

353 3073 665 3136 πεινώσεως
722 3075 910 3138 πᾶσιν,
955 3073 1236 3144 είστιάθης
1283 3076 1343 3128 ὲν
1375 3076 1510 3147 οἴκῳ
1551 3077 1646 3129 τοῦ
1688 3078 1935 3149 Σίμωνος

348 3165 666 3235 δειπνήσας,
694 3165 803 3219 τῶν
834 3165 1146 3219 πεινώντων
1178 3167 1212 3237 ἡ
1243 3169 1441 3237 τροφή.
1630 3168 1633 3171 ’

426 3256 627 3325 ’Δρ-τος
670 3254 746 3309 ῶν
804 3255 1068 3321 ζωοποιὸς
1115 3256 1433 3328 εἱστιάθης,
1470 3258 1669 3328 Ἰησοῦ,
1730 3260 1935 3332 Σίμωνι

349 3347 652 3418 Φαρισιίῳ,
684 3348 773 3402 ἵνα
806 3349 980 3420 πόρνη
1017 3350 1258 3422 κερδήσῃ
1288 3351 1384 3421 τὴν
1412 3351 1659 3420 ἀπρατόν
1707 3369 1802 3406 σου
1840 3354 1939 3425 κάρ

355 3455 441 3513 ριν
478 3437 572 3491 τοῦ
605 3438 776 3509 μύρου
814 3441 880 3510 τῇ
906 3437 1157 3493 κενώσει.

424 3616 618 3686 Χείρες
649 3615 896 3687 ῥυπαραί
916 3631 930 3647 ·
964 3615 1120 3687 χείλη
1172 3616 1381 3688 πόρνης
1429 3618 1488 3669 ὲν
1519 3616 1673 3687 ἐμοί·
1707 3618 1938 3688 ἀναγνός

351 3723 459 3776 μου
495 3709 525 3761 ό
552 3708 691 3778 βίος·
718 3707 1036 3780 ὲςρθαρμὲνα
1065 3709 1132 3762 τὰ
1167 3709 1307 3780 μέλη
1331 3725 1345 3741 ο
1385 3708 1505 3763 ἀλλ’
1536 3708 1665 3773 ἄνες
1716 3728 1805 3781 μοι
1844 3713 1938 3766 καὶ

346 3800 509 3870 ἄφες,
530 3801 630 3872 βοᾷ
658 3802 832 3872 πόρνη
863 3799 940 3870 τῷ
964 3798 1208 3870 Χριστῷ.

437 3892 737 3944 Ἐπιστᾶσα
788 3891 823 3961 ἠ
876 3889 1017 3960 γυνὴ
1046 3890 1180 3960 πρὸς
1205 3889 1333 3953 τοὺς
1379 3889 1548 3954 πόδας
1577 3907 1692 3956 σου,
1729 3891 1933 3964 Σῶτερ,

344 3983 546 4053 ἑπέχεε
570 3982 630 4036 τὸ
658 3982 850 4053 μῦρον,
878 3981 1110 4043 εὐωδίας
1139 3979 1444 4051 πληροῦσα,
1477 3982 1572 4034 καὶ
1595 3981 1772 4053 μύρου
1794 3982 1936 4055 πλη-

350 4075 616 4145 ρουμένη.
644 4073 738 4129 τοῦ
765 4073 873 4127 τῶν
903 4070 1081 4144 ἔργων
1113 4071 1364 4142 ἱλασμοῦ.

432 4164 770 4236 Ἀρωμάτων
801 4164 1043 4236 εὐπορῶ,
1068 4163 1281 4234 ἀρετῶν
1310 4162 1366 4216 δὲ
1386 4163 1597 4236 ἀπορῶ·
1619 4165 1655 4219 δι
1686 4164 1815 4237 ἔχω,
1850 4168 1934 4221 σοὶ

343 4255 631 4322 προσάγω,
669 4255 757 4318 δὸς
787 4255 947 4316 αὐτὸς
981 4253 1125 4326 ἅπερ
1179 4254 1345 4324 ἔχεις,
1400 4256 1495 4309 καὶ
1532 4258 1658 4322 ἄνες
1700 4275 1791 4328 μοι
1836 4259 1934 4313 καὶ

340 4347 511 4413 ἄφες..
530 4344 627 4415 βοᾷ
657 4346 831 4417 πόρνη
857 4346 936 4416 τῷ
969 4345 1209 4417 Χριστῷ.

413 4435 600 4505 Μῦρον
629 4437 760 4507 παρ’
811 4438 936 4508 ἐμοὶ
963 4438 1199 4508 φθαρτόν
1219 4455 1232 4470 ·
1257 4438 1427 4511 μῦρον
1454 4439 1608 4512 παρὰ
1631 4443 1714 4494 σοὶ
1746 4440 1894 4513 ζωῆς
1912 4460 1930 4476 ο

2059 616 2248 669 tricis!
2283 614 2492 681 Manus,
2530 615 2778 683 inquam,
2800 614 2999 684 quibus
3029 614 3139 669 tuis
3172 614 3424 684 pedibus,
3456 629 3490 670 ο
3512 614 3634 670 Sal-

2057 714 2235 771 vator,
2268 705 2459 761 atl‘udit
2482 712 2839 778 unguentum,
2858 713 3148 777 extergens
3180 706 3320 776 ipsa,
3345 719 3410 762 ac
3433 707 3634 763 crebro

2055 797 2383 853 deosculaus
2416 796 2459 850 ί.

2124 885 2494 943 llecumbente
2525 895 2594 953 te,
2628 886 2696 942 ad
2727 894 2874 953 tuos,
2908 886 3167 951 Verbum,
3205 889 3409 944 mulier
3440 891 3632 962 lugens

2053 979 2322 1034 accedens
2341 976 2523 1048 pedes,
2555 979 2893 1035 alabastrum
2915 980 3174 1050 unguenti
3196 995 3230 1035 o
3245 979 3521 1051 Salvator,
3546 984 3631 1039 ef-

2054 1072 2210 1142 fudit,
2244 1089 2411 1145 super
2437 1083 2599 1145 caput
2623 1084 2773 1129 tuum
2807 1074 3135 1130 immortalis
3160 1079 3448 1146 unguenti.

2738 1244 2947 1301 Gloria.

2119 1334 2255 1389 Cum
2291 1333 2453 1390 Patre
2473 1373 2487 1399 ,
2518 1333 2723 1389 Filium
2747 1376 2762 1400 ,
2796 1342 3159 1403 sanctumque
3185 1333 3472 1405 Spiritum,
3499 1353 3629 1395 san-

2050 1434 2193 1479 ctam
2219 1424 2271 1478 in
2302 1439 2411 1479 una
2438 1424 2645 1480 Deltate
2673 1423 2993 1479 Trinitatem
3023 1425 3399 1494 gloriﬁcantes
3426 1430 3627 1485 clama-

2049 1530 2171 1569 mtrs
2202 1531 2216 1568 :
2252 1513 2515 1579 Sanctus,
2545 1524 2794 1579 sanctus,
2819 1522 3046 1570 sanctus
3077 1527 3136 1569 es
3170 1513 3226 1568 in
3260 1519 3482 1572 sarcula.

2710 1610 2778 1660 Et
2803 1621 2965 1660 nunc.

2117 1698 2458 1757 lntemeralaa
2509 1699 2702 1756 Matris
2755 1711 2881 1765 tum,
2938 1710 3293 1775 tuorumque,
3345 1705 3621 1767 Salvator.
3672 1748 3677 1753 .

2047 1796 2422 1862 apostolorum
2463 1782 2975 1859 intercessionibus,
3010 1804 3158 1850 tuam
3196 1798 3355 1853 nobis
3389 1800 3534 1871 large
3556 1800 3627 1853 de

2044 1886 2186 1940 caelo
2241 1887 2394 1941 mitte
2438 1886 2873 1944 misericordiam
2906 1904 2922 1953 ;
2958 1902 3258 1959 pacemque
3305 1896 3479 1956 tuam,
3526 1897 3622 1947 tuo

2042 1977 2246 2048 populo
2277 1978 2477 2033 tribue.

2594 2068 2697 2125 0d.
2730 2070 2785 2126 9.
2826 2069 3069 2128 "irritus.

2112 2157 2246 2226 Quae
2272 2159 2513 2216 mirabili
2557 2161 2793 2227 ratione,
2830 2159 3064 2217 Verbum
3100 2178 3129 2216 a
3167 2162 3327 2218 Patre
3357 2172 3618 2219 aeternum

2040 2247 2327 2320 ell'ulgens,
2378 2265 2545 2307 carne
2590 2251 2869 2322 concepit,-
2897 2254 3069 2309 solam
3112 2252 3207 2308 Dei
3259 2252 3618 2324 Genitricem,

2040 2339 2147 2395 ﬁde
2185 2338 2581 2409 glorificamus.
2956 2340 2959 2341 ⁷

2112 2428 2491 2502 Opportunum
2510 2440 2593 2487 est
2626 2440 2842 2503 tempus
2875 2451 2888 2487 :
2917 2433 3112 2490 salutis
3151 2438 3467 2507 propositus
3491 2455 3619 2496 sco-

2042 2537 2145 2593 pus
2176 2538 2193 2576 :
2233 2532 2458 2592 accepto
2487 2524 2692 2579 talento
2723 2524 2738 2576 l
2770 2564 2786 2589 ,
2831 2525 3026 2589 veteri,
3062 2527 3308 2597 inquam,
3345 2530 3581 2602 imagine
3602 2572 3616 2597 ,

2039 2621 2300 2667 a-ternam
2332 2613 2522 2676 vitam,
2559 2628 2594 2668 o
2626 2613 2807 2668 anima
2835 2629 2976 2680 mea,
3012 2630 3281 2671 mercare.

2113 2701 2433 2771 Mentibus,
2496 2704 2943 2775 prmfulgentium
3005 2705 3380 2776 lampadarum
3447 2709 3621 2764 instar

2039 2795 2289 2861 ornatis,
2328 2796 2474 2854 eunti
2513 2796 2734 2866 Sponso
2769 2795 2834 2849 ad
2892 2796 3237 2852 immortales
3287 2799 3511 2867 nuptias
3565 2797 3617 2865 ι,

2040 2887 2366 2954 priusquam
2398 2887 2619 2941 claudat
2648 2886 2871 2956 januam
2904 2926 2919 2951 ,
2959 2886 3189 2943 comites
3221 2887 3618 2957 ingrediamur.

2107 2977 2248 3042 Quo,
2295 2976 2447 3043 Jesu,
2493 2977 2753 3031 eximiam
2782 2984 2932 3031 tuam
2968 2976 3330 3033 humilitatem
3360 2979 3625 3037 omnibus

2035 3069 2378 3133 declarares;
2412 3078 2470 3122 tu
2499 3068 2854 3123 esurientium
2887 3070 3066 3137 cibus,
3098 3070 3154 3124 in
3187 3069 3429 3127 Simonis
3458 3072 3623 3128 domo

1961 3200 2007 3262 Ο
2037 3162 2275 3217 cmnaris
2314 3160 2359 3227 ι,
2390 3160 2645 3215 convivio
2668 3169 2937 3231 exceptus
2966 3177 3051 3217 es.

2113 3249 2197 3306 Tu
2225 3248 2379 3319 Jesu,
2408 3250 2661 3308 viviﬁcus
2689 3253 2872 3323 panis,
2905 3251 3162 3308 convivio
3183 3252 3415 3308 voluisti
3441 3254 3619 3325 excipi

2040 3354 2071 3394 a
2100 3338 2326 3395 Simone
2356 3340 2633 3396 Pharist
2667 3358 2681 3394 :
2735 3348 2793 3396 ut
2821 3343 3039 3396 interim
3095 3342 3292 3398 mulier
3335 3346 3616 3414 meretrix,

2040 3432 2303 3501 unguenti
2324 3430 2590 3489 effusione
2620 3471 2637 3499 ,
2689 3441 2838 3489 tuam
2862 3433 3014 3488 illam
3057 3433 3620 3493 lucrifaceretinven-

2038 3522 2256 3577 dibilem
2286 3522 2540 3594 gratiam.

2110 3611 2305 3669 Manus
2330 3613 2501 3668 habeo
2519 3610 2791 3679 sordidas,
2812 3612 2959 3668 labia
2983 3613 3316 3678 meretricis,
3341 3615 3615 3685 impuram

2038 3703 2203 3759 vitam
2229 3745 2245 3772 ,
2283 3712 2549 3774 corrupta
2581 3704 2827 3759 membra
2863 3721 2877 3757 :
2923 3705 3202 3765 enimvero
3229 3706 3447 3761 remitte
3479 3706 3616 3761 mihi

1992 3802 2001 3811 ‘
2035 3804 2091 3852 et
2131 3812 2313 3867 parce,
2345 3798 2544 3851 clamat
2577 3798 2834 3852 meretrix
2867 3797 3113 3854 Christo.

2068 3872 2398 3941 'Accedens
2446 3885 2643 3941 mulier
2699 3886 2767 3941 ad
2830 3894 3001 3952 tuos,
3061 3887 3319 3942 Salvator
3350 3928 3365 3952 ,
3420 3893 3610 3959 pedes.

2035 3987 2375 4048 unguentum
2406 3976 2635 4046 aﬂ‘udit;
2692 3978 2928 4048 implens
2973 3978 3301 4050 fragrantia,
3341 3982 3613 4053 plenaque

2034 4067 2155 4138 ipsa
2184 4078 2488 4140 unguento,
2511 4071 2923 4141 prepitiationis
2951 4072 3128 4142 reipsa
3154 4062 3381 4141 pai-atae.
3658 4069 3668 4076 ’

2103 4161 2345 4217 Alﬂuunt
2400 4171 2689 4229 aromata,
2762 4163 2994 4219 virtutes
3062 4164 3363 4232 deficiunt,
3437 4165 3612 4222 oﬂ'ero

2032 4250 2175 4318 quod
2207 4249 2416 4317 habeo,
2457 4251 2579 4322 ipse
2607 4252 2676 4306 da
2716 4252 2864 4322 quod
2908 4252 3096 4321 habes,
3132 4270 3199 4308 ac
3225 4256 3356 4310 mibi
3394 4257 3609 4313 remi;te

2031 4345 2085 4393 et
2109 4353 2291 4408 parce,
2332 4339 2533 4394 clamat
2564 4342 2826 4395 meretrix
2878 4340 3121 4396 Christo.

2103 4428 2200 4484 Est
2230 4428 2373 4500 apud
2415 4446 2501 4485 me
2553 4432 2915 4501 corruptibile
2960 4441 3330 4503 unguentum;
3373 4435 3517 4504 apud
3555 4448 3611 4493 te

349 4543 371 4576 ι
408 4525 600 4596 Μῦρον
626 4526 733 4599 γάρ
756 4526 929 4597 ὖνομά
973 4544 1056 4580 σοι
1082 4529 1319 4583 κενωθὲν
1353 4549 1373 4582 ι
1407 4532 1518 4594 τοῖς
1547 4531 1740 4598 ἀξίοις.
1790 4534 1930 4588 Ἀλλ’

2072 4528 2240 4585 utem,
2281 4531 2618 4589 unguentum
2644 4522 2770 4575 vita:
2798 4535 2814 4572 :
2864 4540 2882 4574 ι
2917 4523 3292 4594 Unguentum,
3326 4526 3472 4580 enim
3505 4544 3607 4582 nu-

339 4611 471 4676 ἄνες
504 4631 594 4682 μοι
626 4615 718 4667 καὶ
751 4615 921 4683 ἄφες,
953 4612 1052 4687 βοᾷ
1080 4616 1256 4688 πόρνη
1285 4617 1362 4688 τῷ
1393 4618 1634 4690 Χριστῷ.

1038 4827 1214 4892 Δόξα.

418 4925 685 5007 Ἀναρχος
724 4934 777 4991 εἷ
824 4940 852 4992 ὁ
895 4938 1104 5011 Πατὴρ,
1165 4940 1417 5007 ἄκτιστος
1446 4940 1498 4997 εἴ
1525 4946 1555 4997 ὀ
1588 4944 1735 5013 Υἱὸς,
1793 4947 1921 5002 σύν-

2030 4626 2154 4666 men
2188 4611 2311 4675 tibi,
2340 4611 2521 4682 dignis
2551 4623 2874 4668 evacuatum
2901 4623 2976 4681 ἰς
3017 4634 3034 4666 ι
3067 4616 3202 4671 mihi
3237 4632 3368 4673 vero
3390 4619 3610 4675 remitte

2028 4711 2082 4757 et
2106 4701 2342 4769 dimitte,
2372 4703 2572 4758 clamat
2602 4706 2857 4759 meretrix
2890 4704 3134 4762 Christo.

2707 4818 2913 4875 Gloria.

2096 4924 2360 4983 Eternus
2397 4937 2483 4984 est
2512 4927 2673 4985 Pater
2704 4970 2720 4996 ,
2755 4930 3036 4987 increatus
3062 4931 3266 5000 Filius,
3300 4934 3605 5006 eodemque

339 5026 535 5097 θρόνον
564 5029 657 5082 καὶ
695 5029 756 5081 τὸ
785 5028 1040 5101 Πνεῦμα·
1069 5031 1128 5083 ἓν
1143 5032 1211 5085 τὰ
1229 5032 1356 5103 τρία
1376 5037 1443 5106 τῇ
1470 5034 1654 5105 φύσει,
1677 5040 1771 5091 καὶ
1795 5037 1922 5110 τρία

2068 5015 2274 5073 ublimis
2300 5020 2499 5075 throno
2526 5018 2766 5092 Spiritus
2790 5031 3057 5079 sanctus:
3097 5039 3264 5079 unum
3302 5024 3434 5095 quid
3469 5028 3600 5092 tria,

336 5119 455 5181 τοῖς
480 5117 822 5190 προσώποις·
853 5114 935 5184 εἷς
955 5119 1087 5185 θεὸς
1121 5121 1397 5192 ἀληθινός.

1013 5323 1251 5376 Θεοτόκ.

411 5428 663 5495 Θεοτόκε,
694 5431 727 5499 ἡ
760 5430 914 5493 ἐλπὶς
943 5431 1052 5484 τῶν
1071 5429 1356 5502 τιμώντων
1388 5450 1447 5486 σε
1479 5435 1588 5500 ἀεὶ,
1623 5437 1699 5510 μὴ
1732 5438 1918 5513 παύσῃ

333 5519 664 5574 δυσωποῦσα
686 5521 779 5574 τὸν
801 5524 864 5575 ἐκ
887 5522 979 5575 σοῦ
1011 5523 1361 5594 γεννηθέντα,
1389 5526 1654 5597 ρυσθῆναί
1694 5549 1762 5602 με
1793 5551 1913 5587 κιν-

331 5613 532 5677 ὀᾶνων,
565 5611 658 5664 καὶ
678 5612 943 5667 παντοίων
967 5614 1312 5686 πειρασμῶν.

2022 5106 2168 5176 quod
2199 5116 2413 5177 spectat
2455 5111 2525 5166 ad
2556 5119 2835 5180 naturam,
2875 5123 2929 5168 et
2962 5115 3069 5169 tria
3106 5113 3366 5173 Personis
3402 5134 3417 5173 :
3455 5132 3599 5177 unus

2022 5195 2168 5253 Deus
2194 5214 2380 5255 verus.

2639 5336 2707 5393 In
2744 5339 2963 5408 Πείραι’.

2088 5439 2170 5496 Tu
2202 5440 2450 5515 Deipara,
2472 5463 2660 5504 eorum
2686 5467 2813 5524 spes
2840 5457 2932 5525 qui
2961 5466 3012 5512 te
3032 5472 3250 5528 semper
3272 5457 3541 5513 honorant
3574 5474 3596 5526 ;

2019 5546 2087 5586 ne
2127 5547 2310 5589 cesses
2351 5553 2579 5596 exorare
2606 5558 2672 5597 ex
2708 5554 2759 5598 te
2805 5556 2994 5601 natum
3021 5557 3078 5602 ut
3110 5564 3139 5604 a
3166 5549 3443 5621 periculis,
3473 5565 3591 5605 om-

2019 5623 2363 5696 nimodisque
2393 5634 2788 5693 tentationibus
2827 5639 3039 5695 liberet.
3302 5634 3316 5649 ’

424 5792 435 5822 '
466 5789 609 5847 Lur.
643 5809 737 5859 vn,
770 5792 838 5847 38
863 5809 1015 5865 seqq.
1097 5794 1110 5845 i
1147 5794 1339 5850 Matth.
1373 5797 1606 5863 xxv,15.
1686 5802 1711 5838 ιι
1749 5802 1882 5857 ibid.
1914 5803 1940 5857 Δ

2106 5811 2241 5868 Luc.
2272 5829 2368 5879 vn,
2402 5811 2493 5866 Si.
2570 5826 2609 5853 ιιι
2642 5815 2798 5870 (Tant.
2830 5833 2869 5881 ι,
2896 5817 2953 5871 ‘2.
