3934 6448
495 365 638 433 1515

588 484 793 541 Sancta
818 480 1118 604 Magnoque
1154 483 1189 536 4
1213 479 1372 561 ferio,
1396 479 1483 563 .ad
1511 478 1928 549 Completorium
1949 518 1966 545 ,

953 551 1183 604 rtodzum
1204 551 1408 604 domant
1432 551 1680 604 Andrew.

953 551 1183 605 riodium
1204 551 1408 604 domini
1432 551 1680 606 Andrew.

721 642 835 719 Οάε
862 663 917 725 4,
946 673 1059 716 ton.
1084 662 1118 715 4
1147 661 1305 730 obliq.
1332 659 1549 715 Audiuit
1573 659 1860 730 Propheta.

555 753 652 819 Te,
674 753 990 810 Creatorem
1011 792 1025 817 ,
1055 760 1293 820 tuosque
1325 749 1540 822 Symm)
1555 759 1692 816 stas,
1720 749 2069 806 cmuaculum

486 855 764 905 stratumn
804 866 821 898 ι
863 844 1143 914 suscepit;
1192 843 1417 912 illicque
1469 842 1765 898 celebrasti
1816 840 2067 906 Pascha;

484 940 543 995 et
594 946 940 992 sacramenta
974 932 1288 988 confecisti.
1349 932 1406 987 In
1445 946 1512 988 eo
1543 933 1839 1002 siquidem,
1884 932 2070 989 missis

486 1045 634 1086 nunc
661 1029 877 1084 duobus
900 1044 931 1085 e
956 1025 1249 1096 discipulis
1285 1022 1497 1081 Pascha
1532 1024 1913 1096 tibiparatum
1941 1023 2066 1079 fuit.

561 1221 581 1254 ‹
622 1201 702 1257 Ite
730 1192 799 1255 ad
852 1200 1167 1270 quemdam,
1206 1222 1226 1256 ι
1276 1198 1540 1271 praefatur
1570 1198 1839 1269 apostolis
1865 1203 1891 1232 °
1922 1236 1937 1263 ,
1975 1199 2070 1268 qui

487 1295 642 1350 novit
665 1293 850 1349 omnia
883 1310 898 1347 :
935 1307 1000 1347 ac
1043 1292 1206 1363 plane
1233 1292 1449 1355 beatus,
1476 1291 1570 1360 qui
1595 1288 1761 1346 corde
1794 1289 2070 1343 instructo

488 1386 665 1440 instar
705 1382 998 1447 cmnaculi,
1034 1384 1322 1453 iustarque
1369 1396 1578 1448 unum,
1616 1387 1808 1452 parata
1842 1380 2067 1451 pietate,

486 1475 777 1531 Dominum
804 1481 983 1546 potest
1010 1473 1187 1530 ﬁdelis
1217 1473 1519 1544 suscipere.

559 1658 714 1712 Mens
745 1665 838 1711 tua
872 1670 1036 1711 avara
1081 1661 1209 1721 est,
1251 1654 1440 1710 vesani
1476 1667 1694 1720 mores,
1737 1667 1773 1707 ο
1798 1651 2082 1724 insipiens

493 1745 657 1800 Juda.
708 1743 845 1798 Nam
886 1743 975 1797 cui
1028 1743 1132 1798 soli
1167 1751 1354 1797 essent
1390 1741 1586 1797 crediti
1633 1741 1802 1796 loculi
1828 1752 1879 1806 Ρ,
1916 1742 2069 1796 nullo

1687 366 1749 427 S.
1779 360 2111 426 ANDRE/E
2162 354 2588 424 CRETENSIS

2102 485 2150 541 Α
2182 473 2264 545 Τῇ
2301 476 2442 547 ἁγίᾳ
2470 476 2570 530 καί
2588 545 2596 547 ξ
2617 475 2868 547 Μεγάλῃ
2897 477 2968 545 δ’,
2991 478 3081 545 είς
3108 478 3176 533 τὸ
3227 481 3626 541 Ἀπόδειπνον·
3658 498 3710 545 τὸ

3599 368 3707 436 lilii

2466 545 2742 614 Τριῴδιον
2770 546 2879 602 τοῦ
2909 550 3121 617 κυρίου
3171 549 3467 618 Ἀνδρέου.

2347 656 2486 730 ᾯδὴ
2510 656 2581 724 δ’,
2619 653 2720 729 ἧχ.
2752 662 2861 714 πλ.
2887 657 2973 724 β’.
3017 658 3313 728 Ἀκήκοεν
3340 666 3374 717 ό
3402 667 3573 734 Προφ.

2247 767 2268 802 ι
2312 750 2581 818 Ἀνώγων
2609 750 2955 822 ἐστρωμένον
2982 770 3003 805 ι
3035 753 3256 817 ὲδέξατό
3291 771 3352 807 σε
3382 756 3472 809 τὸν
3497 759 3714 831 Κτιστῇν,

2171 840 2414 904 καὶτοὺς
2446 842 2808 912 συμμύστας·
2844 846 2940 898 καὶ
2990 844 3158 898 αὐτοῦ
3191 845 3258 899 τὸ
3282 846 3475 917 Πάσχα
3510 849 3719 905 ἐπετέλε-

2173 949 2268 996 σας
2291 948 2306 962 ο
2337 933 2434 986 καὶ
2483 933 2648 988 αὐτοῦ
2701 935 2947 1005 εἰργάσω
2973 936 3046 990 τά
3089 938 3406 1008 μυστήρια·
3465 940 3615 995 αὑτοῦ
3636 945 3722 1016 γὰρ

2169 1023 2279 1078 τῶν
2311 1023 2406 1077 δύο
2454 1024 2760 1081 σταλέντων
2815 1025 2912 1081 νῦν
2966 1026 3226 1098 μαθητῶν
3284 1046 3415 1097 σου,
3458 1034 3518 1083 τὸ
3566 1034 3724 1104 Πάσχα

2171 1114 2482 1185 ήτοιμάσθη
2510 1132 2614 1171 σοι.

2245 1224 2285 1287 ‹Δ
2307 1206 2581 1276 Ὑπάγετε
2627 1207 2764 1278 πρὸς
2789 1208 2881 1262 τὸν
2908 1208 3081 1276 δεῖνα,
3120 1228 3139 1261 ι
3175 1211 3204 1264 ό
3241 1210 3425 1268 πάντα
3450 1212 3594 1275 εἰδὼς
3623 1231 3728 1286 προ-

2171 1293 2319 1365 λέγει
2345 1298 2458 1359 τοίς
2488 1297 2809 1360 ἀποστόλοις
2831 1313 2844 1327 ⁸
2881 1300 2977 1352 καὶ
3011 1300 3288 1372 μακάριός
3322 1302 3472 1355 ἐστιν
3499 1302 3555 1367 ὃς
3592 1303 3728 1358 δύνα-

2170 1404 2261 1451 ται
2311 1387 2520 1450 πιστῶς
2568 1388 2934 1454 ὑποδέξασθαι
2972 1390 3066 1446 τὸν
3092 1392 3340 1464 Κύριον·
3380 1394 3613 1462 άνώγεον
3652 1398 3729 1468 μὲν

2169 1478 2267 1547 τὴν
2299 1476 2530 1549 καρδίαν
2561 1481 2968 1553 προετοίμασας
3020 1500 3130 1550 σοι,
3183 1486 3282 1538 καὶ
3311 1484 3525 1539 δεῖπνον
3552 1487 3643 1559 τὴν
3663 1490 3727 1542 εὖ·

2171 1571 2412 1627 σεὸείαν.

2254 1662 2318 1716 Ἠ
2348 1662 2543 1735 γνώμη
2599 1662 2968 1737 φιλαργυρίας
2991 1683 3005 1699 ο
3060 1669 3089 1721 ό
3119 1669 3330 1741 τρόπος
3362 1687 3458 1724 σου
3489 1672 3720 1738 ἀπονοίας,

2170 1752 2345 1824 ἄφρον
2385 1753 2582 1809 Ἰούδα.
2629 1756 2953 1820 Πιστευθεὶς
2976 1757 3084 1830 γάρ
3121 1760 3289 1831 μόνος
3337 1762 3404 1814 τὸ
3457 1762 3721 1831 γλωσσόκο-

490 1836 652 1890 modo
680 1836 744 1889 ad
772 1834 1203 1889 misericordiam
1228 1831 1404 1888 ﬂexus
1430 1848 1521 1897 es;
1542 1834 1641 1888 sed
1671 1833 1918 1888 clausisti
1945 1834 2069 1888 duri

2178 1863 2272 1917 μον
2307 1884 2324 1911 ,
2374 1846 2511 1911 ὅλως
2557 1847 2658 1900 οὐκ
2693 1825 2997 1921 ἐκάμφθης
3038 1825 3177 1922 πρδς
3224 1825 3579 1923 συμπάθέιαν
3601 1871 3614 1884 ο
3639 1857 3721 1907 ἀλλ’

487 1928 675 1983 cordis
706 1925 785 1978 tui
818 1923 1055 1986 viscera,
1082 1938 1148 1979 eo
1173 1923 1415 1993 prodito,
1447 1925 1540 1994 qui
1571 1924 1726 1980 solus
1758 1924 2071 1980 misericor-

486 2019 592 2074 diae
626 2014 927 2070 visceribus
958 2013 1222 2083 prazditus
1257 2022 1365 2069 est.

556 2108 824 2178 Congruit
869 2106 1169 2161 venditioni
1201 2120 1383 2160 avarae
1417 2106 1635 2161 animus
1686 2104 2067 2174 deicidarum;

486 2210 606 2257 erat
629 2202 719 2255 ille
749 2198 817 2254 ad
850 2199 1053 2253 caedem
1079 2205 1327 2253 armatus
1363 2214 1377 2251 :
1408 2197 1524 2252 hare
1576 2196 1825 2251 trahebat
1868 2212 2069 2267 argen-

486 2304 604 2349 teos
641 2301 689 2347 ιι.
721 2290 932 2360 Quippe
962 2289 1094 2344 resti
1125 2288 1465 2359 poenitentia:
1487 2287 1731 2358 praelata,
1759 2286 1943 2343 amisit
1984 2288 2069 2343 vi-

486 2393 621 2439 tam.

557 2474 821 2529 Osculum
884 2473 1104 2542 plenum
1144 2479 1231 2526 est
1260 2471 1426 2526 dolo:
1463 2471 1561 2526 Est
1600 2470 1654 2525 in
1700 2470 1881 2541 gladio
1913 2476 2068 2525 tuum

487 2580 580 2618 ave
613 2573 660 2627 τ,
691 2578 723 2617 o
769 2561 910 2616 Iuda
959 2561 1252 2630 impostor.
1296 2559 1565 2631 Loqueris
1616 2561 1807 2630 lingua
1843 2576 1965 2632 quae
2002 2563 2071 2618 ad

490 2671 679 2726 pacem
703 2654 984 2717 videntur;
1001 2655 1187 2707 animo
1200 2660 1381 2708 autem
1405 2652 1472 2707 ad
1498 2652 1828 2708 seditionem
1852 2651 2068 2709 tendis:

487 2747 692 2815 quippe
749 2744 998 2814 cogitas,
1068 2751 1128 2797 ut
1187 2742 1312 2798 dolo
1390 2741 1694 2833 benelicum
1773 2742 2069 2798 sceleratis

487 2839 696 2894 tradas.

557 2928 863 2993 Oscularis,
883 2925 1210 2997 vendisque,
1250 2926 1279 2984 J
1288 2928 1390 2983 uda
1415 2944 1429 2994 ;
1454 2926 1662 2985 salutas
1688 2942 1787 2983 nec
1809 2942 2071 2997 procum-

485 3020 593 3082 bis,
630 3020 758 3072 dolo
780 3018 1121 3075 accurrens?
1150 3019 1287 3085 Quis
1310 3020 1439 3075 odio
1479 3020 1701 3083 salutat,
1734 3034 1766 3073 o
1797 3027 1882 3074 ter
1929 3019 2070 3074 infe-

2171 1934 2422 2001 ἐκλεισας
2444 1937 2514 1992 τὰ
2529 1936 2628 2008 τῆς
2651 1939 2896 2012 σκληρᾶς
2921 1957 3014 1994 σου
3043 1942 3278 2014 καρδίας
3302 1945 3604 2016 σπλάγχνα,
3622 1965 3719 2017 προ-

2169 2028 2296 2093 δοὺς
2320 2029 2413 2082 τὸν
2437 2030 2598 2100 μόνον
2629 2029 3031 2104 εὕσπλαγχνον.

2256 2117 2322 2173 Ἦ
2351 2119 2547 2193 γνώμη
2570 2122 2680 2177 τῶν
2704 2122 3003 2179 θεοκτόνων
3033 2128 3100 2197 τῇ
3134 2127 3343 2200 πράσει
3378 2129 3475 2183 τοῦ
3508 2129 3717 2200 φιλαργύο

2175 2207 2270 2284 pou
2291 2212 2765 2285 συναρμοσθεῖσα’
2796 2218 2830 2287 ἡ
2858 2218 2960 2287 μὲν
2992 2219 3129 2290 πρὸς
3148 2220 3439 2292 ἀναίρεσιν
3473 2222 3715 2287 ὡπλίζετο·

2170 2303 2205 2372 ἡ
2235 2301 2293 2354 δὲ
2322 2301 2391 2356 τὰ
2443 2305 2686 2377 ἀργύρια
2713 2307 3027 2376 άφείλκετο.
3065 2309 3339 2384 Ἀγχόνην
3385 2312 3494 2386 γὰρ
3528 2331 3715 2385 μεταμε-

2171 2391 2321 2458 λείας
2351 2394 2475 2449 τότε
2502 2397 2828 2468 προκρίνας,
2866 2399 2962 2453 τοῦ
2996 2399 3096 2472 ζῇν
3129 2403 3455 2475 ἐστέρηται.

2241 2486 2317 2541 Τὸ
2337 2488 2551 2559 φίλημα
2579 2490 2741 2561 γέμει
2760 2491 2919 2545 δόλου
2941 2507 2954 2521 ·
2989 2493 3050 2547 τὸ
3074 2493 3248 2563 χαῖρέ
3273 2513 3370 2550 σου
3406 2499 3465 2551 ἐν
3497 2499 3712 2569 μαχαίρᾳ,

2172 2577 2341 2633 πλάνε
2384 2579 2579 2635 Ἰούδα.
2608 2582 2688 2653 Τῇ
2738 2582 2838 2653 μὲν
2870 2583 3093 2657 γλώσσῃ
3124 2586 3347 2662 φθέγγῃ
3375 2590 3447 2644 τὰ
3484 2591 3716 2660 πρὺςένω-

2173 2687 2279 2737 σιν,
2302 2673 2370 2742 τῇ
2406 2671 2464 2726 δὲ
2488 2671 2683 2746 γνώμῃ
2724 2675 2902 2740 νεύεις
2932 2678 3067 2748 πρὸς
3094 2677 3391 2733 διάστασιν
3415 2696 3429 2710 ·
3476 2681 3715 2751 προδοῦναι

2170 2762 2281 2833 γὰρ
2307 2764 2423 2827 τοῖς
2456 2764 2794 2836 παρανόμοις
2844 2767 2937 2822 τὸν
2996 2760 3299 2843 εὐεργέτην
3346 2772 3535 2836 δολίως
3572 2772 3716 2844 ἐμελί-

2170 2869 2238 2923 τη
2247 2869 2364 2917 σας.

2242 2943 2422 3007 Φιλεῖς
2445 2944 2540 2999 καὶ
2574 2945 2757 3011 πολεῖς
2776 2987 2791 3016 ,
2835 2948 3009 3003 Ἰούδα
3031 2967 3045 2982 ·
3094 2951 3325 3027 ἀσπάζῃ
3359 2955 3456 3008 καὶ
3485 2956 3576 3009 οὐκ
3596 2954 3718 3009 ὀκλά-

2173 3029 2310 3096 ζεις,
2342 3032 2478 3101 δόλῳ
2502 3036 2896 3108 προστρέχων;
2930 3039 3025 3103 Τίς
3057 3041 3232 3111 μισῶν
3255 3046 3716 3118 ἀσπάζεται,τρισ-

485 3112 604 3166 lix?
630 3110 765 3177 Quis
796 3110 1056 3183 osculans
1081 3111 1266 3165 vendit
1289 3113 1469 3182 pretio
1511 3129 1523 3165 :
1559 3109 1742 3182 arguit
1764 3112 1906 3181 quod
1946 3112 2066 3183 ligis

2178 3125 2325 3219 άθλιε
2351 3143 2366 3192 ;
2426 3126 2526 3190 Τίς
2556 3128 2730 3198 φιλῶν
2758 3131 3040 3196 ὲξωνεῖται
3059 3109 3362 3208 -τιμήματι
3385 3154 3402 3170 ο
3431 3109 3503 3192 τὸ
3527 3109 3714 3209 φίλημα,

485 3204 773 3270 osculum,
818 3203 1043 3274 maligni
1089 3203 1170 3257 tui
1217 3204 1437 3260 consilii
1463 3202 1759 3274 impudens
1813 3202 2068 3275 proposi-

485 3306 624 3350 tum.

884 3436 893 3445 ,
1172 3383 1385 3442 Gloria.

558 3476 904 3531 ludividuum
940 3480 1276 3546 substantia,
1314 3478 1665 3537 inconfusum
1699 3482 1976 3552 personis,
2015 3489 2070 3537 te

487 3568 658 3622 Deum
715 3567 1012 3637 proﬁteor,
1055 3570 1258 3624 trinam
1312 3584 1476 3623 unam
1557 3569 1864 3636 Deitutem,
1922 3572 2070 3627 velut

488 3659 639 3729 regni
668 3661 854 3723 unius,
894 3659 1198 3730 eodemque
1233 3661 1434 3716 throno
1465 3661 1782 3717 sublimem.
1814 3660 2067 3734 Magnum

485 3752 584 3825 tibi
615 3751 743 3804 illud
785 3752 1062 3805 canticum
1108 3751 1350 3819 sumito,
1403 3753 1549 3823 quod
1600 3754 1743 3808 triue
1776 3756 1831 3808 in
1859 3753 2069 3809 altissi-

486 3846 592 3899 mis
617 3844 857 3915 glorioso
885 3843 1095 3897 ambitu
1125 3844 1362 3898 canitur.

1118 3930 1147 3986 Ι
1155 3951 1185 3984 u
1212 3933 1432 4003 Dcipar.

557 4022 743 4079 Vincit
768 4023 1059 4091 conceptio
1092 4024 1397 4090 rationem;
1431 4034 1561 4083 tuus
1589 4036 1782 4097 partus
1812 4037 2068 4084 naturain

487 4126 729 4184 superat.
769 4113 893 4167 Fuit
928 4114 1029 4166 illa
1053 4128 1161 4167 non
1197 4129 1263 4167 ex
1308 4116 1544 4181 semine,
1586 4117 1679 4172 sed
1712 4135 1776 4174 ex
1810 4118 2017 4186 Spiritu
2052 4137 2066 4174 :

488 4208 579 4262 hic
608 4216 787 4260 autem
824 4204 985 4259 habet
1014 4215 1227 4259 natura:
1261 4207 1439 4278 leges,
1494 4211 1639 4264 velut
1674 4210 2065 4281 incorruptus,

488 4297 769 4364 totiu5que
818 4295 1204 4363 parturitionis
1269 4307 1478 4354 naturae
1523 4303 1797 4368 superior.
1853 4304 2069 4374 Quippe

489 4388 630 4443 Deus
655 4398 739 4442 est
773 4387 916 4456 quod
949 4395 1105 4456 partu
1135 4388 1337 4443 editur.

676 4478 857 4542 Cat/1.,
891 4481 999 4534 sive
1023 4497 1155 4534 sess.
1184 4491 1295 4537 ton.
1325 4483 1377 4537 4.
1422 4484 1688 4553 Aperuisti
1722 4487 1898 4545 hodie.

557 4569 929 4633 Convesccns,
968 4571 1223 4639 Domine,
1257 4590 1382 4627 cum
1431 4578 1539 4632 tuis
1568 4577 1880 4647 discipulis,
1917 4590 2066 4638 tuam

487 4670 701 4709 sacram
743 4665 971 4709 mortem
1011 4659 1243 4727 mystice
1274 4660 1606 4731 declarasti;
1643 4684 1750 4736 qua
1796 4684 1993 4726 sumus
2037 4688 2067 4725 a

487 4750 842 4813 Curt‘uplionc
896 4758 951 4805 et
1002 4760 1179 4806 morte
1237 4754 1477 4819 liberati,
1523 4760 1618 4826 qui
1662 4761 2069 4819 venerubilibus

491 4840 602 4894 tuis
635 4841 981 4908 passinnibus
1012 4841 1278 4898 honorem
1314 4846 1600 4902 habemus.

645 4951 763 5008 Οιίο
785 4954 837 5009 8.
881 4953 1048 5019 Quem
1070 4954 1378 5026 glori/icon!
1406 4958 1660 5014 caelorum
1686 4963 1912 5023 militia.

559 5064 716 5135 Legis
747 5065 1060 5120 mandatum
1093 5069 1348 5137 impletis,
1374 5071 1469 5140 qui
1508 5072 1562 5128 in
1593 5071 1747 5139 Sina,
1772 5078 2070 5148 legistahu-

489 5157 571 5213 las
597 5159 913 5226 scripsisset
976 5200 992 5225 ,
1020 5166 1178 5213 vetus
1213 5161 1366 5227 illud,
1404 5171 1458 5218 et
1499 5165 1552 5219 in
1608 5170 1800 5224 umbra
1828 5172 2068 5240 positum

488 5249 727 5302 comedit
755 5247 1003 5315 Pascha;
1032 5246 1317 5319 factusque
1346 5262 1431 5309 cst
1462 5255 1578 5326 ipse
1605 5256 1840 5326 Pascha,
1863 5276 1926 5316 ac
1950 5276 2070 5333 my-

491 5344 628 5399 stica
658 5343 847 5398 vivens
873 5343 1107 5405 hostial.

560 5436 711 5490 Illam
742 5451 770 5488 a
798 5433 1001 5491 saeculo
1035 5438 1412 5495 absconditam
1448 5445 1469 5482 ί
1503 5447 1766 5503 secretius
1790 5447 2015 5513 docens,
2035 5463 2070 5503 ο

490 5524 730 5591 Chr-sic,
764 5524 1173 5610 .sapicttliam;
1231 5533 1489 5590 omnibus
1550 5539 1753 5607 put‘itt‘l‘
1813 5539 1865 5593 in
1909 5554 2069 5596 omna

601 5701 793 5774 ξιίιιιίο.
832 5722 958 5761 vxn.
990 5709 1071 5762 l2.
1151 5694 1173 5716 ⁰
1207 5710 1394 5767 Matth.
1451 5729 1597 5774 xwt,
1661 5718 1742 5771 lS.

504 5769 526 5796 ‘
580 5769 748 5829 Exod.
787 5790 931 5833 uti,
962 5778 1163 5847 ltum,
1190 5780 1242 5844 5,
1402 5786 1420 5819 ί
1460 5782 1477 5834 l
1508 5769 1634 5839 cui.
1689 5769 1747 5852 ti,
1784 5791 1832 5844 7.

1841 5733 1868 5772 Ρ
1917 5722 2077 5782 Joan.
2147 5745 2247 5799 xii,
2294 5729 2352 5789 6.
2440 5740 2471 5784 ς
2536 5730 2701 5789 Matth
2786 5749 2955 5801 xxvn,
3002 5735 3056 5791 5.

2168 3212 2271 3283 τῆς
2300 3214 2554 3293 ἀναιδοῦς
2607 3234 2703 3271 σου
2757 3221 3125 3288 κακοϐουλίας
3176 3225 3401 3297 ἐλέγχει
3442 3229 3535 3300 τὴν
3565 3227 3715 3299 προαί-

2172 3321 2342 3374 ρεσιν.

2860 3405 3042 3471 Δόξα.

2255 3487 2579 3560 Ἀμέριστον
2610 3493 2676 3564 τῇ
2700 3492 2888 3566 ούσίξγ
2925 3496 3236 3567 άσύγχυτον
3288 3505 3405 3566 τοῖς
3429 3501 3712 3574 προσώποις.
3740 3572 3743 3575 Α

2172 3577 2407 3647 θεολογῶ
2440 3597 2520 3647 σε,
2547 3582 2644 3654 τὴν
2674 3585 2963 3658 τριαδικὴν
2997 3588 3126 3660 μίαν
3163 3590 3433 3663 Θεότητα,
3464 3595 3533 3656 ὡς
3558 3594 3716 3662 όμοὸα-

2171 3669 2371 3723 σίλειον
2394 3672 2488 3725 καὶ
2527 3672 2844 3745 σύνθρονον.
2876 3676 2995 3730 Βοῶ
3029 3695 3110 3731 σοι
3141 3679 3204 3732 τὸ
3229 3676 3392 3752 ᾆσμα
3421 3681 3480 3735 τὸ
3504 3682 3646 3752 μέγα,
3670 3679 3714 3730 τὸ

2171 3761 2230 3815 ὲν
2250 3760 2496 3832 ὑψίστοις
2523 3765 2763 3835 τρισσῶς
2790 3766 3285 3841 ύμνολογούμενον.

2846 3944 3083 3999 Θεοτόκ.

2256 4029 2319 4082 'H
2349 4029 2614 4101 σύλληψις
2650 4033 2792 4106 ὑπὲρ
2814 4034 2998 4104 λόγον’
3031 4037 3059 4089 ὁ
3083 4036 3241 4117 τόκος
3283 4054 3383 4092 σου
3408 4038 3542 4110 ὑπὲρ
3567 4036 3710 4117 φύσιν,

2169 4119 2560 4195 Θεογεννῆτορ,
2606 4127 2671 4178 Ἦ
2706 4127 2810 4196 μὲν
2833 4128 2943 4198 γὰρ
2966 4129 3031 4183 ὲκ
3062 4131 3386 4201 Πνεύματος
3420 4133 3479 4185 οὐ
3511 4132 3712 4202 σπέρμα·

2170 4230 2283 4281 τος·
2322 4220 2356 4289 ἡ
2410 4220 2468 4272 δὲ
2509 4220 2675 4291 νόμος
2718 4221 2934 4292 φύσεως
2986 4223 3349 4293 λανθάνουσα,
3396 4227 3469 4289 ώς
3518 4225 3713 4294 ἄφθορθς

2172 4312 2268 4364 καὶ
2301 4297 2454 4382 ὑπὲρ
2474 4312 2638 4382 φύσιν
2666 4314 2848 4386 πάσης
2894 4314 3132 4387 λοχείαςο
3163 4318 3299 4383 Θεὸς
3338 4321 3447 4391 γὰρ
3474 4320 3528 4372 τὸ
3569 4317 3711 4369 1mi-

2174 4420 2361 4474 μενον.

2427 4499 2598 4564 Καθ.,
2628 4492 2732 4567 ἦχ.
2766 4496 2840 4553 δ’.
2884 4500 3190 4571 Ἐπεφάνη
3222 4503 3506 4574 σήμερον.

2210 4586 2577 4654 .Συνεσθίων,
2621 4588 2891 4658 Δέσποτα,
2935 4594 3048 4656 τοῖς
3102 4594 3375 4664 μαθηταῖς
3413 4613 3527 4657 σου,
3556 4609 3709 4664 μυστι-

2175 4677 2287 4740 κῶς
2318 4678 2592 4748 ἐδήλωσας
2632 4680 2732 4751 τὴν
2774 4684 2873 4752 σὴν
2899 4684 3059 4753 ἁγίαν
3088 4685 3371 4758 τελευτήψ
3403 4688 3469 4740 δι’
3502 4680 3583 4758 ἧς,
3610 4683 3710 4751 (p00-

2180 4769 2281 4838 ρᾶς
2314 4768 2728 4842 ὲλυτρώθημεν,
2753 4775 2803 4827 ei
2825 4775 2896 4829 τὰ
2933 4775 3110 4830 σεπτά
3145 4794 3239 4831 σου
3284 4779 3540 4854 τιμῶνιςς
3569 4775 3709 4843 παθή-

2175 4876 2345 4931 ματα.

2297 4974 2435 5044 ’ῼδὴ
2467 4981 2539 5045 η’.
2577 4977 2687 5031 Ὃν
2701 4981 2973 5047 στρατιαὶ
3012 4982 3286 5051 οὐρανῶν
3307 4982 3623 5049 δοξάζουσι.

2246 5087 2359 5157 Τὴν
2391 5090 2621 5160 νομικὴν
2641 5091 3006 5164 ἐκπληρώσας
3030 5098 3347 5165 πρόστασιν,
3363 5099 3391 5150 ό
3421 5097 3616 5156 πλάκας
3631 5088 3707 5151 τὰς

2174 5180 2412 5248 νομικὰς
2477 5183 2699 5253 γράψας
2759 5186 2818 5237 ὲν
2862 5186 3012 5258 Σινᾷ,
3057 5186 3229 5257 ἔφαγε
3285 5191 3383 5261 μὲν
3441 5194 3497 5241 τὺ
3548 5188 3703 5251 Πάσχα

2176 5268 2237 5320 τὺ
2260 5269 2428 5359 πάλαι
2468 5272 2563 5326 καὶ
2596 5274 2845 5338 σκιῶδες·
2871 5276 3065 5346 γέγονε
3095 5279 3152 5332 δὲ
3180 5281 3367 5352 Πάσχα
3384 5282 3474 5335 καὶ
3502 5271 3700 5350 μυστικὴ

2177 5356 2471 5424 ζωοθυσία.

2248 5453 2359 5522 Τὴν
2390 5455 2485 5508 ἀπ’
2536 5458 2731 5521 αἰῶνος
2785 5458 3234 5533 κεκαλυμμένην,
3286 5462 3495 5534 Χριστὲ,
3544 5455 3701 5525 σοφίαν

2179 5545 2581 5616 μυσταγωγῶν,
2640 5547 2847 5614 ἔδειξας
2882 5552 3017 5620 ὁμοῦ
3062 5553 3200 5616 πᾶσι
3253 5557 3363 5617 τοῖς
3407 5546 3694 5606 ἀποστόλοις.

3110 5745 3132 5774 ι
3196 5735 3381 5793 Matth.
3441 5747 3571 5794 uti,
3615 5725 3685 5778 19-
