3934 6444
410 389 447 459 Ἰ
459 394 561 459 423

1618 391 1682 454 8.
1724 390 2058 453 ΑΝΒΒΕπΕ
2089 386 2510 451 ΟΒΕΤΕΧΞΙΞ

3543 393 3654 461 liii

417 506 512 562 bat
543 505 749 559 (locons
802 500 1088 565 Dominus,
1142 514 1289 563 cum,
1326 500 1480 569 juxta
1534 500 1681 570 quod
1728 499 2013 570 Scriptura

2140 516 2269 552 rzwv
2290 499 2477 568 ἔλεγεν
2512 499 2541 551 ὁ
2560 494 2863 565 Δεσπότης,
2888 497 2966 556 ὡς
3005 494 3212 567 ἐπέστη
3239 495 3314 568 τῷ
3341 495 3487 571 ιερῷ,
3506 505 3658 571 καθὼς

418 597 585 652 habet
621 597 669 659 ε,
723 594 1000 648 mediante
1044 592 1155 663 jam
1214 592 1372 663 legali
1415 590 1737 657 festivitate,
1776 594 1831 648 in
1880 602 2016 647 tem-

423 688 572 757 plum
608 685 876 740 venisset.

492 779 693 840 Nolite,
723 776 919 839 Judaei,
951 773 1254 829 secundum
1283 774 1477 829 facient
1496 774 1752 844 judicare
1777 793 1787 827 :
1815 776 2013 845 quippe

421 869 575 924 venit
621 866 896 928 Christus,
926 879 1088 934 quem
1126 865 1407 934 prophetae
1460 882 1491 921 e
1554 864 1687 920 Sion
1722 877 2013 920 venturum

423 976 487 1015 ac
510 961 946 1015 instauraturqu
989 959 1444 1019 mumlnm,votis
1480 961 1839 1027 expetebant.

497 1053 609 1107 Etsi
649 1053 857 1116 minus,
887 1049 1087 1115 Judaei,
1125 1050 1487 1104 sermonibus
1515 1051 1761 1113 creditis,
1789 1048 1871 1101 vel
1912 1047 2014 1102 Do-

424 1143 559 1199 mini
608 1144 872 1214 o'perihus
922 1142 1181 1197 credite:
1241 1142 1435 1212 utquid
1491 1144 1694 1198 erratis
1749 1142 2014 1197 Sanctum

422 1246 770 1307 spernentes,
807 1249 971 1302 quem
1007 1233 1185 1287 Moses
1219 1235 1445 1304 scripsit
1471 1235 1524 1289 in
1567 1237 1686 1306 lege
1722 1234 1799 1287 h?

496 1326 780 1397 Siquidem
828 1327 1011 1395 plane,
1062 1323 1259 1390 Judmi,
1302 1335 1568 1381 venturus
1609 1334 1693 1380 est
1745 1324 2013 1389 Messias;

2117 592 2452 663 γέγραπται,
2494 588 2768 661 μεσούσης
2794 588 2894 660 τῆς
2923 589 3155 659 νομικῆς
3171 590 3387 660 ἑορτῆς.

2188 767 2282 839 Μὴ
2337 767 2438 839 τὴν
2488 766 2608 821 κατ’
2677 765 2800 837 ὄψιν
2870 766 3057 838 κρίσιν
3114 766 3335 837 κρίνατε
3403 768 3623 826 Ἰουδαῖοι
3652 792 3666 805 ο

2116 862 2353 931 Χριστος
2385 861 2494 933 γάρ
2540 856 2727 931 ἦλθεν,
2791 860 2961 931 ὅνπερ
2988 859 3220 911 ἐκάλουν
3257 861 3304 912 οἱ
3335 863 3593 932 προφῆται
3620 869 3671 918 ἐκ

2117 953 2256 1007 Σιὼν
2289 953 2665 1022 ἐλευσόμενον,
2702 952 2797 1005 καὶ
2821 952 3030 1020 κόσμον
3060 951 3520 1022 ἀνακαλούμενον.

2190 1044 2254 1098 Ei
2286 1045 2381 1098 καὶ
2444 1047 2558 1108 τοῖς
2623 1043 2805 1111 λόγοις
2853 1043 2916 1096 οὐ
2951 1043 3263 1110 πιστεύετε,
3298 1044 3554 1121 Ἰουδαῖοι,
3580 1052 3675 1113 τοῖς

2117 1138 2302 1209 ἔργοις
2329 1135 2590 1204 πείσθητε
2638 1135 2734 1189 τοῦ
2784 1136 3103 1189 Δεσπότου’
3163 1137 3217 1188 τί
3273 1136 3542 1190 πλανᾶσθε
3573 1139 3680 1193 ἀθε-

2116 1228 2338 1291 τοῦντες
2380 1230 2469 1281 τὸν
2494 1219 2669 1293 άγιον,
2706 1227 2765 1281 ὃν
2817 1227 3056 1298 ἔγραψεν
3090 1228 3150 1280 ὲν
3181 1226 3257 1298 τῷ
3288 1229 3437 1299 νόμῳ
3464 1232 3676 1302 Μωσῆς;

2190 1318 2255 1371 El
2298 1318 2391 1371 τὸν
2454 1318 2704 1371 Μεσσίαν
2759 1320 2979 1379 πάντως
3031 1317 3113 1370 δεῖ
3188 1317 3400 1379 ἐλθεῖν,
3444 1319 3679 1388 Ἰουδαῖοι,

421 1420 574 1474 venit
608 1434 736 1474 vero
783 1400 1013 1472 Messias
1060 1416 1357 1484 Christus;
1385 1434 1650 1487 quorsum
1687 1420 1887 1471 erratis
1922 1419 2016 1474 Ju-

2140 1411 2354 1480 ῐριστὸς
2383 1410 2439 1463 δὲ
2466 1405 2597 1481 ἦλθε
2655 1408 2751 1463 νῦν
2785 1412 2812 1462 ὁ
2846 1410 3093 1471 Μεσσίας
3115 1424 3129 1438 '
3162 1409 3216 1460 τί
3252 1410 3525 1465 πλανᾶσθε
3570 1412 3677 1466 ἀθε-

425 1522 569 1568 stum
596 1517 945 1582 spernentes,
983 1525 1143 1579 quem
1174 1509 1353 1565 Moses
1386 1513 1438 1565 in
1473 1511 1589 1582 lege
1615 1510 1879 1581 scripsit?

1113 1598 1319 1654 Gloria.

497 1695 594 1760 Te,
626 1694 815 1757 Pater,
869 1692 1189 1757 adoramus,
1239 1694 1553 1748 substantia
1596 1705 1827 1757 aeterne;
1860 1700 2016 1748 tuum

367 1799 372 1803 ’
424 1791 622 1845 devote
655 1786 944 1842 laudamus
989 1796 1256 1840 attentum
1294 1783 1517 1849 Filium,
1565 1786 2017 1840 sanctissimum-

423 1877 854 1952 que‘Spiritum;
889 1884 947 1930 ut
986 1878 1110 1936 tria,
1148 1890 1316 1928 unum
1344 1882 1541 1928 natura
1569 1872 1762 1928 Deum.

1056 1964 1124 2020 In
1158 1964 1380 2033 Dcipar.

2119 1501 2340 1566 τοῦντες
2366 1502 2457 1556 τὸν
2486 1503 2720 1567 δίκαιον,
2751 1501 2812 1555 ὃν
2839 1502 3082 1572 ἔγραψεν
3111 1502 3171 1556 ὲν
3196 1501 3276 1574 τῷ
3296 1504 3448 1575 νόμῳ
3471 1505 3682 1576 Μωσῆςς

2810 1596 2991 1659 Δόξα.

2233 1687 2258 1740 ὲ
2281 1686 2722 1759 προσκυνοῦμεν,
2751 1688 2938 1758 ῐιάτερ
2959 1689 3163 1760 άναρχε
3185 1693 3251 1761 τῇ
3275 1690 3439 1762 οὐσίᾳ
3460 1708 3475 1722 ο
3511 1688 3684 1763 ὑμνοῦ-

2124 1797 2225 1851 μεν
2256 1779 2493 1851 ἄναρχον
2517 1782 2609 1833 τὸν
2648 1782 2777 1835 Υἱόν
2809 1798 2927 1844 σου,
2974 1785 3069 1835 καὶ
3115 1785 3177 1836 τὸ
3208 1783 3442 1855 Πνεῦμα
3478 1785 3685 1849 εὖσείῶς

2121 1873 2184 1927 τὸ
2216 1874 2506 1942 πανάγιον,
2528 1873 2602 1937 ὡς
2630 1873 2727 1927 ἕνα
2759 1874 2828 1928 τά
2852 1875 2979 1945 τρία
3010 1875 3170 1945 φύσει
3201 1876 3360 1932 Θεόν.

2793 1967 3034 2020 Gem-dx.

491 2058 648 2115 Unus
670 2058 790 2127 ipse
812 2056 880 2112 de
915 2053 1206 2117 Trinitate,
1241 2069 1370 2107 eam
1406 2054 1590 2108 factus
1612 2051 1765 2108 visus
1786 2068 1879 2117 es;
1910 2068 2021 2107 non

422 2161 635 2210 mutata
669 2189 687 2215 ,
759 2147 1029 2213 Domine,
1084 2147 1398 2202 substantia
1433 2186 1448 2209 ,
1499 2154 1662 2201 autve
1720 2143 2021 2201 Genitricis

427 2242 749 2308 incorrupto
811 2237 1013 2293 adusto
1089 2244 1298 2298 utero,
1362 2236 1456 2305 qui
1532 2243 1685 2292 totus
1730 2232 1897 2291 ~Dens
1959 2252 2022 2291 ac

423 2334 566 2405 ignis
596 2349 677 2387 es.

616 2422 803 2488 δοες..
845 2432 955 2478 ton.
997 2421 1158 2490 obliq.
1191 2421 1244 2475 4.
1278 2420 1434 2475 Verbi
1471 2420 1813 2489 sapientiam.

496 2518 684 2584 Stans,
734 2518 875 2573 festo
947 2515 1248 2578 mediante,
1300 2513 1508 2584 templo
1559 2514 1763 2575 medio,
1833 2513 2022 2569 divine

424 2608 681 2663 eiamasti
721 2624 734 2660 :
781 2626 799 2658 ε
858 2605 961 2672 Qui
995 2605 1112 2660 sitit
1143 2604 1326 2658 veniat
1368 2605 1433 2658 ad
1468 2619 1576 2670 me,
1623 2613 1677 2657 et
1713 2604 1866 2659 bibat
1903 2606 1949 2657 ί.
1994 2623 2013 2656 ›

427 2700 632 2771 Siquis
659 2701 804 2755 enim
837 2716 866 2754 e
899 2698 1087 2752 divino
1112 2698 1216 2750 hoc
1254 2711 1374 2750 meo
1415 2698 1576 2750 latice
1604 2697 1829 2760 biberit,
1852 2695 2021 2752 ﬂuent

427 2795 496 2851 de
527 2803 718 2848 ventre
748 2792 870 2862 ejus
906 2790 1130 2845 ﬂumina
1161 2789 1432 2845 doctrina:
1462 2805 1595 2845 meae
1633 2809 1647 2845 :
1682 2793 1727 2845 si
1759 2792 1887 2860 quis
1919 2808 2017 2844 au-

428 2897 540 2940 tem
586 2885 640 2939 in
669 2899 753 2939 me
786 2884 965 2938 credit
1009 2883 1237 2937 misSum
1270 2896 1299 2936 a
1333 2882 1620 2947 Genitore,
1650 2898 1868 2937 mecum
1901 2883 2016 2950 glo-

2140 2905 2225 2944 ;ων
2250 2906 2351 2959 μου
2384 2905 2398 2919 '
2428 2889 2579 2953 ὅστις
2599 2889 2654 2941 δὲ
2689 2889 2938 2944 πιστεύει
2972 2892 3053 2953 εἰς
3086 2890 3186 2960 ἐμὲ
3219 2891 3320 2945 τὸν
3356 2890 3605 2947 σταλέντα
3628 2894 3679 2946 ἐκ

425 2979 566 3032 riam
618 2991 648 3032 ο
684 2984 704 3029 ι
744 2977 1054 3030 habiturus.
1095 2973 1462 3039 Quamobrem
1515 2976 1613 3028 tibi
1656 2975 1964 3030 clamamus
2001 2994 2013 3031 :

2140 2982 2262 3035 μείου
2290 2982 2641 3053 Γεννήτορος,
2683 2983 2799 3052 μετ’
2817 2981 2953 3049 ἐμοῦ
2983 2981 3406 3052 δοξασθήσεται.
3437 2986 3531 3036 Διά
3556 2983 3682 3036 τοῦτο

425 3071 613 3126 Gloria
655 3070 779 3135 tibi,
825 3068 1045 3123 Christe
1093 3066 1261 3129 Deus;
1314 3066 1460 3133 quod
1498 3067 1644 3138 large
1693 3069 1869 3123 servis
1906 3069 2016 3123 tuis

2140 3071 2334 3140 ιοῶμέν
2369 3088 2481 3125 σοι’
2506 3072 2648 3137 Δόξα
2679 3088 2782 3135 σοι,
2815 3074 3019 3144 Χριστὲ
3051 3074 3078 3125 ὁ
3118 3074 3277 3138 Θεὸς,
3311 3075 3396 3128 ὅτι
3448 3074 3683 3138 πλουσίως

424 3172 536 3219 tute
565 3162 865 3218 clementia:
893 3160 1119 3213 ﬂumina
1158 3160 1442 3214 effuderis.
1930 3181 1939 3189 -

2140 3161 2344 3233 ιξέχεας
2379 3166 2447 3218 τὰ
2472 3163 2694 3235 νάματα
2743 3166 2842 3236 τῆς
2893 3164 2992 3236 σῆς
3019 3165 3443 3236 φιλανθρωπίας
3466 3165 3683 3230 101,605-

2192 2053 2289 2121 Εἷς
2332 2057 2436 2127 τῆς
2466 2057 2698 2130 Τριάδος
2733 2057 2833 2125 ὢν,
2875 2060 3170 2129 γενόμενος
3195 2061 3337 2133 σὰρξ
3370 2060 3612 2133 ὠράθης,
3638 2060 3683 2118 οὗ

2119 2147 2351 2219 τρέψας,
2383 2147 2580 2218 Κύριε,
2615 2147 2717 2220 τὴν
2764 2149 2973 2216 οὐσίαν,
3014 2152 3139 2204 οὐδὲ
3172 2151 3377 2220 φλέξας
3404 2154 3502 2222 τῆς
3529 2158 3685 2209 τεκού-

2126 2256 2226 2310 σης
2265 2240 2364 2312 τὴν
2394 2240 2634 2312 ἄφθορον
2687 2241 2955 2314 γαστέρα,
2990 2243 3124 2307 Θεὸς
3187 2241 3264 2297 ὢν
3303 2245 3428 2310 ὅλος
3460 2248 3551 2299 καὶ
3576 2246 3682 2318 πῦρ.

2236 2427 2410 2489 Καθ.,
2450 2412 2554 2494 ἦγέ.
2588 2430 2693 2481 πλ.
2727 2428 2797 2481 δ’.
2836 2428 2957 2496 Τὴν
2987 2429 3215 2497 σοφίαν
3250 2428 3362 2484 τοῦ
3395 2430 3601 2497 Λόγου.

2205 2517 2485 2596 Ἐστηκῲς
2512 2521 2568 2572 ὲν
2600 2519 2677 2589 τῷ
2734 2520 2885 2591 μέσῳ
2915 2519 3011 2574 τοῦ
3073 2520 3218 2592 ἱεροῦ
3258 2522 3597 2593 μεσαζούσης
3624 2524 3687 2577 ἑν-

2124 2610 2264 2674 θέως
2280 2612 2379 2683 τῆς
2398 2613 2617 2683 ἑορτῆς
2633 2632 2650 2665 ι
2674 2611 2733 2668 Ὀ
2750 2614 2941 2684 διψῶν,
2956 2615 3286 2686 άνὲκραζες,
3315 2617 3558 2687 ἐρχέσθω

2124 2719 2213 2772 με,
2246 2704 2341 2756 καὶ
2373 2705 2601 2761 πινέτω.
2645 2723 2664 2757 ι
2716 2705 2773 2759 '0
2795 2707 2902 2776 γὰρ
2938 2707 3107 2759 πίνων
3132 2707 3196 2759 ὲκ
3230 2709 3428 2761 τούτου
3455 2708 3544 2761 τοῦ
3564 2707 3681 2761 θείου

2123 2812 2226 2865 μου
2256 2796 2519 2866 νάματος,
2551 2798 2831 2866 ποταμοὺς
2865 2799 2931 2850 ὲκ
2970 2797 3182 2861 κοιλίας
3216 2799 3480 2869 ὲκρεύσει
3507 2799 3682 2869 60mi-

817 3364 1024 3420 Gloria.
1047 3365 1198 3419 Sicut
1237 3372 1377 3419 erat.
1417 3340 1637 3424 Simile.

464 3486 467 3489 λ
497 3487 601 3555 Qui
634 3488 919 3556 sapientia!
953 3488 1193 3556 vitaeque
1221 3486 1428 3539 mundo
1457 3485 1728 3541 scaturias
1765 3484 2013 3551 ﬂumina,

425 3596 640 3646 omnes,
691 3581 969 3645 Salvator,
1039 3581 1243 3634 invitas
1302 3579 1368 3633 ad
1442 3579 1748 3632 haurienda
1820 3579 2016 3635 salutis

426 3675 656 3730 ﬂuenta.
695 3673 752 3728 Si
777 3674 904 3743 quis
945 3672 1091 3728 enim
1132 3663 1381 3726 divinam
1418 3680 1567 3723 tuam
1600 3672 1909 3740 susceperit
1941 3672 2018 3726 le-

426 3782 570 3835 gem,
601 3766 810 3820 erroris
842 3764 1113 3818 carbones
1144 3764 1197 3815 in
1229 3765 1416 3833 seipso
1454 3764 1786 3842 exstinxerit
1830 3782 1844 3818 :
1873 3766 2017 3819 unde

427 3873 713 3927 nunquam
769 3873 878 3912 non
927 3864 1011 3911 est
1064 3856 1376 3919 satiandns,
1435 3863 1564 3919 tua,
1622 3855 1849 3911 Domine
1900 3858 2015 3912 Rex

426 3944 695 4011 caelestis,
754 3947 1095 4003 dulcedine:
1154 3948 1516 4016 quamobrem
1570 3956 1745 4005 tuam.
1794 3947 2017 4005 Christe

426 4042 610 4105 Deus,
650 4040 1023 4110 gloriﬁcamus
1054 4038 1385 4108 potentiam;
1421 4048 1693 4106 rogantes,
1734 4051 1794 4095 ut
1839 4042 2017 4096 servis

425 4136 560 4200 tuis,
598 4134 751 4190 diviti
787 4133 1097 4204 largitione,
1145 4132 1365 4187 veniam
1395 4131 1829 4199 delictorumde
1862 4135 2016 4190 cmlis

427 4228 636 4282 mittas.

798 4333 933 4391 -0de
962 4334 1018 4391 4.
1053 4336 1321 4405 Propheta
1352 4335 1629 4392 Habacnc.

500 4447 783 4519 Siquidem
807 4456 1191 4519 venturusest
1213 4448 1469 4513 Messias,
1510 4449 1768 4506 Christus
1805 4458 2011 4516 autem,

2120 3254 2232 3318 λοις
2263 3272 2378 3311 σου.

2510 3370 2688 3437 Δόξα.
2724 3373 2831 3427 Καὶ
2863 3372 3003 3429 νῦν.
3036 3374 3323 3444 Ὅμοιον.

2189 3483 2301 3554 Τῆς
2330 3483 2524 3553 σοφίας
2551 3485 2613 3539 τὺ
2642 3484 2810 3555 ὕδωρ.
2839 3487 2933 3539 καὶ
2964 3487 3064 3556 τῆς
3100 3487 3248 3557 ζωῆς
3279 3486 3589 3552 ἀναϐλύζων
3622 3482 3682 3556 τῷ

2118 3576 2332 3646 κόσμῳ,
2365 3578 2598 3641 πάντας,
2631 3577 2837 3649 Σῶτερ,
2873 3579 3081 3644 καλεῖς,
3122 3579 3218 3633 τοῦ
3260 3581 3682 3652 άρύσασθαισω-

2119 3668 2316 3738 τηρίας
2346 3669 2413 3723 τὰ
2455 3669 2698 3740 νάματα.
2768 3671 2873 3723 Τὸν
2904 3672 3014 3740 γάρ
3065 3672 3209 3726 θεῖον
3238 3674 3407 3745 νόμον
3442 3691 3532 3727 σου
3555 3671 3682 3741 δεχό-

2121 3775 2283 3829 μενος
2316 3760 2624 3831 ἄνθρωπος.
2649 3763 2707 3814 ὲν
2737 3762 2888 3832 αὐτῷ
2912 3763 3159 3816 σὸεννύει
3196 3765 3301 3835 τῆς
3352 3765 3558 3833 πλάνης
3580 3764 3683 3824 τοὺς

2118 3849 2400 3923 ἄνθρακας
2425 3869 2438 3881 ’
2467 3852 2589 3906 ὅθεν
2626 3854 2706 3917 εἰς
2728 3854 2935 3918 αἰῶνας
2953 3857 3015 3910 οὐ
3037 3856 3192 3926 λήξει
3240 3858 3341 3912 τοῦ
3396 3860 3553 3930 κόρου
3584 3875 3679 3915 σου.

2118 3943 2391 4009 Δέσποτα,
2418 3943 2642 4014 βασιλεῦ
2674 3947 2989 4018 ὲπουράνιε.
3017 3950 3117 4002 Διὰ
3142 3947 3302 4002 τοῦτο
3330 3950 3610 4020 δοξάζομεν
3634 3946 3682 3999 τὺ

2119 4034 2321 4106 κράτος
2384 4054 2526 4105 σου,
2587 4039 2795 4109 Χριστὲ
2855 4041 2884 4092 ὁ
2937 4040 3092 4106 Θεὸς,
3158 4042 3270 4095 τῶν
3352 4042 3682 4111 πταισμάτων

2120 4125 2315 4196 ἄφεσιν
2352 4126 2692 4200 αἰτούμενοι,
2735 4130 3101 4201 καταπέμψαι
3155 4130 3433 4197 πλουσίως
3459 4132 3566 4194 τοῖς
3584 4127 3681 4182 δού-

2120 4219 2236 4284 λοις
2260 4237 2378 4277 σου.

2381 4330 2522 4401 ’ῼὸὴ
2540 4331 2610 4387 δ’.
2655 4332 2718 4387 '0
2756 4335 3076 4405 προφήτης
3098 4336 3466 4409 Ἀμόακούμ.

2182 4444 2251 4498 Et
2281 4445 2532 4500 Μεσσίαν
2562 4448 2646 4501 δεῖ
2674 4449 2916 4514 ὲλθεῖν,ὁ
2945 4451 3000 4504 δὲ
3033 4453 3284 4518 Μεσσίας
3312 4455 3540 4525 Χριστός
3562 4453 3678 4513 ἐστι,

426 4539 674 4603 scelesti,
728 4536 962 4593 Messias
990 4547 1098 4602 est,
1126 4554 1301 4608 quare
1346 4555 1456 4594 non
1487 4540 1716 4594 creditis
1750 4541 1845 4595 ei?
1877 4542 2016 4596 Ecce

2140 4538 2454 4609 παράνομοι,
2486 4540 2539 4593 τί
2591 4541 2875 4596 ἀπιστεῖτε
2917 4544 3104 4615 αὑτῷ-ς
3162 4547 3296 4601 Ἰδοὺ
3340 4546 3678 4617 παραγέγονε,

425 4630 673 4691 advenit,
732 4640 974 4699 suntque
1038 4639 1371 4699 argumento
1431 4645 1554 4699 quae
1619 4630 1739 4699 ipse
1808 4630 1939 4686 facit
1998 4650 2012 4686 :

425 4737 625 4792 aquam
664 4722 853 4777 vinum
880 4719 1011 4775 fecit
1041 4719 1089 4786 i;
1131 4735 1389 4777 sermone
1432 4721 1719 4793 paralyt-ici
1762 4723 2012 4779 membra

426 4812 688 4869 astrinxit
716 4810 765 4867 ι.

499 4904 715 4959 Erratis
753 4917 966 4959 omnes
1018 4916 1139 4969 vos,
1177 4902 1416 4965 Hebraei,
1479 4918 1588 4958 non
1646 4904 2016 4978 intelligentes

427 4998 748 5068 Seripturas
780 5011 795 5048 ε
857 5011 986 5051 vere
1014 4995 1163 5050 enim
1201 4997 1354 5051 venit
1396 4995 1680 5065 Christus,
1716 5012 1769 5055 et
1825 5017 2019 5057 omnes

425 5088 801 5152 illuminavit;
852 5088 1135 5158 multaque
1173 5089 1228 5143 in
1258 5090 1416 5146 vobis
1462 5091 1617 5162 signa
1660 5102 1714 5148 et
1767 5096 2016 5168 prodigia

424 5177 705 5247 ostendit;
729 5193 794 5237 ac
831 5179 1035 5234 frustra
1072 5197 1256 5236 veram
1287 5184 1453 5239 vitam
1488 5187 1721 5253 negatis.

497 5268 677 5326 Unum
712 5271 867 5327 vobis
908 5287 1048 5341 opus
1081 5274 1330 5339 exhibui,
1374 5274 1599 5347 jamque
1627 5294 1817 5335 omnes
1848 5279 2017 5335 mira-

424 5363 582 5427 mini,
609 5363 809 5416 clamat
858 5361 1117 5420 Christus
1155 5364 1377 5422 Judzris.
1419 5367 1554 5435 Vos,
1599 5369 1801 5441 inquit,
1830 5374 1918 5428 vel
1958 5373 2015 5428 in

424 5454 672 5509 S‘abbato
699 5453 980 5509 hominem
1002 5455 1437 5526 circumciditis;
1470 5461 1599 5531 quid
1634 5478 1719 5517 me
1751 5463 2015 5535 deinceps

425 5543 483 5598 in
513 5543 718 5598 crimen
770 5545 999 5611 vocatis,
1035 5546 1179 5616 quod
1207 5563 1463 5604 sermone
1501 5553 1866 5623 paralyticnm
1894 5571 2016 5611 ere-

427 5636 602 5691 xerim
640 5632 657 5674 1
685 5636 708 5690 ?

472 5905 517 5919 η.

498 5816 716 5917 ἒΙΟαιι.
743 5836 833 5887 vn,
865 5822 954 5876 2i.
1033 5817 1062 5885 ξι
1096 5820 1253 5879 Dent.
1291 5838 1443 5892 xvm,
1474 5827 1560 5881 13.
1647 5841 1660 5868 ι
1706 5828 1867 5885 Joan.
1901 5847 1998 5897 vn,

2198 5833 2212 5885 i
2260 5830 2426 5893 Joan.
2464 5853 2522 5906 tt,
2565 5837 2618 5894 8.

2125 4629 2217 4683 καὶ
2251 4632 2522 4702 μαρτυρεῖ
2546 4630 2582 4684 ἃ
2607 4632 2772 4696 αὐτὸς
2797 4635 2943 4687 ποιεῖ
2967 4652 2981 4664 ο
3014 4635 3077 4688 τὸ
3114 4634 3264 4707 ὕδωρ
3296 4633 3440 4723 οἶνον
3461 4637 3677 4704 ἐποίησε·

2114 4721 2430 4794 παράλυσον
2462 4720 2609 4794 λόγῳ
2632 4724 2990 4796 συνὲσφιγξε.

2186 4897 2278 4967 Μὴ
2302 4897 2575 4964 συνιέντες
2606 4898 2704 4964 τὰς
2737 4900 2965 4973 Γραφάς
2988 4902 3268 4957 πλανᾶσθε
3299 4905 3499 4967 πάντες
3524 4903 3678 4972 ὑμεῖς.

2128 4990 2375 5059 Ἑϐραῖοι
2391 4990 2585 5062 ἄνομοι
2605 5008 2618 5022 ο
2647 4991 2817 5057 ὅντως
2841 4995 2950 5064 γὰρ
2967 4990 3099 5064 ἦλθε
3118 4996 3372 5067 Χριστὸς,
3397 4997 3487 5049 καὶ
3500 4998 3681 5053 πάντας

2121 5082 2353 5151 ἐφώτισε
2390 5099 2402 5113 ’
2437 5085 2533 5137 καὶ
2550 5085 2610 5137 ὲν
2637 5085 2767 5155 ὑμῖν
2794 5084 2965 5148 ἔδειξε
2999 5087 3169 5141 πολλὰ
3200 5090 3402 5159 σημεῖα
3425 5088 3513 5141 καὶ
3539 5084 3678 5155 τερά-

2122 5192 2267 5241 στια,
2297 5177 2393 5229 καὶ
2426 5177 2606 5248 μάτην
2637 5178 2895 5249 ἀρνεῖσθε
2925 5180 3027 5251 τὴν
3058 5178 3230 5244 ὅντως
3268 5179 3434 5251 ζωήν.

2197 5291 2294 5343 ’Ἑν
2352 5290 2513 5360 ἔργον
2576 5290 2754 5359 ἔδειξα
2788 5293 2942 5360 ὑμῖν,
2994 5294 3091 5347 καὶ
3123 5284 3321 5357 πάντες
3355 5293 3454 5364 ἤδη
3487 5285 3676 5358 θαυμά-

2121 5382 2265 5448 ζετε,
2298 5382 2565 5454 ἀνέκραζε
2592 5387 2702 5447 τοῖς
2742 5384 3019 5448 Ἰουδαίοις
3048 5386 3303 5455 Χριστός.
3344 5384 3521 5455 Ὑμεῖς
3541 5395 3674 5448 περιρ

2120 5475 2346 5542 τέμνε-τε
2410 5475 2508 5527 καὶ
2552 5478 2609 5530 ὲν
2660 5476 2923 5547 Σαϐϐάτῳ
2978 5476 3300 5550 ἄνθρωπον,
3348 5474 3540 5547 φησίν·
3568 5470 3673 5539 ἐμοὶ

2121 5570 2178 5623 δὲ
2203 5570 2255 5622 τί
2286 5570 2569 5639 ἐγκαλεῖτε
2597 5571 2806 5638 λοιπὸν,
2843 5572 3126 5644 ὲγείραντι
3173 5572 3320 5643 λόγῳ
3358 5567 3667 5640 παράλυτονς

2723 5840 2745 5879 ¹ί
2780 5837 2940 5897 Joan.
2978 5859 3030 5911 v,
3062 5841 3125 5899 '8.
3225 5840 3241 5881 ¹
3274 5840 3427 5897 Joan.
3466 5852 3552 5901 vit,
3581 5824 3657 5889 2ἓρ
