3934 6450
200 454 331 520 liii?
1649 439 1751 501 NO

1903 439 1985 499 [Α.
3322 439 3456 502 1454

264 564 348 618 II.
370 558 561 616 XXXI.
601 559 900 631 Ἐρώτησις
930 556 1352 630 Ὡριγενιαστῶν
1386 557 1521 627 πρὸς
1554 555 1767 621 πιστόν,
1793 569 1817 624 p

1906 553 2006 607 dii.
2041 552 2235 624 Incipit
2275 572 2286 608 :
2322 552 2556 618 Qumstio
2580 569 2738 618 quam
2764 551 3066 623 Origenista
3081 553 3227 623 fideli
3263 572 3459 626 propo-

192 659 286 705 nit.
323 648 494 703 Vertit
530 646 941 703 Gcncbratdus.
978 646 1176 715 Incipit
1209 663 1223 699 :
1265 645 1399 698 Ποία
1432 643 1745 713 δικαιοσύνη

1726 662 1775 713 q,
1805 642 1937 696 δέκα
1964 641 1996 712 ἦ
2034 642 2377 712 πεντήκοντα
2402 642 2631 712 χρόνους
2666 643 3087 712 ἁμαρτήσαντός
3114 659 3279 706 τινος.

255 735 544 792 6.XXXII.
566 736 774 790 Contra
809 735 1149 789 Sarracenos
1179 731 1617 803 Thoopaschitas
1649 747 1701 802 p.
1722 730 1830 786 415
1855 747 1920 785 ex
1943 728 2281 785 Genebrat'di
2317 730 2571 785 versione
2597 746 2610 794 ;
2643 730 2833 785 Graeca
2860 731 3004 784 enim
3032 728 3325 786 Gretscrus
3351 747 3460 787 non

192 825 413 893 reperit.
449 821 643 889 Incipit
673 820 824 874 :At'io
850 823 903 874 in
932 829 1186 873 conventu
1220 818 1575 873 Sarracenus.
2953 886 2957 891 ἢ

263 911 352 963 15.
380 907 622 962 XXXIII.
659 909 917 977 Διάλογος
953 908 1089 977 πρὸς
1116 908 1502 977 Νεστοριανόν,
1536 923 1590 977 p.
1615 905 1740 961 416.
1770 903 1814 959 D

1909 921 2026 975 agas
2058 920 2175 957 cum
2197 901 2548 957 Nestoriano.
2584 900 2970 974 Incipitinné
3008 920 3120 975 μοι,
3151 906 3210 958 τὸ
3227 907 3462 975 Χριστὸς

189 998 382 1065 ὄνομα.
419 992 595 1048 Vertit
628 993 1046 1049 Genebrardus.

260 1082 506 1138 XXXIV.
541 1084 678 1155 Περὶ
709 1082 926 1154 χρόνου.
965 1082 1192 1150 Tempus
1251 1098 1320 1135 an
1381 1083 1450 1135 sit
1498 1083 1555 1136 in
1596 1092 1813 1150 tempore

1910 1096 2030 1152 pag.
2064 1079 2188 1134 4I7.
2246 1079 2488 1150 Incipit:
2534 1078 2593 1130 Ὀ
2645 1077 2835 1149 χρόνος
2874 1079 2931 1131 ὲν
2981 1079 3159 1152 χρόνῳ
3193 1082 3224 1151 ἢ
3260 1083 3363 1135 οὐκ
3404 1085 3463 1137 ὲν

190 1173 388 1243 χρόνῳ.
420 1168 597 1224 Vertit
622 1169 862 1224 Jacobus
889 1169 1201 1224 Gretserus.

259 1257 479 1313 XXXV.
525 1257 848 1328 Ἐρώτησις.
890 1258 1214 1325 Disceptatio
1234 1274 1361 1313 cum
1395 1255 1705 1312 Sarraceno
1762 1255 1812 1310 Dr

1916 1269 2097 1312 uetare
2147 1258 2269 1310 boni
2301 1266 2350 1310 et
2394 1256 2546 1317 ntali,
2577 1271 2631 1324 p.
2690 1253 2817 1308 M8.
2853 1252 3089 1326 Incipit:
3121 1256 3253 1310 Τίνα
3281 1256 3462 1326 λέγεις

191 1346 366 1400 αἴτιον
406 1346 572 1399 καλοῦ
605 1363 663 1397 τε
686 1348 781 1398 καὶ
816 1346 1019 1412 uano};
1054 1342 1232 1400 Vertit
1259 1347 1575 1400 Gretscrus.

257 1431 503 1487 XXXVI.
561 1432 883 1502 Ἐρώτησις.
918 1433 1131 1487 verbum
1162 1433 1254 1486 Dei
1279 1450 1405 1486 num
1433 1444 1691 1494 creatum,
1715 1449 1783 1485 an

1912 1434 2147 1487 reatum?
2172 1448 2223 1501 p.
2257 1429 2383 1484 420.
2427 1427 2627 1497 Inetptt
2655 1444 2667 1478 :
2724 1428 2807 1481 Τὰ
2837 1428 2997 1496 ὶόγια
3026 1428 3235 1501 Κυρίου
3266 1433 3465 1485 κτιστὰ

189 1522 328 1573 εἰσιν
350 1520 385 1591 ἢ
414 1519 669 1573 dictum.
717 1518 892 1573 Vertit
916 1518 1231 1575 Gretserus.
1268 1521 1415 1574 Idem
1448 1521 1503 1574 itt
1536 1520 1969 1574 controversiam
2004 1527 2257 1572 vocatum
2319 1526 2508 1572 ucstra
2543 1525 2724 1571 a’tate.
2775 1513 2913 1571 Vide
2962 1515 3183 1588 Georgii
3232 1517 3467 1574 Nitschii

192 1608 604 1675 Beantwortung
632 1606 729 1660 der
759 1606 975 1678 Frage:
1006 1606 1086 1663 0b
1117 1607 1200 1662 die
1226 1606 1434 1678 Heilige
1459 1607 1680 1675 Schriﬁ’t
1713 1605 1837 1661 Gott
1864 1607 2027 1661 selbst
2060 1624 2150 1676 sey
2174 1607 2198 1659 ?
2220 1607 2432 1670 Gothae,
2466 1604 2624 1669 1714,
2662 1605 2716 1658 4.

163 1743 170 1751 .
254 1690 528 1747 XXXVII.
557 1692 882 1765 Ἐρώτησις,
920 1697 1144 1765 quwstio
1172 1695 1390 1762 duplex,
1425 1711 1532 1748 una
1564 1694 1638 1746 De
1668 1692 1716 1747 M

1913 1693 2141 1764 Ιεοττόκῳ,
2165 1695 2388 1751 vivatne.
2417 1709 2489 1746 an
2514 1701 2725 1745 mortua
2753 1692 2865 1755 sit;
2897 1691 3072 1746 altera
3103 1707 3117 1743 :
3154 1690 3301 1745 Num
3327 1692 3466 1749 Deus

186 1784 481 1836 etiamnum
511 1785 695 1837 creet?
718 1798 841 1852 pag.
875 1781 1002 1836 421.
1039 1781 1240 1853 Incipit
1267 1802 1280 1836 :
1320 1783 1424 1836 Ἦν
1455 1783 1644 1849 λέγετε
1670 1783 1739 1834 Bs

1455 1783 1644 1849 λέγετε
1670 1783 1954 1845 θεοτόκον,
1998 1780 2270 1835 ἀπέθανεν
2303 1779 2335 1851 ἢ
2360 1780 2450 1851 ζῇ.
2485 1778 2661 1833 Vertit
2686 1778 3001 1833 Grctset‘us.

259 1868 549 1923 XXXVIII.
597 1869 922 1941 Ἐρώτησις,
965 1880 1083 1925 uter
1114 1871 1309 1940 major,
1349 1873 1702 1940 sanctrﬁcans
1751 1869 1812 1940 (ιι

1917 1884 2012 1924 nes
2061 1867 2331 1939 Baptista)
2386 1884 2458 1921 an
2511 1866 2925 1933 sancti/iectus?
2960 1882 3012 1937 p.
3047 1866 3174 1921 422.
3223 1868 3319 1934 Τίς
3349 1871 3466 1924 ἐστι

189 1960 341 2028 παρᾶ
382 1960 466 2010 σοί
493 1941 729 2027 μείζων.
772 1957 950 2013 Vertit
982 1958 1303 2013 Gretsertts.

258 2043 505 2098 XXXIX.
551 2046 698 2116 Πρός
722 2064 848 2100 τινα
873 2046 1230 2116 ἐρωτήσαντα
1258 2044 1442 2099 αὐτόν.
1478 2046 1560 2101 Ad
1595 2047 1811 2115 aliquem

1914 2047 1965 2097 ui
1991 2054 2330 2116 percontatus
2356 2044 2532 2114 fuerat
2572 2041 2637 2096 de
2671 2042 3017 2097 distinctione
3064 2043 3387 2098 mundorum
3417 2056 3467 2099 et

185 2133 586 2186 immundorum
614 2132 1032 2195 esculentorum,
1059 2142 1317 2202 quatenus
1347 2133 1443 2188 illa
1486 2135 1538 2186 in
1567 2132 1717 2186 Novo
1749 2132 2082 2190 Testamento
2117 2135 2528 2190 observaretur?
2558 2135 2759 2205 Incipit
2788 2151 2803 2189 ε
2837 2134 2901 2186 Εἰ
2922 2134 3134 2206 ἀποχὴν
3176 2135 3269 2188 καὶ
3300 2136 3470 2205 μετά-

186 2219 350 2289 ληψιν
391 2220 746 2291 ἀκαθάρτων.
783 2218 961 2274 Vertit
1004 2218 1329 2277 Gretserus.
1374 2220 1683 2290 Subiicitur
1712 2237 1739 2291 p

1913 2261 1925 2275 .
1955 2223 2217 2279 Scholion
2260 2223 2482 2278 Aretha:
2521 2222 2590 2278 de
2623 2222 2818 2278 eodetn
2841 2232 3192 2293 argumento,
3239 2223 3466 2290 ἄλλως,

200 2309 423 2380 Ἀρέὒα,
458 2319 723 2380 notatque
756 2308 1075 2369 Grctserus.
1106 2326 1164 2366 se
1193 2312 1247 2366 in
1281 2312 1455 2366 altero
1484 2312 1751 2366 Bavarico
1790 2311 1984 2366 codice
2010 2311 2309 2380 aliquoties
2340 2310 2852 2366 dissertatiunculis
2875 2311 3142 2366 Abucara:
3174 2311 3274 2365 hoc
3310 2320 3469 2381 pacto

187 2399 485 2452 subnotata
526 2400 778 2468 quaedam
836 2399 1109 2468 reperisse
1140 2418 1151 2452 :
1187 2409 1243 2454 et
1269 2400 1602 2468 ascripsisse
1632 2414 1851 2469 quoque
1896 2400 1963 2452 ad
1994 2414 2148 2453 oratu
2177 2415 2291 2457 suae
2324 2400 2595 2454 vcrsionis
2642 2399 2853 2468 aliquot
2887 2399 3201 2468 huiusmodi
3258 2402 3468 2456 scholia

190 2487 415 2540 Arethaa
440 2487 688 2555 episcopi
728 2485 1016 2550 Tttrriani,
1046 2486 1217 2549 illius,
1244 2495 1303 2540 ut
1329 2486 1550 2541 videtur
1586 2487 1828 2552 Arethat,
1858 2486 2062 2543 saccqu
2095 2485 2310 2542 decimo
2358 2486 2518 2550 clari,
2560 2486 2627 2542 de
2652 2502 2764 2557 quo
2815 2486 2926 2542 dixi
2961 2488 3239 2544 volumine
3266 2487 3381 2551 VII,
3414 2505 3467 2559 p.

192 2572 287 2627 191
328 2589 449 2642 seq.
486 2572 618 2645 μοι.
654 2570 790 2636 VIII,
829 2589 881 2642 p.
912 2574 1016 2629 698
1051 2589 1169 2643 seq.
1204 2590 1336 2628 nov.
1368 2572 1457 2627 ed.

260 2659 375 2714 XL.
408 2661 505 2714 Ἐκ
542 2659 639 2714 τοῦ
684 2659 852 2714 αὑτοῦ
897 2659 1176 2732 Θεοδώρου
1219 2661 1524 2714 ἐπισκόπου
1569 2661 1774 2731 Καρῶν

1918 2661 1943 2714 ιὶ
1983 2662 2078 2715 τοῦ
2107 2662 2298 2734 Ἀδάμ.
2336 2663 2566 2716 Φωτίου.
2608 2660 2789 2715 Plzotii
2835 2672 3141 2731 excerptum
3183 2680 3250 2717 ex
3291 2665 3471 2718 eodem

194 2746 465 2802 Theodoro
499 2748 748 2816 episcopo
779 2745 1075 2801 Carrarum
1097 2787 1112 2812 ,
1146 2746 1211 2801 de
1242 2747 1442 2803 Adami
1474 2762 1694 2818 corpore
1730 2766 1800 2804 an
1832 2752 2130 2820 possibile?
2161 2767 2215 2821 p.
2251 2752 2378 2806 425.
2414 2750 2612 2821 Incipit
2646 2769 2659 2804 :
2692 2751 2813 2822 Χρὴ
2850 2750 3076 2806 εἰδέναι.
3105 2750 3280 2807 Vertit
3312 2752 3471 2807 Grot-

185 2851 370 2891 SBI'IIS.

255 2922 401 2976 XLI.
445 2923 509 2975 Τί
541 2924 660 2976 ἐστι
696 2921 960 2990 θάνατθς;
998 2926 1092 2977 καὶ
1127 2924 1247 2989 πῶς
1282 2926 1612 2980 θανατοῦται
1647 2930 1675 2980 ό
1712 2927 1974 2994 θάνατος;
2010 2926 2257 2998 (δοξάζει
2292 2926 2402 2997 γὰρ
2436 2926 2531 2981 καὶ⁵
2564 2925 2724 2979 τοῦτο
2757 2928 2788 2996 ἡ
2822 2926 3122 2996 Ἐκκλησία
3143 2927 3192 2997 ,)
3230 2927 3326 2980 καὶ
3360 2928 3470 2981 ἰδοὺ

178 3008 637 3080 ἀποθνήσκομεν.
670 3009 815 3076 Quid
846 3013 916 3064 sit
945 3028 1121 3076 mors,
1150 3021 1200 3065 et
1228 3013 1491 3083 quomodo
1525 3030 1665 3069 mors
1697 3018 1859 3070 morti
1887 3015 2115 3068 dedatur
2145 3017 2161 3081 (
2178 3029 2302 3068 nam
2329 3023 2380 3068 et
2407 3013 2504 3067 hoc
2557 3012 2706 3068 docet
2761 3012 3037 3084 Ecclesia)
3069 3023 3120 3068 et
3155 3030 3272 3068 ecce
3302 3018 3471 3069 mori-

178 3115 321 3160 mur,
359 3113 422 3167 p.
455 3097 582 3152 424.
618 3097 810 3168 Incipit
847 3116 860 3152 :
894 3098 1136 3163 Θάνατος
1160 3100 1287 3153 οὔτε
1317 3101 1477 3154 οὐσία
1509 3101 1731 3157 ἐστίνΝ

660 3098 810 3168 tcipit
847 3116 860 3152 :
894 3098 1136 3163 Θάνατος
1160 3100 1287 3153 οὒτε
1317 3101 1477 3154 οὐσία
1509 3101 1869 3158 ἐστίνΝθιιὶι
1899 3102 2213 3156 Gretserus.

249 3184 425 3239 XLII.
468 3183 745 3255 Σύντομος
777 3184 1103 3241 διδασκαλία
1137 3190 1267 3259 περὶ
1305 3188 1464 3243 Θείων
1497 3192 1811 3261 ὀνομάτων,
1845 3189 1955 3243 τῶν
1990 3206 2050 3241 τε
2085 3188 2278 3242 κοινῶν
2313 3188 2579 3258 Τριάδος,
2614 3188 2710 3241 καὶ
2739 3186 2849 3239 τῶν
2885 3185 3069 3239 ἱδικῶν
3102 3186 3336 3240 ἑκάστου
3372 3188 3474 3257 τῆς

181 3273 443 3345 Τριόιδος.
482 3273 668 3327 Breris
712 3273 962 3329 doctrina
1005 3280 1068 3330 de
1113 3277 1307 3331 divinis
1351 3280 1686 3344 nominibus,
1726 3289 1836 3334 tam
1878 3278 2246 3331 communibus
2290 3276 2645 3330 sanctissima
2681 3274 2996 3347 Trinitatis,
3034 3291 3195 3344 quam
3238 3277 3471 3344 propriis

183 3362 454 3430 cujusque
482 3377 747 3427 persona’.
783 3379 837 3430 p.
875 3363 1001 3417 524.
1037 3365 1240 3433 Incipit
1275 3365 1468 3418 εἜστι
1499 3367 1736 3437 ὀνόματα

1914 3383 1927 3418 ι
1954 3364 2044 3418 διὰ
2068 3363 2169 3433 τῆς
2196 3363 2361 3431 ἁγίας
2384 3363 2616 3434 Τριάδος
2641 3362 2923 3432 διήκοντα.
2942 3360 3118 3417 Vertit
3152 3360 3467 3418 Gretserus.

257 3448 391 3503 Haec
434 3450 704 3518 Opuscula
743 3449 885 3504 XLII
922 3450 993 3504 ad
1030 3452 1236 3506 calcem
1278 3450 1481 3523 Hodegi
1514 3454 1875 3509 Anastasiani
1911 3462 2145 3521 utraque
2184 3455 2367 3522 lingua
2410 3453 2624 3522 primus
2661 3450 2980 3522 Ingolstadii
3023 3450 3194 3505 edidit
3229 3450 3473 3506 Iacobus

188 3536 492 3590 Grctserus
532 3536 588 3589 ὃ.
629 3535 668 3591 I.
704 3536 842 3591 1606
880 3537 1015 3607 (I9),
1050 3538 1196 3593 unde
1233 3554 1429 3595 recusa
1466 3551 1593 3595 sunt
1630 3539 1826 3596 Latine
1858 3538 2082 3610 quidem
2120 3537 2174 3591 in
2206 3535 2540 3589 Bibliotheca
2579 3534 2828 3605 Patrum,
2862 3534 2997 3590 edit.
3028 3533 3381 3590 Coloniensis
3418 3551 3470 3589 a.

191 3622 354 3687 1618,
391 3632 540 3675 tomo
574 3620 682 3688 IX;
719 3631 773 3679 et
809 3622 1200 3694 Lugdunensis
1232 3642 1286 3679 a.
1320 3626 1483 3688 I677,
1517 3638 1664 3682 tomo
1698 3626 1839 3684 XVI.
1875 3627 2065 3682 erce
2096 3632 2152 3679 et
2187 3623 2385 3678 Latine
2414 3638 2546 3677 vero
2581 3622 2636 3676 in
2668 3623 2926 3675 Auctario
2961 3621 3254 3682 Duca’ano.
3291 3623 3448 3678 Paris

194 3706 366 3771 1624,
406 3716 559 3763 tomo
595 3708 647 3770 Ι,
677 3717 731 3763 et
765 3709 818 3763 in
853 3709 1183 3765 Bibliotheca
1215 3711 1445 3766 Patrum
1473 3712 1654 3767 Paris.
1690 3713 1747 3768 I6

1938 3714 2079 3769 1654
2101 3755 2114 3778 ,
2152 3722 2302 3768 ῑοιιιο
2332 3710 2421 3766 XI.
2457 3710 2532 3765 Ex
2564 3711 2675 3765 illis
2705 3709 2841 3763 XLII
2874 3712 3162 3780 opusculis
3189 3711 3470 3766 Gilhcrtus

189 3794 589 3852 Genebrardus
618 3794 812 3852 Latine
840 3807 1084 3853 verterat
1112 3799 1226 3856 hrec
1252 3800 1596 3870 quindecim,
1624 3818 1746 3872 qua:
1772 3819 1899 3858 cum
1929 3802 2287 3859 Gretseriana
2317 3799 2564 3855 editione
2592 3799 2675 3854 sic
2706 3798 2897 3855 licebit
2928 3798 3183 3854 conferre
3218 3818 3231 3852 :

257 3905 504 3960 Gencbr.
580 3907 631 3971 I,
742 3907 800 3969 2,
919 3908 976 3966 ὅ.
1077 3908 1133 3973 4,
1261 3910 1316 3974 5,
1515 3908 1569 3971 6,
1710 3911 1763 3977 7,

1710 3911 1763 3977 7,
1827 3913 1883 3975 s,
1947 3912 2003 3978 9,
2116 3911 2204 3974 to,
2340 3908 2430 3973 It,
2510 3907 2598 3971 ιε,
2749 3908 2839 3965 ιδ.
2931 3924 2937 3931 -
3008 3909 3099 3969 tt.
3182 3911 3263 3963 ιδ.

252 3994 512 4049 Gretscr.
556 3992 645 4061 III,
688 3993 831 4060 XVI,
874 3994 1007 4060 VIII,
1052 3995 1165 4060 VII,
1210 3994 1379 4062 XXV,
1421 3996 1641 4061 XXXII,
1687 3998 1779 4063 IX,
1820 3998 1892 4065 X,
1935 3997 2025 4063 XI,
2069 3995 2261 4062 XXIII,
2303 3994 2446 4059 XIII,
2488 3993 2632 4059 XIV,
2673 3993 2915 4056 XXXIII,
2960 3994 3154 4056 XXXI.
3201 3997 3239 4050 I.

180 4082 428 4135 Exstant
461 4096 528 4135 ex
569 4080 911 4139 Genebt'ardi
944 4085 1206 4139 versione
1242 4084 1297 4138 in
1325 4083 1659 4140 Bibliotheca
1691 4086 1922 4140 Patrum
1952 4083 2252 4140 Parisiensi
2285 4099 2337 4138 a.
2373 4082 2534 4148 1575,
2569 4089 2721 4137 tomo
2752 4081 2815 4146 V,
2848 4094 2900 4137 et
2934 4098 2986 4136 a.
3020 4083 3160 4139 1579
3194 4083 3378 4156 [1589,
3413 4086 3469 4141 in

181 4168 307 4224 Cat.
337 4169 482 4223 bibl.
514 4168 774 4225 Leidens.
808 4188 861 4240 p.
889 4170 1007 4243 25.]
1044 4178 1195 4227 tomo
1226 4171 1316 4227 IV.
1345 4173 1520 4227 Etiam
1556 4174 1658 4227 tria
1693 4190 1763 4229 ex
1794 4174 1881 4230 his
1912 4173 2201 4242 opusculis
2234 4169 2460 4237 Latine,
2489 4170 2795 4224 Francisco
2821 4169 3101 4226 Tun-iano
3132 4172 3465 4242 interprete,

184 4257 241 4311 in
276 4257 458 4312 lucem
491 4257 751 4312 emiserat
785 4259 854 4312 Η.
885 4260 1143 4314 Canisius
1177 4269 1326 4315 tomo
1357 4259 1450 4323 IV,
1482 4261 1731 4331 Antiquae
1762 4260 2023 4326 lectionis,
2058 4258 2315 4312 nimirum
2350 4256 2568 4321 XXVII,
2598 4255 2816 4310 XXVIII
2849 4268 2903 4312 et
2930 4257 3122 4323 XXIX,
3158 4259 3465 4327 Ingolstad.

184 4343 347 4410 I605,
386 4346 455 4409 ὧς
498 4359 692 4399 recusa
729 4345 785 4399 itt
819 4344 1165 4401 Bibliotheca:
1195 4346 1425 4401 Patrum
1456 4347 1809 4403 Coloniensis
1841 4346 2240 4419 Supplemento
2278 4345 2396 4401 sive
2437 4355 2586 4399 tomo
2620 4344 2737 4410 XV,
2776 4360 2828 4399 a.
2869 4345 3009 4399 1622
3040 4346 3286 4417 vulgato,
3320 4356 3372 4402 et
3409 4347 3464 4401 in

181 4429 497 4488 Parisiensi
529 4446 581 4488 a.
615 4431 777 4495 1654,
816 4441 966 4486 ιοιιιο
996 4432 1088 4487 ιν.
1111 4432 1212 4490 His
1241 4433 1486 4505 denique
1518 4433 1775 4489 accedit:

253 4520 445 4576 XLIII.
491 4522 632 4592 Περὶ
658 4520 908 4585 ἑνώσεως
934 4523 1030 4577 καὶ
1056 4522 1411 4595 σαρκώσεως,
1437 4522 1536 4576 καὶ
1563 4522 1643 4575 ὅτι
1671 4524 1707 4593 ἡ
1736 4522 1837 4592 μὲν
1861 4521 2158 4584 ὑπόστασις
2187 4517 2501 4589 ὲσαρκώθη,
2528 4520 2562 4590 ή
2589 4518 2646 4571 δὲ
2674 4518 2835 4588 φύσις
2860 4520 2962 4589 τῆς
2985 4519 3252 4592 Θεότητος
3279 4523 3464 4593 qui.qu

178 4608 246 4679 τῇ
276 4608 606 4680 ἀνθρωπίνῃ
639 4607 804 4677 φύσει
833 4610 895 4661 ὲν
918 4609 1218 4665 ὑποστάσει
1244 4607 1338 4663 τοῦ
1367 4608 1502 4663 Θεοῦ
1528 4608 1724 4677 Λόγου.

1916 4609 2046 4662 tione
2071 4617 2122 4660 et
2150 4607 2543 4669 incarnatione,
2570 4607 2810 4677 quodque
2837 4623 3065 4677 persona
3097 4608 3258 4678 fuerit
3288 4612 3469 4665 incar-

178 4705 332 4751 nata.
369 4696 564 4750 Divina
597 4705 778 4750 autem
809 4706 1010 4751 natura
1038 4696 1290 4752 humanae
1316 4699 1470 4751 unita
1499 4697 1553 4750 in
1581 4711 1811 4765 persona
1846 4695 1943 4750 Dei
1968 4695 2148 4750 Verbi.
2172 4694 2289 4750 Hoc
2319 4695 2651 4765 opusculum
2683 4709 2748 4749 ex
2785 4710 2888 4749 ms.
2923 4696 3222 4751 Bodleiano
3255 4699 3470 4769 primus

177 4781 381 4850 edidit,
406 4782 778 4854 Latinamquc
812 4785 1127 4841 versionem
1166 4785 1421 4857 adiunxit
1456 4784 1706 4839 Andreas
1743 4784 2021 4837 Arnoldus
2057 4782 2572 4853 Norimbcrgensis,
2613 4781 2790 4836 Paris.
2830 4782 3005 4847 1685.
3042 4783 3109 4848 8,
3150 4784 3215 4840 ad
3257 4786 3467 4841 calcem

180 4868 571 4940 Syntagmatis
610 4870 881 4928 doctrinae
915 4874 984 4928 ad
1026 4875 1269 4930 clericos
1311 4881 1366 4930 et
1401 4874 1576 4929 Iaicos
1614 4874 1720 4929 sub
1758 4871 1936 4929 sancti
1971 4868 2257 4924 Athanasii
2303 4869 2560 4934 nomine,
2598 4868 3053 4924 etValentiniani
3095 4885 3159 4925 ac
3201 4869 3467 4925 Marciani

178 4957 356 5029 impp.
384 4959 750 5029 epistolarum
780 4960 1039 5015 binarttm
1069 4962 1136 5017 ad
1168 4961 1409 5018 Leonem
1434 4961 1507 5016 Μ.
1533 4960 1730 5030 Incipit

1913 4959 1991 5013 ιὲν
2018 4955 2297 5028 σάρκωσίς
2322 4957 2473 5010 ἔστιν
2494 4955 2933 5028 ὲνανθρώπησις.
2966 4957 3110 5013 Idem
3137 4959 3466 5028 opusculum

179 5063 284 5102 ms.
318 5048 377 5102 in
410 5048 545 5103 bibl.
574 5048 823 5104 Caesarea
859 5058 1204 5105 memoratur
1227 5067 1255 5103 a
1284 5047 1690 5114 Lambecio,V,
1712 5065 1765 5119 p.
1794 5047 1881 5102 78.
1908 5046 2075 5101 Fabr.
2100 5060 2148 5100 ε.
2169 5060 2223 5114 p.
2252 5045 2373 5111 I69,
2398 5061 2455 5098 η.
2484 5045 2571 5110 II,
2601 5045 2690 5100 ed.
2717 5044 2886 5113 KolI.,
2915 5046 3047 5100 item
3082 5048 3135 5101 in
3165 5049 3292 5102 cod.
3322 5048 3469 5103 Mos-

180 5136 385 5202 quensi
412 5136 614 5207 synod.
642 5137 735 5191 52.
763 5135 827 5191 V.
848 5136 1089 5192 Mattluei
1116 5137 1288 5192 Notit.
1315 5138 1412 5190 cit.
1441 5151 1494 5206 p.
1518 5136 1645 5199 291,
1675 5153 1729 5191 n.
1756 5136 1897 5192 5.-
1919 5133 2122 5187 Iterum
2149 5132 2359 5187 editum
2384 5141 2470 5186 est
2500 5131 2635 5187 illud
2662 5148 2860 5203 opusc.
2886 5150 2953 5188 ex
2978 5133 3107 5188 cod.
3133 5133 3321 5190 Bodlei
3368 5135 3463 5191 Gr.

177 5235 246 5277 ac
278 5223 403 5278 Lat.
436 5227 493 5279 in
524 5239 666 5280 nova
697 5224 831 5279 edit.
863 5224 1032 5281 Henr.
1060 5224 1270 5280 Canisii
1303 5221 1451 5277 Lect.
1478 5232 1594 5277 ant.
1626 5233 1763 5276 tom.
1796 5221 1860 5285 II,
1892 5230 2040 5289 part.
2068 5235 2131 5285 ιι,
2160 5234 2216 5290 p.
2243 5220 2350 5274 473
2379 5234 2539 5291 seqq.
2566 5219 2655 5275 ed.
2683 5221 2920 5291 Basnag.
2948 5220 3121 5277 ΗΑιιι..

1176 5492 1241 5545 II.
1280 5491 1520 5545 ExAuc.
1562 5490 1666 5545 ΜΑι
1701 5490 1850 5547 Bibl.
1876 5489 2017 5546 Nov.
2044 5500 2084 5544 ι.
2127 5486 2229 5554 Vl,
2254 5506 2308 5556 p.
2340 5488 2463 5544 I69.

251 5599 611 5657 Theodorum
645 5604 951 5659 Abucaram
993 5603 1261 5658 Carorttm
1303 5605 1627 5675 episcopum
1668 5602 1979 5659 Turrianus
2039 5603 2336 5674 aliquoties
2408 5603 2734 5662 Datnasceni
2795 5607 3131 5679 discipulum
3171 5612 3462 5679 nominat,

178 5691 272 5745 cui
304 5689 756 5759 probabilitatem
785 5692 1049 5747 conciliat
1080 5692 1215 5747 illud
1249 5694 1301 5747 in
1336 5693 1497 5747 titulo
1528 5692 1730 5748 dissert

1913 5709 1938 5748 s
1967 5691 2196 5747 decium
2221 5699 2433 5747 octava:
2456 5693 2553 5745 Διὰ
2585 5695 2770 5765 φωνῆς
2803 5695 3050 5751 Ἰωάννου
3073 5701 3462 5773 Δαμασκηνοῦ.

252 5862 376 5929 (19)
414 5863 481 5919 Ει
505 5865 560 5921 in
592 5863 1082 5937 GretseriOperib.
1114 5866 1408 5925 Ratisbon.
1434 5867 1593 5935 17H,
1620 5876 1659 5922 t.
1689 5866 1805 5934 XV,

704 5867 840 5922 tseri
860 5866 1082 5937 Operib.
1114 5866 1408 5925 Ratisbon.
1434 5867 1593 5935 17H,
1620 5876 1659 5922 t.
1689 5866 1806 5934 XV,
1834 5883 1888 5940 p.
1925 5868 2051 5922 342.
2081 5867 2252 5924 Hann.
