3934 6448
505 467 657 531 ’1455
1707 463 2180 523 THEODORUS
2210 464 2584 525 ABUCARA.
3585 479 3683 548 1555

517 578 805 650 Signiﬁcat
839 575 988 629 enim
1026 587 1110 638 ea,
1145 587 1265 642 qua:
1308 573 1362 626 in
1399 571 1544 626 dicta
1579 571 1960 643 disputatione
1995 574 2268 630 adversus
2300 573 2608 630 Saracenos
2646 572 3018 640 disseruntur,
3053 591 3114 630 ex
3158 591 3250 632 ore
3283 578 3511 640 dictantis
3539 583 3685 645 Dama.

519 667 668 721 sreni
713 663 1023 732 excepisse.
1061 660 1336 714 Turriano
1383 675 1491 715 non
1543 662 1852 716 assentitur
1886 659 2201 727 Gretscrus,
2243 663 2663 734 arbitraturque
2700 663 3048 717 Theodorum
3089 664 3388 721 Abucaram
3434 675 3570 729 alium
3609 697 3687 738 non

518 757 709 814 fuisse,
747 765 914 820 quam
961 750 1116 804 illum
1163 749 1256 818 qui
1299 763 1427 803 cum
1473 747 1778 802 Photianas
1824 759 2006 818 partes
2053 758 2247 804 contra
2287 751 2557 821 lgnatium
2598 759 2825 806 secutus
2864 750 3078 816 fuisset,
3117 761 3279 824 atque
3319 757 3440 810 adeo
3477 777 3565 816 una
3601 783 3690 823 cum

517 844 780 898 Zacltaria
813 840 1254 895 Clialcedoncnsi
1279 881 1292 904 ,
1322 854 1422 908 pro
1457 838 1652 891 Photio
1687 838 1754 891 ad
1793 837 2126 892 Ludovicum
2159 839 2462 893 secundum
2499 839 2889 906 imperatorem
2924 836 3370 912 Francorumque
3401 859 3554 916 regem
3583 853 3692 922 legs.

517 934 720 985 tionem
757 928 1023 992 obiissct,
1060 939 1117 981 ut
1154 928 1208 981 in
1241 927 1352 980 vita
1391 925 1587 996 lgnatii
1625 933 1860 980 testatur
1895 924 2153 988 Nicetas,
2189 932 2380 995 postea
2419 922 2598 978 Photii
2642 923 2926 980 fraudibus
2967 926 3020 979 in
3064 936 3312 996 apertum
3355 932 3580 998 prolatis,
3609 947 3695 993 rem

517 1029 820 1073 retrorsum
853 1017 1048 1080 vertit,
1087 1023 1143 1068 et
1177 1015 1229 1067 iu
1263 1023 1460 1067 octava
1493 1015 1706 1084 synodo
1737 1014 2080 1068 aaz'uutenica
2114 1011 2343 1066 admissi
2379 1011 2580 1081 piaculi
2613 1013 2828 1066 veniam
2864 1013 3216 1081 impetravit,
3251 1028 3405 1084 prout
3436 1027 3633 1076 secunda
3658 1045 3689 1078 rt

517 1115 712 1175 quarta
741 1104 991 1173 ejusdem
1023 1101 1246 1155 concilii
1281 1103 1424 1155 actio
1453 1117 1556 1156 nos
1585 1102 1817 1166 docent;
1847 1116 1946 1171 pro
1971 1115 2083 1170 quo
2106 1099 2270 1153 etiam
2301 1099 2444 1166 apud
2473 1098 2778 1152 Adriauum
2811 1113 3090 1154 summum
3125 1103 3424 1170 pontiﬁcem
3453 1107 3700 1165 intercessit

520 1193 782 1263 Ignatius,
826 1201 885 1244 ut
927 1191 1166 1261 pristino
1209 1190 1406 1242 honori
1448 1204 1512 1244 ac
1555 1191 1771 1243 muneri
1817 1190 2207 1244 restitueretur
2248 1205 2260 1240 :
2299 1187 2446 1254 quod
2493 1186 2621 1238 item
2669 1184 2918 1242 fecerunt
2959 1195 3072 1244 tres
3112 1189 3457 1260 imperatores
3497 1194 3699 1252 Basilio...

517 1281 942 1341 Constantinus,
975 1294 1038 1332 ae
1075 1277 1183 1330 Leo
1215 1279 1268 1330 in
1304 1278 1504 1331 litteris
1536 1277 1601 1330 ad
1636 1275 1888 1330 eumdem
1921 1273 2184 1329 Romanae
2215 1274 2476 1328 Ecclesia:
2506 1275 2837 1342 antistitem,
2869 1277 2961 1344 qui
2993 1274 3345 1332 Theodorum
3377 1280 3554 1352 insigni
3582 1302 3702 1340 enco-

517 1368 628 1420 tnio
658 1365 1012 1424 decoraruut,
1043 1378 1165 1416 cum
1201 1362 1476 1414 hominem
1512 1359 1772 1414 Ecclesiae
1800 1359 1957 1412 valde
1989 1359 2176 1412 utilem
2210 1361 2489 1430 appellare
2516 1361 2830 1423 voluerunt.
2861 1362 3028 1432 idque
3061 1373 3283 1433 propter
3306 1368 3540 1423 eximiam
3565 1376 3704 1426 eruili-

519 1457 745 1516 tionem,
778 1466 883 1520 qua
921 1452 1229 1504 instructus
1264 1465 1388 1501 Cttztt
1426 1447 1723 1510 lnrreticis,
1749 1445 1975 1511 Judaeis,
2004 1455 2058 1499 et
2090 1445 2492 1502 Mahometanis
2519 1449 2768 1502 animose
2796 1449 3282 1520 congrediehatur,
3313 1467 3526 1521 quorum
3560 1457 3704 1526 iugi-ns

507 1543 574 1596 in
603 1541 768 1596 Caria
797 1552 909 1593 tttnt
943 1538 1268 1602 multitudo,
1299 1550 1354 1589 ut
1385 1544 1439 1588 et
1474 1535 1792 1598 Laodiceae,
1825 1551 1936 1604 quo
1963 1534 2311 1587 Theodorum
2348 1535 2679 1588 translatum
2715 1534 2934 1590 Nicctas
2964 1537 3180 1590 scribit.
3206 1535 3339 1591 Cum
3368 1555 3486 1609 ergo
3511 1539 3701 1602 Nicetes.

507 1641 572 1684 ~ct
613 1639 805 1684 octava
848 1627 1095 1698 synodus
1158 1624 1509 1679 Theodorum
1552 1625 1702 1678 illum
1748 1624 2032 1677 nominent
2070 1621 2246 1676 Cat-ia:
2281 1623 2602 1693 episcopum
2647 1631 2704 1676 et
2744 1623 3189 1691 metropolitatn,
3230 1633 3287 1678 ut
3325 1635 3379 1680 et
3415 1627 3701 1695 lgnttlius,rt

521 1724 884 1789 imperatores
920 1720 972 1768 in
1005 1715 1256 1783 epistolis
1285 1715 1352 1765 ad
1380 1712 1684 1766 Adrianum
1719 1712 2066 1782 pentiiicem,
2097 1719 2150 1765 et
2181 1709 2270 1763 hic
2302 1710 2559 1763 Abucara
2591 1709 2770 1765 Cariae
2799 1711 3005 1780 praesul
3038 1709 3235 1775 fuerit,
3261 1727 3432 1781 neque
3458 1716 3580 1767 ratio
3603 1716 3698 1770 teni-

521 1807 674 1876 poris
705 1807 907 1868 obstet,
942 1804 994 1856 in
1026 1817 1145 1856 eam
1180 1799 1514 1854 sententiam
1547 1799 1767 1852 devenit
1797 1808 1856 1852 ut
1885 1799 1989 1854 sibi
2025 1797 2394 1868 persuadeat,
2429 1799 2596 1852 alium
2627 1797 3083 1853 dissertationum
3118 1809 3393 1854 auctorem
3425 1817 3523 1854 non
3553 1803 3697 1864 fuisse.

519 1911 684 1966 quam
716 1895 870 1946 illum
897 1889 1250 1944 Theodorum
1277 1888 1456 1941 Cariae
1481 1888 1811 1951 antistitem,
1838 1889 1933 1957 qui
1967 1889 2071 1941 sub
2100 1885 2300 1941 Basilio
2330 1885 2650 1952 Macedone,
2677 1889 3021 1957 temporibus
3047 1897 3256 1943 octava:
3282 1891 3488 1960 synodi,
3513 1893 3698 1946 docti-itu

520 1982 874 2050 nominisque
907 1977 1226 2032 celebritate
1259 1975 1483 2030 claruit.
1515 1975 1580 2026 Et
1609 1988 1731 2028 cum
1762 1989 1792 2027 a
1825 1974 2069 2029 secunda
2097 1973 2308 2044 synodo
2338 1973 2562 2028 Nicaeus
2596 1989 2744 2029 anno
2777 1973 2990 2030 Domini
3019 1974 3146 2039 787,
3177 1977 3467 2043 celebrata,
3494 1989 3697 2048 usquead

518 2083 764 2126 octavam
808 2066 1104 2138 synodum,
1144 2080 1267 2135 qua:
1307 2063 1496 2116 habita
1537 2071 1622 2118 est
1664 2077 1810 2117 anno
1850 2061 1978 2126 869,
2018 2061 2149 2114 anni
2192 2061 2474 2130 octoginta
2515 2061 2627 2114 duo
2668 2059 3102 2127 interﬂuxerint,
3143 2061 3382 2119 Joannes
3417 2079 3534 2118 vero
3566 2063 3697 2117 Danu-

519 2171 742 2214 scenus.
771 2164 830 2208 ut
861 2153 1139 2224 plerisque
1167 2151 1543 2221 chronologiaa
1575 2165 1681 2203 non
1716 2151 1987 2220 imperitis
2020 2150 2220 2218 placet,
2247 2161 2374 2204 ante
2406 2150 2698 2219 septimam
2733 2149 3008 2220 synodum
3041 2167 3356 2220 supremum
3383 2153 3516 2208 diem
3543 2155 3697 2216 οιήι-ηι,

519 2245 849 2298 alterutrum
882 2235 1200 2293 necessario
1231 2236 1589 2291 asscrcndum
1613 2241 1784 2300 esset,
1809 2241 1902 2287 aut
1924 2235 2236 2289 Abuearam
2267 2234 2436 2291 fer-me
2462 2237 2642 2291 adhuc
2667 2252 2896 2308 puerum
2927 2238 3268 2294 Damasceno
3296 2254 3502 2309 operam
3527 2242 3696 2300 dedisti:

517 2341 611 2384 aut
641 2327 1041 2397 octogesimum
1072 2324 1252 2381 aetatis
1283 2338 1488 2379 annum
1520 2323 1681 2394 longe
1709 2321 2143 2390 transcendisse,
2175 2327 2399 2397 quando
2428 2327 2910 2398 Constantinopoli
2943 2328 3288 2382 aecumenica
3315 2328 3540 2399 synodus
3563 2340 3692 2382 oclztt:

518 2425 710 2472 coacta
742 2415 876 2481 fuit;
913 2413 1017 2468 nisi
1052 2415 1178 2483 quis
1209 2412 1530 2468 Damasceni
1562 2413 1725 2464 vitam
1755 2412 1896 2464 ultra
1926 2413 2215 2482 septimam
2250 2415 2524 2485 synodum
2555 2415 2805 2484 proferre
2829 2415 2982 2469 velit.
3013 2413 3076 2466 Et
3105 2414 3223 2468 haec
3250 2417 3459 2484 quidem
3485 2415 3690 2471 Grclscrns

519 2508 586 2562 ad
622 2507 921 2561 Antonium
955 2503 1265 2567 Velsernm,
1301 2519 1422 2572 quae
1465 2519 1573 2556 ttou
1600 2501 1738 2554 tanti
1781 2501 1914 2555 mihi
1950 2501 2232 2567 videntur,
2267 2510 2328 2556 ut
2368 2519 2397 2555 a
2441 2505 2716 2557 sententia
2759 2516 2860 2557 nos
2895 2501 3154 2556 Turtiani
3199 2504 3490 2559 retraliant.
3521 2502 3695 2572 Namque

515 2595 868 2650 ’l‘heodorum
911 2596 1054 2646 hunc
1088 2594 1393 2643 Abucarant
1434 2605 1542 2642 non
1578 2604 1770 2644 omnes
1808 2589 2028 2644 codices
2062 2590 2425 2660 manuscripti
2471 2591 2680 2644 faciunt
2714 2590 2937 2662 Καρῶν,
3001 2588 3237 2656 Carum,
3281 2591 3591 2662 episcopum,
3627 2597 3697 2646 site

508 2685 718 2743 uariat,
753 2681 846 2734 sed
883 2677 1109 2749 quidam
1147 2677 1220 2730 ita
1255 2675 1512 2737 efferunt,
1549 2677 1769 2743 quidattt
1805 2675 2190 2731 immutatione
2224 2692 2335 2731 non
2372 2678 2475 2733 levi
2514 2679 2824 2733 litterarum
2857 2678 3092 2750 Χαρρὰν
3123 2679 3451 2749 exprimunt,
3484 2688 3534 2734 ttt
3564 2689 3698 2749 prater

521 2771 662 2825 alios
693 2767 879 2822 videre
912 2776 995 2821 est
1025 2765 1078 2818 in
1114 2765 1304 2818 codice
1327 2762 1594 2817 Vaticano
1629 2761 1761 2826 492,
1799 2778 1852 2832 p.
1888 2762 2022 2827 195,
2055 2778 2177 2833 qua:
2208 2764 2368 2835 longe
2397 2772 2480 2820 est
2511 2763 2727 2821 diversa
2759 2781 2786 2818 a
2817 2765 2999 2820 Caria.
3032 2764 3098 2818 Et
3128 2767 3378 2836 quamvis
3403 2776 3544 2821 aetate
3569 2767 3698 2822 Basilii

518 2855 839 2911 Macedonis
874 2863 924 2907 et
962 2852 1166 2915 Photii,
1199 2850 1374 2905 Caria:
1408 2851 1708 2920 episcopus
1740 2851 1910 2904 variis
1944 2851 2257 2922 disciplinis
2292 2854 2623 2918 instructus,
2658 2869 2762 2910 non
2797 2865 2916 2910 erat
2949 2853 3212 2911 Ecclesia!
3244 2857 3465 2921 inutilis,
3496 2872 3586 2912 non
3612 2858 3698 2911 inde

499 2955 704 2999 vtameu
735 2943 988 3011 sequitur
1043 2956 1168 2995 eum
1204 2941 1380 2994 solum
1414 2938 1588 2994 fuisse
1617 2939 1930 2994 istiusmodi
1957 2941 2314 3006 conditionis,
2345 2942 2485 2997 alios
2514 2941 2650 2996 nihil
2676 2942 2937 2997 valuisse.
2964 2940 3032 2996 Et
3063 2958 3300 3012 quanam
3331 2945 3523 2998 ratione
3547 2946 3627 2996 iste
3645 2945 3700 2994 vir

507 3046 660 3100 ,puer
686 3043 877 3101 sapere
909 3028 1201 3098 potuisset,
1234 3035 1293 3080 ut
1321 3041 1444 3097 qua:
1472 3026 1538 3081 de
1573 3027 1738 3080 rebus
1770 3025 2118 3084 difﬁcillimis
2147 3029 2380 3084 dictaret
2412 3028 2811 3094 Damascenus,
2844 3030 2962 3099 ipse
2995 3033 3208 3102 scripto
3237 3031 3535 3101 exciperet?
3562 3030 3698 3084 Studia

521 3122 616 3174 illa
648 3128 761 3173 tam
798 3119 940 3172 seria
975 3125 1182 3170 statum
1216 3115 1403 3181 alium,
1434 3122 1488 3168 et
1517 3113 1834 3168 solidiorem
1867 3114 2068 3170 mentis
2097 3114 2408 3170 ﬁrmitatem
2441 3125 2771 3185 exposcunt.
2798 3115 3022 3170 Certum
3054 3119 3204 3171 enim
3239 3125 3321 3171 est
3353 3119 3482 3186 apud
3513 3127 3699 3170 sensatos

510 3210 704 3270 -\‘il‘OS,
747 3205 1020 3276 planeque
1061 3217 1126 3257 ex
1176 3201 1418 3254 concilio
1463 3203 1700 3271 septimo
1740 3210 1990 3267 constat,
2040 3202 2433 3258 Damascenum
2479 3215 2604 3258 ante
2645 3205 2982 3258 celebratqu
3032 3206 3167 3259 illud
3212 3207 3488 3260 concilium
3528 3217 3698 3258 mortem

518 3295 749 3349 nbiisse.
785 3291 891 3346 Sed
928 3291 1192 3359 quoniam
1230 3289 1344 3344 hac
1379 3290 1676 3343 minutiora
1712 3303 1818 3343 non
1851 3291 2059 3344 nemini
2094 3291 2262 3345 videri
2301 3298 2554 3359 possunt,
2586 3291 2714 3360 quis
2744 3291 2828 3344 vel
2862 3306 3054 3361 parum
3093 3307 3264 3347 sanus
3295 3294 3565 3362 negaverit,
3595 3290 3698 3343 Abu-

519 3398 708 3436 caram
752 3381 898 3434 httnc
933 3377 1285 3431 Theodorum
1332 3392 1438 3429 una
1485 3377 1647 3429 simul
1695 3375 1951 3431 ﬂoruisse
1993 3393 2120 3430 cum
2154 3376 2365 3431 Thoma
2409 3375 2935 3448 llierosolyr‘nitano,
2976 3379 3069 3448 qui
3117 3380 3279 3448 paulo
3319 3389 3438 3449 post
3477 3379 3698 3446 septimum

519 3469 816 3522 concilium
860 3468 934 3520 illi
979 3465 1238 3520 ﬁet-ledae
1279 3464 1536 3534 praefuit?
1569 3464 1739 3532 quue.
1780 3480 1843 3518 ex
1887 3465 2023 3534 ipsis
2056 3468 2340 3534 opusculis
2376 3479 2406 3514 a
2448 3464 2712 3519 Gretsero
2754 3466 3054 3534 publicatis
3097 3465 3321 3520 addisco
3355 3464 3696 3519 e\'idenlissiluc.

508 3557 717 3622 Quarti
752 3555 898 3610 enim
931 3553 1133 3608 titulus
1168 3555 1241 3606 ita
1277 3568 1337 3607 se
1373 3552 1534 3606 habet
1568 3551 1625 3604 in
1657 3550 1850 3604 codice
1885 3566 2006 3605 meo
2038 3570 2052 3606 :

2144 3551 2373 3621 πιστο).ὴ
2409 3552 2745 3622 περιέχουσα
2776 3553 2876 3621 τὴν
2906 3552 3077 3624 ὀρθὴν
3114 3554 3211 3605 καὶ
3244 3551 3528 3622 ἀμώμητον
3555 3549 3697 3611 πίστιν,

523 3633 837 3714 πεμφθεῖσα
871 3641 1024 3710 παρὰ
1057 3637 1151 3692 τοῦ
1191 3639 1612 3709 μακαριωτάτου
1648 3638 1807 3690 πάπα
1839 3638 2012 3708 Θωμᾶ
2048 3640 2391 3710 πατριάρχου
2421 3640 2813 3712 Ἰεροσολύμων
2855 3641 2990 3712 πρὸς
3026 3642 3158 3706 τοὺς
3195 3644 3333 3695 κατὰ
3364 3642 3457 3712 τὴν
3484 3637 3700 3710 Ἀρμενιιν

515 3730 937 3803 uiget-Move“,
971 3728 1250 3797 Ἀραῦιστὶ
1276 3727 1374 3794 μὲν
1410 3726 1516 3779 ὑπὸ
1556 3725 1834 3795 Θεοδώρου
1868 3725 1964 3778 τοῦ
2002 3727 2569 3800 ὲπίκληνἈὸουκαρᾶ
2602 3728 2696 3781 τοῦ
2737 3728 2939 3796 Καρῶν
2970 3728 3277 3782 ἐπισκόπου
3315 3725 3700 3797 ὑπαγορευϐεἰσι,

524 3822 614 3873 διὰ
641 3819 700 3873 δὲ
729 3817 954 3888 Μιχαὴλ
983 3814 1119 3886 ἐμοῦ
1148 3813 1242 3866 τοῦ
1272 3814 1558 3884 ἐλαχίστου
1589 3811 1964 3884 πρεσὸυτέρου
1995 3815 2088 3866 καὶ
2118 3815 2416 3883 συγκέ).λου
2445 3817 2540 3868 τοῦ
2573 3815 2940 3870 ἀποστολικοῦ
2972 3816 3170 3888 θρόνου
3202 3815 3559 3888 Ἰεροσολύμων
3584 3827 3702 3880 μετα-

526 3905 854 3977 φρασθεῖσα,
889 3903 1008 3974 μεθ’
1025 3895 1098 3955 οὗ·
1118 3901 1213 3954 καὶ
1239 3901 1602 3956 ἀπέσταλται.
1631 3899 1876 3968 Epistota
1908 3902 2079 3953 comiti

2150 3917 2180 3955 :s
2209 3903 2368 3971 fidem
2399 3912 2596 3956 rectam
2628 3912 2786 3972 atque
2817 3903 3190 3973 inculpatum,
3223 3905 3386 3957 missa
3411 3918 3442 3955 a
3471 3898 3703 3954 beatissimo

530 3997 736 4050 Tltoma
774 3993 1086 4062 patriarcha
1126 3987 1620 4058 Hierosolymitano
1657 3988 1728 4041 ad
1768 3987 2060 4042 Haereticos
2098 3989 2153 4042 in
2187 3991 2520 4053 Armeniam,
2558 3989 2786 4044 Arabice
2824 3990 3034 4045 dictata
3072 4008 3106 4045 a
3146 3991 3409 4045 Theodoro
3444 3993 3705 4056 cognomento

525 4085 774 4136 Abucara
805 4080 1045 4146 episcopo
1077 4075 1343 4130 Carorum
1365 4115 1378 4139 ,
1410 4085 1461 4130 et
1499 4092 1531 4128 a
1566 4090 1648 4128 me
1683 4077 1900 4129 minimo
1931 4075 2235 4146 presbytero
2266 4077 2528 4132 Micltaele
2557 4089 2608 4131 et
2639 4080 2877 4148 sgncello
2911 4079 3170 4134 Ecclesia:
3201 4077 3650 4146 Hierosolymitana:
3671 4072 3706 4120 in

529 4168 772 4224 Gnaeum
804 4179 1096 4220 sermonem
1126 4164 1418 4226 translata,
1447 4179 1542 4232 per
1567 4179 1718 4232 quem
1745 4171 1794 4217 et
1825 4165 1991 4218 missa
2021 4174 2121 4218 est.
2146 4163 2202 4218 Si
2235 4165 2338 4220 sub
2359 4165 2570 4219 Tltoma
2597 4165 2708 4232 jam
2741 4165 3025 4234 perlectus
3052 4176 3235 4230 astate,
3263 4173 3321 4218 ut
3344 4161 3614 4218 verosimile
3633 4166 3708 4212 ρει,

528 4265 584 4312 et
612 4255 895 4326 conspicui
929 4253 1172 4308 nominis
1206 4253 1404 4308 doetor
1431 4252 1690 4320 dogmata
1721 4238 1996 4306 catholica
2025 4251 2299 4306 haereticis
2328 4250 2552 4320 pandit,
2582 4267 2704 4320 qttae
2737 4254 2873 4304 tanti
2905 4253 3278 4316 aestimantur,
3312 4260 3367 4304 ut
3395 4251 3445 4302 in
3473 4248 3587 4300 alias
3610 4256 3707 4310 quo-

530 4361 637 4417 que
675 4360 832 4400 versa
872 4342 1087 4412 linguas
1129 4339 1356 4410 legenda
1396 4339 1520 4393 aliis
1559 4349 1725 4407 atque
1762 4341 1885 4395 aliis
1923 4339 2392 4406 transmittantur,
2430 4353 2538 4409 qua
2581 4342 2795 4394 ratione
2835 4341 2945 4395 sub
2981 4341 3348 4396 Constantino
3385 4339 3544 4393 adhuc
3573 4339 3705 4400 regi-ta

529 4443 690 4488 aetate
729 4431 928 4486 ﬂorere
970 4428 1081 4483 dici
1131 4427 1366 4497 poterit?
1409 4425 1565 4480 Adde
1611 4426 1666 4478 in
1713 4441 1836 4480 meo
1878 4430 2257 4498 manuscripto
2299 4430 2470 4483 multa
2516 4428 2570 4481 in
2623 4429 2873 4498 margine
2925 4429 3192 4484 adnotata
3235 4443 3354 4484 esse
3395 4424 3594 4483 scholia,
3625 4432 3706 4486 qua:

532 4534 813 4577 auctorem
847 4534 960 4590 pra:
980 4533 1041 4573 se
1068 4517 1252 4570 lerunt
1283 4515 1744 4584 Atetltam,quem
1774 4517 2040 4585 aequalem
2055 4517 2224 4586 aliqui
2256 4513 2452 4571 Photio
2482 4515 2711 4570 faciunt.
2742 4514 2887 4571 Hine
2916 4517 3304 4586 argumentari
3333 4515 3450 4568 licet
3471 4513 3704 4566 Aliucaram

531 4627 654 4667 esse
703 4609 1100 4677 antiquiorem.
1151 4604 1336 4669 Quare
1389 4605 1664 4656 assentior
1710 4601 2022 4670 Turriano,
2072 4607 2267 4661 iisdem
2315 4619 2443 4659 cum
2500 4602 2842 4660 Datnasccno
2889 4605 3236 4675 temporibus
3285 4606 3421 4658 hunc
3463 4599 3702 4653 Abucaram

531 4699 761 4762 sitisse,
797 4707 850 4750 et
886 4695 956 4748 ab
991 4707 1057 4746 co
1094 4691 1270 4744 multa
1305 4689 1414 4744 sibi
1452 4689 1729 4746 hausisse.

606 4785 778 4854 llnjus
826 4781 1094 4852 Opttscnla
1129 4792 1320 4830 contra
1377 4778 1564 4831 varios
1607 4777 1858 4834 inﬁdeles
1886 4781 2120 4845 Arabas,
2159 4783 2466 4852 Agarenos,
2531 4778 2858 4846 Tritlteitas,
2907 4781 3371 4854 TlteOpaschitas,
3402 4772 3702 4831 Nestorianos.

532 4873 837 4935 .lacobitas,
900 4864 1339 4935 Monopltysitas,
1391 4862 1639 4928 Judaeos,
1671 4880 1774 4919 nec
1803 4881 1918 4920 non
1947 4865 2316 4938 Ot‘igettistas,
2349 4870 2755 4938 interpretibus
2787 4868 3091 4928 Francisi-o
3147 4870 3433 4929 anriano,
3480 4871 3525 4917 cl
3556 4855 3706 4912 Jacobo

534 4964 822 5021 Gretsero,
851 4955 1044 5011 Gratce
1079 4961 1134 5009 et
1166 4951 1360 5008 Latine
1392 4951 1718 5023 lngolstadii
1753 4955 1902 5007 edita
1932 4965 2088 5023 sunt,
2121 4971 2184 5010 ex
2231 4957 2598 5027 typographia
2638 4959 2833 5011 Adami
2869 4959 3109 5014 Sertorii
3143 4973 3289 5012 anno
3323 4951 3472 5016 i606,
3501 4955 3550 5003 et
3589 4950 3702 4996 antea

535 5051 688 5104 edita
753 5049 974 5100 l'uerant
1028 5044 1084 5098 in
1137 5041 1472 5096 Bibliotheca
1514 5049 1746 5096 veterum
1795 5041 2025 5096 Patrum
2055 5046 2310 5100 secundae
2349 5041 2610 5100 editionis
2638 5052 2790 5098 torno
2828 5044 2920 5110 IV,
2973 5044 3273 5101 Latinitate
3304 5043 3487 5097 donata
3518 5051 3542 5088 a
3576 5032 3704 5086 Gener

535 5136 763 5198 hrardo,
795 5131 1116 5203 passimque
1153 5131 1538 5200 ntanuscripta
1586 5129 1947 5185 inveniuntur
1977 5132 2030 5184 in
2063 5131 2417 5187 bibliothecis
2448 5133 2678 5198 Italicis,
2709 5149 2772 5186 ex
2816 5135 3024 5203 quibus
3057 5145 3282 5206 possent
3305 5131 3390 5186 edi
3437 5125 3706 5208 correctiort

537 5240 707 5295 atque
737 5221 1015 5284 auctiora,
1045 5227 1100 5274 et
1152 5217 1508 5289 potissimum
1546 5232 1614 5272 ex
1663 5233 1786 5272 meo
1812 5220 2023 5274 codice.
2077 5219 2135 5272 In
2172 5218 2504 5274 bibliotheca
2552 5219 2819 5275 Bavarica
2863 5239 3020 5277 num.
3071 5225 3158 5286 16,
3194 5231 3474 5277 notaniur:
3510 5205 3705 5295 Theodori

537 5291 772 5379 episcopi
802 5310 982 5365 Carite
1035 5318 1378 5378 cognomento
1413 5307 1678 5362 Abucara:
1723 5307 2013 5379 Dialogus,
2045 5325 2148 5375 quo
2177 5308 2506 5361 demonstrat
2553 5323 2668 5361 esse
2718 5306 2908 5361 Deum.
2946 5308 3202 5378 Ejusdem
3233 5309 3294 5361 de
3330 5303 3474 5359 coriis
3505 5291 3704 5379 capitib‘lt

543 5375 876 5471 Qua-stiones
909 5408 958 5451 ct
997 5375 1410 5464 Responsiones.
1468 5395 1718 5464 Epistola
1751 5375 1966 5450 Tltomte
2007 5396 2328 5464 patriarcha:
2369 5395 2849 5464 Hierosolymitani
2889 5397 2958 5449 ad
2987 5375 3244 5450 :Armenos
3278 5390 3538 5448 hereticos.
3571 5375 3704 5471 ροιιι-

542 5505 730 5544 ctanea
762 5488 1026 5542 Theodori
1061 5487 1295 5555 episcopi
1319 5483 1493 5538 Caria:
1520 5485 1584 5538 de
1617 5485 1782 5537 variis
1815 5485 2080 5550 capitibus
2113 5494 2296 5537 contra
2325 5479 2661 5542 Severianus,
2699 5491 2750 5535 et
2797 5484 3111 5551 deep/talos,
3145 5495 3192 5538 et
3229 5490 3400 5536 contra
3429 5467 3699 5527 Uenit/Iam-

545 5580 611 5630 lit
646 5575 769 5631 cod.
807 5575 931 5628 175.
975 5573 1242 5628 Theodori
1275 5572 1508 5641 episcopi
1535 5571 1714 5625 Curitc
1749 5582 2092 5642 cognomento
2134 5571 2396 5625 Abucara:
2437 5569 2720 5636 opuscula,
2760 5571 2825 5624 de
2859 5571 2954 5625 Dei
2979 5571 3302 5626 nominibus.
3339 5568 3526 5620 Patrem
3551 5559 3701 5646 senatu”

544 5680 818 5735 generare,
857 5662 1060 5716 Filium
1091 5677 1291 5730 semper
1324 5663 1587 5732 generari.
1634 5659 1896 5729 Dialogus
1927 5677 2048 5715 cum
2100 5659 2468 5714 Nestorianis.
2505 5656 2766 5729 Dialogus
2815 5676 2935 5714 cum
2973 5659 3243 5715 Jacobita.
3293 5657 3414 5723 Qutc
3435 5651 3498 5702 sit
3530 5646 3700 5735 mattml

543 5755 760 5825 propria
799 5753 1124 5822 (ti/ferentia.
1175 5751 1249 5806 De
1300 5761 1554 5821 tempore.
1602 5750 1786 5804 Brevis
1839 5751 2089 5804 doctrina
2133 5749 2197 5801 de
2235 5748 2426 5802 divinis
2469 5747 2794 5811 nominibus,
2828 5765 2948 5802 cum
2983 5751 3084 5803 toti
3115 5727 3693 5825 Trinitaticommuni-bat:

547 5855 657 5895 tum
688 5843 915 5912 propriis
957 5841 1296 5912 singularum
1347 5855 1719 5908 personarum.
1756 5838 2092 5906 Qutestiones
2140 5836 2571 5907 Origenistarum
2619 5836 2928 5903 propositae,
2980 5851 3261 5907 earumque
3301 5811 3692 5914 ,οιαιῑοιω-,ἓξυξ

551 5899 879 5988 bibliotheca
933 5899 1100 6002 Regia
1156 5899 1424 5996 Scoria'i,
1478 5935 1536 5980 ut
1586 5899 1952 5982 notatw'lndcx
2005 5943 2109 5983 ms.
2160 5899 2421 5982 Theodori
2471 5899 2738 5979 Abucarte
2785 5899 3060 5986 Cariettsis
3109 5899 3342 5997 episcopi,
3377 5918 3431 5970 de
3463 5899 3688 5967 nomini“!
