3934 6446
436 380 676 448 1463’

1671 379 2067 442 THEODORI
2106 379 2483 443 ABUCAIUE

3550 387 3662 459 “6i

436 500 635 561 Adam,
668 507 819 549 mors
867 491 1114 562 ingressa
1152 496 1239 544 est
1289 488 1345 546 in
1399 488 1689 555 mundum,
1726 496 1781 543 et
1834 489 1910 544 ita
1962 489 2020 544 in

2138 487 2333 559 Ἀδάμ,
2359 488 2390 540 ὁ
2411 487 2644 552 θάνατος
2665 486 2921 558 εἰσῆλθεν
2937 488 3017 549 είς
3041 486 3133 542 τὸν
3161 487 3386 559 κόσμον,
3415 494 3504 548 καὶ
3519 497 3666 565 οὕτως

436 603 635 645 omoes
695 584 951 640 homines
1003 583 1290 653 pervasit;
1351 581 1436 637 sic
1494 593 1592 652 per
1649 581 2025 637 obedientiam

2078 644 2081 647 _
2128 580 2211 643 είς
2265 579 2477 643 πάντας
2528 579 2855 651 ἀνθρώπους
2898 579 3097 650 διέϐη,.
3125 581 3300 645 οὕτως
3329 583 3423 638 καὶ
3465 586 3546 641 διά
3584 590 3668 662 τῆς

438 684 607 739 unius
643 679 885 755 hominis
919 677 1151 734 secundi
1186 677 1384 743 Adam,
1424 675 1657 742 Christi,
1686 675 1843 748 juste
1875 691 2025 732 mors

2134 672 2385 742 ὑπακοῆς
2418 671 2513 726 τοῦ
2556 672 2674 737 ἑνὸς
2712 671 3004 745 ἀνθρώπου
3045 675 3302 746 δευτέρου
3346 677 3668 755 ’Δδάμ,Χρι-

438 774 793 838 destruetur;
851 775 906 825 et
963 768 1070 823 vita
1130 765 1520 822 introducetur
1551 776 1598 819 ε.

510 945 573 1001 Β.
610 947 753 1000 Ante
780 945 1063 1001 Christum
1108 944 1278 1014 igitur
1305 945 1617 1012 Abraham,
1655 953 1709 1000 et
1744 947 1923 1007 lsaac,
1971 953 2026 1000 et

2129 765 2281 834 στοῦ,
2307 766 2336 819 ὁ
2380 763 2615 829 θάνατος
2675 765 2914 835 εὐλόγως
2979 767 3491 840 καταργηθήσεται,
3525 777 3607 830 καὶ
3644 781 3670 849 ἡ

2128 855 2243 928 ζωὴ
2269 855 2788 928 ἀντεισαχθήσεται.

2199 949 2261 1004 Β.
2295 948 2410 1021 Πρὸ
2456 948 2552 1004 οὖν
2605 950 2701 1003 τοῦ
2755 951 3000 1022 Χριστοῦ
3034 952 3326 1024 Ἀϐραὰμ,
3364 955 3459 1008 καὶ
3499 956 3673 1027 Ἰσαὰκ,

436 1037 631 1102 Jacob,
667 1037 904 1109 Moyses,
950 1046 1005 1094 et
1051 1037 1265 1103 Enoeh,
1318 1045 1375 1093 et
1410 1035 1547 1105 Noe,
1584 1052 1771 1093 nonne
1802 1037 2025 1092 obedie-

2134 1042 2226 1095 καὶ
2259 1040 2480 1109 Ἰακὼϐ,
2538 1044 2633 1097 καὶ
2665 1045 2894 1115 Μωσῆς,
2919 1047 3015 1100 καὶ
3048 1046 3239 1118 Ἐνὼχ,
3272 1048 3373 1119 οὑχ
3395 1049 3676 1121 ὑπήκουσαν

438 1139 571 1187 runt
608 1130 741 1198 Deo,
777 1137 833 1186 et
864 1130 916 1186 ei
953 1129 1336 1201 placuerunt?

508 1246 573 1301 Α.
617 1244 736 1301 Etsi
786 1246 1073 1317 placuisse
1129 1247 1239 1301 Deo
1268 1245 1555 1307 dicuntur.
1590 1244 1675 1299 sic
1728 1252 1937 1308 tamen,
1977 1244 2023 1299 sl

436 1356 565 1396 cum
583 1340 816 1411 reliquis
841 1340 1157 1396 hominibus
1180 1338 1576 1406 conferantur;
1607 1337 1848 1409 perfecte
1872 1352 2021 1400 vero,

436 1442 494 1487 et
540 1432 768 1488 omnino
832 1432 1041 1502 peccati
1102 1447 1299 1501 expers
1358 1444 1540 1497 nemo,
1601 1439 1803 1499 praeter
1860 1427 2027 1483 Chri-

438 1533 612 1580 stum.
646 1524 820 1579 Omne
871 1532 1055 1578 autem
1091 1534 1379 1593 peccatum
1407 1562 1423 1586 ,
1482 1521 1852 1593 quodcunque
1913 1519 2021 1585 sit,

433 1624 674 1673 mortem
711 1616 952 1671 inducit.
981 1614 1139 1682 Quod
1173 1615 1340 1687 igitur
1373 1615 1441 1671 ad
1476 1615 1755 1670 rationem
1789 1612 2026 1683 iustitiae

435 1710 658 1776 attinet,
693 1724 763 1765 ex
795 1725 906 1780 quo
931 1708 1177 1764 obedivit
1213 1709 1474 1764 Christus
1515 1722 1734 1763 summa
1772 1707 1865 1762 illa
1891 1707 2025 1761 obe-

2127 1134 2224 1189 τοῦ
2252 1135 2411 1202 Θεοῦ,
2444 1138 2539 1191 καὶ
2576 1138 2959 1209 εύηρέστησαν
2998 1140 3175 1205 αὑτῶ;

2198 1252 2265 1304 Α.
2296 1250 2359 1304 El
2392 1251 2488 1305 καί⁷
2533 1251 2970 1323 εύηρεστηκὲναι
2997 1252 3074 1321 τῷ
3102 1252 3222 1324 Θεῷ
3255 1254 3527 1322 λέγονται,
3567 1257 3683 1313 ἀλλὰ

2128 1342 2268 1413 πρὸς
2309 1343 2602 1411 σύγκρισιν
2644 1344 2754 1397 τῶν
2794 1344 2998 1398 λοιπῶν
3034 1345 3375 1415 ἀνθρώπων*
3403 1347 3583 1418 ἄκρως
3613 1348 3682 1412 δὲ,

2129 1435 2224 1488 καὶ
2261 1435 2323 1488 τὸ
2374 1436 2638 1505 παράπαν
2672 1437 2951 1509 ἁμαρτίας
2981 1437 3251 1505 ἄγευστος
3278 1439 3459 1502 οὐδεὶς
3489 1441 3536 1492 εἰ
3574 1440 3685 1511 μὴὸ
3711 1419 3717 1423 ”

2127 1527 2386 1598 Χριστός.
2421 1529 2584 1582 Πᾶσα
2615 1529 2673 1583 δὲ
2692 1530 2966 1601 ἁμαρτία,
2989 1533 3087 1585 καὶ
3118 1534 3153 1603 ἡ
3186 1531 3449 1603 τυχοῦσα,
3482 1532 3684 1588 θάνατον

2127 1620 2476 1690 ἐπιφέρεται.
2505 1621 2672 1677 Ὅσον
2702 1618 2795 1678 οὖν
2827 1624 2970 1677 κατά
3004 1624 3097 1679 τὸν
3143 1625 3239 1679 τοῦ
3267 1624 3486 1679 δικαίου
3514 1624 3681 1695 λόγον,

2127 1715 2220 1784 ἀφ’
2250 1708 2311 1769 οὗ
2333 1714 2646 1786 ὑπήκουσεν
2665 1717 2694 1769 ὁ
2719 1717 2959 1789 Χριστὸς
2988 1718 3169 1788 ἄκραν
3195 1718 3475 1790 ὑπακοὴν,
3493 1721 3583 1774 καὶ
3605 1721 3683 1786 τὰς

434 1801 668 1868 dientia,
693 1812 749 1856 et
781 1802 1120 1857 tentationes
1144 1800 1351 1856 diaboli
1370 1809 1603 1857 cunctas
1627 1800 1721 1854 illa
1754 1800 1809 1854 in
1834 1813 2024 1854 eremo

2134 1806 2222 1861 τοῦ
2265 1807 2519 1861 διαϐόλου
2556 1808 2867 1880 προσϐολὰς
2907 1811 3297 1882 ἀπεκρούσατο
3342 1812 3528 1876 πάσας
3570 1818 3683 1869 κατά

432 1893 743 1951 luctatione
775 1895 1001 1963 repulit,
1033 1904 1268 1948 mortem
1318 1892 1604 1956 dissolvit,
1636 1902 1692 1947 ct
1721 1894 1890 1947 vitam
1928 1907 2024 1962 per

2134 1900 2226 1971 τὴν
2285 1903 2342 1955 ὲν
2379 1904 2445 1973 τῇ
2502 1902 2696 1973 ἐρήμῳ
2747 1902 2947 1974 πάλην,
2979 1904 3071 1960 τὸν
3119 1903 3355 1958 θάνατον
3384 1904 3683 1970 ἑλυσεν,καὶ

431 1987 719 2057 propriam
756 1987 1137 2043 obedientiam
1168 1986 1414 2065 induxit.

506 2076 569 2133 Β.
618 2078 764 2146 Quid
817 2079 986 2149 igitur
1017 2093 1160 2148 opus
1204 2076 1316 2133 fuit
1355 2085 1536 2133 morte
1571 2077 1625 2131 in
1660 2092 1849 2142 cruce,
1899 2083 2025 2146 post

431 2169 671 2225 deletam
707 2170 1127 2227 damnationem
1155 2169 1401 2226 mortis?

501 2281 672 2355 348
691 2281 756 2337 Δ.
780 2283 851 2337 At
869 2282 1199 2339 remanebat
1218 2281 1426 2338 diaboli
1455 2284 1511 2339 in
1542 2299 1647 2340 nos
1677 2284 2021 2339 criminatio.

404 2377 516 2430 οΔιι
538 2377 788 2446 ignoras,
816 2375 992 2430 factos
1022 2390 1124 2431 nos
1149 2374 1324 2431 fuisse
1349 2376 1499 2432 illius
1520 2390 1737 2442 servos,
1758 2391 1886 2431 cum
1911 2375 2024 2432 Deo

428 2482 544 2522 non
576 2468 887 2538 paruimus,
920 2474 976 2521 et
1022 2467 1249 2524 diabolo
1287 2469 1616 2539 paruimus?
1642 2469 1787 2537 Quid
1825 2470 2021 2540 igitur,

430 2559 593 2626 cedo,
628 2569 853 2614 curaret
900 2560 1044 2631 ipse,
1078 2560 1229 2631 quod
1288 2575 1444 2618 mors
1494 2576 1690 2618 eversa
1745 2569 1918 2628 esset,
1976 2562 2021 2617 si

428 2653 615 2724 ipsius
690 2656 946 2725 tyrannis
1013 2663 1069 2709 et
1121 2662 1373 2725 potestas
1445 2657 1818 2712 remanebat?
1901 2659 2013 2711 imo

428 2747 610 2818 magis
647 2744 903 2802 fortassis
939 2746 1132 2803 laatitia
1179 2749 1542 2812 exsultasset,
1599 2761 1865 2819 tanquam
1922 2764 2021 2804 rex

428 2845 583 2894 esset
617 2839 1038 2893 immorlalium.

502 2930 564 2985 Β.
599 2930 778 3003 Rogo,
811 2942 871 2985 ut
895 2931 1121 2996 doceas,
1155 2932 1436 3002 quomodo
1467 2931 1597 2988 facti
1627 2932 1836 2988 fuimus
1873 2933 2022 2989 servi

428 3024 658 3082 diaboli.

501 3142 567 3195 Α.
606 3142 751 3196 Deus
805 3158 832 3195 a
886 3141 1187 3213 principio,
1221 3158 1345 3195 cum
1407 3141 1687 3198 hominem
1750 3142 1933 3206 fluxit,
1965 3151 2014 3199 et

2124 1995 2224 2064 τὴν
2257 1994 2406 2065 ζωὴν
2434 1996 2522 2049 διὰ
2557 1996 2656 2065 τῆς
2690 1995 2828 2059 ἰδίας
2863 1996 3116 2067 ὑπακοῆς
3149 1998 3571 2068 ἁντεισήγαγεν.

2198 2083 2258 2137 Β.
2281 2083 2380 2147 Τίς
2396 2081 2493 2138 οὖν
2531 2083 2611 2138 ἔτι
2640 2080 2710 2155 ἦν
2738 2084 2899 2157 χρεία
2932 2085 3028 2139 τοῦ
3051 2086 3142 2140 διὰ
3172 2088 3418 2158 σταυροῦ
3449 2071 3678 2155 (invasos,

2123 2176 2432 2248 λελυμένης
2464 2178 2564 2249 τῆς
2588 2176 2685 2231 τοῦ
2722 2177 2956 2233 θανάτου
2990 2180 3385 2252 κατακρίσεως
3420 2197 3438 2247 ;

2195 2292 2261 2348 Α.
2305 2290 2448 2346 Ἀλλ’
2477 2291 2674 2362 ἔμενεν
2713 2291 2785 2346 ἀν
2809 2292 2907 2346 τοῦ
2936 2293 3187 2349 διαϐόλου
3215 2294 3278 2349 τὸ
3304 2293 3563 2366 ἔγκλημα
3590 2292 3683 2349 καθ’

2124 2383 2305 2454 ἡμῶν.
2337 2385 2407 2437 Ἢ
2460 2385 2562 2437 οὑκ
2601 2379 2781 2447 οἶσθα,
2811 2383 2896 2437 δτι
2938 2385 3254 2455 γεγόναμεν
3292 2385 3466 2439 αὑτοῦ
3496 2386 3684 2456 ὑποχεί-

2125 2494 2256 2549 ριοι,
2283 2474 2379 2529 τοῦ
2416 2475 2514 2544 μὲν
2543 2458 2679 2528 Θεοῦ
2699 2462 3363 2546 παρακούσαντεςξαύτῷ
3392 2474 3451 2528 δὲ
3476 2473 3684 2529 ὑπακού-

2125 2588 2359 2637 σαντες;
2389 2568 2455 2622 Τί
2482 2567 2601 2632 οὖν,
2630 2567 2761 2639 φέρε
2785 2569 2985 2633 εἰπεῖν,
3023 2568 3253 2640 ἔμελλεν
3278 2568 3455 2639 αὐτῷ,
3492 2570 3539 2622 εἰ
3557 2570 3583 2621 ό
3608 2568 3684 2638 μὲν

2123 2662 2355 2727 θάνατος
2389 2661 2755 2732 ἀνετράπη,ἡ
2786 2659 2846 2713 δὲ
2869 2659 3038 2716 αὑτοῦ
3061 2660 3325 2730 τυραννὶς
3375 2660 3469 2713 καὶ
3499 2658 3684 2726 ὲξουσῐα

2121 2758 2394 2827 διέμεινεν
2416 2772 2431 2822 ;
2457 2753 2596 2808 ἀλλὰ
2630 2754 2728 2807 καὶ
2763 2752 2966 2823 μᾶλλον
3007 2751 3265 2826 ὲγεγήθει
3299 2751 3379 2818 ὡς
3436 2751 3683 2806 ἀθανάτων

2123 2849 2450 2921 βασιλεύων.
3000 2888 3015 2898 .

2193 2940 2255 2994 B.
2305 2936 2470 3005 Ἀξιῶ
2503 2938 2720 3009 μαθεῖν,
2756 2938 2897 3009 ποίῳ
2941 2936 3132 3009 τρόπῳ
3175 2934 3494 3007 γεγόναμεν
3537 2932 3684 2987 δοῦλοι

2121 3032 2218 3086 τοῦ
2245 3031 2517 3085 διαϐόλου.

2196 3148 2261 3200 Δ.
2305 3144 2362 3199 '0
2396 3144 2532 3207 Θεὸς
2586 3143 2681 3199 ἀπ’
2710 3145 2891 3217 ἀρχῆς
2954 3103 3179 3210 πλάσας.
3226 3144 3327 3200 τὸν
3386 3145 3682 3218 ἄνθρωπον,

428 3231 628 3288 fortem
661 3241 716 3287 et
742 3234 1011 3288 invictum
1046 3234 1194 3290 fecit.
1231 3234 1416 3301 Quare
1455 3235 1714 3290 diabolus
1748 3251 1873 3289 cum
1910 3250 2021 3290 non

2134 3238 2352 3310 ἰσχυρὸν
2406 3237 2501 3291 καὶ
2544 3238 2817 3307 ἀήττητον
2874 3236 3041 3292 αὑτὸν
3086 3237 3396 3308 ἀπέφηνεν.
3463 3235 3519 3289 '0
3569 3233 3684 3305 ,γοῦν

428 3339 622 3400 posset
654 3330 772 3386 suis
806 3331 961 3385 illum
1014 3331 1229 3386 viribus
1280 3347 1572 3402 superare.
1621 3343 1882 3402 essetque
1929 3347 2024 3387 sa-

428 3421 590 3491 piens
624 3421 695 3476 ad
730 3424 1069 3487 nocendum,
1101 3424 1377 3479 fallaciam
1415 3424 1492 3477 illi
1528 3423 1885 3479 machinatus
1912 3432 2019 3484 est.

431 3528 728 3586 quousque
775 3528 880 3586 per
906 3515 1280 3570 obedientiam
1336 3515 1707 3569 voluntariam
1743 3515 2025 3586 voluptate

433 3605 751 3672 delinitum,
787 3607 1023 3663 nudavit
1053 3624 1181 3664 eum
1217 3609 1415 3677 gratia,
1452 3623 1577 3678 quae
1608 3607 1809 3664 fortem
1864 3608 2023 3663 illum

430 3700 720 3756 reddebat.
751 3701 935 3771 Atque
977 3701 1054 3755 ita
1097 3701 1403 3756 debilitatis
1440 3701 1652 3755 viribus
1692 3700 1858 3755 facile
1894 3717 2020 3756 eum

433 3793 738 3864 superavit,
774 3801 829 3849 et
858 3796 914 3848 in
945 3808 1165 3849 omnem
1200 3794 1569 3863 voluptatem,
1598 3800 1655 3849 et
1704 3802 2020 3863 peccatum,

432 3890 489 3936 et
517 3882 852 3938 obedientiae
886 3885 1170 3953 repulsam
1202 3899 1313 3939 una
1346 3900 1473 3938 cum
1505 3884 1748 3955 posteris
1780 3886 1900 3941 suis
1932 3885 2022 3940 in-

433 3974 615 4031 duxit.
664 3975 876 4032 Deinde
932 3976 1078 4033 Deus
1124 3992 1288 4040 eum,
1339 3979 1435 4049 qui
1482 3978 1803 4034 mandatum
1857 3995 2021 4036 suum

433 4069 869 4141 improbaverat,
901 4075 956 4124 et
989 4068 1284 4139 reiecerat,
1317 4078 1373 4125 et
1401 4068 1469 4124 ad
1498 4070 1788 4126 inimicum
1824 4086 2026 4127 accur—

433 4170 585 4218 rc'rat
644 4164 812 4233 eique
860 4162 1168 4227 obedierat,
1223 4164 1375 4235 juste
1427 4165 1682 4236 permisit
1730 4166 2026 4239 tyrannide

432 4255 556 4324 ejus
587 4254 848 4326 opprimi.
911 4274 930 4307 ι
963 4253 1066 4311 Cui
1101 4254 1249 4310 enim
1300 4255 1428 4325 quis
1476 4256 1689 4320 obedit,
1720 4257 1908 4328 ‘hujus
1962 4272 2025 4313 se

434 4364 659 4403 servum
692 4347 846 4412 facit,
895 4348 1075 4419 inquit
1134 4350 1464 4420 Apostolus,
1498 4350 1643 4405 servi
1688 4353 1837 4405 enim
1888 4353 2025 4406 estis

433 4442 581 4509 eius,
615 4441 704 4496 cui
739 4442 980 4498 obeditis
1004 4440 1056 4497 ἀ.
1092 4460 1110 4494 ι
1149 4440 1417 4497 Vendidit
1452 4458 1586 4514 ergo
1612 4458 1671 4498 se
1704 4444 1894 4511 homo,
1927 4444 2023 4509 qui

434 4535 578 4590 liber
607 4542 750 4601 erat,
776 4534 1054 4605 voluptati
1087 4542 1142 4589 et
1171 4534 1422 4591 inimico.

508 4714 568 4769 Β.
603 4716 668 4770 Et
696 4717 975 4784 quomodo
1005 4726 1135 4789 post
1163 4725 1455 4788 peccatum
1493 4731 1601 4769 non
1637 4716 1820 4785 potuit
1855 4716 2026 4770 homo

438 4824 539 4879 per
567 4808 953 4876 paenitentiam
977 4822 1246 4863 revocare
1271 4806 1518 4876 seipsum
1546 4844 1562 4868 ,
1588 4813 1644 4860 et
1677 4805 1876 4878 jugum
1906 4806 2027 4860 dia-

439 4902 549 4995 boli
581 4901 894 4956 excutere?

509 5013 575 5067 A.
613 5013 886 5078 Quoniam
919 5009 1160 5067 vendere
1188 5024 1291 5064 nos
1321 5010 1496 5078 ipsos,
1536 5022 1705 5076 penes
1746 5024 1848 5065 nos
1897 5019 2024 5078 est;

438 5117 564 5182 post
593 5084 973 5162 venditionem
1015 5119 1148 5160 vero
1205 5113 1260 5158 et
1294 5101 1646 5169 servitutem,
1679 5112 1738 5158 ut
1772 5118 1874 5160 nos
1920 5103 2024 5173 ipsi

437 5204 762 5261 liberemus,
798 5212 904 5252 non
939 5204 1025 5253 est
1054 5198 1109 5251 in
1137 5205 1326 5253 nostra
1359 5203 1660 5266 potestate,
1697 5204 1751 5249 et
1792 5212 1902 5251 non
1939 5195 2028 5250 di-

440 5296 622 5351 cimus
656 5295 736 5347 sic
758 5291 969 5346 factum
996 5278 1123 5346 esse
1136 5289 1421 5344 diabolum
1440 5296 1693 5344 nostrum
1715 5287 2023 5352 dominum,

440 5400 499 5442 ut
532 5403 635 5444 nos
675 5386 898 5457 penitus
935 5400 1031 5455 per
1057 5384 1166 5438 vim
1204 5391 1430 5446 teneat;
1463 5383 1560 5436 sed
1590 5381 1735 5452 quod
1773 5398 1867 5451 per
1896 5396 2027 5452 pec-

439 5487 625 5536 catum
650 5478 949 5541 debilitati,
966 5476 1228 5545 deinceps
1249 5482 1515 5543 tanquam
1533 5472 1919 5528 valetudinarii
1945 5471 2027 5524 fa-

440 5576 576 5633 ciles
603 5573 732 5632 facti
769 5590 963 5631 sumus
993 5572 1214 5629 diabolo
1243 5571 1312 5627 ad
1347 5570 1675 5641 capiendum
1712 5585 1837 5635 nos,
1872 5570 2025 5624 nullo

442 5669 684 5742 negotio,
715 5677 770 5726 et
793 5667 955 5724 facile
990 5668 1045 5724 in
1081 5672 1306 5739 peccata
1342 5663 1465 5725 eius
1490 5674 1541 5719 et
1571 5664 1886 5732 voluptates
1919 5664 2019 5719 ad-

550 5859 577 5891 ο
612 5848 774 5906 Rom.
803 5865 859 5920 v,
890 5850 1070 5921 12,21.
1148 5848 1176 5889 «ι
1211 5847 1369 5905 Rom.
1405 5863 1479 5914 γι,
1521 5847 1618 5914 16;
1659 5862 1692 5901 ιι
1729 5844 1879 5902 Petr.
1914 5859 1978 5912 ll,
2020 5842 2101 5899 l9.

2125 3331 2393 3395 διάϐολος,
2424 3331 2499 3401 μὴ
2514 3329 2813 3398 δυνάμενος
2840 3330 3011 3384 αὑτοῦ
3038 3329 3439 3400 περιγενέσθαι
3464 3329 3682 3398 δυνάμει,

2127 3424 2291 3493 σοφὸς
2312 3423 2370 3478 δὲ
2396 3423 2473 3476 ὢν
2491 3421 2588 3476 τοῦ
2611 3422 3004 3493 κακοποιῆσαι,
3027 3421 3429 3493 ἐμηχανήσατο
3445 3462 3460 3485 ,
3480 3419 3571 3474 καὶ
3587 3421 3684 3472 ἐσο-

2126 3518 2324 3587 φίσατο
2350 3515 2535 3579 αὑτὸν,
2570 3514 2677 3579 ἕως
2704 3513 2772 3568 ἂν
2792 3513 3195 3585 ἀπεγύμνωσεν
3223 3514 3328 3586 τῆς
3359 3512 3686 3585 ἐνισχυούσης

2123 3610 2349 3681 χάριτος
2369 3609 2458 3662 διά
2476 3609 2577 3678 τῆς
2604 3607 2859 3662 ἑκουσίου
2884 3608 3198 3680 παρακοῆς,
3216 3607 3288 3662 δι’
3319 3608 3520 3679 ἡδονῆς
3534 3606 3688 3661 δελεά-

2126 3721 2228 3767 σας
2253 3703 2437 3756 αὑτόν.
2485 3700 2599 3755 Καὶ
2627 3699 2804 3765 οὕτως
2827 3700 3237 3771 ἀσθενήσαντος
3269 3700 3446 3755 αὑτοῦ
3479 3698 3687 3770 ἐπεκρά-

2123 3809 2311 3867 τησεν,
2361 3793 2458 3848 καὶ
2515 3792 2755 3855 εὐκόλως
2801 3794 2883 3855 εἰς
2923 3794 3107 3846 πᾶσαν
3153 3792 3377 3862 ἡδονὴν,
3408 3793 3504 3846 καὶ⁵
3529 3793 3687 3861 ἀμαρ-

2122 3886 2267 3950 τίαν,
2328 3884 2425 3938 καὶ
2514 3883 2805 3954 παρακοὴν
2864 3883 3030 3937 αὑτὸν
3091 3883 3188 3936 καὶ
3248 3884 3383 3947 τοὺς
3432 3883 3491 3950 ἐξ
3544 3880 3701 3936 αὑτοῦ·

2123 3980 2340 4049 ἐνῆγεν.
2368 3979 2479 4032 Καὶ
2526 3977 2716 4031 λοιπὸν
2747 3978 2775 4030 ὁ
2804 3976 2971 4041 Θεὸς,
3003 3976 3079 4040 ὡς
3126 3977 3229 4046 τὴν
3279 3976 3455 4030 αὑτοῦ
3496 3975 3688 4045 ἐντολὴν

2124 4073 2551 4144 ἐκφαυλίσαντα,
2574 4071 2653 4141 τῷ
2681 4070 2862 4143 ἐχθρῷ
2882 4071 2940 4125 δὲ
2972 4070 3420 4143 προσδραμόντα,
3436 4070 3528 4124 καὶ
3556 4066 3688 4122 πειθ-

2125 4167 2472 4240 αρχήσαντα,
2502 4161 2905 4234 παρεχώρησεν
2958 4162 3122 4218 αὑτὸν
3171 4162 3404 4229 δικαίως
3440 4162 3688 4231 τυραννεῖι

2128 4257 2254 4312 σθαι
2275 4254 2370 4309 ὑπ’
2398 4254 2636 4310 ἐκείνου.
2673 4274 2692 4306 ι
2721 4248 2794 4327 ᾯ
2822 4254 2931 4324 γάρ
2960 4271 3049 4318 τις
3080 4255 3386 4317 ὑπακούει,
3416 4255 3585 4325 τούτῳ
3611 4254 3687 4306 καὶ

2125 4348 2315 4404 δοῦλον
2350 4347 2546 4403 ἑαυτὸν
2574 4347 2979 4412 ἀποδείκνυσιν,
3000 4345 3078 4412 ὣς
3108 4365 3275 4419 φησιν
3293 4350 3323 4401 ό
3358 4346 3683 4408 ’Δπόστολος’

2126 4441 2306 4496 δοῦλοι
2365 4440 2475 4514 γάρ
2539 4442 2685 4506 ἐστε,
2718 4432 2765 4509 ᾧ
2818 4438 3149 4495 ὑπακούετε.
3197 4459 3216 4492 ι
3267 4439 3560 4511 Πέπρακεν
3611 4433 3685 4489 οὖν

2058 4542 2101 4598 D
2131 4534 2326 4589 ἑαυτὸν
2371 4532 2658 4606 ἐλεύθερος
2713 4533 2791 4587 ὣν
2819 4532 3112 4606 ἄνθρωπος
3157 4536 3224 4605 τῇ
3296 4534 3459 4607 ἡδονῇ
3494 4535 3584 4587 καὶ
3625 4531 3685 4600 τῷ

2125 4625 2327 4681 ἐγθοῶ.

2193 4645 2220 4680 υ
2263 4645 2327 4681 ω.

2155 4645 2411 4773 χΒῗ⁴Καὶ
2456 4719 2576 4783 πῶς
2624 4719 2763 4789 μετά
2814 4718 2915 4789 τὴν
2977 4720 3261 4789 ἁμαρτίαν
3316 4716 3687 4789 μετανοήσαςό

2124 4812 2413 4885 ἄνθρωπος
2462 4811 2563 4865 οὑκ
2604 4811 2848 4884 ἠδυνήθη
2891 4812 3085 4865 ἑαυτὸν
3123 4812 3587 4878 ἀνακαλέσασθαι,
3612 4809 3689 4863 καὶ

2124 4906 2216 4959 τὸν
2247 4903 2412 4974 ζυγὸν
2444 4902 2541 4957 τοῦ
2574 4903 2824 4957 διαϐόλου
2850 4903 3292 4971 ἀποσείσασθαι;

2203 5025 2268 5076 Δ.
2299 5022 2422 5075 ’Ότι
2455 5020 2517 5073 τὸ
2553 5020 2651 5091 μὲν
2691 5019 2962 5090 πιπράσαι
2997 5022 3227 5086 ἑαυτοὺς
3256 5022 3315 5075 ἐν
3348 5022 3481 5093 ἡμῖν
3511 5022 3618 5074 ἐστι
3671 5033 3681 5047 ·

2128 5110 2190 5164 τὸ
2216 5110 2272 5164 δὲ
2307 5109 2449 5182 μετὰ
2497 5110 2599 5181 τὴν
2648 5112 2853 5182 πρᾶσιν
2889 5112 2987 5164 καὶ
3030 5110 3131 5181 τὴν
3177 5112 3447 5176 δουλείαν,
3482 5108 3684 5168 ἑαυτοὺς

2128 5202 2517 5272 ἐλευθερῶσαι,
2573 5202 2674 5254 οὑκ
2725 5202 2876 5254 ἐστιν
2916 5203 2975 5254 ὲν
3009 5202 3164 5272 ἡμῖν,
3189 5203 3284 5256 καὶ
3310 5204 3412 5274 οὑχ
3432 5202 3594 5264 οὕτως
3613 5199 3686 5252 λέ-

2130 5313 2305 5367 γομεν
2344 5294 2539 5368 κύριον
2567 5294 2727 5365 ἡμῶν
2760 5295 3050 5364 γεγονέναι
3080 5294 3174 5348 τὸν
3212 5296 3475 5360 διάϐολον,
3497 5295 3568 5358 ὡς
3611 5291 3686 5363 βίᾳ

2129 5387 2441 5459 κρατοῦντα
2490 5385 2773 5449 παντελῶς
2811 5386 2989 5457 ἡμῶν,
3019 5384 3140 5439 ἀλλ’
3181 5387 3262 5439 ὅτι
3314 5385 3683 5455 ἀσθενήσαντες

2126 5479 2216 5533 διά
2244 5480 2344 5549 τῆς
2376 5477 2676 5550 ἁμαρτίας,
2707 5477 2917 5540 λοιπὸν,
2947 5476 3025 5542 ὼς
3055 5478 3292 5548 νοσεροὶ,
3320 5479 3415 5530 καὶ
3452 5472 3683 5546 εὐχείρω-

2133 5588 2216 5624 τοι
2247 5569 2326 5641 τῷ
2369 5568 2608 5640 διαϐόλῳ
2637 5568 2970 5639 γεγόναμεν,
3000 5567 3199 5641 ῥᾳδίως
3222 5569 3319 5622 καὶ
3353 5565 3584 5640 εὐχερῶς
3615 5564 3681 5623 εἷς

2134 5660 2232 5725 τὰς
2272 5659 2550 5733 ἁμαρτίας
2580 5658 2745 5714 αὑτοῦ
2794 5661 2889 5714 καὶ
2924 5658 3117 5731 ἡδονὰς
3149 5656 3680 5731 ὲναγόμενοι.”Ωσπερ
