3934 6448
157 400 180 464 1
197 399 304 466 465

1601 398 2016 461 OPUSCULA.

3301 391 3436 456 1466

148 515 269 584 γὰρ
312 514 369 569 ετ
396 531 482 578 τις
524 511 722 587 ἐχθρός
761 511 1116 585 τροπώσηται
1150 511 1376 566 ποτίσαι
1413 511 1747 583 δηλητήριον
1778 563 1782 571 ,

1893 509 2002 563 ucti
2056 515 2110 561 et
2141 505 2330 562 illecti.
2371 506 2527 561 Sicut
2559 505 2708 560 enim
2751 503 2797 559 si
2830 503 2957 572 quis
3010 503 3266 558 inimicus
3321 520 3434 558 ma-

151 607 442 662 νοσοποιὸν
464 607 553 660 τὸν
577 606 775 661 ἑαυτοῦ
797 607 1064 677 δυσμενῆ,
1091 605 1158 660 ἵν’
1185 605 1262 669 ὡς
1283 604 1550 670 ἀσθενοῦς
1577 603 1747 659 αὑτοῦ

153 698 454 767 γεγονότος
477 698 664 752 λοιπὸν
691 698 891 770 ῥᾳδίως
917 698 1301 767 περιγένηται,
1333 695 1508 760 οὕτως
1533 697 1751 750 ὲδελέα-

157 805 256 841 σεν
287 790 316 842 6
349 788 598 851 διάϐολος
631 788 722 841 τόν
749 786 1038 856 ἄνθρωπον
1081 785 1174 838 διὰ
1217 787 1320 854 τῆς
1361 782 1752 853 ὲπηγορευμέ-

154 898 259 946 νης
295 878 578 950 βρώσεως,
612 879 711 932 καὶ
740 876 1006 941 ἀσθενοῦς
1043 875 1333 944 γεγονότος
1393 873 1747 944 ὲπεδράξατο.

155 965 330 1039 Εἶχεν
360 965 453 1022 οὖν
483 971 631 1039 ἡμᾶς
663 969 1012 1038 ὑποχειρίους
1041 987 1054 998 ·
1089 968 1183 1021 καὶ
1221 968 1273 1020 εί
1313 965 1388 1036 μὴ
1415 965 1498 1019 ὅτι
1533 965 1754 1018 ὲδελέα-

156 1078 258 1113 σεν
306 1063 398 1114 τὸν
448 1060 743 1114 ἀντίπαλον
788 1060 946 1130 ἡμῶν
979 1060 1007 1110 6
1040 1060 1298 1131 Χριστὸς,
1323 1059 1431 1122 ἕως
1477 1057 1544 1111 ἂν
1590 1057 1756 1111 αὑτὸν

157 1152 378 1208 ἀνεῖλεν
437 1152 661 1214 ἀδίκως,
701 1153 796 1204 καὶ
853 1151 943 1203 διὰ
1003 1151 1103 1219 τῆς
1161 1151 1352 1204 ἀδίκου
1415 1149 1755 1220 ἀναιρέσεως

160 1245 336 1298 αὐτόν
362 1263 422 1298 τε
449 1243 544 1299 τδν
574 1244 846 1309 διάϐολον,
881 1244 977 1297 καὶ
1007 1243 1218 1308 πάντας
1247 1244 1374 1306 τοὺς
1406 1241 1758 1312 ὑποχειρίους

155 1337 336 1392 αὑτοῦ
382 1336 602 1399 δούλους
637 1336 852 1390 ἔλαϐεν.
879 1337 992 1390 Καὶ
1026 1335 1207 1399 οὑτως
1243 1338 1391 1406 ἡμᾶς
1423 1334 1755 1407 ὲρῤύσατοή

157 1430 338 1484 αὑτοῦ
365 1429 460 1483 τοῦ
488 1428 728 1498 Χριστοῦ
768 1428 1159 1498 δικαιοπραγία
1207 1429 1272 1480 ἐκ
1303 1428 1402 1496 τῆς
1433 1426 1528 1480 τοῦ
1572 1425 1758 1479 διαϐό-

156 1521 255 1572 λου
292 1519 546 1581 δουλείας
578 1536 593 1550 ο
626 1518 729 1572 κᾶν
761 1518 894 1587 φέρε
925 1518 1125 1583 είπεῖν,
1162 1518 1256 1570 καὶ
1283 1516 1376 1569 τὸν
1413 1514 1646 1568 θάνατον
1663 1513 1759 1580 ἀφ’

157 1610 329 1681 ήμῶν
403 1609 759 1665 ἀπεσείσατο.
828 1610 1099 1679 Κατεῖχεν
1155 1608 1267 1678 γὰρ
1325 1609 1474 1678 ἡμᾶς
1527 1607 1604 1668 ὡς
1653 1606 1756 1658 ὑπο

157 1700 523 1763 ακούσαντας
557 1701 586 1751 ὁ
615 1700 884 1761 Σατανᾶς.

232 1794 298 1846 Β.
340 1793 493 1845 Θέλω
544 1793 615 1844 διῖ
651 1792 960 1862 ὑπόδειγμα
1016 1791 1177 1846 τοῦτο
1237 1791 1437 1862 μαθεῖν
1485 1789 1762 1861 τηλαυγέ-

163 1903 392 1956 στερον.

241 1979 310 2029 Α.
350 1976 537 2028 Ἔστω
571 1974 826 2046 βασιλεὺς
864 1975 924 2027 ὲν
969 1973 1128 2045 χώρᾳ.
1172 1974 1282 2028 τινὶ
1328 1972 1468 2042 ἔχων
1516 1971 1764 2033 δούλους.

167 2065 602 2138 Περικυιόούτω
637 2065 695 2118 δὲ
725 2065 826 2136 τὴν
854 2065 1042 2136 χώραν
1072 2064 1277 2136 ταύτην
1308 2063 1574 2133 ποταμός.
1635 2062 1767 2115 Ἐπ-

170 2161 367 2213 ἐκεινα
427 2157 483 2212 δὲ
513 2157 606 2211 τοῦ
666 2157 914 2226 ποταμοῦ
979 2156 1292 2212 ὑποκείσθω
1355 2156 1770 2225 πεφυτευμένος

171 2248 377 2316 κῆπος,
410 2248 662 2320 καρποὺς
688 2247 928 2318 ὡραίους
955 2247 1052 2300 καί¹
1081 2245 1371 2315 εὑηδόνους
1399 2243 1766 2314 κεκτημένος.

184 2339 618 2410 Ἀπαγορευέτω
649 2338 705 2391 δὲ
737 2340 765 2391 6
790 2338 1046 2408 βασιλεὺς
1072 2339 1242 2390 πᾶσιν
1267 2337 1382 2398 τοῖς
1405 2334 1618 2397 δούλοις
1665 2333 1770 2387 αὑ-

173 2432 270 2486 τοῦ
316 2432 421 2503 τὴν
454 2433 547 2485 ἰπὶ
577 2432 670 2486 τὸν
713 2431 891 2503 κῆπον
922 2431 1136 2483 ἐκεῖνον
1159 2427 1254 2482 τοῦ
1296 2425 1551 2497 ποταμοῦ
1583 2441 1770 2496 παρα·

176 2525 454 2580 διάϐασιν.
490 2525 586 2588 Τὶς
614 2523 672 2577 δὲ
724 2524 833 2577 τῶν
883 2521 1088 2576 δούλων
1138 2521 1365 2576 ἐκείνων
1408 2517 1658 2588 θελχθεὶς
1703 2518 1772 2587 τῇ

177 2619 394 2690 θεωρίᾳ
445 2600 540 2673 καί
572 2617 843 2688 ἐπιθυμίᾳ
868 2616 978 2669 τῶν
1013 2613 1249 2684 καρπῶν
1283 2612 1533 2676 ἐκείνων,
1568 2611 1663 2664 καὶ
1704 2611 1772 2680 τῇ

181 2711 296 2782 ἰδίᾳ
331 2709 639 2779 χαυνωθεὶς
685 2709 886 2778 ὀρέξει,
923 2709 1018 2761 καὶ
1049 2705 1309 2777 ἡττηθεὶς
1339 2703 1643 2772 ἀλογίστως
1675 2700 1777 2772 τὴν

175 2801 517 2872 δεσποτικὴν
547 2801 790 2870 ἐντολὴν.
817 2802 912 2853 καὶ
934 2800 1025 2852 τὸν
1051 2797 1297 2868 ποταμὸν
1327 2796 1568 2851 διαϐἀτω
1594 2793 1688 2847 ἐπὶ
1718 2795 1780 2846 τὸ

176 2893 560 2963 ἐμφορεῖσθαι
616 2891 716 2959 τῆς
748 2891 1052 2960 ἐπιθυμίας
1087 2908 1102 2920 °
1133 2889 1230 2944 καὶ
1281 2889 1355 2958 μὴ
1411 2887 1574 2956 μόνον
1618 2885 1779 2938 τοῦτο

176 2981 439 3046 ποιείτω,
479 2979 621 3035 ἀλλὰ
650 2979 744 3033 καὶ
773 2981 903 3043 τοὺς
931 2980 1155 3042 λοιποὺς
1190 2976 1516 3038 συνδούλους
1581 2974 1783 3041 ἐξαπα-

173 3075 330 3127 τάτω
361 3072 640 3137 δελεάζων
668 3071 761 3126 διὰ
783 3072 886 3139 τῆς
906 3071 1015 3124 τῶν
1042 3067 1522 3138 ὑποδεικνυμένων
1548 3064 1783 3137 καρπῶν

1855 599 2033 655 levolo
2063 614 2166 655 suo
2196 599 2475 668 potionem
2530 595 2729 652 veneni
2766 596 3054 656 adhibeat,
3108 601 3167 648 ut
3215 603 3442 663 potione

1853 691 2197 747 debilitatum
2233 690 2396 745 facile
2423 690 2614 744 vincat
2644 707 2659 755 ;
2699 690 2782 744 sic
2820 689 2946 747 cibo
2993 688 3089 743 illo
3130 689 3302 742 vetito
3335 689 3442 742 ho-

1855 786 2058 838 minem
2105 783 2368 853 decepit,
2413 793 2472 837 et
2528 782 2735 838 factum
2789 779 3129 836 imbecillum
3181 779 3442 849 arripuit.

1854 873 2098 928 Tenebat
2131 874 2318 942 itaque
2350 886 2454 926 nos
2483 872 2740 927 servituti
2774 871 3101 939 subjectos;
3148 870 3258 926 nisi
3292 871 3442 939 quod

1855 961 2112 1016 Christus
2153 961 2536 1016 adversarium
2562 968 2818 1016 nostrum
2865 961 3102 1029 decepit,
3151 974 3444 1030 quousque

1856 1056 1974 1124 ipse
2006 1055 2364 1110 adversarius
2395 1054 2680 1109 Christum
2716 1054 2908 1123 inique
2939 1053 3186 1120 occidit;
3251 1063 3308 1109 et
3349 1067 3446 1122 per

1857 1145 2106 1212 iniquum
2176 1143 2464 1198 interitum
2533 1143 2687 1197 illum
2767 1143 2948 1213 ipsum
3017 1144 3303 1198 diabolum
3391 1153 3447 1197 et

1858 1249 2051 1289 omnes
2083 1232 2203 1300 eius
2235 1247 2427 1287 servos
2467 1233 2632 1300 cepit.
2681 1233 2748 1287 Et
2772 1234 2856 1287 sic
2891 1247 2996 1288 nos
3031 1247 3059 1285 a
3092 1232 3298 1287 diaboli
3329 1246 3448 1286 ser-

1859 1327 2035 1382 vitute
2085 1327 2340 1380 liberavit
2383 1329 2501 1396 ipsa
2550 1326 2766 1395 justitia
2817 1325 3046 1388 Christi,
3080 1332 3134 1379 et
3188 1333 3445 1384 mortem.

1861 1427 1921 1473 ut
1963 1421 2037 1473 ita
2067 1419 2270 1482 dicam,
2302 1434 2331 1471 a
2362 1419 2524 1473 nobis
2550 1418 2822 1472 excussit.
2861 1415 3113 1470 Tenebat
3154 1416 3299 1470 enim
3344 1430 3449 1470 nos

1864 1510 2125 1574 Satanas,
2163 1518 2424 1580 tanquam
2459 1509 2553 1578 qui
2595 1509 2643 1563 ei
2686 1507 3094 1562 obedissemus.

1933 1779 2098 1850 35.9
2139 1779 2200 1834 Β.
2245 1779 2422 1849 Cupio
2479 1778 2782 1848 intelligere
2831 1777 2936 1832 hoc
3002 1775 3303 1832 dilucidius
3357 1790 3454 1846 per

1794 1862 1836 1917 Β
1865 1872 2194 1941 exemplum.

1943 1969 2010 2021 A.
2045 1965 2129 2019 Sit
2167 1980 2283 2026 rex,
2321 1965 2416 2032 qui
2453 1963 2505 2016 in
2545 1962 2767 2032 regione
2795 1961 3057 2031 quapiam
3109 1959 3306 2013 habeat
3336 1972 3456 2012 ser-

1866 2075 1989 2116 vos.
2052 2056 2413 2113 Circumﬂuat
2473 2056 2758 2125 regionem
2818 2054 2981 2108 istam
3043 2051 3244 2105 amnis.
3299 2048 3454 2104 Ultra

1869 2166 2086 2206 amnem
2115 2163 2248 2203 vero
2280 2147 2353 2202 sit
2395 2146 2595 2199 hortus
2626 2143 2905 2204 consitus,
2937 2141 3032 2209 qui
3079 2138 3343 2209 pulchros
3401 2144 3463 2190 et‘

1867 2243 2144 2313 iucundos
2164 2240 2384 2296 fructus
2426 2237 2595 2292 ferat.
2651 2236 2954 2290 lnterdieat
2987 2249 3084 2288 rex
3132 2232 3307 2287 servis
3343 2230 3460 2285 suis

1871 2336 2128 2391 omnibus
2178 2332 2359 2388 amnis
2411 2332 2478 2385 ad
2533 2332 2689 2385 illum
2754 2330 2983 2383 hortum
3049 2324 3456 2393 trajectionem.

1873 2427 2090 2496 Aliquis
2137 2439 2276 2479 vero
2305 2437 2374 2478 ex
2406 2423 2518 2478 illis
2569 2421 2772 2483 servis,
2811 2418 3082 2474 delinitus
3121 2423 3178 2470 et
3238 2414 3462 2468 illectus

1876 2526 2138 2589 aspectu,
2181 2524 2237 2572 et
2259 2514 2572 2580 cupiditate
2613 2513 2840 2567 illorum
2899 2511 3212 2570 fructuum,
3247 2516 3304 2561 et
3361 2521 3462 2560 sua

1879 2611 2219 2682 appetitione
2243 2610 2494 2665 mollitus
2543 2623 2609 2662 ac
2640 2607 2843 2672 vietus,
2874 2604 3021 2658 nulla
3065 2602 3283 2656 ratione
3307 2615 3466 2653 man-

1878 2704 1992 2758 dati
2027 2703 2241 2758 domini
2290 2701 2503 2765 habita,
2555 2713 2772 2755 amnem
2831 2694 3096 2763 trajiciat,
3142 2700 3204 2746 ut
3249 2690 3468 2761 cupidi-

1881 2806 2048 2854 tatem
2101 2810 2258 2852 suam
2309 2795 2567 2863 expleat:
2619 2807 2685 2846 ac
2733 2806 2844 2846 non
2879 2789 3057 2844 solum
3108 2789 3213 2840 hoc
3260 2783 3466 2847 faciat,

1882 2889 1980 2946 sed
2029 2889 2199 2943 etiam
2251 2887 2500 2956 reliquos
2555 2897 2864 2940 conservos
2933 2880 3132 2941 fallat,
3189 2878 3471 2944 voluptate

1883 2982 2192 3042 fructuum,
2228 2991 2372 3046 quos
2401 2973 2674 3036 ostendit,
2705 2985 2802 3026 eos
2855 2969 3172 3038 decipiens,
3204 2973 3266 3017 ut
3313 2976 3471 3015 com-

1883 3071 2072 3127 munis
2117 3068 2329 3125 domini
2368 3063 2749 3121 obedientiam
2804 3061 3098 3130 abjiciant,
3131 3065 3185 3110 et
3237 3053 3469 3109 ﬂuvium

177 3169 384 3238 ἡδονῆς
442 3167 535 3220 τοῦ
597 3166 695 3236 μὲν
749 3166 933 3219 κοινοῦ
966 3165 1236 3219 δεσπότου
1269 3160 1655 3233 παρακοῦσαι,
1685 3159 1780 3212 καί¹

1890 3162 2293 3220 transmittant.
2319 3165 2375 3214 et
2408 3157 2556 3213 servi
2592 3155 2715 3221 ejus
2750 3153 3095 3208 eﬂiciantur.
3130 3147 3340 3202 Deinde
3379 3143 3476 3198 ille

179 3261 273 3314 τὸν
304 3259 562 3328 ποταμὸν
584 3258 940 3327 διαπερᾶσαι,
981 3256 1076 3310 καὶ
1102 3255 1208 3310 ὑπὸ
1238 3257 1402 3325 χεῖρα
1431 3253 1586 3323 αὐτῷ
1623 3253 1781 3320 γενέ-

187 3353 338 3406 σθαι.
386 3346 525 3404 Εἶτα
569 3352 800 3414 τούτους,
857 3350 987 3412 τοὺς
1038 3347 1360 3411 συνδούλους
1401 3347 1430 3399 6
1475 3345 1786 3416 ἀρχέκακος

191 3447 415 3506 ἐκεῖνος
469 3442 812 3513 τυραννείτω
842 3441 940 3494 καὶ
976 3439 1376 3493 καταπονείτω.
1407 3438 1698 3493 Βοὰτωσαν
1729 3433 1786 3487 δὲ

196 3537 338 3605 πρὸς
388 3536 592 3588 οἰκεῖον
624 3521 898 3602 δεσπότην
929 3531 981 3585 oi
1030 3529 1484 3602 τυραννούμενοι,
1518 3528 1615 3581 καὶ
1657 3527 1784 3578 ὲπι-

198 3629 550 3685 καλείτωσαν
593 3627 694 3698 τὴν
728 3625 942 3680 ἐκείνου
969 3626 1032 3678 ὲκ
1070 3624 1179 3678 τῶν
1212 3620 1554 3692 συνεχουσῶν
1604 3617 1788 3673 κακὼ-

201 3736 344 3772 σεων
371 3717 666 3789 λύτρωσιν.
698 3711 832 3769 Εῒτα
877 3715 1102 3775 τούτους
1133 3712 1411 3783 οἰκτείρας
1436 3714 1464 3763 ὁ
1493 3711 1791 3781 ἱερώτατος

202 3810 464 3881 βασιλεὺς
493 3809 588 3862 τὸν
633 3809 766 3862 ἴδιον
797 3808 914 3861 υἱὸν
943 3804 1323 3860 ἀποστειλάτω
1367 3801 1793 3873 ἀμφιασάμενον

201 3904 262 3958 τὸ
291 3903 402 3956 τῶν
425 3902 631 3955 δούλων
664 3901 968 3973 πρόσχημα
997 3899 1141 3952 κατὰ
1173 3898 1351 3951 πάντα
1390 3895 1574 3959 αὐτοῖς
1594 3895 1795 3963 ὁμοιω-

205 3997 414 4051 θέντα·
454 3997 482 4046 ὀ
509 3995 566 4047 δὲ
612 3995 692 4056 είς
744 3995 910 4062 μέσον
960 3988 1251 4062 παρελθὼν
1313 3986 1794 4060 παραπορευέσθω

204 4093 306 4153 τὰς
343 4088 515 4159 ὄχθας
545 4084 638 4141 τοῦ
682 4083 955 4155 ποταμοῦ.
988 4087 1085 4138 Ὃν
1128 4083 1472 4153 θεασάμενος
1499 4082 1527 4135 6
1557 4080 1796 4149 ἀρχέκα-

207 4198 303 4242 κος
341 4179 634 4251 τύραννος,
669 4177 764 4230 καὶ
820 4175 918 4228 ἕνα
963 4174 1072 4226 τῶν
1113 4172 1315 4227 δούλων
1343 4169 1454 4225 ὑπὸ
1475 4171 1536 4223 τὸ
1565 4171 1743 4230 πάσας
1774 4168 1798 4200 ⁸

209 4274 375 4326 αὑτὸν
433 4267 600 4334 εἶναι,
656 4267 1048 4336 παρακαλείτω
1095 4264 1347 4335 συνήθως
1396 4264 1516 4326 ταῖς
1568 4260 1798 4332 καρπῶν

209 4364 427 4430 ἡδοναῖς
465 4364 558 4415 ἐπὶ
617 4361 678 4414 τὸ
722 4360 1055 4428 διαπεράσαι
1088 4358 1184 4410 τὸν
1237 4357 1482 4425 ποταμὸν
1547 4357 1646 4408 καὶ
1705 4353 1796 4406 ὑπ’

210 4457 407 4528 ἐκείνῳ
437 4455 715 4524 γενέσθαι,
753 4453 826 4522 μὴ
863 4449 1252 4505 ὑπακούσαντα
1281 4448 1360 4512 δὲ,
1386 4447 1522 4501 ἀλλὰ
1553 4445 1799 4516 σφοδρῶς

209 4551 310 4613 τὰς
334 4548 548 4602 ἐκείνου
585 4545 796 4618 τροπὰς
816 4543 1290 4616 ἀποτρεπόμενον,
1329 4539 1480 4612 ζήλῳ
1531 4541 1626 4593 καὶ
1669 4540 1799 4609 φθό-

212 4659 290 4711 νῳ
331 4640 766 4711 πυρποληθεὶςό
808 4637 1074 4709 τύραννος
1123 4635 1369 4689 διαϐἁτω
1397 4633 1492 4686 τὸν
1532 4633 1800 4701 ποταμὸν,

214 4735 310 4788 καὶ
340 4732 651 4803 ἁναιρείτω
677 4730 769 4782 τὸν
790 4730 884 4783 τοῦ
916 4728 1186 4798 βασιλέως
1215 4726 1353 4780 υἱόν.
1383 4725 1557 4778 Τοῦτο
1587 4726 1646 4779 δὲ
1674 4724 1806 4794 δρα-

217 4827 454 4897 ξάμενον
483 4828 510 4879 6
536 4823 793 4894 βασιλεὺς
816 4821 1059 4885 ὲταζέτω
1080 4819 1254 4887 λέγων
1274 4837 1288 4850 ⁸
1319 4817 1480 4882 Εἰπὲ,
1514 4817 1808 4886 παμπόνη-

221 4939 302 4992 ρε,
341 4921 510 4989 ἡνίκα
539 4919 669 4978 τοὺς
713 4915 910 4978 ἄλλους
955 4913 1175 4975 δούλους
1208 4911 1493 4974 ἀνέπειθες
1535 4911 1672 4978 ἐμοῦ
1714 4906 1810 4960 τοῦ

221 5009 460 5079 φυσικοῦ
504 5008 769 5062 δεσπότου
818 5007 999 5060 αὑτῶν
1027 5004 1404 5075 παρακοῦσαι,
1431 5003 1525 5055 καὶ
1587 5001 1725 5072 πρὸς
1754 5003 1812 5052 σὲ

223 5105 502 5173 διαϐῆναι,
534 5104 608 5174 μὴ
634 5102 858 5163 τούτους
887 5099 1185 5152 ἁπέσπασα
1207 5096 1315 5150 τῶν
1341 5096 1540 5165 χειρῶν
1568 5113 1685 5158 σου,
1715 5095 1813 5146 καὶ

228 5201 326 5270 τῆς
376 5198 626 5260 δουλείας
670 5197 770 5264 τῆς
819 5195 920 5261 σῆς
967 5191 1230 5254 ἑκουσίως
1275 5209 1358 5244 σοι
1389 5189 1806 5257 ὑποταγένταςς

232 5291 435 5360 καίπερ
477 5287 778 5357 δυνάμενος
821 5283 916 5338 καὶ
961 5281 1161 5350 ἰσχύων
1200 5283 1358 5334 τοῦτο
1394 5280 1617 5346 ποιῆσαι
1645 5295 1660 5310 ·
1697 5278 1812 5332 ἀλλ’

232 5383 335 5436 οὑκ
376 5381 623 5451 ἠθέλησα
674 5373 1067 5446 παραχαράξαι
1121 5371 1182 5424 τὸ
1232 5372 1464 5424 δίκαιον.
1500 5369 1705 5420 Τοῦτον
1759 5367 1816 5418 δὲ

236 5475 370 5544 ὲμδν
414 5476 528 5528 υἱὸν
579 5472 916 5540 ὑπάρχοντα,
960 5467 1056 5519 καὶ
1107 5467 1229 5526 ταῖς
1290 5465 1411 5525 σαῖς
1465 5461 1821 5513 παντάπασιν

240 5569 582 5639 προτροπαῖς
619 5566 716 5633 οὔχ
787 5560 1108 5624 ὑπείξαντα,
1144 5559 1287 5620 τίνος
1339 5557 1526 5610 ἕνεκεν
1584 5554 1818 5616 ἀνεῖλες,

1891 3257 2150 3329 princeps
2182 3253 2458 3307 malorum
2515 3255 2789 3329 exerceat
2820 3246 2873 3299 in
2905 3259 3004 3298 eos
3038 3237 3387 3312 tyrannidem
3418 3239 3476 3288 et

1891 3324 2299 3420 oppiimatJlli
2336 3358 2466 3400 vero
2520 3324 2819 3414 tyrannide
2874 3335 3122 3406 oppressi
3174 3331 3477 3387 inclament

1899 3442 2183 3500 dominum
2236 3453 2440 3504 suum,
2475 3445 2531 3490 et
2569 3434 2870 3504 implorent
2919 3430 3072 3486 illius
3122 3441 3306 3497 opem,
3358 3429 3414 3475 et
3449 3435 3480 3475 a

1900 3535 2070 3591 tantis
2103 3532 2265 3587 malis
2315 3529 2726 3584 liberationem.
2763 3524 2966 3580 Postea
3006 3522 3207 3575 horum
3259 3515 3481 3570 miseri-

1903 3627 2094 3684 cordia
2135 3630 2451 3679 commotus
2483 3617 2984 3674 mansuetissimus
3014 3628 3113 3667 rex
3148 3610 3331 3664 mittat
3359 3619 3484 3674 pro-

1897 3722 2081 3794 prium
2103 3715 2511 3781 ﬂlium,vestitu
2537 3725 2825 3767 servorum
2849 3707 3132 3768 indutum,
3147 3703 3204 3756 in
3224 3697 3485 3755 omnibus

1899 3787 2268 3869 assimilatum
2322 3805 2407 3860 eis
2448 3803 2709 3874 (excepto
2745 3797 3026 3868 peccato),
3070 3794 3166 3848 ille
3187 3802 3373 3846 autem
3425 3787 3483 3840 in

1899 3904 2141 3958 medium
2174 3897 2440 3968 prodiens
2471 3891 2793 3948 deambulct
2825 3889 2989 3958 juxta
3021 3885 3178 3954 ripas
3213 3877 3485 3935 ﬂuminis.

1898 3997 2074 4062 Quem
2103 4009 2228 4048 cum
2256 4001 2531 4061 tyrannus
2557 3987 2650 4040 ille
2679 3983 2904 4048 viderit,
2935 3987 2991 4036 et
3022 3977 3326 4032 arbitratus
3362 3984 3488 4025 esse

1901 4104 2071 4143 unum
2133 4101 2164 4140 e
2199 4083 2403 4145 servis,
2463 4081 2736 4138 hortetur,
2779 4082 2839 4128 ut
2893 4073 3057 4131 solet,
3104 4064 3486 4134 voluptatibus

1901 4183 2185 4237 fructuum
2218 4175 2529 4246 propositis
2581 4179 2636 4227 et
2679 4167 2948 4231 ostensis,
2989 4165 3056 4218 ad
3090 4156 3488 4227 trajiciendum

1900 4274 2148 4335 ﬂuvium,
2183 4278 2238 4326 et
2277 4267 2470 4324 utsth
2511 4265 2750 4334 imperio
2792 4276 2895 4316 suo
2930 4262 3027 4320 sit,
3067 4254 3256 4308 videat
3304 4259 3490 4303 tamen

1907 4378 2013 4418 non
2049 4360 2300 4421 obedire,
2333 4357 2468 4425 quin
2500 4352 2691 4423 potius
2732 4349 2912 4418 ipsius
2940 4342 3295 4400 hortationes
3331 4337 3494 4388 vehe-

1910 4465 2126 4507 menler
2166 4449 2458 4520 repellere,
2515 4443 2664 4498 unde
2716 4441 2838 4494 zelo
2881 4445 2935 4492 et
2965 4434 3175 4489 invidia
3227 4432 3494 4483 incensus

1911 4555 2182 4616 tyrannus
2215 4519 2460 4596 transeat
2492 4536 2749 4596 ﬂuvium,
2780 4541 2833 4588 et
2869 4530 3042 4584 lilium
3075 4524 3218 4592 regis
3243 4519 3492 4575 occidat:

1911 4641 2058 4693 hunc
2111 4650 2245 4690 vero
2289 4648 2383 4688 rex
2442 4630 2780 4700 prehensum
2835 4626 3198 4691 percontetur
3251 4615 3305 4666 in
3353 4611 3496 4663 hunc

1907 4729 2133 4786 modum
2157 4746 2168 4780 :
2194 4725 2310 4795 Age
2328 4699 2463 4793 jam,
2488 4719 2730 4789 pessime
2756 4726 2808 4772 et
2834 4711 3195 4782 nequissime,
3223 4718 3347 4759 cum
3373 4699 3498 4753 aliis

1908 4820 2088 4877 servis
2136 4817 2436 4878 suadebas,
2476 4823 2536 4866 ut
2583 4809 2718 4863 mihi
2777 4820 2970 4861 eorum
3023 4811 3224 4855 natura
3276 4791 3499 4849 domino

1909 4929 2018 4967 non
2056 4917 2344 4980 parerent,
2376 4913 2431 4960 et
2462 4903 2527 4956 ad
2583 4911 2635 4955 te
2667 4899 3000 4954 transirent,
3061 4906 3130 4944 an
3167 4904 3264 4944 eos
3308 4900 3340 4938 e
3385 4894 3500 4936 man

1911 4975 2079 5059 nibus
2111 5004 2221 5056 tuis
2253 4997 2478 5068 eripui?
2508 5003 2562 5049 et
2597 5010 2624 5048 a
2660 4991 2928 5046 servitute
2957 4997 3049 5040 tua
3079 4983 3180 5037 tibi
3219 4975 3500 5068 subjectos

1923 5092 2209 5150 liberavi?
2251 5107 2378 5145 cum
2434 5087 2485 5142 id
2517 5085 2726 5154 alioqui
2779 5083 2963 5135 facere
2999 5074 3322 5146 potuissem,
3349 5063 3501 5121 nolui

1915 5186 2209 5252 lameujus
2242 5181 2563 5235 immutare.
2597 5173 2754 5227 Hunc
2791 5185 2925 5224 vero
2955 5168 3127 5222 (ilium
3169 5174 3374 5219 meum,
3406 5154 3500 5224 qui

1918 5251 2340 5332 hortationibus
2369 5271 2484 5324 tuis
2519 5278 2871 5336 nequaquam
2905 5261 3097 5323 cessit,
3136 5268 3306 5325 quare
3336 5251 3505 5302 inter-

1922 5367 2107 5425 fecisli
2159 5374 2213 5421 et
2261 5365 2465 5433 injuste
2513 5357 2815 5415 occidisti?
2864 5354 3037 5423 igitur
3088 5345 3341 5419 quoniam
3400 5340 3500 5391 hoc

1926 5475 2096 5515 ausus
2124 5473 2209 5519 es,
2255 5456 2384 5524 jure
2419 5452 2630 5522 optimo
2661 5460 2715 5502 et
2745 5455 2798 5501 te
2852 5454 2905 5500 et
2932 5456 3126 5496 clunes
3158 5447 3280 5490 tuos
3309 5442 3502 5486 servos

1931 5551 2174 5620 capiam,
2228 5520 2282 5601 et
2341 5520 2605 5614 potestati
2650 5541 2770 5613 ejus
2826 5534 3158 5604 subjiciam;
3217 5533 3271 5579 et
3324 5520 3370 5576 si
3423 5526 3503 5573 tot

1515 5705 1748 5760 ΥᾹΙὶΙλΕ
1785 5700 2200 5788 LECTIONI'IS.‘

317 5839 457 5896 "Sic
489 5841 530 5896 C
559 5839 618 5907 Β,
653 5840 770 5910 lege
802 5831 1172 5894 ὑποτοπάσας.
