3934 6502
469 421 603 487 1487

1704 409 2100 473 THEODORI
2133 407 2506 470 ABL'CARE

3650 404 3765 472 1468

469 533 645 590 millia
665 526 1037 601 acquisivisli,
1059 533 1242 581 tamen
1267 539 1440 594 neque
1458 521 1827 579 multesimam
1853 532 2059 592 partem

2173 519 2262 574 καὶ
2317 520 2519 584 ἀδίκως
2567 516 2932 584 ἀπέκτειναςς
2979 517 3212 589 Ἐπειδὴ
3245 511 3358 571 οὖν
3398 514 3565 569 τοῦτο
3621 523 3772 574 τετόλ-

469 626 642 681 debtti
677 621 1043 693 recuperabo.
1079 617 1224 684 Quid
1277 619 1423 672 enim
1475 605 1717 686 unquam
1751 625 1806 670 tu
1845 614 2056 670 eﬂicere

467 717 656 789 possis
687 714 780 769 uni
814 722 988 784 guttae
1026 710 1318 782 sanguinis
1351 707 1503 778 regii
1538 707 1687 777 par?
1739 705 1855 762 Hoc
1892 707 2056 761 modo

468 826 498 862 a
531 806 827 879 tyrannide
859 804 1127 860 daemonis
1159 817 1260 856 nos
1306 800 1582 865 liberavit,
1624 799 1778 869 justa
1813 800 2053 866 ratione,

468 913 521 954 ct
551 915 659 954 non
688 901 886 953 robore
918 905 972 952 et
1001 903 1276 966 potestate
1308 893 1490 949 solum
1526 908 1683 948 usus.

2166 630 2370 684 μηκας,
2403 612 2629 676 δικαίως
2669 611 2767 664 καὶ
2800 610 2862 663 σὲ
2914 611 3012 664 καὶ
3039 611 3280 672 πάντας
3327 610 3470 673 τοὺς
3513 611 3636 674 σοὺς
3666 613 3769 666 δού-

2163 706 2290 768 λους
2340 704 2624 776 λήψομαι,
2658 704 2756 758 καὶ
2788 703 3137 776 ὑποχειρίους
3183 702 3365 772 αὐτῷ
3397 702 3667 772 θήσομαι,
3697 709 3773 756 καὶ

2163 800 2213 852 εί
2247 798 2472 869 μυρίους
2501 797 2796 860 τοσούτους
2822 797 3108 868 ἐκέκτησο,
3135 797 3269 850 οὐδ’
3302 795 3498 858 οὕτως
3521 795 3585 849 τὸ
3612 797 3776 851 πολλο-

2165 893 2291 946 στὸν
2327 892 2424 946 τοῦ
2451 893 2645 962 χρέους
2669 889 3041 962 ἀπολήψομαι.
3071 892 3136 944 Τί
3170 891 3258 959 γὰ
3268 907 3305 962 ρ
3327 888 3403 943 ἂν
3438 888 3637 958 ἰσχύσῃ

474 993 602 1060 μιᾶς
663 991 757 1044 τοῦ
819 988 1102 1062 βασιλικοῦ
1170 988 1406 1057 αἵματος
1480 971 1703 1055 ῥανίδος
1763 985 2056 1050 ἀντάξιονς
2095 987 2284 1057 Τούτῳ
2311 987 2390 1056 τῷ
2421 989 2608 1057 τρόπῳ
2636 987 2734 1056 τῆς
2785 985 2879 1038 τοῦ
2943 985 3188 1058 πονηροῦ
3249 981 3602 1055 τυραννίδος
3647 985 3773 1054 ἡμᾶς

468 1084 740 1157 ἐρρύσατο
776 1084 974 1154 δικαίῳ
1011 1083 1176 1153 λόγῳ,
1209 1082 1303 1136 καὶ
1337 1083 1436 1152 οὐχ
1484 1080 1674 1144 ἁπλῶς
1709 1080 1900 1148 κράτει
1934 1079 2030 1132 καὶ
2064 1080 2359 1152 δυναστείᾳ
2390 1080 2760 1151 χρησάμενρς.

541 1175 603 1229 Β.
647 1178 794 1230 Satis
855 1175 923 1230 de
989 1175 1093 1230 hac
1155 1191 1215 1230 re
1272 1174 1482 1229 dictum
1523 1180 1633 1226 est.
1677 1171 1773 1225 Dic
1813 1172 2062 1242 quinque

471 1267 602 1322 illos
635 1266 912 1331 inimicos,
945 1281 1012 1322 ex
1044 1267 1250 1336 quibus
1271 1281 1375 1321 nos
1414 1263 1670 1319 Christus
1714 1263 1991 1318 liberavit.

541 1448 608 1502 A.
645 1446 816 1513 Mors,
848 1447 1126 1512 diabolus,
1165 1445 1518 1500 maledictum
1568 1445 1705 1516 legis
1746 1454 1800 1502 et
1832 1445 2064 1502 damna-

472 1538 572 1603 tio,
599 1550 904 1608 peccatum,
938 1537 1217 1593 infernus.

543 1629 605 1682 Β.
666 1630 742 1684 De
794 1641 972 1685 morte
1025 1631 1249 1700 quidem
1307 1630 1454 1700 quod
1525 1645 1623 1702 per
1683 1631 2056 1686 obedientiam

472 1720 676 1775 Christi
703 1720 882 1776 deleta
909 1729 1016 1787 est,
1040 1721 1254 1777 dixisti.
1280 1721 1549 1778 Similiter
1569 1723 1757 1790 etiam,
1782 1723 2056 1793 quomodo

472 1824 580 1865 nos
609 1811 939 1880 abimperio
997 1811 1204 1867 diaboli
1266 1811 1544 1866 liberavit.
1596 1812 1822 1882 Explica
1886 1827 2053 1877 nunc,

2233 1173 2296 1226 Β.
2369 1171 2714 1242 Ἀρκούντως
2787 1171 2916 1241 περὶ
2972 1169 3163 1224 τούτου
3228 1168 3507 1238 εἴρηται.
3586 1165 3769 1236 Φράσσν

2160 1264 2219 1319 δὲ
2249 1265 2375 1328 τοὺς
2409 1264 2571 1318 πέντε
2607 1263 2872 1334 ἐχθροὺς,
2905 1261 2965 1327 ἐξ
2990 1258 3064 1317 ὧν
3099 1262 3268 1332 ἡμᾶς
3303 1262 3339 1312 6
3379 1255 3638 1328 Χριστὸς
3671 1259 3770 1309 tiu.-

2163 1375 2195 1410 τ
2203 1358 2440 1429 ρώσατο.
3011 1349 3013 1351 ’

2235 1451 2302 1504 Α.
2351 1451 2410 1504 Ὀ
2439 1450 2693 1513 θάνατος,
2729 1452 2756 1504 ὁ
2787 1448 3072 1513 διάϐολος,
3111 1449 3143 1518 ἡ
3175 1445 3292 1501 τοῦ
3331 1447 3526 1516 νόμου
3582 1444 3758 1512 κατάρι

2169 1540 2262 1593 καὶ
2289 1539 2581 1608 καταδίκη,
2611 1540 2644 1608 ἠ
2677 1538 2947 1609 ἁμαρτία,
2982 1540 3010 1590 6
3043 1537 3204 1608 ᾷδης.

2233 1630 2293 1684 Β.
2325 1631 2460 1702 Περὶ
2485 1630 2584 1701 μὲν
2609 1630 2704 1683 τοῦ
2731 1628 2985 1693 θανάτου,
3016 1629 3100 1682 ὅτι
3129 1627 3226 1681 διὰ
3258 1627 3382 1696 τῆς
3414 1624 3676 1694 ὑπακοῆς
3693 1624 3759 1674 τοῦ

2162 1720 2401 1794 Χριστοῦ
2458 1722 2702 1782 λέλυται,
2760 1722 3012 1792 εἴρηκας.
3060 1711 3320 1790 Ὁμοίως
3368 1716 3458 1780 δὲ,
3516 1715 3612 1768 καὶ
3649 1716 3759 1778 ὅπως

2162 1815 2309 1884 ἡμᾶς
2363 1814 2428 1867 ὲκ
2481 1813 2580 1883 τῆς
2620 1812 2717 1866 τοῦ
2768 1813 3023 1866 διαϐόλου
3068 1809 3475 1882 ἐπικρατείας
3527 1807 3756 1872 ἐξείλατο.

474 1902 756 1973 quomodo
779 1918 881 1958 nos
909 1903 1144 1958 redemit
1184 1917 1214 1957 a
1249 1903 1547 1959 maledicto
1572 1903 1730 1974 legis,
1759 1905 1936 1958 factus
1959 1920 2057 1975 pro

2173 1902 2373 1973 ι’ρὰσον
2397 1901 2484 1972 δὴ,
2519 1903 2669 1966 ὅπως
2693 1901 3034 1972 ἐξηγόρασεν
3070 1903 3228 1972 ἡμᾶς
3254 1901 3373 1970 τῆς
3411 1899 3670 1970 κατάρας
3689 1899 3755 1951 τοῦ

473 1992 635 2047 nobis
668 1993 1042 2048 maledictum.

543 2085 608 2138 Α.
641 2085 967 2140 Memineris
996 2100 1213 2151 eorum,
1239 2102 1362 2157 quae
1384 2087 1540 2156 prius
1568 2103 1595 2141 a
1619 2102 1705 2142 me
1732 2086 1876 2141 dicta
1905 2095 2056 2148 sunt,

474 2173 621 2240 quod
667 2175 762 2243 qui
809 2174 1010 2230 millies
1069 2175 1241 2246 legem
1294 2177 1488 2232 mortis
1531 2177 1890 2232 transivimus
1932 2177 2091 2250 (28⁸),

477 2263 679 2319 millies
731 2264 962 2320 interire
1015 2266 1303 2322 debemus.
1357 2267 1646 2337 Responde
1695 2269 1840 2323 enim
1899 2269 2059 2334 mihi,

475 2351 625 2419 quod
659 2359 712 2408 te
747 2353 984 2422 primum
1021 2355 1087 2409 de
1112 2361 1290 2410 morte
1317 2353 1487 2408 Adam
1518 2353 1801 2426 rogabam.
1834 2352 2062 2410 Facitne

475 2439 620 2496 Deus
645 2441 950 2512 quidquam
982 2439 1190 2498 frustra
1218 2449 1273 2498 et
1302 2442 1478 2496 casu?
1545 2495 1550 2502 κ

547 2630 606 2685 Β.
651 2631 839 2687 Absit.
928 2677 930 2679 .

548 2725 613 2777 Α.
669 2721 727 2776 Si
767 2723 893 2793 quis
931 2721 1098 2777 alicui
1148 2720 1374 2777 deberet
1419 2718 1572 2776 mille
1611 2733 1887 2784 nummos,
1923 2731 2064 2791 quos

476 2815 632 2869 nullo
662 2814 825 2870 modo
858 2815 1074 2869 solvere
1130 2821 1343 2884 posset,
1404 2812 1578 2867 nollet
1626 2821 1808 2866 autem
1844 2811 2063 2880 exigere

477 2907 759 2968 dominus,
794 2908 885 2962 cui
922 2906 1177 2972 debetur,
1219 2918 1493 2959 summam
1549 2903 1692 2965 auri,
1745 2901 2062 2972 scripsisset

477 3005 662 3052 autem
703 2998 842 3052 alias
857 3005 1052 3053 contra
1084 2995 1238 3051 illum
1268 2994 1579 3050 debitorem
1610 2993 2060 3064 chirographum,

474 3099 532 3146 et
565 3091 621 3144 in
652 3105 932 3146 carcerem
961 3089 1291 3158 conjiceret,
1333 3094 1388 3141 et
1411 3086 1555 3141 male
1578 3086 1838 3141 omnibus
1882 3085 2061 3140 modis

476 3178 738 3246 alliceret,
771 3179 1058 3251 ailligerel,
1085 3186 1141 3236 et
1162 3178 1582 3254 prcmeret,qui
1621 3177 1813 3243 nollet,
1847 3184 1908 3231 ut
1935 3183 2063 3231 ante

475 3271 611 3336 dixi,
650 3287 920 3328 summam
960 3279 1228 3341 repetere,
1263 3271 1359 3325 sed
1391 3270 1578 3339 potius
1632 3271 1959 3339 postularet.
2001 3275 2061 3322 ut

2087 3322 2131 3381 C

2087 1972 2131 2026 Β
2161 1972 2350 2063 νόμου,
2388 1994 2679 2063 γενόμενος
2715 1994 2854 2064 ὑπὲρ
2881 1994 3043 2065 ἡμῶν
3065 1993 3322 2062 κατάρα.

2229 2086 2294 2138 Α.
2347 2084 2754 2154 Ἀναμνήσθητι
2785 2084 2892 2136 τῶν
2937 2085 2995 2136 ὲν
3030 2086 3144 2146 τοῖς
3180 2080 3670 2153 ἐμπροσθέερμοι
3693 2079 3751 2133 3.5-

2159 2193 2271 2244 γων
2301 2176 2651 2246 εἰρημένων,
2686 2175 2770 2227 ὃτι
2816 2174 3082 2245 μυριάκις
3132 2175 3225 2226 τὸν
3281 2173 3393 2226 τοῦ
3429 2170 3576 2224 Θεοῦ
3624 2172 3748 2240 νόμον

2159 2267 2657 2339 παραϐεϐηκότες,
2727 2267 2989 2338 μυριάκις
3057 2264 3379 2320 ἀποθανεῖν
3469 2262 3741 2332 ὀφείλομεν.

2158 2357 2299 2414 Εἰπὲ
2348 2357 2457 2429 γάρ
2490 2373 2601 2428 μοι,
2632 2357 2769 2426 ὅπερ
2802 2373 2885 2410 σοι
2924 2359 3017 2411 καὶ
3061 2358 3296 2428 πρῶτος
3333 2353 3589 2432 ἠρώμην
3611 2355 3630 2385 ⁵
3653 2356 3738 2422 περί

2159 2450 2253 2502 τοῦ
2287 2451 2433 2504 κατὰ
2472 2449 2565 2502 τὸν
2599 2446 2791 2519 Ἀδὰμ,
2829 2451 2977 2502 ποιεῖ
3007 2449 3036 2500 6
3078 2447 3215 2510 Θεός
3258 2464 3321 2499 τι
3371 2445 3635 2516 ματαίως
3681 2445 3732 2496 nl

2158 2540 2234 2606 ὡς
2267 2541 2464 2611 ἔτυχεν
2484 2560 2498 2607 ;

2231 2635 2293 2689 Β.
2336 2636 2426 2706 Μὴ
2462 2636 2700 2704 γένοιτο.

2228 2725 2294 2778 Α.
2337 2726 2398 2778 Et
2427 2727 2538 2797 γάρ
2577 2745 2661 2790 τις
2689 2725 2986 2797 ὲχρεὼστει
3035 2722 3140 2776 τινὶ
3187 2719 3464 2791 χιλιάδας
3505 2717 3742 2787 νομισμά-

2159 2813 2374 2884 conv,“
2411 2818 2708 2872 ἀποδοῦναι
2735 2817 2834 2887 οὐχ
2864 2810 2980 2879 οἷός
3005 2833 3068 2868 τε
3117 2809 3189 2884 ἦν
3217 2830 3231 2844 ·
3271 2813 3390 2865 οὐκ
3421 2809 3680 2880 ἠϐούλετο
3702 2808 3744 2860 δὲ

2161 2909 2465 2980 ἀπαιτῆσαι
2486 2911 2649 2965 αὐτὸν
2678 2912 2706 2963 6
2746 2910 2842 2963 τοῦ
2882 2908 3079 2980 χρέους
3117 2907 3334 2978 κύριος
3364 2904 3474 2974 τὴν
3507 2902 3600 2955 τοῦ
3633 2919 3736 2972 χρυ-

2164 3000 2278 3053 σίου
2313 3001 2638 3073 ποσότητα,ι
2673 3000 2919 3071 ἔγραψεν
2948 3001 3006 3054 δὲ
3045 3001 3143 3069 τὴν
3190 2997 3390 3059 ἄλλως
3443 2993 3566 3048 κατ’
3602 2988 3742 3046 αὑτοῦ

2161 3089 2543 3161 Χειρόγραφον,
2575 3091 2670 3144 καὶ
2707 3090 2888 3143 λαϐὼν
2933 3092 2990 3143 ὲν
3031 3087 3248 3159 φυλακῇ
3300 3085 3489 3147 ἔθετο,
3521 3083 3612 3136 καὶ
3638 3081 3739 3133 Elui-

2162 3199 2358 3253 πησεν,
2384 3184 2480 3237 καὶ
2514 3183 2815 3237 ἑστὲνωσεν
2848 3181 3145 3246 παντοίως,
3177 3181 3254 3252 μὴ
3296 3177 3652 3250 βουλόμενος.
3680 3172 3742 3232 ὡς

2164 3275 2429 3346 προέιρην,
2466 3277 2597 3346 παρ’
2628 3273 2878 3328 αὐτοῦτὸ
2903 3273 3069 3328 ποσὸν
3108 3271 3328 3334 λαϐεῖν,
3365 3267 3490 3323 ἀλλ’
3518 3266 3732 3336 ὕστερον.

477 3362 856 3418 dimitteretur
892 3362 1035 3417 liber
1067 3371 1122 3417 et
1157 3361 1394 3424 solutus,
1443 3374 1628 3415 nonne
1658 3360 1884 3415 stultum
1912 3358 2059 3412 h'unc

2173 3367 2410 3421 ἀπαιτῶν
2436 3367 2597 3420 αὑτὸν
2623 3364 2926 3432 ἀπολῦσαι,
2955 3365 3081 3435 οὐχὶ
3117 3363 3361 3434 μάταιον
3400 3359 3494 3413 τὸν
3524 3355 3734 3412 τοιοῦτον

477 3468 604 3509 esse
623 3453 1108 3507 existimaremus?

549 3544 611 3599 B.
656 3543 942 3609 Quomodo
972 3542 1127 3597 non?

549 3634 614 3687 Α.
649 3633 704 3687 Si
735 3633 903 3703 igitur
921 3631 1066 3688 Deus
1089 3632 1312 3687 nolebat
1338 3635 1556 3703 exigere
1574 3645 1602 3684 a
1627 3629 2068 3700 nobisjustiiica-

478 3727 660 3782 tiones
695 3726 855 3797 legis,
883 3741 1054 3792 quare
1082 3726 1228 3779 hanc
1250 3726 1415 3796 350
1443 3731 1636 3780 contra
1662 3725 1762 3779 hos
1794 3724 2064 3793 scripsit?

479 3820 548 3873 At
580 3835 689 3874 non
722 3819 802 3874 sic
833 3827 940 3884 est,
972 3818 1136 3873 absit.
1163 3816 1282 3871 Non
1317 3818 1463 3872 enim
1489 3818 1684 3882 otiose,
1719 3824 1772 3872 et
1798 3826 2060 3884 tanquam

481 3912 697 3974 ludens,
749 3911 882 3980 quin
941 3911 1124 3979 potius
1151 3909 1302 3980 justo
1333 3910 1572 3979 judicio,
1603 3910 1789 3966 omnia
1844 3925 1964 3979 quae
2007 3911 2061 3963 in

480 4003 602 4073 lege
630 4004 836 4072 scripta
861 4011 1042 4066 erant,
1076 4019 1106 4056 a
1157 4003 1319 4058 nobis
1351 4002 1632 4073 exigebat,
1683 4012 1740 4057 et
1787 4003 1916 4072 quia
1954 4018 2063 4056 non

480 4104 795 4162 poteramus
831 4095 1045 4150 solvere
1089 4094 1355 4159 debitum,
1414 4110 1515 4164 pro
1578 4095 1741 4150 nobis
1799 4093 2064 4149 Dominus

481 4195 674 4241 noster
711 4187 968 4242 Christus
1005 4188 1291 4257 persolvit,
1336 4187 1686 4241 maledictum
1720 4196 1770 4241 et
1801 4188 2065 4242 condem—

479 4280 756 4335 nationem
803 4280 968 4335 nobis
1004 4280 1248 4335 debitam
1281 4280 1475 4336 volens
1516 4281 1843 4349 assumpsit,
1896 4287 2064 4348 atque

481 4374 536 4425 in
590 4386 650 4427 se
710 4373 1001 4441 suscepit:
1030 4381 1084 4426 et
1117 4386 1242 4440 quae
1275 4387 1377 4425 nos
1411 4372 1522 4440 pati
1571 4372 1885 4442 oportebat,
1948 4372 2064 4440 ipse

481 4478 678 4532 passus
710 4471 825 4529 est;
859 4464 1207 4526 verberatus,
1259 4463 1461 4533 sputis,
1516 4463 1739 4533 pugnis.
1807 4464 2063 4533 colaphis

480 4554 728 4620 :iﬂ'ectus,
752 4555 1073 4620 cruciﬁxus,
1089 4563 1142 4610 et
1163 4571 1262 4627 pro
1285 4556 1451 4610 nobis
1469 4564 1755 4610 mortuus:
1787 4555 2060 4625 quamvis,

2167 3456 2624 3527 ὑπολαμϐάνομεν
2649 3475 2663 3521 ;

2236 3549 2299 3600 Β.
2326 3547 2452 3610 Πῶς
2489 3548 2597 3618 γὰρ
2622 3546 2682 3600 οῦ
2708 3564 2724 3612 ;

2235 3643 2300 3694 Α.
2327 3641 2390 3695 Εἰ
2415 3635 2508 3694 οὖν
2547 3639 2729 3706 ὁρεὸς
2770 3639 2872 3692 οὐκ
2910 3636 3169 3708 ἠϐούλετο
3216 3635 3358 3707 παρ’
3405 3630 3568 3705 ἡμῶν
3591 3631 3724 3682 ἀπαι-

2163 3734 2325 3804 τῆσαι
2345 3731 2414 3785 τὰ
2442 3730 2536 3785 τοῦ
2567 3731 2732 3800 νόμου
2780 3729 3149 3799 δικαιώματα,
3200 3729 3353 3791 τίνος
3382 3726 3543 3796 χάριν
3571 3719 3730 3773 τοῦτον

2165 3823 2289 3880 καθ’
2337 3825 2494 3895 ήμῶν
2547 3822 2822 3894 ἐγραψενς
2898 3821 3038 3875 Ἀλλ’
3076 3823 3172 3890 οὐχ
3217 3819 3402 3883 οὕτως
3448 3815 3612 3877 τοῦτο,
3667 3808 3724 3878 μὴ

2165 3918 2395 3984 γένοιτο.
2435 3918 2509 3968 υύ
2540 3914 2648 3985 γὰρ
2672 3914 2985 3986 περίεργος,
3029 3915 3123 3967 καὶ
3154 3908 3244 3967 οἷα
3293 3911 3516 3976 παίζων
3545 3911 3572 3959 6
3599 3904 3722 3962 Θεὸς.

2165 4010 2301 4064 ἀλλὰ
2326 4013 2392 4080 τῇ
2430 4010 2594 4063 αὑτοῦ
2621 4009 2994 4082 δικαιοκρισια
3035 4011 3213 4064 πάντα
3241 4008 3383 4078 παρ’
3425 4005 3581 4077 ἡμῶν
3606 3999 3663 4052 τὰ
3679 3999 3724 4048 ἐν

2164 4101 2240 4171 ’τῷ
2289 4102 2440 4173 νόμῳ
2495 4102 2856 4172 γεγραμμένα
2918 4102 3137 4172 ἀπῄτει.
3200 4101 3313 4155 Καὶ
3401 4095 3590 4161 ἐπειδὴ
3638 4089 3718 4140 οὐκ

2168 4195 2423 4265 ίσχύομεν
2465 4195 2739 4251 ἀποτῖσαι,
2770 4193 2958 4247 τούτου
2989 4193 3146 4265 χάριν
3189 4193 3332 4263 ὑπὲρ
3390 4187 3549 4260 ἡμῶν
3579 4185 3603 4235 ό
3631 4183 3709 4232 As-

2167 4287 2372 4356 σπότης
2394 4285 2553 4356 ἡμῶν
2582 4285 2820 4356 Χριστὸς
2855 4285 3136 4338 ἀπέδωκεν
3160 4326 3172 4348 ,
3207 4285 3304 4336 καὶ
3359 4282 3460 4350 τὴν
3499 4274 3711 4342 κατάραν

2165 4380 2261 4432 καὶ
2291 4379 2594 4448 καταδίκην
2634 4377 2732 4448 τὴν
2779 4378 2902 4432 καθ’
2935 4376 3092 4448 ἡμῶν
3133 4374 3582 4447 χρεωστουμένην
3641 4366 3715 4416 ἀν·

2165 4472 2376 4536 ἐλαϐεν,
2400 4472 2496 4525 καὶ
2519 4470 2780 4534 ἑκουσίως
2793 4470 3097 4534 ἀνεδέξατο.
3123 4471 3230 4523 Καὶ
3247 4469 3393 4539 ἆπερ
3417 4465 3558 4536 ἡμᾶς
3581 4458 3714 4526 ἐχρῆν

2164 4565 2379 4627 παθεῖν,
2403 4564 2566 4628 αὐτὸς
2585 4562 2879 4616 πέπονθεν.
2906 4563 3015 4616 Καὶ
3041 4562 3374 4632 ὲμαστίχθη,
3403 4558 3496 4611 καὶ
3525 4545 3713 4606 ὲνεπτύ·

480 4658 539 4699 ιιι
577 4649 738 4715 paulo
774 4657 904 4702 ante
941 4648 1209 4711 diximus,
1265 4664 1361 4717 per
1403 4649 1770 4703 obedientiam
1829 4658 2058 4702 mortem

2173 4659 2289 4728 σθη,
2338 4658 2432 4710 καὶ
2475 4655 2807 4727 ὲρῤαπίσθη,
2851 4657 2947 4708 καὶ
2999 4653 3367 4724 ἐκολαφίσθη,
3423 4649 3514 4702 καὶ
3552 4647 3710 4695 ἐσταυ-

481 4739 665 4794 delere
697 4741 994 4808 potuisset,
1040 4743 1133 4796 sed
1173 4752 1356 4796 tamen
1393 4742 1459 4794 ὲκ
1484 4742 1830 4810 περιουσίας,
1863 4743 1914 4796 id
1949 4751 2054 4804 est,

482 4840 542 4882 ut
571 4831 894 4895 abundaret,
926 4841 982 4886 et
1010 4833 1400 4902 superﬂueret,
1435 4848 1546 4902 quo
1581 4848 1684 4886 nos
1731 4850 1795 4888 ex
1837 4834 2060 4888 diabolo

484 4922 739 4992 eriperet,
773 4932 828 4978 et
859 4941 922 4980 ex
965 4925 1260 4980 maledicto
1310 4925 1470 4995 legis,
1498 4927 1758 4996 iustoque
1787 4925 1882 4980 Dei
1915 4926 2062 4996 judi-

485 5016 593 5077 cio,
622 5031 720 5081 pro
746 5016 905 5072 nobis
930 5025 1184 5073 mortuus
1230 5027 1335 5083 est,
1365 5026 1426 5072 ut
1460 5019 1650 5073 liceret
1681 5017 1793 5073 Deo
1837 5019 2058 5073 miseri-

2167 4749 2340 4822 ρώθη,
2367 4749 2462 4802 καὶ
2493 4746 2762 4801 ἀπέθανεν
2790 4747 2928 4816 ὑπὲρ
2951 4746 3128 4815 ἡμῶν.
3165 4744 3410 4815 Καίπερ,
3439 4741 3511 4801 ὡς
3537 4739 3711 4822 ἔφαμεν

2167 4820 2262 4894 καὶ
2283 4838 2495 4910 πρώην,
2532 4837 2618 4892 διὰ
2652 4839 2750 4908 τῆς
2783 4837 3034 4906 ὑπακοῆς
3069 4837 3234 4889 λῦσαι
3275 4835 3367 4888 τὸν
3408 4831 3622 4884 θάνατον
3645 4820 3708 4870 δυσ

2167 4932 2421 5001 νάμενος,
2449 4930 2564 4984 ἀλλ’
2583 4931 2648 4983 ἐκ
2673 4931 3013 4999 περιουσίας,
3044 4930 3133 4981 ἵνα
3163 4928 3260 4981 καὶ
3281 4930 3346 4979 ἐκ
3373 4922 3466 4976 τοῦ
3495 4911 3708 5001 διαϐόλου

2165 4997 2314 5093 ἡμᾶς
2339 5021 2611 5090 ἐξέληται,
2647 4997 2758 5073 καί
2785 5023 2849 5073 ὲκ
2881 5020 2978 5089 τῆς
3023 5021 3276 5089 κατάρας
3302 5014 3394 5069 τοῦ
3437 5014 3610 5078 νόμου,
3634 4997 3703 5093 ξεῖ

484 5107 723 5161 cordiam
747 5110 904 5164 nobis
928 5110 1209 5178 tribuere;
1244 5119 1300 5163 et
1326 5127 1433 5165 non
1469 5109 1744 5181 justitiam
1776 5112 2057 5182 propriam

2173 5112 2256 5166 τοῦ
2295 5111 2432 5164 Θεοῦ
2471 5109 2894 5182 δικαιοκρισίας,
2922 5109 3195 5163 ἀπέθανεν
3249 5108 3388 5171 ὑπὲρ
3429 5099 3594 5171 ἡμῶν,
3638 5091 3704 5182 ivi

463 5197 837 5271 improbaret,
869 5211 923 5255 et
961 5217 1361 5270 supervacuam
1394 5209 1559 5272 atque
1621 5202 1832 5257 irritam
1867 5201 2062 5258 redde-

458 5281 466 5319 ι’
490 5295 604 5351 rct;
630 5289 722 5343 sed
747 5292 930 5360 potius
954 5294 1095 5348 hanc
1124 5293 1680 5351 circumscriberctet
1703 5295 2044 5359 terminaret,

2165 5204 2260 5274 ἐξῇ
2291 5203 2369 5273 τῷ
2399 5203 2520 5273 Θεῷ
2555 5179 2776 5272 ἐλεῆσαι
2819 5204 2989 5272 ἡμᾶς,
3051 5201 3146 5252 καὶ
3187 5200 3322 5268 μήτε
3364 5195 3454 5262 τὴν
3493 5189 3614 5241 ίδξαν
3641 5179 3699 5231 δι-

2156 5295 2455 5365 καιοσύνην
2503 5295 2789 5366 ἀκυρῶσαι
2836 5294 2932 5347 καὶ
2976 5291 3347 5362 καταργῆσαι,
3379 5282 3506 5340 ἀλλὰ
3533 5274 3701 5338 ταύτην

1796 5469 2032 5526 VARIAS
2071 5470 2471 5528 LECTIONES.

561 5565 580 5592 ⁸
615 5563 796 5632 ἠρωτη
807 5565 869 5618 σά
877 5583 1003 5635 μην.

2005 5694 2235 5749 NOTAE.

565 5781 860 5842 (QP-Hlllam
892 5791 1063 5859 legem
1103 5789 1268 5859 dicit.
1293 5789 1360 5841 de
1391 5804 1496 5856 qua
1548 5788 1752 5843 Paulus
1796 5788 1846 5841 in
1885 5787 2062 5856 Epist.

496 5857 561 5910 ad
594 5859 757 5912 "chr.
803 5875 854 5922 ι,
887 5857 1135 5914 meminit
1167 5877 1178 5913 :
1245 5858 1468 5914 Irritam
1513 5862 1629 5929 quis
1663 5860 1868 5927 faciens
1906 5860 2065 5927 lrgrm

2177 5787 2352 5855 Moysi
2380 5789 2491 5841 sine
2520 5789 2629 5840 ulla
2673 5789 3013 5840 miseratione
3043 5787 3268 5850 duabus,
3302 5786 3373 5839 vel
3405 5779 3545 5836 tritius
3570 5776 3680 5822 tritt-

2179 5861 2270 5911 bus
2309 5861 2552 5912 moritur.
2592 5859 2770 5927 (Deut.
2811 5874 2939 5921 xvn,
2967 5859 3045 5924 6.)
