3934 6440
167 425 321 491 1469

1601 420 1896 484 OPUSCU
1907 421 1994 481 LA
2006 464 2020 479 .

3316 406 3342 471 ί
3357 407 3457 471 4Ἰο

162 539 518 612 περιγράψαι
548 536 938 594 ὑπολαϐοῦσαν
963 536 1030 591 τὰ
1070 532 1180 589 ἴδια
1205 533 1579 605 δικαιώματα,
1618 533 1759 605 μήτε
1792 580 1799 593 ι

1915 532 2127 605 :ceptis,
2164 541 2218 588 et
2251 526 2600 600 rewperatis
2642 526 2883 599 propriis
2918 520 3453 595 justiﬁcationibus;

160 635 229 687 τὸ
257 633 411 696 ἔλεος
438 628 608 685 αὐτοῦ
646 629 931 703 ἄπρακτον
971 629 1268 700 παρεᾶσαι.

239 808 311 863 Β.
349 808 459 862 Καὶ
490 816 621 878 περὶ
667 806 862 860 τούτου
906 804 1223 878 ἀρκούντως
1251 803 1524 859 λέλεκται.
1552 801 1767 874 Φράσον

162 901 261 972 δὴ,
298 900 420 963 πῶς
440 901 591 968 ἡμᾶς
615 901 679 952 ἐκ
697 886 810 970 ’τῆς
847 897 1127 968 ἁμαρτίας
1151 895 1455 968 ἐρῤύσατο;

244 994 315 1046 Α.
338 993 403 1044 Τί
430 995 577 1046 ἐστιν
611 990 855 1062 ἁμαρτία
880 1008 895 1056 ;
924 990 1047 1059 οὐχὶ
1076 988 1345 1058 άποτυχία
1371 988 1585 1051 τις,κα“ι
1609 988 1771 1039 ἀστο-

169 1083 271 1153 χία
327 1084 423 1141 τοῦ
473 1083 715 1148 σκοτοῦς
759 1081 1100 1151 Ὄσπεργάρ
1125 1079 1179 1133 εἴ
1204 1097 1287 1142 τις
1319 1078 1478 1149 ὑγιὴς
1508 1077 1585 1131 ὣν
1613 1079 1669 1130 ἐν
1694 1076 1773 1147 τῷ

172 1174 446 1243 βαῖίζειν,
472 1176 604 1228 ὅπου
640 1174 823 1240 θέλει,
854 1174 945 1226 τὸν
981 1171 1119 1225 πόδα
1161 1171 1396 1241 τίθησιν,
1431 1169 1593 1239 ἡνίκα
1620 1169 1675 1222 δὲ
1714 1168 1774 1233 ἐξ

168 1266 476 1331 ἀσθενείας
518 1265 662 1328 τινὸς
706 1264 1073 1336 ἀρρωστήσας
1095 1261 1357 1334 τρομικδς
1405 1262 1653 1331 γένηται,
1701 1257 1775 1330 μὴ

166 1358 444 1431 δυνηθείη
468 1359 561 1411 τὸν
589 1357 726 1410 πόδα
765 1355 973 1419 θεῖναι,
1002 1354 1137 1407 ὅπου
1177 1352 1451 1424 βούλεται,
1478 1351 1614 1405 ἀλλὰ
1649 1367 1777 1403 σκο-

170 1452 372 1521 πήσας
398 1452 478 1513 είς
505 1451 671 1502 τόπον
700 1446 820 1500 τινὰ
851 1444 1021 1514 πῆξαι
1068 1445 1130 1498 τὸ
1154 1446 1299 1515 ίχνος
1319 1486 1333 1510 ,
1371 1444 1476 1496 ὑπὸ
1502 1443 1602 1512 τῆς
1634 1443 1778 1495 ἐνοι-

171 1541 390 1612 κούσης
426 1538 738 1612 ἀρρωστίας
779 1538 1112 1608 ὠθούμενος,
1147 1533 1387 1606 ἀλλαχοῦ
1409 1535 1470 1587 τὸ
1494 1533 1644 1604 βῆμα
1681 1547 1780 1583 πε-

177 1633 545 1704 ριστρέψαιεν
566 1649 578 1662 ·
608 1630 864 1688 οὕτωκαὶ
893 1630 995 1698 τῆς
1024 1627 1304 1699 ἁμαρτίας
1332 1624 1778 1694 ἐνοικησάσηςτῇ

175 1726 439 1798 ἡμετέρᾳ
476 1725 645 1795 ψυχῇ,
699 1722 902 1789 ἀσθενῆ
968 1719 1139 1791 αὐτὴν
1182 1720 1278 1772 καὶ
1330 1718 1616 1787 ἄρρωστον
1679 1727 1783 1766 πε-

178 1819 448 1885 ποίηκεν,
499 1814 837 1886 ἀστοχοῦσαν
885 1815 984 1866 καὶ
1029 1810 1454 1882 ἁμαρτάνουσαν
1526 1805 1636 1859 τῶν
1702 1806 1783 1859 0t—

177 1913 356 1967 κείων
391 1909 612 1963 σκοπῶν
649 1909 740 1961 καὶ
765 1904 1080 1975 προθέσεων
1104 1918 1118 1933 ο
1140 1904 1168 1955 ὁ
1195 1901 1252 1954 δὲ
1274 1898 1510 1971 Χριστὸς
1532 1896 1785 1968 βαπτίζει

179 2003 339 2073 ἡμᾶς
366 2003 427 2053 ἐν
456 1999 633 2063 ὕδατι,
664 1998 765 2051 καὶ
800 1995 1104 2065 Πνεύματι,
1136 1994 1233 2047 καὶ
1262 1995 1295 2063 ἡ
1318 1992 1479 2062 χάρις
1507 1989 1600 2043 τοῦ
1627 1991 1784 2058 ἁγίου

180 2094 519 2164 Πνεύματος
563 2092 830 2162 ῥώννυσιν
877 2088 1047 2159 ἡμᾶς,
1094 2086 1276 2139 πᾶσαν
1327 2082 1427 2153 τὴν
1462 2080 1783 2152 ἁμαρτίαν,

181 2189 280 2241 καὶ
330 2186 435 2256 τὴν
465 2181 806 2255 ἀρρωστίαν,
840 2181 938 2233 καὶ
966 2179 1123 2232 νόσον
1152 2175 1400 2242 ἀποξύει,
1424 2173 1519 2227 καὶ
1548 2173 1808 2238 ἁνανεοῐ,.

182 2279 283 2332 καὶ
333 2276 683 2341 ἀνακαινίζει
735 2273 830 2328 καὶ
892 2274 974 2336 είς
1023 2271 1086 2325 τὸ
1134 2270 1363 2341 ἀρχαῖον
1411 2266 1632 2330 σθένος,
1692 2264 1788 2318 καὶ

183 2368 414 2434 κάλλος,
444 2368 506 2422 τὸ
532 2366 638 2436 πρὸ
665 2365 767 2435 τῆς
798 2361 1188 2434 παραϐάσεως,
1236 2355 1690 2424 ἀποκαθίστησιν.

257 2461 323 2514 Β.
359 2460 621 2529 Πέμπτον
655 2454 1045 2510 ὑπολέλειπται
1070 2451 1133 2504 τὸ
1162 2447 1255 2503 τοῦ
1288 2448 1438 2520 ᾅδου.

259 2553 328 2607 Δ.
382 2548 605 2618 Ἐπειδὴ
637 2546 902 2600 ἀδύνατον
927 2543 1069 2615 μετὰ
1099 2540 1301 2612 σαρκὸς
1340 2536 1649 2609 ἐνδημῆσαι
1675 2535 1791 2597 τοῖς

182 2644 246 2696 ἐν
274 2641 438 2714 ᾅδου,
475 2640 554 2711 τῷ
584 2639 802 2708 θανάτῳ
829 2633 1198 2707 διαιρεθείσης
1234 2633 1300 2685 ἐκ
1320 2631 1421 2702 τῆς
1467 2628 1668 2695 σαρκὸς
1690 2626 1793 2694 τῆς

180 2734 285 2788 τοῦ
338 2734 552 2805 Κυρίου
608 2730 815 2800 ψυχῆς,
855 2727 1036 2797 γυμνὴ
1078 2727 1201 2788 ταῖς
1248 2724 1307 2775 ἐν
1360 2720 1543 2774 σκότει
1589 2717 1793 2787 ψυχαῖς

177 2825 581 2896 ἐνδημῆσασα,
616 2824 710 2875 καὶ
746 2821 863 2889 φῶς
917 2818 1103 2878 αὐτοῖς
1142 2814 1203 2867 τὸ
1235 2814 1335 2880 τῆς
1374 2811 1633 2880 θεότητος
1689 2809 1793 2860 άπ-

153 2915 548 2987 ,αστράψασα,
583 2912 677 2965 καὶ
695 2913 775 2975 είς
808 2908 976 2962 αὑτὸν
999 2902 1369 2964 πιστευσάσας
1391 2903 1472 2962 είς
1498 2899 1589 2952 τὸν
1607 2896 1795 2967 παρά-

183 3008 370 3061 δεισον
403 3003 804 3076 μετατεθηκεν,
822 3000 918 3053 καὶ
943 2997 1005 3050 τὸ
1030 2994 1126 3049 τοῦ
1151 2994 1282 3066 ᾅδου
1318 2991 1592 3062 βασίλειον
1621 3006 1797 3042 κατα-

187 3100 449 3154 λὲλυκεν.
475 3097 689 3167 Ὠσπερ
714 3093 826 3164 γὰρ
891 3089 1035 3158 πύλη
1092 3089 1189 3142 καὶ
1218 3084 1423 3147 εἴσοδος
1473 3083 1571 3151 τῆς
1600 3082 1681 3145 είς
1705 3080 1796 3132 τὸν

191 3192 411 3266 κόσμον
440 3188 741 3258 ἐπιδημίας
774 3183 870 3238 τοῦ
905 3182 1043 3235 Θεοῦ
1100 3180 1274 3248 Λόγου
1312 3179 1345 3248 ἡ
1380 3175 1622 3243 παναγία
1650 3175 1797 3237 Παρ-

193 3263 355 3346 θενος
381 3280 634 3351 γέγονεν,
665 3278 842 3340 οὕτως
890 3276 986 3330 καὶ
1017 3277 1046 3327 ὁ
1081 3272 1313 3331 θάνατος
1357 3268 1503 3339 πύλη
1540 3265 1639 3321 καὶ
1693 3263 1805 3318 εἰσ-

194 3377 325 3439 οδος
355 3373 460 3445 τῆς
489 3372 570 3436 εἰς
590 3369 726 3443 ᾅδην
753 3366 1224 3437 καταφοιτήσεως.

202 3592 523 3664 Διάκρισίς
590 3607 657 3646 τε
709 3588 807 3643 καὶ
860 3587 1235 3664 διασάφησις
1268 3578 1413 3664 ,τῶν
1461 3576 1701 3664 simpl.th
1747 3579 1806 3633 οἱ

281 3649 628 3742 ςοίῖιόσρςρριΔ
664 3649 1088 3742 κατᾳγίνοζτὰι
1118 3649 1360 3733 φωνῷν,
1387 3650 1506 3742 ,καὶ
1550 3649 1806 3742 ἐξεῖχος

279 3719 395 3803 ἱῆς
425 3719 546 3787 τῶῖθ
583 3719 930 3803 Ἀκεφιὶλων
953 3719 1355 3803 ξιέγηριανῶν·ὲ
1377 3719 1581 3803 ﬁnem:
1608 3720 1807 3803 "1}:ch-

280 3788 465 3884 ὅιὶῖὖγ
486 3788 880 3873 ψυχοφὸόρου
919 3788 1358 3866 αἱρέσεως-,τοῦ
1395 3788 1582 3847 αὐτοῦ
1616 3789 1811 3842 Ἀϐου-

283 3892 467 3944 καρα.

281 3969 415 4030 Τοῖς
463 3964 575 4019 τῶν
622 3960 896 4033 ἀληθινῶν
958 3956 1251 4027 δογμάτων
1308 3954 1572 4025 ἐρασταῖς
1616 3966 1679 4004 τε
1721 3946 1817 4002 καὶ

215 4059 640 4136 προασπισταῖς
679 4050 955 4123 ἀναγκαία
1000 4048 1346 4117 καθέστηκεν
1391 4047 1424 4115 ἡ
1455 4043 1566 4096 τῶν
1593 4039 1813 4110 φωνῶν,

213 4131 345 4225 περὶ
371 4152 440 4215 ἃς
472 4149 522 4202 oi
546 4146 824 4216 φιλόσοφοι
860 4143 1099 4213 μάλιστα
1146 4137 1534 4204 καταγίνονται
1555 4173 1570 4199 ,
1599 4131 1815 4201 διάκρι-

215 4219 302 4308 σίς
354 4258 416 4295 τε
483 4237 580 4292 καὶ
623 4234 974 4303 διασάφησις.
1022 4229 1134 4299 Τὴν
1183 4227 1292 4297 γὰρ
1344 4224 1550 4295 τούτων
1582 4219 1816 4292 κάκριόἦ

213 4334 422 4403 γνῶσιν
456 4328 650 4383 πολλοὶ
695 4325 803 4379 τῶν
860 4323 1164 4378 δοκούντων
1216 4318 1357 4373 εἶναι
1407 4317 1588 4385 σοφῶν
1615 4313 1815 4383 ἀγνοή-

215 4444 415 4491 σαντες
448 4424 588 4499 «api.
614 4422 711 4493 τὴν
753 4420 1013 4490 ἀλήθειαν
1056 4417 1392 4486 ἠστόχησαν,
1439 4413 1536 4467 καὶ
1569 4411 1651 4473 είς
1688 4410 1816 4462 άτο-

212 4517 345 4582 πίας
406 4497 910 4584 καὶήβλασφημίας
949 4508 1282 4576 ἐξώκειλαν,
1326 4505 1420 4557 καὶ
1452 4505 1552 4575 τῆς
1623 4502 1703 4563 εἰς
1756 4497 1819 4552 τὸ

214 4611 375 4666 Θεῖον
397 4608 583 4683 ὀρθῆς
606 4606 844 4668 πίστεως
875 4603 1134 4667 ἐξέπεσον
1160 4599 1495 4670 ἠγνοηκότες
1522 4595 1640 4665 μὲν,
1664 4592 1820 4646 ἐκόν-

1867 642 2047 698 neque
2105 622 2484 680 misericordia
2534 620 2656 690 ejus
2718 620 3023 691 ἄπρακτος,
3077 617 3131 670 id
3185 621 3294 678 est,
3337 614 3457 667 sine

1869 734 2034 790 opere
2071 716 2303 788 iustitiae
2338 712 2841 768 transmitteretur.

1943 810 2005 864 Β.
2035 811 2145 863 Sed
2178 807 2246 862 de
2278 805 2366 860 his
2396 805 2530 860 satis
2562 805 2849 857 hactenus.
2878 799 3104 869 Explica
3133 794 3316 859 modo,
3347 808 3459 864 quo

1873 900 2038 956 modo
2074 915 2138 954 ex
2169 904 2393 966 peccato
2424 910 2523 949 nos
2549 892 2822 946 liberavit.

1941 994 2009 1045 Α.
2043 990 2187 1057 Quid
2227 997 2312 1044 est
2363 985 2689 1056 peceatum?
2751 997 2935 1037 nonne
2985 990 3070 1037 est
3118 980 3389 1036 aberratio
3428 996 3460 1035 a

1876 1081 2085 1152 scopo?
2117 1079 2189 1135 Ut
2221 1080 2369 1134 enim
2396 1078 2441 1131 si
2483 1077 2608 1146 quis
2654 1074 2822 1138 valet,
2872 1088 2995 1126 cum
3033 1073 3296 1137 ambulat,
3368 1070 3460 1125 ubi

1873 1175 2014 1238 vult,
2048 1173 2238 1242 pedem
2292 1169 2481 1238 ponit;
2515 1182 2640 1221 cum
2679 1180 2808 1219 vero
2850 1180 2916 1219 ex
2969 1163 3247 1233 quapiam
3286 1163 3462 1216 imbe-

1876 1264 2108 1319 cillitate
2168 1262 2413 1323 laborat,
2472 1258 2708 1313 eﬁ‘ectus
2767 1256 3213 1320 tremuius,non
3281 1262 3463 1322 potest

1879 1355 2175 1425 vestigium
2210 1352 2397 1419 ﬁgere,
2427 1350 2518 1411 ubi
2558 1350 2696 1411 vult,
2731 1349 2825 1403 sed
2861 1348 3045 1418 potius
3076 1347 3465 1401 animadverso

1876 1449 2020 1512 loco,
2070 1446 2124 1500 in
2181 1460 2294 1516 quo
2329 1443 2618 1513 vestigium
2650 1449 2860 1511 ponat,
2903 1441 2971 1494 ab
3007 1440 3331 1494 iutirmitate
3364 1455 3463 1493 sua

1879 1540 2165 1602 detrusus,
2208 1534 2340 1589 alibi
2381 1533 2555 1604 ponit,
2613 1533 2693 1587 sic
2749 1547 2874 1587 cum
2929 1532 2985 1585 in
3035 1533 3218 1584 anima
3277 1539 3467 1592 nostra

1880 1639 2168 1701 peccatum
2205 1625 2452 1681 habitare
2482 1623 2675 1693 coepit,
2710 1623 2982 1677 inﬁrmam
3027 1632 3083 1675 et
3140 1620 3467 1675 imbecillam

1883 1736 2003 1778 eam
2036 1720 2185 1785 facit,
2209 1729 2262 1774 et
2293 1718 2644 1773 aberrantem
2680 1731 2710 1770 a
2747 1731 2850 1770 stto
2874 1730 3046 1784 scopo
3067 1729 3130 1767 ac
3162 1713 3470 1783 proposito:

1885 1814 2143 1870 Christus
2201 1819 2384 1865 autem
2416 1809 2661 1879 baptizat
2697 1825 2799 1864 nos
2851 1808 2905 1862 in
2965 1823 3107 1877 aqua
3152 1817 3207 1861 et
3261 1805 3472 1875 Spiritu

1892 1912 2107 1969 sancto,
2145 1916 2198 1957 et
2230 1902 2405 1973 gratia
2439 1902 2680 1971 Spiritus
2731 1903 2908 1955 sancti
2964 1900 3187 1954 roborat
3244 1914 3367 1964 nos,
3418 1906 3474 1953 et

1891 2012 2058 2053 omne
2115 2005 2404 2066 peceatum
2459 2003 2627 2063 atque
2684 1991 3062 2046 inﬁrmitatem
3098 1990 3371 2052 detrahit;
3407 2003 3472 2042 ac

1893 2095 2146 2149 renovat,
2198 2095 2253 2141 et
2314 2084 2488 2139 robur
2530 2083 2824 2154 pristinum
2867 2091 2921 2136 et
2974 2072 3471 2152 pulchritudinem,

1893 2196 2017 2252 quae
2042 2189 2171 2233 ante
2213 2176 2709 2247 transgressionem
2740 2174 2872 2231 Adae
2897 2184 3036 2239 erat,
3068 2172 3333 2228 restituit.

1967 2355 2028 2409 B.
2099 2352 2342 2421 Quintus
2394 2352 2654 2408 inimicus
2700 2348 3061 2420 relinquitur,
3117 2346 3171 2400 id
3231 2354 3340 2409 cst,
3394 2343 3479 2399 in-

1898 2446 2112 2503 fernus.
2362 2494 2365 2497 .

1969 2537 2033 2589 Α.
2071 2535 2213 2601 Quia
2258 2534 2375 2590 ﬁeri
2412 2550 2519 2588 non
2561 2541 2797 2603 poterat,
2838 2541 2899 2586 ut
2930 2546 3055 2585 cum
3093 2544 3258 2584 carne
3294 2528 3349 2582 in
3394 2527 3480 2581 ina

1900 2627 2035 2683 feris
2062 2629 2525 2697 peregrinaretur,
2548 2627 2730 2678 anima
2752 2640 2777 2674 a
2794 2639 2961 2677 carne
2981 2621 3193 2674 Domini
3219 2635 3313 2688 per
3334 2634 3483 2671 mor-

1902 2728 2010 2772 tem
2054 2727 2311 2787 separata
2373 2718 2440 2772 ad
2498 2717 2737 2780 animas,
2771 2731 2892 2784 quae
2928 2715 2980 2767 in
3015 2712 3262 2767 tenebris
3299 2716 3484 2776 erant,

1899 2808 2150 2881 profecta
2182 2816 2236 2863 et
2266 2809 2472 2862 lumine
2500 2807 2805 2862 divinitatis
2838 2805 2948 2860 illis
2995 2804 3173 2865 illato,
3220 2816 3335 2865 eas,
3364 2815 3488 2870 qua:

1900 2903 1956 2956 in
1987 2916 2108 2955 eum
2139 2896 2516 2961 crediderunt,
2546 2903 2602 2951 in
2638 2897 2953 2968 paradisum
2980 2893 3282 2952 transtulit.
3316 2901 3368 2947 et
3400 2907 3488 2946 re-

1902 2989 2046 3059 giam
2078 2986 2287 3041 inferni
2322 2985 2620 3041 demolitus
2668 2993 2773 3040 est.
2811 2983 2967 3037 Sicut
2999 2982 3147 3034 enim
3202 2979 3372 3047 janua
3433 2982 3491 3030 et

1904 3080 2088 3133 aditus
2121 3076 2585 3147 peregrinationis
2616 3073 2781 3128 Verbi
2817 3073 2910 3128 Dei
2946 3075 3000 3126 in
3034 3064 3300 3125 mundum
3345 3068 3490 3121 facta

1904 3170 2063 3242 351
2102 3178 2189 3226 est
2220 3160 2575 3226 sanctissima
2608 3167 2820 3233 Virgo;
2867 3164 2948 3219 sic
3004 3178 3154 3217 mors
3213 3161 3358 3215 facta
3406 3167 3493 3213 est

1907 3262 2076 3331 janua
2135 3268 2191 3323 et
2247 3260 2513 3315 introitus
2591 3258 2900 3313 descensus
2953 3242 3160 3308 Christi
3208 3252 3265 3307 in
3318 3248 3492 3304 infer-

1912 3368 2069 3408 ιιηιη.

1824 3465 1891 3520 ll.

1905 3576 2162 3648 Ejusdem
2239 3573 2524 3648 Theodort'_
2565 3571 2822 3625 Abucara:
2893 3566 3208 3648 explanatio.
3264 3580 3492 3648 uocum,

1976 3649 2168 3717 quibus
2226 3643 2524 3717 philosophi
2568 3653 2811 3717 utuntur,
2856 3648 2904 3692 et
2941 3636 3241 3717 cpnfutatiq
3272 3636 3495 3717 ha'lresis

1979 3702 2374 3785 Acephulprum
2427 3702 2831 3785 Severianorum
2860 3708 2989 3785 ,___id
3035 3702 3136 3785 ’ἐπι
3204 3702 3497 3785 {accbitu-

1977 3775 2120 3913 sum.
2140 3856 2160 3927 )
2184 3786 2507 3853 tlnterprete
2538 3782 2838 3840 Francisco
2866 3778 3161 3851 l'l‘urriano
3212 3775 3501 3828 Societatts

2012 3873 2132 3912 esu.

2012 3873 2132 3912 esu.

1993 3948 2086 4011 lis,
2113 3947 2205 4017 qui
2236 3958 2493 3999 verorum
2515 3943 2835 4011 dogmatttm
2880 3939 3118 3996 studiosi
3149 3948 3277 3992 sunt
3310 3944 3363 3990 et
3400 3936 3501 3989 de-

1920 4041 2194 4102 fensores,
2227 4035 2542 4092 necessaria
2566 4044 2651 4088 est
2676 4048 2902 4097 vocum,
2940 4033 2992 4085 in
3031 4031 3237 4100 quibus
3261 4028 3506 4098 philoso-

1922 4131 2016 4203 phi
2067 4136 2381 4192 versantur,
2456 4125 2771 4195 explanatio
2822 4131 2876 4178 et
2927 4121 3237 4177 distinctio.
3301 4118 3505 4172 Harum

1922 4222 2069 4278 enim
2098 4218 2468 4289 cognitionem
2508 4212 2805 4283 perfectam
2840 4212 2972 4280 quia
2999 4209 3159 4262 tnulti
3191 4222 3254 4261 ex
3293 4207 3383 4267 iis,
3411 4204 3504 4272 qui

1923 4313 2201 4383 sapientes
2224 4325 2347 4366 esse
2370 4306 2717 4368 videbantur,
2746 4304 3159 4372 ignoraverunt,
3217 4312 3247 4351 a
3278 4297 3509 4351 veritate

1923 4406 2286 4467 aberrarunt,
2348 4409 2402 4456 et
2456 4401 2511 4453 in
2599 4395 2972 4452 absurditates
3024 4407 3089 4446 ac
3140 4387 3510 4458 blasphemias

1924 4498 2302 4566 itupegerunt;
2338 4499 2394 4547 et
2440 4507 2470 4545 a
2500 4498 2647 4545 recta
2701 4489 2757 4543 itt
2815 4486 2985 4541 Deum
3044 4485 3149 4539 ﬁde
3203 4480 3512 4536 nescientes

1925 4588 2147 4658 quidem
2196 4584 2549 4643 exciderunt,
2585 4582 2680 4637 sed
2714 4581 2844 4650 quia
2875 4579 3070 4634 oculos
3104 4573 3305 4629 mentis
3358 4587 3388 4624 a
3438 4571 3516 4623 lu-

218 4663 411 4771 τέξὲὲ
566 4663 683 4770 ,τῆς
705 4663 945 4760 διανοίας
971 4695 1125 4766 ὄψεις
1170 4663 1567 4753 άποκλίναντες
1592 4685 1689 4740 τοῦ
1722 4685 1799 4755 “rip

1925 4682 2071 4735 mine
2104 4679 2300 4735 salutis
2327 4677 2627 4732 deﬂectere
2665 4675 2985 4734 voluerunt,
3025 4676 3081 4723 et
3114 4667 3179 4721 ad
3221 4663 3515 4735 pestiferas

225 4795 514 4867 σωτηρίας
543 4791 741 4861 φωτὸς,
774 4790 869 4843 καὶ
902 4787 1039 4857 πρὸς
1064 4787 1125 4839 τὸ
1156 4783 1401 4852 ὀλέθριον
1434 4779 1629 4842 σκότος
1657 4777 1818 4830 αὐτο-

229 4890 597 4964 μολήσαντες.
649 4885 729 4947 είς
782 4880 1064 4942 ἀπωλείας
1119 4874 1456 4931 κατὼλισθον
1515 4869 1817 4942 βάραθρον.

227 4960 325 5038 die
360 4960 497 5054 περὶ
529 4978 625 5049 μὲν
649 4974 880 5045 ἀσήμων
918 4970 1113 5041 φωνῶν
1139 4968 1442 5041 ἐνάρθρων,
1471 4964 1505 5035 ἢ
1534 4960 1823 5033 ἀνάρθρων

231 5052 728 5149 περισημαντικῶν
760 5066 1078 5136 ἀνάρθρως,
1126 5062 1278 5115 οὐδὲν
1308 5061 1389 5123 είς
1435 5052 1824 5124 άποδεικτικὴν

235 5146 612 5221 συντελουσῶν
654 5159 878 5231 μέθοδον
911 5157 1114 5225 λέγειν,
1138 5151 1207 5205 τὰ
1233 5149 1329 5204 νῦν
1366 5150 1654 5211 ἐάσαντες,
1693 5146 1828 5216 περὶ

1925 4774 2186 4831 tenebras
2239 4779 2437 4841 sponte
2469 4768 2770 4833 declinare,
2798 4766 2854 4818 in
2886 4761 3221 4833 profundum
3260 4759 3517 4811 interitus

1926 4869 2272 4924 deciderunt.
2341 4862 2714 4929 Quamobrettt
2784 4858 3006 4912 omissis
3074 4868 3224 4907 nunc
3286 4849 3516 4905 vocibus

1928 4959 2068 5014 nihil
2122 4956 2570 5027 signiﬁcantibus
2625 4961 2738 5006 tum
2796 4947 3145 5012 articulatis;
3179 4950 3274 4998 aut
3304 4938 3518 5011 signiﬁ-

1931 5052 2192 5106 cantibus
2226 5065 2334 5103 non
2361 5046 2694 5106 articulatis,
2725 5056 2849 5112 qua:
2876 5040 2945 5093 ad
2990 5034 3382 5092 conclusiones
3426 5044 3518 5082 ra-

1935 5147 2146 5199 tionum
2182 5142 2318 5196 nihil
2346 5138 2609 5211 prodesse
2634 5141 2894 5206 possunt,
2928 5131 2997 5185 de
3034 5128 3168 5193 illis,
3201 5139 3340 5195 quas
3368 5122 3517 5192 prin-

477 5215 564 5318 tb;
588 5215 690 5307 οἷόί
716 5268 774 5306 τε
808 5215 1151 5319 τυγχάνομεν
1189 5245 1365 5308 ὄντες,
1407 5240 1614 5313 βραχέα
1647 5215 1799 5308 διαλη

1936 5237 2081 5305 cipio
2108 5235 2245 5296 dixi,
2281 5247 2456 5304 pauca
2491 5246 2590 5300 pro
2622 5227 2834 5282 viribus
2878 5222 3088 5279 nostris
3132 5215 3517 5277 tractabimus,

242 5303 449 5321 """"
490 5303 561 5318 ⁷⁷³
595 5303 686 5307 ""
731 5303 741 5306 '
889 5303 947 5319 un
1054 5303 1065 5318 ι
1324 5303 1358 5308 -η
1407 5303 1454 5313 ..
1518 5303 1548 5310 .-
1794 5303 1799 5308 .

242 5350 467 5419 ᾠόμεθα
500 5364 515 5377 ⁸
558 5348 686 5408 τοὺς
710 5345 809 5412 τῆς
844 5338 1176 5408 Ἐκκλησίας
1218 5335 1527 5406 τροφίμους
1562 5330 1705 5383 κατὰ
1731 5331 1799 5383 τιῖ

1937 5303 2140 5397 quibus
2174 5303 2431 5379 alumnos
2487 5320 2753 5377 Ecclesiae
2777 5323 2977 5370 contra
3012 5311 3297 5368 haereticos
3323 5313 3381 5360 et
3414 5303 3520 5357 Ec-

246 5398 634 5512 ερρενοϐλαόὧν
662 5398 1123 5507 τῆςιζεκκλησίας
1163 5398 1476 5483 ἀντιπάλων
1520 5422 1799 5491 Ἀκεφάλω

1940 5420 2127 5476 οΙυείιει
2178 5416 2530 5472 adversarios
2580 5410 2894 5481 Acephalos
2948 5407 3228 5460 dementes
3280 5398 3525 5452 instrua-

248 5531 544 5601 αίρετικῶν
567 5526 1013 5591 καθοπλίζοντες,
1034 5520 1128 5575 καὶ
1171 5519 1272 5589 τὴν
1300 5515 1528 5571 ἐκείνων
1570 5512 1758 5565 ἇνοιάν
1784 5528 1841 5563 τε

252 5600 347 5674 καὶ
392 5620 653 5688 ἀδρανίαν
684 5615 996 5686 ἐλέγχοντές
1029 5629 1089 5666 τε
1127 5611 1221 5664 καὶ
1266 5604 1672 5677 στηλιτεύοντες
1702 5600 1836 5673 (‘29).

1941 5526 2066 5565 mus
2091 5519 2143 5565 et
2180 5523 2476 5564 armemus.

1776 5690 2007 5745 ΝΟΤᾹΞ.

330 5800 440 5869 (29)
501 5802 844 5870 Sequebatur
878 5797 981 5870 hic
1031 5795 1086 5849 in
1111 5785 1634 5870 ﬁBavaricorpdice
1676 5800 1837 5864 assu-

259 5855 506 5927 tnentum
548 5855 685 5925 sitis
749 5868 1045 5940 prolixum.
1104 5862 1260 5940 Quod
1323 5858 1669 5940 omisimus,“
1708 5855 1836 5922 quia

262 5940 567 5998 Turrianus
599 5958 700 5999 suo
730 5927 785 5997 in
814 5927 1256 6006 cxctnplariinon
1291 5930 1516 6000 reperit,
1540 5937 1594 5982 ct
1623 5927 1836 5981 clarum

1947 5783 2187 5907 \iitletur.
2224 5794 2331 5835 non
2362 5778 2699 5835 abauctorc,
2726 5767 2821 5825 sed
2854 5765 2921 5821 ab
2958 5761 3067 5818 alio
3101 5770 3361 5832 quopiam
3403 5767 3503 5826 pro

1948 5869 2138 5907 (IISSC.

1948 5869 2138 5908 (HISSC.
