3934 6502
417 453 431 539 ε
475 447 600 516 1m

1697 439 2094 508 THEODORI
2124 439 2498 503 ABUCARE

3636 422 3751 488 147?.

542 558 625 614 Ex
652 557 887 615 vocibus
934 556 1127 628 igitur,
1178 555 1384 625 quibus
1428 559 1660 610 utuntur
1708 551 2050 624 philosophi,

2224 545 2349 601 Τῶν
2378 546 2598 616 φωνῶν,
2623 545 2753 618 περὶ
2781 543 2851 610 ἃς
2891 546 2942 600 οι
2984 541 3322 628 φιλόσοφοι,
3357 535 3751 628 καταγίνονται.

475 652 597 706 aliae
645 649 868 720 quidem
925 657 1057 705 sunt
1104 646 1529 720 philosophica,
1597 654 1658 701 ut
1715 644 2049 709 substantia,

477 742 706 805 animal,
744 743 931 807 homo,
962 739 1161 796 Petrus
1181 779 1198 806 ,
1228 739 1352 795 alias
1379 753 1510 795 vero
1540 739 1756 809 logica,
1783 743 1845 792 ut
1883 750 2053 807 genus

475 833 976 903 generalissimum,
1007 831 1247 902 species.
1278 838 1505 894 natura,
1538 827 1873 895 substantia,
1906 827 2054 883 indi-

476 924 723 988 viduum,
767 923 1105 997 liypostasis.
1162 936 1428 992 persona.
1484 918 1747 976 Notanda
1806 932 1935 975 vero
1968 926 2057 975 est

477 1017 673 1071 horum
700 1015 769 1070 ab
797 1015 923 1071 aliis
941 1015 1089 1071 inter
1111 1029 1171 1071 se
1188 1012 1525 1069 diﬁ‘crentia.
1557 1013 1735 1067 Omne
1762 1025 2058 1071 commune

480 1106 534 1159 in
559 1105 793 1162 vocibus
821 1104 1038 1173 quidem
1072 1103 1502 1174 philosophicis,
1534 1101 1913 1158 communicat
1951 1115 2056 1156 no-

478 1211 605 1251 men
678 1205 730 1251 et
787 1195 1165 1252 deﬁnitionem
1225 1210 1351 1250 cum
1401 1193 1491 1258 iis,
1548 1207 1672 1264 qua!
1727 1200 1860 1250 sunt
1912 1191 2058 1248 inira

480 1292 661 1358 ipsum
708 1303 1022 1351 commune,
1061 1295 1121 1342 ut
1155 1283 1767 1341 auimal'communicat
1823 1282 2057 1351 homini,

477 1394 643 1451 equo,
678 1379 804 1435 bovi
838 1389 892 1434 et
939 1379 1108 1443 leoni,
1140 1392 1262 1447 quae
1303 1375 1408 1433 sub
1440 1375 1561 1446 ipso
1592 1381 1746 1440 sunt,
1792 1383 1909 1430 tum
1951 1390 2058 1430 no.

479 1486 628 1534 men,
662 1478 777 1524 tum
805 1469 1211 1525 deﬁnitionem.
1241 1466 1419 1522 Homo
1449 1467 1617 1531 enim,
1646 1465 1946 1535 eademque
1974 1470 2060 1522 est

481 1562 620 1617 ratio
672 1561 932 1625 aliorum,
990 1560 1197 1615 animal
1237 1566 1294 1614 et
1340 1557 1650 1615 Substantia
1700 1557 1966 1624 animata,
2005 1565 2060 1612 et

480 1650 729 1705 sentiens
765 1650 991 1713 dicitur,
1023 1660 1077 1711 et
1112 1648 1500 1718 unusquisque
1550 1645 1855 1717 singularis
1892 1644 2061 1701 homo

484 1736 764 1795 similiter.
816 1739 877 1794 in
907 1739 1103 1809 logicis
1134 1752 1264 1793 vero
1290 1737 1439 1806 quod
1466 1750 1758 1793 commune
1800 1746 1905 1804 est,
1937 1749 2061 1791 om-

485 1833 618 1885 nino
650 1845 755 1886 non
783 1830 1156 1886 communicat
1184 1844 1409 1896 nomen,
1440 1843 1620 1899 neque
1661 1826 2058 1885 deﬁnitionem.

484 1922 597 1977 Nec
634 1922 781 1977 enim
828 1921 978 1992 quod
1028 1920 1237 1976 dicitur
1290 1932 1487 1991 genus,
1533 1921 1792 1991 idemque
1843 1920 2059 1991 species

482 2011 820 2074 subalterna,
846 2009 1050 2066 dicitur
1069 2024 1310 2081 unquam
1346 2025 1519 2082 genus
1546 2009 2056 2082 generalissimum,

487 2116 665 2172 neque
700 2100 1075 2168 definitionem
1127 2101 1353 2173 generis
1397 2100 1800 2170 generalissimi
1841 2102 2061 2171 penitus

484 2192 740 2261 recipiet,
771 2206 952 2263 neque
990 2192 1204 2262 species
1256 2189 1421 2262 352
1457 2189 1859 2260 specialissima
1887 2204 2062 2260 genus

486 2281 875 2352 appellabitur,
894 2296 997 2337 nec
1024 2280 1369 2335 individuum
1396 2279 1633 2350 species,
1652 2293 1837 2350 neque
1854 2279 2060 2349 aliquid

485 2387 715 2441 prorsus
763 2371 819 2426 in
878 2371 1107 2427 vocibus
1139 2370 1337 2442 logicis
1365 2384 1582 2435 eorum,
1627 2385 1752 2441 quae
1797 2370 2063 2426 inferiora

486 2472 635 2526 sunt,
666 2477 865 2517 nomen
918 2462 1004 2517 vel
1038 2461 1418 2516 deﬁnitionem
1473 2462 1825 2532 superiorum
1884 2469 2065 2532 potest

487 2553 793 2623 suscipere.
838 2550 1134 2617 Przrterea,
1169 2566 1333 2608 omne
1381 2550 1608 2620 quodin
1627 2551 1857 2607 vocibus
1889 2551 2066 2621 philo-

488 2644 735 2713 sophicis
764 2644 1046 2706 deﬁnitur,
1075 2644 1263 2700 statim
1296 2641 1542 2698 ostendit
1576 2643 1634 2698 in
1666 2643 1850 2713 seipse
1873 2643 2067 2698 deﬁni—

490 2737 716 2797 tionem,
756 2752 864 2806 qua
916 2735 1203 2799 deﬁnitur,
1243 2748 1431 2790 veram
1483 2748 1630 2790 esse.
1685 2732 1864 2789 Homo
1897 2735 2064 2800 enim,

488 2837 651 2894 quem
708 2824 982 2881 deﬁniunt
1034 2840 1161 2883 esse
1213 2824 1422 2878 animal
1486 2828 1762 2894 particeps
1808 2824 2066 2893 rationis,

492 2914 742 2979 mortale,
779 2924 833 2971 et
882 2917 1083 2975 mentis
1127 2933 1191 2973 ac
1247 2917 1496 2974 scientia:
1532 2929 1745 2984 capax,
1779 2917 1962 2972 statim
2011 2919 2067 2973 in

490 3005 675 3076 seipso
714 3006 1085 3076 demonstrat,
1139 3024 1262 3064 esse
1294 3010 1436 3065 hanc
1464 3022 1651 3064 veram
1688 3007 2067 3064 deﬁnitionem

490 3096 754 3167 hominis,
779 3099 832 3153 in
859 3100 1088 3157 vocibus
1112 3115 1242 3154 vero
1270 3101 1467 3170 logicis
1488 3116 1596 3156 non
1624 3101 1728 3164 sic,
1754 3101 1849 3156 sed
1875 3108 2071 3156 contra

2153 639 2212 692 ai.
2236 637 2336 710 μέν
2370 639 2479 692 εισι
2510 637 2819 707 φιλόσοφοι,
2863 633 2978 691 οἷον
3016 635 3214 698 οὐσία,
3249 627 3432 696 ζῶον,
3470 627 3757 699 ἄνθρωπος,

2154 731 2361 802 Πέτρος
2381 746 2397 763 ⁸
2425 732 2481 785 αἱ
2509 729 2567 784 δὲ
2580 730 2820 799 λογικαὶ,
2841 724 2955 785 οἷον
2970 725 3384 798 γενικώτατον
3407 720 3593 789 γένος,
3614 716 3756 787 εἶδος,

2159 823 2343 896 φύσις,
2375 825 2559 891 οὐσία,
2613 824 2840 895 ἄτομον,
2890 824 3232 886 ὑπόστασις,
3318 815 3650 888 πρόσωπον.
3688 818 3759 867 Δι-

2157 917 2401 989 οριστὲον
2427 917 2523 971 καὶ
2552 916 2652 987 τὴν
2675 915 2883 970 τούτων
2911 914 3007 969 ἀπ’
3025 912 3305 985 ἀλλήλων
3346 906 3642 977 διαφοράν.
3665 905 3763 960 Πᾶν

2158 1009 2338 1064 κοινὸν
2384 1011 2443 1064 ὲν
2488 1009 2588 1081 μὲν
2615 1010 2737 1073 ταῐς
2781 1007 3096 1078 φιλοσόφοις
3139 1003 3387 1076 φωναῖς
3460 999 3762 1070 μεταδίδωσι

2159 1100 2273 1162 τοῖς
2311 1098 2405 1153 ὑπ’
2446 1078 2589 1153 auso.
2616 1098 2711 1153 τοῦ
2737 1114 2797 1151 τε
2822 1097 3108 1168 ὀνόμαως,
3156 1093 3275 1150 καὶ
3337 1088 3450 1144 τοῦ
3499 1088 3722 1160 ὁρισμοῦ
3746 1108 3760 1123 ·

2159 1188 2293 1258 οἷον,
2323 1193 2385 1248 τὸ
2412 1192 2553 1258 ζῶον
2598 1192 2922 1265 μεταδίδωσι
2957 1194 3071 1255 τοῖς
3108 1191 3210 1246 ὑπ’
3265 1186 3421 1243 αὐτὸ
3446 1230 3462 1252 ,
3508 1184 3760 1256 ἀνθρώπῳ

2157 1300 2219 1338 τε
2243 1283 2338 1339 καὶ
2366 1284 2537 1355 ἵππῳ,
2569 1283 2663 1339 καὶ
2707 1283 2823 1355 βοῒ,
2865 1282 2960 1338 καὶ
2998 1282 3203 1348 λέοντι,
3242 1278 3359 1332 τοῦ
3392 1293 3464 1330 τε
3499 1275 3759 1344 ὀνόματος,

2159 1377 2256 1430 καὶ
2293 1376 2389 1430 τοῦ
2442 1374 2676 1448 ὁρισμοῦ
2697 1391 2711 1406 ·
2741 1375 2770 1429 ὃ
2790 1392 2849 1428 τε
2879 1372 2991 1446 γάρ
3022 1372 3369 1444 ἄνθρωπος,
3409 1367 3515 1422 καὶ
3554 1366 3667 1420 τῶν
3700 1368 3754 1421 ril-

2159 1467 2267 1521 λων
2307 1467 2558 1531 ἕκαστον,
2611 1464 2751 1531 ζῶον
2779 1465 2847 1520 ἂν
2878 1465 3114 1534 λέγοιτο,
3158 1461 3274 1517 καὶ
3322 1457 3509 1514 οὐσία
3552 1455 3752 1527 ἔμψυγος

2160 1556 2473 1629 αἰσθητικὴ,
2521 1557 2620 1611 καὶ
2661 1559 2714 1611 οι
2744 1557 2890 1612 κατά
2932 1556 3101 1628 μέρος
3142 1552 3466 1623 ἄνθρωποι
3504 1546 3753 1610 ὡσαύτως.

2173 1649 2262 1705 Ἐν
2289 1652 2413 1713 ταῖς
2446 1649 2694 1719 λογικαϊς
2743 1650 2951 1717 φωναῖς
2987 1647 3049 1701 τὸ
3094 1644 3293 1702 κοινὸν
3346 1643 3421 1696 οὐ
3469 1638 3755 1710 μεταδεδωπ

2162 1741 2534 1806 παντάπασιν,
2570 1738 2697 1794 οὔτε
2725 1739 2822 1794 τοῦ
2854 1737 3101 1811 ὁρισμοῦ⁸
3156 1735 3299 1791 οὗτε
3337 1733 3466 1805 γὰρ
3509 1730 3580 1788 ἂν
3604 1731 3661 1784 ea
3688 1731 3752 1784 λε-

2162 1832 2396 1904 γόμενον
2416 1833 2600 1901 γένος,
2629 1830 2695 1884 τὸ
2724 1831 2856 1886 αὐτὸ
2885 1831 2982 1886 καὶ
3022 1824 3164 1892 εῐδος
3192 1824 3552 1895 ὑπάλληλον
3574 1822 3754 1876 multa

2162 1942 2294 1979 ποτε
2323 1924 2693 1993 γενικώτατον
2732 1923 2918 1993 γένος,
2946 1921 3071 1977 οὕτε
3097 1922 3190 1975 τὸν
3219 1916 3491 1992 ὁρισμὸν
3519 1915 3615 1970 τοῦ
3638 1932 3750 1984 γενι-

2161 2015 2407 2070 κωτάτου
2450 2017 2646 2084 γένους
2695 2014 2980 2079 παντελῶς
3009 2012 3358 2083 ὲπιδέχοιτο,
3398 2006 3541 2063 οὕτε
3568 2008 3629 2060 τὺ
3656 2009 3751 2060 εἰδι-

2162 2104 2406 2160 κώτατον
2452 2102 2594 2168 εἶδος
2643 2092 2966 2176 ὀνομάζοιῶ
3014 2104 3173 2174 γένος
3192 2145 3208 2169 ,
3270 2102 3421 2156 οὗτε
3480 2099 3545 2154 τὸ
3590 2099 3747 2170 dropsy

2162 2196 2324 2262 εἶδος,
2348 2195 2475 2250 οὔτε
2516 2197 2627 2268 μήν
2653 2213 2705 2251 τι
2728 2197 2790 2250 τὺ
2816 2199 3086 2268 παράπαν
3125 2197 3185 2250 ὲν
3207 2197 3354 2257 ταῖς
3387 2192 3648 2262 λογικαίς
3670 2210 3742 2261 φορ

2162 2285 2282 2350 ναῖς
2309 2286 2417 2342 τῶν
2432 2286 2692 2341 ὑποκάτω
2718 2286 2969 2357 δέχεσθαι
2993 2286 3242 2352 δύναται,
3263 2282 3413 2338 οὔτε
3474 2282 3582 2352 τὴν
3619 2298 3742 2352 apos-

2161 2379 2417 2450 ηγοριαν,
2450 2377 2576 2432 οὔτε
2612 2378 2704 2433 τὸν
2748 2380 2873 2451 ὅρον
2886 2379 2980 2433 τὸν
3014 2379 3223 2434 ἐπάνω.
3271 2376 3420 2430 Ἔτι
3459 2376 3577 2428 πᾶν
3610 2372 3738 2444 ὁριζό-

2170 2488 2330 2540 μενον
2363 2472 2422 2525 sv
2465 2470 2779 2540 φιλοσόφοις
2832 2470 3074 2540 φωναῖς,
3111 2467 3334 2523 αὐτίκα
3391 2464 3674 2518 δείκνυσιν
3702 2465 3734 2515 ἐι

2167 2562 2348 2635 ἑαυτῷ
2373 2562 2465 2617 τδν
2497 2561 2662 2618 αὐτὸν
2707 2562 2969 2634 ὁρίσαντα
3006 2560 3237 2635 ὁρισμὸν
3288 2557 3669 2630 ἀληθεύοντα.
3702 2553 3742 2605 '0

2166 2655 2277 2725 γὰρ
2332 2654 2621 2728 ἄνθρωπος
2674 2654 2993 2726 ὁριζόμενος
3043 2652 3184 2718 ζῶον
3240 2648 3516 2719 λογικὸν,
3567 2643 3739 2714 θνητὸν.

2166 2744 2260 2800 νοῦ
2315 2746 2410 2799 καὶ
2438 2746 2753 2817 ἐπιστήμης
2789 2744 3063 2809 δεκτικὸν,
3104 2742 3469 2816 παρίστησιν
3495 2736 3685 2798 εὐθέως
3701 2736 3743 2787 ἐν

2169 2837 2349 2909 ἑαυτῷ
2376 2838 2565 2894 τοῦτον
2585 2839 2682 2893 τδν
2716 2838 2947 2912 ὁρισμὸν
2985 2838 3163 2908 ἀληθῆ
3189 2836 3560 2909 τυγχάνοντα
3582 2850 3596 2865 ·
3628 2834 3680 2885 ὲν
3701 2830 3743 2884 δὲ

2169 2932 2290 2993 ταῖς
2337 2929 2586 3001 λογικαϊς
2630 2932 2731 3003 οὐχ
2776 2930 2953 2994 οὕτως
2975 2971 2991 2997 ,
3045 2930 3184 2985 ἀλλά
3251 2931 3380 2984 πᾶν
3437 2929 3501 2980 ιν
3550 2924 3742 2985 ταύταις

2169 3020 2485 3092 ὁριζόμενον
2514 3022 2599 3090 ἐφ’
2634 3020 2830 3076 ἑαυτοῦ
2872 3021 2973 3093 μὶν
3001 3020 3299 3092 ψεύδεται·
3348 3018 3455 3072 ἐπὶ
3476 3016 3537 3069 δὲ
3560 3014 3648 3068 τοῦ
3677 3030 3743 3077 φι-

2171 3112 2462 3182 λοσοφικοῦ
2490 3113 2768 3184 ἀληθεύει.
2796 3109 2925 3167 Οἴον
2946 3114 3006 3168 τὺ
3031 3109 3168 3177 εἶδος
3197 3113 3412 3183 ὄνομα,
3442 3110 3608 3180 ἦγουν
3630 3108 3657 3172 ἠ
3676 3105 3737 3156 δι-

490 3188 691 3258 potius,
730 3204 893 3245 omne
921 3191 1068 3261 quod
1114 3191 1169 3245 in
1200 3192 1290 3248 his
1319 3192 1615 3259 deﬁnitur,
1657 3193 1715 3249 in
1738 3206 1818 3248 ‘se
1844 3193 2067 3264 quidem

2174 3203 2440 3269 σύλλαὸος
2475 3204 2616 3277 αὕτη
2639 3204 2807 3271 λέξις,
2839 3203 3163 3276 ὁριζόμενόν
3207 3221 3285 3269 τι,
3330 3201 3486 3258 κατὰ
3512 3198 3738 3251 πλειόνων

493 3279 692 3334 falsum
722 3289 830 3349 est,
859 3281 915 3337 in
937 3298 1073 3338 voce
1103 3299 1236 3339 vero
1279 3285 1664 3357 philosophica
1713 3301 1906 3343 verum
1961 3293 2065 3343 est.

491 3371 655 3427 Verbi
687 3374 887 3443 gratia,
922 3375 1030 3430 hoc
1057 3391 1256 3432 nomen
1282 3378 1521 3447 species,
1545 3378 1598 3432 id
1628 3387 1731 3443 est,
1762 3379 1878 3435 haec
1897 3380 2070 3438 dictio

490 3464 658 3519 trium
720 3467 1087 3538 syllabarum,
1116 3471 1199 3525 sic
1228 3469 1485 3537 deﬁnita,
1518 3471 1663 3539 quod
1697 3473 1766 3529 de
1817 3475 2072 3545 pluribus

491 3553 879 3615 differentibus
909 3574 1143 3616 numero
1175 3560 1229 3615 in
1260 3576 1327 3617 eo
1370 3562 1522 3632 quod
1561 3563 1695 3634 quid
1733 3570 1842 3630 est,
1874 3567 2074 3636 praedi-

492 3657 676 3715 catur,
708 3649 765 3703 in
795 3663 857 3705 se
878 3650 1107 3721 quidem
1160 3653 1361 3709 falsum
1411 3668 1537 3711 esse
1574 3655 1680 3711 hoc
1708 3656 2072 3728 demonstrat,

493 3740 553 3794 in
605 3739 994 3812 philosophica
1046 3759 1179 3799 vero
1236 3758 1395 3810 voce,
1442 3745 1512 3801 de
1556 3761 1664 3817 qua
1702 3749 2074 3818 praedicatur,

496 3833 658 3903 plane
687 3848 899 3905 verum,
960 3842 1021 3890 ut
1073 3836 1339 3897 diximus.
1389 3836 1616 3907 Species
1667 3841 1839 3906 enim,
1887 3841 1944 3898 id
1993 3849 2079 3899 est

496 3923 670 3980 dictio
700 3927 870 3980 trium
897 3927 1237 3999 syllabarum
1280 3943 1392 3984 non
1430 3930 1763 4001 praedicatur
1805 3933 1874 3988 de
1903 3933 2079 4004 pluri-

499 4019 603 4074 bus
632 4018 1017 4076 diﬁerentibus
1047 4021 1104 4076 in
1144 4035 1232 4085 eo,
1259 4021 1407 4091 quod
1446 4022 1582 4092 quid
1616 4031 1724 4089 est,
1755 4027 1901 4096 quod
1940 4026 2080 4082 deﬁ-

499 4110 640 4166 nitio
676 4111 836 4178 dicit,
863 4113 959 4168 sed
992 4113 1048 4168 in
1084 4113 1315 4172 nomine
1347 4113 1681 4183 ostenditur,
1706 4131 1898 4174 verum
1931 4135 2078 4177 esse.

501 4203 680 4260 llomo
703 4205 851 4260 enim
879 4205 949 4261 de
982 4205 1240 4271 Socrate,
1272 4205 1524 4274 Platone,
1547 4207 1897 4277 Aristarcho,
1928 4211 2082 4268 the—

501 4294 666 4359 done,
702 4303 757 4350 et
786 4294 854 4349 de
906 4295 1144 4366 singulis
1180 4296 1629 4369 hominibus,qui
1679 4308 1812 4355 sunt
1857 4301 2080 4368 inﬁniti,

499 4389 557 4438 ut
585 4397 818 4438 numero
848 4383 1198 4451 diﬂ'erenles,
1232 4385 1591 4456 praedicatur,
1622 4395 1680 4444 et
1705 4389 2079 4447 deﬁnitionem

501 4481 673 4529 totam
705 4473 763 4529 in
796 4489 857 4529 se
896 4490 1084 4530 veram
1114 4476 1321 4532 servat.

2171 3297 2268 3351 ml.
2288 3296 2651 3370 διαφερόντων
2679 3296 2756 3368 τῷ
2788 3296 3034 3368 ἀριθμῷ,
3065 3299 3125 3350 ἐν
3155 3294 3235 3363 τῷ
3254 3281 3324 3349 τί
3351 3295 3477 3346 ἔστι
3543 3305 3735 3355 κατηγοε

2175 3388 2458 3462 ρούμενον,
2478 3389 2564 3459 ἐφ’
2587 3387 2782 3443 ἑαυτοῦ
2814 3389 2913 3459 μιν
2942 3387 3198 3459 ψεύδεται
3219 3399 3234 3415 ⁸
3260 3386 3369 3440 ἐπὶ
3404 3384 3466 3438 δὲ
3500 3381 3591 3436 τοῦ
3618 3379 3735 3450 φιλο-

2176 3481 2421 3553 σοφικοῢ,
2448 3481 2573 3537 καθ’
2601 3475 2666 3537 οὗ
2691 3481 2968 3543 τάττεται.
3007 3480 3198 3551 σαφῶς
3235 3477 3548 3551 ἀληθεύει,
3582 3472 3731 3534 καθὼς

2176 3573 2409 3645 ἐφημεν.
2462 3572 2535 3627 Τὸ
2572 3570 2684 3641 γὰρ
2718 3566 2858 3634 εἶδος
2888 3612 2904 3636 ,
2951 3568 3099 3624 τοῦτ’
3139 3568 3290 3622 ἔστιν
3313 3608 3332 3634 ,
3378 3567 3416 3637 ὴ
3457 3558 3733 3621 δισύλλαύος

2174 3664 2316 3737 αὕτη
2351 3663 2519 3732 λέξις,
2566 3663 2669 3718 οὐκ
2701 3661 2770 3717 ἂν
2793 3663 2851 3716 ὲν
2884 3660 2965 3732 τῷ
2995 3662 3047 3715 τί
3074 3664 3193 3715 ἐστι
3226 3657 3600 3728 κατηγοροῖτο
3622 3650 3729 3704 κατὰ

2177 3756 2460 3820 πλειόνων,
2504 3755 2599 3809 καὶ
2639 3752 3011 3825 διαφερόντων
3045 3751 3126 3822 τῷ
3162 3749 3419 3822 ἀριθμῷ,
3460 3745 3537 3809 ὡς
3581 3746 3607 3798 ό
3644 3744 3731 3810 ὀρι-

2180 3846 2315 3918 σμδς
2349 3843 2691 3916 διαγορεύει·
2726 3841 2857 3897 ἀλλ’
2890 3843 2948 3896 ἑν
2988 3841 3069 3912 τῷ
3109 3838 3392 3911 ἀνθρώπῳ
3424 3833 3727 3906 δειχθήσεται

2177 3937 2351 4001 οὕτως
2382 3935 2684 4007 ἀληθεύων.
2717 3928 2791 3987 ’0
2803 3939 2913 4004 γάρ
2936 3932 3224 4005 ἄνθρωπος
3250 3930 3398 3985 κατά
3423 3924 3730 3996 Σωκράτηυς.

2181 4033 2273 4087 καὶ
2302 4028 2607 4093 Πλάτωνος,
2638 4026 2734 4081 καὶ
2773 4023 3133 4096 ’Δριστάρχου
3154 4062 3171 4089 ,
3219 4021 3317 4077 καὶ
3349 4019 3629 4080 Φαίδωνος,
3656 4010 3730 4067 καὶ

2180 4122 2287 4177 τῶν
2312 4120 2457 4176 κατὰ
2478 4119 2644 4192 μέρος
2682 4116 3010 4190 ἀνθρώπων,
3037 4115 3239 4179 οἵτινες
3283 4111 3502 4187 ἄπειροι
3538 4124 3593 4163 τε
3620 4104 3725 4158 καθ·

2182 4215 2521 4286 εστήκασιν,
2588 4211 2685 4264 καὶ
2751 4207 2973 4281 ἀριθμῷ
3057 4207 3450 4278 διαφέρουσιν,
3530 4212 3726 4267 κατηγο-

2189 4310 2387 4380 ρεῖται,
2440 4305 2536 4359 καὶ
2587 4303 2681 4359 τὸν
2730 4302 2855 4375 ὅρον
2903 4299 3026 4353 ὅλον
3073 4298 3135 4353 ὲν
3192 4297 3376 4369 ἑαυτῷ
3424 4293 3579 4359 σώζει
3620 4289 3724 4354 diu.

2185 4398 2436 4453 θεύοντα.

575 4561 846 4621 Praeterea
875 4566 1057 4623 omnis
1107 4582 1218 4634 res,
1243 4568 1313 4624 de
1342 4583 1454 4640 qua
1484 4571 1693 4627 dicitur
1708 4570 1924 4643 species
1954 4588 2069 4644 spe-

2260 4576 2377 4630 Πᾶν
2400 4574 2635 4645 πρᾶγμα
2671 4572 2795 4626 καθ’
2836 4564 2900 4626 οὗ
2930 4570 3191 4625 τάττεται
3224 4571 3287 4626 τὸ
3322 4570 3648 4625 εἰδικώτατον
3664 4555 3719 4612 εἴ·

505 4656 828 4724 cialissima,
865 4670 1157 4729 postquam
1181 4660 1393 4718 dicitur
1409 4665 1647 4734 species,
1672 4674 1872 4721 natura
1913 4669 2082 4722 etiam

503 4755 562 4803 et
593 4751 899 4806 substantia
958 4754 1300 4810 nominatur.
1367 4754 1445 4811 Ex
1496 4772 1609 4827 quo
1644 4756 1710 4812 fit
1741 4798 1757 4823 ,
1829 4766 1891 4812 ut
1933 4773 2084 4827 quae-

505 4854 723 4910 cunque
741 4841 1026 4909 aequaliter
1045 4859 1166 4899 eam
1196 4846 1435 4915 speciem
1459 4848 1816 4918 participant,
1835 4848 2086 4918 ejusdem

505 4934 719 4985 naturae
768 4938 825 4985 et
856 4932 1107 5001 eiusdem
1161 4935 1492 4992 substantiae
1540 4953 1667 4994 esse
1704 4939 1989 5006 dicantur,
2027 4947 2091 4996 ut

475 5021 715 5108 .homo;
766 5024 1103 5093 praedicatur
1131 5026 1279 5082 enim
1328 5027 1398 5083 de
1446 5028 1543 5084 illo
1592 5031 1806 5101 species
1876 5032 2086 5088 inﬁma.

510 5113 781 5179 Quocirca
815 5117 980 5172 simul
1009 5124 1180 5190 atque
1214 5121 1432 5190 species
1464 5129 1715 5188 vocatur,
1751 5133 1983 5180 vocatur
2037 5135 2092 5180 et

510 5214 708 5260 natura
734 5216 789 5263 et
818 5208 1135 5266 substantia
1162 5221 1420 5282 respectu
1454 5215 1728 5281 omnium,
1766 5216 1834 5271 de
1884 5216 2092 5286 quibus

470 5266 483 5350 θ
512 5300 879 5368 praedicatur;
936 5266 1281 5371 praedicaturr
1302 5266 1845 5375 γ

514 5389 746 5461 Joanne,
815 5404 870 5449 et
919 5393 987 5446 de
1036 5395 1270 5465 singulis
1330 5397 1648 5455 hominibus
1699 5400 1793 5469 qui
1850 5400 2090 5470 speciem

516 5485 801 5552 aequaliter
827 5487 1183 5556 participant.
1218 5487 1375 5545 Unde
1402 5491 1496 5559 qui
1533 5492 1737 5560 speciei
1775 5493 2091 5563 subjiciun-

2189 4669 2299 4733 δος,
2338 4666 2479 4736 μετά
2514 4665 2578 4719 τὸ
2615 4664 2874 4734 λέγεσθαι
2909 4660 3079 4733 εἶδος,
3138 4664 3301 4734 φύσις
3344 4681 3407 4717 τε
3445 4654 3718 4730 όνομάζετκι

2192 4763 2289 4814 καὶ
2318 4759 2497 4812 οὐσία.
2542 4757 2634 4811 Διὸ
2671 4756 2772 4811 καὶ
2836 4758 3015 4811 πάντα
3050 4757 3155 4809 ὅσα
3192 4755 3389 4824 ἐπίσης
3430 4748 3584 4806 αὐτοῦ
3623 4758 3718 4814 μετ’

2176 4848 2647 4922 ἑχουσιν,ὁμοφυῆ
2666 4864 2727 4902 τε
2758 4847 3001 4916 λέγεται,
3034 4847 3130 4899 καὶ
3157 4845 3423 4916 ὁμοούσια
3440 4885 3454 4908 ,
3481 4836 3624 4894 οἷονό
3652 4835 3716 4888 ἄν·

2190 4946 2444 5015 θρωπος·
2492 4942 2754 4996 τάττεται
2801 4940 2914 5010 γὰρ
2968 4939 3090 4992 κατ’
3134 4937 3302 4991 αὐτοῦ
3328 4938 3390 4991 τὸ
3430 4930 3717 4990 εἰδικώτατον

2188 5033 2347 5099 εἶδος.
2377 5033 2540 5088 Ὅθεν
2574 5032 2672 5086 σὺν
2701 5030 2782 5103 τῷ
2808 5029 3072 5100 λέγεσθαι
3106 5025 3267 5093 εἶδος,
3296 5029 3392 5082 καὶ
3422 5025 3566 5097 φύσις
3597 5019 3713 5084 λέγε-

2188 5147 2301 5194 ται,
2328 5128 2424 5181 καὶ
2448 5124 2610 5180 οὐσία
2625 5126 2793 5179 πᾶσιν
2827 5126 2942 5188 τοῖς
2960 5124 3083 5178 καθ’
3103 5116 3180 5178 ὧν
3212 5121 3602 5194 κατηγορεῖται·
3626 5123 3715 5163 κατ·

2190 5222 2471 5292 ηγορεῖται
2491 5217 2597 5287 γὰρ
2613 5216 2845 5288 Πέτρου,
2867 5216 2964 5271 καὶ
2979 5215 3216 5278 Παύλου,
3243 5215 3338 5268 καὶ
3367 5212 3611 5268 Ἰωάννου,
3643 5196 3712 5251 κιὶ

2199 5312 2308 5365 τῶν
2324 5309 2448 5364 καθ’
2464 5308 2675 5362 ἕκαστα
2695 5307 2794 5361 ἀνθ
2801 5306 3003 5380 ρώπων
3025 5346 3041 5372 ,
3061 5309 3111 5359 οἱ
3133 5306 3228 5361 καὶ
3242 5306 3435 5374 ἐπίσης
3449 5295 3592 5355 αύτοῦ
3621 5305 3714 5362 μετ·

2200 5402 2436 5473 ἐχουσινο
2455 5399 2579 5453 ὅθεν
2601 5397 2698 5453 ἆτε
2715 5398 2758 5430 ⁵*
2774 5397 2893 5452 κατ’
2920 5394 3084 5451 αὑτοῦ
3101 5397 3253 5460 ὄντες
3276 5396 3412 5450 foot“
3435 5387 3707 5473 ὁμοφυεῖς

2204 5467 2299 5547 καὶ
2321 5491 2623 5563 ὁμοούσιοι.
2647 5490 2833 5545 Πάντα
2856 5491 2956 5545 ὅσα
2980 5489 3122 5545 κατά
3145 5489 3377 5560 πρᾶγμά
3396 5490 3524 5542 ἐστιν
3540 5467 3708 5529 ἴσακιθ⁹

519 5580 628 5641 tur,
666 5574 908 5643 ejusdem
938 5587 1153 5634 naturae
1187 5588 1314 5636 sunt
1340 5596 1404 5637 ac
1436 5582 1776 5638 substantiae.
1807 5583 1940 5650 Qua:
1964 5599 2069 5639 verr

2206 5583 2241 5638 ἆ
2268 5583 2521 5637 τάττεται
2553 5581 2615 5634 τὸ
2638 5580 2814 5649 γένος,
2850 5581 2909 5633 ού
2944 5580 3162 5643 πάντως
3214 5580 3310 5634 καὶ
3350 5573 3542 5651 ὁμοφυῆ
3568 5562 3700 5632 ὑπέρ·

1793 5760 2030 5817 VARUS
2080 5757 2493 5818 LECTIONES.

606 5845 650 5880 ⁸·
697 5845 833 5903 oin.
906 5852 928 5886 ⁸
970 5852 1123 5909 εἰσιν,
