3934 6468
167 450 339 518 1473
1600 450 1720 512 OPl

1903 450 2014 510 LA.
3325 441 3345 504 1
3362 446 3456 510 4⁵14

157 578 300 630 χει,
339 561 461 615 οὐδὲ
489 559 775 631 ὁμοούσια.
802 557 882 613 Τὰ
916 558 972 611 δὲ
995 557 1123 611 ὄντα
1157 558 1220 610 ὲκ
1250 555 1360 609 τῶν
1400 555 1521 609 καθ’
1548 549 1621 610 ὢν
1650 575 1710 609 κα

1979 554 2186 610 undum
2237 568 2350 608 rem
2386 559 2512 607 sunt
2541 553 2795 622 aequalia,
2841 551 2910 606 de
2939 551 3142 622 quibus
3173 568 3345 624 genus
3378 555 3462 608 di-
3521 623 3526 627 _

159 655 482 723 ηγορετται
510 693 524 715 ,
572 653 791 721 ὁμοφυῆ
826 651 925 704 καὶ
966 650 1232 719 ὁμοούσια
1254 690 1268 714 ,
1324 649 1383 701 οὐ
1415 649 1504 701 διὰ
1549 649 1608 702 τὸ
1640 645 1712 700 εἶν

1908 648 2052 710 :itur,
2104 660 2215 699 non
2265 660 2492 699 necesse
2545 653 2630 699 est
2674 659 2798 699 esse
2845 644 3091 712 ejusdem
3143 655 3352 700 naturae
3407 657 3461 702 et

161 746 323 796 κατ’
385 745 566 797 αὐτῶν
598 746 618 775 ⁷
655 744 743 796 ῐσα
777 745 992 812 ὁμοφυῆ
1023 744 1138 794 ἐστι
1188 742 1281 794 καὶ
1315 741 1574 810 ὁμοούσια
1597 758 1610 771 ·
1644 741 1709 793 ἀλ

1910 737 2234 791 ubstantize.
2272 735 2406 802 Quae
2457 743 2642 789 autem
2681 745 2814 790 sunt
2862 737 3105 805 ejusdem
3159 749 3368 791 natura:
3411 749 3463 791 et

168 832 395 904 ἐπειδὴ
424 833 566 885 κατὰ
594 831 655 884 τὸ
677 831 767 884 ὑπ’
797 831 975 884 αὐτῶν
1007 828 1356 882 εἰδικώτατον
1386 825 1526 891 εἶδος
1557 831 1670 890 ἴσα,
1701 829 1721 880 ε

1907 827 2234 889 ,ιιὴειεηιίεῐξ,
2258 825 2325 880 de
2358 826 2563 894 quibus
2595 826 2938 895 praedicatur
2971 843 3162 896 genus,
3195 844 3303 881 non
3335 831 3460 896 quia

164 922 304 972 πᾶν
339 923 588 992 πρᾶγμα,
618 921 741 974 καθ’
769 916 844 974 ὧν
869 921 891 952 ⁸
920 921 1174 972 τάττεται
1197 919 1259 972 τὺ
1289 920 1465 988 γένος,
1506 921 1606 972 οὐκ
1636 921 1717 972 ἔστ

1905 927 2013 972 umt
2043 917 2280 987 aequalia
2337 917 2639 972 secundum
2671 931 2866 986 genus,
2901 918 3108 972 idcirco
3145 927 3276 973 sunt
3303 921 3458 985 ejus-

167 1013 384 1081 φύσις,
417 1014 539 1066 οὐδὲ
567 1015 726 1066 οὐσία
747 1014 845 1076 τὰς
870 1015 890 1044 ⁹
918 1013 1009 1065 ὑπ’
1033 1011 1205 1081 αὐτῷ,
1228 1006 1362 1071 οἷον,
1385 1011 1526 1063 κατὰ
1552 1011 1612 1062 τὸ
1644 1010 1720 1073 ζῶ

1909 1009 2004 1064 lem
2065 1016 2274 1062 natura:
2336 1017 2391 1063 et
2443 1009 2808 1075 substantiae,
2861 1009 2957 1063 sed
2981 1011 3108 1080 quia
3163 1011 3462 1065 secundum

165 1105 339 1156 εἰσιν
368 1105 494 1171 ἴσοι,
529 1104 837 1175 ἄνθρωπος,
873 1105 1058 1166 ἵππος,
1091 1101 1238 1172 βοῦς,
1266 1102 1424 1164 λέων,
1450 1103 1608 1172 εἴπερ
1630 1101 1718 1153 ὁντ

1907 1103 2145 1171 ιρεοίεῐη,
2183 1115 2306 1170 qua:
2333 1099 2478 1154 inira
2508 1115 2687 1169 genus
2722 1109 2828 1163 est,
2866 1111 2994 1155 sunt
3023 1103 3278 1172 aequalia.
3312 1102 3460 1168 Quo-

173 1197 515 1265 ὁμογενεῖς,
555 1197 658 1248 οὐκ
684 1197 823 1248 εἰσὶν
848 1196 1130 1264 ὁμοφυεῖς,
1152 1194 1274 1247 οὐδὲ
1290 1193 1583 1263 ὁμοούσιοι,
1619 1193 1726 1244 ’⁷06

1910 1191 2034 1244 :irca
2099 1191 2168 1244 de
2216 1190 2420 1260 quibus
2483 1191 2690 1244 dicitur
2739 1205 2930 1260 genus,
2991 1207 3104 1245 non
3152 1202 3236 1246 est
3293 1209 3463 1262 genus

167 1287 242 1338 τὸ
283 1285 438 1350 ζῶον
471 1287 590 1339 ἐστι
614 1287 712 1356 μὲν
741 1285 916 1352 γένος,
942 1284 1043 1336 οὐκ
1068 1284 1182 1336 ἐστι
1217 1283 1276 1336 ’δὲ
1310 1283 1473 1352 φύσις
1497 1282 1630 1353 ('50),
1661 1282 1720 1334 οὐ

1909 1297 2072 1337 :orum
2092 1293 2286 1337 natura
2331 1289 2385 1336 et
2409 1282 2741 1348 substantia,
2763 1283 2918 1336 verbi
2939 1283 3136 1350 gratia,
3160 1285 3462 1338 secundum

167 1378 387 1435 οὐσία.
426 1379 489 1432 Ἠ
522 1378 702 1442 οὐσία,
735 1378 768 1446 ἡ
793 1377 928 1446 μετὰ
962 1375 1070 1428 τῶν
1093 1374 1400 1442 φιλοσόφων
1436 1374 1629 1444 φωνῶν
1655 1390 1720 1425 τα

1910 1373 2111 1435 mimal,
2142 1372 2288 1443 quod
2309 1381 2393 1427 est
2415 1388 2610 1442 genus,
2637 1373 2875 1441 aequales
2893 1382 3020 1428 sunt
3054 1374 3242 1440 homo,
3263 1390 3463 1443 equus,

166 1470 430 1539 τομένη,
475 1464 565 1541 ἦςζ
595 1471 624 1521 ὁ
651 1469 776 1538 ὂρος
815 1467 1054 1538 πρᾶγμα
1096 1463 1504 1535 αὐθύπαρκτον,
1551 1464 1624 1534 μὴ
1668 1465 1719 1516 δε

1908 1479 2008 1530 )OS,
2042 1465 2152 1528 leo,
2185 1481 2310 1535 quae
2346 1464 2574 1533 quidem
2612 1473 2740 1518 sunt
2781 1465 3023 1530 ejusdem
3066 1467 3308 1534 generis.
3369 1470 3461 1520 sed

172 1576 371 1630 μενον
400 1560 588 1629 ἑτέρου
620 1557 757 1630 πρὸς
804 1559 1062 1611 σύστασιν
1087 1596 1102 1622 ,
1145 1555 1261 1608 ἐστι
1298 1556 1396 1624 μὲν
1435 1555 1591 1623 γένος
1619 1558 1725 1607 πᾶα

1911 1570 1995 1609 ton
2020 1556 2265 1626 ejusdem
2295 1564 2526 1620 natura},
2547 1569 2723 1623 neque
2754 1553 2914 1624 353
2941 1555 3284 1610 substantiae.
3307 1554 3464 1613 Unde

164 1655 301 1714 τοῖς
332 1651 434 1703 ὑπ’
469 1650 660 1719 αὐτὴν,
691 1648 988 1719 ἐπειδήπερ
1017 1648 1115 1701 ὅσα
1148 1647 1270 1701 κατ’
1297 1647 1470 1715 αὐτῆς
1496 1649 1644 1699 ἐστιν
1672 1646 1717 1698 i'a

2014 1650 2092 1702 nal
2126 1657 2208 1703 est
2235 1648 2460 1718 quidem
2515 1661 2709 1718 genus,
2744 1660 2854 1699 non
2892 1655 3073 1700 autem
3113 1656 3332 1709 natura,
3366 1666 3462 1703 nc-
3563 1707 3567 1710 ,

164 1744 444 1812 ὁμογενῆ
481 1741 701 1802 πάντως
747 1741 884 1805 ἐστὶ,
933 1741 1029 1794 καὶ
1081 1738 1338 1807 λέγεται’
1393 1739 1454 1792 οὐ
1498 1738 1606 1810 μὴν
1645 1739 1717 1792 αὐη

1911 1759 1995 1812 [ue
2024 1742 2355 1798 substantia.
2390 1739 2719 1797 Substantia
2755 1740 2870 1806 illa,
2903 1756 3028 1810 qua:
3053 1741 3119 1795 ad
3157 1757 3320 1796 voces
3342 1744 3464 1812 phi-

172 1838 347 1888 ἐστιν
380 1833 560 1896 οὐσία,
594 1833 721 1886 οὔτε
748 1832 944 1901 φύσις’
985 1830 1046 1884 οὺ
1080 1831 1260 1887 πάντα
1302 1830 1413 1901 γὰρ
1451 1830 1518 1884 τὰ
1546 1832 1666 1882 κατ’
1691 1848 1725 1884 α

1913 1835 2200 1905 osopliieas
2260 1835 2518 1903 pertinet,
2569 1847 2734 1901 quam
2770 1832 3061 1897 deﬁniunt,
3105 1849 3216 1887 rem
3263 1849 3358 1902 per
3406 1850 3466 1888 se

173 1931 292 1996 τὴν
346 1927 446 1979 ἴσα
478 1890 574 1979 καλ.
616 1890 1064 1995 ὁμοοὸσιὰῠὲστι,
1109 1922 1204 1975 καὶ
1236 1890 1475 1990 ὁμοφυῆ,
1519 1925 1596 1984 ὡς
1621 1925 1726 1974 πᾶα

1911 1926 2267 1988 ιχείειειιιεηι,
2303 1940 2412 1978 non
2449 1922 2786 1994 indigentem
2834 1925 2964 1990 alio,
2995 1931 3055 1976 ut
3083 1922 3338 1986 exsistat,
3380 1933 3464 1978 cst

178 2018 453 2088 εὔδηλον.
487 2016 618 2069 Ἰδοὺ
643 2015 751 2085 γὰρ
773 2014 1079 2084 ἄνθρωπος,
1105 2012 1199 2064 καὶ
1231 2013 1263 2082 ἡ
1293 2011 1413 2081 ῥοὰ,
1435 2011 1529 2062 καὶ
1561 2013 1590 2063 ὁ
1617 2010 1731 2064 λίθο

1907 2016 2106 2086 juidem
2170 2030 2345 2086 genus
2407 2028 2597 2068 eorum
2649 2013 2925 2078 omnium,
2966 2027 3090 2082 quae
3143 2011 3285 2066 intra
3342 2030 3460 2067 eam

180 2110 320 2163 κατ’
363 2107 536 2178 αὐτὴν
566 2105 665 2176 τὴν
693 2105 903 2170 οὐσίαν,
939 2104 1075 2156 εἰσὶν
1124 2101 1214 2154 ῐσα
1236 2118 1249 2132 ·
1289 2102 1504 2171 δέχεται
1537 2101 1645 2172 ¹γὰρ
1669 2100 1732 2153 ἐκ

1912 2115 2039 2170 lunt,
2068 2106 2340 2176 siquidem
2373 2118 2714 2174 quaecunque
2746 2103 3043 2156 secundum
3079 2103 3253 2171 ipsam
3277 2119 3465 2172 aequa-

184 2218 326 2254 στον
354 2202 562 2253 τούτων
582 2198 643 2251 τό
665 2214 722 2250 τε
747 2196 943 2266 ὄνομα,
963 2193 1158 2248 καὶτὸν
1184 2193 1308 2263 ὅρον
1335 2193 1434 2262 τῆς
1466 2193 1673 2255 οὐσίας·
1690 2193 1737 2246 oi

1914 2197 1960 2249 ia
2025 2203 2175 2260 sunt,
2220 2196 2450 2248 omnino
2501 2193 2749 2261 ejusdem
2801 2193 3019 2262 generis
3076 2191 3358 2258 dicuntur,
3414 2207 3467 2248 et

184 2293 309 2345 εἰσὶ
340 2292 402 2344 δὲ
433 2289 607 2344 ταῦτα
654 2286 941 2358 ὁμοούσια,
977 2284 1100 2338 οὐδὲ
1148 2283 1384 2354 ὁμοφυῆ.
1419 2283 1510 2335 Διὸ
1573 2284 1606 2353 ὴ
1658 2301 1737 2353 πρι

1911 2287 2048 2347 lunt;
2083 2295 2194 2334 non
2229 2289 2410 2334 tamen
2461 2288 2548 2334 est
2584 2294 2777 2333 eorum
2814 2287 3011 2333 natura
3045 2288 3101 2335 et
3132 2282 3464 2346 substantia,

185 2382 474 2454 εἰρημένη
491 2380 647 2434 οὐσία
667 2378 823 2448 γένος
850 2378 948 2448 μέν
966 2377 1083 2429 ἐστι
1101 2374 1325 2438 τούτων,
1343 2373 1540 2443 μᾶλλον
1566 2373 1622 2426 δὲ
1644 2391 1736 2444 γεν

1913 2370 2022 2438 juia
2073 2384 2184 2423 non
2231 2371 2440 2437 omnia,
2487 2385 2611 2439 qua:
2663 2374 2968 2424 secundum
3027 2372 3197 2442 ipsam
3234 2375 3466 2445 aequalia

184 2473 456 2525 κώτατον
509 2470 703 2540 γένος·
759 2469 861 2522 οὐκ
907 2467 1023 2520 ἔστι
1062 2465 1125 2519 δὲ
1176 2463 1338 2535 φύσις
1397 2463 1610 2528 αὐτῶν,
1667 2463 1737 2515 obl

1915 2468 2046 2524 sunt,
2075 2458 2324 2528 ejusdem
2365 2469 2581 2516 natura:
2633 2469 2687 2516 et
2715 2461 3046 2517 substantiae
3085 2475 3235 2527 sunt,
3268 2477 3326 2520 ut
3351 2482 3468 2520 om-

187 2564 389 2617 οὐσία,
1627 2586 1641 2596 .
1899 2549 2063 2605 nibus
2083 2557 2168 2606 est
2186 2549 2557 2607 manifestum.
2585 2551 2765 2607 Homo
2780 2555 2947 2620 enim,
2979 2563 3034 2608 et
3049 2556 3227 2610 malus
3251 2559 3471 2626 punica,

183 2661 248 2710 et
276 2653 431 2724 lapis
456 2651 764 2709 secundum
827 2650 1006 2722 ipsam
1056 2647 1430 2704 substantiam
1493 2645 1722 2716 aequalia
1783 2649 1952 2706 sunt;
1993 2641 2124 2711 quia
2176 2643 2433 2712 quodque
2489 2644 2689 2715 recipit
2741 2659 2939 2699 nomen
2992 2654 3046 2699 et
3097 2646 3469 2701 deﬁnitionem

187 2744 567 2810 substantiae;
616 2757 726 2797 non
777 2747 909 2797 sunt
949 2747 1138 2794 tamen
1187 2737 1433 2806 ejusdem
1474 2747 1686 2791 naturae
1736 2741 1792 2790 et
1832 2732 2183 2788 substantia.
2217 2732 2399 2800 Quare
2425 2734 2735 2790 substantia
2763 2736 3046 2804 proposita
3111 2753 3286 2806 genus
3343 2739 3472 2810 qui-

185 2838 326 2890 dem
390 2835 592 2888 horum
660 2839 766 2896 est,
825 2831 936 2884 imo
1002 2842 1176 2897 genus
1237 2828 1754 2898 generalissimum;
1795 2839 1905 2879 non
1943 2833 2123 2878 tamen
2155 2832 2242 2880 est
2272 2834 2472 2880 natura
2501 2840 2715 2892 eorum,
2780 2841 2961 2896 neque
3026 2828 3365 2884 substantia.

276 2925 653 2996 Ὠμολόγηται
681 2923 866 2978 τοίνυν
901 2921 1069 2991 διχῶς
1095 2920 1354 2990 λέγεσθαι
1387 2921 1450 2973 τδ
1481 2920 1656 2990 δνομα
1682 2919 1784 2986 τῆς

1960 2916 2142 2982 Quare
2171 2930 2364 2971 omnes
2388 2918 2732 2984 concedunt,
2782 2918 3081 2987 dupliciter
3110 2919 3220 2974 dici
3273 2937 3469 2976 nomen

182 3019 426 3080 οὐσίας,
459 3015 693 3084 λογικῶς
721 3014 842 3085 ἅμα
897 3016 994 3067 καὶ
1037 3011 1438 3082 φιλοσοφικῶς·
1487 3011 1679 3074 ἁπλῶς
1728 3013 1735 3060 t‘

1919 3008 2245 3073 .ubstantiae,
2284 3009 2462 3078 logice
2517 3016 2572 3063 et
2603 3009 3000 3079 philosophice,
3032 3017 3088 3064 et
3117 3021 3175 3063 ut
3209 3011 3472 3082 simplici-

186 3078 392 3176 φάναι-
412 3078 724 3176 πᾶννὸνομα
754 3078 1102 3174 φιλοπφικὸν
1124 3078 1322 3173 ἃμα-τὺ
1351 3100 1626 3171 λέγεσθαι,
1648 3117 1739 3171 παι

1920 3115 1980 3156 er
2006 3101 2210 3166 dicam,
2236 3115 2400 3156 omne
2429 3117 2630 3156 nomen
2671 3101 3134 3173 pliil050phicum,
3177 3105 3361 3157 statim
3414 3113 3473 3157 ut

187 3203 316 3271 έχει
351 3199 444 3268 τῷ
489 3185 750 3251 ἀκούοντι
791 3196 903 3248 τῶν
956 3194 1128 3247 ὅντων
1180 3211 1234 3248 τι
1263 3196 1404 3247 νοεῖν
1443 3193 1740 3264 ὡρισμένωι

1918 3192 2114 3259 licitur,
2156 3192 2311 3257 facit,
2348 3203 2408 3248 ut
2435 3193 2529 3263 qui
2557 3193 2729 3257 audit,
2779 3195 2984 3264 aliquid
3013 3193 3149 3247 certi
3181 3202 3234 3248 et
3263 3195 3471 3248 deﬁniti

190 3291 627 3364 ἀφαιρουμένης
655 3291 748 3344 ἀπ’
789 3287 974 3349 αὐτοῦ.
1003 3289 1166 3358 δῆλον
1199 3289 1280 3341 ὅτι
1310 3288 1411 3356 τῆς
1447 3288 1743 3358 ὁμωνυμία‹

1920 3285 2186 3355 ntelligat,
2218 3293 2429 3340 remota
2463 3287 2675 3342 scilicet
2717 3287 2784 3341 ab
2816 3302 2882 3341 eo
2924 3286 3302 3356 homonymia,
3351 3303 3473 3356 quae

194 3385 354 3438 ὥστε
387 3381 554 3452 μηδὲν
583 3380 770 3451 ἕτερον
798 3379 858 3443 ἐξ
889 3378 1055 3432 αὐτοῦ
1089 3377 1330 3432 νοεῖσθαι
1351 3378 1610 3433 δύνασθαι
1639 3395 1747 3450 παρ

1920 3377 2259 3447 equivoeatio
2293 3377 2406 3432 dici
2436 3377 2617 3444 solet;
2660 3378 2733 3431 ita
2767 3385 2827 3431 ut
2871 3376 3009 3431 nihil
3045 3377 3194 3430 aliud
3243 3379 3473 3448 intelligi

198 3475 265 3528 τὸ
315 3474 557 3542 πρᾶγμα
611 3471 675 3525 τὸ
712 3469 1063 3542 ὁριζόμενον·
1097 3465 1228 3534 οἷον,
1275 3470 1328 3523 εῐ
1368 3486 1454 3532 τις
1485 3469 1546 3522 τὸ
1582 3469 1751 3540 ᾶνθριι

1920 3485 1960 3523 α
1993 3484 2058 3523 eo
2092 3469 2266 3538 possit
2306 3477 2502 3539 praeter
2530 3483 2644 3523 rem
2677 3468 2983 3532 deﬁnitam,
3009 3477 3068 3521 ut
3099 3467 3142 3522 si
3177 3469 3300 3538 quis
3326 3469 3473 3522 dicat

200 3582 309 3629 πος
366 3564 542 3634 ὄνομα
591 3563 763 3632 φαίη,
828 3560 1018 3614 θᾶττον
1084 3563 1114 3614 ὁ
1176 3560 1528 3633 ἀκροώμενος
1578 3561 1753 3630 ὁριστὸ

1917 3574 2000 3614 ioc
2029 3575 2225 3614 nomen
2269 3561 2449 3625 homo,
2476 3560 2742 3614 continuo
2775 3559 2864 3628 qui
2897 3559 3067 3622 audit,
3111 3573 3223 3612 rem
3265 3567 3470 3613 certam

206 3657 458 3726 πρᾶγμα
513 3655 645 3719 νοεῖ,
687 3652 834 3707 τοῦτ’
873 3652 988 3706 ἐστι
1026 3653 1164 3716 ζῶον
1197 3653 1415 3720 λογικὸν
1449 3653 1666 3722 θνητὸν,
1697 3669 1757 3705 νο

1920 3653 2192 3721 ntelligit,
2240 3652 2440 3705 animal
2503 3653 2718 3706 scilicet
2779 3651 3012 3705 rationis
3075 3650 3354 3720 particeps
3419 3659 3473 3704 et

205 3746 306 3796 καὶ
343 3743 662 3812 ἐπιστήμης
709 3741 998 3796 δεκτικόν’
1042 3743 1194 3796 οὐδὲν
1226 3743 1354 3796 ἄλλο
1396 3742 1695 3810 δυνάμενος
1729 3743 1756 3794 ὲ

1924 3746 2165 3811 nortale;
2232 3760 2410 3814 neque
2467 3754 2647 3815 potest
2682 3745 2828 3798 aliud
2882 3743 3163 3814 quippiam
3231 3759 3298 3798 ex
3356 3746 3477 3814 ipso

202 3833 306 3887 τοῦ
357 3832 652 3902 ἄνθρωπος
697 3833 962 3901 ὀνόματος
1011 3833 1460 3898 καταλαϐέσθαι,
1509 3833 1651 3902 πλὴν
1695 3849 1755 3886 το

1921 3838 2119 3892 nomine
2171 3836 2407 3890 hominis
2445 3836 2914 3905 comprehendere
2966 3844 3166 3902 prteter
3211 3851 3324 3891 rem
3376 3837 3474 3890 de-

206 3925 534 3998 ὁρισθέντος
585 3925 932 3995 πράγματος.
999 3926 1182 3979 Ἀπαν
1231 3925 1289 3978 δὲ
1352 3924 1566 3992 λογικὸν
1623 3925 1755 3995 ὁνομ

1924 3929 2130 3981 initam.
2196 3924 2372 3981 Omne
2418 3941 2550 3980 vero
2621 3941 2821 3980 nomen
2892 3926 3127 3996 logicum
3175 3927 3341 3983 habet
3373 3928 3477 3983 hoc

207 4017 536 4087 λεγόμενον,
558 4016 619 4070 οὐ
649 4015 832 4069 δίδωσι
858 4015 936 4086 τῷ
964 4015 1216 4069 ἀκούοντι
1242 4018 1382 4068 νοεῖν
1408 4033 1461 4067 τι
1495 4016 1604 4068 τῶν
1625 4015 1760 4068 ὁντω

1922 4019 2203 4087 imprium,
2237 4024 2297 4071 ut
2327 4032 2452 4071 cum
2482 4016 2709 4080 dicitur,
2743 4031 2852 4070 non
2892 4017 3150 4086 subjiciat
3176 4020 3344 4073 menti
3379 4035 3475 4073 att-

208 4108 514 4178 ἀορίστως,
551 4105 648 4159 ἆτε
686 4105 751 4176 δὴ
788 4105 884 4157 ἐπὶ
918 4105 1132 4158 πολλῶν
1166 4104 1260 4158 καὶ
1286 4103 1560 4172 διαφόρων
1609 4119 1761 4174 πραγ

1923 4112 2097 4165 lientis
2123 4109 2329 4179 aliquid
2372 4108 2450 4164 rei
2476 4117 2641 4165 certae
2689 4117 2744 4162 et
2769 4109 3030 4168 deﬁnitae.
3071 4111 3200 4180 quia
3250 4113 3303 4165 in
3336 4115 3476 4165 mul-

209 4201 407 4268 μάτων
478 4197 782 4266 τιθέμενον.
837 4191 965 4250 Οἷον
988 4238 1004 4262 ,
1051 4196 1113 4248 τὸ
1167 4191 1305 4260 εἶδος
1359 4194 1531 4264 ὄνομα
1579 4193 1762 4261 λογικὸ

1927 4204 1972 4257 is
2021 4210 2076 4254 et
2113 4199 2347 4256 diversis
2388 4200 2556 4255 rebus
2599 4200 2843 4268 ponitur.
2893 4199 2962 4255 Ut
2995 4217 3194 4256 nomen
3234 4203 3473 4272 logicum

211 4291 491 4361 ὑπάρχον,
536 4288 807 4358 πολλαχοῦ
859 4288 1315 4359 περιφερόμενον,
1355 4287 1452 4340 καὶ
1499 4286 1763 4339 ἐπιπίπτο

1920 4290 2134 4360 ιρεοίεε,
2165 4290 2312 4359 quod
2345 4290 2731 4358 multipliciter
2760 4290 3170 4356 circumfertur,
3207 4302 3260 4345 et
3289 4293 3340 4344 in
3374 4293 3473 4345 ho-

210 4382 306 4434 ἐπὶ
332 4380 652 4450 ἀνθρώπου,
686 4381 781 4433 καὶ
813 4380 1005 4443 ἵππου,
1037 4379 1132 4432 καὶ
1160 4377 1302 4447 βοὸς,
1335 4377 1431 4431 καὶ
1452 4375 1677 4447 χρυσοῦ,
1698 4393 1763 4429 κα

1921 4380 2123 4442 niuem,
2170 4392 2372 4448 equum
2398 4418 2413 4442 ,
2468 4377 2680 4441 bovem,
2711 4393 2924 4441 aurum,
2962 4378 3258 4443 circulum,
3295 4395 3474 4450 gram-

211 4474 444 4537 κύκλου,
497 4474 590 4526 καὶ
647 4473 1070 4544 γραμματικῆς,
1107 4471 1202 4523 καὶ
1232 4472 1325 4522 ἐπὶ
1375 4469 1668 4532 πλείστων,
1703 4486 1764 4523 κα

1923 4471 2181 4537 naticam,
2212 4445 2561 4541 plurimaque
2590 4471 2695 4525 alia
2728 4472 2913 4536 cadit,
2946 4487 3054 4525 non
3090 4472 3243 4537 sinit,
3295 4445 3354 4527 ut
3381 4488 3476 4526 au-

210 4567 612 4637 διαφερόντων,
645 4565 708 4618 οὐ
750 4568 1026 4635 συγχωρεῖ
1061 4563 1153 4616 τὸν
1181 4563 1456 4634 ἀκροατὴν
1485 4563 1761 4633 ὡρισμένο

1922 4563 2046 4618 litor
2071 4563 2279 4634 aliquid
2306 4563 2593 4616 deﬁnitum
2621 4563 2913 4632 intelligat.
2942 4561 3231 4630 Similiter,
3265 4565 3310 4618 si
3351 4567 3475 4635 quis

212 4673 276 4708 τι
296 4659 609 4711 κατανοεῖν.
657 4656 932 4717 Ὡσαύτως
965 4657 1015 4708 εί
1053 4655 1153 4725 μὲν
1195 4654 1346 4723 λέγοι
1377 4671 1461 4717 τις
1497 4653 1559 4706 τὸ
1590 4653 1765 4706 Παῦλο

1922 4650 2047 4705 licat
2080 4667 2278 4705 nomen
2307 4651 2512 4706 Paulus
2542 4652 2893 4723 liomonymia
2924 4652 3189 4706 nudatum
3217 4693 3232 4716 ,
3291 4656 3475 4709 statim

214 4748 414 4818 ὄνομα,
459 4747 562 4818 τῆς
586 4748 904 4818 ὁμωνυμίας
937 4746 1442 4816 ἐκκεκαθαρμένον,
1460 4747 1767 4815 παραχρῆμ

1926 4741 2278 4812 ntelligimus,
2306 4743 2460 4798 verbi
2491 4745 2665 4814 gratia
2685 4783 2700 4808 ,
2733 4759 2992 4814 magnum
3027 4744 3256 4799 Paulum
3293 4747 3479 4801 Eccle-

216 4840 462 4893 νοεῖσθαι
493 4838 728 4903 δίδωσιν,
762 4839 838 4902 ὡς
883 4840 1017 4907 φέρε
1051 4839 1250 4904 εἰπεῖν,
1291 4837 1384 4890 τὸν
1416 4837 1592 4906 μέγαν
1637 4837 1769 4891 Ἀπό

1926 4833 1997 4887 ia:
2029 4835 2308 4904 quondam
2339 4845 2749 4904 persecutorem
2769 4875 2784 4901 ,
2821 4851 2947 4890 cum
2978 4837 3100 4892 aliis
3127 4838 3479 4908 proprietati-

219 4931 430 4995 στολον,
463 4929 556 4982 τόν
586 4945 716 4982 ποτε
767 4931 870 4999 τῆς
909 4928 1241 4998 Ἐκκλησίας
1273 4927 1532 5000 διώκτην,
1575 4930 1671 4982 καὶ
1696 4928 1772 4982 τὰ.

1923 4942 2030 4991 ius,
2053 4927 2257 4996 quibus
2281 4928 2553 4998 signatur,
2579 4929 2648 4983 de
2679 4944 2789 4999 quo
2818 4931 3166 5000 propositum
3193 4939 3278 4985 est
3308 4932 3476 5000 loqui,

220 5024 386 5087 ἄλλας
450 5022 755 5092 ἰδιότητας,
809 5017 898 5084 αἷς
945 5018 1412 5092 χαρακτηρίζεται
1475 5022 1606 5092 περὶ
1656 5014 1716 5074 οὗ
1768 5044 1773 5068 ι

1923 5035 2026 5090 iure
2051 5020 2271 5090 quidem
2306 5022 2669 5091 proprietates
2711 5037 2990 5091 nunquam
3041 5022 3095 5075 in
3117 5022 3249 5076 ‘alio
3286 5023 3476 5077 insint.

223 5115 448 5179 σκοπὸς,
485 5115 690 5174 αἵτινες
730 5115 832 5167 οὐκ
879 5114 944 5169 ἄν
991 5131 1121 5166 ποτε
1149 5113 1243 5165 ἐπί
1297 5130 1444 5176 τινος
1493 5113 1654 5168 ἄλλου
1701 5114 1776 5182 γέ·

1928 5111 1962 5164 ii
1994 5111 2119 5180 quis
2150 5125 2282 5166 vero
2321 5112 2470 5165 dicat
2504 5127 2702 5167 nomen
2731 5113 2836 5167 hoc
2869 5113 3234 5175 individuum,
3271 5113 3481 5168 inﬁnite

224 5223 420 5260 νοιντο.
452 5207 516 5259 El.
547 5206 605 5258 δέ
638 5223 722 5268 τις
758 5205 958 5275 ἄτομον
982 5205 1127 5257 εἴποι
1162 5204 1334 5272 ὄνομα
1390 5205 1665 5273 περιθέον,
1703 5207 1777 5259 κα

1926 5203 2079 5258 'ertur
2105 5203 2158 5256 in
2188 5203 2400 5267 multis,
2432 5212 2491 5257 ut
2523 5204 2578 5258 iu
2603 5203 2794 5270 Paulo,
2823 5203 3010 5268 Petro,
3045 5206 3147 5259 hoc
3181 5219 3338 5274 equo,
3378 5205 3479 5261 hoc

1543 5380 1782 5436 VARIE.
1814 5380 2226 5438 LECTIONES.

298 5496 322 5530 τ
348 5497 536 5553 αὐτοῦ.
612 5500 633 5530 ⁸
664 5497 788 5551 καθ’
806 5492 867 5553 οὗ
918 5497 1013 5551 sed
1049 5495 1185 5551 ferri
1230 5504 1412 5568 potest
1451 5500 1617 5552 etiam
1655 5497 1828 5552 altera
1861 5497 2049 5555 lectio.
2124 5499 2145 5531 ⁹
2173 5497 2302 5551 τῶν.

1741 5651 1971 5709 ΝΟΤΕ.

307 5765 415 5837 (⁸50)
456 5765 670 5837 Accipit
703 5763 1259 5837 Theodorusnomen
1312 5771 1518 5817 naturae
1559 5771 1633 5837 et
1667 5765 1800 5818 sub—
1910 5764 2073 5826 ﬁmo;
2105 5779 2212 5837 quo
2243 5774 2403 5834 parto
2429 5765 2539 5820 duo
2563 5764 2817 5820 homines
2841 5772 2970 5837 sunt
2999 5762 3242 5831 ejusdem
3274 5770 3481 5818 natura:

242 5833 454 5890 stantia:
493 5833 755 5905 strictius,
790 5851 886 5905 pro
925 5835 1095 5906 gradu
1133 5835 1388 5890 nimirutn
1427 5833 1682 5904 specitico
1714 5837 1801 5888 iu-
1909 5846 1963 5890 et
1995 5833 2519 5903 consubstantiales,
2548 5851 2656 5891 non
2692 5845 2873 5889 autent
2902 5834 3067 5890 homo
3098 5843 3145 5887 ct
3175 5848 3350 5888 canis.
