3934 6492
493 418 631 485 H75

1713 414 2110 477 THEODORI
2170 414 2542 477 ABUCARE

3640 415 3745 481 tm

490 536 644 600 atho,
678 532 784 587 hoc
812 530 1046 597 circulo,
1076 538 1129 583 et
1153 526 1207 581 in
1241 522 1471 596 reliquis
1493 522 1749 580 similiter
1775 525 2074 580 individuis

2187 526 2642 595 περιφερόμενον,
2688 522 2960 593 ἁορξστως
3003 522 3447 595 παραδεὶκνυται
3494 525 3580 578 ἐπὶ
3628 531 3748 586 Παύ-

491 624 561 680 de
614 624 817 694 quibus
863 622 1091 677 dicitur.
1130 619 1271 679 Hinc
1317 619 1485 690 igitur
1511 630 1715 672 nomen
1754 628 1988 681 naturae,
2024 627 2081 672 et

495 714 827 771 substantiae
854 713 1035 784 logice
1062 718 1309 780 sumpta,
1339 719 1392 765 et
1434 724 1634 764 nomen
1674 708 1986 779 hypostasis
2011 724 2081 765 ex

494 806 899 874 vocibus,'quae
922 805 977 856 in
1003 802 1193 856 multis
1226 801 1445 856 inﬁnite
1473 807 1773 871 ponuntur,
1805 800 1861 855 id
1883 809 1990 867 est,
2012 816 2077 857 ex

492 897 721 951 vocibus
754 894 950 965 logicis
978 893 1273 965 perspicue
1310 904 1483 953 sunt.
1524 893 1672 947 sicut
1714 906 1916 946 nomen
1941 906 2076 961 spe-

491 988 628 1050 cies,
660 985 825 1057 354.
861 994 917 1040 et
943 984 1295 1040 individuum
1318 1025 1334 1049 ,
1392 990 1453 1037 ut
1501 982 1938 1038 demonstratum
1969 990 2077 1038 est.

491 1072 698 1129 Nomen
734 1075 880 1127 enim
922 1086 1133 1128 natura;
1182 1074 1237 1128 in
1274 1074 1523 1141 homine,
1557 1081 1613 1127 et
1646 1074 1701 1127 in
1727 1086 1891 1143 equo,
1923 1081 1980 1128 et
2020 1073 2077 1129 in

408 1216 411 1219 .
492 1180 650 1230 auro,
684 1172 739 1219 et
768 1164 823 1218 in
853 1164 1081 1233 reliquis
1112 1165 1362 1234 ponitur,
1395 1175 1448 1218 et
1478 1163 1858 1232 multipliciter
1880 1163 2075 1231 fertur,

491 1257 632 1309 sicut
669 1270 872 1309 nomen
900 1255 1134 1324 species.
1171 1254 1378 1309 Eodem
1406 1253 1565 1308 modo
1591 1267 1788 1308 nomen
1813 1252 2075 1325 hyposta-

489 1348 568 1401 sis
602 1347 654 1400 in
690 1345 877 1414 Petro,
909 1358 964 1402 et
995 1347 1205 1408 Paulo,
1257 1356 1312 1399 et
1343 1347 1398 1399 in
1428 1347 1528 1399 hoc
1562 1360 1726 1416 equo,
1779 1356 1834 1400 et
1879 1346 1932 1401 in
1972 1346 2076 1403 hoc

490 1438 629 1492 bove
655 1439 901 1509 ponitur,
936 1440 1081 1493 sicut
1110 1446 1166 1492 et
1221 1437 1590 1491 individuum.

2189 617 2310 681 λου,
2346 619 2444 671 καὶ
2476 617 2707 686 Πέτρου,
2744 618 2838 670 καὶ
2885 615 3041 669 τοῦδε
3090 615 3186 669 τοῦ
3251 616 3455 681 ἵππου,
3510 620 3598 673 καὶ
3627 625 3753 679 τοῦδε

2188 708 2285 762 τοῦ
2321 706 2544 774 λευκοῦ,
2579 709 2675 763 καὶ
2708 707 2861 761 τοῦδε
2897 707 2992 760 τοῦ
3025 707 3256 795 κύκλου,
3298 708 3399 761 καὶ
3438 710 3545 761 τῶν
3583 712 3755 767 λοιπῶν

2185 799 2413 868 ὁμοίως,
2445 798 2555 852 τῶν
2583 797 2658 869 μὴ
2691 797 3043 868 τεμνομένων
3074 800 3465 865 παντάπασιν,
3489 801 3644 870 ιἤγουν
3667 806 3754 858 τῶν

2189 890 2370 944 ἄλλων
2404 888 2924 961 κατηγορουμένων.
2965 890 3253 944 Ἐντεῦθεν
3302 890 3495 944 τοίνυν
3534 893 3592 943 τὸ
3625 896 3757 962 φύσις

2185 981 2380 1051 ὄνομα,
2405 981 2504 1035 καὶ
2533 980 2596 1032 τὸ
2623 979 2806 1045 οὐσία,
2842 978 3079 1048 λογικῶς
3099 980 3574 1052 καμϐανόμενον,
3606 987 3688 1040 καὶ
3711 991 3757 1043 τὸ

2183 1075 2510 1141 ὑπόστασις,
2568 1079 2633 1131 ὲκ
2664 1074 2775 1130 τῶν
2819 1078 3280 1147 περιφερομένων
3312 1076 3416 1129 καὶ
3462 1078 3553 1130 ἐπὶ
3582 1079 3756 1131 πολλῶν

2182 1169 2457 1239 ἀορίστως
2506 1168 2833 1239 τιθεμένων,
2863 1166 3034 1236 ἡγουν
3081 1167 3191 1220 τῶν
3237 1167 3517 1236 λογικῶν,
3549 1170 3755 1240 ἐναργῶς

2181 1256 2637 1330 εἶναιφαίνεται·
2688 1258 2872 1322 καθὼς
2920 1259 3016 1311 καὶ
3055 1259 3117 1311 τὸ
3166 1257 3314 1323 εἶδος
3370 1260 3572 1330 δνομα,
3612 1265 3692 1314 καὶ
3715 1266 3756 1317 τὸ

2180 1354 2406 1422 ἄτομον,
2434 1352 2511 1414 ὡς
2550 1350 2939 1421 ἀπεδείξαμεν.
2980 1349 3054 1402 Tb
3092 1351 3200 1421 γὰρ
3251 1350 3433 1419 φύσις
3474 1351 3660 1421 ὄνομα,
3690 1358 3750 1408 καὶ

2185 1446 2279 1497 ἐπὶ
2308 1444 2628 1515 ἀνθρώπου,
2658 1444 2752 1496 καὶ
2783 1442 2975 1505 ἵππου,
3012 1443 3110 1495 καὶ
3143 1442 3387 1514 χρυσοῦ,
3424 1444 3524 1496 καὶ
3553 1443 3655 1496 τῶν
3677 1444 3749 1498 λοι.

490 1531 608 1582 πῶν
650 1531 936 1595 τάττεται,
978 1530 1245 1599 πολλαχοῦ
1294 1530 1727 1600 περιφερόμενον
1770 1530 2172 1603 παραπλησίως
2202 1536 2264 1589 τὸ
2290 1532 2432 1598 εἶδος
2466 1535 2715 1605 ὀνόματι.
2781 1535 2886 1588 Τὸν
2919 1535 3086 1587 αὐτὸν
3154 1534 3212 1588 δὲ
3281 1533 3527 1605 τρόπον,
3595 1534 3679 1588 καὶ
3710 1531 3750 1588 sl

491 1624 786 1684 ὑπόστασις
834 1621 1006 1693 ὄνομα
1057 1624 1151 1675 ἐπὶ
1213 1622 1458 1693 Πέτρου,
1518 1623 1616 1676 καὶ
1677 1622 1913 1685 Παύλου,
1967 1630 2063 1678 καὶ
2099 1627 2257 1682 τοῦδε
2293 1626 2390 1681 τοῦ
2443 1627 2776 1693 Emme,»qu
2810 1628 2966 1682 τοῦδε
3002 1628 3096 1682 τοῦ
3162 1626 3295 1696 βοὸς
3347 1628 3642 1692 τάττεται,
3698 1629 3749 1693 ὡς

490 1717 587 1767 καὶ
615 1713 677 1765 τὸ
709 1713 939 1782 ἄτομον.

563 1805 701 1858 llinc
729 1812 916 1871 aperte
941 1803 1254 1873 ignorantia
1275 1804 1453 1858 insani
1478 1802 1666 1860 Severi
1693 1806 2079 1876 redarguitur;
2112 1815 2154 1870 Β

491 1884 582 1950 ἱΙἸε
600 1897 767 1959 enim,
789 1897 943 1965 quia,
979 1896 1175 1966 inquit,
1208 1895 1412 1951 Paulus
1433 1904 1520 1952 est
1545 1898 1883 1968 hypostasis,
1914 1898 2078 1951 homo

488 2002 621 2040 vero
647 1995 844 2039 natura
875 2004 888 2050 ;
929 1988 1077 2042 sicut
1104 1970 1320 2043 ‘Paulus
1352 1988 1553 2043 dicitur
1585 1990 1771 2053 homo,
1797 1991 1879 2045 sic
1912 1991 2076 2044 ctiam

487 2078 704 2131 dicatur
737 2078 1051 2147 hypostasis
1085 2094 1207 2134 esse
1227 2089 1448 2134 natura.
1476 2080 1588 2135 Nos
1615 2095 1746 2137 vero
1774 2090 2076 2152 utpravam

487 2170 905 2240 intelligentiam
958 2170 1111 2226 stulti
1145 2182 1492 2237 evertamus,
1552 2173 1634 2230 sic
1662 2189 2025 2229 occurremus
2059 2193 2072 2229 :

488 2259 545 2314 Si
565 2261 691 2325 hoc,
717 2261 864 2329 quod
886 2276 1053 2329 prave
1075 2262 1338 2325 intulisti,
1367 2264 1535 2328 valet,
1564 2279 1597 2317 ο
1627 2265 1823 2326 delire,
1853 2265 2077 2335 quando

486 2354 695 2409 Paulus
723 2355 945 2424 quidem
979 2359 1062 2409 est
1089 2356 1461 2418 individuum,
1495 2357 1658 2412 homo
1679 2373 1806 2412 vero
1838 2358 1923 2413 est
1951 2373 2076 2427 spe-

486 2448 625 2507 cies,
670 2447 815 2502 sicut
845 2447 927 2501 ais
967 2444 1198 2500 Paulum
1230 2462 1354 2503 esse
1390 2447 1667 2503 hominem
1689 2490 1705 2515 ,
1738 2448 1827 2502 die
1870 2450 2073 2502 indivi-

486 2542 657 2593 duum
721 2553 848 2594 esse
910 2539 1151 2610 speciem
1182 2580 1197 2605 ,
1253 2548 1309 2594 et
1355 2551 1486 2595 tunc
1538 2548 1600 2595 ut
1651 2542 1819 2596 Paulo
1878 2543 2077 2598 tribuis

486 2632 726 2685 hominis
766 2629 1144 2685 deﬁnitionem
1180 2641 1237 2685 et
1294 2647 1521 2698 nomen,
1554 2633 1762 2690 tribues
1794 2635 1962 2690 etiam
1994 2636 2077 2689 in-

484 2724 710 2778 dividuo
765 2722 1145 2778 deﬁnitionem
1185 2732 1242 2778 et
1298 2739 1498 2780 nomen
1537 2726 1795 2781 similiter
1845 2728 2072 2797 speciei,

485 2823 652 2883 atque
684 2815 753 2868 ita
792 2815 966 2877 dices,
998 2814 1344 2870 individuum
1368 2830 1514 2879 esse,
1547 2817 1696 2887 quod
1724 2818 1793 2873 de
1821 2821 2076 2888 pluribus

485 2905 872 2962 differentibus
909 2922 1144 2963 numero
1188 2909 1243 2962 in
1278 2924 1364 2972 eo,
1405 2908 1553 2979 quod
1587 2900 1848 2979 quidest,
1876 2911 2077 2981 pracdi-

484 3010 664 3063 catur,
690 3014 813 3068 quae
847 3007 931 3053 est
963 3014 1178 3054 summa
1210 3000 1527 3070 insipientia
1565 3003 1684 3066 tibi,
1708 3011 1906 3073 praeter
1935 3003 2074 3059 alios

482 3091 798 3154 haereticos,
829 3106 1164 3160 congruens.
1190 3091 1256 3145 Et
1277 3092 1421 3147 sicut
1443 3092 1669 3148 Paulum
1691 3096 1771 3150 ais
1794 3109 1919 3150 esse
1943 3094 2075 3150 sub-

483 3184 701 3239 stantiae
722 3182 1125 3248 deﬁnitionem,
1160 3183 1214 3237 id
1247 3192 1353 3249 est,
1396 3201 1520 3240 esse
1560 3202 1674 3241 rem
1710 3201 1806 3255 per
1836 3201 1897 3242 se
1927 3187 2074 3243 exsi-
2102 3171 2144 3227 (ἶ

486 3285 743 3340 stentem,
782 3291 889 3331 non
925 3275 1259 3346 indigentem
1293 3277 1402 3330 alio
1443 3277 1510 3331 ad
1542 3277 1944 3343 exsistendum,
1984 3279 2076 3333 die

481 3370 647 3427 etiam
681 3366 1027 3422 individuum
1075 3383 1198 3421 esse
1236 3370 1713 3438 generalissimum
1759 3387 1972 3441 genus;
2018 3378 2077 3426 et

482 3461 664 3515 tribue
711 3459 999 3514 individuo
1052 3459 1430 3514 deﬁnitionem
1456 3503 1472 3528 ,
1533 3471 1586 3514 et
1625 3477 1823 3516 nomen
1853 3463 2073 3534 generis

482 3550 912 3623 generalissimi,
946 3549 998 3603 id
1027 3558 1144 3613 est,
1180 3567 1289 3620 quo
1322 3567 1431 3605 non
1468 3558 1554 3607 est
1593 3552 1741 3605 aliud
1776 3568 1948 3622 genus
1977 3570 2074 3609 su-

481 3645 703 3715 perius;
744 3651 799 3697 et
840 3640 988 3712 quod
1041 3656 1260 3710 semper
1311 3650 1397 3695 est
1452 3658 1668 3712 genus;
1731 3641 1837 3713 hoc
1887 3651 2071 3698 autem

482 3738 702 3791 cuinam
747 3734 981 3803 placeat,
1036 3742 1089 3786 et
1126 3733 1389 3801 probetur
1421 3733 1527 3788 nisi
1558 3733 1606 3788 ei
1635 3775 1649 3796 ,
1683 3733 1777 3803 qui
1809 3735 2073 3790 omnibus

482 3828 661 3883 modis
691 3841 719 3878 a
740 3824 929 3879 divina
952 3825 1127 3893 gratia
1149 3824 1429 3878 alienatus
1454 3823 1578 3879 est?
1603 3822 1681 3877 Ex
1704 3825 1791 3878 his
1814 3825 2074 3880 omnibus

483 3917 802 3972 necessario
840 3914 983 3984 apud
1014 3929 1161 3978 eum,
1193 3915 1288 3983 qui
1330 3923 1517 3969 mente
1550 3916 1811 3985 praeditus
1843 3925 1950 3984 est,
1983 3917 2072 3969 in-

483 4009 680 4068 fertur,
701 4020 807 4059 non
828 4020 952 4059 esse
968 4004 1308 4075 hypostasim
1326 3996 1601 4069 naturam,
1621 4021 1798 4075 neque
1816 4006 2074 4062 substan-

479 4102 610 4154 tiam
628 4113 747 4167 qua:
759 4097 1095 4150 omnimodis
1116 4095 1583 4161 eircumfertur,et
1598 4096 1942 4163 circumfert,
1967 4099 2075 4153 sic-

480 4201 543 4248 ut
578 4203 766 4245 uatura
787 4189 960 4259 logice
973 4196 1217 4259 sumpta:
1239 4190 1422 4243 omnia
1444 4190 1613 4257 enim,
1636 4205 1758 4260 quae
1773 4198 1904 4245 sunt
1919 4191 2073 4261 ejus-

482 4285 603 4339 dem
647 4288 880 4345 natura,
915 4278 1144 4333 omnino
1174 4285 1305 4333 sunt
1350 4279 1600 4348 ejusdem
1634 4280 1982 4345 substantiae,
2016 4290 2070 4337 et

480 4383 694 4435 contra,
732 4371 915 4425 omnia
943 4412 958 4436 ,
984 4385 1107 4440 quae
1147 4371 1461 4426 substantia
1475 4371 1763 4433 differunt,
1783 4381 1838 4428 et
1871 4381 2071 4429 natura

480 4463 762 4519 differunt.
796 4464 975 4529 Quare
1003 4463 1145 4518 idem
1178 4471 1265 4518 est
1306 4474 1506 4518 natura
1539 4471 1594 4518 et
1625 4465 1958 4521 substantia.

2266 1806 2552 1860 Ἐντεῦθεν
2602 1803 2897 1876 τοιγαροῦν
2945 1806 2978 1875 ἡ
3029 1804 3224 1872 ἄγνοια
3278 1802 3387 1856 τοῦ
3441 1802 3747 1875 παράφρονος

2178 1896 2463 1969 αἱρετικοῦ
2519 1897 2763 1967 Σευήρου
2826 1895 3127 1967 διαρρήδην
3182 1894 3532 1964 ἐλέγχεταιο
3582 1896 3745 1962 ἐκεῖνος

2178 1993 2289 2061 γὰρ
2314 1989 2502 2059 ἐπειδή
2536 2007 2724 2059 φησιν,
2764 1987 2980 2049 Παῦλος
3013 1987 3115 2056 μέν
3144 1990 3300 2040 ἐστιν
3334 1987 3657 2054 ὑπόστασις,
3678 1992 3743 2044 ἀν-

2178 2083 2400 2155 θρωπος
2448 2080 2508 2134 δὲ
2556 2079 2741 2151 φύσις,
2788 2079 2982 2150 ὥσπερ
3026 2078 3242 2141 Παῦλος
3298 2077 3608 2151 ἄνθρωπος
3643 2074 3741 2135 εἶναι

2178 2175 2420 2244 λέγεται,
2451 2173 2596 2227 οὕτω
2623 2171 2868 2240 λεγέσθω
2899 2171 2993 2225 καὶ
3022 2169 3336 2233 ὑπόστασις
3370 2169 3563 2238 φύσις.
3594 2171 3739 2241 'szi;

2175 2268 2233 2321 δὲ
2266 2268 2364 2340 τὴν
2408 2266 2506 2321 τοῦ
2553 2266 2784 2337 ἀνοήτου
2850 2264 3146 2317 κακόνοιαν
3195 2262 3622 2332 ἀνατρέποντες
3650 2263 3738 2313 ἀπο

2178 2362 2434 2433 εροῦμεν·
2461 2361 2617 2417 Καιά
2642 2359 2832 2413 τοῦτον
2857 2359 2951 2411 τὸν
2983 2356 3287 2427 τρόπον,ὂν
3319 2349 3733 2425 παρήνεγκας,ἑ

2176 2454 2464 2525 χαλίφρον,
2492 2454 2682 2522 ἐπειδὴ
2710 2451 2922 2515 Παῦλος
2964 2450 3065 2519 μέν
3103 2451 3256 2503 ἐστιν
3300 2449 3542 2518 ἄτομον,
3571 2447 3733 2516 ἀνθρω,

2177 2562 2277 2607 πος
2308 2544 2363 2597 δὲ
2388 2539 2550 2606 εἶδος,
2580 2540 2766 2604 καθὼς
2789 2540 2882 2593 τὸν
2912 2538 3125 2593 Παῦλον
3145 2537 3454 2610 ἄνθρωπον
3483 2533 3619 2591 εἶναι
3644 2538 3731 2606 φὴς.

2176 2635 2304 2704 λέγε
2355 2636 2446 2689 καὶ
2471 2635 2532 2689 τὸ
2556 2636 2762 2703 ἄτομον
2791 2628 2958 2698 εἶδος,
2988 2632 3087 2684 καὶ
3121 2628 3449 2699 τηνικαῦτα
3477 2628 3651 2691 καθὼς
3683 2628 3735 2696 τῷ

2177 2727 2378 2798 Παύλῳ
2414 2728 2572 2790 δίδως
2608 2726 2701 2779 τὸν
2747 2724 2843 2779 τοῦ
2900 2722 3193 2793 ἀνθρώπου
3229 2722 3480 2793 ὁρισμὸν
3525 2722 3613 2774 καὶ
3643 2720 3731 2772 τοῦ·

2177 2838 2340 2891 νομα,
2377 2818 2570 2882 δώσεις
2603 2818 2700 2871 καὶ
2726 2814 2806 2884 τῷ
2855 2816 3045 2886 ἀτόμῳ
3073 2815 3169 2868 τὸν
3192 2812 3294 2867 τοῦ
3326 2813 3511 2876 εἴδους
3552 2810 3736 2882 ὁρισμὸν

2175 2913 2378 2985 ὁμοίιος
2424 2914 2521 2965 καὶ
2566 2909 2831 2976 τοῦνομα,
2882 2908 2978 2962 καὶ
3015 2906 3164 2960 οὕτω
3215 2909 3424 2976 φήσεις
3465 2903 3530 2956 τὸ
3571 2904 3732 2969 ἄτομον

2176 3002 2317 3059 εἶναι
2349 3004 2412 3056 τὸ
2433 3004 2577 3057 κατὰ
2599 2993 2868 3055 πλειόνων
2909 3001 3003 3053 καὶ
3026 2998 3411 3068 διαφερόντων
3431 2994 3511 3065 τῷ
3534 2991 3731 3063 ἀριθμῷ,

2176 3099 2237 3151 ὲν
2270 3095 2350 3167 τῷ
2396 3097 2449 3149 τι
2512 3097 2630 3148 ἐστι
2684 3089 3210 3163 κατηγορούμενον,
3260 3089 3411 3158 ὅπερ
3472 3084 3730 3157 ἀκρότατον

2176 3189 2518 3257 καθέστηκεν
2569 3185 2924 3256 ἀφροσύνης,
2977 3184 3029 3236 οἱ
3066 3184 3109 3215 ¹⁶
3165 3181 3330 3252 παρὰ
3395 3181 3522 3241 τοὺς
3577 3176 3733 3232 ἄλλως

2177 3282 2491 3354 αἱρετικοὺς
2528 3278 2830 3348 ἐξαιρέτως
2872 3274 3215 3347 ἁρμόζουσα.
3260 3268 3406 3326 Εἶτα
3447 3268 3619 3330 καθὼς
3658 3265 3726 3317 τὸν

2176 3374 2391 3428 Παῦλον
2415 3369 2560 3426 εἶναι
2595 3371 2702 3440 φὴς
2727 3369 2937 3429 οὐσίαν,
2966 3367 3090 3438 ἥτις
3117 3366 3235 3419 ἐστὶ
3267 3360 3636 3432 γενικώτατον
3656 3354 3727 3422 τέ-

2175 3484 2284 3529 νος.
2320 3464 2416 3517 καὶ
2444 3463 2600 3524 δίδως
2632 3460 2709 3529 τῷ
2755 3459 2953 3528 Παύλῳ
2979 3459 3071 3511 τὸν
3115 3458 3216 3526 τῆς
3251 3455 3453 3517 οὐσίας
3516 3446 3721 3522 ὁρισμὸν,

2174 3557 2320 3611 τοῦτ’
2353 3555 2492 3617 ἔστι,
2525 3554 2585 3607 τὸ
2621 3549 2763 3606 εἶναι
2812 3551 3048 3619 πρᾶγμα
3087 3548 3491 3618 αὺθύπαρκτον
3535 3542 3605 3613 μὴ
3641 3538 3726 3590 δεό-

2178 3663 2337 3722 μενον
2374 3647 2562 3715 ἐτέρου
2606 3644 2743 3714 πρὸς
2770 3642 3051 3704 σύστασιν,
3090 3639 3317 3707 λέγεται
3349 3638 3447 3691 καὶ
3478 3634 3537 3687 τὸ
3560 3632 3721 3722 ἄτομον

2174 3717 2319 3796 εἶναι
2341 3738 2713 3810 γενικώτατον
2746 3736 2906 3805 γένος
2933 3750 2947 3764 ·
2986 3732 3081 3786 καὶ
3109 3732 3197 3793 δὸς
3224 3730 3305 3799 τῷ
3332 3730 3527 3799 ἀτόμῳ
3545 3724 3626 3778 τὸν
3652 3717 3720 3772 τοῦ

2174 3834 2545 3902 γενικωτάτου
2587 3830 2780 3898 γένους
2810 3829 2941 3897 ὅρον
2984 3826 3083 3879 καὶ
3123 3822 3390 3892 τοῦνομα,
3426 3818 3566 3874 τοῦτ’
3588 3814 3719 3902 ἐστιν.

2176 3900 2318 3991 ύπὲρ
2339 3922 2368 3974 ὃ
2392 3922 2494 3975 οὐκ
2525 3919 2592 3973 ἂν
2628 3902 2714 3987 εἴη
2766 3916 2898 3969 ἀλλο
2924 3912 3347 3983 ὲπαναϐεὸηκὺς
3374 3911 3549 3979 γένος,
3578 3900 3721 3957 καὶτὸ

2175 4014 2264 4068 ἀεὶ
2287 4012 2443 4082 γένος
2472 4010 2533 4063 ὃν
2552 4026 2566 4040 ·
2594 4008 2757 4062 τοῦτο
2776 4007 2832 4060 δὲ
2857 4007 2964 4060 τινι
2996 4005 3151 4073 φίλον
3179 4003 3244 4056 ἂν
3276 4003 3392 4073 εἴη,
3414 4000 3463 4051 εἰ
3488 3999 3560 4066 μὴ
3582 3991 3720 4055 πάντη

2175 4102 2254 4172 τῷ
2288 4102 2391 4171 τῆς
2420 4100 2570 4162 θείας
2595 4094 3102 4166 ἀπηλλοτριωμένῳ
3131 4094 3396 4164 χάριτοςς
3432 4089 3523 4142 Ἐκ
3552 4082 3721 4172 τούτων

2176 4191 2271 4249 οὖν
2303 4194 2561 4248 ἁπάντων
2594 4187 3128 4259 ἀναγκαστικὼτατα
3177 4186 3480 4252 συνάγεται
3520 4176 3591 4247 τῷ
3623 4170 3720 4226 νοῦν

2175 4283 2375 4353 ἔχοντι,
2434 4281 2510 4353 μὴ
2556 4277 2697 4334 εἶναι
2753 4279 2853 4350 τὴν
2893 4278 3200 4332 ὑπόστασιν
3240 4274 3429 4343 φύσιν,
3482 4271 3608 4341 μήτε
3635 4262 3717 4353 μὴγ

2173 4350 2364 4429 ούσιαν
2544 4372 2690 4427 κατά
2728 4372 2908 4425 πάντα
2957 4370 3162 4440 τρόπον
3193 4365 3507 4440 φερομένην
3546 4374 3602 4411 τε
3644 4350 3718 4406 καὶ

2173 4466 2561 4539 περιθέουσαν,
2596 4465 2674 4528 ὡς
2717 4465 2753 4536 ἡ
2783 4463 2970 4531 φύσις,
3000 4461 3150 4513 τοῦτ’
3196 4458 3335 4519 ἐστι,
3361 4457 3459 4526 τὴν
3494 4449 3708 4539 λογικήΨ

479 4562 661 4614 πάντα
705 4558 814 4627 γὰρ
873 4556 976 4608 ὅσα
1033 4555 1184 4608 ἐστὶν
1236 4557 1491 4626 ὁμοφυῆ,
1539 4554 1760 4622 πάντως
1811 4557 1932 4611 ἐστὶ
1977 4557 2075 4611 καὶ
2109 4538 2397 4630 ὁμοούσια,
2433 4559 2530 4612 καὶ
2562 4554 2876 4628 τοῦμπαλιν
2914 4555 3095 4609 πάντα
3132 4549 3202 4604 τὰ
3256 4552 3323 4621 τῇ
3361 4547 3518 4618 οὐσίᾳ
3575 4538 3713 4605 διενή-

479 4667 635 4721 νοχεν
666 4665 679 4715 ;
711 4650 856 4704 ὥστε
890 4638 1088 4708 ταυτόν
1111 4655 1230 4709 ἐστι
1264 4655 1428 4723 φύσις
1450 4655 1545 4710 καὶ
1572 4655 1756 4710 οὐσία.

549 4742 840 4797 Sciendum
871 4757 1053 4802 autem
1082 4757 1190 4813 est,
1237 4747 1385 4817 quod
1420 4764 1511 4803 res
1553 4763 1665 4802 non
1699 4757 2066 4804 numerantur

2238 4749 2370 4802 Δέον
2400 4746 2459 4799 δὲ
2516 4743 2749 4809 εἰδέναι,
2783 4743 2862 4806 ὡς
2904 4740 2975 4795 τὰ
3025 4741 3335 4813 πράγματα
3384 4738 3494 4798 τοῖς
3539 4727 3708 4786 ἑαυτῶν

477 4847 604 4886 cum
641 4836 961 4892 nominibus
995 4839 1113 4892 suis
1148 4838 1551 4907 philosophicis
1587 4839 1892 4893 secundum
1918 4853 2066 4893 com-

2180 4840 2547 4911 ριλοσοφικοῖς
2597 4836 2860 4907 ὀνόμασιν
2897 4834 3000 4888 οὐκ
3042 4832 3409 4904 ἀριθμοῦνται
3440 4828 3571 4882 κατὰ
3611 4822 3706 4874 σύνο

477 4926 838 5001 positionem,
876 4928 973 4983 sed
1016 4944 1140 4983 cum
1172 4930 1368 4999 logicis
1400 4931 1878 5000 congruentibus,
1912 4941 1976 4985 ut
2015 4932 2063 4986 si

2180 4935 2359 4999 θεσιν,
2402 4931 2542 4986 ἀλλά
2583 4946 2731 4993 τινες
2789 4927 3198 4998 ἐφαρμόζουσιν
3252 4926 3437 4986 αὐτοῖς
3487 4915 3703 4985 λογικοῖς.

479 5019 713 5085 velimus
745 5019 909 5091 355
943 5037 1239 5077 numerare
1274 5022 1500 5077 Petrum
1527 5063 1542 5087 ,
1608 5032 1663 5078 et
1703 5022 1934 5079 Paulum
1963 5065 1978 5091 ,
2013 5033 2068 5079 et

2180 5027 2338 5080 οἱονεὶ
2370 5023 2699 5095 βουλοίμεθα
2737 5021 2945 5089 Πέτρον
2989 5019 3335 5089 ἀριθμῆσαι,
3375 5016 3468 5070 καὶ
3510 5007 3700 5095 Παῦλον,

477 5107 771 5175 Joannem,
802 5129 911 5167 non
945 5115 1181 5170 dicimus
1213 5124 1329 5171 tres
1372 5117 1629 5173 homines
1666 5118 1927 5189 (proprie
1956 5119 2069 5173 sci-

2180 5119 2273 5171 καὶ
2315 5094 2603 5186 Ἰωάννηνο
2664 5112 2725 5168 ού
2781 5129 2962 5182 φαμεν
3012 5112 3123 5182 γὰρ
3171 5108 3504 5180 ἀνθρώπους,
3554 5094 3702 5189 ἐπειόῂ

478 5199 1211 5273 licet),quia'unusquisque
1237 5206 1460 5276 quidem
1483 5185 1726 5277 ipsorum
1760 5185 1844 5263 est
1875 5209 2074 5269 homo;

2180 5210 2407 5270 ἕκαστος
2442 5185 2543 5277 μὲν
2598 5206 2780 5260 αὐτῶν
2833 5207 2982 5257 ἐστιν
3029 5204 3345 5271 ἄνθρωπος·
3373 5185 3700 5277 ἀνθριιιποςξὲ

484 5295 650 5349 homo
671 5312 802 5351 vero
824 5298 1010 5354 nullus
1028 5300 1222 5355 horum
1247 5319 1353 5357 non
1378 5313 1493 5372 est;
1525 5305 1811 5374 superiora
1830 5306 1976 5359 em'm
1995 5304 2079 5358 di-
2176 5301 2277 5355 οὐκ
2309 5300 2459 5352 ἔστιν
2488 5299 2660 5363 οὐδεὶς
2686 5296 2921 5351 τούτων’
2947 5297 3015 5348 τὰ
3057 5295 3165 5363 γὰρ
3198 5293 3403 5346 ἐλάττω
3427 5289 3524 5340 τῶν
3553 5278 3699 5353 μειξό-

2176 5301 2277 5355 οὐκ
2309 5300 2459 5352 ἔστιν
2488 5299 2660 5363 οὐδεὶς
2686 5296 2921 5351 τούτων·
2947 5297 3015 5348 τὰ
3057 5295 3165 5363 γὰρ
3198 5293 3403 5346 ἐλάττω
3427 5289 3524 5340 τῶν
3553 5275 3680 5353 μειξό

483 5396 689 5443 cuntur
718 5391 791 5445 de
816 5388 1204 5459 inferioribus,
1229 5411 1338 5450 non
1376 5396 1641 5452 inferiora
1670 5396 1738 5452 de
1774 5398 2074 5467 superiori-

2180 5410 2283 5447 νων
2314 5391 2375 5443 οὐ
2403 5393 2816 5460 κατηγορεῖται,
2843 5387 2981 5442 ἀλλά
3006 5387 3074 5441 τὰ
3108 5386 3277 5458 μείζω
3300 5385 3404 5439 τῶν
3431 5380 3471 5435 ὲ)
3483 5373 3692 5432 1176'le-

482 5477 610 5536 hus.
649 5478 773 5537 Non
814 5484 962 5538 enim
996 5484 1146 5542 dices
1178 5488 1460 5545 hominem
1495 5505 1621 5546 esse
1657 5492 1925 5555 Petrum;
1980 5490 2075 5545 εστι

2174 5485 2290 5551 Ούκ
2342 5482 2425 5535 ἔτι
2453 5482 2565 5551 γὰρ
2600 5482 2666 5536 ἂν
2696 5483 2873 5546 εἴποις
2907 5483 2997 5534 τὸν
3029 5480 3317 5551 ἄνθρωπον
3346 5472 3474 5529 εἶναι
3501 5467 3691 5535 Πέτρον·

483 5571 668 5639 potius
699 5570 918 5627 Petrum
952 5588 1078 5630 esse
1107 5577 1407 5632 hominem.
1448 5576 1504 5632 Si
1563 5578 1734 5647 igitur
1787 5554 1943 5632 dicas
1978 5578 2074 5653 Ρο-

2180 5575 2323 5645 ἀλλὰ,
2336 5576 2428 5628 τὸν
2450 5575 2660 5646 Πέτρον
2686 5574 2866 5640 εἴποις
2900 5574 2965 5628 ἂν
2988 5568 3129 5627 εἶναι
3150 5570 3449 5642 ἄνθρωπον.
3472 5562 3523 5617 Εἰ
3548 5554 3689 5611 τοίνυν

1763 5754 2000 5810 VARle
2037 5753 2452 5813 LECTIONES.
2497 5792 2503 5797 -

568 5834 609 5865 "
644 5859 751 5901 σοι.
