3934 6458
114 433 259 497 1477

1539 430 1957 496 OPUSCULA.

3270 426 3405 493 1478

113 544 357 614 Πέτρον,
407 544 501 597 καὶ
570 542 822 609 Παῦλον,
880 542 974 596 καὶ
1044 543 1299 612 Ἰωάννην
1349 541 1528 605 εἴποις
1577 540 1718 594 εἶναι

1824 550 1966 594 trum
1988 579 2005 605 ,
2060 547 2113 594 et
2144 538 2403 603 Paulum,
2447 548 2500 593 et
2527 535 2798 593 Joannem
2830 551 2955 593 esse
2987 544 3104 594 tres
3130 537 3408 605 homines,

109 639 271 708 τρεῖς
324 634 672 707 ἀνθρώπους,
716 633 1044 707 ἡριθμηκὼς
1100 634 1199 705 ἔσῃ
1253 634 1282 686 6
1336 632 1411 704 μὴ
1474 632 1709 703 προέθου

108 725 566 780 καθυποὸάλ).ειν
600 725 843 798 ἀριθμῷ.
886 725 1217 797 Προέφημεν
1260 724 1368 794 γὰρ
1402 724 1439 755 ¹¹
1481 723 1574 776 τὸν
1616 722 1711 775 ἄν-

110 815 347 887 θρωπον
388 817 463 888 μὴ
512 811 656 870 εἶναι
694 817 901 887 μηδένα
934 815 1162 869 τούτων.
1208 816 1272 869 Et
1304 816 1360 870 δὲ
1392 817 1488 870 καὶ
1515 816 1716 879 αὐτοὺς

109 907 354 969 τούτους
410 905 551 961 εἶναι
610 911 762 979 τρεῖς
796 908 999 977 λέγοις,
1056 908 1290 960 ἕκαστον
1330 906 1515 961 αὑτῶν
1564 909 1715 979 τρεῖς

111 998 482 1069 ἀριθμήσεις,
519 998 662 1052 ὥστε
696 998 826 1062 τοὺς
856 1000 1010 1067 τρεῖς
1035 1001 1117 1061 είς
1144 997 1301 1051 ὲννέα
1340 996 1717 1050 πολυπλασια-

114 1093 347 1163 σθῆναι,
389 1094 531 1163 ὅπερ
579 1092 868 1147 ἀδύνατον.
911 1092 1194 1145 Ἐντεῦθεν
1222 1092 1539 1159 ἀναγκαίως
1598 1093 1714 1144 sla-

116 1184 358 1254 φέρεται
383 1184 444 1237 τὸ
477 1183 793 1254 ἑφαρμόζον
820 1184 1000 1237 αὑτῶν
1030 1184 1246 1255 ἑκάστῳ
1267 1184 1485 1252 λογικὸν
1515 1184 1710 1254 ὄνομα,

111 1276 139 1326 ὃ
174 1278 354 1337 ἐστιν,
387 1276 711 1340 ὑπόστασις,
752 1275 961 1346 ἄτομόν
996 1293 1057 1328 τε
1102 1277 1197 1329 καὶ
1237 1276 1551 1349 πρόσωπον,
1584 1277 1713 1330 καθ’

109 1366 139 1419 ὸ
170 1367 221 1419 oi
263 1367 631 1437 προτεθέντες
685 1368 1063 1439 ἀριθμηθῆναι
1105 1368 1326 1440 ἀριθμῷ
1357 1368 1717 1441 καθυποσλη-

110 1458 411 1527 θήσονται,
449 1462 599 1528 τρεῖς
650 1459 1004 1524 ὑποστάσεις,
1046 1460 1079 1531 ἦ
1128 1461 1332 1532 ἄτομα,
1370 1461 1402 1531 ἢ
1445 1463 1715 1533 πρόσωπα

107 1550 433 1620 λεγόμενοι.
462 1551 620 1604 Κατά
648 1550 840 1604 τοῦτον
859 1552 924 1622 δὴ
957 1552 1049 1606 τὸν
1077 1553 1281 1621 τρόπον
1303 1553 1713 1618 ἀποδείκνυται,

112 1641 193 1712 μὴ
224 1638 376 1695 εἶναι
429 1642 520 1695 τὸν
569 1643 814 1712 Πατέρα,
850 1635 1068 1697 καὶτὸν
1095 1643 1254 1710 Υἱὸν,
1292 1645 1387 1698 καὶ
1445 1644 1507 1698 τὸ
1560 1645 1703 1713 ἅγιοι

110 1733 351 1804 Πνεῦμα
406 1739 557 1805 τρεῖς
601 1735 779 1799 θεοὺς,
808 1736 857 1788 εί
910 1736 1253 1790 καὶτούτων
1303 1736 1535 1801 ἕκαστος
1584 1739 1717 1801 Θεός

109 1828 233 1879 ἐστι
257 1826 493 1889 τέλειος,
521 1826 712 1896 ὥσπερ
759 1826 994 1890 ἕκαστος
1021 1826 1251 1880 ἐκείνων
1296 1827 1589 1898 ἄνθρωπος
1627 1830 1716 1882 τέ-

1817 630 2140 685 numerabis
2171 670 2186 695 ,
2246 645 2389 702 quos
2438 645 2549 683 non
2598 636 2717 683 erat
2750 631 3096 698 propositum
3133 631 3410 699 subjicere

1820 738 2074 779 numero.
2133 722 2385 777 Diximus
2432 723 2581 776 enim
2628 731 2790 777 antea
2849 722 3130 777 hominem
3196 725 3408 779 nullum

1816 815 2016 869 horum
2052 831 2197 871 esse.
2253 814 2309 871 Si
2343 825 2528 869 autem
2584 814 2686 869 hos
2719 816 2869 884 ipsos
2924 814 3073 870 dicas
3123 827 3232 872 tres
3262 833 3404 881 esse,

1818 922 2273 977 unumquemque
2313 908 2512 962 horum
2546 907 2871 963 numerabis
2922 916 3078 974 tres;
3115 919 3172 963 ut
3209 918 3321 964 trcs
3353 911 3409 965 in

1815 1015 2012 1055 novem
2054 1000 2517 1070 multiplicentur,
2561 1000 2707 1070 quod
2741 1001 2859 1054 ﬁeri
2892 1016 2999 1055 non
3033 1009 3234 1072 potest.
3272 1001 3412 1057 Hinc

1818 1092 2137 1148 necessario
2188 1092 2425 1146 infertur
2450 1135 2465 1158 ,
2506 1108 2742 1156 nomen,
2780 1094 2926 1161 quod
2958 1094 3159 1163 cuique
3204 1094 3406 1147 horum

1817 1186 2100 1255 congruit,
2132 1184 2369 1253 logicum
2403 1199 2549 1248 esse,
2580 1184 2731 1254 quod
2765 1194 2851 1241 est
2885 1185 3229 1255 hypostasis,
3265 1184 3410 1238 indi-

1817 1277 2066 1340 viduum,
2094 1291 2353 1346 persona,
2389 1286 2669 1345 quatenus
2701 1277 2972 1347 propositi
3003 1288 3181 1340 erant,
3217 1289 3275 1331 ut
3308 1294 3412 1331 nu-

1819 1377 2204 1432 merarentur,
2268 1368 2346 1420 ita
2384 1375 2441 1420 ut
2475 1366 2742 1421 dicantur
2772 1379 2882 1423 tres
2912 1368 3272 1439 hypostases,
3326 1369 3412 1424 vel

1819 1460 2132 1522 individua,
2168 1458 2255 1513 vel
2302 1473 2580 1528 personae.
2616 1457 2675 1512 In
2718 1459 2866 1514 hunc
2914 1462 3136 1515 modum
3183 1462 3412 1516 demon-

1818 1558 2056 1606 stratum
2075 1558 2181 1614 est,
2210 1565 2319 1605 non
2339 1566 2462 1605 esse
2478 1548 2723 1615 Patrem,
2749 1560 2803 1602 et
2833 1549 3055 1617 Filium,
3075 1562 3129 1606 et
3147 1552 3412 1621 Spiritum

1818 1652 2069 1697 sanctum
2114 1653 2227 1697 tres
2284 1643 2443 1704 deos,
2500 1644 2606 1698 etsi
2654 1644 3043 1713 unusquisque
3084 1645 3303 1698 illorum
3330 1653 3415 1698 est

1828 1733 1969 1788 Leus
2020 1734 2324 1804 perfectus,
2381 1735 2846 1804 quemadmodum
2906 1737 3144 1806 quisque
3192 1738 3412 1792 illorum

1817 1826 1984 1881 homo
2007 1824 2313 1898 perfectus,
2350 1844 2460 1882 non
2486 1838 2670 1881 tamen
2697 1827 2961 1882 dicuntur
2991 1837 3105 1883 tres
3136 1829 3415 1886 homines.

108 1917 281 1981 λειος,
331 1918 452 1971 ἀλλ’
490 1919 551 1971 οὑ
589 1919 840 1986 λέγονται
883 1921 1033 1989 τρεῖς
1079 1917 1381 1989 ἄνθρωποι.
1421 1918 1480 1972 Ὀ
1524 1920 1713 1991 Πατὴρ

1824 1919 2184 1989 Paterigitur,
2213 1930 2267 1976 et
2290 1918 2487 1984 Filius,
2513 1928 2567 1975 et
2588 1919 2831 1989 Spiritus
2852 1930 3084 1976 sanctus
3112 1930 3226 1976 tres
3244 1922 3417 1993 hypo-

107 2012 323 2076 τοίνυν,
364 2012 463 2064 καὶ
497 2012 525 2063 6
571 2011 720 2076 Υίὸς,
764 2011 870 2071 ,καὶ
908 2010 970 2063 τὸ
995 2011 1221 2081 Πνεῦμα
1267 2014 1330 2065 τὸ
1360 2012 1516 2080 ἆγιον
1564 2016 1717 2084 τρεῖς

108 2104 256 2156 εἰσιν
311 2104 667 2167 ὑποστάσεις,
703 2104 893 2173 ῶσπερ
933 2105 1201 2157 κάκεῖνοι.
1251 2106 1346 2158 Ἐκ
1404 2106 1468 2175 δὴ
1522 2105 1716 2160 τούτου

109 2190 452 2262 γνωσόμεθα
483 2194 692 2261 σαφῶς,
744 2193 858 2247 δεῖν
896 2193 1287 2264 ὁμολογεῖσθαι
1328 2196 1423 2247 τὸν
1477 2195 1718 2266 Χριστὸν

111 2280 255 2338 εἶναι
298 2285 434 2354 μίαν
481 2285 783 2337 ὑπόστασιν
821 2286 880 2337 ὲν
908 2284 1030 2336 δυσὶ
1066 2283 1318 2354 φύσεσιν.
1356 2286 1515 2338 Ἐστι
1553 2285 1661 2356 γὰρ
1690 2287 1718 2339 6

109 2377 358 2448 Χριστὸς
390 2379 419 2430 6
452 2377 546 2430 τοῦ
583 2375 721 2429 Θεοῦ
778 2376 951 2439 ἀΐδιος
985 2376 1112 2439 Υἱὸς
1146 2377 1175 2428 6
1211 2379 1544 2447 σαρκωθεὶς,
1569 2377 1717 2431 τοῦτ’

113 2468 289 2534 ἔστιν,
323 2471 360 2540 ἡ
396 2470 496 2539 μία
530 2469 630 2539 τῆς
683 2468 847 2537 ἁγίας
887 2468 1120 2538 Τριάδος
1162 2470 1466 2531 ὑπόστασις
1514 2487 1718 2541 σεσαρ-

115 2564 375 2634 κωμένη,
406 2565 505 2617 καὶ
538 2564 678 2634 αὓτη
723 2567 755 2635 ἡ
794 2563 1123 2629 ὑπόστασις,
1168 2565 1338 2636 ἤγουν
1381 2565 1552 2629 ἀΐδιος
1590 2565 1719 2629 Υἱός

109 2656 268 2707 ἐστιν
307 2655 341 2706 ὁ
391 2655 552 2719 αὑτὸς
583 2654 716 2717 Θεὸς
763 2653 924 2726 ὁμοῦ,
968 2655 1065 2709 καὶ
1103 2655 1416 2727 ἄνθρωπος.
1454 2657 1722 2726 Βουλόμε-

109 2763 202 2808 νεος
235 2747 428 2800 τοίνυν
458 2745 770 2816 ἀριθμῆσαι
808 2746 963 2808 Θεὸν,
1014 2748 1109 2799 καὶ
1153 2746 1465 2819 ἄνθρωπον,
1504 2747 1539 2800 ἆ
1573 2751 1721 2801 ἐστιν

105 2839 290 2902 ἀΐδιος
314 2839 477 2903 Θεὸς,
506 2837 659 2890 τοῦτ’
690 2838 840 2891 ἐστιν
862 2839 896 2907 ἡ
925 2838 1023 2907 μία
1053 2839 1375 2903 ὑπόστασις,
1404 2841 1464 2893 οὑ
1494 2839 1721 2893 δύνασαι

103 2930 347 2990 τούτους
388 2930 571 2981 εἰπεῖν
622 2929 955 2990 ὑποστάσεις
997 2924 1137 2980 εἶναι
1196 2929 1308 2982 δύο.
1369 2928 1507 2982 Οὑτε
1553 2930 1663 3000 γὰρ
1692 2930 1721 2982 6

104 3019 247 3082 Θεὸς
281 3019 485 3089 ὄνομα,
505 3018 633 3071 οὗτε
663 3019 1071 3088 τὸ,ἀνθρωπος,
1093 3021 1398 3074 ὑπόστασιν
1430 3022 1713 3091 σημαίνει.

122 3108 188 3160 Ἦ
225 3108 329 3177 μὲν
366 3108 676 3171 ὑπόστασις
708 3108 924 3170 οὐδενὸς
955 3109 1093 3171 ὅλως
1123 3114 1543 3180 κατηγορεῖται,
1580 3111 1720 3165 ὥστε

107 3200 216 3253 οὐκ
242 3199 406 3253 ἐστιν
438 3199 592 3252 οὐδὲν
620 3199 830 3253 τούτων
867 3200 1191 3264 ὑπόστασις.
1229 3201 1368 3258 Οὔτε
1396 3202 1503 3274 μὴν
1541 3203 1719 3257 ἔοικεν

108 3293 294 3344 εἰπεῖν
326 3289 425 3342 τὸν
449 3289 582 3342 Θεὸν
608 3289 702 3343 καὶ
732 3290 823 3343 τὸν
848 3289 1163 3360 ἄνθρωπον,
1199 3291 1292 3345 δύο
1316 3292 1471 3363 γένη,
1501 3293 1719 3363 ἐπειδή-

113 3398 227 3452 περ
261 3380 507 3433 ἓκαστον
538 3380 698 3448 γένος
729 3380 865 3433 ἴδιον
893 3380 936 3412 ¹¹
971 3385 1399 3452 κατηγορεῖται’
1431 3384 1639 3438 τούτων
1665 3385 1723 3438 δὲ

116 3473 275 3527 οὐδὲν
308 3474 707 3539 κατηγορεῖται
732 3473 885 3526 ῐδιον.
935 3472 1077 3526 Ἀλλ’
1101 3473 1225 3525 οὑδὲ
1257 3474 1353 3527 δύο
1396 3475 1515 3545 εἴδη
1544 3476 1721 3547 ἁρμό-

120 3566 206 3630 ζει
241 3564 449 3626 αὐτοὺς
484 3563 765 3631 λέγεσθαι.
794 3563 1073 3617 Ἕκαστον
1103 3563 1216 3635 γάρ
1261 3566 1446 3620 αὐτῶν
1487 3568 1595 3621 ὑπὸ
1628 3568 1726 3634 γέ-

123 3673 212 3719 νος
239 3657 527 3709 τάττεται.
552 3653 685 3718 Θεὸς
714 3655 772 3707 δὲ
802 3656 903 3725 οὑχ
951 3657 1030 3719 τίς
1057 3656 1217 3723 γένος
1258 3657 1719 3729 ὑποταχθήσεται,

123 3747 198 3811 ὡς
230 3747 350 3817 ἔχει
392 3746 705 3822 ἄνθ-ρωπος,
735 3746 817 3800 διὸ
848 3747 1189 3818 κυριώτερόν
1231 3750 1382 3803 ἐστιν
1414 3749 1723 3822 ἀριθμῆσαι

122 3837 301 3892 ταῦτα
344 3836 442 3890 δύο
490 3818 705 3906 φύσεις,
741 3837 964 3891 καὶδύο
1012 3838 1221 3904 οὐσίας.
1274 3818 1569 3912 Ἑκάτερον
1612 3818 1723 3913 γὰρ

125 3928 333 3995 αὐτῶν,
367 3929 464 3982 καὶ
493 3927 657 3997 φύσις
689 3929 866 3992 ἐστὶν,
900 3928 995 3982 καὶ
1038 3929 1196 3982 οὐσία
1227 3934 1341 3992 τοῖς
1375 3924 1451 3985 ὧν
1480 3948 1723 4003 κατηγο-

126 4024 328 4092 ρεῖται.
360 4021 479 4074 Οὑκ
510 4019 629 4091 ἔχει
671 4020 783 4092 γὰρ
816 4021 971 4074 οὐδὲν
1005 4021 1116 4073 τῶν
1157 4021 1249 4089 ὑφ’
1287 4024 1567 4094 ἑκατέρων
1598 4024 1724 4078 τού-

123 4129 234 4166 των
266 4111 603 4175 συστατικὰς
657 4112 963 4184 διαφορὰς,
1028 4111 1198 4183 ἥγουν
1266 4114 1552 4177 οὑσιώδεις
1628 4116 1725 4169 καὶ

124 4204 389 4270 φυσικὰς,
422 4202 566 4256 ὥστε
589 4203 750 4273 φύσις
776 4206 870 4257 καὶ
901 4204 1084 4269 οὑσία,
1124 4204 1235 4259 τῶν
1261 4205 1304 4238 ¹³
1335 4205 1460 4260 καθ’
1483 4202 1559 4262 ὧν
1585 4224 1723 4263 κατ-

125 4300 440 4369 ηγορεῖται,
478 4298 746 4367 ἑκάτερον
772 4293 935 4353 εἶναι.

194 4391 298 4442 Διὰ
325 4388 546 4443 πολλῶν
575 4385 671 4442 οὖν
721 4389 1131 4454 ἀποδέδεικται,
1178 4390 1253 4461 μὴ
1288 4389 1429 4445 εἶναι
1470 4392 1569 4463 τὴν
1592 4392 1725 4447 ὑπό-

80 4540 85 4543 ,
128 4497 323 4534 στασιν
356 4482 548 4550 φύσιν,
600 4483 739 4553 μήτε
796 4482 905 4552 μὴν
953 4482 1143 4536 οὐσίαν
1178 4484 1278 4555 τὴν
1322 4470 1569 4556 λογιῆν,
1622 4489 1723 4560 τὴν

1818 2018 1997 2064 stases
2033 2018 2164 2063 sunt
2194 2048 2209 2074 ,
2264 2011 2411 2065 sicut
2437 2011 2539 2063 illi.
2576 2010 2656 2064 Ex
2678 2010 2764 2065 his
2812 2026 3216 2080 cognoscemus
3235 2012 3416 2083 maui-

1820 2102 1958 2157 teste
2015 2103 2391 2158 conﬁtendum
2460 2118 2635 2169 esse,
2705 2103 2992 2158 Christum
3043 2119 3169 2159 esse
3249 2119 3413 2159 unam

1818 2195 2160 2264 hypostasim
2224 2194 2278 2249 in
2341 2195 2558 2250 duabus
2611 2196 2832 2252 naturis
2889 2196 3060 2266 (51).
3122 2197 3219 2252 Est
3266 2199 3413 2254 enim

1818 2286 2078 2342 Christus
2136 2294 2379 2341 aeternus
2453 2284 2550 2341 Dei
2615 2286 2838 2353 Filius,
2920 2289 3015 2359 qui
3095 2289 3417 2346 incarnatus

1818 2380 1937 2437 est,
2004 2373 2056 2427 id
2126 2382 2252 2441 est,
2317 2389 2425 2428 una
2488 2376 2805 2447 bypostasis
2852 2387 3065 2433 sancta:
3119 2378 3416 2435 Trinitatis

1822 2464 2135 2531 incarnata,
2169 2475 2223 2520 et
2255 2466 2371 2520 haec
2408 2465 2757 2537 hypostasis,
2799 2476 3046 2523 aeternus
3079 2470 3296 2525 scilicet
3323 2468 3416 2524 Fi-

1822 2557 1928 2611 lius
1959 2566 2044 2611 est
2081 2557 2222 2613 idem
2254 2558 2400 2615 Deus
2432 2560 2597 2614 simul
2632 2569 2687 2616 et
2722 2560 2913 2616 homo.
2960 2560 3144 2627 Quare
3175 2564 3270 2628 qui
3302 2566 3417 2618 vult

1822 2665 2119 2705 numerare
2170 2650 2342 2705 Deum
2395 2663 2453 2707 et
2493 2653 2810 2715 hominem,
2859 2671 2985 2725 quae
3011 2665 3144 2711 sunt
3179 2665 3422 2711 aeternus

1823 2739 2037 2804 Filius,
2094 2741 2146 2795 id
2182 2751 2268 2797 est
2310 2759 2418 2797 una
2470 2744 2823 2815 hypostasis,
2878 2762 2988 2800 non
3020 2755 3203 2816 potest
3230 2748 3421 2803 dicere

1822 2848 1950 2888 esse
1988 2832 2090 2888 hos
2118 2833 2259 2890 duas
2300 2834 2651 2906 hypostases.
2686 2834 2798 2892 Nec
2831 2837 2979 2892 enim
3010 2853 3212 2893 nomen
3245 2838 3415 2902 Deus.

1823 2939 2004 2993 neque
2030 2940 2233 2980 nomen
2270 2926 2436 2979 homo
2461 2928 2785 2997 hypostasin
2809 2928 3108 3000 significat.
3139 2929 3415 3001 llyposta-

1823 3019 1900 3070 sis
1930 3016 2078 3070 enim
2110 3017 2178 3072 de
2216 3018 2374 3072 nullo
2403 3022 2631 3074 omnino
2669 3021 3025 3089 praedicatur.
3070 3023 3253 3088 Quare
3279 3023 3421 3077 nihil

1824 3105 2024 3159 horum
2057 3115 2143 3162 est
2174 3107 2508 3178 hypostasis.
2553 3108 2745 3180 Neque
2777 3111 2994 3167 ridetur
3023 3113 3192 3169 licere
3233 3114 3421 3170 dicere

1823 3197 1997 3252 Deum
2049 3210 2105 3253 et
2156 3199 2435 3256 hominem
2487 3201 2600 3257 duo
2652 3219 2881 3272 genera,
2914 3204 3185 3275 siquidem
3217 3223 3420 3261 unum-

1824 3293 2081 3360 quodque
2108 3307 2282 3362 genus
2318 3292 2386 3347 de
2416 3295 2713 3364 speciebus
2743 3298 3080 3365 praedicatur
3106 3337 3122 3362 ,
3151 3300 3297 3368 quod
3331 3300 3421 3354 hic

1824 3398 1935 3436 non
1985 3384 2062 3439 tit.
2118 3383 2307 3455 Neque
2335 3388 2599 3442 convenit
2650 3388 2835 3444 dicere
2865 3405 2961 3445 eos
2991 3389 3131 3446 duas
3179 3391 3417 3460 species.

1825 3473 2186 3546 Unaquaeque
2241 3478 2390 3532 enim
2447 3480 2665 3549 species
2720 3481 2826 3535 sub
2851 3496 3055 3552 genere
3084 3483 3418 3538 collocatur.

1829 3565 1970 3623 Deus
2012 3577 2194 3624 autem
2245 3586 2358 3626 non
2392 3570 2557 3629 habet
2598 3589 2798 3645 genus,
2859 3575 2967 3630 sub
2991 3591 3104 3644 quo
3139 3576 3423 3632 collocan-

1826 3659 1931 3714 dus
1958 3659 2052 3726 sit,
2096 3661 2244 3717 sicut
2272 3663 2437 3718 habet
2461 3664 2647 3719 homo.
2672 3666 3041 3732 Quamobrem
3078 3668 3254 3737 magis
3289 3684 3421 3739 pro-

1824 3752 2009 3821 prium
2043 3762 2129 3807 est
2151 3795 2165 3818 ,
2210 3770 2509 3810 numerare
2539 3756 2654 3811 haec
2686 3757 2829 3812 duas
2862 3766 3127 3823 naturas,
3190 3767 3246 3814 et
3279 3759 3420 3817 duas

1825 3845 2190 3901 substantias.
2228 3847 2542 3920 Utrumque
2568 3852 2717 3905 enim
2757 3867 2951 3907 eorum
2986 3863 3074 3908 est
3100 3861 3156 3909 et
3198 3866 3418 3921 natura,

1824 3945 1880 3994 et
1927 3939 2243 3994 substantia
2312 3941 2382 3997 iis
2431 3943 2499 3997 de
2551 3943 2761 4013 quibus
2827 3945 3219 4014 pmdicantur.
3272 3945 3421 4002 Nihil

1827 4032 1972 4085 enim
2010 4033 2114 4087 sub
2143 4044 2381 4103 utroque
2412 4035 2608 4089 horum
2642 4035 2809 4091 habet
2843 4036 3235 4093 constitulivas
3260 4039 3419 4095 dill‘e-

1826 4124 2044 4179 rentias
2068 4166 2082 4191 ,
2114 4130 2200 4180 vel
2229 4125 2631 4182 substantiales
2661 4132 2715 4181 et
2750 4131 3031 4186 naturales
3057 4170 3073 4195 ,
3115 4138 3178 4184 ut
3208 4131 3281 4186 sit
3318 4145 3419 4184 na-

1832 4220 1958 4268 tura
1991 4254 2007 4279 ,
2041 4226 2097 4271 et
2133 4217 2445 4272 substantia
2482 4225 2780 4289 utrumque
2829 4234 3047 4285 eorum,
3097 4221 3166 4276 de
3214 4222 3419 4290 quibus

1823 4304 2178 4375 praedicatur.
2593 4298 2608 4311 ’

1894 4397 2062 4469 356
2108 4399 2557 4456 Demonstratum
2612 4402 2782 4474 igitur
2817 4413 2901 4459 est
2965 4404 3253 4474 pluribus,
3308 4422 3416 4460 non

1832 4506 1959 4546 esse
1990 4492 2335 4562 hypostasim
2362 4500 2640 4557 naturam,
2670 4511 2850 4565 neque
2886 4497 3252 4551 substantiam
3284 4500 3421 4565 logi-

128 4573 272 4627 κατά
339 4575 525 4627 πάντα
587 4576 791 4644 τρόπον
842 4573 1245 4643 περιθέουσαν,
1330 4576 1477 4647 ὼςή
1534 4576 1717 4646 φύσις.

1832 4598 1979 4649 eam,
2035 4599 2157 4653 qua:
2194 4586 2459 4645 omnibus
2510 4587 2691 4641 modis
2724 4589 2962 4654 circuit,
3012 4589 3157 4645 sicut
3197 4600 3418 4645 natura.

141 4666 363 4738 Ἐπειδὴ
388 4667 450 4720 δὲ
488 4668 521 4737 ὴ
562 4663 846 4735 ὀρθοδοξία
870 4668 1062 4737 φησὶν,
1109 4668 1186 4738 μὴ
1236 4664 1378 4721 εἶναι
1428 4669 1529 4740 τὴν
1561 4671 1724 4739 φύσιν

129 4756 436 4811 ὑπόστασιν
489 4757 621 4828 μίαν
670 4758 780 4810 τῶν
832 4758 957 4811 καθ⁹
990 4753 1068 4812 ὦν
1119 4763 1550 4831 κατηγορεῖται,
1588 4764 1726 4835 μήτε

132 4846 258 4913 ὅλας
282 4850 383 4913 τὰς
420 4849 780 4914 ὑποστάσεις,
811 4850 932 4903 ὅσαι
959 4849 1027 4903 ἂν
1062 4852 1154 4905 ὑπ’
1188 4852 1360 4923 αὐτὴν
1388 4848 1520 4915 εἷεν,
1550 4850 1663 4908 οἷον
1691 4856 1725 4926 ή

134 4937 349 5012 θεότης,
380 4944 556 5013 ἧγουν
584 4943 610 4995 6
636 4941 768 5006 Θεὸς
829 4943 930 4995 οὑκ
966 4943 1085 4995 ἔστι
1120 4945 1310 5017 Πατήρ
1331 4962 1346 4977 ·
1374 4948 1421 4999 εί
1452 4947 1563 5019 γάρ
1608 4950 1727 5002 ἐστι

136 5031 346 5103 Πατὴρ,
398 5033 623 5096 πάντως
653 5034 752 5087 οὑκ
784 5028 852 5104 ἦν
897 5035 927 5085 6
950 5033 1077 5098 Υἱὸς
1116 5034 1271 5098 Θεός.
1317 5036 1392 5090 Οὑ
1435 5038 1544 5109 γὰρ
1577 5040 1727 5094 ἀντι-

1831 4674 1973 4741 Quia
2002 4691 2137 4732 vero
2169 4677 2477 4733 orthodoxa
2508 4679 2766 4735 doctrina
2795 4681 2951 4748 dicit,
2975 4698 3084 4737 non
3112 4698 3234 4737 esse
3257 4695 3422 4738 natu-

1828 4782 1947 4821 ram
1981 4767 2327 4839 hypostasim
2354 4811 2368 4834 ,
2402 4786 2565 4825 unam
2596 4787 2787 4827 eorum
2815 4816 2829 4840 ,
2890 4775 2957 4829 de
2987 4774 3188 4843 quibus
3222 4776 3422 4846 pradi-

1832 4871 2017 4927 catur,
2056 4877 2236 4931 neque
2263 4864 2555 4919 universas
2587 4865 2944 4937 hypostascs,
2981 4883 3105 4937 quae
3153 4872 3255 4923 sub
3300 4873 3420 4939 ipsa

1830 4963 1982 5020 sunt,
2023 4964 2081 5009 ut
2111 4957 2314 5025 Deitas,
2348 4959 2399 5012 id
2418 4968 2522 5024 est,
2548 4960 2693 5017 Deus
2745 4978 2851 5016 non
2882 4973 2968 5018 est
3003 4963 3182 5026 Pater,
3202 4965 3246 5020 si
3273 4966 3419 5019 enim

1832 5045 1980 5101 Deus
2012 5056 2095 5102 est
2127 5047 2309 5115 Pater,
2337 5052 2591 5120 profecto
2620 5069 2729 5108 non
2763 5055 2868 5109 erit
2901 5053 3074 5110 Filius
3111 5055 3253 5111 Dcus
3283 5056 3416 5127 (52).

1409 5216 1649 5271 vitam
1694 5206 2107 5277 LECTIONES.

110 5298 121 5305 ’
208 5302 253 5338 ¹¹
287 5305 348 5361 in
383 5307 773 5377 suppositione
805 5306 1070 5378 simplici,
1101 5315 1163 5361 ut
1194 5319 1387 5364 vocant
1437 5311 1628 5381 logici.

1709 5315 1753 5346 ¹²
1802 5318 1927 5372 κατ’
1978 5318 2179 5382 εἴδους.

2261 5320 2305 5352 ’³
2339 5321 2422 5374 τό.

1685 5425 1915 5485 ΝΟΤιΕ.

216 5506 329 5577 (51)
370 5510 471 5565 Est
500 5510 693 5580 dispar
735 5520 902 5575 ratio,
941 5513 1069 5582 quia
1120 5513 1175 5566 in
1242 5513 1449 5569 divinis
1496 5523 1581 5570 est
1615 5532 1726 5572 una

145 5592 379 5633 numero
420 5581 715 5635 naturain
774 5581 969 5655 tribus:
988 5585 1262 5652 personis.
1325 5584 1382 5637 In
1436 5588 1725 5655 proposito

146 5657 326 5701 autem
358 5659 490 5704 sunt
510 5660 627 5706 tres
656 5668 887 5708 numero
916 5653 1195 5708 distincta:
1226 5653 1447 5710 natura!
1472 5653 1725 5712 humana:

147 5716 204 5771 iu
230 5718 406 5789 tribus
432 5721 704 5789 persentis.

222 5787 333 5868 (βξ)
371 5787 503 5856 Quae
534 5794 652 5871 ll.ch
693 5794 813 5871 loco
844 5791 1171 5871 Theodorus
1204 5795 1472 5871 disputat,
1519 5798 1721 5871 ἀρίστῃ

152 5856 367 5934 γνώμῃ,
411 5862 637 5916 candido
685 5868 885 5932 animo,
934 5856 1307 5936 interpretari
1347 5856 1528 5923 decet.
1559 5856 1718 5925 'Nan'i'

1838 5520 2023 5596 Deitas
2050 5530 2164 5596 tota
2197 5534 2284 5579 est
2317 5525 2370 5578 in
2400 5524 2593 5588 Patre;
2622 5539 2673 5579 et
2701 5527 2781 5580 sic
2808 5527 3087 5596 perfectus
3120 5527 3263 5583 Deus
3294 5539 3416 5587 est:

1835 5593 1954 5666 scil_
1970 5596 2098 5666 quia
2136 5594 2202 5666 ing
2231 5597 2324 5649 illo
2360 5610 2469 5649 non
2520 5608 2626 5661 est,
2664 5593 2926 5664 totaliter,
2958 5602 3062 5653 hoc
3091 5611 3177 5654 est
3224 5601 3322 5666 ita,
3361 5611 3421 5655 ut

1834 5662 1889 5736 in
1914 5661 2056 5716 Filio
2077 5673 2131 5736 et
2173 5664 2380 5734 Spiritu
2420 5676 2617 5722 sancto
2650 5684 2756 5720 non
2790 5661 3054 5736 sit;’iileo
3079 5670 3216 5723 dicit
3242 5661 3412 5728 Theo.

1833 5732 2028 5799 dorus,
2078 5732 2296 5789 Patrem
2350 5752 2457 5791 non
2515 5752 2636 5791 esse
2692 5738 2857 5793 Deum
2882 5732 3124 5803 πάντως,
3177 5740 3277 5795 hoc
3311 5753 3416 5802 est.

1832 5802 2051 5869 ὑλικῶς,
2089 5806 2352 5867 tolaliler.
2392 5811 2510 5862 sive
2539 5808 2734 5871 solum,
2762 5825 2887 5863 cum
2939 5802 3261 5867 exclusione
3294 5811 3417 5868 Filii

1833 5881 1887 5929 ct
1922 5875 2167 5944 Spiritus
2201 5878 2403 5932 sancti.
2432 5877 2497 5932 Et
2527 5878 2673 5949 quod
2710 5884 2777 5936 de
2801 5879 2966 5938 l’atre
2994 5881 3246 5948 amrmat,
3276 5883 3417 5940 idem
