3934 6450
211 302 362 367 1485

1635 300 2051 363 OPUSCULA.

3366 297 3501 367 1486

213 409 449 479 ,Σευηροὶ
483 409 525 441 ¹τ
579 409 918 481 χρηματίσαι
961 410 1393 483 συνωσθείημεν,
1469 412 1599 484 μίαν
1661 410 1805 467 εἶναι

1935 419 2113 478 .tases,
2148 419 2313 481 atque
2346 409 2420 465 ita
2475 408 2760 467 Severiani
2816 410 2924 467 dici
2966 409 3390 482 compellantur,
3426 413 3510 467 dir

211 504 383 571 φύσιν
421 503 511 556 τὸν
542 503 776 575 Χριστὸν
822 504 1111 573 λέγοντες,
1141 505 1200 557 ὃν
1241 505 1444 576 τρόπον
1478 504 1609 576 μίαν
1645 505 1811 558 αὑτόν

214 611 402 665 φαμεν
430 595 749 661 ὑπόστασιν,
781 597 918 669 ὅπερ
946 597 1064 651 ἐστὶ
1090 596 1456 668 ψυχολεθρίας
1479 597 1809 669 ἀνάμεστον.

216 688 282 739 Εἰ
304 687 360 740 δὲ
386 686 563 740 κοινὸν
613 689 846 759 πρᾶγμα
877 690 1303 762 προσειληφέναι
1333 692 1423 746 τὸν
1460 690 1585 746 Υίὸν
1608 710 1811 763 φαμεν,

218 776 653 845 ἐπεμϐαίνουσιν
696 781 826 850 ἡμῖν
859 783 1057 835 αὐτίκα
1088 784 1418 852 φάσκοντες·
1446 784 1577 847 Πῶς
1616 785 1644 836 ό
1687 785 1814 846 Υἱὸς

222 871 523 940 σαρκοῦται
566 871 727 924 τοῦτο
763 874 1178 945 προσειληφὼς;
1228 877 1339 929 τῶν
1389 878 1668 931 ἀδυνάτων
1706 876 1816 947 γάρ

219 963 376 1015 ἔστιν
405 962 698 1035 ἀσώματόν
738 984 788 1019 τι
831 969 1236 1039 σωματωθῆναι
1285 970 1486 1023 ὲνωθὲν
1517 970 1813 1040 ἀσωμάτῳ.

220 1053 371 1122 Πρὸς
401 1054 493 1118 οὓς
520 1057 919 1127 ἀπαντήσωμεν
938 1075 951 1088 '
990 1060 1065 1111 υὺ
1106 1062 1423 1129 νενοήκατε,
1460 1061 1708 1129 λέγοντες
1728 1101 1743 1124 ,
1773 1054 1818 1114 ὧ

219 1139 397 1210 οὗτοι,
424 1148 515 1200 τὸν
544 1148 652 1201 τῶν
679 1150 987 1219 φιλοσόφων
1011 1153 1215 1206 σκοπὸν
1238 1155 1563 1224 εἰρηκότων,
1592 1155 1820 1223 ἀσῶμαο

220 1256 318 1291 τον
344 1236 484 1292 εἶναι
516 1242 575 1292 τ’)
598 1244 795 1296 κοινόν.
843 1245 1070 1297 Ἐκεῖνοι
1097 1246 1208 1316 γὰρ
1245 1247 1497 1314 λέγοντες
1528 1245 1819 1316 ἀσώματον

222 1327 368 1384 εἶναι
397 1334 504 1385 πᾶν
533 1333 710 1401 γένος,
737 1336 832 1387 καὶ
857 1331 1018 1399 εἶδος,
1046 1339 1141 1390 καὶ
1174 1338 1305 1391 αὑτὸ
1332 1338 1392 1391 τὸ
1433 1339 1617 1409 σῶμα,
1652 1338 1712 1390 τὸ
1756 1339 1821 1391 ἑκ

222 1426 325 1493 τῆς
353 1425 544 1487 οὑσίας
579 1427 675 1494 τῆς
708 1428 993 1494 ἀνωτάτω,
1035 1431 1158 1500 ἥτις
1206 1430 1427 1498 λέγεται
1456 1430 1821 1499 γενικώτατον

223 1518 388 1584 γένος
420 1517 820 1588 διαιρούμενον.
843 1521 1135 1592 ἀσώματον
1159 1519 1296 1575 εἶναι
1317 1522 1557 1593 λέγουσι.
1588 1524 1680 1576 Διὸ
1704 1524 1823 1576 δέον

224 1610 580 1674 ἐπίστασθαι,
621 1611 696 1674 ὡς
733 1612 792 1664 τὸ
820 1614 1112 1683 ἀσώματον
1144 1615 1315 1685 ὄνομα
1351 1616 1495 1670 κιτά
1520 1617 1649 1679 τοὺς
1673 1616 1824 1686 φιλο-

225 1700 430 1769 σόφους
460 1701 770 1773 ὁμωνύμως
797 1722 856 1757 τε
914 1706 1009 1757 καὶ
1050 1705 1319 1777 ἀορίστως
1342 1708 1586 1777 λέγεται,
1618 1695 1822 1779 μᾶλλον

222 1794 280 1847 δὲ
312 1796 619 1867 συλλήϐδην
650 1797 840 1867 φάναι,
879 1801 1080 1853 ἐκεῖνοι
1110 1801 1213 1871 τὴν
1248 1800 1416 1869 ὑληνο
1452 1804 1548 1857 καὶ
1578 1802 1639 1855 τὸ
1680 1798 1823 1868 εἶδος

224 1887 285 1954 ἐξ
314 1880 393 1940 ὧν
416 1888 485 1941 τὰ
520 1887 771 1959 σώματα,
806 1891 902 1945 καὶ⁸
927 1892 1146 1963 χρῶμα,
1170 1893 1266 1947 καὶ
1295 1896 1403 1948 πᾶν
1428 1895 1636 1966 σχῆμα,
1655 1895 1823 1965 ἤγουν

224 1980 415 2033 πᾶσαν
444 1981 703 2052 ποιότητα
734 1982 992 2037 καλοῦσιν
1044 1984 1336 2055 ἀσώματον
1383 1987 1485 2055 τήν
1524 2003 1584 2039 τε
1616 1985 1822 2057 ψυχὴν,

225 2074 477 2135 καὶτοὺς
508 2075 793 2144 ἀγγέλους,
821 2077 916 2130 καὶ
949 2077 1081 2130 αὑτὸ
1107 2078 1166 2130 τὸ
1195 2078 1360 2141 θεῖον,
1393 2071 1470 2132 ὧν
1494 2079 1553 2132 οὑ
1584 2078 1685 2150 μία
1730 2080 1827 2133 καὶ.

222 2169 262 2238 ἠ
289 2168 436 2238 αὑτὴ
472 2169 582 2222 τῶν
606 2170 863 2225 ἁπάντων
892 2172 926 2240 ἡ
945 2171 1128 2240 φύσις,
1165 2156 1304 2227 ἀλλά
1358 2172 1553 2226 πολλαὶ
1576 2174 1672 2227 καὶ
1707 2174 1825 2228 διά·

226 2278 411 2332 φοροι,
443 2262 517 2327 ὡς
540 2262 791 2317 ἐντεῦθεν
815 2264 1145 2319 πιστοῦσθαι
1173 2265 1359 2335 σαφῶς
1384 2265 1697 2338 ὁμωνύμως
1734 2266 1829 2318 καὶ

224 2356 504 2426 ἀορίστως
537 2355 877 2424 λέγεσθαι⁶τὸ
902 2357 1191 2426 ἀσώματον
1218 2357 1422 2429 ὄνομα,
1453 2358 1596 2412 κατὰ
1618 2357 1829 2411 πολλῶν

230 2449 640 2519 σημαινόμενον
664 2450 727 2515 πθ,
761 2450 857 2503 καὶ
898 2452 963 2520 τῇ
992 2449 1155 2519 φύσει
1189 2450 1563 2521 διαφερόντων
1591 2451 1831 2522 φερόμεο

230 2548 343 2590 νον.
373 2536 447 2589 Τὸ
488 2539 648 2607 σῶμα
680 2540 880 2607 τοίνυν,
936 2542 1034 2594 καὶ
1088 2542 1189 2594 ὅσα
1240 2541 1443 2594 ὑπὺντδ
1487 2540 1651 2612 σῶμά
1713 2544 1833 2595 ἐστι

220 2629 415 2694 -κοινά,
464 2624 574 2683 οἷον
606 2630 869 2702 ἔμψυχον.
906 2633 1066 2697 ζῶον,
1102 2634 1411 2701 ἄνθρωπος,
1451 2632 1719 2706 ἀσώματοι
1743 2651 1836 2688 κα-

230 2720 457 2776 λοῦνται
494 2722 628 2794 (57).
675 2724 896 2796 Ἐπειδὴ
928 2725 1137 2779 τούτων
1167 2727 1399 2779 ἕκαστον
1424 2726 1679 2796 αἰσθήσει
1736 2725 1836 2796 μὲν

228 2816 335 2885 οὑχ
365 2814 686 2878 ὑποπίπτει,
743 2816 878 2869 ἀλλά
910 2815 992 2871 νοῒ
1049 2817 1575 2888 καταλαμϐάνεταιο
1610 2818 1670 2871 οὑ
1726 2816 1837 2888 γάρ

232 2907 375 2957 εἰσιν
413 2906 597 2966 αὐτοῖς
639 2900 903 2975 ἰδιότητες
957 2908 1258 2977 δριστικαὶ,
1308 2907 1433 2961 καθ’
1480 2907 1547 2971 ἃς
1581 2906 1836 2976 αἰσθήσει

232 2995 843 3067 καθυποϐληθήσονται.
899 2998 979 3050 Τά
1039 2998 1226 3068 μέντοι
1276 2999 1454 3069 ἄτομα
1484 3039 1499 3063 ,

233 3087 412 3140 ταῦτα
440 3087 920 3157 κατηγοροῦνται,
973 3088 1207 3160 σώματά
1246 3093 1417 3154 ἐστιν,
1462 3090 1538 3153 ὡς
1582 3090 1691 3143 ὑπὸ
1740 3090 1837 3162 τὴν

234 3180 497 3251 αἴσθησιν
530 3182 799 3235 πίπτοντα
819 3199 831 3212 ·
863 3183 1117 3252 ὁριστικά
1170 3185 1279 3255 γὰρ
1306 3184 1526 3254 ἔχουσιν
1547 3183 1836 3253 ἰδιώματα.

237 3277 388 3348 Πλὴν
415 3281 463 3329 εἰ
496 3280 587 3330 καὶ
613 3277 671 3329 τὸ
698 3278 877 3331 κοινὸν
912 3278 1092 3348 σῶμα,
1138 3279 1233 3331 καὶ
1277 3280 1404 3331 ὅσον
1453 3280 1601 3331 ἐστιν
1647 3278 1752 3331 ὑπὸ
1780 3276 1841 3329 τὸ

237 3369 423 3423 κοινὸν
451 3369 538 3422 διὰ
556 3369 616 3421 τὸ
648 3370 914 3440 μηδαμῶς
934 3371 1207 3441 αἰσθήσει,
1240 3371 1374 3424 ἀλλὰ
1404 3371 1479 3441 νῷ
1517 3370 1675 3441 μόνον
1699 3366 1841 3424 εἶναι

180 3466 198 3479 ⁷
238 3463 470 3534 ληπτὸν,
497 3463 789 3533 ἀσώματον
815 3465 1056 3533 λέγεται·
1094 3465 1208 3519 ἀλλ’
1236 3460 1335 3519 οὖν
1357 3466 1513 3534 φύσει
1541 3465 1699 3535 σῶμα
1719 3465 1844 3518 καθ-

240 3551 475 3627 έστηκεν
496 3538 922 3627 (παραπλήσιον
954 3558 998 3610 δ’
1031 3557 1099 3611 ἂν
1130 3558 1215 3629 εἴη
1241 3557 1403 3612 τοῦτο
1433 3557 1512 3629 τῷ
1550 3558 1736 3622 ἁπλῶς
1764 3558 1844 3611 λε-

241 3651 464 3722 γομένῳ
489 3648 696 3719 κύκλῳ,
724 3652 804 3722 τῷ
835 3652 1106 3723 γραμμὰς
1161 3654 1447 3724 ὁριστικάς
1481 3653 1583 3705 οὑκ
1640 3653 1841 3725 ἔχοντι.

254 3743 316 3797 ’0
350 3743 459 3815 γὰρ
512 3743 753 3807 τοιοῦτος
794 3744 993 3807 κύκλος
1044 3744 1205 3815 φύσει
1241 3745 1342 3817 μὲν
1391 3745 1679 3816 μετρητὸς,
1718 3746 1842 3799 καθ’

225 3837 273 3890 ’ὃ
296 3838 357 3892 δὲ
386 3838 653 3909 γραμμὰς
683 3837 965 3909 όριστικάς
987 3840 1087 3892 οὑκ
1108 3837 1240 3909 ἔχει,
1262 3839 1515 3909 οὐδαμῶς
1534 3839 1842 3893 ὑποπίπτει

248 3934 552 4001 μετρήσειο
601 3930 700 3982 οὑκ
731 3929 843 4001 ἔχει
886 3930 995 3999 γὰρ
1028 3931 1306 4000 ὁριστικὸν
1362 3932 1598 4004 σταυρὸν
1622 3971 1637 3994 ,
1673 3932 1747 3986 δι’
1779 3925 1839 3985 οὗ

245 4022 415 4085 ποσός
464 4023 584 4075 ἐστι
622 4024 934 4093 γνωσθῆναι
963 4014 1286 4096 δυνήσηται.
1339 4027 1510 4079 Ἐπάν
1551 4025 1607 4078 δὲ
1640 4025 1842 4089 κύκλος

245 4116 476 4186 γένηται
510 4112 772 4186 μερικῶν,
808 4116 1025 4181 εἰδικῶς
1077 4134 1159 4183 τε,
1215 4118 1310 4172 καὶ
1344 4118 1639 4190 ὁριστικῶς
1675 4120 1717 4152 ¹⁹
1750 4121 1843 4173 εὑ-

244 4208 383 4272 θέως
406 4210 605 4263 ὁπόσον
644 4209 758 4281 ἔχει
794 4208 1022 4281 μέγεθος
1058 4211 1323 4281 μετρήσει
1351 4212 1445 4265 καὶ
1496 4212 1845 4283 περιορισθή-

1590 2999 1711 3050 καθ’
1761 2991 1836 3050 ὧν
1864 2976 1904 3033 C

1864 570 1873 579 .
1916 512 2107 559 centes
2162 503 2444 558 Christum
2492 517 2615 559 esse
2646 518 2810 558 unam
2862 511 3142 565 naturam,
3174 503 3323 557 sicut
3365 501 3511 556 diei-

1916 611 2040 652 mus
2066 610 2190 651 esse
2216 610 2344 650 eum
2396 611 2561 649 unam
2596 596 2967 667 lrypostasim,
2994 595 3145 671 quod
3177 605 3263 652 est
3284 596 3510 666 plenum

1916 687 2175 743 interitus
2194 690 2414 743 animae.
2446 687 2541 742 Sin
2575 696 2757 742 autem
2776 702 3128 745 communem
3154 702 3271 743 rem
3309 687 3512 747 Filium

1919 780 2289 849 assumpsisse
2316 778 2644 843 dixerimus,
2672 779 2947 835 insultant
3008 780 3200 835 statim
3233 779 3398 836 nobis
3426 779 3514 833 div

1920 879 2106 925 centes
2126 889 2138 925 :
2162 870 2450 936 Quomodo
2483 868 2655 924 Filius
2683 872 3011 924 int-amatur
3029 868 3309 924 communi
3331 884 3391 924 re
3420 882 3514 922 as-

1922 962 2174 1029 sumpta?
2212 961 2553 1031 impossibile
2585 962 2732 1016 enim
2764 970 2851 1018 est
2876 962 3083 1034 aliquid
3119 961 3512 1032 incorporeum

1922 1062 2274 1124 corporatum
2328 1054 2457 1110 ﬁeri
2507 1056 2826 1125 copulatum
2878 1056 3232 1127 incorporeo.
3297 1055 3514 1122 Quibus

1921 1144 2325 1201 occurrendum
2350 1154 2430 1200 est
2457 1164 2469 1198 :
2502 1146 2617 1201 Non
2652 1146 3027 1214 intellexistis,
3064 1164 3097 1202 o
3121 1148 3275 1213 boni,
3306 1163 3513 1217 propos-

1922 1240 2089 1294 situm
2119 1238 2599 1309 philosophorum,
2641 1257 2766 1295 cum
2801 1242 3086 1306 dixerunt,
3121 1242 3513 1311 incorporeum

1924 1347 2048 1386 esse
2073 1345 2382 1386 commune.
2421 1330 2556 1389 Nam
2589 1348 2711 1387 cum
2739 1333 2930 1389 dicunt
2978 1335 3370 1403 incorporeum
3393 1348 3519 1389 esse

1926 1433 2088 1472 omne
2129 1434 2303 1490 genus
2360 1428 2416 1475 et
2457 1422 2723 1489 speciem,
2772 1423 2937 1478 etiam
2993 1424 3169 1491 ipsum
3205 1439 3412 1493 corpus
3449 1438 3520 1483 ex

1928 1510 2239 1564 substantia
2272 1513 2717 1581 generalissima,
2769 1530 2893 1585 qua:
2916 1514 3120 1569 dicitur
3146 1531 3319 1587 genus
3349 1532 3522 1585 gene-

1928 1605 2292 1672 ralissimum,
2342 1605 2621 1673 divisum,
2683 1607 3070 1678 incorporeum
3125 1624 3253 1664 esse
3302 1609 3518 1663 dicunt.

1930 1697 2303 1762 Quamobrem
2365 1698 2513 1753 seire
2571 1706 2791 1770 Oportet
2862 1716 3066 1757 nomen
3126 1703 3521 1773 incorporeum

1929 1791 2237 1845 secundum
2277 1793 2639 1863 philosophos
2688 1793 3023 1865 bomonyme
3051 1804 3105 1850 et
3130 1796 3346 1851 inﬁnite
3389 1795 3524 1857 dici,

1927 1884 2058 1948 imo,
2095 1894 2154 1940 ut
2192 1888 2384 1958 paucis
2440 1902 2554 1943 rem
2576 1888 2952 1958 complectar,
2990 1888 3082 1942 .illi
3128 1890 3415 1944 materiam
3466 1898 3522 1945 et

1924 1979 2164 2048 speciem
2206 1995 2272 2034 ex
2324 1980 2534 2051 quibus
2576 1995 2849 2050 corpora,
2886 1988 2942 2036 et
2998 1995 3218 2036 omnem
3276 1983 3519 2037 colorem

1922 2081 2096 2149 atque
2126 2070 2383 2143 ﬁguram,
2422 2072 2475 2127 id
2508 2079 2616 2137 est,
2672 2088 2894 2128 omnem
2942 2075 3267 2145 qualitatem
3322 2083 3526 2131 vocant.

1928 2164 2340 2236 incorporeum,
2362 2171 2417 2221 et
2451 2165 2713 2232 animam,
2742 2175 2907 2237 atque
2963 2168 3214 2238 angelos,
3249 2175 3304 2222 ct
3335 2168 3520 2238 ipsum

1930 2256 2122 2323 Deum,
2157 2273 2392 2329 quorum
2424 2258 2677 2329 omnium
2699 2275 2811 2316 non
2841 2268 2926 2317 est
2954 2276 3063 2316 una
3095 2269 3151 2316 et
3183 2260 3376 2317 eadem
3400 2275 3519 2316 ma-

1928 2357 2074 2414 tura,
2129 2350 2226 2405 sed
2281 2351 2470 2406 multa:
2513 2358 2571 2406 et
2594 2353 2785 2416 variae,
2814 2359 2872 2407 ut
2905 2353 3033 2408 hinc
3060 2355 3223 2421 plane
3258 2355 3527 2423 probetur

1930 2442 2261 2511 homonyme
2294 2452 2348 2497 et
2400 2443 2615 2500 inﬁnite
2649 2445 2758 2499 dici
2794 2460 2996 2500 nomen
3034 2445 3425 2516 incorporeum
3456 2446 3528 2500 de

1935 2534 2127 2590 multis
2175 2534 2501 2604 signiﬁcatis
2548 2544 2602 2590 et
2628 2546 2833 2592 natura
2884 2536 3292 2593 diﬁ'erentibus.
3330 2536 3529 2605 Quare

1935 2643 2159 2699 corpus,
2194 2636 2249 2683 et
2274 2644 2619 2700 quascunque
2644 2630 2775 2685 sunt
2795 2630 2901 2686 sub
2931 2646 3165 2701 corpore
3188 2632 3529 2696 communia,

1936 2730 1996 2774 ut
2027 2718 2356 2783 aniinatum,
2389 2720 2618 2786 animal,
2652 2720 2840 2787 homo,
2872 2722 3199 2793 incorporea
3236 2729 3528 2785 vocantur,

1937 2809 2067 2878 quia
2103 2810 2543 2879 unumquodque
2577 2809 2775 2865 borum
2825 2819 3042 2867 nonest
3066 2812 3534 2881 subjectumscu.

1936 2898 2049 2964 sui,
2115 2899 2208 2953 sed
2281 2909 2463 2955 mente
2521 2902 3056 2971 comprehenditur:
3086 2918 3194 2957 non
3226 2904 3372 2958 enim
3402 2912 3535 2966 sun',

1942 2992 2025 3044 eis
2063 2989 2434 3059 proprietates
2482 2992 2760 3062 ὁριστικαὶ
2797 2993 2874 3064 (id
2910 3001 3015 3058 est,
3068 2993 3535 3059 individuautes).

1943 3080 2108 3153 360
2141 3082 2344 3150 quibus
2375 3082 2562 3136 sensui
2585 3083 2981 3152 subjiciuntur.
3014 3082 3302 3141 lndividua
3325 3096 3533 3148 tamen,

1941 3170 2010 3225 de
2040 3173 2241 3240 quibus
2274 3171 2389 3226 haec
2422 3171 2823 3241 praedicantur,
2879 3187 3112 3243 corpora
3143 3182 3295 3239 sunt,
3346 3182 3537 3244 utpme

1943 3264 2045 3320 sub
2073 3280 2294 3319 sensum
2325 3248 2608 3331 cadentia;
2634 3267 3001 3336 proprietates
3031 3266 3175 3321 enim
3201 3266 3408 3322 habent
3443 3268 3540 3322 dc-

1944 3357 2218 3424 ﬁuientes,
2251 3357 2367 3412 sive
2392 3356 2778 3413 terminantes.
2811 3356 3020 3413 Verum
3062 3358 3167 3413 etsi
3229 3373 3533 3415 commune

1944 3466 2163 3521 corpus,
2213 3458 2266 3505 et
2301 3451 2675 3521 quodcunque
2727 3458 2812 3506 est
2875 3451 2982 3506 sub
3041 3451 3166 3521 ipso
3214 3464 3538 3511 commune.

1944 3544 2331 3613 incorporeum
2365 3542 2592 3607 dicitur,
2645 3543 2775 3613 quia
2824 3558 2936 3598 non
2970 3551 3153 3613 potest
3194 3557 3385 3604 sensu,
3438 3542 3540 3605 sed

1944 3645 2127 3690 tuente
2159 3634 2397 3706 percipi,
2458 3641 2646 3691 tamen
2706 3643 2912 3689 natura
2972 3649 3179 3705 corpus
3219 3634 3538 3691 consistit;

1945 3732 2126 3789 simile
2147 3738 2231 3788 est
2293 3731 2397 3787 hoc
2453 3731 2667 3787 circulo
2697 3730 3028 3801 simpliciter
3086 3730 3265 3793 dicto,
3300 3744 3406 3784 non
3443 3729 3543 3784 ha-

1944 3824 2097 3881 benti
2167 3824 2341 3880 lineas
2400 3824 2689 3895 ὁριστικάς
2750 3821 3148 3895 [deﬁnientes].
3205 3821 3541 3893 llujusmodi

1944 3921 2089 3976 enim
2149 3920 2394 3975 circulus
2428 3926 2627 3973 natura
2660 3916 2884 3988 quidem
2926 3923 3303 3981 mensuratus,
3336 3925 3540 3986 quate-
3605 3974 3613 3981 _

1945 4031 2049 4071 nus
2086 4031 2217 4070 vero
2240 4030 2348 4068 non
2394 4012 2558 4067 habet
2606 4012 2781 4068 lineas
2804 4009 3155 4075 deﬁnientes,
3188 4022 3541 4080 nequaquam

1945 4110 2242 4179 subjicitur
2264 4106 2663 4164 mensurationi
2688 4122 2703 4172 ;
2738 4121 2851 4163 non
2877 4105 3028 4161 enim
3076 4102 3543 4174 Ιιοὴειὸριστικδν

1948 4203 2206 4273 σταυρδν,
2233 4201 2287 4256 id
2323 4210 2427 4267 est,
2485 4200 2690 4254 lineam
2727 4200 3060 4268 partientem
3083 4198 3139 4252 in
3166 4195 3388 4252 modum
3412 4210 3545 4250 cru-

246 4302 423 4357 σεται.
460 4302 667 4356 Οὑκοῦν
692 4305 719 4355 ό
756 4302 1050 4373 λεγόμενος
1095 4302 1283 4366 ἁπλῶς
1318 4302 1516 4367 κύκλος
1547 4304 1708 4372 φύσει
1745 4304 1831 4374 μὲι

1951 4299 2053 4359 eis,
2087 4311 2196 4367 qua
2246 4295 2426 4366 possit
2473 4292 2735 4362 cognosci
2787 4299 3032 4362 quantus
3091 4290 3210 4346 sit:
3241 4295 3545 4359 postquam

246 4398 520 4470 ἀορίστως
547 4400 852 4467 μετρεῖται.
895 4396 1218 4467 Ὀριστικῶς
1259 4396 1358 4466 οὑχ
1394 4396 1692 4449 ὑποπίπτει
1743 4414 1843 4467 με·

245 4488 465 4563 τρήσει.
519 4490 674 4545 Οὕτω
696 4490 757 4543 τὸ
790 4490 939 4562 παρά
979 4490 1073 4544 τοῦ
1109 4490 1281 4544 ἀϊδίου
1329 4490 1461 4543 Υἱοῦ
1500 4490 1848 4563 προσληφθὲν

245 4585 591 4657 ἀνθρώπινον
615 4582 795 4652 σῶμα,
840 4581 1002 4653 σῶμα.
1035 4582 1137 4652 μέν
1161 4567 1298 4635 ἐστι.
1331 4583 1519 4653 φύσει·
1555 4582 1677 4636 καθ’
1727 4583 1756 4636 ὅ
1791 4583 1849 4636 δὲ

247 4679 431 4731 κοινὰν
449 4675 529 4739 ὃν,
563 4675 814 4746 οὑδαμῶς
844 4675 949 4728 ὑπὸ
970 4676 1071 4747 τὴν
1098 4674 1353 4745 αἴσθησιν
1384 4675 1594 4740 πίπτει,
1624 4673 1847 4747 ἀσώμα-

246 4789 341 4825 τον
375 4768 660 4826 καλεῖται·
702 4769 790 4821 ἐπ’
818 4768 888 4821 ἂν
944 4768 1001 4821 δὲ
1046 4767 1513 4839 χαρακτηρίζεται
1550 4769 1847 4838 δριστικοῖς

253 4866 569 4938 ίδιώμασιν,
595 4862 887 4934 ὁριστικῶς
920 4862 1119 4917 αὐτίκα
1160 4865 1225 4932 τῇ
1258 4861 1509 4932 αἰσθήσει
1548 4860 1848 4917 ὑποπίπτει

251 4956 606 5031 χρηματίσαν
638 4953 894 5025 αἰσθητόν
927 4971 985 5006 τε
1014 4955 1111 5009 καὶ
1133 4953 1401 5007 ἄπτωτον.

1952 4396 2135 4444 autem
2163 4386 2340 4441 factus
2358 4385 2533 4441 .l'uerit
2559 4384 2807 4439 circulus
2841 4380 3221 4451 particularis,
3259 4378 3542 4449 specialis,

1951 4487 2007 4534 et
2056 4478 2348 4543 deﬁnitus,
2409 4476 2594 4531 statim
2675 4488 2940 4531 mensura
3020 4470 3541 4529 circumscribetur.

1952 4581 2218 4641 quantam
2266 4570 2465 4625 habeat
2514 4566 2972 4639 magnitudinem.
3036 4565 3212 4637 Igitur
3274 4562 3543 4621 circulus.

1953 4661 2399 4734 quisimplieitcr
2457 4659 2687 4723 dicitur,
2740 4666 2939 4713 natura
2997 4656 3217 4727 quidem
3261 4651 3549 4711 indeﬁnito

1955 4764 2333 4817 mensuratur,
2383 4753 2608 4810 deﬁnite
2633 4767 2766 4808 vero
2792 4769 2898 4808 non
2927 4750 3227 4821 subiicitur
3251 4760 3544 4803 mensura.

1960 4851 2052 4906 Sic
2088 4852 2391 4905 humanum
2422 4862 2629 4918 corpus
2648 4847 2720 4905 ab
2748 4853 2960 4904 interno
2991 4843 3130 4903 Filio
3175 4846 3547 4910 assumptum,

1960 4959 2167 5015 corpus
2195 4939 2417 5010 quidem
2438 4947 2525 4993 est
2541 4947 2763 5001 natura,
2795 4944 3074 5009 quatenus
3096 4947 3229 4989 vero
3253 4942 3551 4985 commune

253 5021 607 5122 nequaquam
644 5049 747 5105 sub
787 5063 1011 5103 sensum
1053 5047 1280 5112 cadens,
1315 5047 1707 5117 incorporeum
1744 5051 2004 5109 vocatur;
2078 5044 2370 5111 postquam
2438 5050 2570 5091 vero
2636 5034 2892 5104 signatur
2957 5028 3391 5101 proprietatibus
3447 5021 3548 5077 dep

240 5147 451 5211 ﬁnitis,
484 5143 750 5199 continuo
770 5141 995 5198 deﬁnite
1023 5141 1127 5197 sub
1151 5154 1371 5197 sensum
1390 5140 1558 5204 cadit,
1593 5146 1929 5213 vocaturque
1965 5134 2171 5193 sensile
2202 5138 2256 5187 et
2285 5128 2491 5187 tactile.

1554 5315 1791 5371 νΑῐιιΑς
1814 5269 2220 5372 anrroxes.

334 5418 376 5481 ν’
411 5415 762 5490 Σευηριανοί,
826 5411 886 5447 ”¹⁸
917 5411 1356 5483 σημαινομένων.

1441 5410 1481 5440 ’θ
1526 5406 1563 5461 f.
1604 5408 1855 5481 μερικδς,
1889 5408 2089 5470 εἰδικός
2123 5422 2182 5457 τε
2228 5404 2322 5456 καὶ
2364 5398 2664 5472 ὀριστικός.

1776 5517 2015 5576 NOTAE.

332 5628 449 5701 (37)
500 5627 559 5701 In
616 5625 881 5701 Bavarico
932 5623 1136 5701 codice
1173 5617 1628 5701 sejungebant't‘tn
1663 5614 1781 5701 ira?
1825 5628 1856 5667 a

264 5684 647 5768 Superioribus
674 5740 687 5761 ,
742 5697 1068 5765 interposito
1123 5684 1249 5747 huc
1286 5690 1487 5768 titulo;
1525 5685 1631 5768 ’ξοδ
1664 5684 1856 5768 Ἀδρυ-

263 5754 437 5839 illati,
466 5769 627 5841 quasi
652 5754 800 5825 esset
831 5754 1036 5823 udvum
1075 5763 1426 5835 opusculum.
1456 5756 1564 5810 Sed
1603 5759 1715 5812 lucc
1740 5754 1857 5843 diss

1966 5615 2160 5669 tinctio
2201 5628 2311 5667 non
2357 5611 2458 5665 fuit
2509 5610 2563 5662 in
2633 5606 2893 5663 Turn-iani
2933 5600 3259 5672 exmuplari,
3302 5605 3363 5653 ut
3396 5605 3555 5676 pm.

1967 5703 2031 5741 ex
2072 5686 2321 5757 ejusdem
2360 5682 2635 5737 versione.
