3934 6474
218 483 357 557 M83

1621 497 2043 561 OPUSCULA-

3356 500 3492 571 1490

211 597 462 661 ἐκείνους
507 598 707 663 κοινῶς
747 600 1184 672 νοουμένην,νδεῖ
1229 604 1664 677 κατηγορεῖσθαι
1696 606 1805 659 τῶν

1929 607 2052 663 enim
2083 607 2388 665 secundum
2415 607 2540 664 illos
2552 608 2928 666 communiter
2956 600 3257 682 cegitatam
3280 619 3497 682 oportet

187 682 593 763 ‘bttoo‘rdsswv,
629 690 704 763 μὴ
756 691 1020 762 λέγεσθαι
1074 693 1175 767 τὴν
1234 695 1438 765 φύσιν,
1468 695 1545 760 ὼς
1598 696 1803 750 ἐκεῖνοι

216 784 404 853 φασιν,
440 782 516 844 ὠς
543 783 798 838 ἐντεῦθεν
833 782 1313 858 ἀποδειχθήσεται.
1340 787 1404 840 Εἰ
1431 778 1538 859 γὰρ
1573 790 1605 860 η
1642 788 1806 858 φύσις

219 873 447 946 μερικὴ,
485 875 608 929 κατ’
641 875 888 942 ἐκείνους
936 880 1242 951 νοουμένη,
1279 880 1581 943 ὑπόστασις
1625 881 1805 945 ἐστιν,

216 964 435 1037 ἀνάγκη
470 970 624 1023 πᾶσα
649 971 783 1024 κατ’
815 972 1017 1036 αὐτοὺς
1058 972 1151 1026 τόν
1186 990 1248 1026 τε
1285 973 1531 1047 Πατέρα,
1571 975 1667 1028 καὶ
1690 974 1809 1028 τὸν

217 1060 369 1138 Υἱδν,
405 1063 497 1115 καὶ
534 1062 596 1116 τὸ
641 1063 869 1135 Πνεῦμα
917 1066 979 1119 τὸ
1006 1066 1165 1135 ἆγιον
1193 1070 1347 1138 τρεῖς
1395 1069 1630 1139 μερικάς
1688 1069 1811 1137 ἀρι-

221 1153 487 1223 θμεῖσθαι
520 1155 737 1224 φύσεις,
773 1159 868 1212 καὶ
891 1161 1045 1230 τρεῖς
1083 1158 1470 1230 ὁμολογεῖσθαι
1502 1161 1680 1225 θεοὺς,
1713 1160 1810 1214 καὶ

216 1247 373 1317 τρεῖς
417 1247 717 1319 θεότητας,
749 1250 779 1304 δ
831 1251 896 1321 δὴ
956 1251 1324 1323 βλασφημιῶν
1381 1254 1531 1306 ἐστιν
1578 1253 1809 1307 ἀπασῶν

217 1341 522 1414 ἀκροτάτη,
563 1342 767 1413 μᾶλλον
821 1344 878 1398 δὲ
926 1344 1024 1399 τοῦ
1072 1347 1510 1417 Χριστιανισμοῦ
1537 1345 1810 1417 παντελὴς

217 1433 452 1506 ἄρνησις
473 1452 488 1467 '
522 1435 665 1491 ὥστε
718 1438 870 1505 δῆλοι
912 1441 1223 1512 πεφήνασιν
1251 1442 1498 1515 ἀνοήτως
1531 1440 1808 1511 λέγοντες,

222 1528 459 1601 μερικὴν
504 1525 649 1585 εἶναι
681 1531 866 1601 φύσιν,
902 1534 952 1587 οῖ
1003 1535 1357 1607 παράφρονες
1394 1535 1686 1606 αἱρετικοὶ,
1717 1536 1813 1590 καὶ

218 1621 493 1677 πάντοθεν
528 1626 895 1693 στεφανοῦται
951 1627 1075 1681 κατ’
1100 1628 1283 1681 αὑτῶν
1315 1627 1587 1700 βασιλικῷ
1629 1629 1813 1700 διαδη-

222 1730 359 1784 ματι
391 1715 502 1769 τῶν
531 1716 832 1788 όρθοδόξων
859 1720 892 1791 ἡ
923 1721 1128 1786 πίστις,
1157 1723 1190 1793 ὴ
1229 1722 1322 1775 τὸν
1354 1722 1614 1794 Χριστὸν,
1641 1724 1813 1794 ἤγουν

113 1813 127 1819 ”
222 1802 313 1860 τὸν
333 1803 507 1862 ἀῖδιοᾭ
528 1808 655 1863 Υἱὺν
676 1810 1142 1882 ἐνηνθρωπηκότα
1164 1813 1302 1878 μίαν
1324 1814 1627 1868 ὑπόστασιν
1648 1812 1811 1881 εἶναι,

224 1900 319 1954 καὶ
363 1900 460 1956 δύο
490 1902 685 1972 φύσεις
712 1905 1053 1974 ὁμολογοῦσα
1081 1905 1173 1960 τὸν
1215 1907 1380 1962 αὑτὸν
1414 1906 1552 1980 ὁμοῦ
1586 1908 1722 1962 Θεόν
1752 1925 1814 1963 τε

1912 700 2204 770 praedicari
2238 701 2307 757 de
2327 702 2518 758 multis
2548 701 2970 776 hypoﬂasibus,
3008 710 3121 757 non
3152 712 3336 757 autem
3386 702 3496 759 dici

1909 799 2168 847 naturam
2220 792 2645 864 particularem,
2679 802 2742 849 ut
2772 793 2853 849 illi
2888 792 3103 860 dicunt,
3136 790 3497 866 quemadmo-

1908 884 2038 939 dum
2067 900 2134 940 ex
2190 885 2276 941 his
2301 886 2800 944 demonstrabitur.
2838 886 2899 942 Si
2956 886 3105 942 enim
3139 894 3340 940 natura
3373 901 3499 958 par-

1910 976 2182 1041 ticularis,
2222 987 2280 1032 ut
2302 977 2382 1032 illi
2408 976 2750 1050 intelligunt,
2792 978 3111 1050 hypostasis
3137 988 3242 1039 est,
3265 980 3500 1035 necesSo

1909 1070 2139 1124 omnino
2176 1076 2265 1127 est
2304 1072 2614 1127 secundum
2671 1086 2769 1127 eos
2804 1070 3023 1127 Patrem
3048 1111 3064 1138 ,
3097 1078 3151 1127 et
3181 1069 3406 1137 Filium,
3445 1054 3500 1126 et

1912 1160 2177 1232 Spiritum
2232 1172 2485 1219 sanctum
2507 1205 2523 1230 ,
2556 1173 2668 1218 tres
2700 1164 3071 1233 particulares
3122 1171 3358 1218 naturas
3388 1178 3498 1218 nu-

1911 1252 2142 1318 merari,
2172 1261 2229 1309 et
2270 1263 2385 1308 tres
2414 1253 2548 1308 deos
2578 1252 2710 1318 dici,
2742 1258 2799 1310 ει
2829 1264 2945 1310 tres
2972 1253 3234 1317 deitates,
3275 1252 3500 1323 quaeest

1912 1354 2131 1402 summa
2155 1348 2403 1403 otnnium
2434 1346 2804 1418 blasphemia,
2842 1348 2976 1417 quin
3008 1346 3192 1417 potius
3222 1344 3501 1401 Christia-

1912 1438 2156 1493 nismum
2191 1440 2411 1510 penitus
2459 1454 2700 1511 negare;
2737 1439 3099 1510 quamobrem
3138 1434 3500 1491 titanil'estum

1912 1540 1999 1587 est
2030 1532 2333 1593 amentium
2366 1532 2755 1588 haereticorum
2794 1545 2941 1593 esse,
2969 1529 3118 1601 quod
3170 1530 3326 1584 aiunt
3377 1542 3504 1583 esse

1914 1632 2165 1677 naturam
2230 1624 2656 1692 particularem;
2697 1630 2751 1678 et
2784 1636 2852 1677 ex
2892 1621 3046 1675 omni
3102 1629 3259 1691 parte
3311 1628 3504 1674 contra

1913 1729 2009 1769 eos
2049 1714 2201 1785 regia
2225 1729 2431 1769 corona
2487 1713 2781 1769 redimitur
2824 1710 2965 1768 ﬁdes
3010 1693 3346 1774 orthodoxa,
3385 1713 3507 1778 qua

1913 1806 2220 1872 Christum,
2236 1819 2508 1863 aeternum
2540 1808 2752 1864 scilicet
2766 1804 2968 1861 Filium
2992 1805 3199 1859 factum
3224 1801 3505 1858 hominem

1916 1918 2084 1957 unam
2123 1902 2460 1975 hypostas‘im
2502 1918 2650 1966 esse,
2686 1911 2741 1957 et
2773 1902 2914 1957 duas
2940 1907 3174 1956 naturas
3201 1896 3507 1954 conﬁtetur

222 1992 318 2047 καὶ
339 1993 656 2065 ἄνθρωπον,
691 1997 1058 2069 ὑποκείμενον
1087 1998 1178 2053 τὸν
1218 2000 1382 2055 αὐτὸν
1417 2003 1541 2065 ταῖς
1584 2001 1678 2056 δύο
1707 2004 1812 2071 φύ-

1929 1994 2172 2049 eumdem
2214 1995 2385 2051 Deum
2422 1994 2587 2050 simul
2617 2003 2672 2049 et
2706 1993 3031 2058 hominem,
3057 1987 3222 2062 362
3248 1987 3506 2045 eumdem

221 2102 376 2139 σεσιν
410 2087 550 2158 πρὸς
599 2091 962 2161 κατηγορίαν.
998 2090 1110 2144 Καὶ
1140 2090 1253 2163 γὰρ
1290 2091 1531 2162 ἑκατέρα
1569 2091 1681 2145 τῶν
1716 2090 1812 2146 δύο

1929 2087 2232 2158 subjectum
2286 2087 2504 2142 duabus
2542 2086 2761 2143 naturis
2790 2092 2852 2141 ut
2881 2086 2950 2141 de
2990 2098 3058 2140 eo
3108 2078 3505 2163 praedicantur.

218 2175 445 2246 φύσεων
485 2183 883 2252 κατηγορεῖται
919 2183 1108 2245 αὑτοῦ,
1139 2183 1235 2236 καὶ
1265 2183 1628 2254 μεταδίδωσιν
1661 2183 1812 2256 αὑτῷ

1929 2177 2169 2249 Utraque
2209 2180 2359 2235 enim
2410 2187 2605 2235 natura
2648 2180 2717 2236 de
2758 2190 2827 2235 eo
2869 2178 3227 2250 praedicatur,
3266 2162 3323 2230 et
3353 2173 3508 2229 como

217 2266 316 2324 τοῦ
362 2288 426 2325 τε
475 2271 745 2342 ὀνόματος
796 2275 992 2345 αὑτῆς,
1029 2275 1256 2330 καὶτοῦ
1311 2274 1567 2350 ὁρισμοῦ.
1596 2276 1814 2331 Ὄθενό

1929 2274 2168 2328 ηιιιιιίειιι
2193 2288 2318 2327 cum
2351 2288 2419 2329 eo
2456 2281 2512 2330 et
2538 2282 2739 2329 nomen
2773 2270 2833 2329 et
2883 2271 3288 2329 deﬁnitionem.
3350 2263 3512 2323 Unde

219 2358 395 2423 ἀΐδιος
428 2359 554 2424 Υἱός
605 2362 727 2416 ἐστι
763 2362 925 2429 Θεὸς,
950 2363 1026 2427 ὡς
1054 2366 1083 2417 ό
1112 2365 1329 2435 Πατὴρ,
1364 2365 1460 2418 καὶ
1494 2364 1556 2417 τὸ
1586 2363 1816 2436 Πνεῦμα

220 2453 283 2507 τὸ
320 2448 503 2523 ἅγιον,
540 2456 635 2509 κα¹ι
662 2457 756 2511 τὸν
790 2457 885 2511 τοῦ
920 2457 1058 2512 Θεοῦ
1111 2458 1342 2530 ὁρισμὸν
1380 2458 1696 2528 ἐπιδέχεται
1717 2497 1733 2522 ,
1755 2458 1816 2511 ὃν

218 2548 427 2617 τρόπον
477 2548 706 2604 ἐκείνων
748 2549 978 2615 ἕκαστος
1003 2590 1014 2614 ,
1041 2550 1137 2605 καὶ
1167 2550 1314 2604 ἔστιν
1360 2551 1389 2604 ό
1430 2550 1596 2614 αὐτὸς
1646 2550 1818 2615 ἀΐδιος

222 2635 355 2703 Υἱὸς
414 2639 727 2713 ἄνθρωπος,
764 2642 842 2707 ὡς
884 2643 981 2696 καὶ
1027 2642 1178 2697 ἐστιν
1218 2642 1377 2714 ἡμῶν
1418 2642 1652 2707 ἕκαστος
1677 2657 1690 2672 ·
1724 2644 1819 2697 καὶ⁸

223 2729 317 2784 τὸν
377 2731 472 2785 τοῦ
532 2732 827 2806 ἀνθρώπου
889 2734 1119 2806 ὁρισμὸν
1165 2735 1498 2805 ἐπιδέχεται,
1531 2736 1591 2789 ὃν
1615 2735 1823 2806 τρόπον

223 2820 456 2876 ἐκείνων
490 2823 747 2889 ἕκαστος,
780 2824 880 2879 καὶ
912 2824 1060 2878 ἔστιν
1085 2827 1113 2880 ὁ
1145 2825 1310 2889 αὐτὸς
1335 2825 1508 2889 ἀΐδιος
1542 2825 1671 2888 Υἱὸς
1721 2825 1819 2879 ἄν·

1920 2371 2167 2419 aa‘ternus
2205 2361 2383 2418 Filius
2428 2371 2513 2419 est
2547 2362 2712 2429 Deus,
2768 2364 2916 2419 sicut
2959 2360 3146 2426 Pater,
3178 2367 3234 2416 et
3269 2351 3512 2429 Spiritus

1918 2465 2175 2522 sanctus,
2202 2466 2259 2512 et
2286 2457 2666 2513 deﬁnitionem
2717 2455 2814 2513 Dei
2868 2456 3085 2526 recipit,
3142 2454 3288 2511 sicut
3334 2448 3515 2505 unus-

1919 2549 2425 2621 quisqueillorum,
2467 2557 2662 2618 estque
2683 2549 2825 2604 idem
2857 2554 3103 2605 aeternus
3120 2545 3293 2601 Filius
3322 2545 3515 2610 homo,

1922 2642 2067 2698 sicut
2098 2650 2153 2697 et
2183 2643 2567 2713 unusqmsque
2595 2649 2886 2706 nostrum;
2917 2652 2973 2697 et
3004 2639 3382 2696 deﬁnitionem
3410 2624 3514 2690 ho-

1921 2733 2093 2792 minis
2110 2735 2332 2807 recipit,
2357 2735 2411 2790 id
2435 2743 2543 2801 est,
2568 2734 2773 2790 animal
2793 2733 3064 2789 rationale
3087 2731 3341 2792 mortale,
3364 2730 3517 2784 men-

1923 2824 1999 2882 tis
2023 2834 2079 2881 et
2101 2822 2419 2899 disciplina-
2441 2838 2638 2898 capax,
2663 2827 2811 2883 sicut
2831 2826 3220 2896 unusquisque
3238 2822 3515 2879 nostrum.

218 2915 472 2986 θρωπος,
521 2916 598 2980 ὡς
651 2917 746 2971 καὶ
793 2916 945 2972 ἐστιν
985 2918 1146 2989 ήμῶν
1187 2919 1461 2983 ἕκαστος’
1491 2919 1586 2972 καὶ
1638 2918 1730 2973 τὸν
1774 2917 1872 2972 τοῦ
1927 2919 2222 2992 ἀνθρώπου
2273 2921 2508 2994 ὁρισμθν
2555 2920 2895 2992 ἐπιδέχεται,
2922 2919 3067 2974 τοῦτ’
3103 2919 3220 2974 ἐστι
3265 2917 3325 2972 τὸ
3377 2911 3518 2972 εἶναι

225 3006 368 3072 ζῶον
402 3009 642 3077 λογικὸν,
675 3009 873 3080 θνητὸν
897 3050 912 3075 ,
945 3012 1040 3064 καὶ
1063 3011 1383 3079 ἐπιστήμης
1449 3009 1724 3077 δεκτικὸν,
1765 3009 1890 3064 καθ’
1925 3010 1985 3067 δν
2023 3014 2229 3083 τρόπον
2258 3013 2423 3085 ἡμῶν
2444 3013 2698 3076 ἕκαστος.
3180 3022 3185 3027 ’

309 3103 367 3155 '0
390 3101 449 3156 δὲ
477 3101 652 3170 λέγων
677 3102 770 3155 τὸν
803 3100 1041 3173 Χριστὸν
1077 3101 1209 3172 μίαν
1241 3097 1384 3154 εἶναι
1419 3100 1681 3154 σύνθετον
1717 3099 1817 3169 φύ-

1995 3101 2098 3170 Qui
2140 3114 2323 3160 autem
2356 3104 2496 3161 dicit
2545 3102 2831 3162 Christum
2872 3108 3039 3159 unam
3074 3088 3329 3158 naturam
3360 3099 3518 3157 coni-

228 3211 336 3258 σιν,
369 3194 445 3258 ὡς
473 3194 591 3248 ἐστι
625 3193 725 3263 μία
752 3193 1012 3258 σύνθετος
1041 3193 1366 3257 ὑπόστασις,
1399 3193 1627 3265 ὀνόματι
1668 3192 1822 3263 φιλο-

230 3287 465 3357 σοφικῷ,
498 3287 601 3358 τήν
653 3304 714 3341 τε
777 3288 940 3357 φύσιν
988 3286 1194 3358 ταύτην
1248 3286 1538 3355 ὀνομάσαι,
1579 3284 1673 3339 καὶ
1723 3282 1824 3355 τὴν

229 3379 553 3446 ὑπόστασιν,
587 3378 850 3443 ὡσαύτως
881 3379 1260 3454 βιασθήσεται.
1324 3378 1436 3448 Τὴν
1471 3376 1659 3446 μέντοι
1692 3375 1827 3428 ὑπό-

232 3487 426 3525 στασιν
458 3471 677 3535 πάντως
707 3471 992 3526 καλέσειεν
1019 3471 1188 3525 ἀΐδιον
1223 3469 1354 3523 Υἱὸν
1377 3467 1823 3540 σεσαρκωμένον.

231 3544 311 3634 Τῇ
342 3561 400 3616 δὲ
430 3562 594 3633 φύσει
628 3563 751 3617 τινα
778 3562 976 3634 κλῆσιν
1000 3564 1107 3634 ἄρα
1135 3562 1474 3633 ἐφαρμόσειν
1497 3560 1823 3632 δυνήσεταις

231 3657 296 3711 Ei
331 3658 444 3726 γὰρ
474 3656 608 3709 Θεὸν
638 3656 843 3725 ταύτην
873 3656 1221 3727 ὀνομάσειεν,
1255 3656 1559 3727 ἀρνήσεται
1593 3654 1693 3726 τὴν
1728 3654 1826 3707 ἀν-

232 3749 591 3820 θρωπότητα.
620 3750 685 3802 El
730 3749 789 3802 δὲ
828 3747 1035 3820 ταύτην
1101 3747 1392 3820 ἄνθρωπον
1446 3745 1829 3818 προσαγορεύ-

234 3840 626 3905 σειεν,,ἀνελεῖ
685 3840 787 3913 τὴν
847 3840 1081 3913 Τριάδα.
1113 3839 1176 3893 Ei
1209 3837 1266 3893 δὲ
1315 3839 1456 3909 μήτε
1511 3839 1650 3892 Θεὲν
1687 3840 1829 3910 μήτε

233 3934 529 4006 ἄνθρωπον
557 3931 766 4003 ταύτην
796 3934 1139 4003 ὀνομάσειεν,
1170 3926 1262 3985 τὸν
1296 3932 1537 4002 Χριστὸν
1578 3928 1687 4002 ἄρα
1722 3947 1830 3984 πα-

235 4027 603 4097 ραστήσεται,
630 4025 771 4096 μήτε
799 4024 934 4078 Θεὸν
963 4021 1133 4090 εἶναι,
1178 4025 1320 4096 μήτε
1354 4023 1649 4095 ἄνθρωπον
1678 4040 1692 4055 ο
1730 4021 1831 4076 κα)⁸

234 4114 376 4186 πρὸς
408 4117 480 4186 τῇ
516 4115 776 4189 αἰσχύνῃ,
806 4116 900 4168 καὶ
940 4114 1187 4186 μεγίστῳ
1217 4117 1609 4188 περιπεσεῖται
1661 4114 1832 4185 βλασ-

235 4211 577 4281 φημήματι,
659 4209 755 4263 καὶ
817 4208 1097 4274 ἀπωλείας
1162 4208 1426 4282 χάσματι.
1496 4210 1661 4264 Ποῖον
1721 4207 1833 4279 γὰρ

236 4300 465 4372 ἐφεύροι
505 4303 534 4355 ό
563 4302 828 4372 δύστηνος
875 4301 1005 4373 τῇδε
1056 4303 1121 4373 τῇ
1173 4304 1306 4374 κενῇ
1355 4302 1450 4356 καὶ
1478 4300 1644 4356 νωθεῖ
1671 4300 1835 4371 φύσει

1925 3194 2164 3264 positam
2188 3211 2337 3262 esse,
2370 3196 2517 3253 sicut
2541 3202 2627 3251 est
2658 3210 2770 3250 una
2817 3194 3127 3265 composita
3178 3192 3517 3263 hypo‘stasis,

1926 3295 2154 3358 cogetur
2185 3287 2477 3343 nominare
2499 3288 2726 3343 nomine
2767 3286 3155 3358 philosophice
3194 3286 3360 3349 hanc,
3419 3286 3518 3339 ‘na-

1928 3387 2132 3448 turam,
2167 3386 2222 3436 et
2258 3381 2520 3435 similiter
2555 3380 2923 3452 hypostasim.
2954 3378 3139 3449 Atque
3179 3376 3521 3450 hypo‘stasio‘t

1927 3474 2150 3545 quidem
2183 3475 2412 3530 omnino
2441 3476 2726 3530 vocaverit
2780 3482 3047 3529 mternum
3081 3471 3283 3527 Filium
3333 3472 3524 3526 incura-

1928 3577 2143 3623 natum.
2173 3567 2400 3623 Naturae
2441 3583 2574 3623 vero
2618 3582 2782 3637 quam
2826 3560 3255 3637 appellationem
3298 3568 3524 3618 Διιειιιιιιι-
3604 3567 3607 3571 ⁷

1931 3658 2160 3714 modare
2213 3659 2455 3729 poterit?
2510 3658 2576 3712 Si
2628 3658 2778 3714 enim
2839 3657 2984 3711 hanc
3035 3654 3275 3726 appellet
3324 3653 3523 3721 Deum,

1930 3748 2156 3818 negabit
2210 3749 2662 3804 humanitatem:
2707 3748 2794 3803 sin
2857 3756 3037 3802 autem
3096 3747 3239 3801 hanc
3293 3746 3529 3817 appellet

1931 3842 2236 3909 hominem,
2277 3842 2432 3897 tollet
2480 3841 2835 3897 Trinitatem.
2867 3839 2966 3894 Sin
2997 3855 3128 3894 vero
3176 3841 3319 3894 hanc
3350 3851 3530 3910 neque

1934 3934 2109 3991 Deum
2160 3950 2344 4006 neque
2397 3935 2677 3995 hominem
2726 3934 2993 4001 nominet,
3038 3932 3325 3988 Christum
3354 3933 3531 4003 igitur
3598 3980 3603 3985 .

1933 4033 2140 4082 statuet
2171 4041 2350 4097 neque
2383 4025 2552 4081 Deum
2583 4038 2710 4082 esse
2753 4040 2935 4096 neque
2963 4023 3267 4079 hominem.
3289 4021 3531 4077 Incidet-

1934 4133 2043 4187 quc
2075 4117 2134 4171 in
2161 4116 2428 4181 dedecus,
2453 4125 2510 4173 et
2531 4118 2833 4175 maximum
2868 4116 3103 4181 crimen,
3129 4124 3185 4169 et
3216 4116 3526 4170 interitum.

1936 4210 2092 4277 Quod
2132 4211 2282 4265 enim
2347 4226 2545 4266 nomen
2599 4210 2769 4266 miser
2806 4209 3060 4265 invenire
3108 4208 3309 4279 peterit
3374 4207 3527 4262 inani

1937 4310 1994 4358 et
2054 4304 2227 4357 tardae
2305 4310 2518 4357 natum
2597 4300 3131 4357 accommodatum?
3193 4304 3306 4354 non
3380 4301 3529 4355 enim

237 4391 502 4463 ἁρμόδιον
531 4390 726 4463 ὄνομα,
756 4394 840 4447 ὅτι
879 4392 955 4464 μὴ
984 4392 1298 4463 σκινδαψὸς,
1331 4394 1365 4465 ἢ
1397 4392 1769 4465 τραγέλαφος,
1807 4403 1826 4457 σι

1937 4409 2139 4450 nomen
2174 4393 2530 4464 scindapsus,
2558 4401 2656 4449 aut
2677 4392 3054 4464 tragelaphus,
3100 4401 3195 4447 aut
3237 4390 3390 4447 aliud
3423 4393 3532 4447 hu-

236 4482 367 4537 ἄλλο
396 4502 457 4538 τι
480 4484 591 4537 τῶν
615 4483 874 4539 τοιούτων
902 4499 917 4549 ;

309 4575 487 4630 Τοῦτο
514 4573 572 4628 δὲ
602 4574 839 4643 μάλιστα
865 4574 950 4628 δεῖ
994 4591 1287 4643 γινωσκειν
1314 4576 1480 4647 ὑμᾶς,
1512 4569 1557 4630 ὦ
1599 4575 1836 4645 φιλομα-

241 4665 525 4729 θέστατοι,
558 4667 635 4732 ὡς
664 4669 847 4741 νῄμεῖς
879 4669 929 4722 οἱ
969 4667 1248 4739 όρθόδοξοι
1299 4668 1390 4722 τὸν
1420 4668 1663 4741 Χριστὸν
1692 4664 1837 4722 εἶναι

243 4758 374 4828 μίαν
408 4756 673 4814 σύνθετον
699 4758 1004 4813 ὑπόστασιν
1035 4757 1311 4827 λέγοντες,
1336 4760 1435 4830 οὑχ
1460 4760 1655 4832 ἑτέραν
1687 4755 1840 4830 παρὰ

185 4836 193 4847 ’
238 4849 340 4924 τὴν
386 4850 485 4907 τοῦ
536 4850 709 4905 ἀϊδίου
756 4850 890 4904 Υἱοῦ
928 4851 1163 4921 νοοῦμεν
1204 4851 1526 4918 ὑπόστασιν,
1566 4851 1669 4922 τὴν
1705 4851 1841 4923 μίιν

239 4938 409 4997 οὖσαν
475 4942 578 5014 τῆς
626 4943 890 5014 Τριὰδος·
926 4942 988 4996 οὑ
1042 4942 1154 5015 γὰρ
1209 4947 1398 5015 κοινήν
1452 4963 1575 4999 τινα
1620 4962 1839 4999 συνειση

244 5038 435 5112 φέρειν
492 5038 820 5109 ἀνεχόμεθα,
856 5039 930 5109 μὴ
957 5038 1211 5107 γένοιτοί
1261 5040 1402 5094 Ἀλλ’
1433 5036 1527 5095 οὖν
1584 5043 1614 5095 ὀ
1639 5042 1841 5114 τρόπος

246 5130 637 5206 σαφηνιζέσθω
667 5135 769 5205 τῆς
800 5136 1176 5207 ὑποστατικῆς
1211 5137 1542 5202 συνθέσεως.
1573 5136 1840 5192 Σύνθετον

246 5226 314 5297 δὴ
348 5228 517 5301 διχῶς
551 5222 822 5299 εἶναιτὴν
869 5224 967 5280 τοῦ
1011 5227 1186 5282 ἀϊδίου
1229 5227 1361 5283 Υἱοῦ
1411 5229 1646 5301 λέγομεν
1703 5231 1841 5284 ὑπό-

252 5334 465 5375 στασιν.
511 5321 748 5389 Λέγεται
804 5320 914 5392 γάρ
985 5319 1242 5386 σύνθετος
1297 5322 1363 5375 ἐκ
1429 5322 1688 5394 θεότητος
1744 5322 1842 5377 καὶ

254 5410 716 5482 ἀνθρωπότητος·
778 5410 1001 5481 λέγεται
1057 5412 1219 5467 πάλιν
1282 5413 1576 5481 σύνθετος,
1638 5415 1718 5480 ὡς
1778 5415 1843 5469 ἐκ

256 5501 435 5574 ψυχῆς
463 5505 558 5559 καὶ
582 5502 840 5574 σώματος
890 5502 1002 5558 τῶν
1037 5502 1347 5576 ἀνθρώπων
1385 5505 1641 5570 ἕκαστος.
1682 5506 1845 5561 Ἀλλὰ

259 5592 327 5645 ἐκ
357 5592 612 5665 θεότητος
664 5593 760 5646 καὶ
807 5592 1233 5665 ἀνθρωπότητος
1261 5594 1322 5648 οὑ
1371 5595 1592 5664 λέγεται
1635 5592 1844 5668 Κύριος

265 5685 540 5753 σύνθετος,
575 5686 961 5759 μεταφορικῶς
993 5685 1075 5740 δέ*
1105 5689 1214 5741 πᾶν
1247 5687 1358 5760 γὰρ
1405 5688 1615 5761 κυρίως
1648 5688 1843 5743 σύνθε-

261 5793 356 5831 τον
408 5777 490 5846 ὃν,
555 5779 658 5833 οὑκ
698 5773 769 5848 ἧν
819 5779 1175 5834 παντάπασιν
1223 5782 1355 5852 πρὶν
1409 5780 1442 5852 ἢ
1501 5780 1871 5852 συναιρθῆναιΔ

262 5868 324 5934 ἐξ
359 5865 432 5925 ὧν
463 5868 820 5927 συντέθειται.
846 5870 1051 5928 ’Τὸν-δέ
1081 5873 1323 5944 Χριστὸν
1351 5872 1412 5928 οὑ
1444 5888 1629 5945 φαμεν
1652 5874 1844 5938 ἁπλῶς

264 5961 343 6034 μὴ
372 5956 510 6021 εἶναι
544 5962 825 6030 παντελῶς
848 5965 954 6038 πρὸ
981 5962 1084 6038 τῆς
1114 5964 1334 6020 συνόδου
1357 5966 1457 6037 τῆς
1481 5965 1736 6039 egomt;
1776 5980 1834 6021 τε

1869 4499 1914 4554 ι)
1939 4485 2208 4556 jusmodi.

2015 4577 2129 4633 lloe
2155 4587 2339 4635 autem
2373 4579 2613 4633 maxime
2634 4575 3034 4633 advertendum
3065 4576 3246 4642 vobis,
3286 4575 3384 4647 qui
3412 4583 3535 4632 stu-

1941 4672 2038 4728 dio
2064 4671 2311 4745 discendi
2366 4670 2652 4734 tenemini,
2703 4669 2849 4740 quod
2909 4682 3013 4724 nos
3063 4667 3385 4732 orthodoxir
3406 4678 3531 4723 cum

1941 4763 2228 4819 Cbrismm
2260 4778 2425 4818 unam
2459 4761 2803 4834 hypostasim
2834 4760 3202 4831 compositura
3235 4768 3361 4816 esse
3389 4761 3536 4817 dici-

1943 4870 2089 4921 mus,
2143 4871 2252 4911 non
2308 4856 2474 4910 aliam
2537 4854 2902 4927 hypostasitn,
2962 4869 3129 4924 quam
3186 4853 3534 4926 hypostasim

1942 4947 2137 5003 atterni
2166 4945 2291 5002 Filii
2321 4947 2706 5018 intelligimus,
2744 4962 2869 5016 qua:
2907 4960 3018 5000 una
3056 4953 3141 5000 est
3188 4943 3482 5000 Trinitatis
3514 4963 3532 5013 ;

1943 5055 2056 5095 non
2114 5041 2263 5095 enim
2312 5041 2560 5109 patimur
2605 5039 2848 5110 aliquam
2904 5051 3256 5094 communem
3319 5036 3533 5099 induci.

1945 5131 2134 5188 absit!
2175 5129 2283 5188 Sed
2318 5131 2669 5187 declaremus
2723 5128 2948 5185 modum
2981 5126 3346 5201 hypostaticze
3379 5135 3536 5184 com-

1943 5226 2262 5297 positionis.
2314 5225 2699 5296 Compositam
2764 5223 2992 5294 quidem
3050 5223 3351 5295 dupliciter
3409 5239 3537 5279 esse

1944 5318 2136 5376 aeterni
2162 5316 2285 5374 Filii
2315 5318 2409 5374 Dei
2459 5317 2803 5391 hypostasim
2833 5320 3096 5375 dicimus.
3129 5318 3340 5372 Dicitur
3387 5316 3533 5372 enim

1946 5413 2258 5482 composita
2308 5427 2375 5467 ex
2404 5410 2699 5467 divinitate
2728 5420 2783 5466 et
2818 5412 3161 5466 humanitate
3198 5428 3213 5464 :
3246 5419 3299 5464 ct
3330 5409 3537 5465 dicitur

1946 5521 2144 5562 rursus
2166 5505 2476 5574 composita
2502 5518 2567 5559 ex
2599 5503 2782 5558 anima
2815 5515 2871 5559 et
2903 5511 3155 5574 carpare,
3192 5501 3338 5556 sicut
3369 5515 3540 5555 unus-

1946 5596 2186 5668 quisque
2230 5596 2417 5652 homo.
2468 5592 2578 5651 Sed
2609 5611 2675 5649 ex
2703 5595 2908 5651 deitate
2945 5604 3001 5651 ει
3031 5596 3378 5650 humanitate
3426 5606 3535 5648 non

1946 5688 2152 5745 dicitur
2179 5688 2399 5759 proprie
2441 5689 2749 5759 composlta
2773 5727 2788 5753 ,
2836 5689 2940 5745 sed
2988 5688 3385 5759 metaphor-ice,
3419 5688 3539 5744 Sive

1947 5784 2236 5839 translate.
2271 5786 2448 5836 Umne
2490 5780 2639 5836 enim
2694 5782 2842 5852 quod
2899 5782 3122 5853 proprie
3163 5779 3537 5851 compositum

1953 5884 2061 5937 est,
2097 5887 2206 5930 non
2258 5870 2379 5930 erat
2400 5872 2560 5943 prlus
2587 5880 2752 5944 quam
2805 5873 3063 5945 copulata
3096 5880 3284 5928 essent
3327 5888 3413 5937 ea,
3470 5888 3534 5927 cx

1943 5966 2144 6039 quibus
2172 5965 2541 6038 compositum
2564 5970 2669 6023 est.
2701 5964 2988 6022 ChriStum
3014 5972 3144 6022 vero
3165 5976 3275 6022 non
3301 5964 3538 6021 dicimus
