3934 6444
215 469 385 538 1433

1668 479 2085 545 OPUSCULA.

3376 474 3511 539 1494

299 592 377 637 .~\.
418 581 599 644 ’Ἅπας
622 584 855 656 αριθμδς
882 586 1317 658 προσδεχόμενος
1343 592 1668 663 προσθήκην
1686 634 1701 657 ,
1728 594 1823 647 καὶ

1998 595 2063 649 Δ.
2108 594 2305 653 Omnis
2358 612 2632 654 numerus
2701 593 2798 666 qui
2842 582 3044 664 recipit
3077 589 3507 657 'accessioncm,

213 673 421 742 πέρας
465 673 799 746 ἐπιδέχεται.
850 676 909 732 '0
965 675 1060 732 οὖν
1103 680 1213 733 τῶν
1243 680 1548 753 ἀνθρώπων
1584 683 1821 752 ἀριθμὸς

194 764 629 836 ⁴ἐπιδεχιίμενος
680 768 1025 840 προσθήκην,
1082 774 1504 843 πεπερασμένος
1560 775 1737 838 ἐστὶν,
1769 775 1821 828 εἳ

214 859 334 911 καὶ
381 861 543 928 ἡμεῖς
587 862 893 933 ἀγνοοῦμεν
921 864 1023 935 τὴν
1054 866 1352 937 ποσότητα,
1376 867 1493 921 ἀλλ’
1525 868 1821 940 ὑποθώμε-

215 946 299 1000 θα
364 951 665 1018 συντομίας
709 954 804 1007 καὶ
862 957 1166 1026 σαφηνείας
1223 957 1454 1026 ἕνεκεν,
1487 955 1629 1013 εἶναι
1694 963 1825 1025 τοὺς

214 1037 460 1104 πάντας
500 1042 826 1113 ἀνθρώπους
862 1046 1079 1103 ἑκατόν.
1143 1047 1434 1102 Ἀδύνατον
1492 1049 1551 1102 δὲ
1599 1050 1826 1112 τούτους

215 1128 496 1195 ἅπαντας
525 1136 824 1204 γειινητοὺς
852 1136 1152 1207 ὑπάρχειν·
1195 1138 1257 1203 ἐξ
1288 1140 1536 1211 ἀλλήλων
1584 1142 1683 1212 μὲν
1716 1142 1825 1212 γὰρ

215 1219 720 1288 γενεαλογοῦνται·
758 1225 895 1279 ἀλλὰ
919 1226 1263 1291 ἀναποδίζων
1291 1231 1320 1283 ὁ
1349 1230 1473 1294 νοῦς
1500 1231 1601 1303 τὴν
1631 1249 1827 1300 γενεα-

214 1307 436 1379 λογίαν
460 1314 556 1366 sui.
600 1314 669 1368 τὰ
704 1316 837 1382 ἄνω,
876 1320 958 1382 είς
1001 1319 1098 1373 ἕνα
1138 1323 1383 1392 καταντᾷ
1415 1323 1634 1386 πάντως
1666 1322 1833 1391 ἀγέν-

216 1414 430 1470 νητον,
471 1403 546 1456 Οὑ
582 1407 693 1475 γὰρ
724 1406 1003 1478 ἐνδέχεται
1049 1411 1143 1463 ἐπὶ
1174 1410 1266 1465 τὸν
1304 1412 1525 1484 πρῶτον
1571 1414 1829 1479 ἐλθόντας

217 1490 445 1560 εἰπεῖν,
475 1496 639 1549 αὑτὸν
664 1496 722 1565 ἐξ
773 1499 934 1553 ἄλλου
973 1503 1373 1574 γεγεννῆσθαι·
1416 1506 1540 1559 ἐπεὶ
1572 1507 1828 1570 κάκεῖνος

218 1582 287 1648 ἐξ
345 1586 543 1657 ἐτέρου
593 1591 1088 1662 γεγεωημένοςνᾶν
1123 1596 1234 1667 εἴη,
1266 1596 1461 1668 μέχρις
1498 1598 1565 1652 ἂν
1597 1598 1691 1651 ἐπὶ
1737 1598 1829 1654 τὸν

218 1675 467 1744 πρῶτον
528 1680 825 1751 ἀγέννητον
856 1686 947 1738 τὸν
979 1686 1108 1741 νοῦν
1154 1689 1551 1761 ἐπερείσωμεν.
1586 1692 1826 1764 Ἀνάγκη

217 1769 428 1825 τοίνυν
455 1771 666 1841 τοῦτον,
690 1775 722 1846 ἢ
752 1778 815 1830 ἐκ
846 1781 947 1850 τῆς
975 1779 1080 1850 γῆς
1113 1780 1298 1850 φῦναι,
1323 1783 1579 1855 καθάπερ
1602 1784 1670 1838 τὰ
1698 1785 1828 1855 βλα-

220 1861 336 1931 στή
350 1879 507 1930 ματα
526 1865 593 1935 ,ἦ
624 1866 797 1921 ἀΐδιον
822 1866 1037 1944 εἴναι,ἢ
1063 1873 1170 1926 ὑπό
1192 1892 1336 1936 τινος
1355 1876 1699 1948 δημιουργοῦ
1729 1897 1828 1932 πε-

223 1953 535 2024 ποιῆσθαι.
573 1956 714 2011 Ἀλλ’
747 1962 795 2013 εί
824 1961 926 2030 μὲν
956 1964 1022 2016 ὲκ
1051 1965 1151 2034 τῆς
1181 1966 1276 2034 γῆς
1312 1966 1707 2040 ὲϐεὗλαστήκει
1734 1970 1831 2024 καὶ
1862 1951 1905 2006 Β

220 2045 317 2108 είς
370 2044 460 2100 ἔτι
501 2047 568 2102 ἂν
618 2049 749 2121 ἄχρι
780 2052 873 2106 τοῦ
908 2057 1176 2126 παρόντος
1207 2058 1431 2130 ἐτέρους
1471 2060 1828 2129 ὲϐλάστανεν,

220 2132 437 2208 ὥσπερ
465 2141 561 2193 καὶ
585 2141 696 2196 τῶν
734 2143 969 2216 δένδρων
1002 2148 1099 2201 καὶ
1129 2148 1371 2219 βοτανῶν
1401 2152 1540 2224 είδη.
1608 2154 1832 2227 Ἐπειδὴ

221 2227 291 2281 δὲ
334 2230 447 2301 οὑχ
487 2232 705 2302 ὁρῶμεν
732 2236 891 2290 τοῦτο
918 2239 1228 2309 γινόμενον,
1258 2224 1419 2312 δῆλον
1448 2244 1531 2298 ὅτι
1561 2246 1686 2299 οὑδὲ
1738 2224 1830 2300 τὸν
1875 2310 1883 2317 ,

226 2321 471 2391 πρῶτον
520 2324 877 2397 ἐϐλάστησεν.
906 2331 1045 2384 Οὑδὲ
1105 2334 1214 2402 μὴν
1273 2334 1446 2398 ἀΐδιος
1500 2332 1592 2407 ἦν.
1627 2338 1691 2399 Εἰ
1723 2339 1834 2408 γὰρ

225 2413 490 2486 ἄναρχος
545 2418 640 2472 καὶ
697 2420 866 2483 ἀΐδιος
929 2423 1195 2494 ὑπῆρχεν,
1249 2427 1353 2480 οὑκ
1400 2427 1467 2480 ἂν
1526 2429 1832 2500 ἐτεθνήκει,

224 2505 353 2559 οὐδ’
384 2506 455 2560 ἂν
501 2508 772 2566 ἀπώλετο.
808 2513 882 2565 Τὸ
930 2514 1037 2585 γὰρ
1092 2516 1353 2588 ἄναρχον,
1386 2520 1483 2573 καὶ
1537 2520 1836 2593 ἀτελεύτη-

225 2614 358 2651 τον.
393 2599 657 2656 Λείπεται
685 2606 976 2676 τοιγαροῦν
1011 2608 1174 2661 αὑτὸν
1216 2611 1551 2682 πεποιῆσθαι
1580 2614 1646 2678 ³¹,
1676 2614 1737 2667 τὸ
1779 2615 1838 2668 δὲ

229 2694 626 2763 πεποιημένον
652 2696 767 2766 ἔχει
798 2702 1049 2772 ποιητήν.
1078 2703 1221 2772 Ἀρα
1241 2704 1353 2758 τῶν
1380 2704 1682 2776 ἀνθρώπων
1714 2707 1837 2762 ἐστὶ

229 2781 497 2851 Κτίστης
518 2801 577 2837 τε
612 2788 708 2838 καὶ
739 2791 996 2859 ποιητής.

308 2871 491 2941 Δέχου
518 2873 577 2926 δὲ
604 2875 695 2928 καὶ
726 2877 891 2948 ἄλλην
914 2879 1190 2946 ἀπόδειξιν
1216 2883 1297 2945 είς
1329 2882 1660 2952 θεογνωσίαν
1701 2885 1831 2939 καθ-

228 2961 578 3031 οδηγοῦσαν.
604 2965 742 3019 Εἰπέ
777 2984 893 3038 μοι,
920 2971 966 3022 εί
1001 2970 1172 3040 βῶλον
1197 2974 1259 3025 ὲκ
1277 2973 1375 3043 τῆς
1399 2977 1503 3045 γῆς
1537 2975 1719 3029 λαϐὼν
1751 2979 1836 3048 ἐφ’

229 3053 456 3124 ὑψηλὸν
499 3059 508 3069 “
545 3056 814 3130 ἀναϐαίην
920 3061 1232 3133 δωμάτιον,
1307 3067 1565 3121 κάκεῖθεν
1645 3068 1837 3124 τοῦτον

229 3147 469 3216 ἀφείην,
499 3148 619 3218 οὑχ).
648 3149 808 3219 φύσει
859 3157 1187 3227 κατωφερῆς
1216 3155 1313 3223 ὢν,
1345 3158 1438 3211 ἐπὶ
1461 3159 1528 3211 τὰ
1566 3159 1715 3214 κάτω
1758 3162 1838 3215 δι-

227 3238 466 3306 ηνεκῶς
516 3240 763 3310 φέρεται,
817 3245 1011 3318 μέχρις
1071 3246 1136 3303 ἂν
1200 3250 1292 3303 ἐπὶ
1341 3250 1711 3324 στερεώτερον¹
1743 3254 1836 3307 καὶ

210 3329 508 3399 ιάκίνητον
538 3332 762 3405 ἐρεισθῇ
787 3351 806 3403 ;

310 3420 382 3476 Β.
406 3422 540 3478 Ναί.

307 3515 379 3569 Α.
415 3514 605 3582 Οὕτως
661 3519 756 3573 καὶ
790 3523 823 3593 η
857 3522 954 3594 γῆο
1016 3525 1079 3579 ὲκ
1103 3524 1211 3599 γὰρ
1267 3527 1360 3582 τοῦ
1391 3530 1592 3600 μέρους
1629 3533 1689 3588 τὸ
1726 3538 1837 3591 πᾶν

233 3608 752 3680 καταλαμϐάνεται.
801 3615 865 3669 Εί
902 3617 979 3688 μὴ
1034 3619 1143 3691 γὰρ
1182 3620 1428 3676 κάτωθεν
1459 3620 1605 3696 εἶχέν
1633 3645 1684 3681 τι
1711 3647 1837 3683 στε-

234 3699 524 3774 ρεώτερον
559 3704 844 3773 ὑπερεῖδον
872 3708 1067 3781 αὑτὴν,
1110 3712 1209 3766 οὑκ
1248 3713 1318 3769 ἂν
1337 3715 1528 3785 ἔληξεν
1550 3720 1711 3774 κάτω
1737 3739 1836 3790 φε-

235 3794 473 3864 ρομένη.
533 3795 649 3850 Νῦν
705 3798 761 3851 δὲ
796 3800 1001 3871 ταύτην
1023 3803 1243 3875 δρῶμεν
1293 3807 1613 3864 ἀσάλευτον.
1650 3812 1839 3868 Ἔστιν

234 3882 353 3955 ἄρα
386 3882 624 3956 δύναμίς
653 3904 738 3951 τις
791 3890 1119 3962 ἰσχυροτέρα
1154 3896 1188 3966 ἡ
1219 3895 1426 3966 ταύτην
1475 3897 1838 3969 ὑπερείδουσα

234 3978 365 4030 καὶ.
399 3977 770 4047 βαστάζουσα,
831 3982 958 4053 ἥτις
1003 3986 1152 4040 ἐστὶν
1183 3989 1210 4040 ὁ
1238 3987 1332 4041 τοῦ
1372 3989 1509 4044 Θεοῦ
1545 3992 1739 4062 Λόγος.
1774 3994 1837 4049 Εἰ

235 4068 352 4141 γὰρ
388 4070 583 4140 ἓτερον
613 4072 831 4126 ὑπεῖναι
862 4074 1025 4144 σῶμα
1064 4077 1198 4149 φαίη
1226 4096 1307 4143 τις
1335 4081 1618 4152 ὑπερεῖδον
1645 4084 1838 4156 αὐτὴν,

232 4161 291 4251 τί
332 4161 399 4215 τὸ
466 4163 692 4216 κάκεῖνο
743 4164 1057 4235 βαστάξον;
1094 4170 1190 4222 καὶ
1225 4170 1370 4226 οὕτω
1417 4173 1701 4230 διατείνων
1736 4179 1840 4251 τὴν

236 4250 483 4323 ἔρευναν
531 4254 561 4306 ό
623 4254 913 4326 λογισμὸς,
960 4257 1023 4311 οὑ
1084 4258 1321 4315 παύεται
1360 4263 1520 4335 ἄχρις
1565 4266 1631 4319 ἂν
1664 4269 1757 4321 ἐπί
1784 4250 1839 4323 τι

236 4343 424 4415 πέρας
485 4347 585 4415 στῇ
668 4344 1112 4419 βασταζομένων.
1171 4353 1247 4405 Οὐ
1316 4356 1428 4426 γὰρ
1487 4357 1553 4411 ἂν
1610 4359 1840 4432 ἄπειρος

236 4436 497 4491 κάτωθεν
534 4437 646 4507 εἴη,
678 4438 888 4492 ἄνωθεν
926 4444 1337 4515 περατουμένη.
1379 4447 1452 4500 Τὸ
1488 4447 1599 4520 γὰρ
1639 4450 1696 4515 ἐξ
1719 4453 1838 4516 ἐνὸς

240 4527 450 4601 μέρους
483 4532 969 4601 πεπερατωμένον,
1017 4535 1114 4589 καὶ
1148 4536 1214 4588 ὲκ
1250 4536 1345 4589 τοῦ
1374 4537 1535 4592 ἄλλου
1561 4540 1725 4612 δῆλον
1755 4543 1838 4597 ὅτι

1930 687 2093 743 ﬁnem
2142 706 2368 763 quoque
2415 693 2639 762 recipit.
2684 688 2964 744 Numerus
3015 687 3184 760 igitur
3220 685 3508 741 hominum

1929 781 2305 835 accessionem
2338 782 2637 851 recipiens,
2672 779 2863 834 ﬁnitus
2911 785 2997 832 est
3027 815 3043 841 ,
3094 774 3352 846 quamvis
3404 779 3509 827 nos“

1928 879 2167 940 quantus
2224 874 2294 928 sit
2335 873 2676 943 ignoremus,
2719 869 2818 927 sed
2866 883 3164 939 ponamus,
3213 866 3510 921 brevitatis

1926 971 1981 1018 et
2012 963 2406 1020 declarationis
2438 964 2612 1034 gratia
2633 1004 2648 1029 ,
2689 978 2883 1018 omnes
2913 961 3167 1014 homines
3217 973 3340 1014 esse
3373 969 3508 1011 cen-’

1928 1060 2070 1108 tum.
2098 1053 2244 1109 Fieri
2281 1052 2388 1110 non
2409 1065 2587 1135 potest
2612 1063 2671 1110 ut
2714 1055 2767 1108 bi
2817 1053 3069 1107 homines
3089 1048 3506 1118 fuerintgeniti;
3574 1110 3577 1112 η

1930 1143 2034 1198 Alii
2070 1147 2295 1216 quidem
2323 1162 2386 1201 ex
2411 1128 2537 1202 aliis
2562 1154 2744 1201 ortum
2768 1144 3002 1208 ducunt,
3029 1142 3129 1198 sed
3156 1156 3311 1196 mens
3344 1138 3512 1193 ratio-

1932 1252 2057 1292 nem
2114 1248 2270 1295 ortus
2318 1246 2372 1293 et
2416 1239 2651 1308 originis
2694 1251 2915 1293 sursum
2948 1248 3233 1298 revocans,
3285 1231 3512 1287 omnino

1933 1329 2001 1385 ad
2033 1346 2203 1384 unum
2245 1345 2350 1384 non
2408 1332 2649 1400 genitum
2703 1329 2905 1385 evadit.
2941 1327 3076 1382 Cum
3116 1325 3262 1380 enim
3304 1325 3367 1376 ad
3398 1321 3513 1390 pri-

1934 1434 2083 1473 mum
2116 1419 2418 1482 devenerit,
2454 1434 2563 1472 non
2595 1424 2775 1488 potest
2816 1416 2999 1470 dicere
3038 1430 3106 1470 ex
3165 1413 3274 1467 alio
3328 1421 3511 1466 ortum

1932 1523 2078 1573 esse,
2110 1509 2243 1578 quia
2292 1516 2345 1562 et
2411 1508 2507 1562 ille
2558 1508 2699 1561 alius
2745 1521 2814 1560 ex
2870 1505 2981 1559 alio
3037 1503 3168 1559 item
3215 1513 3513 1573 generatus

1933 1606 2103 1665 esset,
2135 1598 2314 1653 donec
2340 1599 2395 1652 in
2427 1597 2608 1667 primo
2632 1611 2786 1652 mens
2813 1595 3091 1651 consistat
3123 1593 3251 1647 ﬁxa.
3277 1590 3517 1646 Necesse

1934 1693 2103 1763 igitur
2129 1701 2215 1749 est
2245 1703 2300 1748 et
2349 1699 2496 1747 terra
2529 1702 2718 1745 natum
2770 1704 2895 1745 esse
2947 1688 3095 1741 hunc
3129 1686 3308 1739 instar
3352 1683 3517 1737 arbo-

1935 1799 2085 1849 rum,
2127 1791 2223 1839 aut
2281 1792 2550 1838 aeternum
2584 1795 2728 1847 esse,
2784 1786 2880 1834 aut
2922 1779 2990 1834 ab
3042 1778 3227 1846 aliquo
3269 1782 3517 1830 creatore

1937 1876 2142 1932 factum
2199 1890 2340 1933 esse.
2387 1875 2492 1931 Sed
2537 1875 2584 1931 si
2626 1890 2658 1930 e
2701 1882 2845 1928 terra
2882 1879 3040 1927 ortus
3077 1870 3295 1934 fuisset,
3336 1868 3518 1922 adhuc

1934 1984 2109 2040 usque
2139 1969 2192 2023 in
2229 1967 2555 2022 hodiernum
2613 1966 2757 2021 diem
2817 1964 2956 2019 alios
2995 1972 3141 2019 terra
3173 1966 3513 2032 procrearet,

1932 2062 2079 2117 sicut
2109 2060 2167 2114 ﬁt
2206 2060 2262 2114 in
2312 2073 2514 2130 genere
2548 2058 2812 2113 arborum
2855 2062 2913 2110 et
2945 2054 3262 2109 herbarum.
3294 2053 3363 2104 At
3383 2050 3515 2120 quia
3560 2084 3567 2093 ι

1934 2152 2040 2206 hoc
2095 2151 2211 2206 ﬁeri
2273 2164 2383 2205 non
2441 2149 2717 2212 videmus,
2782 2144 3138 2201 manifestum
3196 2150 3283 2198 est
3337 2154 3535 2209 neque.

1932 2244 2171 2313 primum
2230 2255 2581 2311 procreasse.
2637 2239 2745 2293 Sed
2799 2252 2901 2294 nec
2956 2245 3193 2292 aeternus
3254 2241 3393 2289 erat.
3456 2230 3516 2287 Si

1932 2335 2079 2389 enim
2138 2333 2412 2403 principio
2444 2331 2742 2397 caruisset,
2766 2340 3028 2399 essetque
3057 2337 3320 2392 aeternus,
3374 2341 3518 2382 nun-

1932 2440 2099 2496 quam
2127 2432 2385 2479 mortuus
2420 2422 2639 2488 fuisset,
2667 2437 2844 2491 neque
2866 2419 3165 2475 interisset.
3191 2418 3347 2486 Quod
3366 2418 3513 2473 enim

1936 2516 2270 2587 principium
2325 2530 2435 2569 non
2487 2514 2675 2580 habet,
2712 2527 2893 2583 neque
2921 2512 3082 2566 ﬁnem
3114 2512 3300 2566 habet.
3331 2508 3520 2564 Belin."

1937 2608 2125 2679 quitur
2153 2606 2325 2676 igitur
2383 2614 2443 2659 ut
2475 2602 2655 2659 factus
2692 2604 2875 2658 fuerit.
2911 2602 3071 2669 Quod
3096 2610 3279 2657 autem
3308 2600 3516 2654 factum

1935 2710 2042 2765 est,
2072 2709 2349 2754 auctorem
2386 2698 2569 2754 habet.
2608 2697 2703 2752 Est
2740 2697 2910 2768 igitur
2957 2695 3191 2751 Creator
3222 2703 3277 2751 et
3324 2702 3521 2748 auctor

1939 2792 2224 2848 hominum
2255 2790 2427 2847 Deus.

2010 2883 2213 2951 Accipe
2247 2882 2408 2936 aliam
2440 2881 2994 2946 demonstrationem,
3016 2894 3141 2951 qua
3162 2881 3228 2935 ad
3251 2879 3520 2951 cognitio-

1937 2989 2062 3029 nem
2088 2973 2182 3028 Dei
2217 2973 2463 3028 deducit.
2494 2970 2594 3027 Dic
2626 2972 2781 3037 mihi,
2814 2974 2860 3028 si
2888 2973 3102 3042 glebam
3140 2988 3171 3027 e
3200 2982 3343 3027 terra
3375 2971 3519 3027 acci-

1938 3078 2148 3136 perem,
2176 3071 2231 3118 et
2254 3062 2308 3116 iu
2328 3063 2502 3115 altum
2528 3068 2731 3116 tectum
2758 3061 3136 3123 ascenderem,
3161 3071 3216 3116 et
3236 3058 3359 3114 inde
3379 3060 3521 3115 hanc

1938 3157 2295 3221 dimitterem,
2342 3169 2413 3208 an
2443 3168 2554 3208 non
2588 3162 2785 3208 natura
2814 3162 3079 3224 perpetuo
3109 3151 3364 3228 deorsum
3409 3149 3520 3203 fer-

1939 3255 2113 3311 retur,
2144 3261 2435 3317 quousque
2494 3244 2552 3299 in
2583 3243 2890 3301 inﬁrmiore
2920 3245 3180 3316 quopiam
3226 3254 3281 3300 et
3319 3244 3522 3301 immo-

1938 3340 2036 3396 bili
2071 3339 2418 3395 ﬁrmaretur?

2007 3431 2067 3486 B.
2111 3429 2363 3486 Maxime.

2008 3525 2073 3579 A.
2103 3522 2266 3595 365
2305 3522 2397 3579 Sic
2427 3525 2593 3580 etiam
2627 3532 2809 3593 terra;
2853 3540 2921 3580 ex
2975 3532 3133 3596 parte
3166 3525 3314 3580 enim
3355 3523 3520 3579 intel-

1936 3616 2126 3687 ligitur
2176 3625 2377 3671 totum.
2414 3615 2533 3672 Nisi
2571 3618 2718 3672 enim
2762 3600 2994 3672 haberet
3030 3618 3244 3688 aliquid
3279 3616 3517 3680 ﬁrmius,

1937 3707 2090 3780 quod
2147 3709 2324 3779 ipsam
2373 3706 2619 3772 fulciret,
2688 3724 2973 3778 nunquam
3044 3709 3327 3765 desineret
3389 3711 3520 3764 ferri

1938 3800 2218 3855 deorsum.
2267 3798 2428 3854 Nunc
2477 3809 2661 3855 autem
2709 3801 2965 3857 videmus
3007 3800 3154 3857 hanc
3210 3796 3518 3857 immotam.

1939 3893 2036 3947 Est
2076 3893 2248 3962 igitur
2294 3894 2377 3950 vis
2423 3893 2609 3963 aliqua
2649 3893 2872 3958 fortior,
2910 3910 3037 3963 quae
3069 3894 3220 3948 hanc
3270 3888 3523 3948 sustinet

1936 3993 1990 4039 et
2036 3993 2247 4055 portat,
2301 3998 2423 4054 quae
2478 3991 2567 4039 est
2621 3983 2863 4040 Verbum
2908 3983 3027 4040 Dei.
3059 3983 3117 4038 Si
3174 3984 3320 4039 enim
3367 3984 3522 4038 dicas

1940 4074 2092 4130 aliud
2132 4074 2337 4145 corpus
2389 4076 2647 4140 subesse,
2696 4076 2846 4147 quod
2900 4092 3019 4132 eam
3055 4077 3352 4141 sustineat,
3386 4074 3521 4143 quid

1938 4168 2046 4221 erit
2072 4167 2218 4236 quod
2281 4166 2414 4220 illud
2457 4167 2635 4236 ipsum
2685 4182 2890 4238 corpus
2924 4176 3109 4237 portat
3139 4168 3208 4224 et'
3246 4168 3523 4223 sustinet?

1937 4268 2104 4329 atque
2148 4259 2227 4312 ita
2274 4260 2543 4329 cogitatio
2593 4261 2832 4314 scrutari
2873 4275 3134 4331 pergens,
3171 4276 3280 4314 non
3332 4275 3522 4315 ορεεειο

1937 4350 2020 4405 bit
2062 4365 2355 4421 quousque
2407 4346 2751 4420 quiescat'in
2787 4351 2980 4422 aliquo
3028 4351 3294 4414 termino,
3321 4358 3377 4403 et
3419 4365 3521 4403 cx-
3598 4344 3603 4349 ’

1931 4452 2136 4507 tremo,
2167 4443 2316 4514 quod
2350 4443 2682 4497 sustinetur.
2725 4441 2846 4496 Non
2882 4443 3030 4496 enim
3063 4449 3149 4497 est
3184 4440 3403 4497 inferne
3434 4442 3520 4496 in-

1940 4534 2153 4590 ﬁnitum
2179 4534 2327 4604 quod
2376 4542 2464 4589 est
2510 4548 2753 4605 superne
2776 4535 3156 4588 terminatum.
3184 4531 3339 4600 Quod
3371 4534 3518 4587 enim

182 4669 187 4675 ,
238 4617 420 4689 πέρας
484 4617 617 4682 ἕξει.
671 4621 732 4673 Et
773 4622 881 4691 γὰρ
911 4622 1176 4693 σπαρτίον
1206 4624 1328 4677 καθ’
1363 4626 1619 4683 ὑπόθεσιν
1649 4627 1719 4703 ἦν
1770 4634 1833 4687 ἐκ

1939 4639 2026 4688 est
2057 4646 2122 4686 ex
2158 4645 2267 4685 una
2327 4637 2485 4701 parte
2522 4630 2914 4695 terminatum,
2970 4627 3134 4682 etiam
3176 4642 3239 4680 ex
3275 4626 3380 4681 alia
3414 4633 3525 4679 ter-

238 4711 399 4765 τοῦδε
425 4710 527 4764 τοῦ
584 4712 785 4783 μέρους
823 4714 925 4784 τῆς
976 4717 1101 4787 γῆς,
1154 4717 1264 4782 ἕως
1305 4718 1399 4773 τοῦ
1434 4721 1621 4794 ἑτέρου
1649 4723 1838 4794 διῆκον

244 4803 480 4876 μέρους,
515 4804 917 4876 ἐπιλαϐόμενος
945 4807 1002 4860 δὲ
1056 4808 1151 4862 τοῦ
1197 4810 1624 4883 ἐπιφαινομένου
1666 4815 1837 4883 ἄκρου

240 4897 339 4951 τοῦ
366 4898 662 4970 σπαρτίου,
717 4898 1009 4965 ὲξείλκυσα
1054 4901 1169 4968 δύο,
1198 4902 1233 4973 ἢ
1261 4907 1412 4974 τρεῖς
1450 4907 1670 4977 πήχεις,
1717 4909 1839 4980 οὑχὶ

242 4989 344 5043 καὶ
370 4991 438 5043 ὲκ
471 4989 562 5043 τοῦ
595 4989 786 5061 ἑτέρου
817 4992 1055 5060 ἀφανοῦς
1094 4994 1318 5065 μέρους,
1337 4997 1554 5070 ἀνάγκη
1579 5002 1837 5055 ἀποσπα..

248 5081 454 5152 σθῆναι
488 5082 549 5135 τὸ
578 5082 751 5154 ἄκρον
781 5082 877 5136 τοῦ
902 5084 1190 5153 σπαρτίου,
1234 5086 1593 5160 ὲξελκόμενον
1640 5092 1736 5145 ἐπὶ
1767 5092 1837 5146 τὰ

248 5173 363 5228 ἂνω
390 5173 671 5239 τοσοῦτον,
706 5175 937 5230 καθόσον
966 5177 1262 5244 ἑξείλκυσα
1290 5180 1521 5251 μέτρον;
1548 5183 1832 5239 Ἐντεῦθεν

249 5264 368 5318 ἔστι
428 5265 616 5347 σαφῷς
672 5267 869 5322 εἰδέναι
900 5268 999 5340 τὴν
1032 5269 1138 5339 γῆν
1166 5270 1228 5324 τὸ
1251 5271 1424 5342 πέρας
1454 5272 1601 5344 ἔχειν
1651 5276 1834 5330 κάτω-

204 5426 208 5430 ,
252 5356 368 5411 θεν.
421 5359 590 5412 ’Ὥστε
640 5360 706 5413 ὲκ
732 5360 940 5415 τούτων
976 5361 1376 5426 ἀποδέδεικται,
1410 5365 1493 5418 ὅτι
1527 5365 1637 5418 τῶν
1666 5367 1834 5423 όντων

256 5450 373 5503 ἑστι
404 5451 655 5523 ποιητής.

1939 4721 2147 4774 minum
2200 4720 2445 4774 habebit.
2484 4718 2621 4773 Nam
2657 4720 2702 4773 si
2730 4719 2902 4782 funis,
2928 4724 2988 4771 ut
3027 4718 3099 4770 ita
3138 4731 3430 4786 ponamus,
3455 4731 3523 4770 ex

1935 4811 2040 4866 hac
2077 4818 2234 4881 parte
2275 4820 2437 4867 terra:
2467 4827 2645 4881 usque
2676 4811 2742 4866 ad
2776 4811 3010 4864 alteram
3048 4819 3260 4879 partem
3313 4808 3524 4878 per-tin-

1936 4905 2173 4975 gat,ipse
2204 4919 2335 4958 vero
2368 4920 2640 4960 summam
2690 4912 2901 4973 partem
2940 4901 3113 4968 funis,
3151 4901 3243 4972 qui
3280 4900 3520 4962 videtur,

1936 4996 2368 5066 apprehendam,
2421 5003 2475 5052 et
2528 4996 2748 5051 duobus
2793 5002 2888 5049 aut
2935 4995 3110 5049 tribus
3140 4992 3346 5048 cubitis
3396 5007 3521 5045 eum

1942 5090 2292 5161 protendam,
2347 5105 2531 5143 annon
2578 5103 2813 5144 necesse
2861 5088 2989 5151 erit,
3016 5103 3080 5142 ex
3115 5087 3290 5142 altera
3342 5092 3547 5155 parte..

1934 5197 2057 5251 qua:
2105 5198 2213 5237 non
2266 5190 2519 5253 apparet,
2556 5182 2718 5236 avelli
2771 5194 3044 5236 summam
3100 5190 3309 5250 partem
3374 5176 3521 5229 funis

1937 5280 2094 5327 tanto
2136 5273 2317 5341 spatio
2369 5288 2586 5327 sursum
2634 5276 2954 5334 attractam,
3015 5278 3227 5340 quanto
3253 5284 3321 5323 ex
3349 5267 3522 5321 altera

1939 5373 2095 5434 parte
2119 5361 2358 5418 attraxi?
2382 5363 2519 5419 llinc
2539 5365 2668 5420 licet
2705 5365 2999 5435 perspicue
3031 5375 3390 5433 cognoscere,
3419 5358 3521 5412 hu-

1938 5456 2072 5511 bere
2129 5463 2331 5510 terram
2389 5457 2550 5511 finem
2604 5456 2842 5513 inferne.
2867 5457 3050 5523 Quare
3077 5470 3143 5511 ex
3176 5454 3264 5508 his
3295 5453 3524 5507 deumn-

1941 5555 2174 5604 stratttm
2223 5556 2305 5602 est
2359 5564 2484 5603 esse
2515 5547 2682 5604 Deum
2711 5549 2958 5604 omnium
2998 5562 3183 5604 rerum
3215 5553 3521 5601 auctorem.

1532 5750 1764 5809 VARle
1806 5751 2206 5811 LECTIONES.

334 5875 381 5910 '“
407 5879 537 5938 αὐτὸ
569 5886 887 5958 πεποίηται.
