3934 6460
211 454 371 528 “97

1657 460 2080 526 OPUSCULA.

3375 466 3512 536 Ηθθ

203 573 590 648 δμοιώματος.
636 573 924 647 Πέμπτον,
957 577 1033 631 ὶκ
1062 575 1179 631 τῶν
1206 575 1474 632 ἐναντέων
1498 576 1570 632 τὰ
1603 578 1822 632 ἐναντία

1933 593 2230 652 cognosco,
2281 585 2468 636 utrum
2511 577 2604 635 ille
2634 576 2917 634 calvitiem
2950 577 3174 643 habeat,
3205 588 3300 636 aut
3330 581 3402 638 sit
3436 583 3514 640 si-

205 669 557 739 γινώσκεται
584 669 989 733 πολλάκις-πώς,
1006 670 1105 723 ’ὅτε
1135 670 1212 741 τῷ
1242 669 1414 741 Ἀδὰμ
1434 664 1633 724 ετπενὸ
1657 670 1814 736 Θεὸς,

212 776 236 812 ε
276 750 363 831 ᾝ
392 759 441 814 δ’
462 759 745 831 λᾶννὴμὲρᾳ
775 761 926 834 φάγῃ
954 761 1066 815 ἀπὸ
1087 761 1181 816 τοῦ
1204 761 1393 829 ξύλου,
1420 761 1650 835 ’θανάτῳ
1680 764 1819 817 ἀπο-

210 847 387 920 Gavii.
420 867 444 901 ι
464 847 647 902 ’Πόθεν
672 849 796 921 ᾔδει
818 851 856 903 ὁ
907 851 1102 923 Ἀδὰμ,
1124 852 1325 906 τίὲστι
1348 852 1603 919 θάνατος,
1642 853 1817 924 μηδὲ-

218 956 359 993 ποτε
384 940 545 994 αὐτὸν
580 940 875 1012 ἑωρακώς
906 944 967 997 ού
998 945 1107 1016 γὰρ
1129 945 1382 1015 προεῖδεν
1399 943 1817 1016 ἀποθνήσκοντα

213 1045 371 1095 τινα,
392 1035 445 1086 εἰ
471 1033 545 1105 μὴ
570 1035 638 1088 ἐκ
664 1034 762 1089 τοῦ
797 1036 1067 1101 ὲναντξου,
1098 1037 1270 1107 ἤγουν
1301 1039 1366 1091 ἐκ
1404 1036 1506 1108 τῆς
1536 1037 1707 1108 ζωῆς.
1749 1038 1818 1092 Ἦ

208 1126 338 1199 γᾶρ
370 1130 627 1201 στέρησις
670 1132 771 1201 τῆς
826 1130 974 1203 ζωῆς
1026 1133 1187 1203 δῆλον
1220 1133 1304 1186 ὅτι
1334 1131 1594 1194 θάνατος.
1630 1129 1819 1194 Οὕτως

208 1223 321 1276 καὶ
380 1223 412 1276 ύ
470 1223 733 1290 πλούσιος
763 1225 860 1297 τὴν
908 1226 1123 1294 πενίαν,
1167 1226 1262 1280 καὶ
1290 1228 1317 1280 ὁ
1347 1226 1506 1297 ὑγιὴς
1532 1224 1632 1297 τὴν
1662 1225 1819 1277 νόσον

206 1314 541 1370 ἐπίσταται.
1640 1324 1653 1340 ⁸

1923 689 2076 740 mus,
2103 679 2199 728 aut
2232 686 2371 728 naso
2396 672 2637 737 adunco,
2662 671 2752 727 vel
2798 670 3014 738 magnis
3056 670 3255 734 oculis,
3295 687 3323 725 a
3355 674 3514 729 simi-

1922 764 2161 820 litudine
2182 765 2238 819 in
2271 764 2499 835 speculo
2524 778 2809 835 expressa.
2840 763 3083 830 Quintus
3105 765 3316 820 modus.
3345 779 3517 836 saepe-

1923 871 2161 913 numero
2211 856 2500 912 contraria
2561 872 2629 911 ex
2702 857 3010 912 contrariis
3074 866 3513 926 cognoscuntur,

1922 955 1984 1001 ut
2011 961 2137 1000 cum
2181 944 2325 1001 dixit
2355 945 2498 1001 Deus
2549 945 2720 1001 Adae:
2758 964 2778 998 ι
2832 945 3178 1016 Quocunque
3206 946 3296 1002 die
3349 962 3412 1001 ex
3451 945 3516 1000 li-

1925 1053 2036 1109 gno
2092 1039 2425 1101 comederis,
2484 1046 2665 1094 morte
2719 1040 2997 1094 morieris.
3039 1057 3057 1089 ι
3118 1036 3275 1092 Unde
3307 1053 3515 1109 cogno-

1924 1132 2003 1186 vit
2062 1131 2233 1184 Adam
2294 1131 2427 1198 quid
2487 1140 2640 1187 esset
2679 1147 2852 1196 mors,
2905 1147 3032 1185 cum
3080 1147 3359 1202 nunquam
3395 1148 3514 1185 eam

1926 1221 2204 1275 vidisset?
2234 1233 2348 1275 non
2392 1222 2538 1275 enim
2589 1224 2749 1292 prius
2797 1222 3013 1278 viderat
3069 1223 3307 1294 aliquem
3367 1238 3521 1279 mor-

1926 1322 2104 1368 tuum.
2152 1311 2431 1382 Cognovit
2478 1314 2698 1369 scilicet
2754 1331 2823 1370 ex
2865 1314 3172 1381 contrario,
3211 1315 3266 1369 id
3304 1322 3411 1379 est,
3450 1328 3517 1367 cx

206 1410 374 1477 vita;
411 1412 653 1481 privatio
680 1411 828 1467 enim
876 1412 1004 1468 vitae
1032 1428 1183 1469 mors
1213 1422 1324 1468 est.
1364 1410 1457 1468 Sic
1492 1411 1649 1467 dives
1677 1419 2058 1481 paupertatem
2092 1408 2411 1481 cognoscit,
2445 1418 2499 1464 et
2533 1401 2708 1466 ‘sanus
2739 1411 3019 1467 morbum.

287 1502 462 1557 Κατὰ
486 1505 636 1556 ποῖον
666 1498 759 1557 οῦν
789 1503 900 1556 τῶν
937 1503 1100 1557 πέντε
1140 1503 1360 1574 τρόπων
1391 1503 1599 1557 τούτων
1625 1503 1819 1556 ἑαυτὸν

207 1593 241 1645 ὁ
277 1593 421 1679 Θεὸς
455 1592 631 1660 οἷδεν;
663 1595 722 1661 ἐξ
740 1595 908 1649 αὐτοῦ
948 1596 1240 1663 γινώσκειν
1260 1596 1455 1650 ἑαυτὸν
1484 1596 1544 1648 οὑ
1571 1595 1819 1649 δύναται.
1844 1634 1856 1645 .

206 1685 401 1740 Τοῦτο
426 1686 536 1757 γὰρ
568 1688 803 1754 δέδοται,
835 1688 994 1743 ἄλλον
1026 1684 1166 1742 εἶναι
1202 1688 1292 1742 τὸν
1334 1687 1694 1757 γινώσκοντα,
1727 1688 1823 1741 καὶ

206 1777 355 1832 ἄλλο
408 1779 471 1832 τὸ
499 1780 930 1850 γινωσκόμενον,
961 1780 1084 1833 οὐδὲ
1105 1779 1213 1851 μὴν
1238 1780 1304 1845 ἐξ
1340 1782 1522 1851 ἴχνους
1546 1779 1714 1841 τινός.
1739 1777 1822 1831 Τὰ

207 1871 643 1942 γὰρ-ποιήματα
690 1871 874 1942 πολλῷ
924 1873 1157 1943 δεύτερα
1186 1873 1283 1926 καὶ
1331 1870 1652 1942 κατώτερα⁶
1701 1870 1820 1924 ἀλλ’

1998 1501 2123 1568 Quo
2183 1503 2355 1574 igitur
2407 1502 2572 1557 modo
2653 1517 2721 1556 ex
2782 1502 2869 1558 bis
2931 1504 3183 1573 quinique
3230 1504 3520 1573 cognoscit

1925 1587 2071 1667 Deus
2124 1591 2411 1661 seipsum?
2465 1605 2809 1662 cognoscere
2845 1593 3088 1661 seipsum
3138 1607 3170 1647 e
3199 1607 3261 1647 se
3305 1592 3523 1647 scilicet

1924 1698 2036 1738 non
2073 1692 2257 1754 potest
2290 1703 2303 1739 :
2342 1684 2449 1738 hoc
2482 1684 2642 1738 enim
2677 1683 2870 1739 datum
2920 1693 3028 1750 est,
3062 1685 3238 1759 alium
3270 1699 3395 1739 esse
3424 1684 3521 1755 qui

1925 1777 2238 1847 cognoscit,
2271 1784 2327 1832 et
2372 1776 2548 1831 alium
2595 1776 2691 1847 qui
2740 1778 3126 1848 cognoscitur.
3182 1776 3393 1832 Necte:
3424 1791 3520 1831 ve-

1926 1868 2094 1937 stigio
2134 1868 2364 1939 aliquo;
2417 1883 2543 1939 qua:
2590 1869 2738 1924 enim
2778 1869 2926 1923 facta
2980 1877 3134 1934 sunt,
3183 1868 3357 1923 multo
3386 1876 3524 1925 sunt

207 1958 345 2015 οὔτε
386 1961 457 2015 δι’
480 1962 774 2034 ἐσόπτρου,
796 1960 921 2015 οὒτε
949 1960 1038 2015 διά
1070 1978 1219 2026 τινος
1256 1960 1367 2015 τῶν
1392 1959 1678 2030 τεσσάρων
1707 1956 1822 2029 τρό-

1933 1959 2198 2015 inferiora
2233 1978 2247 2014 :
2286 1976 2464 2032 neque
2501 1977 2600 2032 per
2630 1962 2925 2032 speculum
2951 2002 2967 2029 ,
3003 1975 3107 2015 nec
3142 1960 3258 2014 alio
3279 1975 3350 2014 ex
3384 1974 3522 2031 qua-

206 2070 341 2107 πων
364 2071 378 2083 ·
410 2055 634 2125 ἀνάγκη
664 2055 848 2109 τοίνυν
883 2049 1026 2108 εἶναι
1058 2072 1183 2110 τινα
1214 2054 1356 2109 κατὰ
1403 2054 1584 2108 πάντα
1603 2052 1824 2123 οὸμοιον,

205 2149 395 2219 ἧγουν
426 2150 775 2217 ducat-mor,
809 2148 905 2202 καὶ
940 2148 1214 2203 ωναῖδιον
1237 2147 1316 2217 τῷ
1342 2143 1462 2216 Θεῷ
1488 2146 1549 2211 ἐξ
1574 2139 1637 2199 οῦ
1669 2146 1823 2215 γνοίη

208 2242 443 2305 ἑαυτὸν,
476 2241 569 2295 ¹ἵνα
600 2242 681 2313 μὴ
713 2241 927 2311 ἀγνοῶν
964 2241 1163 2295 »ἑαυτὸν
1216 2240 1606 2295 καταλείποιτο
1639 2238 1821 2308 οὐρῶν

205 2335 329 2405 γὰρ
379 2337 411 2389 ὁ
460 2335 594 2399 Θεὸς
635 2335 727 2389 τὸν
770 2336 967 2390 ἑαυτοῦ
1015 2335 1169 2399 Υῐὸν,
1223 2335 1410 2406 ὅμοιον
1436 2331 1635 2403 ἑαυτῷ,
1680 2332 1825 2387 κατὰ

207 2427 428 2491 πάντα,
477 2428 671 2482 ἑαυτὸν
701 2430 758 2480 ὲν
790 2427 993 2498 ἐκεινῳ
1039 2428 1180 2499 ὁρᾷ*
1218 2426 1387 2490 αὐτὸς
1444 2428 1555 2496 γάρ
1596 2427 1747 2479 ἐστιν
1788 2426 1822 2496 ἡ

207 2519 390 2574 εἰκὼν
421 2520 515 2574 τοῦ
563 2520 701 2574 Θεοῦ
738 2520 837 2575 τοῦ
880 2520 1144 2590 ἀοράτου,
1195 2519 1292 2573 καὶ
1338 2519 1369 2572 ό
1405 2516 1698 2589 χαρακτὴρ
1723 2516 1823 2587 τῆς

206 2612 583 2677 ὑποστάσεως
608 2611 804 2669 αὐτοῦ.

284 2706 354 2760 Β.
380 2706 567 2759 Ἔστω
594 2705 682 2776 δὴ,
705 2706 795 2759 τὸν
810 2706 945 2759 Θεὸν
971 2705 1119 2777 ἔχειν
1145 2703 1268 2765 τινὰ
1287 2701 1576 2763 συναῖδιον,
1606 2703 1821 2773 ὅμοιον,

205 2798 375 2861 ὅπως
416 2797 609 2850 ἑαυτὸν
665 2797 760 2852 ἀπ’
797 2796 1013 2851 ἐκείνου
1071 2796 1355 2866 γινώσκοι.
1386 2793 1560 2846 Πόθεν
1599 2794 1820 2848 ἀποδεί-

207 2878 333 2956 ξεις
358 2888 453 2941 ὄτι
482 2887 596 2952 υἱός
622 2890 809 2952 tactv;

284 3000 358 3051 Δ..
400 2999 622 3052 Ἔοικεν
676 3000 790 3061 τοῖς
850 2997 951 3068 τῆς
1018 2997 1370 3067 δικαιοσύνης
1429 2998 1690 3067 ἐρασταῖς
1736 2996 1820 3068 τῷ

209 3090 375 3161 αὐτῷ
418 3090 605 3162 μέτρῳ
634 3090 735 3143 καὶ
766 3088 944 3161 ζυγῷ,
984 3082 1029 3156 ᾧ
1068 3088 1400 3160 μετροῦνταί
1445 3106 1508 3142 τε
1538 3089 1636 3142 καὶ
1691 3104 1819 3141 στα-

209 3184 497 3256 θμῶνται,
523 3185 873 3254 ἀντιμετρεῖν
899 3200 960 3236 τε
991 3184 1088 3236 καὶ
1119 3181 1585 3252 ἀντισταθμὶζειν.
1617 3183 1684 3234 Εἰ
1707 3181 1818 3251 γὰρ

1928 2061 2057 2108 tuor
2099 2054 2320 2122 modis;
2378 2071 2607 2112 necesse
2640 2056 2817 2127 igitur
2869 2063 2956 2111 est
2982 2070 3109 2111 esse
3138 2055 3380 2125 aliquem
3425 2068 3522 2124 per

1931 2146 2122 2200 omnia
2159 2146 2421 2211 similem,
2461 2147 2518 2202 id
2568 2155 2678 2216 est,
2706 2148 3025 2202 liomousion
3046 2186 3066 2211 ,
3096 2154 3153 2200 et
3184 2154 3519 2200 coaﬂemum

1929 2235 2059 2302 Deo,
2091 2251 2154 2290 ex
2191 2253 2301 2305 quo
2345 2250 2649 2309 cognoscat
2709 2239 2982 2308 seipsum,
3043 2251 3113 2291 ne
3143 2235 3419 2306 reliquum
3448 2233 3522 2288 sit

1925 2328 2186 2400 ignorare
2215 2329 2379 2400 367
2401 2334 2650 2402 seipsum
2680 2348 2694 2385 :
2724 2331 2920 2386 videns
2951 2330 3098 2383 enim
3137 2327 3284 2384 Deus
3314 2325 3359 2381 F
3365 2327 3521 2381 ilium

1926 2436 2088 2475 suum
2123 2421 2228 2475 sibi
2250 2438 2350 2492 per
2385 2424 2573 2477 omnia
2606 2422 2869 2486 similem,
2890 2437 2951 2477 se
2981 2423 3098 2491 ipse
3138 2422 3190 2474 in
3224 2421 3319 2475 illo
3344 2421 3518 2483 videt,

1925 2513 2044 2581 ipse
2075 2515 2223 2569 enim
2285 2514 2458 2571 Filius
2498 2523 2586 2571 est
2616 2516 2803 2587 imago
2853 2515 2947 2570 Dei
2998 2515 3323 2576 invisibilis,
3370 2523 3425 2567 et
3454 2511 3523 2565 ti-

1925 2619 2060 2675 gura
2090 2606 2422 2662 substantia:
2449 2607 2595 2677 ejus.

1995 2697 2059 2751 B.
2096 2696 2253 2764 Esto,
2295 2690 2495 2754 habeat
2553 2697 2702 2756 Deus
2750 2700 2992 2771 aliquem
3052 2706 3393 2753 coaeternum
3447 2697 3526 2752 si-

1935 2790 2152 2853 milem,
2184 2799 2243 2845 ut
2268 2806 2332 2845 ex
2366 2791 2465 2845 illo
2504 2807 2566 2846 se
2602 2792 2722 2863 ipse
2751 2800 3073 2863 cognoscat.
3107 2788 3263 2844 Unde
3289 2788 3523 2845 demon-

1926 2883 2137 2939 strabis
2174 2882 2351 2937 tilium
2381 2883 2543 2939 esse?

1914 3001 1930 3014 '
1982 2997 2054 3051 Α.
2116 2986 2295 3051 Decet
2325 2995 2559 3066 justitiae
2605 3003 2889 3051 amatores
2926 2993 3119 3051 eadem
3173 3006 3436 3048 mensura
3467 3000 3525 3047 et

1921 3089 2106 3154 lance,
2162 3103 2274 3160 qua
2316 3089 2624 3152 metiuntur
2671 3098 2726 3143 et
2786 3088 3117 3159 ponderant,
3168 3085 3419 3139 remoliri
3463 3093 3525 3138 et

1923 3182 2253 3252 rependere.
2306 3180 2365 3236 Si
2415 3182 2565 3237 enim
2598 3197 2631 3236 a
2667 3189 2725 3237 te
2771 3180 3114 3251 accepissem
3160 3187 3390 3232 centum
3426 3193 3527 3231 au-

210 3277 341 3350 εῐην
370 3275 618 3348 εἰληφὼς
641 3277 797 3348 παρὰ
824 3278 917 3331 σοῦ
944 3276 1234 3349 χρυσίνους
1255 3276 1471 3338 ἑκατὸν,
1496 3274 1740 3344 ἐθέλοιμι
1764 3275 1822 3327 δέ

1933 3291 2055 3331 reos
2098 3291 2388 3343 nummos,
2441 3276 2757 3346 vellemth
2808 3275 2910 3331 hos
2983 3273 3082 3328 tibi
3144 3272 3395 3337 reddere,
3458 3286 3525 3325 ea

212 3389 303 3425 σοι
354 3370 585 3434 τούτους
642 3368 961 3433 ἀποδοῦναι,
987 3369 1065 3439 τῷ
1091 3367 1263 3436 ζυγῷ,
1294 3361 1339 3436 ᾧ
1366 3366 1822 3437 στᾱθμισάμενος

202 3464 448 3539 εἴληφα,
474 3464 672 3535 ἐκείνῳ
726 3463 823 3517 καὶ
861 3465 925 3517 σὺ
956 3463 1089 3534 παρ’
1117 3461 1253 3533 ἐμοῦ
1283 3462 1384 3532 οὐχ
1412 3462 1584 3532 ἑτέρῳ
1617 3459 1823 3514 ἀπολα-

211 3557 335 3610 ϐεῖν
368 3555 631 3625 ὀφείλεις.
694 3538 968 3626 Στὸιθμιον
1011 3553 1123 3626 γὰρ
1160 3554 1499 3625 μικρὸν,καὶ
1528 3552 1672 3622 μέγα
1694 3552 1823 3622 ἑμί-

212 3664 392 3717 σησεν
447 3649 483 3718 ὴ
530 3646 680 3718 ψυχή
738 3664 866 3718 μου,
901 3646 1070 3716 φησὶν
1122 3647 1151 3699 ὁ
1193 3644 1349 3709 Θεός.
1392 3645 1567 3699 Πόθεν
1595 3646 1824 3699 ἐπιστάς-

214 3739 389 3812 μεθα,
450 3741 530 3793 ὅτι
579 3740 727 3792 ἐστιν
783 3738 941 3802 Θεὸς,
990 3737 1089 3791 καὶ
1112 3737 1180 3791 τὰ
1221 3737 1318 3790 τοῦ
1341 3736 1482 3790 Θεοῦ
1516 3736 1821 3808 ἰδιώματας

209 3833 342 3904 οὐχὶ
371 3834 442 3884 ὲκ
464 3830 575 3884 τῶν
605 3831 736 3902 παρ’
758 3832 921 3902 ήμίνς
951 3831 1015 3882 Εἰ
1041 3829 1153 3902 γὰρ
1175 3829 1342 3882 αὑτὸν
1368 3828 1468 3899 οὐχ
1496 3828 1824 3899 ἑωράκαμεν

212 3922 469 3985 πώποτε,
500 3922 611 3976 οὐδ’
651 3924 716 3975 ὲκ
749 3921 858 3974 τῶν
895 3920 1064 3975 αὑτοῦ
1100 3920 1431 3991 ποιημάτων
1454 3919 1622 3972 αὐτὸν
1654 3936 1826 3973 κατα-

211 4014 642 4086 λαμϐανόμεθα,
699 4013 915 4086 ἀνάγκη
978 4015 1129 4067 πᾶσα
1178 4016 1238 4067 ὲν
1275 4012 1533 4066 παντελεῖ
1576 4013 1823 4083 διαρκεῖν

211 4109 368 4179 ἡμᾶς
399 4106 655 4177 ἀγνωσία
679 4108 771 4159 τοῦ
799 4104 964 4159 Θεοῦ.
1009 4105 1107 4159 Ἐκ
1132 4105 1245 4159 τῶν
1279 4100 1374 4159 οὖν
1416 4105 1548 4175 παρ’
1581 4106 1713 4175 ἡμῖν
1739 4121 1822 4156 τι-

162 4222 167 4227 ο
215 4198 520 4270 μιωτὲρων
574 4197 667 4251 τὸν
719 4197 852 4250 Θεὸν
879 4197 1282 4268 διαγράφομεν,
1314 4197 1385 4250 τὰ
1435 4198 1563 4265 ἡμῖν
1588 4198 1825 4266 ἐπισυμ-

212 4291 486 4344 ϐαίνοντα
520 4287 910 4360 συμπτώματα
938 4289 1219 4352 παντελῶς
1262 4288 1687 4358 ὑπεξαιροῦντες
1719 4288 1827 4341 ἀπὸ

211 4384 324 4436 τῶν
356 4383 476 4435 ὑπὸ
495 4381 632 4435 Θεοῦ
677 4381 1013 4451 λεγομένων.
1042 4377 1169 4435 Οἷόν
1205 4383 1320 4433 ἐστι
1366 4380 1499 4451 παρ’
1530 4382 1663 4451 ἡμῖν
1688 4379 1824 4448 ζωὴ,

213 4476 309 4528 καὶ
348 4475 611 4534 θάνατος.
654 4474 775 4527 Τίνι
804 4473 1008 4543 πρέπει
1033 4475 1168 4544 ἡμῖν
1198 4472 1288 4526 τὸν
1315 4471 1452 4525 Θεὸν
1478 4470 1824 4542 χαρακτηρί-

214 4585 331 4632 σαι,
364 4566 596 4639 τῇζωῇ,
624 4565 657 4637 ἢ
687 4566 768 4636 τῷ
793 4566 1045 4638 θανάτῳ;

286 4685 354 4739 Β.
391 4681 656 4753 Δηλονότι
677 4684 744 4753 τῇ
771 4683 883 4753 ζωῇ
895 4722 907 4735 .

294 4802 363 4855 Α.
400 4801 652 4868 Λέγομεν
699 4793 815 4863 οὖν,
878 4798 960 4851 ὅτι
992 4799 1019 4850 ὁ
1046 4795 1180 4860 Θεὸς
1208 4793 1344 4868 ζωὴ,
1394 4794 1489 4848 καὶ
1513 4791 1620 4858 ζῶν
1651 4793 1819 4844 ἐστιν.

234 4891 382 4945 Ἀλλ’
415 4890 613 4959 ἐπειδὴ
656 4890 786 4959 παρ’
821 4890 956 4959 ἡμῖν
1014 4889 1048 4958 ἡ
1081 4885 1196 4954 ζωὴ
1228 4885 1326 4937 καὶ
1363 4883 1537 4955 ἀρχὴν
1568 4881 1704 4951 ἔχει,
1730 4880 1825 4934 καὶ

220 4987 401 5053 τέλος,
434 4986 531 5039 καὶ
555 4982 740 5053 ἐνδεής
768 4985 887 5035 ἐστι
907 4999 920 5015 ο
957 4981 1149 5053 χρῄζει
1179 4979 1288 5049 γὰρ
1315 4978 1415 5049 τῆς
1438 4975 1639 5042 ἔξωθεν
1669 4974 1827 5046 ἑπιρ-

225 5078 385 5149 ροἧς,
424 5075 682 5149 βρώσεώς
738 5093 816 5140 τε,
860 5076 956 5127 καὶ
995 5073 1231 5136 πόσεως,
1265 5071 1361 5123 καί
1410 5070 1511 5139 τῆς
1540 5067 1636 5122 τοῦ
1664 5068 1826 5138 ἀέρος

227 5170 534 5239 ἀναπνοῆς,
565 5168 663 5220 καὶ
692 5166 802 5220 τῶν
831 5163 1114 5229 τοιούτων,
1150 5161 1211 5230 ἐξ
1237 5156 1312 5216 ὧν
1341 5162 1376 5232 ἡ
1418 5160 1679 5223 σύστασις
1726 5159 1826 5229 τῆς

220 5261 507 5333 ἡμετέρας
531 5259 696 5328 ζωῆς.
725 5258 912 5313 Ταῦτα
949 5257 1126 5311 πάντα
1175 5255 1244 5308 τὰ
1289 5250 1698 5324 συμπτώματα,
1729 5251 1827 5304 καὶ

230 5352 597 5422 ἐλαττώματα
635 5351 788 5407 κάτω
819 5348 1026 5412 θέντες,
1061 5346 1161 5400 καὶ
1217 5344 1534 5415 ἀφελόντες,
1566 5342 1822 5411 λέγομεν,

232 5442 323 5496 τὸν
351 5442 487 5496 Θεὸν
549 5443 651 5514 ζῇν
716 5441 883 5514 ζωὴν,
912 5442 1011 5494 καὶ
1051 5437 1311 5506 τοιαύτην
1342 5434 1511 5507 ζωὴν,
1544 5434 1659 5504 τὴν,
1688 5434 1825 5504 μήτε

228 5532 408 5604 ἀρχὴν
461 5535 601 5604 μήτε
651 5531 805 5596 τέλος
857 5531 1130 5602 ἔχουσαν,
1173 5529 1313 5600 μήτε
1358 5526 1506 5589 τινὸς
1546 5522 1827 5587 παντελῶς

235 5624 341 5677 τῶν
377 5624 579 5691 ἔξωθεν
602 5626 931 5698 χρῄζουσαν.
957 5625 1026 5678 Ἢ
1049 5623 1148 5694 οὐχ
1169 5621 1345 5685 οὕτως
1375 5619 1521 5692 ἔχειν
1543 5634 1625 5672 σοι
1641 5616 1822 5684 δοκεῖ;

303 5717 367 5771 Β.
398 5720 508 5773 Καὶ
542 5720 680 5773 πάνυ
703 5718 1046 5786 θαυμασίως,
1078 5715 1174 5771 καὶ
1215 5711 1600 5783 εὐστοχώτατα
1631 5711 1695 5765 ἐκ
1715 5708 1824 5763 τῶν

301 5892 350 5934 δ’
392 5892 552 5952 Prov.
591 5911 683 5960 xx,
728 5894 813 5949 lt).

1926 3369 2085 3424 lance
2118 3383 2231 3440 qua
2264 3382 2544 3439 appensos
2577 3368 2790 3437 accepi,
2846 3374 2901 3422 et
2945 3380 3057 3420 non
3093 3365 3218 3427 alia,
3257 3378 3285 3416 a
3318 3378 3409 3417 me
3440 3379 3526 3418 re-

1925 3463 2111 3534 cipere
2159 3462 2349 3518 debes.
2412 3460 2642 3517 Pondus
2693 3461 2843 3516 enim
2896 3472 3128 3530 parvum
3176 3465 3525 3526 etmagnun't

1926 3556 2103 3612 odivit
2126 3558 2310 3609 anima
2334 3571 2451 3611 mea
2473 3554 2547 3621 δ’,
2573 3555 2649 3609 ait
2674 3554 2841 3608 Dc‘us.
2876 3552 3033 3607 Unde
3061 3552 3355 3615 scimus,si
3379 3549 3525 3604 Deus

1925 3659 2035 3715 ρει,
2117 3647 2358 3718 ejusque
2427 3645 2854 3717 proprietates?
2908 3659 3095 3698 annon
3147 3658 3214 3698 ex
3271 3642 3341 3697 iis
3398 3656 3524 3711 qua:

1927 3740 2073 3812 apud
2104 3755 2208 3797 nos
2245 3739 2425 3796 sunt?
2464 3738 2684 3795 Etenim
2717 3737 2766 3794 si
2801 3752 3083 3807 nunquam
3110 3736 3520 3798 eumvitlimus,

1926 3848 2028 3888 nec
2057 3848 2124 3886 ex
2159 3830 2435 3886 creaturis
2472 3830 2598 3900 ejus
2642 3844 2770 3884 eum
2827 3829 3243 3906 cognosciums,
3295 3840 3524 3879 necesse

1927 3926 2159 3979 omnino
2186 3934 2273 3980 est
2302 3939 2407 3978 nos
2437 3922 2609 3978 Deum
2661 3923 2942 3993 ignorare.
2975 3919 3149 3991 igitur
3175 3935 3241 3975 ex
3275 3919 3365 3981 iis,
3398 3931 3524 3987 quae

1929 4018 2076 4089 apud
2114 4033 2216 4072 nos
2246 4025 2381 4072 sunt
2436 4016 2739 4080 nobiliora,
2788 4014 2956 4070 Deum
3006 4014 3397 4077 describimus,
3426 4026 3522 4067 eas

1929 4112 2149 4182 penitus
2191 4124 2313 4179 quae
2365 4107 2527 4162 nobis
2558 4108 2817 4162 accidunt
2848 4107 3233 4161 aberrationes
3266 4104 3522 4157 eximen-

1929 4213 2013 4260 tes
2065 4218 2096 4257 e
2130 4217 2362 4257 numero
2392 4214 2584 4256 eorum
2618 4216 2743 4270 qua:
2783 4198 2853 4254 de
2884 4197 2996 4252 Deo
3033 4197 3318 4252 dicuntur.
3352 4194 3448 4249 νει
3466 4195 3518 4249 bi
3542 4250 3555 4261 ,

1929 4298 2132 4370 gratia,
2165 4296 2309 4366 apud
2332 4304 2444 4350 nos
2480 4302 2567 4349 est
2614 4295 2722 4347 vita
2758 4302 2811 4347 et
2840 4304 2990 4348 mors
3024 4308 3038 4344 :
3077 4305 3188 4361 quo
3223 4288 3383 4344 decet
3415 4303 3521 4343 nos

1930 4392 2152 4462 signare
2185 4389 2380 4456 Deum,
2414 4389 2523 4442 vita
2551 4428 2566 4455 ,
2608 4402 2675 4441 an
2705 4385 2923 4442 morte?

2002 4672 2063 4726 li.
2097 4670 2223 4726 Vita
2254 4669 2485 4726 scilicet.

2006 4787 2072 4842 Δ.
2129 4785 2378 4841 Dicimus
2434 4784 2605 4856 igitur
2670 4783 2839 4840 Deum
2894 4784 3104 4849 vivere,
3151 4791 3206 4838 et
3246 4782 3520 4838 viventem

1932 4895 2078 4936 esse.
2118 4877 2223 4933 Sed
2266 4878 2402 4948 quia
2455 4877 2606 4948 apud
2665 4891 2769 4931 nos
2804 4877 2916 4930 vita
2963 4883 3017 4930 et
3053 4874 3386 4945 principium
3420 4873 3523 4927 lia-

1934 4975 2025 5029 bct
2080 4983 2133 5026 et
2194 4973 2384 5033 linem,
2446 4980 2502 5024 et
2564 4969 2817 5038 indiget;
2877 4969 3085 5038 indiget
3113 4967 3260 5022 enim
3298 4966 3369 5020 iis
3400 4981 3523 5035 qua:

1934 5064 2294 5120 extrinsecus
2327 5062 2589 5126 inlinunt,
2638 5070 2697 5115 ut
2728 5061 2877 5125 cibo,
2909 5070 2962 5115 et
3006 5069 3159 5129 potu,
3193 5069 3249 5113 ct
3281 5058 3521 5127 respira-

1934 5157 2086 5211 tione
2115 5156 2282 5219 aeris,
2316 5161 2371 5210 et
2400 5155 2528 5209 aliis
2559 5152 2906 5221 bujusmodi,
2936 5167 3002 5207 ex
3043 5152 3249 5222 quibus
3281 5149 3391 5205 vita
3424 5165 3523 5205 no-

1933 5260 2048 5304 stra
2085 5254 2326 5302 constat.
2367 5247 2464 5302 llis
2495 5247 2784 5304 omnibus.
2809 5262 2935 5317 quas
2966 5245 3257 5310 accidunt,
3300 5246 3520 5315 seposio

1933 5342 2009 5397 tis
2066 5355 2132 5394 ac
2185 5339 2443 5406 remotis,
2486 5338 2727 5394 dicimus
2757 5338 2929 5393 Deum
2964 5338 3147 5392 vivere
3191 5336 3358 5391 vitam
3397 5352 3517 5406 quae

1933 5445 2115 5501 neque
2161 5429 2499 5501 principium
2548 5428 2715 5485 habet
2766 5444 2950 5499 neque
3003 5428 3189 5491 tinem,
3242 5440 3343 5480 nec
3407 5426 3517 5481 ulla

1933 5524 2168 5595 prorsus
2226 5512 2286 5577 re
2334 5521 2688 5578 extrinsecus
2739 5521 2977 5591 indiget.
3031 5520 3232 5573 Annon
3300 5516 3515 5571 videtur

1934 5615 2034 5670 tibi
2069 5614 2153 5670 sic
2187 5613 2350 5671 esse?

2002 5707 2065 5765 Β.
2085 5707 2526 5777 Admirabiliter,
2554 5714 2610 5764 et
2634 5721 2799 5780 quam
2829 5703 3037 5777 optime
3066 5702 3271 5776 conjici
3309 5709 3515 5775 potest,
