3934 6448
485 412 620 480 M99

1701 425 2102 487 THEODORI
2153 424 2527 485 ABUCARE

3573 437 3713 502 1500‘

481 525 658 580 Deum
717 524 1010 595 describis,
1067 544 1247 599 neque
1287 538 1447 603 potes
1489 534 1716 592 aliunde
1771 536 2058 606 cognosci,

2173 534 2301 603 παρ’
2325 535 2463 604 ἡμῖν
2487 533 2576 586 τὸν
2598 532 2731 586 Θεὸν
2757 532 3118 604 διαγράφεις,-
3147 531 3245 590 καὶ
3273 531 3375 588 οὐκ
3401 532 3538 592 ἐστιν
3568 539 3719 595 αὐτοι

482 630 587 673 nec
614 616 775 672 aliter
805 632 1102 688 possumus
1136 623 1205 678 de
1230 639 1298 680 eo
1333 626 1507 697 loqui.

554 709 625 761 Δ.
660 708 740 763 Ad
775 710 1027 766 eumdem
1055 714 1302 783 modum,
1339 719 1537 782 amice,
1565 719 1733 776 debes
1751 720 2066 790 intelligere

484 801 555 853 de
575 800 825 869 reliquis.
844 802 940 857 Est
959 805 1102 873 apud
1122 821 1224 861 nos
1242 817 1501 877 aspectus
1523 813 1827 866 etcaacitas.
1846 810 2064 867 Relicta

482 892 757 957 caecitate,
793 896 965 948 Deum
998 897 1238 953 dicimus
1270 900 1548 956 videntem
1580 902 1830 966 ἀπαθῶς,
1862 904 1914 957 id
1949 912 2061 969 est,

484 997 593 1036 non
628 986 909 1053 patiendo.
945 987 998 1040 id
1043 999 1148 1054 est,
1186 1004 1539 1048 removentes
1572 994 1641 1048 ab
1674 1010 1740 1049 eo
1774 995 2064 1064 passiones

481 1075 742 1129 visionis.
776 1076 872 1131 Est
930 1081 1075 1133 enim
1138 1082 1278 1137 Deus
1312 1084 1367 1137 in
1408 1086 1671 1141 omnibus
1713 1086 1950 1157 ἀπαθὴς,
2005 1087 2063 1141 id

482 1171 569 1217 est
621 1164 836 1221 alienus
898 1181 929 1219 a
991 1170 1275 1238 passione.
1366 1172 1635 1227 Similiter
1709 1174 1932 1229 auditus
2008 1181 2064 1229 et

482 1254 649 1324 368
704 1258 954 1313 surditas
1014 1272 1098 1315 est
1124 1263 1269 1330 apud
1303 1278 1428 1317 nos.
1468 1263 1639 1317 Deum
1672 1264 1925 1320 dicemus
1959 1278 2063 1318 au-

481 1345 747 1415 dientem,
790 1357 845 1405 et
878 1368 984 1407 non
1017 1355 1270 1409 surdum.
1297 1356 1571 1412 Similiter
1602 1357 1660 1412 in
1691 1357 1948 1427 reliquis;

552 1501 614 1558 Β.
664 1502 903 1559 Pulchre
945 1514 1001 1560 et
1052 1508 1501 1564 demonstranter
1564 1509 1778 1566 dixisti.
1856 1509 2061 1565 Eadem

478 1594 663 1657 lance,
707 1596 1046 1665 justissime,
1098 1614 1219 1668 qua:
1269 1602 1619 1657 consectaria
1665 1613 1798 1658 sunt
1842 1603 1898 1657 in
1954 1602 2064 1657 hoc

481 1700 757 1747 sermone,
788 1687 956 1742 redde
988 1689 1141 1744 mihi.
1522 1696 1527 1702 ’

551 1780 615 1832 Α.
656 1781 799 1846 Quid
841 1784 983 1852 apud
1020 1798 1122 1838 nos
1145 1794 1233 1840 est
1261 1785 1562 1848 illustrius,
1610 1801 1676 1841 ac
1710 1785 1939 1855 majoris
1967 1785 2049 1840 di-

2167 624 2391 680 ἄλλοθεν
2417 625 2638 688 ειδέναι,
2668 624 2701 695 ἢ
2733 625 2908 689 ἄλλως
2937 627 3132 680 εἰπεῖν.

2239 716 2302 769 Α.
2331 714 2515 779 Οὕτως
2540 757 2555 782 ,
2582 710 2626 770 ὧ
2662 717 2834 786 φίλος,
2870 719 2965 772 ἐπὶ
2996 717 3104 772 τῶν
3153 717 3361 772 λοιπῶν
3393 736 3480 790 μοι
3531 721 3709 779 νόει¹³.

2169 806 2328 859 Ἐστι
2359 810 2491 878 παρ’
2518 810 2650 879 ἡμῖν
2678 810 2893 881 ὅρασις,
2934 811 3031 864 καὶ
3068 808 3371 881 τύφλωσις.
3402 810 3508 883 Τὴν
3530 813 3709 881 τύφλω-

2167 913 2252 950 σιν
2300 897 2552 967 ἀφέντες,
2604 900 2695 953 τὸν
2752 902 2887 957 Θεὶν
2936 901 3169 973 λέγομεν
3209 900 3463 972 ὁρατικὸν
3498 903 3710 971 ἀπαθῶς,

2164 987 2307 1057 ἦτοι,
2332 988 2401 1041 τά
2429 989 2526 1057 τῆς
2554 991 2801 1060 ὁράσεως
2850 992 3191 1065 ἐξορίζοντες
3246 993 3396 1063 πάθη
3424 994 3515 1047 ἀπ’
3552 995 3712 1054 αὑτοῦ.

2178 1080 2265 1132 Ἐν
2296 1083 2429 1133 πᾶσι
2456 1082 2564 1151 γάρ
2602 1085 2749 1136 ἐστιν
2777 1086 2805 1137 6
2832 1084 2970 1148 Θεὸς
3004 1084 3248 1155 ἀπαθῆς.
3288 1084 3558 1148 Ὡσαύτως
3599 1086 3713 1156 ἀκοὴ

2164 1170 2260 1224 καὶ
2326 1170 2584 1242 κώφωσις
2626 1173 2758 1245 παρ’
2799 1177 2956 1244 ἡμῖν.
3011 1174 3390 1239 Ἀκουστικδν,
3442 1174 3504 1227 οὐ
3556 1174 3716 1244 κωφὸν

2165 1260 2402 1335 ἐροῦμεν
2457 1262 2547 1317 τὸν
2594 1263 2749 1319 Θεόν.
2818 1264 3097 1330 Ὡσαύτως
3140 1265 3217 1331 δὲ,
3246 1265 3346 1319 καὶ
3388 1264 3457 1318 τὰ
3493 1264 3715 1320 itaista".

2234 1511 2295 1564 Β.
2325 1511 2474 1565 Πάνυ
2507 1527 2571 1579 γε
2621 1509 2804 1574 καλῶς
2863 1508 2959 1564 καὶ
3023 1499 3345 1573 ἀποδέκτως
3386 1509 3624 1579 εἴρηκας.
3648 1509 3721 1582 Τῷ

2162 1601 2311 1671 αὐτῷ
2349 1597 2442 1655 οὖν
2481 1601 2649 1671 ζυγῷ,
2714 1595 2760 1655 ὧ
2804 1600 3135 1667 δικαιότατε,
3164 1600 3262 1671 τὴν
3297 1598 3398 1653 τοῦ
3434 1598 3717 1669 λόγουλάκο-

2162 1691 2380 1745 λουθίαν
2410 1692 2710 1767 άνταπόδος
2735 1709 2848 1763 μοι.

2232 1783 2298 1836 Α.
2332 1782 2398 1835 Τί
2437 1781 2573 1853 παρ’
2598 1783 2731 1853 ἡμῖν
2751 1782 3212 1853 τιμαλφέστερον,
3254 1780 3320 1834 τὸ
3361 1780 3601 1851 γόνιμον,
3628 1782 3724 1851 an

480 1870 733 1939 gnitatis,
787 1871 1126 1939 fecunditas,
1172 1890 1240 1929 an
1269 1876 1689 1930 infecunditas?
1746 1877 2058 1941 generatio,

2173 1874 2393 1942 Ξγονονς
2453 1875 2691 1942 γένεσις,
2758 1874 2792 1945 ἢ
2854 1874 3182 1946 στείρωσις;
3226 1874 3275 1926 εί
3331 1874 3446 1943 γὰρ
3487 1876 3543 1927 ἐν
3579 1873 3722 1945 τούτῳ

480 1980 550 2016 an
580 1965 883 2019 sterilitas?
930 1965 987 2019 Si
1040 1967 1187 2021 ettim
1223 1969 1326 2022 hoc
1374 1967 1687 2030 contendis,
1724 1975 1778 2021 et
1811 1968 2063 2037 injustus

480 2054 584 2117 sis,
618 2070 723 2125 ego
753 2057 922 2110 etiam
956 2060 1287 2114 contendam
1334 2069 1566 2114 mortem
1610 2075 1739 2115 esse
1775 2059 1889 2113 vita
1942 2074 2063 2114 me-

482 2146 698 2212 liorem,
752 2156 810 2202 et
857 2152 1163 2205 caecitatem
1246 2166 1311 2207 ac
1361 2154 1692 2207 surditatem
1742 2161 1965 2222 aspectu
2006 2159 2064 2206 et

481 2239 673 2295 auditu
715 2241 1074 2298 honoratiore
1113 2263 1126 2299 :
1176 2246 1373 2314 ecquid
1423 2246 1527 2299 ista
1576 2246 1935 2301 contentione.
1958 2245 2060 2299 ab-

480 2333 731 2398 surdius,
760 2341 816 2387 et
843 2336 1015 2405 magis
1050 2336 1344 2391 ridendum
1375 2352 1499 2392 esse
1531 2338 1745 2407 possit?

553 2420 613 2475 Β.
661 2421 807 2478 Sane
839 2423 1244 2481 demonstrasti
1296 2426 1467 2483 Deum
1500 2442 1626 2483 esse
1680 2427 1973 2483 fecundum
2007 2436 2063 2483 et

479 2522 875 2583 generantem,
924 2517 1090 2588 idque
1129 2535 1256 2575 esse
1307 2522 1451 2573 citra
1510 2521 1681 2574 ullam
1735 2530 2061 2576 controver-

481 2607 619 2662 siam
688 2611 932 2666 nobilius
987 2630 1001 2666 :
1062 2614 1286 2683 gignere
1353 2615 1500 2668 enim
1577 2615 1931 2684 praestantius
1980 2624 2062 2670 est

479 2713 647 2768 quam
686 2701 930 2755 sterilem
967 2712 1022 2758 et
1053 2704 1440 2775 infrugil‘erum
1474 2721 1617 2762 esse.
1653 2707 1721 2761 At
1747 2708 2060 2775 generatio-

480 2807 605 2847 nem
634 2802 946 2863 sequuntur
981 2798 1299 2865 passiones.

548 2885 616 2937 Α.
652 2884 799 2939 Bone
852 2898 904 2941 et
948 2888 1175 2957 sapiens
1240 2890 1345 2951 vir,
1392 2890 1506 2959 jam
1550 2892 1707 2961 prius
1758 2890 2067 2945 constitui-

2165 1964 2549 2035 φιλονεικοίης,
2585 1968 2679 2018 καὶ
2735 1965 3007 2037 ἀδικοίης,
3052 1964 3429 2035 φιλονεικήσω
3471 1964 3637 2032 κάγὼ,
3659 1965 3720 2018 ὅτι

2163 2057 2259 2110 καὶ
2296 2057 2324 2109 6
2353 2056 2583 2120 θάνατος
2605 2057 2705 2126 τῆς
2739 2056 2893 2124 ζωῆς
2924 2056 3220 2128 κρείσσων,
3263 2054 3363 2108 καὶ
3395 2056 3429 2125 ἡ
3460 2053 3719 2122 τύφλωσις,

2163 2148 2319 2219 καὶὴ
2362 2147 2623 2215 κώφωσις
2666 2149 2768 2218 τῆς
2806 2147 3054 2219 ὁράσεως
3096 2146 3193 2200 καὶ
3228 2145 3406 2213 ἀκοῆς
3432 2143 3719 2214 τιμιωτέρα.

2162 2237 2275 2289 Καὶ
2295 2236 2350 2289 τί
2384 2236 2450 2291 ἂν
2480 2237 2646 2305 τῆσδε
2679 2237 2780 2307 τῆς
2818 2236 3155 2307 φιλονεικίας
3200 2233 3584 2305 ἐκτοπώτερόν
3603 2233 3719 2304 τε,ῆ

2164 2327 2706 2399 καταγελαστότερον
2731 2345 2750 2393 ;

2232 2421 2295 2475 Β.
2324 2422 2531 2484 Ὄντως
2580 2420 2870 2485 ἀπέδειξας
2897 2421 2980 2475 ὃτι
3009 2421 3234 2492 γόνιμος
3258 2422 3289 2474 6
3328 2419 3488 2482 Θεὸς,
3512 2418 3601 2473 καὶ
3624 2433 3722 2487 γεν-

2162 2515 2382 2581 νητικός
2401 2529 2416 2545 ·
2442 2514 2624 2583 πάσης
2650 2513 2758 2583 γάρ
2776 2513 3085 2581 ἀντιλογίας
3112 2513 3401 2586 άργούσης
3432 2508 3731 2583 τιμιώτερον

2162 2604 2223 2657 τὺ
2247 2606 2442 2676 γεννᾷν
2466 2606 2567 2675 τῆς
2613 2602 2959 2675 στειρὼσεως
3001 2605 3096 2658 καὶ
3132 2605 3449 2676 ἀκαρπίας.
3502 2602 3720 2671 unm

2162 2698 2418 2767 γεννήσει
2448 2699 2760 2768 παρέπεται
2793 2697 2969 2768 πάθη,

2230 2893 2296 2946 Α.
2347 2892 2511 2958 Ἀλλ’,
2571 2891 2744 2961 ἀγαθέ
2789 2892 2885 2946 καὶ
2928 2893 3080 2963 σοφὲ,
3133 2885 3723 2963 προδιεστειλάμεθατδ

478 2989 603 3030 mus
643 2977 843 3032 habere
897 2978 1066 3034 Deum
1118 2982 1471 3036 nobilissima
1523 2999 1716 3037 eorum
1748 2999 1869 3053 qua:
1911 2982 2099 3054 apud'

477 3081 581 3122 nos
618 3076 746 3121 sunt
778 3070 992 3139 absque
1021 3071 1228 3141 iisquae
1254 3083 1702 3147 consequuntur,
1732 3090 1855 3147 quae
1876 3075 2057 3145 παθή-

416 3211 420 3215 .
480 3176 628 3227 ματα
653 3171 706 3215 et
728 3162 1114 3232 συμπτώματα
1140 3165 1423 3221 dicuntur.

553 3252 589 3275 n
653 3251 711 3275 Ω.
766 3257 896 3275 -..ιε-
952 3266 995 3275 _.
1044 3256 1096 3275 el
1158 3272 1200 3275 ,-
1288 3273 1337 3275 _,
1494 3274 1501 3275 ,
1558 3258 1572 3275 I
1649 3260 1660 3275 I
1783 3267 1796 3275 .
1848 3274 1853 3275 ,
1906 3267 1941 3275 .,
1995 3258 2032 3275 ,ο

2173 3165 2357 3237 μάτων
2390 3183 2455 3218 συ
2465 3144 2739 3235 μὸάσεως.

548 3252 611 3306 Β.
652 3251 715 3306 Et
762 3257 921 3318 satis,
945 3266 998 3310 et
1044 3256 1231 3326 plane,
1281 3273 1347 3313 ac
1386 3274 1512 3314 vere
1540 3258 1610 3313 de
1647 3260 1752 3315 hoc
1782 3258 2058 3321 tractasti,

2239 3258 2300 3311 Β.
2345 3258 2686 3328 Ἀρκούντως
2714 3259 2845 3330 περὶ
2873 3258 3090 3323 τούτου,
3124 3259 3221 3313 καὶ
3257 3258 3474 3328 σαφῶς,
3501 3256 3588 3313 καὶ
3614 3253 3731 3325 ἁληο

477 3346 629 3417 quod
663 3344 809 3402 Deus
846 3349 939 3413 sit,
984 3358 1039 3403 et
1081 3350 1282 3404 Filium
1331 3352 1552 3407 habt-at.
1587 3351 1693 3407 Sed
1740 3368 1913 3422 quare
1948 3365 2062 3405 non

2173 3348 2274 3413 Βῶς
2302 3350 2601 3421 διεξῆλθες,
2635 3352 2718 3405 ὅτι
2778 3351 2910 3415 Θεός
2940 3353 3079 3414 ἐστι,
3124 3352 3222 3406 καὶ
3249 3350 3389 3405 Υίδν
3424 3352 3557 3421 ἔχει.
3595 3347 3724 3403 Ἀλλὰ

2162 2984 2320 3038 Θεϊον
2347 2984 2647 3055 κεκτῆσθαι
2687 2985 2756 3038 τὰ
2786 2985 2920 3055 παρ’
2973 2986 3105 3055 ἡμῖν
3133 2980 3481 3053 τιμιώτατα,
3512 2982 3629 3035 ἄνευ
3646 2977 3729 3047 τῆς

2161 3074 2631 3145 ἐπακολουθούσης
2647 3075 2830 3138 αὐτοῖς
2856 3075 2963 3130 τῶν
2982 3074 3336 3145 παθημάτων
3366 3073 3467 3127 καὶ
3498 3085 3725 3142 συμπτω·

478 3439 686 3495 multos
746 3442 958 3509 genuit,
995 3451 1055 3497 ut
1087 3458 1188 3512 per
1228 3444 1419 3513 plures
1464 3445 1729 3515 princeps
1766 3452 1819 3498 et
1860 3458 2065 3515 regna-

478 3538 570 3587 tor
599 3531 786 3587 esset?

548 3627 615 3682 A.
640 3626 780 3693 Quia
814 3634 1098 3697 oporteret
1136 3633 1197 3681 ut
1236 3642 1403 3681 unum
1435 3643 1500 3682 ex
1533 3626 1717 3683 tribus
1752 3628 1928 3691 ﬁeret,
1969 3634 2065 3681 aut

480 3717 738 3787 genuisse
771 3717 1019 3771 inﬁuitos
1046 3757 1061 3782 ,
1113 3725 1167 3772 et
1200 3718 1254 3771 in
1285 3719 1548 3772 saeculum
1588 3717 1809 3784 saeculi,
1847 3725 1903 3772 et
1934 3732 2063 3787 per-

481 3816 680 3875 petuo;
732 3819 828 3862 aut
871 3817 1024 3863 certo
1075 3825 1332 3877 numero,
1386 3811 1543 3865 verbi
1583 3812 1784 3881 gratia,
1831 3819 2062 3865 centum

481 3907 577 3954 aut
625 3916 823 3955 unum.
876 3899 934 3953 Si
986 3901 1236 3956 inﬁnitos
1287 3902 1601 3972 genuisset,
1643 3912 1698 3957 et
1747 3911 2059 3973 perpetuo,

480 4008 763 4064 nunquam
789 3993 1106 4062 quiesceret
1132 3993 1256 4062 eius
1299 3994 1664 4063 desiderium,
1720 4010 1905 4064 neque
1939 3995 2063 4064 ejus

481 4087 739 4140 voluntas
801 4102 1039 4152 unquam
1083 4087 1305 4152 impleta
1354 4096 1526 4143 esset.
1585 4088 1681 4141 Sin
1715 4102 1850 4143 vero
1878 4094 2064 4142 certos

461 4185 536 4247 ,ει
566 4176 773 4241 finitos,
808 4185 868 4230 ut
904 4186 1151 4241 centum,
1200 4188 1550 4247 generasset,
1592 4192 1703 4248 qua
1759 4177 1828 4233 de
1885 4187 2062 4233 causa

482 4268 587 4322 hoc
623 4266 872 4322 faceret?
900 4268 1152 4337 profecto
1177 4269 1310 4337 quia
1364 4283 1513 4323 unus
1561 4282 1670 4322 non
1712 4268 1852 4323 satis
1911 4275 2064 4321 esset

480 4360 549 4414 ad
577 4360 916 4432 implendum
949 4376 1111 4416 omne
1146 4360 1485 4416 desiderium
1540 4361 1685 4429 ejus,
1721 4373 2064 4430 omnemque

481 4452 845 4507 voluntatem.
896 4450 1113 4507 Idcirco
1158 4453 1306 4508 enim
1370 4468 1511 4523 opus
1563 4462 1713 4509 esset
1775 4454 2061 4523 pluribus.

2163 3442 2253 3497 διὰ
2301 3443 2356 3495 τί
2399 3443 2473 3513 μὴ
2529 3443 2750 3507 πλείους
2790 3445 2820 3496 6
2861 3443 2996 3507 Θεὸς
3024 3443 3351 3515 ἐγέννησεν,
3380 3444 3470 3498 ἵνα
3500 3440 3729 3496 πλειόνων

2164 3536 2330 3608 ἄρχῃ,
2359 3536 2456 3589 καὶ
2471 3534 2732 3605 βασιλεύῃ
2757 3552 2775 3601 ;
3104 3520 3112 3529 ’

2235 3629 2300 3681 Α.
2348 3627 2568 3699 Ἐπειδὴ
2598 3628 2815 3696 ἀνάγκη
2838 3626 2898 3681 ἓν
2922 3626 3033 3682 τῶν
3061 3626 3461 3698 τριῶντούτων
3491 3622 3719 3693 γενέσθαισ

2164 3719 2197 3790 ἢ
2220 3719 2485 3790 ἀπείρους
2499 3720 2781 3790 γεννῆσαι,
2805 3720 2897 3772 καὶ
2925 3721 3008 3781 είς
3060 3720 3152 3773 τὸν
3188 3722 3372 3775 αἰῶνα
3417 3717 3513 3772 τοῦ
3541 3715 3729 3775 αἰῶνος,

2164 3812 2261 3865 καὶ
2283 3810 2680 3882 ἀτελευτήτως.
2716 3813 2749 3883 ἢ
2774 3812 3082 3883 ὡρισμένον
3113 3811 3381 3883 ἀριθμὸν,
3400 3812 3519 3883 ἦτοι
3542 3805 3722 3868 ἑκατὸν,

2164 3901 2197 3972 ἢ
2231 3901 2350 3966 ἕνα,
2382 3903 2515 3974 φέρε
2550 3904 2747 3957 εἰπεῖν.
2780 3905 2841 3956 Et
2871 3904 2971 3972 μὲν
3005 3898 3100 3956 οὖν
3129 3895 3404 3975 ἀπείρους
3438 3903 3532 3957 καὶ
3571 3902 3725 3966 ἀναρι-

2164 3991 2405 4063 Θμήτους
2433 3993 2747 4066 ἐγέννησεν,
2793 3996 2890 4050 καὶ
2940 3996 3021 4058 είς
3049 3993 3110 4047 τὸ
3132 3995 3393 4065 διηνεκὲς
3417 3993 3622 4063 ἐγέννα,
3649 3990 3725 4042 οὐκ

2165 4085 2233 4141 ἂν
2266 4085 2431 4140 αὐτοῦ
2461 4088 2493 4158 ἡ
2547 4088 2734 4156 ἔφεσίς
2775 4089 2913 4154 ἐστι,
2967 4087 3093 4142 οὔτε
3122 4089 3154 4158 ή
3186 4087 3415 4141 εὐδοκία
3439 4083 3596 4139 αὐτοῦ
3621 4096 3725 4134 ποτε

2164 4178 2491 4251 ἐπληροῦτο.
2514 4181 2574 4234 Ei
2592 4181 2649 4233 δὲ
2669 4180 3014 4250 ὡρισμένους
3030 4180 3208 4243 τινὰς,
3234 4174 3353 4233 οἷον
3370 4179 3583 4241 ἑκατὸν,
3603 4173 3724 4242 ἐγέν-

2163 4288 2350 4340 νησεν,
2378 4272 2504 4325 ὅτου
2543 4272 2706 4343 χάριν
2736 4274 2909 4326 ἐποίει
2937 4271 3130 4337 τοῦτος
3170 4271 3403 4334 πάντως
3436 4270 3511 4333 ὡς
3542 4268 3609 4338 μὴ
3631 4265 3724 4331 οὐκὶ

2161 4360 2259 4413 τοῦ
2300 4362 2420 4424 ἐνὸς
2473 4362 2847 4432 ἐπαρκοῦντος
2901 4364 3085 4416 πᾶσαν
3116 4361 3285 4414 αὑτοῦ
3328 4360 3608 4431 πληρῶσαι
3645 4356 3723 4421 τὴν

2164 4453 2415 4507 εὐδοκίαν
2468 4456 2563 4506 καὶ
2594 4453 2805 4523 ἔφεσιν.
2839 4455 2940 4509 Διὰ
2993 4454 3151 4508 τοῦτο
3193 4453 3306 4525 ’γὰρ
3354 4453 3464 4507 τῶν
3498 4449 3723 4504 πλειόνων

483 4538 637 4606 Quod
667 4542 888 4612 quidem
918 4542 964 4597 si
989 4541 1327 4604 dederimus,
1375 4541 1633 4611 sequitur
1667 4542 2056 4612 imperfectum

2173 4546 2404 4617 ἠχρεία.
2440 4546 2501 4598 Εἰ
2529 4545 2583 4597 δὲ
2610 4546 2768 4599 τοῦτο
2789 4546 3035 4617 δοίημεν,
3075 4545 3275 4616 ἀτελὴς
3303 4529 3397 4612 ἂν,
3428 4544 3522 4597 καὶ
3549 4538 3719 4609 ἐνδεὴς.

482 4642 538 4689 et
570 4636 905 4705 indigentem
954 4650 1075 4690 esse
1120 4633 1344 4697 Filium,
1397 4635 1582 4702 neque
1633 4635 1741 4689 sibi
1780 4636 2058 4705 suﬂicere.

484 4727 641 4793 Quod
683 4731 729 4783 si
776 4726 950 4781 Filius
1003 4727 1080 4782 sit
1118 4726 1400 4793 indigens,
1454 4732 1541 4779 est
1604 4735 1790 4780 autem
1827 4726 2062 4795 a'qualis

483 4835 540 4880 et
569 4823 769 4878 similis
797 4821 969 4883 Patri,
1006 4827 1067 4874 ut
1100 4818 1544 4873 demonstratum
1595 4827 1703 4884 est,
1737 4820 1844 4873 erit
1893 4819 2064 4889 igitur

482 4917 651 4973 etiam
686 4917 828 4971 Deus
875 4913 1039 4967 Pater
1098 4910 1491 4979 imperfectus,
1535 4919 1590 4966 et
1620 4911 1877 4981 indigens
1924 4910 2063 4982 (sed

486 5010 758 5087 propitius
808 5008 888 5063 sis
937 5005 1095 5070 mihi,
1126 5002 1410 5074 Domine),
1445 5012 1501 5060 et
1548 5018 1656 5058 non
1691 5018 1790 5072 per
1822 5018 1882 5059 se
1916 5002 2066 5059 sum-

484 5103 661 5164 ciens,
690 5098 836 5170 quod
869 5096 1092 5166 quidem
1147 5095 1451 5151 absurdum
1496 5104 1599 5151 est.
1635 5093 1731 5149 Sin
1770 5110 1905 5150 vero
1934 5109 2064 5164 per-

488 5194 666 5249 fectus
710 5201 795 5247 est
841 5189 1013 5244 Filius
1044 5189 1190 5244 sicut
1238 5188 1422 5255 Pater,
1472 5204 1582 5243 non
1613 5203 1752 5259 opus
1790 5194 1878 5243 est
1916 5187 2063 5240 aliis.

489 5287 586 5341 Dic
628 5284 787 5350 mihi,
826 5298 1014 5338 nonne
1049 5282 1147 5335 tibi
1185 5283 1256 5336 ita
1291 5280 1544 5337 videtur?

561 5378 622 5430 Β.
655 5375 799 5430 Sane
828 5366 1073 5446 quidem.

559 5469 624 5535 Α,
656 5469 811 5538 Age:
848 5466 1059 5538 reliqua
1096 5467 1352 5522 animalia
1386 5472 1591 5523 suntne
1640 5462 1878 5518 rationis
1906 5468 1959 5516 et
2002 5460 2066 5514 li-

490 5558 607 5614 beri
639 5557 855 5613 arbitrii
888 5558 1179 5628 expertia?

2158 4638 2373 4691 κα¹ιοῢκ
2393 4637 2674 4707 αὐτάρκης
2726 4639 2755 4689 6
2811 4637 2962 4701 Υἱός.
3002 4637 3061 4690 Ei
3099 4635 3159 4690 δὲ
3183 4636 3210 4688 6
3234 4635 3368 4698 Υἱὸς
3402 4634 3603 4700 ἐνδεὴς,
3633 4628 3721 4686 in;

2157 4731 2214 4784 δὲ
2245 4731 2339 4785 καὶ
2363 4731 2551 4801 ὅμοιος
2576 4729 2658 4810 τῷ
2707 4731 2885 4801 Πατρὶ
2914 4730 3158 4799 πέφυκεν
3182 4724 3325 4782 εἶναι
3358 4724 3718 4781 ἀποδέδεικται,

2159 4822 2444 4894 ἐσται·ἄρα
2461 4824 2556 4877 καὶ
2586 4825 2613 4875 6
2638 4822 2793 4888 Θεὸς,
2829 4823 2923 4876 καὶ
2950 4823 3141 4893 Πατὴρ
3195 4820 3403 4888 ἀτελής
3431 4835 3489 4871 τε
3543 4815 3628 4868 καὶ
3654 4813 3721 4862 ὲνσ

2158 4914 2284 4986 δεὴς
2314 4915 2495 4983 (ἵλεως
2520 4915 2719 4984 γένοιο,
2764 4914 2983 4986 Κύριε),
3019 4914 3114 4967 καὶ
3147 4914 3250 4967 οὐκ
3281 4912 3582 4983 αὐτάρκης,
3612 4908 3727 4973 ὅπερ

2162 5008 2382 5063 ἄτοπον.
2409 5009 2470 5061 Ei
2496 5008 2553 5061 δὲ
2580 5006 2787 5070 τέλειός
2808 5008 2960 5060 ἐστιν
2987 5009 3015 5060 6
3048 5005 3199 5067 Υἱὸς,
3227 5005 3323 5057 καὶ
3358 5008 3387 5057 6
3419 5001 3614 5071 Πατὴρ,
3642 4997 3723 5049 οὐκ

2164 5099 2310 5153 ἔστιν
2334 5098 2539 5171 ἐτέρων
2564 5100 2743 5170 χρεία.
2779 5099 2915 5154 Είπέ
2955 5116 3070 5170 μοι,
3108 5097 3232 5167 οὐχὶ
3261 5097 3415 5167 φής;

2237 5368 2300 5421 Β.
2330 5366 2460 5419 Ναί.

2241 5461 2303 5513 Λ.
2348 5458 2427 5512 Τά
2455 5459 2509 5512 δὲ
2543 5459 2707 5512 λοιπὰ
2763 5459 2902 5524 ζῶα,
2961 5458 3120 5526 λόγου
3160 5476 3216 5510 τε
3278 5459 3371 5511 καὶ
3409 5447 3714 5518 αὖτεξονσιόο

2168 5568 2329 5621 τητος
2363 5551 2565 5622 ἄμοιρα
2590 5568 2603 5616 ;

1792 5734 1881 5790 VA
1893 5732 2027 5789 RI/E
2063 5734 2469 5791 LECTIONES.

570 5833 620 5869 ⁸³
658 5832 914 5892 Tttrrian.
954 5834 1105 5907 legit,
1139 5835 1373 5905 ὀφείλεις
1404 5831 1496 5886 ἐπὶ
1528 5830 1635 5887 τῶν
1659 5830 1860 5886 λοιπῶν
1904 5845 1995 5899 μοι
2030 5832 2189 5883 νοεῖν.
2266 5832 2312 5861 ’δ
2345 5827 2702 5885 Ιὶιιδίιιειι·;ιιιιι“
2731 5830 2784 5885 in
2828 5827 3085 5884 versione
3114 5824 3400 5880 Turriani.
