3934 6460
161 475 316 541 ῘῖιῐῗῙ

234 587 312 642 Β.
349 587 544 652 Οὕτως
565 587 700 658 ἔχει.

237 679 321 734 Α.
353 681 424 735 Ei
445 676 538 734 οὖν
585 683 614 733 6
656 680 788 746 Θεὸς
815 680 1093 751 ἠϐουλήθη
1125 679 1262 751 πρὸς
1296 681 1466 751 ἡμᾶς,
1507 683 1677 751 ἧγουν
1708 683 1789 746 είς

151 771 263 826 τὸν
291 772 518 841 κόσμον
545 771 847 825 ἀπόστολόν
893 789 1018 825 τινα
1051 772 1290 842 πέμψαι,
1321 772 1475 826 ποίου
1502 775 1789 843 τάγματος

152 863 548 916 ἀποστέλλειν
585 863 801 934 ἔμελλε,
841 864 901 928 ἐξ
941 863 1193 932 ἀγγέλων
1233 864 1476 930 πάντως,
1510 865 1547 935 ἢ
1577 865 1788 938 ἀνθρώ-

154 971 296 1007 πων
321 971 338 1019 ;
383 956 444 1008 οὐ
477 956 588 1028 γὰρ
619 957 684 1010 ἐκ
713 957 821 1012 τῶν
845 957 1060 1026 ἀλόγων
1087 955 1260 1022 ζώων.

239 1044 314 1099 Β.
359 1044 717 1118 Οὕτως’έχει.

237 1138 318 1191 Α.
354 1138 742 1204 Αὐτεξουσίων
777 1133 870 1194 οῦν
901 1139 1094 1206 ὄντων,
1131 1143 1188 1195 ὲν
1230 1141 1308 1212 τῷ
1331 1142 1787 1213 ἀποστελλομένῳ

154 1222 235 1297 ἦν
284 1229 616 1285 ὑπακοῦσαι
667 1231 761 1284 τοῦ
811 1231 974 1298 Θεοῦ,
1025 1231 1059 1302 ἢ
1096 1231 1171 1302 μὴ
1216 1233 1531 1287 ὑπακοῦσαι
1567 1234 1649 1296 είς
1686 1233 1786 1303 τὴν

154 1321 524 1392 ἀποστολὴν,
564 1324 658 1376 καὶ
691 1326 891 1388 εἰπεῖν,
942 1324 1019 1388 ὡς
1052 1325 1378 1396 ἐκελεύσθη,
1432 1325 1787 1398 παρατρέψαι

155 1407 300 1460 τινὰ
329 1406 466 1478 ²⁵”,ἦ
491 1406 621 1475 οῦκς
653 1405 849 1476 Οἶσθα,
877 1411 959 1463 ὅτι
984 1412 1080 1464 καὶ
1105 1413 1335 1482 Μωσῆς,
1365 1414 1458 1465 καὶ
1492 1414 1784 1484 Ἱερεμίας,

156 1498 268 1550 καὶ
293 1497 487 1568 ἕτεροι
519 1501 985 1569 ἀποστελλόμενοι
1013 1500 1166 1571 παρὰ
1194 1501 1288 1554 τοῦ
1317 1501 1480 1568 Θεοῦ,
1501 1502 1570 1555 τὰ
1592 1502 1786 1573 πρῶτα

163 1589 567 1662 παρῃτοῦντο,
595 1591 692 1644 καὶ
721 1592 1000 1656 ἀνένευον,
1024 1595 1120 1646 καὶ
1141 1594 1252 1646 δέει
1281 1595 1382 1666 τῆς
1415 1594 1786 1664 λειτουργίας;

157 1676 198 1749 ἢ
233 1680 433 1751 ἑτέρῳ
469 1681 632 1735 πάθει
685 1682 1060 1754 κρατούμενοι
1095 1687 1556 1756 προεφασίζοντο,
1591 1687 1786 1759 μέχρις

165 1769 240 1823 ἂν
278 1771 459 1836 αὐτὸς
504 1775 533 1825 ὁ
573 1772 708 1835 Θεὸς
756 1773 970 1826 πλείοσι
1001 1773 1202 1842 λόγοις,
1253 1777 1351 1829 καὶ
1395 1779 1786 1848 παραινέσεσιν

158 1860 508 1915 ἀνέπειθεν.
544 1863 608 1914 Ei
649 1861 708 1914 δὲ
739 1863 836 1914 καὶ
878 1862 982 1925 ἕως
1030 1863 1220 1928 τέλους
1247 1865 1453 1918 εἵλοντο
1497 1865 1784 1936 διαρκέσαι

161 1952 262 2006 ἐπ’
296 1953 520 2018 αὐτοῖς,
551 1953 628 2016 ὡς
668 1954 744 2026 μὴ
815 1954 1188 2020 αὐτεξουσίως
1217 1955 1401 2009 ἔκειτο
1427 1957 1587 2010 τοῦτο
1608 1995 1624 2010 .

236 2042 307 2095 Β.
353 2041 553 2105 Οῦτως
586 2043 720 2113 ἔχει.

235 2134 310 2188 Α.
353 2133 422 2188 ’0
449 2135 506 2186 δὲ
540 2133 728 2198 Ἰωνᾶς
751 2137 849 2188 καὶ
880 2138 1028 2206 φυγῇ
1057 2136 1332 2208 ἐχρήσατο
1355 2137 1464 2191 ἀπὸ
1489 2136 1786 2208 προσώπου

158 2225 424 2294 Κυρίου,
454 2227 533 2289 είς
551 2225 790 2298 Θαρσεῖς
805 2227 1136 2292 ἀποσταλεὶς
1168 2229 1300 2301 παρ’
1341 2229 1510 2284 αὑτοῦ
1557 2233 1639 2292 είς
1669 2229 1788 2298 Νη-

158 2316 316 2370 usui.

236 2410 310 2463 B.
345 2407 543 2474 Οῦτως
580 2410 1060 2482 ἀναγινώσκομεν.
1689 2465 1698 2472 .

232 2497 310 2554 Α.
357 2502 428 2554 Ei
476 2503 659 2556 τοίνυν
708 2503 1172 2572 ἀποστελλόμενοι
1222 2503 1256 2574 ἢ
1304 2503 1650 2576 παρῃτοῦντο
1686 2501 1787 2574 τὴν

159 2593 519 2666 ἀποστολὴν,
541 2596 575 2666 ἢ
603 2595 720 2648 ἀνθ’
747 2597 951 2666 ἑτέρων
977 2597 1326 2668 ἀπήγγελλον
1355 2597 1540 2667 ἕτερα,
1573 2597 1788 2665 ἀνάγκη

163 2687 336 2740 πᾶσα
389 2687 503 2740 τῶν
553 2688 648 2741 δύο
704 2689 766 2742 τὸ
812 2691 1002 2759 ἕτερον
1050 2685 1119 2762 ἦν
1163 2689 1440 2758 γενέσθαι,
1486 2688 1655 2759 ἣτὴν
1692 2688 1787 2742 τοῦ

162 2778 316 2832 Θεοῦ
354 2777 562 2849 βουλὴν
594 2780 836 2850 ἀργῆσαι
869 2783 931 2834 τὸ
963 2783 1037 2851 μὴ
1069 2782 1350 2850 εὑρίσκειν
1395 2782 1717 2845 ἀπόστολον,
1753 2781 1785 2851 ἢ

162 2871 348 2924 αὑτὸν
384 2871 782 2926 ἀπαναστάντα
810 2873 904 2925 τοῦ
951 2873 1234 2944 βασιλικοῦ
1264 2873 1458 2942 Θρόνου
1485 2871 1788 2926 ἀπόστολον

166 2961 550 3026 ὲαυτοῦ,,καὶ
601 2961 939 3030 αὐτάγγελον
989 2963 1357 3033 χρηματίσαι,
1415 2962 1508 3014 καὶ
1537 2962 1788 3014 διάκονον

161 3053 278 3123 τῆς
322 3052 528 3106 ἑαυτοῦ
578 3054 797 3124 βουλῆς,
847 3055 940 3106 καὶ
970 3054 1298 3126 αὐτουργὸν,
1341 3046 1438 3107 καὶ
1475 3053 1784 3124 ὑπηρέτην,

165 3147 346 3218 ὅπερ,
383 3147 463 3209 ὡς
489 3147 827 3211 ἀπέδειξενό
878 3147 1061 3215 λόγος,
1119 3146 1406 3216 ἀλλότριον
1459 3145 1641 3212 πάντη
1691 3145 1786 3198 καὶ

1609 483 2001 546 OPUSCULA
2014 532 2028 545 .
2092 479 2103 489 ’

1812 602 1860 656 Α
1957 591 2020 645 Β.
2060 589 2154 647 Sic
2181 597 2288 648 est.

3338 472 3483 550 ιδίιε

1963 687 2029 736 Α.
2077 681 2135 737 Si
2191 683 2366 755 igitur
2395 685 2663 741 voluisset
2703 685 2850 740 Deus
2883 685 3109 742 mittere
3143 687 3210 741 ad
3252 702 3378 752 nos,
3415 691 3483 745 ad

1891 773 2186 838 mundum,
2221 775 2471 844 inquam,
2518 777 2800 843 nuntium,
2843 775 3010 847 369
3041 791 3106 832 ex
3137 795 3250 847 quo
3285 780 3484 834 ordine.

1890 852 2170 923 missurus
2221 869 2380 922 erat?
2419 884 2487 922 ex
2548 870 2786 939 angelis,
2843 878 2940 924 aut
2993 885 3060 924 ex
3114 871 3484 928 hominibus?

1889 973 2002 1013 non
2039 961 2185 1013 enim
2221 975 2292 1015 ex
2320 961 2705 1016 animantibus
2737 961 2959 1017 ratione
2990 965 3336 1020 carentibus.

1950 1051 2010 1104 Β.
2042 1053 2124 1104 Ita
2155 1059 2266 1106 est.

1959 1141 2026 1194 A.
2061 1140 2200 1194 Cum
2241 1140 2411 1211 igitur
2440 1140 2494 1193 hi
2531 1149 2718 1196 essent
2750 1156 2866 1196 sua:
2900 1141 3206 1196 voluntatis
3248 1157 3478 1214 compo-

1889 1241 1994 1297 tes,
2028 1231 2083 1285 in
2115 1239 2393 1300 potestate
2429 1230 2550 1299 ejus
2582 1231 2676 1300 qui
2735 1232 3053 1285 mitteretur
3078 1240 3200 1286 erat
3255 1232 3479 1288 obedire

1887 1330 1981 1376 aut
2005 1337 2114 1376 non
2141 1321 2365 1376 obedire
2380 1323 2660 1387 mittenti;
2697 1323 2825 1376 item
2859 1323 3046 1378 dicere
3098 1331 3158 1377 ut
3186 1325 3234 1378 ei
3256 1323 3478 1392 jussum

1887 1422 2060 1477 esset,
2093 1421 2190 1468 aut
2221 1413 2405 1482 aliqua
2449 1414 2744 1468 invertere.
2784 1414 2869 1466 An
2891 1415 3117 1481 ignoras
3153 1413 3400 1485 Moysen,
3421 1423 3478 1470 et

1887 1503 2432 1567 Jercmiam,etalios
2459 1519 2489 1557 a
2511 1503 2625 1558 Deo
2645 1505 2846 1558 missos
2875 1519 3194 1567 recusasse,
3226 1505 3478 1560 etdetre-

1888 1604 2165 1660 ctasse,ac
2178 1603 2326 1650 metu
2351 1595 2653 1649 ministerii
2671 1595 2936 1658 obeundi,
2959 1596 3169 1648 antalia
3187 1595 3476 1650 aﬂ‘ectione

1888 1696 2082 1758 captos
2123 1701 2448 1751 excusasse,
2487 1701 2783 1757 quousque
2837 1684 3193 1741 Deusmultis
3210 1687 3393 1741 verbis
3421 1699 3476 1740 et

1887 1779 2304 1834 hortationibtts
2345 1777 2427 1832 eis
2471 1777 2684 1832 suasit?
2721 1777 2864 1847 quid
2902 1779 2948 1832 si
2989 1793 3165 1848 ttsque
3207 1779 3274 1832 ad
3313 1777 3477 1831 linem

1887 1871 2192 1926 voluissent
2230 1870 2629 1940 perseverare?
2663 1860 2834 1939 penes
2867 1884 2964 1944 eos
3005 1877 3264 1940 tauquam
3302 1869 3480 1924 libero

1818 1943 1860 1998 Β
1891 1965 2126 2018 arbitrio
2153 1964 2418 2034 prazditos
2463 1971 2583 2018 erat
2612 1963 2738 2018 hoc.

1954 2055 2018 2109 Β.
2049 2055 2142 2109 Sic
2179 2064 2285 2110 est.

1961 2147 2031 2201 A.
2065 2145 2239 2203 Jonas
2275 2155 2458 2201 autem
2493 2145 2632 2217 fugit
2659 2160 2687 2198 a
2718 2144 2859 2200 facie
2888 2143 3102 2200 Domini
3134 2144 3186 2198 in
3219 2142 3476 2209 Tharsis,

1887 2255 2016 2295 cum
2049 2240 2117 2295 ab
2149 2255 2214 2296 eo
2241 2241 2450 2296 missus
2479 2249 2566 2294 est
2589 2237 2863 2294 Ninivem.

1960 2426 2022 2478 B.
2070 2423 2162 2478 Sic
2195 2423 2454 2492 legimus.

1959 2517 2024 2570 A.
2087 2515 2144 2570 Si
2195 2517 2364 2585 igitur
2421 2516 2513 2583 qui
2567 2513 2944 2579 mitterentur,
3008 2522 3103 2568 aut
3157 2522 3478 2568 recusarent

1889 2607 2210 2663 missionem
2246 2647 2262 2672 ,
2317 2616 2412 2660 aut
2475 2605 2581 2658 alia
2650 2619 2749 2674 pro
2825 2604 2950 2658 aliis
3017 2606 3358 2668 nuntiarent,
3394 2603 3478 2654 al-

1888 2706 2064 2751 terum
2111 2696 2350 2751 duorum
2409 2694 2640 2748 omnino
2705 2693 2824 2748 ﬁeri
2890 2709 3119 2748 necesse
3169 2700 3322 2758 erat,
3383 2697 3481 2744 aut.

1889 2803 2120 2852 vacare,
2179 2801 2245 2841 ac
2310 2785 2518 2840 frustra
2567 2799 2692 2838 esse
2769 2783 3071 2838 consilium
3132 2781 3282 2845 Dei;
3350 2781 3476 2850 quin

1887 2894 1998 2933 non
2033 2879 2377 2931 inveniretur
2406 2877 2660 2940 nuntius,
2694 2882 2788 2928 aut
2827 2876 3009 2944 ipsum
3063 2889 3090 2926 a
3129 2873 3300 2940 regali
3339 2873 3481 2928 solio

1886 2971 2264 3026 discedentem
2297 2969 2416 3022 ﬁeri
2447 2967 2554 3021 sibi
2603 2967 2886 3030 nuntium,
2923 2973 2976 3021 et
3010 2965 3350 3033 αὐτάγγελον
3384 2980 3480 3018 vo-

1885 3063 2024 3126 cari,
2057 3071 2109 3116 et
2140 3063 2223 3116 sui
2257 3057 2480 3114 consilii
2516 3057 2934 3121 administrum,
2969 3065 3024 3110 et
3065 3073 3162 3126 per
3201 3072 3262 3110 se
3290 3055 3479 3110 conlc-

1885 3161 2092 3206 ctorem
2142 3161 2197 3205 et
2222 3149 2517 3210 famulum,
2545 3147 2690 3216 quod
2721 3147 2965 3216 quidem,
2997 3155 3058 3199 ut
3087 3146 3227 3200 ratio
3251 3145 3479 3200 demon-

169 3239 610 3309 ἀπεξενωμένον
635 3239 732 3293 τοῦ
765 3239 1050 3310 βασιλικοῦ
1087 3239 1423 3310 ἀξιώματος,
1459 3239 1520 3292 τὸ
1544 3239 1614 3292 δι’
1653 3238 1788 3292 ἐαυ-’

1900 3245 2106 3308 stravit.
2167 3243 2407 3297 alienum
2463 3241 2694 3296 omnino
2746 3245 2801 3294 et
2848 3250 3174 3293 extraneum
3238 3251 3268 3290 a
3311 3236 3476 3306 regali

169 3329 276 3383 τοῦ
311 3329 703 3400 αὐτουργικῶς
731 3329 1050 3399 περαιοῦντι
1085 3329 1197 3384 τῶν
1243 3329 1462 3384 οἰκείων
1505 3329 1786 3398 βουλημὰ-

173 3441 293 3476 των
320 3438 388 3474 τε
427 3421 523 3474 καὶ
555 3423 1018 3492 προσταγμάτων,
1044 3423 1364 3476 ἀποστεῖλαι
1389 3423 1444 3475 δὲ
1472 3423 1608 3494 πρὸς
1640 3424 1785 3493 ἡμᾶς

173 3531 232 3569 τι
271 3513 392 3567 τῶν
427 3515 636 3582 ἀλόγων
665 3513 842 3580 ζώων,
879 3517 976 3568 καὶ
1007 3515 1068 3568 τὸ
1106 3514 1288 3583 λέγειν
1317 3514 1545 3584 ἠλίθιον.
1576 3514 1786 3569 Οὐκοῦν

174 3608 413 3678 ἀνάγκη
445 3609 600 3660 πᾶσα
624 3608 717 3662 τὸν
746 3609 880 3662 Θεὸν
920 3607 1067 3679 ἔχειν
1097 3609 1220 3662 τινὰ
1265 3607 1556 3678 όμοούσιον
1588 3607 1784 3661 ἑαυτοῦ

175 3700 240 3752 τὸ
271 3697 634 3762 αὐτεξούσιον
664 3697 880 3768 ἔχοντα,
913 3699 1010 3752 καὶ
1045 3699 1109 3752 τὸ
1136 3699 1375 3770 θέλημα,
1406 3701 1466 3754 οὐ
1499 3699 1785 3770 παρηλλα-

175 3793 420 3863 γμένον,
447 3791 542 3844 καὶ
572 3791 784 3862 ἀπᾷδον
817 3791 1099 3854 παντελῶς
1147 3793 1247 3861 τῆς
1285 3792 1420 3855 ἰδίας
1452 3790 1784 3862 βουλήσεως,

178 3887 264 3949 εἰς
293 3883 656 3954 ἐκπλήρωσιν
685 3883 794 3937 τῶν
816 3883 978 3938 θείων
1007 3883 1176 3939 αὐτοῦ
1208 3884 1472 3952 ἐφέσεων,
1506 3885 1565 3946 ὃς
1589 3887 1736 3936 ἐστιν
1761 3886 1788 3937 6

177 3977 317 4040 Υἱὸς
362 3976 665 4039 συναῖδιος,
726 3978 822 4030 καὶ
894 3975 1245 4047 ταυτοτελὴς,
1281 3977 1376 4029 καὶ
1409 3974 1729 4045 όμόϐουλος,
1759 3977 1789 4027 6

180 4071 281 4124 καὶ
312 4071 376 4122 ὲν
409 4071 536 4132 ταῖς
557 4068 808 4139 Γραφαῖς
832 4071 933 4140 τῆς
965 4069 1210 4140 μεγάλης
1235 4067 1433 4139 βουλῆς
1453 4067 1618 4121 καλοῦ
1629 4083 1789 4136 μενος

182 4159 492 4232 Ἄγγελος,
529 4161 576 4195 ’³
607 4163 844 4226 καὶτοῖς
867 4160 1058 4233 πρώην
1111 4161 1457 4232 χρηματίσας
1507 4161 1804 4230 Πατράσιν.

194 4253 469 4324 Ἀϐραάμ
499 4269 580 4316 τε,
623 4252 718 4306 καὶ
779 4242 988 4318 Ἰσαὰκ,
1024 4255 1122 4306 καὶ
1153 4252 1374 4312 Ἰακὼϐ,
1431 4252 1524 4303 καὶ
1555 4253 1788 4321 Μωῦσῇ,

183 4346 281 4398 καὶ
316 4347 440 4408 τοῖς
461 4343 692 4414 λοιποῖς,
723 4345 798 4408 ὡς
833 4346 927 4399 καὶ
949 4347 1014 4398 ὲκ
1035 4345 1143 4398 τῶν
1169 4345 1342 4413 ἁγίων
1367 4342 1601 4414 Γραφῶν
1633 4345 1788 4414 ἀκρι-

188 4435 352 4488 ϐέστε
363 4451 462 4504 ρον
495 4435 843 4504 ἐντυγχάνων
877 4433 1124 4504 μαθήσῃ.

255 4529 324 4584 Β.
353 4528 429 4582 Τί
457 4527 515 4580 δὲ
565 4527 744 4580 εἰπεῖν
801 4526 944 4596 ἔχεις
1000 4526 1133 4597 περὶ
1181 4524 1274 4578 τοῦ
1306 4523 1659 4594 Πνεῦματοςς
1704 4522 1789 4587 τίς

1889 3337 2156 3405 dignitate
2204 3341 2346 3397 erat,
2397 3347 2495 3403 per
2540 3348 2600 3388 se
2655 3333 2840 3402 ipsum
2891 3330 3304 3383 ministrantem
3355 3343 3476 3382 ser-

1889 3443 2085 3484 mones
2119 3427 2302 3480 l‘acere
2332 3424 2474 3494 apud
2513 3438 2616 3478 nos
2648 3423 2715 3477 de
2749 3421 2960 3478 nostris
3004 3419 3389 3474 voluntatibus
3419 3425 3478 3472 et

1889 3521 2077 3576 rebus.
2125 3517 2344 3572 Mittere
2379 3523 2561 3571 autem
2617 3514 2686 3568 ad
2726 3529 2830 3568 nos
2884 3511 3096 3582 aliquid
3149 3511 3478 3565 animalium

1889 3615 2104 3669 ratione
2132 3611 2458 3672 carentium,
2493 3608 2580 3666 vel
2621 3607 2726 3660 hoc
2759 3607 2941 3676 ipsum
2968 3604 3176 3668 dicere,
3223 3603 3478 3659 mortife-

1889 3720 2012 3762 rum
2053 3700 2369 3776 [stolidum]
2427 3708 2536 3754 est.
2587 3698 2771 3764 Quare
2823 3711 3056 3752 necesse
3103 3696 3327 3749 omnino
3360 3703 3480 3748 erat

1892 3805 1952 3853 ut
1983 3796 2127 3852 Deus
2157 3795 2384 3849 haberet
2416 3793 2661 3862 aliquem
2696 3791 3052 3855 homousion,
3109 3788 3160 3843 id
3215 3796 3322 3850 est,
3367 3802 3482 3842 suae

1889 3890 2168 3950 essentia,
2206 3886 2304 3955 qui
2347 3884 2584 3939 liberum
2635 3882 2931 3936 arbitrium
2991 3879 3242 3942 haberet,
3284 3889 3339 3933 et
3381 3893 3478 3931 vo-

1893 3986 2158 4037 luntatem
2189 3980 2414 4049 penitus
2449 3995 2479 4032 a
2508 3994 2608 4033 sua
2641 3979 2926 4032 voluntate
2958 3991 3066 4028 non
3091 3973 3476 4035 dissidentem,

1891 4089 2068 4142 neque
2095 4071 2508 4128 discordantem
2551 4071 2614 4124 ad
2649 4066 2983 4138 explendum
3018 4065 3201 4118 omnia
3237 4079 3335 4118 sua
3369 4062 3470 4116 de-

1891 4165 2118 4228 sideria,
2159 4164 2254 4234 qui
2289 4171 2373 4218 est
2408 4160 2584 4216 Filius
2616 4161 2760 4229 ejus,
2797 4167 3126 4219 coaeternus,
3181 4162 3233 4208 et
3287 4169 3384 4224 per
3419 4167 3481 4208 se

1891 4258 2195 4329 perfectus,
2221 4263 2279 4310 et.
2305 4253 2556 4324 ejusdem
2601 4251 2844 4316 consilii,
2879 4249 2974 4318 qui
3007 4249 3060 4301 in
3094 4246 3306 4301 sanctis
3337 4244 3480 4299 S‘cri-

1892 4349 2067 4420 pturis
2097 4355 2322 4402 vocatur
2363 4345 2547 4416 magni
2574 4343 2797 4398 consilii
2834 4341 3078 4410 Angelus
3113 4349 3161 4391 θ.

1961 4523 2019 4579 Β.
2062 4520 2203 4590 Quid
2229 4519 2398 4574 habes
2434 4518 2500 4572 ad
2547 4516 2840 4570 dicendum
2873 4513 2941 4567 de
2991 4510 3200 4580 Spiritu
3251 4507 3479 4562 saneto?

186 4621 387 4675 τούτου
445 4619 606 4690 χρεία
663 4615 754 4692 ἦν,
797 4619 1108 4690 αὐτάρκους
1157 4617 1311 4680 ὄντος
1367 4617 1460 4670 τοῦ
1505 4617 1657 4678 Υίοῦ,
1713 4616 1788 4678 ὡς

1900 4618 2024 4688 quid
2056 4619 2158 4670 hoc
2185 4628 2326 4682 opus
2350 4611 2471 4666 est?
2501 4610 2648 4665 Cum
2666 4611 2804 4664 satis
2849 4607 2922 4662 sit
2955 4605 3153 4666 Filius,
3180 4611 3237 4656 ut
3263 4601 3476 4665 dixisti,

189 4715 457 4786 εἴρηκας,
483 4715 564 4776 είς
595 4712 874 4765 τελείωσιν
897 4713 996 4782 τῆς
1027 4712 1223 4783 ἀρχῆς,
1257 4710 1350 4764 καὶ
1380 4709 1482 4779 τῆς
1518 4708 1797 4778 βασιλείας

190 4807 289 4860 τοῦ
324 4805 548 4874 Πατρός
569 4822 584 4870 ;

266 4901 334 4954 Α.
381 4869 608 4967 ’ἰδίωμά
637 4897 783 4949 ἐστιν
813 4895 909 4969 τῆς
953 4895 1337 4965 ὲννομωτὰτης
1383 4869 1689 4962 βασιλείας,
1735 4888 1799 4942 τὸ

202 4991 374 5062 μηδὲν
411 4990 614 5058 δήποτε
651 4987 718 5040 δι’
747 4984 942 5039 ἑαυτοῦ
987 4985 1077 5038 τὸν
1123 4985 1352 5056 βασιλέα
1382 4987 1555 5037 ποιεῖν
1586 5000 1600 5014 ·
1637 4981 1794 5044 ἀλλὰ,

201 5085 272 5136 τὰ
307 5079 578 5135 δοκοῦντα
615 5076 763 5147 αὑτῷ
789 5077 878 5131 διὰ
902 5075 1225 5139 ’κελεύσεως
1276 5074 1540 5144 πληροῦν.
1582 5073 1644 5126 Ei
1680 5071 1792 5142 γάρ

203 5173 346 5228 τιδι’
377 5169 576 5226 ἑαυτοῦ
634 5171 874 5240 ποιήσει,
917 5167 1206 5236 ἐλάττωμα
1235 5207 1249 5231 ,
1295 5171 1390 5219 καὶ
1449 5165 1664 5234 ὕφεσις,
1699 5164 1796 5218 καὶ

207 5261 566 5324 κατάπτωσίς
603 5262 718 5314 ἐστι
753 5261 853 5330 τῆς
895 5258 1172 5330 βασιλείας
1195 5300 1208 5324 ,
1267 5259 1361 5311 καὶ
1395 5242 1454 5310 οὗ
1491 5255 1793 5326 βασιλικόν.

209 5355 302 5408 Διὸ
333 5351 608 5425 μεσιτεύει
637 5351 666 5404 6
692 5352 841 5414 Υἱός.
872 5350 1042 5404 Πάλιν
1071 5349 1182 5402 τῶν
1213 5347 1684 5416 ἀναγκαιοτάτων,
1705 5349 1800 5400 καὶ

1903 4709 1970 4764 ad
2008 4707 2400 4778 perfectionem
2436 4701 2798 4774 principatus,
2831 4709 2885 4754 et
2919 4698 3072 4768 regni
3113 4694 3335 4749 Patris?

1975 4891 2041 4942 Α.
2082 4885 2407 4955 Proprietas
2458 4880 2617 4950 regni
2645 4880 2847 4949 optime.
2880 4877 3092 4947 legibus
3121 4871 3360 4929 instituti
3396 4881 3482 4924 est

1899 4989 1956 5036 ut
1987 4981 2144 5041 nihil,
2184 4977 2574 5048 qualecunque
2604 4972 2698 5036 sit,
2745 4984 2846 5038 per
2888 4986 2947 5026 se
3006 4969 3169 5021 iaciat
3211 4979 3330 5024 rex.
3385 4963 3479 5017 sed

1894 5089 2016 5142 qna-
2065 5071 2112 5124 ei
2147 5069 2459 5132 videantur,
2501 5063 2746 5132 jubendo
2778 5059 3050 5129 perﬁciat.
3085 5057 3140 5113 Si
3173 5055 3302 5126 quid
3334 5055 3482 5108 enim

1893 5181 1990 5236 per
2042 5178 2102 5218 se
2151 5161 2340 5224 iaciat,
2385 5148 2700 5212 imminutio
2727 5159 2814 5206 est
2846 5161 2900 5204 et
2927 5149 3190 5219 dejectio,
3240 5155 3295 5202 et
3327 5145 3483 5216 regni

1895 5235 2204 5326 depressio,
2263 5259 2318 5306 et
2371 5265 2480 5304 non
2536 5243 2827 5314 dignitatis
2862 5240 3048 5310 regiae.
3105 5235 3480 5303 Quamobrem

1896 5347 2060 5418 37o
2083 5345 2256 5399 Filius
2295 5349 2384 5397 est
2412 5339 2650 5394 medius.
2676 5333 2896 5389 Rursus
2925 5331 3082 5387 valde
3105 5327 3482 5383 necessarium

217 5442 704 5516 συμπληρωτικῶν
725 5443 824 5512 τῆς
847 5441 1126 5512 βασιλείας
1147 5441 1266 5494 ἐστὶ
1313 5441 1373 5492 τὸ
1405 5439 1550 5510 ἔχειν
1571 5439 1788 5492 πλοῦτοι

1900 5448 2006 5500 est,
2041 5447 2099 5494 et
2131 5437 2278 5508 quod
2317 5447 2544 5504 regnum
2581 5427 2842 5498 complet,
2876 5424 3078 5480 habere
3123 5420 3370 5476 inﬁnitas
3399 5418 3481 5472 di-

214 5536 548 5608 ἀπέραντον,
580 5536 677 5589 καὶ
697 5535 1062 5606 ἁδαπάνητον,
1096 5535 1189 5588 καὶ
1209 5533 1542 5604 (θησαυροὺς,
1577 5531 1673 5585 καὶ
1703 5547 1798 5584 τα-

293 5683 320 5712 ο
341 5673 448 5726 isa.
477 5689 551 5738 ut,
579 5671 612 5726 6
646 5686 760 5728 sec.
797 5669 936 5724 LXX

1859 5561 1873 5572 ο
1904 5532 2088 5595 vitias,
2121 5537 2176 5584 et
2213 5544 2334 5600 qua:
2374 5522 2624 5579 consumi
2657 5527 2952 5590 nequeant,
2988 5523 3042 5572 et
3073 5514 3384 5576 thesauros,
3419 5521 3480 5566 ac
3556 5533 3561 5538 ~

1499 5800 1730 5856 VARLE
1767 5797 2176 5864 LECTIONES.

295 5901 362 5937 “‘
386 5903 557 5960 Aliter
591 5903 681 5961 hic
737 5904 1032 5962 distinctus
1065 5912 1149 5961 est
1189 5903 1363 5958 codex
1412 5900 1578 5955 Turr.

1656 5897 1700 5930 ’⁸
1738 5896 1860 5952 llarc
1893 5897 2094 5950 desunt
2127 5896 2182 5948 in
2220 5893 2480 5949 versione
2512 5888 2800 5944 anriani.
