  <div class='ocr_page' id='page_1' title='image "/cluster/home/n/w/nwhite01/storage/ocr_20150623/97/coo.31924054870013/784.png"; bbox 0 0 4000 6508; ppageno 0'>
   <div class='ocr_carea' id='block_1_1' title="bbox 213 388 349 456">
    <p class='ocr_par' dir='ltr' id='par_1_1' title="bbox 213 388 349 456">
     <span class='ocr_line' id='line_1_1' title="bbox 213 388 349 456; baseline -0.029 1"><span class='ocrx_word' id='word_1_1' title='bbox 213 388 349 456; x_wconf 75' lang='lat'><strong>1505</strong></span> 
     </span>
    </p>
   </div>
   <div class='ocr_carea' id='block_1_2' title="bbox 1593 384 2009 450">
    <p class='ocr_par' dir='ltr' id='par_1_2' title="bbox 1593 384 2009 450">
     <span class='ocr_line' id='line_1_2' title="bbox 1593 384 2009 450; baseline 0.002 -1"><span class='ocrx_word' id='word_1_2' title='bbox 1593 384 2009 450; x_wconf 86' lang='lat' dir='ltr'><strong>OPUSCULA.</strong></span> 
     </span>
    </p>
   </div>
   <div class='ocr_carea' id='block_1_3' title="bbox 3358 387 3499 459">
    <p class='ocr_par' dir='ltr' id='par_1_3' title="bbox 3358 387 3499 459">
     <span class='ocr_line' id='line_1_3' title="bbox 3358 387 3499 459; baseline 0.035 -5"><span class='ocrx_word' id='word_1_3' title='bbox 3358 387 3499 459; x_wconf 78' lang='lat'><strong>1506</strong></span> 
     </span>
    </p>
   </div>
   <div class='ocr_carea' id='block_1_4' title="bbox 209 496 1808 576">
    <p class='ocr_par' dir='ltr' id='par_1_4' title="bbox 209 497 1800 573">
     <span class='ocr_line' id='line_1_4' title="bbox 209 497 1800 573; baseline -0.004 -17"><span class='ocrx_word' id='word_1_4' title='bbox 209 503 380 573; x_wconf 78' lang='grc' dir='ltr'>ταύτῃ</span> <span class='ocrx_word' id='word_1_5' title='bbox 398 501 473 570; x_wconf 76' lang='grc' dir='ltr'><strong>τῇ.</strong></span> <span class='ocrx_word' id='word_1_6' title='bbox 496 498 672 570; x_wconf 69' lang='grc' dir='ltr'>πέτρα</span> <span class='ocrx_word' id='word_1_7' title='bbox 696 498 1041 569; x_wconf 77' lang='grc' dir='ltr'><strong>οἰκοδομήσω</strong></span> <span class='ocrx_word' id='word_1_8' title='bbox 1068 515 1173 570; x_wconf 86' lang='grc' dir='ltr'><strong>μου</strong></span> <span class='ocrx_word' id='word_1_9' title='bbox 1200 497 1299 569; x_wconf 77' lang='grc' dir='ltr'><strong>τὴν</strong></span> <span class='ocrx_word' id='word_1_10' title='bbox 1330 497 1686 568; x_wconf 80' lang='grc' dir='ltr'><strong>Ἐκκλησίαν,</strong></span> <span class='ocrx_word' id='word_1_11' title='bbox 1703 498 1800 551; x_wconf 72' lang='grc' dir='ltr'><strong>καὶ</strong></span> 
     </span>
    </p>
   </div>
   <div class='ocr_carea' id='block_1_5' title="bbox 1911 496 3498 576">
    <p class='ocr_par' dir='ltr' id='par_1_5' title="bbox 1911 496 3498 576">
     <span class='ocr_line' id='line_1_5' title="bbox 1911 496 3498 576; baseline 0.008 -27"><span class='ocrx_word' id='word_1_12' title='bbox 1911 496 2050 550; x_wconf 83' lang='lat' dir='ltr'><strong>hanc</strong></span> <span class='ocrx_word' id='word_1_13' title='bbox 2086 504 2296 567; x_wconf 81' lang='lat' dir='ltr'><strong>petram</strong></span> <span class='ocrx_word' id='word_1_14' title='bbox 2337 497 2626 555; x_wconf 64' lang='lat' dir='ltr'><strong>aedificabo</strong></span> <span class='ocrx_word' id='word_1_15' title='bbox 2655 497 2959 557; x_wconf 83' lang='lat' dir='ltr'><strong>Ecclesiam</strong></span> <span class='ocrx_word' id='word_1_16' title='bbox 3001 516 3203 570; x_wconf 85' lang='lat' dir='ltr'><strong>meam,</strong></span> <span class='ocrx_word' id='word_1_17' title='bbox 3237 514 3289 558; x_wconf 84' lang='lat' dir='ltr'><strong>rt</strong></span> <span class='ocrx_word' id='word_1_18' title='bbox 3323 518 3498 576; x_wconf 61' lang='lat' dir='ltr'><strong>porta».</strong></span> 
     </span>
    </p>
   </div>
   <div class='ocr_carea' id='block_1_6' title="bbox 213 590 1801 664">
    <p class='ocr_par' dir='ltr' id='par_1_6' title="bbox 213 590 1801 664">
     <span class='ocr_line' id='line_1_6' title="bbox 213 590 1801 664; baseline -0.004 -15"><span class='ocrx_word' id='word_1_19' title='bbox 213 596 376 651; x_wconf 76' lang='grc' dir='ltr'>πὺλαι</span> <span class='ocrx_word' id='word_1_20' title='bbox 407 591 537 664; x_wconf 72' lang='grc' dir='ltr'>ᾆδον</span> <span class='ocrx_word' id='word_1_21' title='bbox 560 591 622 644; x_wconf 79' lang='grc' dir='ltr'>οὐ</span> <span class='ocrx_word' id='word_1_22' title='bbox 660 591 1053 661; x_wconf 82' lang='grc' dir='ltr'>κατισχύσουσί</span> <span class='ocrx_word' id='word_1_23' title='bbox 1083 608 1162 645; x_wconf 85' lang='grc' dir='ltr'>σε.</span> <span class='ocrx_word' id='word_1_24' title='bbox 1179 612 1197 643; x_wconf 76' lang='grc' dir='ltr'><strong>ι</strong></span> <span class='ocrx_word' id='word_1_25' title='bbox 1216 590 1422 655; x_wconf 88' lang='grc' dir='ltr'>Τοῦτον</span> <span class='ocrx_word' id='word_1_26' title='bbox 1451 591 1509 645; x_wconf 84' lang='grc' dir='ltr'>δὲ</span> <span class='ocrx_word' id='word_1_27' title='bbox 1529 592 1622 644; x_wconf 87' lang='grc' dir='ltr'><strong>τὸν</strong></span> <span class='ocrx_word' id='word_1_28' title='bbox 1638 590 1801 659; x_wconf 84' lang='grc' dir='ltr'>λόγον</span> 
     </span>
    </p>
   </div>
   <div class='ocr_carea' id='block_1_7' title="bbox 209 680 1801 756">
    <p class='ocr_par' dir='ltr' id='par_1_7' title="bbox 209 680 1801 756">
     <span class='ocr_line' id='line_1_7' title="bbox 209 680 1801 756; baseline -0.005 -13"><span class='ocrx_word' id='word_1_29' title='bbox 209 691 239 743; x_wconf 88' lang='lat'><strong>6</strong></span> <span class='ocrx_word' id='word_1_30' title='bbox 275 684 481 756; x_wconf 77' lang='grc' dir='ltr'>Κύριος</span> <span class='ocrx_word' id='word_1_31' title='bbox 502 682 675 752; x_wconf 70' lang='grc' dir='ltr'>ἔφησε</span> <span class='ocrx_word' id='word_1_32' title='bbox 705 680 785 752; x_wconf 84' lang='grc' dir='ltr'>τῷ</span> <span class='ocrx_word' id='word_1_33' title='bbox 823 681 1038 755; x_wconf 79' lang='grc' dir='ltr'>Πέτρῳ,</span> <span class='ocrx_word' id='word_1_34' title='bbox 1082 684 1247 754; x_wconf 69' lang='grc' dir='ltr'>ἡνίκα.</span> <span class='ocrx_word' id='word_1_35' title='bbox 1278 680 1680 754; x_wconf 75' lang='grc' dir='ltr'>Πέτρο;[πρὸς]</span> <span class='ocrx_word' id='word_1_36' title='bbox 1708 681 1801 737; x_wconf 70' lang='grc' dir='ltr'><strong>τὸν</strong></span> 
     </span>
    </p>
   </div>
   <div class='ocr_carea' id='block_1_8' title="bbox 212 773 1800 854">
    <p class='ocr_par' dir='ltr' id='par_1_8' title="bbox 212 773 1800 854">
     <span class='ocr_line' id='line_1_8' title="bbox 212 773 1800 854; baseline -0.005 -20"><span class='ocrx_word' id='word_1_37' title='bbox 212 780 438 851; x_wconf 67' lang='grc' dir='ltr'>Κύριον,</span> <span class='ocrx_word' id='word_1_38' title='bbox 474 775 671 830; x_wconf 78' lang='grc' dir='ltr'>ἑαυτὸν</span> <span class='ocrx_word' id='word_1_39' title='bbox 698 775 826 828; x_wconf 81' lang='grc' dir='ltr'>Υίὸν</span> <span class='ocrx_word' id='word_1_40' title='bbox 862 773 1156 847; x_wconf 83' lang='grc' dir='ltr'>ἀνθρώπου</span> <span class='ocrx_word' id='word_1_41' title='bbox 1186 774 1519 845; x_wconf 79' lang='grc' dir='ltr'><strong>κεκληκότα,</strong></span> <span class='ocrx_word' id='word_1_42' title='bbox 1552 773 1800 854; x_wconf 82' lang='grc' dir='ltr'>είρηκεν’</span> 
     </span>
    </p>
   </div>
   <div class='ocr_carea' id='block_1_9' title="bbox 218 865 1804 939">
    <p class='ocr_par' dir='ltr' id='par_1_9' title="bbox 218 865 1804 939">
     <span class='ocr_line' id='line_1_9' title="bbox 218 865 1804 939; baseline -0.006 -14"><span class='ocrx_word' id='word_1_43' title='bbox 218 892 237 925; x_wconf 78' lang='grc' dir='ltr'><strong>ι</strong></span> <span class='ocrx_word' id='word_1_44' title='bbox 275 873 344 925; x_wconf 73' lang='grc' dir='ltr'><strong>ΣΞ)</strong></span> <span class='ocrx_word' id='word_1_45' title='bbox 375 866 430 923; x_wconf 73' lang='grc' dir='ltr'><strong>εί</strong></span> <span class='ocrx_word' id='word_1_46' title='bbox 453 871 481 922; x_wconf 91' lang='grc' dir='ltr'>ὁ</span> <span class='ocrx_word' id='word_1_47' title='bbox 509 867 743 939; x_wconf 81' lang='grc' dir='ltr'>Χριστὸς</span> <span class='ocrx_word' id='word_1_48' title='bbox 763 868 792 919; x_wconf 97' lang='lat'><strong>6</strong></span> <span class='ocrx_word' id='word_1_49' title='bbox 826 866 957 930; x_wconf 81' lang='grc' dir='ltr'>Υἱὸς</span> <span class='ocrx_word' id='word_1_50' title='bbox 983 867 1078 919; x_wconf 91' lang='grc' dir='ltr'><strong>τοῦ</strong></span> <span class='ocrx_word' id='word_1_51' title='bbox 1108 865 1245 920; x_wconf 86' lang='grc' dir='ltr'>Θεοῦ</span> <span class='ocrx_word' id='word_1_52' title='bbox 1267 866 1362 919; x_wconf 87' lang='grc' dir='ltr'><strong>τοῦ</strong></span> <span class='ocrx_word' id='word_1_53' title='bbox 1389 866 1613 929; x_wconf 74' lang='grc' dir='ltr'>ζῶντος.</span> <span class='ocrx_word' id='word_1_54' title='bbox 1655 884 1672 915; x_wconf 77' lang='grc' dir='ltr'><strong>ι</strong></span> <span class='ocrx_word' id='word_1_55' title='bbox 1694 865 1804 919; x_wconf 77' lang='grc' dir='ltr'>Καὶ</span> 
     </span>
    </p>
   </div>
   <div class='ocr_carea' id='block_1_10' title="bbox 214 954 1806 1032">
    <p class='ocr_par' dir='ltr' id='par_1_10' title="bbox 214 954 1806 1032">
     <span class='ocr_line' id='line_1_10' title="bbox 214 954 1806 1032; baseline -0.008 -14"><span class='ocrx_word' id='word_1_56' title='bbox 214 960 563 1032; x_wconf 81' lang='grc' dir='ltr'><strong>συνήχθησαν</strong></span> <span class='ocrx_word' id='word_1_57' title='bbox 608 959 704 1012; x_wconf 72' lang='grc' dir='ltr'><strong>ἐπὶ</strong></span> <span class='ocrx_word' id='word_1_58' title='bbox 742 956 837 1012; x_wconf 86' lang='grc' dir='ltr'><strong>τοῦ</strong></span> <span class='ocrx_word' id='word_1_59' title='bbox 868 956 1106 1029; x_wconf 75' lang='grc' dir='ltr'><strong>Χριστοῦ</strong></span> <span class='ocrx_word' id='word_1_60' title='bbox 1138 956 1232 1010; x_wconf 86' lang='grc' dir='ltr'><strong>τοῦ</strong></span> <span class='ocrx_word' id='word_1_61' title='bbox 1266 955 1476 1026; x_wconf 77' lang='grc' dir='ltr'>Κυρίου</span> <span class='ocrx_word' id='word_1_62' title='bbox 1509 954 1669 1025; x_wconf 80' lang='grc' dir='ltr'>ἡμῶν</span> <span class='ocrx_word' id='word_1_63' title='bbox 1697 955 1806 1024; x_wconf 84' lang='grc' dir='ltr'>ἀμ-</span> 
     </span>
    </p>
   </div>
   <div class='ocr_carea' id='block_1_11' title="bbox 212 1046 1802 1125">
    <p class='ocr_par' dir='ltr' id='par_1_11' title="bbox 212 1046 1802 1125">
     <span class='ocr_line' id='line_1_11' title="bbox 212 1046 1802 1125; baseline -0.006 -17"><span class='ocrx_word' id='word_1_64' title='bbox 212 1056 430 1125; x_wconf 81' lang='grc' dir='ltr'>φότεροι</span> <span class='ocrx_word' id='word_1_65' title='bbox 455 1052 508 1105; x_wconf 85' lang='grc' dir='ltr'>οἱ</span> <span class='ocrx_word' id='word_1_66' title='bbox 538 1051 710 1119; x_wconf 81' lang='grc' dir='ltr'><strong>λόγοι,</strong></span> <span class='ocrx_word' id='word_1_67' title='bbox 735 1051 832 1104; x_wconf 77' lang='grc' dir='ltr'><strong>καὶ</strong></span> <span class='ocrx_word' id='word_1_68' title='bbox 866 1049 1236 1113; x_wconf 71' lang='grc' dir='ltr'><strong>πεπίστωται,</strong></span> <span class='ocrx_word' id='word_1_69' title='bbox 1266 1049 1348 1101; x_wconf 85' lang='grc' dir='ltr'>ὅτι</span> <span class='ocrx_word' id='word_1_70' title='bbox 1383 1048 1515 1111; x_wconf 83' lang='grc' dir='ltr'>Θεός</span> <span class='ocrx_word' id='word_1_71' title='bbox 1544 1049 1661 1099; x_wconf 81' lang='grc' dir='ltr'>ἐστι</span> <span class='ocrx_word' id='word_1_72' title='bbox 1704 1046 1802 1113; x_wconf 77' lang='grc' dir='ltr'><strong>καὶ</strong></span> 
     </span>
    </p>
   </div>
   <div class='ocr_carea' id='block_1_12' title="bbox 1905 588 3498 660">
    <p class='ocr_par' dir='ltr' id='par_1_12' title="bbox 1905 588 3498 660">
     <span class='ocr_line' id='line_1_12' title="bbox 1905 588 3498 660; baseline 0.006 -17"><span class='ocrx_word' id='word_1_73' title='bbox 1905 588 2067 643; x_wconf 81' lang='lat' dir='ltr'><strong>inferi</strong></span> <span class='ocrx_word' id='word_1_74' title='bbox 2127 605 2236 643; x_wconf 91' lang='lat' dir='ltr'><strong>non</strong></span> <span class='ocrx_word' id='word_1_75' title='bbox 2297 590 2674 660; x_wconf 66' lang='lat' dir='ltr'><strong>praevalebunt</strong></span> <span class='ocrx_word' id='word_1_76' title='bbox 2730 593 2997 648; x_wconf 84' lang='lat' dir='ltr'><strong>adversus</strong></span> <span class='ocrx_word' id='word_1_77' title='bbox 3042 609 3164 648; x_wconf 87' lang='lat' dir='ltr'><strong>eam</strong></span> <span class='ocrx_word' id='word_1_78' title='bbox 3205 593 3248 649; x_wconf 73' lang='grc' dir='ltr'><strong>τ.</strong></span> <span class='ocrx_word' id='word_1_79' title='bbox 3296 615 3316 648; x_wconf 76' lang='grc' dir='ltr'><strong>ι</strong></span> <span class='ocrx_word' id='word_1_80' title='bbox 3369 597 3498 657; x_wconf 65' lang='lat' dir='ltr'><strong>“EBG</strong></span> 
     </span>
    </p>
   </div>
   <div class='ocr_carea' id='block_1_13' title="bbox 1907 680 3494 755">
    <p class='ocr_par' dir='ltr' id='par_1_13' title="bbox 1907 680 3494 755">
     <span class='ocr_line' id='line_1_13' title="bbox 1907 680 3494 755; baseline 0.007 -23"><span class='ocrx_word' id='word_1_81' title='bbox 1907 680 2072 733; x_wconf 89' lang='lat' dir='ltr'><strong>verba</strong></span> <span class='ocrx_word' id='word_1_82' title='bbox 2112 680 2252 734; x_wconf 87' lang='lat' dir='ltr'><strong>dixit</strong></span> <span class='ocrx_word' id='word_1_83' title='bbox 2300 681 2565 736; x_wconf 83' lang='lat' dir='ltr'><strong>Dominus</strong></span> <span class='ocrx_word' id='word_1_84' title='bbox 2598 683 2785 747; x_wconf 82' lang='lat' dir='ltr'><strong>Petro,</strong></span> <span class='ocrx_word' id='word_1_85' title='bbox 2832 699 2956 740; x_wconf 88' lang='lat' dir='ltr'><strong>cmn</strong></span> <span class='ocrx_word' id='word_1_86' title='bbox 2989 683 3189 743; x_wconf 87' lang='lat' dir='ltr'><strong>Petrus</strong></span> <span class='ocrx_word' id='word_1_87' title='bbox 3238 686 3494 755; x_wconf 89' lang='lat' dir='ltr'><strong>Domino,</strong></span> 
     </span>
    </p>
   </div>
   <div class='ocr_carea' id='block_1_14' title="bbox 1905 773 3498 843">
    <p class='ocr_par' dir='ltr' id='par_1_14' title="bbox 1905 773 3498 843">
     <span class='ocr_line' id='line_1_14' title="bbox 1905 773 3498 843; baseline 0.009 -20"><span class='ocrx_word' id='word_1_88' title='bbox 1905 773 1998 842; x_wconf 89' lang='lat' dir='ltr'><strong>qni</strong></span> <span class='ocrx_word' id='word_1_89' title='bbox 2032 789 2093 828; x_wconf 91' lang='lat' dir='ltr'><strong>se</strong></span> <span class='ocrx_word' id='word_1_90' title='bbox 2119 774 2491 843; x_wconf 89' lang='lat' dir='ltr'><strong>appellaverat</strong></span> <span class='ocrx_word' id='word_1_91' title='bbox 2523 774 2720 830; x_wconf 84' lang='lat' dir='ltr'><strong>Filium</strong></span> <span class='ocrx_word' id='word_1_92' title='bbox 2759 777 3182 843; x_wconf 79' lang='lat' dir='ltr'><strong>hominis,dixit</strong></span> <span class='ocrx_word' id='word_1_93' title='bbox 3213 798 3227 836; x_wconf 92' lang='lat'><strong>:</strong></span> <span class='ocrx_word' id='word_1_94' title='bbox 3266 799 3285 829; x_wconf 72' lang='grc' dir='ltr'><strong>ι</strong></span> <span class='ocrx_word' id='word_1_95' title='bbox 3321 781 3404 835; x_wconf 85' lang='lat' dir='ltr'><strong>Tu</strong></span> <span class='ocrx_word' id='word_1_96' title='bbox 3435 797 3498 837; x_wconf 83' lang='lat' dir='ltr'><strong>es</strong></span> 
     </span>
    </p>
   </div>
   <div class='ocr_carea' id='block_1_15' title="bbox 1902 853 3496 939">
    <p class='ocr_par' dir='ltr' id='par_1_15' title="bbox 1902 853 3496 939">
     <span class='ocr_line' id='line_1_15' title="bbox 1902 853 3496 939; baseline 0.006 -22"><span class='ocrx_word' id='word_1_97' title='bbox 1902 861 2161 918; x_wconf 83' lang='lat' dir='ltr'><strong>Christus</strong></span> <span class='ocrx_word' id='word_1_98' title='bbox 2193 864 2369 919; x_wconf 82' lang='lat' dir='ltr'><strong>Filius</strong></span> <span class='ocrx_word' id='word_1_99' title='bbox 2394 853 2495 920; x_wconf 88' lang='lat' dir='ltr'><strong>Dei</strong></span> <span class='ocrx_word' id='word_1_100' title='bbox 2534 866 2641 919; x_wconf 83' lang='lat' dir='ltr'><strong>vivi</strong></span> <span class='ocrx_word' id='word_1_101' title='bbox 2683 864 2765 932; x_wconf 72' lang='lat' dir='ltr'><strong>f‘;</strong></span> <span class='ocrx_word' id='word_1_102' title='bbox 2804 886 2823 919; x_wconf 73' lang='grc' dir='ltr'><strong>ι</strong></span> <span class='ocrx_word' id='word_1_103' title='bbox 2881 874 2936 921; x_wconf 90' lang='lat' dir='ltr'><strong>et</strong></span> <span class='ocrx_word' id='word_1_104' title='bbox 2986 869 3243 939; x_wconf 88' lang='lat' dir='ltr'><strong>copulata</strong></span> <span class='ocrx_word' id='word_1_105' title='bbox 3281 880 3407 925; x_wconf 89' lang='lat' dir='ltr'><strong>sunt</strong></span> <span class='ocrx_word' id='word_1_106' title='bbox 3438 871 3496 927; x_wconf 90' lang='lat' dir='ltr'><strong>in</strong></span> 
     </span>
    </p>
   </div>
   <div class='ocr_carea' id='block_1_16' title="bbox 1905 953 3498 1029">
    <p class='ocr_par' dir='ltr' id='par_1_16' title="bbox 1905 953 3498 1029">
     <span class='ocr_line' id='line_1_16' title="bbox 1905 953 3498 1029; baseline 0.006 -21"><span class='ocrx_word' id='word_1_107' title='bbox 1905 953 2132 1009; x_wconf 87' lang='lat' dir='ltr'><strong>Christo</strong></span> <span class='ocrx_word' id='word_1_108' title='bbox 2166 955 2399 1011; x_wconf 86' lang='lat' dir='ltr'><strong>Domino</strong></span> <span class='ocrx_word' id='word_1_109' title='bbox 2446 967 2638 1013; x_wconf 89' lang='lat' dir='ltr'><strong>nostro</strong></span> <span class='ocrx_word' id='word_1_110' title='bbox 2686 968 2925 1029; x_wconf 90' lang='lat' dir='ltr'><strong>utraque</strong></span> <span class='ocrx_word' id='word_1_111' title='bbox 2971 962 3164 1026; x_wconf 80' lang='lat' dir='ltr'><strong>verba,</strong></span> <span class='ocrx_word' id='word_1_112' title='bbox 3200 970 3254 1016; x_wconf 90' lang='lat' dir='ltr'><strong>et</strong></span> <span class='ocrx_word' id='word_1_113' title='bbox 3294 965 3498 1019; x_wconf 82' lang='lat' dir='ltr'><strong>contir-</strong></span> 
     </span>
    </p>
   </div>
   <div class='ocr_carea' id='block_1_17' title="bbox 1906 1050 3493 1127">
    <p class='ocr_par' dir='ltr' id='par_1_17' title="bbox 1906 1050 3493 1127">
     <span class='ocr_line' id='line_1_17' title="bbox 1906 1050 3493 1127; baseline 0.006 -25"><span class='ocrx_word' id='word_1_114' title='bbox 1906 1055 2113 1102; x_wconf 89' lang='lat' dir='ltr'><strong>matmn</strong></span> <span class='ocrx_word' id='word_1_115' title='bbox 2155 1050 2301 1119; x_wconf 89' lang='lat' dir='ltr'><strong>quod</strong></span> <span class='ocrx_word' id='word_1_116' title='bbox 2330 1058 2481 1106; x_wconf 82' lang='lat' dir='ltr'><strong>esset</strong></span> <span class='ocrx_word' id='word_1_117' title='bbox 2512 1050 2657 1108; x_wconf 87' lang='lat' dir='ltr'><strong>Deus</strong></span> <span class='ocrx_word' id='word_1_118' title='bbox 2683 1062 2736 1107; x_wconf 88' lang='lat' dir='ltr'><strong>et</strong></span> <span class='ocrx_word' id='word_1_119' title='bbox 2774 1054 2957 1111; x_wconf 86' lang='lat' dir='ltr'><strong>homo.</strong></span> <span class='ocrx_word' id='word_1_120' title='bbox 3013 1053 3247 1125; x_wconf 84' lang='lat' dir='ltr'><strong>Oportet</strong></span> <span class='ocrx_word' id='word_1_121' title='bbox 3303 1057 3493 1127; x_wconf 80' lang='lat' dir='ltr'><strong>igitur,</strong></span> 
     </span>
    </p>
   </div>
   <div class='ocr_carea' id='block_1_18' title="bbox 212 1140 1808 1221">
    <p class='ocr_par' dir='ltr' id='par_1_18' title="bbox 212 1140 1808 1220">
     <span class='ocr_line' id='line_1_18' title="bbox 212 1140 1808 1220; baseline -0.006 -20"><span class='ocrx_word' id='word_1_122' title='bbox 212 1146 521 1216; x_wconf 79' lang='grc' dir='ltr'>ἀν,’)ρωπος.</span> <span class='ocrx_word' id='word_1_123' title='bbox 548 1143 673 1215; x_wconf 80' lang='grc' dir='ltr'><strong>Χρὴ</strong></span> <span class='ocrx_word' id='word_1_124' title='bbox 696 1142 900 1207; x_wconf 77' lang='grc' dir='ltr'><strong>τοίνυν,</strong></span> <span class='ocrx_word' id='word_1_125' title='bbox 920 1142 1222 1212; x_wconf 79' lang='grc' dir='ltr'>ἀγαπητοὶ,</span> <span class='ocrx_word' id='word_1_126' title='bbox 1239 1140 1421 1194; x_wconf 86' lang='grc' dir='ltr'>πάντα</span> <span class='ocrx_word' id='word_1_127' title='bbox 1437 1141 1527 1194; x_wconf 86' lang='grc' dir='ltr'><strong>τὸν</strong></span> <span class='ocrx_word' id='word_1_128' title='bbox 1542 1141 1808 1220; x_wconf 50' lang='grc' dir='ltr'>Χριστιαέ</span> 
     </span>
    </p>
   </div>
   <div class='ocr_carea' id='block_1_19' title="bbox 1911 1140 3495 1221">
    <p class='ocr_par' dir='ltr' id='par_1_19' title="bbox 1911 1140 3495 1216">
     <span class='ocr_line' id='line_1_19' title="bbox 1911 1140 3495 1216; baseline 0.004 -21"><span class='ocrx_word' id='word_1_129' title='bbox 1911 1140 2247 1206; x_wconf 82' lang='lat' dir='ltr'><strong>charissimi,</strong></span> <span class='ocrx_word' id='word_1_130' title='bbox 2309 1151 2371 1197; x_wconf 90' lang='lat' dir='ltr'><strong>ut</strong></span> <span class='ocrx_word' id='word_1_131' title='bbox 2443 1146 2763 1214; x_wconf 87' lang='lat' dir='ltr'><strong>quicunque</strong></span> <span class='ocrx_word' id='word_1_132' title='bbox 2834 1145 3208 1201; x_wconf 77' lang='lat' dir='ltr'><strong>Christianam</strong></span> <span class='ocrx_word' id='word_1_133' title='bbox 3276 1148 3495 1216; x_wconf 68' lang='lat' dir='ltr'><strong>religio-</strong></span> 
     </span>
    </p>
   </div>
   <div class='ocr_carea' id='block_1_20' title="bbox 210 1232 1803 1306">
    <p class='ocr_par' dir='ltr' id='par_1_20' title="bbox 210 1232 1803 1306">
     <span class='ocr_line' id='line_1_20' title="bbox 210 1232 1803 1306; baseline -0.004 -17"><span class='ocrx_word' id='word_1_134' title='bbox 210 1236 403 1306; x_wconf 81' lang='grc' dir='ltr'>νισμὸν</span> <span class='ocrx_word' id='word_1_135' title='bbox 429 1233 805 1304; x_wconf 79' lang='grc' dir='ltr'><strong>οἰκειούμενον</strong></span> <span class='ocrx_word' id='word_1_136' title='bbox 833 1233 936 1300; x_wconf 84' lang='grc' dir='ltr'>τὴν</span> <span class='ocrx_word' id='word_1_137' title='bbox 971 1232 1169 1286; x_wconf 81' lang='grc' dir='ltr'>ἑαυτοῦ</span> <span class='ocrx_word' id='word_1_138' title='bbox 1205 1232 1547 1302; x_wconf 79' lang='grc' dir='ltr'>δοκιμάζειν,</span> <span class='ocrx_word' id='word_1_139' title='bbox 1574 1234 1667 1286; x_wconf 69' lang='grc' dir='ltr'>καὶ</span> <span class='ocrx_word' id='word_1_140' title='bbox 1688 1232 1803 1297; x_wconf 76' lang='grc' dir='ltr'>δια-</span> 
     </span>
    </p>
   </div>
   <div class='ocr_carea' id='block_1_21' title="bbox 210 1325 1805 1395">
    <p class='ocr_par' dir='ltr' id='par_1_21' title="bbox 210 1325 1805 1395">
     <span class='ocr_line' id='line_1_21' title="bbox 210 1325 1805 1395; baseline -0.004 -12"><span class='ocrx_word' id='word_1_141' title='bbox 210 1325 549 1383; x_wconf 74' lang='grc' dir='ltr'>σκέπτεσθαι</span> <span class='ocrx_word' id='word_1_142' title='bbox 599 1326 816 1379; x_wconf 72' lang='grc' dir='ltr'>πίστινο</span> <span class='ocrx_word' id='word_1_143' title='bbox 863 1325 958 1378; x_wconf 71' lang='grc' dir='ltr'><strong>καὶ</strong></span> <span class='ocrx_word' id='word_1_144' title='bbox 1005 1327 1054 1378; x_wconf 88' lang='grc' dir='ltr'><strong>εί</strong></span> <span class='ocrx_word' id='word_1_145' title='bbox 1110 1325 1210 1395; x_wconf 84' lang='grc' dir='ltr'><strong>μὲν</strong></span> <span class='ocrx_word' id='word_1_146' title='bbox 1250 1325 1580 1395; x_wconf 77' lang='grc' dir='ltr'>βεϐαιοῦσαν</span> <span class='ocrx_word' id='word_1_147' title='bbox 1629 1325 1805 1395; x_wconf 77' lang='grc' dir='ltr'>αὑτὴν</span> 
     </span>
    </p>
   </div>
   <div class='ocr_carea' id='block_1_22' title="bbox 208 1411 1805 1491">
    <p class='ocr_par' dir='ltr' id='par_1_22' title="bbox 208 1411 1805 1491">
     <span class='ocr_line' id='line_1_22' title="bbox 208 1411 1805 1491; baseline -0.003 -19"><span class='ocrx_word' id='word_1_148' title='bbox 208 1417 386 1491; x_wconf 73' lang='grc' dir='ltr'>εὖροι,</span> <span class='ocrx_word' id='word_1_149' title='bbox 423 1416 665 1489; x_wconf 79' lang='grc' dir='ltr'>Χριστὸν</span> <span class='ocrx_word' id='word_1_150' title='bbox 686 1411 830 1469; x_wconf 81' lang='grc' dir='ltr'>εἶναι</span> <span class='ocrx_word' id='word_1_151' title='bbox 862 1415 997 1469; x_wconf 87' lang='grc' dir='ltr'>Θεόν</span> <span class='ocrx_word' id='word_1_152' title='bbox 1030 1433 1089 1470; x_wconf 85' lang='grc' dir='ltr'><strong>τε</strong></span> <span class='ocrx_word' id='word_1_153' title='bbox 1134 1417 1228 1469; x_wconf 75' lang='grc' dir='ltr'><strong>καὶ</strong></span> <span class='ocrx_word' id='word_1_154' title='bbox 1259 1416 1571 1486; x_wconf 74' lang='grc' dir='ltr'>ἄνθρωπονζ</span> <span class='ocrx_word' id='word_1_155' title='bbox 1599 1416 1805 1483; x_wconf 72' lang='grc' dir='ltr'>ὀφείλει</span> 
     </span>
    </p>
   </div>
   <div class='ocr_carea' id='block_1_23' title="bbox 209 1507 1802 1582">
    <p class='ocr_par' dir='ltr' id='par_1_23' title="bbox 209 1507 1802 1582">
     <span class='ocr_line' id='line_1_23' title="bbox 209 1507 1802 1582; baseline 0.001 -22"><span class='ocrx_word' id='word_1_156' title='bbox 209 1512 496 1582; x_wconf 51' lang='grc' dir='ltr'>στέργειν,</span> <span class='ocrx_word' id='word_1_157' title='bbox 552 1511 657 1561; x_wconf 73' lang='grc' dir='ltr'>καὶ</span> <span class='ocrx_word' id='word_1_158' title='bbox 694 1507 1042 1579; x_wconf 69' lang='grc' dir='ltr'>ἀντέχεσθαι,</span> <span class='ocrx_word' id='word_1_159' title='bbox 1088 1510 1182 1562; x_wconf 73' lang='grc' dir='ltr'>καὶ</span> <span class='ocrx_word' id='word_1_160' title='bbox 1232 1510 1579 1579; x_wconf 83' lang='grc' dir='ltr'>ὑπερμαχεῖν</span> <span class='ocrx_word' id='word_1_161' title='bbox 1608 1507 1802 1577; x_wconf 83' lang='grc' dir='ltr'>αὑτῆς,</span> 
     </span>
    </p>
   </div>
   <div class='ocr_carea' id='block_1_24' title="bbox 184 1598 1806 1674">
    <p class='ocr_par' dir='ltr' id='par_1_24' title="bbox 184 1598 1806 1674">
     <span class='ocr_line' id='line_1_24' title="bbox 184 1598 1806 1674; baseline -0.001 -18"><span class='ocrx_word' id='word_1_162' title='bbox 184 1598 368 1674; x_wconf 66' lang='grc' dir='ltr'>’ἄχρις</span> <span class='ocrx_word' id='word_1_163' title='bbox 413 1599 796 1662; x_wconf 76' lang='grc' dir='ltr'>ἀποϐιώσεως.</span> <span class='ocrx_word' id='word_1_164' title='bbox 839 1602 901 1654; x_wconf 83' lang='grc' dir='ltr'><strong>Εἰ</strong></span> <span class='ocrx_word' id='word_1_165' title='bbox 943 1600 1002 1655; x_wconf 82' lang='grc' dir='ltr'>δὲ</span> <span class='ocrx_word' id='word_1_166' title='bbox 1042 1601 1138 1654; x_wconf 69' lang='grc' dir='ltr'><strong>καὶ</strong></span> <span class='ocrx_word' id='word_1_167' title='bbox 1178 1602 1378 1672; x_wconf 77' lang='grc' dir='ltr'>ἐκϐαίη</span> <span class='ocrx_word' id='word_1_168' title='bbox 1411 1601 1474 1654; x_wconf 88' lang='grc' dir='ltr'><strong>τὸ</strong></span> <span class='ocrx_word' id='word_1_169' title='bbox 1520 1602 1696 1674; x_wconf 80' lang='grc' dir='ltr'><strong>πέρας</strong></span> <span class='ocrx_word' id='word_1_170' title='bbox 1726 1602 1806 1665; x_wconf 89' lang='grc' dir='ltr'><strong>είς</strong></span> 
     </span>
    </p>
   </div>
   <div class='ocr_carea' id='block_1_25' title="bbox 204 1692 1806 1765">
    <p class='ocr_par' dir='ltr' id='par_1_25' title="bbox 204 1692 1806 1765">
     <span class='ocr_line' id='line_1_25' title="bbox 204 1692 1806 1765; baseline -0.001 -15"><span class='ocrx_word' id='word_1_171' title='bbox 204 1694 354 1760; x_wconf 77' lang='grc' dir='ltr'>ἄλλο,</span> <span class='ocrx_word' id='word_1_172' title='bbox 387 1693 472 1746; x_wconf 85' lang='grc' dir='ltr'>δεῖ</span> <span class='ocrx_word' id='word_1_173' title='bbox 507 1692 906 1761; x_wconf 78' lang='grc' dir='ltr'>μυσάττεσθαι,</span> <span class='ocrx_word' id='word_1_174' title='bbox 946 1692 1040 1746; x_wconf 77' lang='grc' dir='ltr'>καὶ</span> <span class='ocrx_word' id='word_1_175' title='bbox 1072 1693 1315 1762; x_wconf 76' lang='grc' dir='ltr'>φεύγειν,</span> <span class='ocrx_word' id='word_1_176' title='bbox 1359 1694 1457 1747; x_wconf 75' lang='grc' dir='ltr'><strong>καὶ</strong></span> <span class='ocrx_word' id='word_1_177' title='bbox 1494 1695 1806 1765; x_wconf 84' lang='grc' dir='ltr'>ἀπεχθάνε-</span> 
     </span>
    </p>
   </div>
   <div class='ocr_carea' id='block_1_26' title="bbox 208 1784 1805 1859">
    <p class='ocr_par' dir='ltr' id='par_1_26' title="bbox 208 1784 1805 1859">
     <span class='ocr_line' id='line_1_26' title="bbox 208 1784 1805 1859; baseline -0.001 -17"><span class='ocrx_word' id='word_1_178' title='bbox 208 1786 352 1852; x_wconf 84' lang='grc' dir='ltr'>σθαι,</span> <span class='ocrx_word' id='word_1_179' title='bbox 378 1788 481 1859; x_wconf 83' lang='grc' dir='ltr'>τήν</span> <span class='ocrx_word' id='word_1_180' title='bbox 502 1803 565 1840; x_wconf 80' lang='grc' dir='ltr'><strong>τε</strong></span> <span class='ocrx_word' id='word_1_181' title='bbox 602 1784 955 1858; x_wconf 79' lang='grc' dir='ltr'><strong>τραχύτητα,</strong></span> <span class='ocrx_word' id='word_1_182' title='bbox 1007 1787 1103 1839; x_wconf 72' lang='grc' dir='ltr'><strong>καὶ</strong></span> <span class='ocrx_word' id='word_1_183' title='bbox 1150 1785 1248 1858; x_wconf 84' lang='grc' dir='ltr'>τὴν</span> <span class='ocrx_word' id='word_1_184' title='bbox 1276 1786 1411 1858; x_wconf 85' lang='grc' dir='ltr'>πρὸς</span> <span class='ocrx_word' id='word_1_185' title='bbox 1441 1788 1569 1851; x_wconf 76' lang='grc' dir='ltr'>τοὺς</span> <span class='ocrx_word' id='word_1_186' title='bbox 1601 1788 1805 1859; x_wconf 81' lang='grc' dir='ltr'>προγό-</span> 
     </span>
    </p>
   </div>
   <div class='ocr_carea' id='block_1_27' title="bbox 1807 1208 1878 1254">
    <p class='ocr_par' dir='ltr' id='par_1_27' title="bbox 1807 1208 1878 1254">
     <span class='ocr_line' id='line_1_27' title="bbox 1807 1208 1878 1254; baseline 0 0"><span class='ocrx_word' id='word_1_187' title='bbox 1807 1208 1878 1254; x_wconf 58' lang='grc' dir='ltr'>υ</span> 
     </span>
    </p>
   </div>
   <div class='ocr_carea' id='block_1_28' title="bbox 1907 1234 3497 1306">
    <p class='ocr_par' dir='ltr' id='par_1_28' title="bbox 1907 1234 3497 1306">
     <span class='ocr_line' id='line_1_28' title="bbox 1907 1234 3497 1306; baseline 0.007 -22"><span class='ocrx_word' id='word_1_188' title='bbox 1907 1248 2031 1286; x_wconf 90' lang='lat' dir='ltr'><strong>nem</strong></span> <span class='ocrx_word' id='word_1_189' title='bbox 2069 1234 2445 1304; x_wconf 84' lang='lat' dir='ltr'><strong>amplectitur,</strong></span> <span class='ocrx_word' id='word_1_190' title='bbox 2480 1235 2638 1289; x_wconf 86' lang='lat' dir='ltr'><strong>tidem</strong></span> <span class='ocrx_word' id='word_1_191' title='bbox 2689 1251 2844 1291; x_wconf 88' lang='lat' dir='ltr'><strong>suam</strong></span> <span class='ocrx_word' id='word_1_192' title='bbox 2901 1239 3119 1306; x_wconf 84' lang='lat' dir='ltr'><strong>probet,</strong></span> <span class='ocrx_word' id='word_1_193' title='bbox 3154 1249 3208 1293; x_wconf 87' lang='lat' dir='ltr'><strong>et</strong></span> <span class='ocrx_word' id='word_1_194' title='bbox 3243 1239 3497 1295; x_wconf 86' lang='lat' dir='ltr'><strong>conside-</strong></span> 
     </span>
    </p>
   </div>
   <div class='ocr_carea' id='block_1_29' title="bbox 1909 1324 3494 1397">
    <p class='ocr_par' dir='ltr' id='par_1_29' title="bbox 1909 1324 3494 1397">
     <span class='ocr_line' id='line_1_29' title="bbox 1909 1324 3494 1397; baseline 0.004 -21"><span class='ocrx_word' id='word_1_195' title='bbox 1909 1333 2011 1384; x_wconf 83' lang='lat' dir='ltr'><strong>ret,</strong></span> <span class='ocrx_word' id='word_1_196' title='bbox 2046 1333 2098 1379; x_wconf 85' lang='lat' dir='ltr'><strong>et</strong></span> <span class='ocrx_word' id='word_1_197' title='bbox 2133 1326 2178 1379; x_wconf 87' lang='lat' dir='ltr'><strong>si</strong></span> <span class='ocrx_word' id='word_1_198' title='bbox 2220 1324 2447 1394; x_wconf 82' lang='lat' dir='ltr'><strong>quidem</strong></span> <span class='ocrx_word' id='word_1_199' title='bbox 2483 1341 2601 1379; x_wconf 88' lang='lat' dir='ltr'><strong>eam</strong></span> <span class='ocrx_word' id='word_1_200' title='bbox 2640 1328 2879 1397; x_wconf 73' lang='lat' dir='ltr'><strong>reperiat</strong></span> <span class='ocrx_word' id='word_1_201' title='bbox 2909 1330 3185 1386; x_wconf 82' lang='lat' dir='ltr'><strong>allirmare</strong></span> <span class='ocrx_word' id='word_1_202' title='bbox 3212 1328 3494 1387; x_wconf 81' lang='lat' dir='ltr'><strong>Christum</strong></span> 
     </span>
    </p>
   </div>
   <div class='ocr_carea' id='block_1_30' title="bbox 1905 1412 3496 1490">
    <p class='ocr_par' dir='ltr' id='par_1_30' title="bbox 1905 1412 3496 1490">
     <span class='ocr_line' id='line_1_30' title="bbox 1905 1412 3496 1490; baseline 0.004 -23"><span class='ocrx_word' id='word_1_203' title='bbox 1905 1428 2031 1468; x_wconf 86' lang='lat' dir='ltr'><strong>esse</strong></span> <span class='ocrx_word' id='word_1_204' title='bbox 2091 1412 2263 1469; x_wconf 89' lang='lat' dir='ltr'><strong>Deum</strong></span> <span class='ocrx_word' id='word_1_205' title='bbox 2327 1424 2379 1470; x_wconf 90' lang='lat' dir='ltr'><strong>et</strong></span> <span class='ocrx_word' id='word_1_206' title='bbox 2414 1416 2715 1479; x_wconf 86' lang='lat' dir='ltr'><strong>hominem,</strong></span> <span class='ocrx_word' id='word_1_207' title='bbox 2766 1418 2925 1473; x_wconf 88' lang='lat' dir='ltr'><strong>debet</strong></span> <span class='ocrx_word' id='word_1_208' title='bbox 2975 1433 3095 1473; x_wconf 87' lang='lat' dir='ltr'><strong>eam</strong></span> <span class='ocrx_word' id='word_1_209' title='bbox 3127 1421 3411 1490; x_wconf 79' lang='lat' dir='ltr'><strong>complecti</strong></span> <span class='ocrx_word' id='word_1_210' title='bbox 3442 1426 3496 1474; x_wconf 87' lang='lat' dir='ltr'><strong>et</strong></span> 
     </span>
    </p>
   </div>
   <div class='ocr_carea' id='block_1_31' title="bbox 1909 1507 3494 1581">
    <p class='ocr_par' dir='ltr' id='par_1_31' title="bbox 1909 1507 3494 1581">
     <span class='ocr_line' id='line_1_31' title="bbox 1909 1507 3494 1581; baseline 0.006 -23"><span class='ocrx_word' id='word_1_211' title='bbox 1909 1507 2168 1572; x_wconf 89' lang='lat' dir='ltr'><strong>retinere,</strong></span> <span class='ocrx_word' id='word_1_212' title='bbox 2202 1523 2268 1563; x_wconf 88' lang='lat' dir='ltr'><strong>ac</strong></span> <span class='ocrx_word' id='word_1_213' title='bbox 2328 1523 2425 1579; x_wconf 90' lang='lat' dir='ltr'><strong>pro</strong></span> <span class='ocrx_word' id='word_1_214' title='bbox 2462 1525 2525 1562; x_wconf 87' lang='lat' dir='ltr'><strong>ea</strong></span> <span class='ocrx_word' id='word_1_215' title='bbox 2577 1525 2755 1579; x_wconf 91' lang='lat' dir='ltr'><strong>usque</strong></span> <span class='ocrx_word' id='word_1_216' title='bbox 2812 1511 2877 1563; x_wconf 88' lang='lat' dir='ltr'><strong>ad</strong></span> <span class='ocrx_word' id='word_1_217' title='bbox 2935 1520 3171 1565; x_wconf 88' lang='lat' dir='ltr'><strong>mortem</strong></span> <span class='ocrx_word' id='word_1_218' title='bbox 3227 1527 3494 1581; x_wconf 72' lang='lat' dir='ltr'><strong>pugnare.</strong></span> 
     </span>
    </p>
   </div>
   <div class='ocr_carea' id='block_1_32' title="bbox 1909 1599 3501 1672">
    <p class='ocr_par' dir='ltr' id='par_1_32' title="bbox 1909 1599 3501 1672">
     <span class='ocr_line' id='line_1_32' title="bbox 1909 1599 3501 1672; baseline 0.005 -21"><span class='ocrx_word' id='word_1_219' title='bbox 1909 1599 2005 1653; x_wconf 85' lang='lat' dir='ltr'><strong>Sin</strong></span> <span class='ocrx_word' id='word_1_220' title='bbox 2038 1611 2224 1655; x_wconf 88' lang='lat' dir='ltr'><strong>autem</strong></span> <span class='ocrx_word' id='word_1_221' title='bbox 2255 1602 2320 1657; x_wconf 90' lang='lat' dir='ltr'><strong>ad</strong></span> <span class='ocrx_word' id='word_1_222' title='bbox 2354 1602 2505 1656; x_wconf 81' lang='lat' dir='ltr'><strong>aliud</strong></span> <span class='ocrx_word' id='word_1_223' title='bbox 2543 1603 2678 1672; x_wconf 90' lang='lat' dir='ltr'><strong>quid</strong></span> <span class='ocrx_word' id='word_1_224' title='bbox 2712 1602 2980 1668; x_wconf 84' lang='lat' dir='ltr'><strong>declinet,</strong></span> <span class='ocrx_word' id='word_1_225' title='bbox 3016 1603 3180 1657; x_wconf 81' lang='lat' dir='ltr'><strong>debet</strong></span> <span class='ocrx_word' id='word_1_226' title='bbox 3214 1607 3501 1658; x_wconf 82' lang='lat' dir='ltr'><strong>abomina-</strong></span> 
     </span>
    </p>
   </div>
   <div class='ocr_carea' id='block_1_33' title="bbox 1909 1692 3496 1767">
    <p class='ocr_par' dir='ltr' id='par_1_33' title="bbox 1909 1692 3496 1767">
     <span class='ocr_line' id='line_1_33' title="bbox 1909 1692 3496 1767; baseline 0.002 -21"><span class='ocrx_word' id='word_1_227' title='bbox 1909 1692 1989 1756; x_wconf 89' lang='lat' dir='ltr'><strong>ri,</strong></span> <span class='ocrx_word' id='word_1_228' title='bbox 2025 1701 2078 1747; x_wconf 92' lang='lat' dir='ltr'><strong>et</strong></span> <span class='ocrx_word' id='word_1_229' title='bbox 2106 1692 2317 1763; x_wconf 78' lang='lat' dir='ltr'><strong>fugere,</strong></span> <span class='ocrx_word' id='word_1_230' title='bbox 2346 1706 2400 1750; x_wconf 89' lang='lat' dir='ltr'><strong>et</strong></span> <span class='ocrx_word' id='word_1_231' title='bbox 2431 1697 2557 1750; x_wconf 86' lang='lat' dir='ltr'><strong>odio</strong></span> <span class='ocrx_word' id='word_1_232' title='bbox 2592 1696 2877 1767; x_wconf 82' lang='lat' dir='ltr'><strong>prosequi,</strong></span> <span class='ocrx_word' id='word_1_233' title='bbox 2931 1704 2987 1750; x_wconf 90' lang='lat' dir='ltr'><strong>et</strong></span> <span class='ocrx_word' id='word_1_234' title='bbox 3042 1697 3301 1750; x_wconf 87' lang='lat' dir='ltr'><strong>duritiam</strong></span> <span class='ocrx_word' id='word_1_235' title='bbox 3351 1696 3496 1760; x_wconf 82' lang='lat' dir='ltr'><strong>ﬁdei,</strong></span> 
     </span>
    </p>
   </div>
   <div class='ocr_carea' id='block_1_34' title="bbox 1906 1787 3497 1859">
    <p class='ocr_par' dir='ltr' id='par_1_34' title="bbox 1906 1787 3497 1859">
     <span class='ocr_line' id='line_1_34' title="bbox 1906 1787 3497 1859; baseline 0.003 -20"><span class='ocrx_word' id='word_1_236' title='bbox 1906 1793 1962 1839; x_wconf 88' lang='lat' dir='ltr'><strong>et</strong></span> <span class='ocrx_word' id='word_1_237' title='bbox 1998 1787 2257 1857; x_wconf 82' lang='lat' dir='ltr'><strong>majores.</strong></span> <span class='ocrx_word' id='word_1_238' title='bbox 2293 1804 2321 1843; x_wconf 89' lang='lat' dir='ltr'><strong>a</strong></span> <span class='ocrx_word' id='word_1_239' title='bbox 2347 1790 2555 1859; x_wconf 84' lang='lat' dir='ltr'><strong>quibus</strong></span> <span class='ocrx_word' id='word_1_240' title='bbox 2592 1791 2765 1854; x_wconf 84' lang='lat' dir='ltr'><strong>illam,</strong></span> <span class='ocrx_word' id='word_1_241' title='bbox 2813 1800 3076 1859; x_wconf 86' lang='lat' dir='ltr'><strong>tanquam</strong></span> <span class='ocrx_word' id='word_1_242' title='bbox 3120 1789 3497 1845; x_wconf 77' lang='lat' dir='ltr'><strong>haereditatem</strong></span> 
     </span>
    </p>
   </div>
   <div class='ocr_carea' id='block_1_35' title="bbox 203 1849 1808 1953">
    <p class='ocr_par' dir='ltr' id='par_1_35' title="bbox 203 1849 1807 1953">
     <span class='ocr_line' id='line_1_35' title="bbox 203 1849 1807 1953; baseline -0.001 -17"><span class='ocrx_word' id='word_1_243' title='bbox 203 1849 350 1948; x_wconf 77' lang='grc' dir='ltr'>νους,</span> <span class='ocrx_word' id='word_1_244' title='bbox 381 1849 477 1951; x_wconf 49' lang='lat' dir='ltr'><strong>ac,»</strong></span> <span class='ocrx_word' id='word_1_245' title='bbox 503 1874 579 1935; x_wconf 83' lang='grc' dir='ltr'>ὧν</span> <span class='ocrx_word' id='word_1_246' title='bbox 602 1849 821 1952; x_wconf 76' lang='grc' dir='ltr'>ἐκείνην</span> <span class='ocrx_word' id='word_1_247' title='bbox 836 1849 948 1951; x_wconf 31' lang='grc' dir='ltr'>ἰτὴν</span> <span class='ocrx_word' id='word_1_248' title='bbox 978 1881 1166 1933; x_wconf 87' lang='grc' dir='ltr'>πίστιν</span> <span class='ocrx_word' id='word_1_249' title='bbox 1204 1849 1682 1953; x_wconf 41' lang='grc' dir='ltr'>,ἐκληρονόμησεῇ</span> <span class='ocrx_word' id='word_1_250' title='bbox 1717 1849 1807 1947; x_wconf 55' lang='lat'><strong>6&amp;-</strong></span> 
     </span>
    </p>
   </div>
   <div class='ocr_carea' id='block_1_36' title="bbox 1911 1849 3496 1953">
    <p class='ocr_par' dir='ltr' id='par_1_36' title="bbox 1911 1881 3496 1951">
     <span class='ocr_line' id='line_1_36' title="bbox 1911 1881 3496 1951; baseline 0.002 -20"><span class='ocrx_word' id='word_1_251' title='bbox 1911 1882 2146 1948; x_wconf 80' lang='lat' dir='ltr'><strong>acrepit,</strong></span> <span class='ocrx_word' id='word_1_252' title='bbox 2180 1881 2385 1951; x_wconf 85' lang='lat' dir='ltr'><strong>ejicere</strong></span> <span class='ocrx_word' id='word_1_253' title='bbox 2412 1899 2477 1937; x_wconf 85' lang='lat' dir='ltr'><strong>ex</strong></span> <span class='ocrx_word' id='word_1_254' title='bbox 2509 1882 2677 1937; x_wconf 87' lang='lat' dir='ltr'><strong>corde</strong></span> <span class='ocrx_word' id='word_1_255' title='bbox 2703 1899 2823 1947; x_wconf 90' lang='lat' dir='ltr'><strong>suo,</strong></span> <span class='ocrx_word' id='word_1_256' title='bbox 2860 1892 2915 1938; x_wconf 92' lang='lat' dir='ltr'><strong>et</strong></span> <span class='ocrx_word' id='word_1_257' title='bbox 2947 1884 3096 1938; x_wconf 86' lang='lat' dir='ltr'><strong>illam</strong></span> <span class='ocrx_word' id='word_1_258' title='bbox 3124 1882 3496 1945; x_wconf 80' lang='lat' dir='ltr'><strong>ail‘ectionem,</strong></span> 
     </span>
    </p>
   </div>
   <div class='ocr_carea' id='block_1_37' title="bbox 203 1971 1804 2046">
    <p class='ocr_par' dir='ltr' id='par_1_37' title="bbox 203 1971 1804 2046">
     <span class='ocr_line' id='line_1_37' title="bbox 203 1971 1804 2046; baseline 0.002 -19"><span class='ocrx_word' id='word_1_259' title='bbox 203 1974 413 2043; x_wconf 80' lang='grc' dir='ltr'>ορίζειν</span> <span class='ocrx_word' id='word_1_260' title='bbox 438 1971 541 2043; x_wconf 78' lang='grc' dir='ltr'>τῆς</span> <span class='ocrx_word' id='word_1_261' title='bbox 565 1973 763 2027; x_wconf 80' lang='grc' dir='ltr'>ἑαυτοῦ</span> <span class='ocrx_word' id='word_1_262' title='bbox 809 1973 1041 2045; x_wconf 79' lang='grc' dir='ltr'>καρδίας</span> <span class='ocrx_word' id='word_1_263' title='bbox 1065 2014 1080 2039; x_wconf 91' lang='grc'><strong>,</strong></span> <span class='ocrx_word' id='word_1_264' title='bbox 1118 1975 1212 2026; x_wconf 72' lang='grc' dir='ltr'><strong>καὶ</strong></span> <span class='ocrx_word' id='word_1_265' title='bbox 1244 1976 1346 2043; x_wconf 76' lang='grc' dir='ltr'><strong>τὴν</strong></span> <span class='ocrx_word' id='word_1_266' title='bbox 1399 1975 1804 2046; x_wconf 77' lang='grc' dir='ltr'>προσπόώειαν,</span> 
     </span>
    </p>
   </div>
   <div class='ocr_carea' id='block_1_38' title="bbox 207 2060 1805 2138">
    <p class='ocr_par' dir='ltr' id='par_1_38' title="bbox 207 2060 1805 2138">
     <span class='ocr_line' id='line_1_38' title="bbox 207 2060 1805 2138; baseline 0.001 -19"><span class='ocrx_word' id='word_1_267' title='bbox 207 2060 323 2120; x_wconf 75' lang='grc' dir='ltr'>οἷόν</span> <span class='ocrx_word' id='word_1_268' title='bbox 350 2084 524 2137; x_wconf 81' lang='grc' dir='ltr'>φησιν</span> <span class='ocrx_word' id='word_1_269' title='bbox 554 2069 583 2120; x_wconf 92' lang='lat'><strong>6</strong></span> <span class='ocrx_word' id='word_1_270' title='bbox 610 2066 776 2120; x_wconf 79' lang='grc' dir='ltr'>Δαυῒδ</span> <span class='ocrx_word' id='word_1_271' title='bbox 806 2083 819 2098; x_wconf 93' lang='grc'><strong>·</strong></span> <span class='ocrx_word' id='word_1_272' title='bbox 861 2086 881 2119; x_wconf 79' lang='grc' dir='ltr'><strong>ι</strong></span> <span class='ocrx_word' id='word_1_273' title='bbox 922 2068 1215 2131; x_wconf 71' lang='grc' dir='ltr'>Ἄκουσον,</span> <span class='ocrx_word' id='word_1_274' title='bbox 1253 2066 1498 2138; x_wconf 84' lang='grc' dir='ltr'>θύγατερ</span> <span class='ocrx_word' id='word_1_275' title='bbox 1526 2108 1542 2135; x_wconf 88' lang='grc'><strong>,</strong></span> <span class='ocrx_word' id='word_1_276' title='bbox 1576 2070 1672 2122; x_wconf 80' lang='grc' dir='ltr'><strong>καὶ</strong></span> <span class='ocrx_word' id='word_1_277' title='bbox 1702 2071 1805 2136; x_wconf 86' lang='grc' dir='ltr'>ίδε,</span> 
     </span>
    </p>
   </div>
   <div class='ocr_carea' id='block_1_39' title="bbox 201 2156 1804 2225">
    <p class='ocr_par' dir='ltr' id='par_1_39' title="bbox 201 2156 1804 2225">
     <span class='ocr_line' id='line_1_39' title="bbox 201 2156 1804 2225; baseline 0.001 -15"><span class='ocrx_word' id='word_1_278' title='bbox 201 2156 299 2210; x_wconf 80' lang='grc' dir='ltr'>καὶ</span> <span class='ocrx_word' id='word_1_279' title='bbox 326 2157 514 2211; x_wconf 79' lang='grc' dir='ltr'>κλῖνον</span> <span class='ocrx_word' id='word_1_280' title='bbox 541 2157 602 2210; x_wconf 89' lang='grc' dir='ltr'><strong>τὸ</strong></span> <span class='ocrx_word' id='word_1_281' title='bbox 631 2157 725 2221; x_wconf 79' lang='grc' dir='ltr'><strong>οῦς</strong></span> <span class='ocrx_word' id='word_1_282' title='bbox 758 2175 876 2224; x_wconf 84' lang='grc' dir='ltr'>σου,</span> <span class='ocrx_word' id='word_1_283' title='bbox 928 2158 1023 2212; x_wconf 75' lang='grc' dir='ltr'><strong>καὶ</strong></span> <span class='ocrx_word' id='word_1_284' title='bbox 1069 2157 1333 2211; x_wconf 76' lang='grc' dir='ltr'>ἐπιλάθου</span> <span class='ocrx_word' id='word_1_285' title='bbox 1387 2158 1484 2212; x_wconf 88' lang='grc' dir='ltr'><strong>τοῦ</strong></span> <span class='ocrx_word' id='word_1_286' title='bbox 1519 2159 1649 2213; x_wconf 86' lang='grc' dir='ltr'>λαοῦ</span> <span class='ocrx_word' id='word_1_287' title='bbox 1688 2176 1804 2225; x_wconf 83' lang='grc' dir='ltr'>σου,</span> 
     </span>
    </p>
   </div>
   <div class='ocr_carea' id='block_1_40' title="bbox 201 2249 1810 2324">
    <p class='ocr_par' dir='ltr' id='par_1_40' title="bbox 201 2249 1810 2324">
     <span class='ocr_line' id='line_1_40' title="bbox 201 2249 1810 2324; baseline 0.002 -22"><span class='ocrx_word' id='word_1_288' title='bbox 201 2249 296 2302; x_wconf 69' lang='grc' dir='ltr'><strong>καὶ</strong></span> <span class='ocrx_word' id='word_1_289' title='bbox 320 2249 421 2303; x_wconf 88' lang='grc' dir='ltr'><strong>τοῦ</strong></span> <span class='ocrx_word' id='word_1_290' title='bbox 452 2250 606 2303; x_wconf 80' lang='grc' dir='ltr'>οἴκου</span> <span class='ocrx_word' id='word_1_291' title='bbox 634 2250 729 2303; x_wconf 89' lang='grc' dir='ltr'><strong>τοῦ</strong></span> <span class='ocrx_word' id='word_1_292' title='bbox 756 2251 963 2322; x_wconf 87' lang='grc' dir='ltr'>πατρός</span> <span class='ocrx_word' id='word_1_293' title='bbox 993 2268 1087 2304; x_wconf 86' lang='grc' dir='ltr'><strong>σου</strong></span> <span class='ocrx_word' id='word_1_294' title='bbox 1111 2268 1126 2283; x_wconf 78' lang='grc'><em>’</em></span> <span class='ocrx_word' id='word_1_295' title='bbox 1155 2252 1252 2304; x_wconf 85' lang='grc' dir='ltr'><strong>καὶ</strong></span> <span class='ocrx_word' id='word_1_296' title='bbox 1284 2251 1621 2324; x_wconf 75' lang='grc' dir='ltr'>ἐπιθυμήσει</span> <span class='ocrx_word' id='word_1_297' title='bbox 1651 2254 1679 2306; x_wconf 92' lang='lat'><strong>6</strong></span> <span class='ocrx_word' id='word_1_298' title='bbox 1711 2251 1810 2323; x_wconf 87' lang='grc' dir='ltr'><strong>βα-</strong></span> 
     </span>
    </p>
   </div>
   <div class='ocr_carea' id='block_1_41' title="bbox 203 2342 1810 2417">
    <p class='ocr_par' dir='ltr' id='par_1_41' title="bbox 203 2342 1810 2417">
     <span class='ocr_line' id='line_1_41' title="bbox 203 2342 1810 2417; baseline 0.002 -22"><span class='ocrx_word' id='word_1_299' title='bbox 203 2342 386 2407; x_wconf 81' lang='grc' dir='ltr'>σιλεὺς</span> <span class='ocrx_word' id='word_1_300' title='bbox 412 2343 509 2395; x_wconf 89' lang='grc' dir='ltr'><strong>τοῦ</strong></span> <span class='ocrx_word' id='word_1_301' title='bbox 541 2342 776 2407; x_wconf 85' lang='grc' dir='ltr'>κάλλους</span> <span class='ocrx_word' id='word_1_302' title='bbox 808 2360 927 2397; x_wconf 92' lang='grc' dir='ltr'>σου.</span> <span class='ocrx_word' id='word_1_303' title='bbox 965 2363 986 2396; x_wconf 79' lang='grc' dir='ltr'><strong>ι</strong></span> <span class='ocrx_word' id='word_1_304' title='bbox 1027 2343 1350 2413; x_wconf 81' lang='grc' dir='ltr'>Τηνικαῧτα</span> <span class='ocrx_word' id='word_1_305' title='bbox 1387 2345 1497 2417; x_wconf 84' lang='grc' dir='ltr'><strong>γάρ</strong></span> <span class='ocrx_word' id='word_1_306' title='bbox 1533 2346 1562 2398; x_wconf 90' lang='lat'><strong>6</strong></span> <span class='ocrx_word' id='word_1_307' title='bbox 1595 2345 1810 2417; x_wconf 76' lang='grc' dir='ltr'>ἄνθρω-</span> 
     </span>
    </p>
   </div>
   <div class='ocr_carea' id='block_1_42' title="bbox 201 2433 1807 2510">
    <p class='ocr_par' dir='ltr' id='par_1_42' title="bbox 201 2433 1807 2510">
     <span class='ocr_line' id='line_1_42' title="bbox 201 2433 1807 2510; baseline 0.005 -24"><span class='ocrx_word' id='word_1_308' title='bbox 201 2450 303 2497; x_wconf 85' lang='grc' dir='ltr'><strong>πος</strong></span> <span class='ocrx_word' id='word_1_309' title='bbox 327 2433 389 2487; x_wconf 87' lang='grc' dir='ltr'><strong>τὸ</strong></span> <span class='ocrx_word' id='word_1_310' title='bbox 406 2433 582 2498; x_wconf 77' lang='grc' dir='ltr'>ὅντως</span> <span class='ocrx_word' id='word_1_311' title='bbox 610 2437 800 2502; x_wconf 79' lang='grc' dir='ltr'>ἐφετὸν</span> <span class='ocrx_word' id='word_1_312' title='bbox 832 2437 1135 2490; x_wconf 79' lang='grc' dir='ltr'>ἐπισπᾶται</span> <span class='ocrx_word' id='word_1_313' title='bbox 1168 2438 1365 2503; x_wconf 86' lang='grc' dir='ltr'>κάλλος</span> <span class='ocrx_word' id='word_1_314' title='bbox 1394 2440 1542 2510; x_wconf 52' lang='grc' dir='ltr'>πρὸς,</span> <span class='ocrx_word' id='word_1_315' title='bbox 1565 2440 1807 2510; x_wconf 85' lang='grc' dir='ltr'>Χριστοῦ</span> 
     </span>
    </p>
   </div>
   <div class='ocr_carea' id='block_1_43' title="bbox 201 2525 1808 2600">
    <p class='ocr_par' dir='ltr' id='par_1_43' title="bbox 201 2525 1808 2600">
     <span class='ocr_line' id='line_1_43' title="bbox 201 2525 1808 2600; baseline 0.003 -21"><span class='ocrx_word' id='word_1_316' title='bbox 201 2525 468 2597; x_wconf 81' lang='grc' dir='ltr'>ἀληθινοῦ</span> <span class='ocrx_word' id='word_1_317' title='bbox 516 2526 755 2596; x_wconf 83' lang='grc' dir='ltr'>νυμφίου</span> <span class='ocrx_word' id='word_1_318' title='bbox 801 2527 898 2591; x_wconf 79' lang='grc' dir='ltr'><strong>τοῦ</strong></span> <span class='ocrx_word' id='word_1_319' title='bbox 928 2527 1039 2581; x_wconf 85' lang='grc' dir='ltr'><strong>τῶν</strong></span> <span class='ocrx_word' id='word_1_320' title='bbox 1075 2527 1470 2599; x_wconf 81' lang='grc' dir='ltr'>βασιλευόντων</span> <span class='ocrx_word' id='word_1_321' title='bbox 1513 2529 1808 2600; x_wconf 76' lang='grc' dir='ltr'>βασιλέως,</span> 
     </span>
    </p>
   </div>
   <div class='ocr_carea' id='block_1_44' title="bbox 200 2612 1811 2691">
    <p class='ocr_par' dir='ltr' id='par_1_44' title="bbox 200 2612 1811 2691">
     <span class='ocr_line' id='line_1_44' title="bbox 200 2612 1811 2691; baseline 0.006 -27"><span class='ocrx_word' id='word_1_322' title='bbox 200 2612 367 2681; x_wconf 79' lang='grc' dir='ltr'>ἡνίκα</span> <span class='ocrx_word' id='word_1_323' title='bbox 390 2612 494 2682; x_wconf 79' lang='grc' dir='ltr'><strong>τὴν</strong></span> <span class='ocrx_word' id='word_1_324' title='bbox 526 2613 663 2685; x_wconf 80' lang='grc' dir='ltr'>πρὸς</span> <span class='ocrx_word' id='word_1_325' title='bbox 695 2616 825 2680; x_wconf 83' lang='grc' dir='ltr'>τοὺς</span> <span class='ocrx_word' id='word_1_326' title='bbox 855 2616 1108 2687; x_wconf 84' lang='grc' dir='ltr'>πατέρας</span> <span class='ocrx_word' id='word_1_327' title='bbox 1153 2618 1536 2687; x_wconf 88' lang='grc' dir='ltr'>προσπάθειαν</span> <span class='ocrx_word' id='word_1_328' title='bbox 1574 2619 1811 2691; x_wconf 77' lang='grc' dir='ltr'>ἀπορρί-</span> 
     </span>
    </p>
   </div>
   <div class='ocr_carea' id='block_1_45' title="bbox 198 2704 1812 2781">
    <p class='ocr_par' dir='ltr' id='par_1_45' title="bbox 198 2704 1812 2781">
     <span class='ocr_line' id='line_1_45' title="bbox 198 2704 1812 2781; baseline 0.006 -24"><span class='ocrx_word' id='word_1_329' title='bbox 198 2704 381 2781; x_wconf 79' lang='grc' dir='ltr'>ψειεν,</span> <span class='ocrx_word' id='word_1_330' title='bbox 427 2705 525 2759; x_wconf 77' lang='grc' dir='ltr'><strong>καὶ</strong></span> <span class='ocrx_word' id='word_1_331' title='bbox 567 2706 668 2778; x_wconf 75' lang='grc' dir='ltr'><strong>τὴν</strong></span> <span class='ocrx_word' id='word_1_332' title='bbox 698 2710 780 2771; x_wconf 84' lang='grc' dir='ltr'>εἰς</span> <span class='ocrx_word' id='word_1_333' title='bbox 824 2707 888 2761; x_wconf 87' lang='grc' dir='ltr'><strong>τὸ</strong></span> <span class='ocrx_word' id='word_1_334' title='bbox 924 2708 1177 2779; x_wconf 84' lang='grc' dir='ltr'>διαρκεῖν</span> <span class='ocrx_word' id='word_1_335' title='bbox 1211 2712 1272 2763; x_wconf 86' lang='grc' dir='ltr'>ὲν</span> <span class='ocrx_word' id='word_1_336' title='bbox 1299 2714 1413 2775; x_wconf 83' lang='grc' dir='ltr'>τοῖς</span> <span class='ocrx_word' id='word_1_337' title='bbox 1440 2713 1536 2765; x_wconf 85' lang='grc' dir='ltr'>ἀπ’</span> <span class='ocrx_word' id='word_1_338' title='bbox 1583 2714 1812 2767; x_wconf 78' lang='grc' dir='ltr'>ἐκείνων</span> 
     </span>
    </p>
   </div>
   <div class='ocr_carea' id='block_1_46' title="bbox 200 2797 1806 2872">
    <p class='ocr_par' dir='ltr' id='par_1_46' title="bbox 200 2797 1806 2872">
     <span class='ocr_line' id='line_1_46' title="bbox 200 2797 1806 2872; baseline 0.007 -24"><span class='ocrx_word' id='word_1_339' title='bbox 200 2797 677 2868; x_wconf 78' lang='grc' dir='ltr'>παραδεδομένοις</span> <span class='ocrx_word' id='word_1_340' title='bbox 710 2800 1033 2872; x_wconf 81' lang='grc' dir='ltr'>πλησμονὴν</span> <span class='ocrx_word' id='word_1_341' title='bbox 1061 2802 1463 2867; x_wconf 82' lang='grc' dir='ltr'>άποτινάξειεν.</span> <span class='ocrx_word' id='word_1_342' title='bbox 1507 2805 1661 2858; x_wconf 81' lang='grc' dir='ltr'>Ἐπεὶ</span> <span class='ocrx_word' id='word_1_343' title='bbox 1690 2802 1806 2869; x_wconf 78' lang='grc' dir='ltr'>οὖν,</span> 
     </span>
    </p>
   </div>
   <div class='ocr_carea' id='block_1_47' title="bbox 200 2880 1811 2971">
    <p class='ocr_par' dir='ltr' id='par_1_47' title="bbox 200 2880 1811 2971">
     <span class='ocr_line' id='line_1_47' title="bbox 200 2880 1811 2971; baseline 0.008 -31"><span class='ocrx_word' id='word_1_344' title='bbox 200 2880 251 2941; x_wconf 76' lang='grc' dir='ltr'>ὦ</span> <span class='ocrx_word' id='word_1_345' title='bbox 278 2882 456 2953; x_wconf 72' lang='grc' dir='ltr'>οὗτοι,</span> <span class='ocrx_word' id='word_1_346' title='bbox 488 2888 667 2953; x_wconf 73' lang='grc' dir='ltr'>οὕτως</span> <span class='ocrx_word' id='word_1_347' title='bbox 688 2888 802 2959; x_wconf 77' lang='grc' dir='ltr'>ἔχει</span> <span class='ocrx_word' id='word_1_348' title='bbox 837 2890 1032 2954; x_wconf 86' lang='grc' dir='ltr'>ταῦτα,</span> <span class='ocrx_word' id='word_1_349' title='bbox 1065 2891 1228 2964; x_wconf 89' lang='grc' dir='ltr'>δεῦρο</span> <span class='ocrx_word' id='word_1_350' title='bbox 1270 2896 1477 2959; x_wconf 88' lang='grc' dir='ltr'>πάντες</span> <span class='ocrx_word' id='word_1_351' title='bbox 1506 2898 1811 2971; x_wconf 72' lang='grc' dir='ltr'>ἀμφότεροι</span> 
     </span>
    </p>
   </div>
   <div class='ocr_carea' id='block_1_48' title="bbox 198 2972 1809 3059">
    <p class='ocr_par' dir='ltr' id='par_1_48' title="bbox 198 2972 1809 3059">
     <span class='ocr_line' id='line_1_48' title="bbox 198 2972 1809 3059; baseline 0.007 -26"><span class='ocrx_word' id='word_1_352' title='bbox 198 2980 677 3052; x_wconf 80' lang='grc' dir='ltr'>προσδράμωμεν,</span> <span class='ocrx_word' id='word_1_353' title='bbox 700 2984 769 3053; x_wconf 76' lang='grc' dir='ltr'>τῇ</span> <span class='ocrx_word' id='word_1_354' title='bbox 802 2986 1184 3058; x_wconf 81' lang='grc' dir='ltr'>προειρημένῃ</span> <span class='ocrx_word' id='word_1_355' title='bbox 1216 2988 1399 3041; x_wconf 82' lang='grc' dir='ltr'>πίστει</span> <span class='ocrx_word' id='word_1_356' title='bbox 1428 2972 1528 3059; x_wconf 83' lang='grc' dir='ltr'>τῆς</span> <span class='ocrx_word' id='word_1_357' title='bbox 1552 2990 1809 3057; x_wconf 84' lang='grc' dir='ltr'>ἀκλινοῦς</span> 
     </span>
    </p>
   </div>
   <div class='ocr_carea' id='block_1_49' title="bbox 196 3072 1807 3157">
    <p class='ocr_par' dir='ltr' id='par_1_49' title="bbox 196 3072 1807 3157">
     <span class='ocr_line' id='line_1_49' title="bbox 196 3072 1807 3157; baseline 0.008 -30"><span class='ocrx_word' id='word_1_358' title='bbox 196 3072 410 3143; x_wconf 76' lang='grc' dir='ltr'>ταύτης</span> <span class='ocrx_word' id='word_1_359' title='bbox 465 3073 675 3145; x_wconf 82' lang='grc' dir='ltr'>πέτρας</span> <span class='ocrx_word' id='word_1_360' title='bbox 738 3074 833 3128; x_wconf 83' lang='grc' dir='ltr'><strong>τοῦ</strong></span> <span class='ocrx_word' id='word_1_361' title='bbox 882 3077 990 3130; x_wconf 85' lang='grc' dir='ltr'><strong>τῶν</strong></span> <span class='ocrx_word' id='word_1_362' title='bbox 1043 3079 1364 3133; x_wconf 83' lang='grc' dir='ltr'>ἀποστόλων</span> <span class='ocrx_word' id='word_1_363' title='bbox 1403 3087 1807 3157; x_wconf 79' lang='grc' dir='ltr'>προηγήτορος,</span> 
     </span>
    </p>
   </div>
   <div class='ocr_carea' id='block_1_50' title="bbox 198 3165 1883 3259">
    <p class='ocr_par' dir='ltr' id='par_1_50' title="bbox 198 3165 1883 3259">
     <span class='ocr_line' id='line_1_50' title="bbox 198 3165 1883 3259; baseline 0.007 -39"><span class='ocrx_word' id='word_1_364' title='bbox 198 3166 299 3259; x_wconf 51' lang='grc' dir='ltr'><strong>καί</strong></span> <span class='ocrx_word' id='word_1_365' title='bbox 373 3165 765 3239; x_wconf 74' lang='grc' dir='ltr'>πιστεύσωμεν</span> <span class='ocrx_word' id='word_1_366' title='bbox 810 3167 905 3223; x_wconf 88' lang='grc' dir='ltr'><strong>τὸν</strong></span> <span class='ocrx_word' id='word_1_367' title='bbox 950 3171 1190 3242; x_wconf 81' lang='grc' dir='ltr'>Χριστὸν</span> <span class='ocrx_word' id='word_1_368' title='bbox 1243 3167 1385 3226; x_wconf 86' lang='grc' dir='ltr'>εἶναι</span> <span class='ocrx_word' id='word_1_369' title='bbox 1432 3175 1568 3229; x_wconf 81' lang='grc' dir='ltr'>Θεόν</span> <span class='ocrx_word' id='word_1_370' title='bbox 1620 3195 1679 3230; x_wconf 87' lang='grc' dir='ltr'><strong>τε</strong></span> <span class='ocrx_word' id='word_1_371' title='bbox 1712 3178 1807 3232; x_wconf 71' lang='grc' dir='ltr'>καὶ</span> <span class='ocrx_word' id='word_1_372' title='bbox 1835 3195 1883 3259; x_wconf 78' lang='lat' dir='ltr'>c</span> 
     </span>
    </p>
   </div>
   <div class='ocr_carea' id='block_1_51' title="bbox 197 3255 1328 3343">
    <p class='ocr_par' dir='ltr' id='par_1_51' title="bbox 197 3255 1328 3343">
     <span class='ocr_line' id='line_1_51' title="bbox 197 3255 1328 3343; baseline 0.001 -32"><span class='ocrx_word' id='word_1_373' title='bbox 197 3255 526 3327; x_wconf 72' lang='grc' dir='ltr'>ἄνθρωπον.</span> <span class='ocrx_word' id='word_1_374' title='bbox 1277 3306 1328 3343; x_wconf 36' lang='grc' dir='ltr'>ψ,</span> 
     </span>
    </p>
   </div>
   <div class='ocr_carea' id='block_1_52' title="bbox 283 3348 1809 3428">
    <p class='ocr_par' dir='ltr' id='par_1_52' title="bbox 283 3348 1809 3428">
     <span class='ocr_line' id='line_1_52' title="bbox 283 3348 1809 3428; baseline 0.01 -27"><span class='ocrx_word' id='word_1_375' title='bbox 283 3348 505 3402; x_wconf 71' lang='grc' dir='ltr'>Ἰστέον,</span> <span class='ocrx_word' id='word_1_376' title='bbox 534 3349 592 3413; x_wconf 69' lang='grc' dir='ltr'>δὲ</span> <span class='ocrx_word' id='word_1_377' title='bbox 613 3391 631 3415; x_wconf 87' lang='grc'><strong>,</strong></span> <span class='ocrx_word' id='word_1_378' title='bbox 676 3351 761 3405; x_wconf 82' lang='grc' dir='ltr'>ὅτι</span> <span class='ocrx_word' id='word_1_379' title='bbox 791 3352 999 3425; x_wconf 80' lang='grc' dir='ltr'>ἐπειδὴ.</span> <span class='ocrx_word' id='word_1_380' title='bbox 1028 3354 1061 3407; x_wconf 87' lang='lat'><strong>6</strong></span> <span class='ocrx_word' id='word_1_381' title='bbox 1095 3354 1262 3419; x_wconf 82' lang='grc' dir='ltr'>αὐτὸς</span> <span class='ocrx_word' id='word_1_382' title='bbox 1294 3356 1533 3428; x_wconf 79' lang='grc' dir='ltr'>ὑπάρχει</span> <span class='ocrx_word' id='word_1_383' title='bbox 1567 3360 1701 3425; x_wconf 81' lang='grc' dir='ltr'>Θεός</span> <span class='ocrx_word' id='word_1_384' title='bbox 1748 3379 1809 3415; x_wconf 83' lang='grc' dir='ltr'><strong>τε</strong></span> 
     </span>
    </p>
   </div>
   <div class='ocr_carea' id='block_1_53' title="bbox 198 3440 1809 3519">
    <p class='ocr_par' dir='ltr' id='par_1_53' title="bbox 198 3440 1809 3519">
     <span class='ocr_line' id='line_1_53' title="bbox 198 3440 1809 3519; baseline 0.009 -25"><span class='ocrx_word' id='word_1_385' title='bbox 198 3440 297 3511; x_wconf 73' lang='grc' dir='ltr'>καὶ</span> <span class='ocrx_word' id='word_1_386' title='bbox 314 3440 636 3511; x_wconf 79' lang='grc' dir='ltr'>ἄνθρωπος,</span> <span class='ocrx_word' id='word_1_387' title='bbox 663 3443 767 3512; x_wconf 87' lang='grc' dir='ltr'><strong>μία</strong></span> <span class='ocrx_word' id='word_1_388' title='bbox 790 3445 1010 3509; x_wconf 82' lang='grc' dir='ltr'>πάντως</span> <span class='ocrx_word' id='word_1_389' title='bbox 1029 3446 1177 3499; x_wconf 78' lang='grc' dir='ltr'>ἐστὶν</span> <span class='ocrx_word' id='word_1_390' title='bbox 1208 3448 1535 3514; x_wconf 80' lang='grc' dir='ltr'>ὑπόστασις·</span> <span class='ocrx_word' id='word_1_391' title='bbox 1562 3454 1655 3506; x_wconf 76' lang='grc' dir='ltr'><strong>καὶ</strong></span> <span class='ocrx_word' id='word_1_392' title='bbox 1676 3453 1809 3519; x_wconf 83' lang='grc' dir='ltr'>Θεὸς</span> 
     </span>
    </p>
   </div>
   <div class='ocr_carea' id='block_1_54' title="bbox 198 3530 1811 3609">
    <p class='ocr_par' dir='ltr' id='par_1_54' title="bbox 198 3530 1811 3609">
     <span class='ocr_line' id='line_1_54' title="bbox 198 3530 1811 3609; baseline 0.009 -26"><span class='ocrx_word' id='word_1_393' title='bbox 198 3530 299 3597; x_wconf 84' lang='grc' dir='ltr'>ὣν,</span> <span class='ocrx_word' id='word_1_394' title='bbox 340 3531 442 3585; x_wconf 79' lang='grc' dir='ltr'>καὶ</span> <span class='ocrx_word' id='word_1_395' title='bbox 496 3532 822 3603; x_wconf 74' lang='grc' dir='ltr'>ἄνθρωπος,</span> <span class='ocrx_word' id='word_1_396' title='bbox 880 3535 976 3589; x_wconf 79' lang='grc' dir='ltr'>δύο</span> <span class='ocrx_word' id='word_1_397' title='bbox 1009 3536 1207 3605; x_wconf 77' lang='grc' dir='ltr'>φύσεις</span> <span class='ocrx_word' id='word_1_398' title='bbox 1241 3538 1376 3609; x_wconf 79' lang='grc' dir='ltr'>ἔχει,</span> <span class='ocrx_word' id='word_1_399' title='bbox 1415 3541 1568 3595; x_wconf 85' lang='grc' dir='ltr'>θείαν</span> <span class='ocrx_word' id='word_1_400' title='bbox 1604 3560 1664 3596; x_wconf 90' lang='grc' dir='ltr'><strong>τε</strong></span> <span class='ocrx_word' id='word_1_401' title='bbox 1715 3546 1811 3599; x_wconf 76' lang='grc' dir='ltr'><strong>καὶ</strong></span> 
     </span>
    </p>
   </div>
   <div class='ocr_carea' id='block_1_55' title="bbox 196 3622 1810 3709">
    <p class='ocr_par' dir='ltr' id='par_1_55' title="bbox 196 3622 1810 3709">
     <span class='ocr_line' id='line_1_55' title="bbox 196 3622 1810 3709; baseline 0.002 -30"><span class='ocrx_word' id='word_1_402' title='bbox 196 3622 558 3694; x_wconf 69' lang='grc' dir='ltr'>ἀνθρωπίνην</span> <span class='ocrx_word' id='word_1_403' title='bbox 585 3640 599 3654; x_wconf 90' lang='grc'><strong>·</strong></span> <span class='ocrx_word' id='word_1_404' title='bbox 633 3623 809 3687; x_wconf 65' lang='grc' dir='ltr'>διάιδὲ</span> <span class='ocrx_word' id='word_1_405' title='bbox 836 3625 907 3678; x_wconf 76' lang='grc' dir='ltr'>τὸ·</span> <span class='ocrx_word' id='word_1_406' title='bbox 925 3629 1131 3698; x_wconf 82' lang='grc' dir='ltr'>κυρίως</span> <span class='ocrx_word' id='word_1_407' title='bbox 1152 3626 1294 3683; x_wconf 82' lang='grc' dir='ltr'>εἶναι</span> <span class='ocrx_word' id='word_1_408' title='bbox 1322 3632 1475 3698; x_wconf 85' lang='grc' dir='ltr'>Θεὸς,</span> <span class='ocrx_word' id='word_1_409' title='bbox 1498 3635 1561 3687; x_wconf 81' lang='grc' dir='ltr'><strong>τὸ</strong></span> <span class='ocrx_word' id='word_1_410' title='bbox 1590 3640 1663 3708; x_wconf 73' lang='grc' dir='ltr'>μὴ</span> <span class='ocrx_word' id='word_1_411' title='bbox 1689 3638 1810 3709; x_wconf 70' lang='grc' dir='ltr'>οὐχ),</span> 
     </span>
    </p>
   </div>
   <div class='ocr_carea' id='block_1_56' title="bbox 199 3716 1813 3803">
    <p class='ocr_par' dir='ltr' id='par_1_56' title="bbox 199 3716 1813 3803">
     <span class='ocr_line' id='line_1_56' title="bbox 199 3716 1813 3803; baseline 0.006 -26"><span class='ocrx_word' id='word_1_412' title='bbox 199 3716 641 3789; x_wconf 49' lang='grc' dir='ltr'>θείωλέσχηκὼς</span> <span class='ocrx_word' id='word_1_413' title='bbox 658 3718 825 3788; x_wconf 73' lang='grc' dir='ltr'>φύσιν</span> <span class='ocrx_word' id='word_1_414' title='bbox 844 3720 1129 3786; x_wconf 76' lang='grc' dir='ltr'>ἀδύνατον,</span> <span class='ocrx_word' id='word_1_415' title='bbox 1161 3726 1257 3779; x_wconf 74' lang='grc' dir='ltr'><strong>καὶ</strong></span> <span class='ocrx_word' id='word_1_416' title='bbox 1279 3726 1496 3799; x_wconf 82' lang='grc' dir='ltr'>άληθῶς</span> <span class='ocrx_word' id='word_1_417' title='bbox 1523 3730 1813 3803; x_wconf 81' lang='grc' dir='ltr'>ἄνθρωπος</span> 
     </span>
    </p>
   </div>
   <div class='ocr_carea' id='block_1_57' title="bbox 198 3805 1811 3890">
    <p class='ocr_par' dir='ltr' id='par_1_57' title="bbox 198 3805 1811 3890">
     <span class='ocr_line' id='line_1_57' title="bbox 198 3805 1811 3890; baseline 0.007 -25"><span class='ocrx_word' id='word_1_418' title='bbox 198 3805 366 3876; x_wconf 68' lang='grc' dir='ltr'>εἶναι,</span> <span class='ocrx_word' id='word_1_419' title='bbox 398 3811 465 3865; x_wconf 82' lang='grc' dir='ltr'><strong>τὸ</strong></span> <span class='ocrx_word' id='word_1_420' title='bbox 509 3812 591 3882; x_wconf 75' lang='grc' dir='ltr'><strong>μὴ</strong></span> <span class='ocrx_word' id='word_1_421' title='bbox 615 3810 875 3880; x_wconf 78' lang='grc' dir='ltr'>πεφυκὼς</span> <span class='ocrx_word' id='word_1_422' title='bbox 905 3813 1053 3883; x_wconf 81' lang='grc' dir='ltr'>ἔχειν</span> <span class='ocrx_word' id='word_1_423' title='bbox 1083 3816 1435 3888; x_wconf 85' lang='grc' dir='ltr'>ἀνθρωπίνην</span> <span class='ocrx_word' id='word_1_424' title='bbox 1456 3820 1643 3890; x_wconf 79' lang='grc' dir='ltr'>φύσιν,</span> <span class='ocrx_word' id='word_1_425' title='bbox 1680 3824 1811 3877; x_wconf 78' lang='grc' dir='ltr'>ἀδύ-</span> 
     </span>
    </p>
   </div>
   <div class='ocr_carea' id='block_1_58' title="bbox 197 3902 1808 3983">
    <p class='ocr_par' dir='ltr' id='par_1_58' title="bbox 197 3902 1808 3983">
     <span class='ocr_line' id='line_1_58' title="bbox 197 3902 1808 3983; baseline 0.006 -25"><span class='ocrx_word' id='word_1_426' title='bbox 197 3921 386 3959; x_wconf 82' lang='grc' dir='ltr'>νατον.</span> <span class='ocrx_word' id='word_1_427' title='bbox 421 3904 586 3957; x_wconf 86' lang='grc' dir='ltr'>Ἔστι</span> <span class='ocrx_word' id='word_1_428' title='bbox 610 3902 669 3957; x_wconf 78' lang='grc' dir='ltr'>δὲ</span> <span class='ocrx_word' id='word_1_429' title='bbox 699 3902 840 3974; x_wconf 80' lang='grc' dir='ltr'>αὕτη</span> <span class='ocrx_word' id='word_1_430' title='bbox 871 3907 903 3975; x_wconf 77' lang='grc' dir='ltr'>ἡ</span> <span class='ocrx_word' id='word_1_431' title='bbox 938 3906 1036 3976; x_wconf 87' lang='grc' dir='ltr'><strong>μία</strong></span> <span class='ocrx_word' id='word_1_432' title='bbox 1074 3907 1379 3972; x_wconf 83' lang='grc' dir='ltr'>ὑπόστασις</span> <span class='ocrx_word' id='word_1_433' title='bbox 1420 3912 1584 3975; x_wconf 78' lang='grc' dir='ltr'>αὑτὸς</span> <span class='ocrx_word' id='word_1_434' title='bbox 1610 3914 1638 3965; x_wconf 97' lang='lat'><strong>6</strong></span> <span class='ocrx_word' id='word_1_435' title='bbox 1669 3931 1808 3983; x_wconf 88' lang='grc' dir='ltr'>προ-</span> 
     </span>
    </p>
   </div>
   <div class='ocr_carea' id='block_1_59' title="bbox 194 3995 1823 4079">
    <p class='ocr_par' dir='ltr' id='par_1_59' title="bbox 194 3995 1823 4079">
     <span class='ocr_line' id='line_1_59' title="bbox 194 3995 1823 4079; baseline 0.007 -30"><span class='ocrx_word' id='word_1_436' title='bbox 194 3995 422 4061; x_wconf 70' lang='grc' dir='ltr'>απιώνιος</span> <span class='ocrx_word' id='word_1_437' title='bbox 453 3996 606 4060; x_wconf 73' lang='grc' dir='ltr'>Υἱὸς,</span> <span class='ocrx_word' id='word_1_438' title='bbox 639 3996 668 4048; x_wconf 90' lang='lat'><strong>6</strong></span> <span class='ocrx_word' id='word_1_439' title='bbox 700 3997 810 4068; x_wconf 87' lang='grc' dir='ltr'><strong>πρὸ</strong></span> <span class='ocrx_word' id='word_1_440' title='bbox 840 3998 1057 4053; x_wconf 83' lang='grc' dir='ltr'>πάντων</span> <span class='ocrx_word' id='word_1_441' title='bbox 1083 4000 1194 4053; x_wconf 83' lang='grc' dir='ltr'><strong>τῶν</strong></span> <span class='ocrx_word' id='word_1_442' title='bbox 1245 4001 1462 4056; x_wconf 86' lang='grc' dir='ltr'>αίώνων</span> <span class='ocrx_word' id='word_1_443' title='bbox 1491 4005 1556 4057; x_wconf 81' lang='grc' dir='ltr'><strong>ἐκ</strong></span> <span class='ocrx_word' id='word_1_444' title='bbox 1593 4006 1823 4079; x_wconf 39' lang='grc' dir='ltr'>Πατρὸς,</span> 
     </span>
    </p>
   </div>
   <div class='ocr_carea' id='block_1_60' title="bbox 195 4087 1812 4163">
    <p class='ocr_par' dir='ltr' id='par_1_60' title="bbox 195 4087 1812 4163">
     <span class='ocr_line' id='line_1_60' title="bbox 195 4087 1812 4163; baseline 0.008 -24"><span class='ocrx_word' id='word_1_445' title='bbox 195 4088 456 4158; x_wconf 71' lang='grc' dir='ltr'>ἀιχρόνως</span> <span class='ocrx_word' id='word_1_446' title='bbox 493 4087 590 4140; x_wconf 81' lang='grc' dir='ltr'><strong>καὶ</strong></span> <span class='ocrx_word' id='word_1_447' title='bbox 609 4087 837 4152; x_wconf 81' lang='grc' dir='ltr'>ἀπαθῶς</span> <span class='ocrx_word' id='word_1_448' title='bbox 860 4091 1284 4161; x_wconf 78' lang='grc' dir='ltr'>γεγεννημένος,</span> <span class='ocrx_word' id='word_1_449' title='bbox 1300 4092 1360 4157; x_wconf 84' lang='grc' dir='ltr'>ὃς</span> <span class='ocrx_word' id='word_1_450' title='bbox 1382 4096 1499 4147; x_wconf 79' lang='grc' dir='ltr'>ἐστι</span> <span class='ocrx_word' id='word_1_451' title='bbox 1518 4097 1674 4161; x_wconf 82' lang='grc' dir='ltr'>Θεὸς,</span> <span class='ocrx_word' id='word_1_452' title='bbox 1696 4099 1812 4163; x_wconf 77' lang='grc' dir='ltr'>ἴσος</span> 
     </span>
    </p>
   </div>
   <div class='ocr_carea' id='block_1_61' title="bbox 192 4181 1810 4261">
    <p class='ocr_par' dir='ltr' id='par_1_61' title="bbox 192 4181 1810 4261">
     <span class='ocr_line' id='line_1_61' title="bbox 192 4181 1810 4261; baseline 0.007 -28"><span class='ocrx_word' id='word_1_453' title='bbox 192 4181 274 4251; x_wconf 83' lang='grc' dir='ltr'>τῷ</span> <span class='ocrx_word' id='word_1_454' title='bbox 304 4182 515 4252; x_wconf 84' lang='grc' dir='ltr'>Πατρὶ,</span> <span class='ocrx_word' id='word_1_455' title='bbox 556 4182 701 4235; x_wconf 83' lang='grc' dir='ltr'><strong>κατά</strong></span> <span class='ocrx_word' id='word_1_456' title='bbox 738 4181 840 4253; x_wconf 83' lang='grc' dir='ltr'>τὴν</span> <span class='ocrx_word' id='word_1_457' title='bbox 871 4183 1157 4256; x_wconf 82' lang='grc' dir='ltr'>ἀϊδιότητα</span> <span class='ocrx_word' id='word_1_458' title='bbox 1178 4184 1278 4256; x_wconf 80' lang='grc' dir='ltr'>τὴν</span> <span class='ocrx_word' id='word_1_459' title='bbox 1312 4190 1591 4261; x_wconf 83' lang='grc' dir='ltr'>πατρικὴν</span> <span class='ocrx_word' id='word_1_460' title='bbox 1616 4192 1810 4246; x_wconf 88' lang='grc' dir='ltr'>οὑσίαν</span> 
     </span>
    </p>
   </div>
   <div class='ocr_carea' id='block_1_62' title="bbox 194 4274 1814 4352">
    <p class='ocr_par' dir='ltr' id='par_1_62' title="bbox 194 4274 1814 4352">
     <span class='ocr_line' id='line_1_62' title="bbox 194 4274 1814 4352; baseline 0.006 -24"><span class='ocrx_word' id='word_1_461' title='bbox 194 4274 389 4339; x_wconf 77' lang='grc' dir='ltr'>ἀῖδίως</span> <span class='ocrx_word' id='word_1_462' title='bbox 413 4274 562 4345; x_wconf 74' lang='grc' dir='ltr'>ἔχων</span> <span class='ocrx_word' id='word_1_463' title='bbox 583 4290 595 4303; x_wconf 92' lang='grc'><strong>·</strong></span> <span class='ocrx_word' id='word_1_464' title='bbox 629 4276 720 4327; x_wconf 75' lang='grc' dir='ltr'><strong>ἐπ’</strong></span> <span class='ocrx_word' id='word_1_465' title='bbox 770 4276 1020 4347; x_wconf 77' lang='grc' dir='ltr'>ἐσχάτων</span> <span class='ocrx_word' id='word_1_466' title='bbox 1057 4277 1114 4331; x_wconf 79' lang='grc' dir='ltr'>δὲ</span> <span class='ocrx_word' id='word_1_467' title='bbox 1156 4278 1269 4333; x_wconf 84' lang='grc' dir='ltr'><strong>τῶν</strong></span> <span class='ocrx_word' id='word_1_468' title='bbox 1318 4280 1541 4352; x_wconf 70' lang='grc' dir='ltr'>ἡμερῶν</span> <span class='ocrx_word' id='word_1_469' title='bbox 1563 4285 1627 4336; x_wconf 79' lang='grc' dir='ltr'><strong>ἐκ</strong></span> <span class='ocrx_word' id='word_1_470' title='bbox 1647 4284 1814 4338; x_wconf 84' lang='grc' dir='ltr'>Πνεύ-</span> 
     </span>
    </p>
   </div>
   <div class='ocr_carea' id='block_1_63' title="bbox 196 4364 1806 4448">
    <p class='ocr_par' dir='ltr' id='par_1_63' title="bbox 196 4364 1806 4448">
     <span class='ocr_line' id='line_1_63' title="bbox 196 4364 1806 4448; baseline 0.007 -30"><span class='ocrx_word' id='word_1_471' title='bbox 196 4383 373 4435; x_wconf 81' lang='grc' dir='ltr'>ματος</span> <span class='ocrx_word' id='word_1_472' title='bbox 400 4364 594 4433; x_wconf 78' lang='grc' dir='ltr'>ἁγίου,</span> <span class='ocrx_word' id='word_1_473' title='bbox 618 4366 714 4420; x_wconf 74' lang='grc' dir='ltr'>καὶ</span> <span class='ocrx_word' id='word_1_474' title='bbox 743 4367 967 4437; x_wconf 78' lang='grc' dir='ltr'>Μαρίας</span> <span class='ocrx_word' id='word_1_475' title='bbox 996 4369 1095 4438; x_wconf 84' lang='grc' dir='ltr'>τῆς</span> <span class='ocrx_word' id='word_1_476' title='bbox 1133 4371 1441 4443; x_wconf 75' lang='grc' dir='ltr'>Παρθένου,</span> <span class='ocrx_word' id='word_1_477' title='bbox 1491 4374 1806 4448; x_wconf 81' lang='grc' dir='ltr'>ἐσαρκώθη,</span> 
     </span>
    </p>
   </div>
   <div class='ocr_carea' id='block_1_64' title="bbox 194 4453 1810 4535">
    <p class='ocr_par' dir='ltr' id='par_1_64' title="bbox 194 4453 1810 4535">
     <span class='ocr_line' id='line_1_64' title="bbox 194 4453 1810 4535; baseline 0.007 -25"><span class='ocrx_word' id='word_1_478' title='bbox 194 4457 295 4521; x_wconf 77' lang='grc' dir='ltr'><strong>καὶ</strong></span> <span class='ocrx_word' id='word_1_479' title='bbox 317 4457 755 4529; x_wconf 68' lang='grc' dir='ltr'>ἐνηνθρώπησεν</span> <span class='ocrx_word' id='word_1_480' title='bbox 787 4453 944 4524; x_wconf 80' lang='grc' dir='ltr'>οὗτος</span> <span class='ocrx_word' id='word_1_481' title='bbox 969 4461 998 4514; x_wconf 88' lang='lat'><strong>6</strong></span> <span class='ocrx_word' id='word_1_482' title='bbox 1021 4461 1193 4525; x_wconf 77' lang='grc' dir='ltr'>ἀΐδιος</span> <span class='ocrx_word' id='word_1_483' title='bbox 1216 4462 1343 4527; x_wconf 84' lang='grc' dir='ltr'>Υἱὸς</span> <span class='ocrx_word' id='word_1_484' title='bbox 1380 4465 1691 4535; x_wconf 72' lang='grc' dir='ltr'>ἀτρέπτως,</span> <span class='ocrx_word' id='word_1_485' title='bbox 1716 4468 1810 4521; x_wconf 74' lang='grc' dir='ltr'><strong>καὶ</strong></span> 
     </span>
    </p>
   </div>
   <div class='ocr_carea' id='block_1_65' title="bbox 1909 1971 3495 2041">
    <p class='ocr_par' dir='ltr' id='par_1_65' title="bbox 1909 1971 3495 2041">
     <span class='ocr_line' id='line_1_65' title="bbox 1909 1971 3495 2041; baseline 0.003 -17"><span class='ocrx_word' id='word_1_486' title='bbox 1909 1986 2073 2041; x_wconf 89' lang='lat' dir='ltr'><strong>quam</strong></span> <span class='ocrx_word' id='word_1_487' title='bbox 2101 1971 2274 2026; x_wconf 85' lang='lat' dir='ltr'><strong>David</strong></span> <span class='ocrx_word' id='word_1_488' title='bbox 2308 1974 2407 2038; x_wconf 91' lang='lat' dir='ltr'><strong>ait,</strong></span> <span class='ocrx_word' id='word_1_489' title='bbox 2448 1989 2575 2029; x_wconf 90' lang='lat' dir='ltr'><strong>cum</strong></span> <span class='ocrx_word' id='word_1_490' title='bbox 2614 1975 2749 2029; x_wconf 85' lang='lat' dir='ltr'><strong>dicit</strong></span> <span class='ocrx_word' id='word_1_491' title='bbox 2780 1994 2793 2030; x_wconf 91' lang='lat'><strong>:</strong></span> <span class='ocrx_word' id='word_1_492' title='bbox 2839 1994 2857 2026; x_wconf 78' lang='grc' dir='ltr'><strong>ι</strong></span> <span class='ocrx_word' id='word_1_493' title='bbox 2898 1974 3065 2041; x_wconf 85' lang='lat' dir='ltr'><strong>Audi,</strong></span> <span class='ocrx_word' id='word_1_494' title='bbox 3096 1976 3229 2039; x_wconf 80' lang='lat' dir='ltr'><strong>(ilia,</strong></span> <span class='ocrx_word' id='word_1_495' title='bbox 3262 1983 3317 2028; x_wconf 91' lang='lat' dir='ltr'><strong>et</strong></span> <span class='ocrx_word' id='word_1_496' title='bbox 3351 1974 3495 2039; x_wconf 82' lang='lat' dir='ltr'><strong>vide,</strong></span> 
     </span>
    </p>
   </div>
   <div class='ocr_carea' id='block_1_66' title="bbox 1908 2066 3495 2138">
    <p class='ocr_par' dir='ltr' id='par_1_66' title="bbox 1908 2066 3495 2138">
     <span class='ocr_line' id='line_1_66' title="bbox 1908 2066 3495 2138; baseline 0.001 -19"><span class='ocrx_word' id='word_1_497' title='bbox 1908 2073 1965 2119; x_wconf 80' lang='lat' dir='ltr'><strong>et</strong></span> <span class='ocrx_word' id='word_1_498' title='bbox 2012 2066 2214 2119; x_wconf 88' lang='lat' dir='ltr'><strong>inclina</strong></span> <span class='ocrx_word' id='word_1_499' title='bbox 2257 2082 2447 2122; x_wconf 91' lang='lat' dir='ltr'><strong>aurem</strong></span> <span class='ocrx_word' id='word_1_500' title='bbox 2484 2076 2658 2131; x_wconf 88' lang='lat' dir='ltr'><strong>tuam,</strong></span> <span class='ocrx_word' id='word_1_501' title='bbox 2692 2077 2748 2123; x_wconf 89' lang='lat' dir='ltr'><strong>et</strong></span> <span class='ocrx_word' id='word_1_502' title='bbox 2796 2069 3133 2124; x_wconf 86' lang='lat' dir='ltr'><strong>obliviscere</strong></span> <span class='ocrx_word' id='word_1_503' title='bbox 3167 2068 3355 2138; x_wconf 88' lang='lat' dir='ltr'><strong>populi</strong></span> <span class='ocrx_word' id='word_1_504' title='bbox 3394 2067 3495 2132; x_wconf 87' lang='lat' dir='ltr'><strong>tui,</strong></span> 
     </span>
    </p>
   </div>
   <div class='ocr_carea' id='block_1_67' title="bbox 1908 2157 3500 2232">
    <p class='ocr_par' dir='ltr' id='par_1_67' title="bbox 1908 2157 3500 2232">
     <span class='ocr_line' id='line_1_67' title="bbox 1908 2157 3500 2232; baseline 0.001 -20"><span class='ocrx_word' id='word_1_505' title='bbox 1908 2166 1961 2212; x_wconf 89' lang='lat' dir='ltr'><strong>et</strong></span> <span class='ocrx_word' id='word_1_506' title='bbox 2002 2157 2201 2213; x_wconf 82' lang='lat' dir='ltr'><strong>domus</strong></span> <span class='ocrx_word' id='word_1_507' title='bbox 2235 2161 2542 2230; x_wconf 62' lang='lat' dir='ltr'><strong>patrisdui,</strong></span> <span class='ocrx_word' id='word_1_508' title='bbox 2573 2170 2628 2216; x_wconf 86' lang='lat' dir='ltr'><strong>et</strong></span> <span class='ocrx_word' id='word_1_509' title='bbox 2674 2162 3036 2232; x_wconf 87' lang='lat' dir='ltr'><strong>concupiscet</strong></span> <span class='ocrx_word' id='word_1_510' title='bbox 3071 2178 3165 2215; x_wconf 77' lang='lat' dir='ltr'><strong>rex</strong></span> <span class='ocrx_word' id='word_1_511' title='bbox 3200 2161 3500 2230; x_wconf 83' lang='lat' dir='ltr'><strong>pulchritu-</strong></span> 
     </span>
    </p>
   </div>
   <div class='ocr_carea' id='block_1_68' title="bbox 1909 2251 3494 2325">
    <p class='ocr_par' dir='ltr' id='par_1_68' title="bbox 1909 2251 3494 2325">
     <span class='ocr_line' id='line_1_68' title="bbox 1909 2251 3494 2325; baseline 0.001 -20"><span class='ocrx_word' id='word_1_512' title='bbox 1909 2251 2092 2305; x_wconf 88' lang='lat' dir='ltr'><strong>dinem</strong></span> <span class='ocrx_word' id='word_1_513' title='bbox 2133 2261 2284 2305; x_wconf 89' lang='lat' dir='ltr'><strong>tuam</strong></span> <span class='ocrx_word' id='word_1_514' title='bbox 2319 2261 2369 2305; x_wconf 73' lang='grc' dir='ltr'><strong>π.</strong></span> <span class='ocrx_word' id='word_1_515' title='bbox 2413 2271 2433 2304; x_wconf 84' lang='grc'><strong>›</strong></span> <span class='ocrx_word' id='word_1_516' title='bbox 2462 2251 2620 2307; x_wconf 88' lang='lat' dir='ltr'><strong>Tunc</strong></span> <span class='ocrx_word' id='word_1_517' title='bbox 2650 2255 2796 2309; x_wconf 85' lang='lat' dir='ltr'><strong>enim</strong></span> <span class='ocrx_word' id='word_1_518' title='bbox 2837 2256 2998 2309; x_wconf 91' lang='lat' dir='ltr'><strong>homo</strong></span> <span class='ocrx_word' id='word_1_519' title='bbox 3027 2253 3494 2325; x_wconf 83' lang='lat' dir='ltr'><strong>pulchritudinem</strong></span> 
     </span>
    </p>
   </div>
   <div class='ocr_carea' id='block_1_69' title="bbox 1908 2345 3499 2416">
    <p class='ocr_par' dir='ltr' id='par_1_69' title="bbox 1908 2345 3499 2416">
     <span class='ocr_line' id='line_1_69' title="bbox 1908 2345 3499 2416; baseline -0.002 -13"><span class='ocrx_word' id='word_1_520' title='bbox 1908 2363 2039 2403; x_wconf 89' lang='lat' dir='ltr'><strong>vere</strong></span> <span class='ocrx_word' id='word_1_521' title='bbox 2064 2345 2566 2416; x_wconf 81' lang='lat' dir='ltr'><strong>concupiscendam</strong></span> <span class='ocrx_word' id='word_1_522' title='bbox 2595 2347 2778 2402; x_wconf 86' lang='lat' dir='ltr'><strong>haurit</strong></span> <span class='ocrx_word' id='word_1_523' title='bbox 2803 2356 2857 2402; x_wconf 88' lang='lat' dir='ltr'><strong>et</strong></span> <span class='ocrx_word' id='word_1_524' title='bbox 2885 2348 3035 2403; x_wconf 86' lang='lat' dir='ltr'><strong>elicit</strong></span> <span class='ocrx_word' id='word_1_525' title='bbox 3063 2364 3091 2401; x_wconf 92' lang='lat' dir='ltr'><strong>a</strong></span> <span class='ocrx_word' id='word_1_526' title='bbox 3118 2346 3341 2403; x_wconf 90' lang='lat' dir='ltr'><strong>Christo</strong></span> <span class='ocrx_word' id='word_1_527' title='bbox 3368 2361 3499 2400; x_wconf 82' lang='lat' dir='ltr'><strong>vero</strong></span> 
     </span>
    </p>
   </div>
   <div class='ocr_carea' id='block_1_70' title="bbox 1910 2439 3497 2509">
    <p class='ocr_par' dir='ltr' id='par_1_70' title="bbox 1910 2439 3497 2509">
     <span class='ocr_line' id='line_1_70' title="bbox 1910 2439 3497 2509; baseline -0.001 -15"><span class='ocrx_word' id='word_1_528' title='bbox 1910 2453 2132 2509; x_wconf 86' lang='lat' dir='ltr'><strong>sponso,</strong></span> <span class='ocrx_word' id='word_1_529' title='bbox 2175 2448 2228 2491; x_wconf 81' lang='lat' dir='ltr'><strong>et</strong></span> <span class='ocrx_word' id='word_1_530' title='bbox 2259 2454 2388 2507; x_wconf 78' lang='lat' dir='ltr'><strong>rege</strong></span> <span class='ocrx_word' id='word_1_531' title='bbox 2424 2454 2636 2509; x_wconf 81' lang='lat' dir='ltr'><strong>regum,</strong></span> <span class='ocrx_word' id='word_1_532' title='bbox 2687 2440 2912 2508; x_wconf 79' lang='lat' dir='ltr'><strong>quando</strong></span> <span class='ocrx_word' id='word_1_533' title='bbox 2963 2439 3316 2494; x_wconf 71' lang='lat' dir='ltr'><strong>affectionem</strong></span> <span class='ocrx_word' id='word_1_534' title='bbox 3367 2452 3497 2508; x_wconf 76' lang='lat' dir='ltr'><strong>erga</strong></span> 
     </span>
    </p>
   </div>
   <div class='ocr_carea' id='block_1_71' title="bbox 1911 2528 3496 2601">
    <p class='ocr_par' dir='ltr' id='par_1_71' title="bbox 1911 2528 3496 2601">
     <span class='ocr_line' id='line_1_71' title="bbox 1911 2528 3496 2601; baseline 0.001 -18"><span class='ocrx_word' id='word_1_535' title='bbox 1911 2538 2172 2600; x_wconf 81' lang='lat' dir='ltr'><strong>parentes</strong></span> <span class='ocrx_word' id='word_1_536' title='bbox 2205 2528 2489 2598; x_wconf 72' lang='lat' dir='ltr'><strong>abiecerit,</strong></span> <span class='ocrx_word' id='word_1_537' title='bbox 2548 2536 2601 2582; x_wconf 90' lang='lat' dir='ltr'><strong>et</strong></span> <span class='ocrx_word' id='word_1_538' title='bbox 2654 2530 2965 2583; x_wconf 82' lang='lat' dir='ltr'><strong>satietatem</strong></span> <span class='ocrx_word' id='word_1_539' title='bbox 3019 2528 3407 2600; x_wconf 86' lang='lat' dir='ltr'><strong>perseverandi</strong></span> <span class='ocrx_word' id='word_1_540' title='bbox 3441 2529 3496 2601; x_wconf 81' lang='lat' dir='ltr'><strong>in</strong></span> 
     </span>
    </p>
   </div>
   <div class='ocr_carea' id='block_1_72' title="bbox 1910 2619 3503 2691">
    <p class='ocr_par' dir='ltr' id='par_1_72' title="bbox 1910 2619 3503 2691">
     <span class='ocr_line' id='line_1_72' title="bbox 1910 2619 3503 2691; baseline -0.001 -14"><span class='ocrx_word' id='word_1_541' title='bbox 1910 2622 1980 2677; x_wconf 89' lang='lat' dir='ltr'><strong>iis</strong></span> <span class='ocrx_word' id='word_1_542' title='bbox 2014 2636 2136 2691; x_wconf 82' lang='lat' dir='ltr'><strong>quae</strong></span> <span class='ocrx_word' id='word_1_543' title='bbox 2188 2621 2256 2676; x_wconf 89' lang='lat' dir='ltr'><strong>ab</strong></span> <span class='ocrx_word' id='word_1_544' title='bbox 2294 2621 2403 2675; x_wconf 91' lang='lat' dir='ltr'><strong>illis</strong></span> <span class='ocrx_word' id='word_1_545' title='bbox 2435 2620 2637 2675; x_wconf 90' lang='lat' dir='ltr'><strong>tradita</strong></span> <span class='ocrx_word' id='word_1_546' title='bbox 2668 2619 2908 2685; x_wconf 80' lang='lat' dir='ltr'><strong>fuerunt,</strong></span> <span class='ocrx_word' id='word_1_547' title='bbox 2943 2620 3275 2675; x_wconf 80' lang='lat' dir='ltr'><strong>excusserit.</strong></span> <span class='ocrx_word' id='word_1_548' title='bbox 3311 2619 3503 2685; x_wconf 83' lang='lat' dir='ltr'><strong>Quan-</strong></span> 
     </span>
    </p>
   </div>
   <div class='ocr_carea' id='block_1_73' title="bbox 1902 2698 3500 2785">
    <p class='ocr_par' dir='ltr' id='par_1_73' title="bbox 1902 2698 3500 2785">
     <span class='ocr_line' id='line_1_73' title="bbox 1902 2698 3500 2785; baseline -0.003 -15"><span class='ocrx_word' id='word_1_549' title='bbox 1902 2698 2205 2785; x_wconf 78' lang='lat' dir='ltr'><strong>doquidem</strong></span> <span class='ocrx_word' id='word_1_550' title='bbox 2243 2714 2413 2784; x_wconf 82' lang='lat' dir='ltr'><strong>igitur</strong></span> <span class='ocrx_word' id='word_1_551' title='bbox 2440 2712 2523 2768; x_wconf 89' lang='lat' dir='ltr'><strong>sic</strong></span> <span class='ocrx_word' id='word_1_552' title='bbox 2559 2729 2619 2769; x_wconf 85' lang='lat' dir='ltr'><strong>se</strong></span> <span class='ocrx_word' id='word_1_553' title='bbox 2650 2729 2738 2768; x_wconf 89' lang='lat' dir='ltr'><strong>res</strong></span> <span class='ocrx_word' id='word_1_554' title='bbox 2773 2712 2958 2778; x_wconf 86' lang='lat' dir='ltr'><strong>habet,</strong></span> <span class='ocrx_word' id='word_1_555' title='bbox 2998 2713 3164 2783; x_wconf 82' lang='lat' dir='ltr'><strong>agite.</strong></span> <span class='ocrx_word' id='word_1_556' title='bbox 3197 2727 3389 2767; x_wconf 85' lang='lat' dir='ltr'><strong>omnes</strong></span> <span class='ocrx_word' id='word_1_557' title='bbox 3419 2712 3500 2766; x_wconf 86' lang='lat' dir='ltr'><strong>si-</strong></span> 
     </span>
    </p>
   </div>
   <div class='ocr_carea' id='block_1_74' title="bbox 1911 2802 3498 2876">
    <p class='ocr_par' dir='ltr' id='par_1_74' title="bbox 1911 2802 3498 2876">
     <span class='ocr_line' id='line_1_74' title="bbox 1911 2802 3498 2876; baseline -0.003 -15"><span class='ocrx_word' id='word_1_558' title='bbox 1911 2807 2025 2861; x_wconf 91' lang='lat' dir='ltr'><strong>mul</strong></span> <span class='ocrx_word' id='word_1_559' title='bbox 2052 2805 2119 2860; x_wconf 91' lang='lat' dir='ltr'><strong>ad</strong></span> <span class='ocrx_word' id='word_1_560' title='bbox 2153 2806 2310 2860; x_wconf 75' lang='lat' dir='ltr'><strong>fidem</strong></span> <span class='ocrx_word' id='word_1_561' title='bbox 2340 2821 2503 2876; x_wconf 80' lang='lat' dir='ltr'><strong>quam</strong></span> <span class='ocrx_word' id='word_1_562' title='bbox 2536 2805 2672 2871; x_wconf 81' lang='lat' dir='ltr'><strong>dixi,</strong></span> <span class='ocrx_word' id='word_1_563' title='bbox 2714 2812 2885 2875; x_wconf 75' lang='lat' dir='ltr'><strong>petra:</strong></span> <span class='ocrx_word' id='word_1_564' title='bbox 2909 2804 3076 2874; x_wconf 89' lang='lat' dir='ltr'><strong>hujus</strong></span> <span class='ocrx_word' id='word_1_565' title='bbox 3114 2803 3367 2866; x_wconf 84' lang='grc' dir='ltr'>ἁκλινοῦς</span> <span class='ocrx_word' id='word_1_566' title='bbox 3389 2844 3405 2869; x_wconf 90' lang='grc'><strong>,</strong></span> <span class='ocrx_word' id='word_1_567' title='bbox 3442 2802 3498 2857; x_wconf 93' lang='lat' dir='ltr'><strong>id</strong></span> 
     </span>
    </p>
   </div>
   <div class='ocr_carea' id='block_1_75' title="bbox 1910 2894 3499 2970">
    <p class='ocr_par' dir='ltr' id='par_1_75' title="bbox 1910 2894 3499 2970">
     <span class='ocr_line' id='line_1_75' title="bbox 1910 2894 3499 2970; baseline -0.003 -16"><span class='ocrx_word' id='word_1_568' title='bbox 1910 2909 2014 2963; x_wconf 89' lang='lat' dir='ltr'><strong>est,</strong></span> <span class='ocrx_word' id='word_1_569' title='bbox 2050 2915 2172 2968; x_wconf 57' lang='lat' dir='ltr'><strong>qua</strong></span> <span class='ocrx_word' id='word_1_570' title='bbox 2203 2899 2540 2970; x_wconf 85' lang='lat' dir='ltr'><strong>distorqneri</strong></span> <span class='ocrx_word' id='word_1_571' title='bbox 2595 2908 2647 2953; x_wconf 89' lang='lat' dir='ltr'><strong>et</strong></span> <span class='ocrx_word' id='word_1_572' title='bbox 2695 2898 2897 2954; x_wconf 80' lang='lat' dir='ltr'><strong>inﬂecti</strong></span> <span class='ocrx_word' id='word_1_573' title='bbox 2953 2915 3062 2953; x_wconf 89' lang='lat' dir='ltr'><strong>non</strong></span> <span class='ocrx_word' id='word_1_574' title='bbox 3102 2909 3311 2968; x_wconf 81' lang='lat' dir='ltr'><strong>potest,</strong></span> <span class='ocrx_word' id='word_1_575' title='bbox 3349 2894 3499 2949; x_wconf 72' lang='lat' dir='ltr'><strong>Petri</strong></span> 
     </span>
    </p>
   </div>
   <div class='ocr_carea' id='block_1_76' title="bbox 1911 2982 3499 3061">
    <p class='ocr_par' dir='ltr' id='par_1_76' title="bbox 1911 2982 3499 3061">
     <span class='ocr_line' id='line_1_76' title="bbox 1911 2982 3499 3061; baseline -0.004 -15"><span class='ocrx_word' id='word_1_576' title='bbox 1911 2991 2123 3046; x_wconf 77' lang='lat' dir='ltr'><strong>scilicet</strong></span> <span class='ocrx_word' id='word_1_577' title='bbox 2192 2990 2357 3046; x_wconf 83' lang='lat' dir='ltr'><strong>ducis</strong></span> <span class='ocrx_word' id='word_1_578' title='bbox 2411 2982 2814 3061; x_wconf 72' lang='lat' dir='ltr'><strong>apestolortitn,</strong></span> <span class='ocrx_word' id='word_1_579' title='bbox 2861 3003 3257 3051; x_wconf 89' lang='lat' dir='ltr'><strong>accurramns,</strong></span> <span class='ocrx_word' id='word_1_580' title='bbox 3303 2986 3499 3041; x_wconf 50' lang='lat' dir='ltr'><strong>creda-</strong></span> 
     </span>
    </p>
   </div>
   <div class='ocr_carea' id='block_1_77' title="bbox 1909 3082 3274 3154">
    <p class='ocr_par' dir='ltr' id='par_1_77' title="bbox 1909 3082 3274 3154">
     <span class='ocr_line' id='line_1_77' title="bbox 1909 3082 3274 3154; baseline -0.001 -17"><span class='ocrx_word' id='word_1_581' title='bbox 1909 3099 2144 3154; x_wconf 80' lang='lat' dir='ltr'><strong>musque</strong></span> <span class='ocrx_word' id='word_1_582' title='bbox 2174 3082 2454 3139; x_wconf 84' lang='lat' dir='ltr'><strong>Christum</strong></span> <span class='ocrx_word' id='word_1_583' title='bbox 2496 3098 2621 3139; x_wconf 90' lang='lat' dir='ltr'><strong>csse</strong></span> <span class='ocrx_word' id='word_1_584' title='bbox 2650 3082 2821 3139; x_wconf 82' lang='lat' dir='ltr'><strong>Deum</strong></span> <span class='ocrx_word' id='word_1_585' title='bbox 2871 3090 2926 3135; x_wconf 91' lang='lat' dir='ltr'><strong>ct</strong></span> <span class='ocrx_word' id='word_1_586' title='bbox 2977 3082 3274 3136; x_wconf 89' lang='lat' dir='ltr'><strong>hominem.</strong></span> 
     </span>
    </p>
   </div>
   <div class='ocr_carea' id='block_1_78' title="bbox 1985 3346 3505 3420">
    <p class='ocr_par' dir='ltr' id='par_1_78' title="bbox 1985 3346 3505 3420">
     <span class='ocr_line' id='line_1_78' title="bbox 1985 3346 3505 3420; baseline -0.001 -15"><span class='ocrx_word' id='word_1_587' title='bbox 1985 3349 2282 3405; x_wconf 88' lang='lat' dir='ltr'><strong>Sciendum</strong></span> <span class='ocrx_word' id='word_1_588' title='bbox 2326 3358 2505 3405; x_wconf 84' lang='lat' dir='ltr'><strong>autem</strong></span> <span class='ocrx_word' id='word_1_589' title='bbox 2556 3357 2639 3404; x_wconf 88' lang='lat' dir='ltr'><strong>est</strong></span> <span class='ocrx_word' id='word_1_590' title='bbox 2684 3349 2853 3420; x_wconf 90' lang='lat' dir='ltr'><strong>quod,</strong></span> <span class='ocrx_word' id='word_1_591' title='bbox 2911 3346 3038 3419; x_wconf 90' lang='lat' dir='ltr'><strong>quia</strong></span> <span class='ocrx_word' id='word_1_592' title='bbox 3087 3346 3229 3403; x_wconf 87' lang='lat' dir='ltr'><strong>idem</strong></span> <span class='ocrx_word' id='word_1_593' title='bbox 3265 3346 3383 3418; x_wconf 84' lang='lat' dir='ltr'><strong>ipse</strong></span> <span class='ocrx_word' id='word_1_594' title='bbox 3419 3358 3505 3403; x_wconf 82' lang='lat' dir='ltr'><strong>est</strong></span> 
     </span>
    </p>
   </div>
   <div class='ocr_carea' id='block_1_79' title="bbox 1911 3441 3502 3513">
    <p class='ocr_par' dir='ltr' id='par_1_79' title="bbox 1911 3441 3502 3513">
     <span class='ocr_line' id='line_1_79' title="bbox 1911 3441 3502 3513; baseline -0.002 -16"><span class='ocrx_word' id='word_1_595' title='bbox 1911 3442 2057 3498; x_wconf 86' lang='lat' dir='ltr'><strong>Deus</strong></span> <span class='ocrx_word' id='word_1_596' title='bbox 2095 3451 2150 3497; x_wconf 87' lang='lat' dir='ltr'><strong>et</strong></span> <span class='ocrx_word' id='word_1_597' title='bbox 2177 3443 2364 3509; x_wconf 87' lang='lat' dir='ltr'><strong>homo,</strong></span> <span class='ocrx_word' id='word_1_598' title='bbox 2406 3459 2514 3497; x_wconf 88' lang='lat' dir='ltr'><strong>una</strong></span> <span class='ocrx_word' id='word_1_599' title='bbox 2547 3444 2778 3497; x_wconf 78' lang='lat' dir='ltr'><strong>ontnino</strong></span> <span class='ocrx_word' id='word_1_600' title='bbox 2808 3441 3127 3513; x_wconf 83' lang='lat' dir='ltr'><strong>bypostasis</strong></span> <span class='ocrx_word' id='word_1_601' title='bbox 3154 3449 3257 3504; x_wconf 87' lang='lat' dir='ltr'><strong>est,</strong></span> <span class='ocrx_word' id='word_1_602' title='bbox 3296 3451 3502 3496; x_wconf 87' lang='lat' dir='ltr'><strong>etcum</strong></span> 
     </span>
    </p>
   </div>
   <div class='ocr_carea' id='block_1_80' title="bbox 1912 3532 3506 3600">
    <p class='ocr_par' dir='ltr' id='par_1_80' title="bbox 1912 3532 3506 3600">
     <span class='ocr_line' id='line_1_80' title="bbox 1912 3532 3506 3600; baseline 0 -13"><span class='ocrx_word' id='word_1_603' title='bbox 1912 3533 2059 3591; x_wconf 86' lang='lat' dir='ltr'><strong>Deus</strong></span> <span class='ocrx_word' id='word_1_604' title='bbox 2114 3543 2172 3590; x_wconf 88' lang='lat' dir='ltr'><strong>et</strong></span> <span class='ocrx_word' id='word_1_605' title='bbox 2206 3534 2374 3588; x_wconf 90' lang='lat' dir='ltr'><strong>homo</strong></span> <span class='ocrx_word' id='word_1_606' title='bbox 2415 3536 2510 3597; x_wconf 88' lang='lat' dir='ltr'><strong>sit,</strong></span> <span class='ocrx_word' id='word_1_607' title='bbox 2553 3535 2691 3589; x_wconf 86' lang='lat' dir='ltr'><strong>duas</strong></span> <span class='ocrx_word' id='word_1_608' title='bbox 2744 3535 2908 3589; x_wconf 87' lang='lat' dir='ltr'><strong>habet</strong></span> <span class='ocrx_word' id='word_1_609' title='bbox 2964 3543 3215 3600; x_wconf 88' lang='lat' dir='ltr'><strong>naturas,</strong></span> <span class='ocrx_word' id='word_1_610' title='bbox 3258 3532 3506 3587; x_wconf 84' lang='lat' dir='ltr'><strong>divinam</strong></span> 
     </span>
    </p>
   </div>
   <div class='ocr_carea' id='block_1_81' title="bbox 1912 3625 3508 3698">
    <p class='ocr_par' dir='ltr' id='par_1_81' title="bbox 1912 3625 3508 3698">
     <span class='ocr_line' id='line_1_81' title="bbox 1912 3625 3508 3698; baseline -0.002 -16"><span class='ocrx_word' id='word_1_611' title='bbox 1912 3637 1967 3682; x_wconf 88' lang='lat' dir='ltr'><strong>et</strong></span> <span class='ocrx_word' id='word_1_612' title='bbox 2015 3628 2341 3693; x_wconf 79' lang='lat' dir='ltr'><strong>humanam,</strong></span> <span class='ocrx_word' id='word_1_613' title='bbox 2378 3634 2434 3683; x_wconf 90' lang='lat' dir='ltr'><strong>et</strong></span> <span class='ocrx_word' id='word_1_614' title='bbox 2485 3630 2622 3698; x_wconf 86' lang='lat' dir='ltr'><strong>quia</strong></span> <span class='ocrx_word' id='word_1_615' title='bbox 2664 3625 2810 3691; x_wconf 86' lang='lat' dir='ltr'><strong>Deus</strong></span> <span class='ocrx_word' id='word_1_616' title='bbox 2844 3635 2950 3691; x_wconf 87' lang='lat' dir='ltr'><strong>est,</strong></span> <span class='ocrx_word' id='word_1_617' title='bbox 3010 3642 3120 3681; x_wconf 84' lang='lat' dir='ltr'><strong>non</strong></span> <span class='ocrx_word' id='word_1_618' title='bbox 3169 3634 3349 3696; x_wconf 85' lang='lat' dir='ltr'><strong>potest</strong></span> <span class='ocrx_word' id='word_1_619' title='bbox 3390 3638 3508 3680; x_wconf 83' lang='lat' dir='ltr'><strong>non</strong></span> 
     </span>
    </p>
   </div>
   <div class='ocr_carea' id='block_1_82' title="bbox 1913 3717 3507 3789">
    <p class='ocr_par' dir='ltr' id='par_1_82' title="bbox 1913 3717 3507 3789">
     <span class='ocr_line' id='line_1_82' title="bbox 1913 3717 3507 3789; baseline -0.003 -14"><span class='ocrx_word' id='word_1_620' title='bbox 1913 3721 2118 3775; x_wconf 89' lang='lat' dir='ltr'><strong>habere</strong></span> <span class='ocrx_word' id='word_1_621' title='bbox 2177 3720 2421 3774; x_wconf 87' lang='lat' dir='ltr'><strong>divinam</strong></span> <span class='ocrx_word' id='word_1_622' title='bbox 2486 3727 2777 3784; x_wconf 84' lang='lat' dir='ltr'><strong>naturam;</strong></span> <span class='ocrx_word' id='word_1_623' title='bbox 2839 3728 2893 3773; x_wconf 92' lang='lat' dir='ltr'><strong>et</strong></span> <span class='ocrx_word' id='word_1_624' title='bbox 2953 3719 3087 3789; x_wconf 89' lang='lat' dir='ltr'><strong>quia</strong></span> <span class='ocrx_word' id='word_1_625' title='bbox 3146 3717 3334 3786; x_wconf 84' lang='lat' dir='ltr'><strong>homo,</strong></span> <span class='ocrx_word' id='word_1_626' title='bbox 3391 3732 3507 3772; x_wconf 85' lang='lat' dir='ltr'><strong>non</strong></span> 
     </span>
    </p>
   </div>
   <div class='ocr_carea' id='block_1_83' title="bbox 1911 3809 3509 3883">
    <p class='ocr_par' dir='ltr' id='par_1_83' title="bbox 1911 3809 3509 3883">
     <span class='ocr_line' id='line_1_83' title="bbox 1911 3809 3509 3883; baseline 0 -19"><span class='ocrx_word' id='word_1_627' title='bbox 1911 3813 2077 3883; x_wconf 78' lang='lat'><strong>372</strong></span> <span class='ocrx_word' id='word_1_628' title='bbox 2119 3819 2304 3883; x_wconf 83' lang='lat' dir='ltr'><strong>potest</strong></span> <span class='ocrx_word' id='word_1_629' title='bbox 2359 3827 2469 3866; x_wconf 90' lang='lat' dir='ltr'><strong>non</strong></span> <span class='ocrx_word' id='word_1_630' title='bbox 2538 3812 2745 3867; x_wconf 85' lang='lat' dir='ltr'><strong>habere</strong></span> <span class='ocrx_word' id='word_1_631' title='bbox 2798 3811 3117 3869; x_wconf 87' lang='lat' dir='ltr'><strong>humanam.</strong></span> <span class='ocrx_word' id='word_1_632' title='bbox 3171 3809 3267 3865; x_wconf 84' lang='lat' dir='ltr'><strong>Est</strong></span> <span class='ocrx_word' id='word_1_633' title='bbox 3321 3818 3509 3869; x_wconf 81' lang='lat' dir='ltr'><strong>autem</strong></span> 
     </span>
    </p>
   </div>
   <div class='ocr_carea' id='block_1_84' title="bbox 1913 3892 3503 3983">
    <p class='ocr_par' dir='ltr' id='par_1_84' title="bbox 1913 3892 3503 3983">
     <span class='ocr_line' id='line_1_84' title="bbox 1913 3892 3503 3983; baseline -0.002 -24"><span class='ocrx_word' id='word_1_634' title='bbox 1913 3892 2033 3959; x_wconf 66' lang='lat' dir='ltr'><strong>haec</strong></span> <span class='ocrx_word' id='word_1_635' title='bbox 2082 3921 2189 3959; x_wconf 88' lang='lat' dir='ltr'><strong>una</strong></span> <span class='ocrx_word' id='word_1_636' title='bbox 2234 3904 2707 3975; x_wconf 84' lang='lat' dir='ltr'><strong>hypostasis&#39;ipse</strong></span> <span class='ocrx_word' id='word_1_637' title='bbox 2755 3911 2885 3957; x_wconf 86' lang='lat' dir='ltr'><strong>ante</strong></span> <span class='ocrx_word' id='word_1_638' title='bbox 2923 3902 3122 3957; x_wconf 68' lang='lat' dir='ltr'><strong>saecula</strong></span> <span class='ocrx_word' id='word_1_639' title='bbox 3164 3901 3360 3983; x_wconf 69' lang='lat' dir='ltr'><strong>Filius,</strong></span> <span class='ocrx_word' id='word_1_640' title='bbox 3407 3902 3503 3973; x_wconf 89' lang='lat' dir='ltr'><strong>qui</strong></span> 
     </span>
    </p>
   </div>
   <div class='ocr_carea' id='block_1_85' title="bbox 1913 3992 3503 4064">
    <p class='ocr_par' dir='ltr' id='par_1_85' title="bbox 1913 3992 3503 4064">
     <span class='ocr_line' id='line_1_85' title="bbox 1913 3992 3503 4064; baseline -0.002 -15"><span class='ocrx_word' id='word_1_641' title='bbox 1913 4004 1999 4050; x_wconf 90' lang='lat' dir='ltr'><strong>est</strong></span> <span class='ocrx_word' id='word_1_642' title='bbox 2033 3995 2178 4049; x_wconf 91' lang='lat' dir='ltr'><strong>Deus</strong></span> <span class='ocrx_word' id='word_1_643' title='bbox 2232 3996 2464 4064; x_wconf 68' lang='lat' dir='ltr'><strong>aequalis</strong></span> <span class='ocrx_word' id='word_1_644' title='bbox 2517 3992 2698 4047; x_wconf 83' lang='lat' dir='ltr'><strong>Patris</strong></span> <span class='ocrx_word' id='word_1_645' title='bbox 2750 3994 3056 4048; x_wconf 86' lang='lat' dir='ltr'><strong>secundum</strong></span> <span class='ocrx_word' id='word_1_646' title='bbox 3105 3995 3503 4058; x_wconf 71' lang='lat' dir='ltr'><strong>aeternitatem,</strong></span> 
     </span>
    </p>
   </div>
   <div class='ocr_carea' id='block_1_86' title="bbox 1914 4086 3508 4159">
    <p class='ocr_par' dir='ltr' id='par_1_86' title="bbox 1914 4086 3508 4159">
     <span class='ocr_line' id='line_1_86' title="bbox 1914 4086 3508 4159; baseline -0.001 -17"><span class='ocrx_word' id='word_1_647' title='bbox 1914 4088 2006 4159; x_wconf 88' lang='lat' dir='ltr'><strong>qui</strong></span> <span class='ocrx_word' id='word_1_648' title='bbox 2061 4103 2127 4143; x_wconf 83' lang='lat' dir='ltr'><strong>ex</strong></span> <span class='ocrx_word' id='word_1_649' title='bbox 2182 4091 2493 4141; x_wconf 72' lang='lat' dir='ltr'><strong>aeternitate</strong></span> <span class='ocrx_word' id='word_1_650' title='bbox 2534 4096 2819 4156; x_wconf 81' lang='lat' dir='ltr'><strong>paternam</strong></span> <span class='ocrx_word' id='word_1_651' title='bbox 2878 4086 3252 4141; x_wconf 87' lang='lat' dir='ltr'><strong>substantiam</strong></span> <span class='ocrx_word' id='word_1_652' title='bbox 3314 4087 3508 4152; x_wconf 82' lang='lat' dir='ltr'><strong>habet,</strong></span> 
     </span>
    </p>
   </div>
   <div class='ocr_carea' id='block_1_87' title="bbox 1914 4175 3499 4247">
    <p class='ocr_par' dir='ltr' id='par_1_87' title="bbox 1914 4175 3499 4247">
     <span class='ocr_line' id='line_1_87' title="bbox 1914 4175 3499 4247; baseline -0.003 -11"><span class='ocrx_word' id='word_1_653' title='bbox 1914 4181 2234 4236; x_wconf 86' lang='lat' dir='ltr'><strong>novissimis</strong></span> <span class='ocrx_word' id='word_1_654' title='bbox 2268 4195 2399 4235; x_wconf 86' lang='lat' dir='ltr'><strong>vero</strong></span> <span class='ocrx_word' id='word_1_655' title='bbox 2448 4179 2647 4233; x_wconf 85' lang='lat' dir='ltr'><strong>diebus</strong></span> <span class='ocrx_word' id='word_1_656' title='bbox 2676 4194 2743 4233; x_wconf 80' lang='lat' dir='ltr'><strong>ex</strong></span> <span class='ocrx_word' id='word_1_657' title='bbox 2799 4177 2972 4231; x_wconf 77' lang='lat' dir='ltr'><strong>Maria</strong></span> <span class='ocrx_word' id='word_1_658' title='bbox 3002 4175 3230 4247; x_wconf 78' lang='lat' dir='ltr'><strong>Virgine</strong></span> <span class='ocrx_word' id='word_1_659' title='bbox 3273 4192 3499 4231; x_wconf 86' lang='lat' dir='ltr'><strong>carnem</strong></span> 
     </span>
    </p>
   </div>
   <div class='ocr_carea' id='block_1_88' title="bbox 1914 4269 3509 4344">
    <p class='ocr_par' dir='ltr' id='par_1_88' title="bbox 1914 4269 3509 4344">
     <span class='ocr_line' id='line_1_88' title="bbox 1914 4269 3509 4344; baseline 0 -18"><span class='ocrx_word' id='word_1_660' title='bbox 1914 4273 2235 4344; x_wconf 85' lang='lat' dir='ltr'><strong>assumpsit,</strong></span> <span class='ocrx_word' id='word_1_661' title='bbox 2272 4281 2326 4327; x_wconf 93' lang='lat' dir='ltr'><strong>et</strong></span> <span class='ocrx_word' id='word_1_662' title='bbox 2355 4274 2518 4327; x_wconf 90' lang='lat' dir='ltr'><strong>homo</strong></span> <span class='ocrx_word' id='word_1_663' title='bbox 2555 4272 2745 4331; x_wconf 78' lang='lat' dir='ltr'><strong>factus.</strong></span> <span class='ocrx_word' id='word_1_664' title='bbox 2781 4277 2885 4326; x_wconf 88' lang='lat' dir='ltr'><strong>est.</strong></span> <span class='ocrx_word' id='word_1_665' title='bbox 2936 4269 3026 4325; x_wconf 88' lang='lat' dir='ltr'><strong>Sic</strong></span> <span class='ocrx_word' id='word_1_666' title='bbox 3053 4278 3290 4325; x_wconf 61' lang='lat' dir='ltr'><strong>aeternus</strong></span> <span class='ocrx_word' id='word_1_667' title='bbox 3326 4269 3509 4326; x_wconf 74' lang='lat' dir='ltr'><strong>Filius</strong></span> 
     </span>
    </p>
   </div>
   <div class='ocr_carea' id='block_1_89' title="bbox 1915 4362 3507 4427">
    <p class='ocr_par' dir='ltr' id='par_1_89' title="bbox 1915 4362 3507 4427">
     <span class='ocr_line' id='line_1_89' title="bbox 1915 4362 3507 4427; baseline -0.004 -4"><span class='ocrx_word' id='word_1_668' title='bbox 1915 4367 2035 4423; x_wconf 82' lang='lat' dir='ltr'><strong>sine</strong></span> <span class='ocrx_word' id='word_1_669' title='bbox 2065 4368 2369 4422; x_wconf 85' lang='lat' dir='ltr'><strong>mutatione</strong></span> <span class='ocrx_word' id='word_1_670' title='bbox 2402 4373 2456 4420; x_wconf 86' lang='lat' dir='ltr'><strong>et</strong></span> <span class='ocrx_word' id='word_1_671' title='bbox 2484 4364 2815 4427; x_wconf 83' lang='lat' dir='ltr'><strong>variatione,</strong></span> <span class='ocrx_word' id='word_1_672' title='bbox 2855 4363 3031 4418; x_wconf 82' lang='lat' dir='ltr'><strong>factus</strong></span> <span class='ocrx_word' id='word_1_673' title='bbox 3063 4362 3209 4417; x_wconf 91' lang='lat' dir='ltr'><strong>sicut</strong></span> <span class='ocrx_word' id='word_1_674' title='bbox 3259 4378 3401 4417; x_wconf 84' lang='lat' dir='ltr'><strong>unus</strong></span> <span class='ocrx_word' id='word_1_675' title='bbox 3435 4376 3507 4416; x_wconf 71' lang='lat' dir='ltr'><strong>ex</strong></span> 
     </span>
    </p>
   </div>
   <div class='ocr_carea' id='block_1_90' title="bbox 1915 4462 3510 4528">
    <p class='ocr_par' dir='ltr' id='par_1_90' title="bbox 1915 4462 3510 4528">
     <span class='ocr_line' id='line_1_90' title="bbox 1915 4462 3510 4528; baseline -0.005 -12"><span class='ocrx_word' id='word_1_676' title='bbox 1915 4463 2237 4517; x_wconf 89' lang='lat' dir='ltr'><strong>hominibus</strong></span> <span class='ocrx_word' id='word_1_677' title='bbox 2266 4474 2361 4528; x_wconf 88' lang='lat' dir='ltr'><strong>per</strong></span> <span class='ocrx_word' id='word_1_678' title='bbox 2395 4462 2607 4525; x_wconf 84' lang='lat' dir='ltr'><strong>omnia,</strong></span> <span class='ocrx_word' id='word_1_679' title='bbox 2662 4465 2892 4527; x_wconf 84' lang='lat' dir='ltr'><strong>excepto</strong></span> <span class='ocrx_word' id='word_1_680' title='bbox 2926 4463 3173 4526; x_wconf 85' lang='lat' dir='ltr'><strong>peccato.</strong></span> <span class='ocrx_word' id='word_1_681' title='bbox 3216 4467 3510 4524; x_wconf 77' lang='lat' dir='ltr'><strong>assumpta</strong></span> 
     </span>
    </p>
   </div>
   <div class='ocr_carea' id='block_1_91' title="bbox 192 4539 1808 4628">
    <p class='ocr_par' dir='ltr' id='par_1_91' title="bbox 192 4548 1808 4628">
     <span class='ocr_line' id='line_1_91' title="bbox 192 4548 1808 4628; baseline 0.006 -24"><span class='ocrx_word' id='word_1_682' title='bbox 192 4549 588 4612; x_wconf 83' lang='grc' dir='ltr'>ἀναλλοιὼτω;</span> <span class='ocrx_word' id='word_1_683' title='bbox 619 4550 893 4621; x_wconf 80' lang='grc' dir='ltr'>γεγονὼς,</span> <span class='ocrx_word' id='word_1_684' title='bbox 925 4551 1001 4616; x_wconf 78' lang='grc' dir='ltr'>ὡς</span> <span class='ocrx_word' id='word_1_685' title='bbox 1035 4548 1120 4617; x_wconf 75' lang='grc' dir='ltr'>εἷς</span> <span class='ocrx_word' id='word_1_686' title='bbox 1156 4554 1265 4608; x_wconf 82' lang='grc' dir='ltr'><strong>τῶν</strong></span> <span class='ocrx_word' id='word_1_687' title='bbox 1314 4556 1622 4628; x_wconf 80' lang='grc' dir='ltr'>ἀνθρώπων</span> <span class='ocrx_word' id='word_1_688' title='bbox 1668 4562 1808 4615; x_wconf 80' lang='grc' dir='ltr'>κατὰ</span> 
     </span>
    </p>
   </div>
   <div class='ocr_carea' id='block_1_92' title="bbox 1911 4539 3511 4628">
    <p class='ocr_par' dir='ltr' id='par_1_92' title="bbox 1915 4548 3511 4625">
     <span class='ocr_line' id='line_1_92' title="bbox 1915 4548 3511 4625; baseline -0.008 -13"><span class='ocrx_word' id='word_1_689' title='bbox 1915 4565 2105 4612; x_wconf 89' lang='lat' dir='ltr'><strong>nostra</strong></span> <span class='ocrx_word' id='word_1_690' title='bbox 2139 4566 2358 4621; x_wconf 87' lang='lat' dir='ltr'><strong>natura,</strong></span> <span class='ocrx_word' id='word_1_691' title='bbox 2385 4568 2549 4625; x_wconf 90' lang='lat' dir='ltr'><strong>quam</strong></span> <span class='ocrx_word' id='word_1_692' title='bbox 2578 4568 2688 4606; x_wconf 89' lang='lat' dir='ltr'><strong>non</strong></span> <span class='ocrx_word' id='word_1_693' title='bbox 2719 4552 2977 4612; x_wconf 87' lang='lat' dir='ltr'><strong>habebat,</strong></span> <span class='ocrx_word' id='word_1_694' title='bbox 3019 4555 3335 4605; x_wconf 86' lang='lat' dir='ltr'><strong>remanente</strong></span> <span class='ocrx_word' id='word_1_695' title='bbox 3359 4548 3511 4601; x_wconf 71' lang='lat' dir='ltr'><strong>diri-</strong></span> 
     </span>
    </p>
   </div>
   <div class='ocr_carea' id='block_1_93' title="bbox 194 4641 1813 4719">
    <p class='ocr_par' dir='ltr' id='par_1_93' title="bbox 194 4641 1813 4719">
     <span class='ocr_line' id='line_1_93' title="bbox 194 4641 1813 4719; baseline 0.006 -26"><span class='ocrx_word' id='word_1_696' title='bbox 194 4642 404 4707; x_wconf 82' lang='grc' dir='ltr'>πάντα,</span> <span class='ocrx_word' id='word_1_697' title='bbox 434 4641 568 4712; x_wconf 86' lang='grc' dir='ltr'>δίχα</span> <span class='ocrx_word' id='word_1_698' title='bbox 595 4643 694 4712; x_wconf 78' lang='grc' dir='ltr'>τῆς</span> <span class='ocrx_word' id='word_1_699' title='bbox 725 4643 1028 4713; x_wconf 73' lang='grc' dir='ltr'>ἁμαρτίας,</span> <span class='ocrx_word' id='word_1_700' title='bbox 1061 4644 1446 4715; x_wconf 61' lang='grc' dir='ltr'>προσειληφὼς</span> <span class='ocrx_word' id='word_1_701' title='bbox 1487 4646 1586 4719; x_wconf 75' lang='grc' dir='ltr'><strong>τὴν</strong></span> <span class='ocrx_word' id='word_1_702' title='bbox 1608 4650 1640 4719; x_wconf 82' lang='grc' dir='ltr'><strong>ἡ</strong></span> <span class='ocrx_word' id='word_1_703' title='bbox 1652 4650 1813 4719; x_wconf 85' lang='grc' dir='ltr'>μετέ-</span> 
     </span>
    </p>
   </div>
   <div class='ocr_carea' id='block_1_94' title="bbox 197 4729 1811 4812">
    <p class='ocr_par' dir='ltr' id='par_1_94' title="bbox 197 4729 1811 4812">
     <span class='ocr_line' id='line_1_94' title="bbox 197 4729 1811 4812; baseline 0.005 -24"><span class='ocrx_word' id='word_1_704' title='bbox 197 4752 320 4805; x_wconf 84' lang='grc' dir='ltr'>ραν,</span> <span class='ocrx_word' id='word_1_705' title='bbox 343 4737 415 4807; x_wconf 83' lang='grc' dir='ltr'>ἢν</span> <span class='ocrx_word' id='word_1_706' title='bbox 436 4735 545 4789; x_wconf 84' lang='grc' dir='ltr'><strong>οὐκ</strong></span> <span class='ocrx_word' id='word_1_707' title='bbox 561 4729 694 4805; x_wconf 69' lang='grc' dir='ltr'>εἶχε,</span> <span class='ocrx_word' id='word_1_708' title='bbox 718 4734 906 4805; x_wconf 82' lang='grc' dir='ltr'>φύσιν,</span> <span class='ocrx_word' id='word_1_709' title='bbox 935 4737 1312 4806; x_wconf 79' lang='grc' dir='ltr'>μεμενηκυίας</span> <span class='ocrx_word' id='word_1_710' title='bbox 1335 4738 1487 4809; x_wconf 83' lang='grc' dir='ltr'>αὑτῷ</span> <span class='ocrx_word' id='word_1_711' title='bbox 1509 4741 1608 4812; x_wconf 81' lang='grc' dir='ltr'><strong>τῆς</strong></span> <span class='ocrx_word' id='word_1_712' title='bbox 1638 4742 1811 4810; x_wconf 86' lang='grc' dir='ltr'>θείας,</span> 
     </span>
    </p>
   </div>
   <div class='ocr_carea' id='block_1_95' title="bbox 194 4826 1813 4908">
    <p class='ocr_par' dir='ltr' id='par_1_95' title="bbox 194 4826 1813 4908">
     <span class='ocr_line' id='line_1_95' title="bbox 194 4826 1813 4908; baseline 0.006 -25"><span class='ocrx_word' id='word_1_713' title='bbox 194 4832 261 4900; x_wconf 67' lang='grc' dir='ltr'>ἢν</span> <span class='ocrx_word' id='word_1_714' title='bbox 292 4831 493 4893; x_wconf 81' lang='grc' dir='ltr'>άῖδίως</span> <span class='ocrx_word' id='word_1_715' title='bbox 528 4832 774 4901; x_wconf 78' lang='grc' dir='ltr'>προεῖχε,</span> <span class='ocrx_word' id='word_1_716' title='bbox 806 4829 1044 4898; x_wconf 84' lang='grc' dir='ltr'>φύσεως.</span> <span class='ocrx_word' id='word_1_717' title='bbox 1068 4826 1238 4897; x_wconf 76' lang='grc' dir='ltr'>Οὗτος</span> <span class='ocrx_word' id='word_1_718' title='bbox 1267 4835 1295 4886; x_wconf 89' lang='lat'><strong>6</strong></span> <span class='ocrx_word' id='word_1_719' title='bbox 1317 4834 1489 4899; x_wconf 67' lang='grc' dir='ltr'>ἀΐδιος</span> <span class='ocrx_word' id='word_1_720' title='bbox 1518 4836 1648 4902; x_wconf 84' lang='grc' dir='ltr'>Υἱὸς</span> <span class='ocrx_word' id='word_1_721' title='bbox 1673 4841 1813 4908; x_wconf 78' lang='grc' dir='ltr'><strong>μετά</strong></span> 
     </span>
    </p>
   </div>
   <div class='ocr_carea' id='block_1_96' title="bbox 192 4921 1811 5002">
    <p class='ocr_par' dir='ltr' id='par_1_96' title="bbox 192 4921 1811 5002">
     <span class='ocr_line' id='line_1_96' title="bbox 192 4921 1811 5002; baseline 0.006 -27"><span class='ocrx_word' id='word_1_722' title='bbox 192 4924 294 4995; x_wconf 74' lang='grc' dir='ltr'>τὴν</span> <span class='ocrx_word' id='word_1_723' title='bbox 325 4921 539 4978; x_wconf 68' lang='grc' dir='ltr'>ἑαυτοῦ</span> <span class='ocrx_word' id='word_1_724' title='bbox 568 4922 870 4994; x_wconf 80' lang='grc' dir='ltr'>σάρκωσιν,</span> <span class='ocrx_word' id='word_1_725' title='bbox 907 4922 1042 4986; x_wconf 86' lang='grc' dir='ltr'>Θεὸς</span> <span class='ocrx_word' id='word_1_726' title='bbox 1066 4925 1095 4976; x_wconf 88' lang='lat'><strong>6</strong></span> <span class='ocrx_word' id='word_1_727' title='bbox 1124 4925 1289 4990; x_wconf 81' lang='grc' dir='ltr'>αὐτός</span> <span class='ocrx_word' id='word_1_728' title='bbox 1318 4928 1435 4981; x_wconf 72' lang='grc' dir='ltr'>εστι</span> <span class='ocrx_word' id='word_1_729' title='bbox 1461 4929 1558 4982; x_wconf 74' lang='grc' dir='ltr'><strong>καὶ</strong></span> <span class='ocrx_word' id='word_1_730' title='bbox 1599 4930 1811 5002; x_wconf 78' lang='grc' dir='ltr'>ἅνθρω-</span> 
     </span>
    </p>
   </div>
   <div class='ocr_carea' id='block_1_97' title="bbox 194 5013 1803 5093">
    <p class='ocr_par' dir='ltr' id='par_1_97' title="bbox 194 5013 1803 5093">
     <span class='ocr_line' id='line_1_97' title="bbox 194 5013 1803 5093; baseline 0.007 -27"><span class='ocrx_word' id='word_1_731' title='bbox 194 5031 321 5081; x_wconf 80' lang='grc' dir='ltr'>πος,</span> <span class='ocrx_word' id='word_1_732' title='bbox 362 5015 469 5086; x_wconf 85' lang='grc' dir='ltr'><strong>μία</strong></span> <span class='ocrx_word' id='word_1_733' title='bbox 500 5013 770 5086; x_wconf 84' lang='grc' dir='ltr'>ὑπάρχων</span> <span class='ocrx_word' id='word_1_734' title='bbox 794 5013 897 5082; x_wconf 84' lang='grc' dir='ltr'>τῆς</span> <span class='ocrx_word' id='word_1_735' title='bbox 930 5015 1163 5084; x_wconf 83' lang='grc' dir='ltr'>Τριάδος</span> <span class='ocrx_word' id='word_1_736' title='bbox 1189 5017 1512 5086; x_wconf 81' lang='grc' dir='ltr'>ὑπόστασις,</span> <span class='ocrx_word' id='word_1_737' title='bbox 1552 5020 1655 5093; x_wconf 80' lang='grc' dir='ltr'><strong>τὴν</strong></span> <span class='ocrx_word' id='word_1_738' title='bbox 1708 5024 1803 5078; x_wconf 87' lang='grc' dir='ltr'><strong>τοῦ</strong></span> 
     </span>
    </p>
   </div>
   <div class='ocr_carea' id='block_1_98' title="bbox 196 5106 1806 5186">
    <p class='ocr_par' dir='ltr' id='par_1_98' title="bbox 196 5106 1806 5186">
     <span class='ocr_line' id='line_1_98' title="bbox 196 5106 1806 5186; baseline 0.006 -25"><span class='ocrx_word' id='word_1_739' title='bbox 196 5108 421 5181; x_wconf 76' lang='grc' dir='ltr'>Πιτρὸς</span> <span class='ocrx_word' id='word_1_740' title='bbox 476 5106 701 5162; x_wconf 77' lang='grc' dir='ltr'>καὶτοῦ</span> <span class='ocrx_word' id='word_1_741' title='bbox 754 5108 913 5176; x_wconf 81' lang='grc' dir='ltr'>ἁγίου</span> <span class='ocrx_word' id='word_1_742' title='bbox 955 5108 1275 5174; x_wconf 85' lang='grc' dir='ltr'>Πνεύματος</span> <span class='ocrx_word' id='word_1_743' title='bbox 1328 5111 1493 5179; x_wconf 85' lang='grc' dir='ltr'>φύσιν</span> <span class='ocrx_word' id='word_1_744' title='bbox 1519 5114 1682 5186; x_wconf 75' lang='grc' dir='ltr'>ἔχων,</span> <span class='ocrx_word' id='word_1_745' title='bbox 1713 5120 1806 5170; x_wconf 70' lang='grc' dir='ltr'>καὶ</span> 
     </span>
    </p>
   </div>
   <div class='ocr_carea' id='block_1_99' title="bbox 195 5200 1809 5281">
    <p class='ocr_par' dir='ltr' id='par_1_99' title="bbox 195 5200 1809 5281">
     <span class='ocr_line' id='line_1_99' title="bbox 195 5200 1809 5281; baseline 0.007 -28"><span class='ocrx_word' id='word_1_746' title='bbox 195 5201 296 5272; x_wconf 58' lang='grc' dir='ltr'>τὴν</span> <span class='ocrx_word' id='word_1_747' title='bbox 326 5202 615 5273; x_wconf 69' lang='grc' dir='ltr'>ἡμετέραν</span> <span class='ocrx_word' id='word_1_748' title='bbox 651 5200 1002 5275; x_wconf 81' lang='grc' dir='ltr'>ἀνθρωπείαν</span> <span class='ocrx_word' id='word_1_749' title='bbox 1030 5202 1215 5271; x_wconf 76' lang='grc' dir='ltr'>φύσιν,</span> <span class='ocrx_word' id='word_1_750' title='bbox 1250 5204 1349 5275; x_wconf 82' lang='grc' dir='ltr'>τῆς</span> <span class='ocrx_word' id='word_1_751' title='bbox 1370 5206 1603 5277; x_wconf 83' lang='grc' dir='ltr'>Τριάδος</span> <span class='ocrx_word' id='word_1_752' title='bbox 1640 5226 1809 5281; x_wconf 51' lang='grc' dir='ltr'>προιμ</span> 
     </span>
    </p>
   </div>
   <div class='ocr_carea' id='block_1_100' title="bbox 196 5291 1806 5368">
    <p class='ocr_par' dir='ltr' id='par_1_100' title="bbox 196 5291 1806 5368">
     <span class='ocr_line' id='line_1_100' title="bbox 196 5291 1806 5368; baseline 0.005 -20"><span class='ocrx_word' id='word_1_753' title='bbox 196 5295 385 5367; x_wconf 69' lang='grc' dir='ltr'>Θῆκην</span> <span class='ocrx_word' id='word_1_754' title='bbox 415 5295 523 5348; x_wconf 72' lang='grc' dir='ltr'><strong>οὐκ</strong></span> <span class='ocrx_word' id='word_1_755' title='bbox 548 5293 958 5366; x_wconf 79' lang='grc' dir='ltr'>είσὸεξαμένης.</span> <span class='ocrx_word' id='word_1_756' title='bbox 999 5296 1109 5350; x_wconf 74' lang='grc' dir='ltr'><strong>Καὶ</strong></span> <span class='ocrx_word' id='word_1_757' title='bbox 1143 5297 1273 5367; x_wconf 73' lang='grc' dir='ltr'>γᾴρ,</span> <span class='ocrx_word' id='word_1_758' title='bbox 1302 5291 1349 5351; x_wconf 80' lang='grc' dir='ltr'>ὧ</span> <span class='ocrx_word' id='word_1_759' title='bbox 1382 5297 1671 5368; x_wconf 84' lang='grc' dir='ltr'>βέλτιστοι,</span> <span class='ocrx_word' id='word_1_760' title='bbox 1706 5319 1806 5355; x_wconf 85' lang='grc' dir='ltr'>σα-</span> 
     </span>
    </p>
   </div>
   <div class='ocr_carea' id='block_1_101' title="bbox 195 5386 1815 5464">
    <p class='ocr_par' dir='ltr' id='par_1_101' title="bbox 195 5386 1815 5464">
     <span class='ocr_line' id='line_1_101' title="bbox 195 5386 1815 5464; baseline 0.005 -24"><span class='ocrx_word' id='word_1_761' title='bbox 195 5386 317 5456; x_wconf 78' lang='grc' dir='ltr'><strong>φῶς</strong></span> <span class='ocrx_word' id='word_1_762' title='bbox 350 5387 444 5440; x_wconf 77' lang='grc' dir='ltr'><strong>ἐπ’</strong></span> <span class='ocrx_word' id='word_1_763' title='bbox 475 5386 653 5457; x_wconf 73' lang='grc' dir='ltr'>αὐτῆς</span> <span class='ocrx_word' id='word_1_764' title='bbox 681 5389 785 5459; x_wconf 74' lang='grc' dir='ltr'><strong>τῆς</strong></span> <span class='ocrx_word' id='word_1_765' title='bbox 813 5387 1070 5459; x_wconf 82' lang='grc' dir='ltr'>ἀληθείας</span> <span class='ocrx_word' id='word_1_766' title='bbox 1095 5390 1260 5444; x_wconf 80' lang='grc' dir='ltr'>τῶνδε</span> <span class='ocrx_word' id='word_1_767' title='bbox 1297 5389 1407 5444; x_wconf 79' lang='grc' dir='ltr'>τῶν</span> <span class='ocrx_word' id='word_1_768' title='bbox 1436 5393 1568 5463; x_wconf 84' lang='grc' dir='ltr'>ἡμῖν</span> <span class='ocrx_word' id='word_1_769' title='bbox 1588 5393 1815 5464; x_wconf 77' lang='grc' dir='ltr'>εἰρημέ-</span> 
     </span>
    </p>
   </div>
   <div class='ocr_carea' id='block_1_102' title="bbox 195 5475 1813 5557">
    <p class='ocr_par' dir='ltr' id='par_1_102' title="bbox 195 5475 1813 5557">
     <span class='ocr_line' id='line_1_102' title="bbox 195 5475 1813 5557; baseline 0.005 -25"><span class='ocrx_word' id='word_1_770' title='bbox 195 5475 332 5540; x_wconf 70' lang='grc' dir='ltr'>νων,</span> <span class='ocrx_word' id='word_1_771' title='bbox 362 5478 451 5532; x_wconf 80' lang='grc' dir='ltr'><strong>ὅτι</strong></span> <span class='ocrx_word' id='word_1_772' title='bbox 476 5479 717 5551; x_wconf 59' lang='grc' dir='ltr'>ήκΤριάς</span> <span class='ocrx_word' id='word_1_773' title='bbox 737 5480 800 5535; x_wconf 81' lang='grc' dir='ltr'>οὐ</span> <span class='ocrx_word' id='word_1_774' title='bbox 829 5483 1201 5554; x_wconf 81' lang='grc' dir='ltr'>προσείληφεν</span> <span class='ocrx_word' id='word_1_775' title='bbox 1231 5482 1462 5554; x_wconf 78' lang='grc' dir='ltr'>αὔξησιν</span> <span class='ocrx_word' id='word_1_776' title='bbox 1480 5502 1495 5514; x_wconf 90' lang='grc'><strong>·</strong></span> <span class='ocrx_word' id='word_1_777' title='bbox 1516 5486 1813 5557; x_wconf 61' lang='grc' dir='ltr'>ἐπειδήπερ</span> 
     </span>
    </p>
   </div>
   <div class='ocr_carea' id='block_1_103' title="bbox 196 5571 1812 5650">
    <p class='ocr_par' dir='ltr' id='par_1_103' title="bbox 196 5571 1812 5650">
     <span class='ocr_line' id='line_1_103' title="bbox 196 5571 1812 5650; baseline 0.004 -26"><span class='ocrx_word' id='word_1_778' title='bbox 196 5571 325 5639; x_wconf 73' lang='grc' dir='ltr'>οῦδέ</span> <span class='ocrx_word' id='word_1_779' title='bbox 354 5587 546 5643; x_wconf 79' lang='grc' dir='ltr'>φαμεν</span> <span class='ocrx_word' id='word_1_780' title='bbox 587 5573 727 5642; x_wconf 64' lang='grc' dir='ltr'>μίαν»</span> <span class='ocrx_word' id='word_1_781' title='bbox 743 5575 1069 5640; x_wconf 76' lang='grc' dir='ltr'>ὑπόστασιν,</span> <span class='ocrx_word' id='word_1_782' title='bbox 1102 5577 1227 5649; x_wconf 72' lang='grc' dir='ltr'>ἥτις</span> <span class='ocrx_word' id='word_1_783' title='bbox 1256 5577 1378 5630; x_wconf 77' lang='grc' dir='ltr'>ἐστὶ</span> <span class='ocrx_word' id='word_1_784' title='bbox 1412 5577 1567 5643; x_wconf 87' lang='grc' dir='ltr'>Θεὸς,</span> <span class='ocrx_word' id='word_1_785' title='bbox 1601 5578 1812 5650; x_wconf 78' lang='grc' dir='ltr'>ταύτην</span> 
     </span>
    </p>
   </div>
   <div class='ocr_carea' id='block_1_104' title="bbox 199 5662 1806 5742">
    <p class='ocr_par' dir='ltr' id='par_1_104' title="bbox 199 5662 1806 5742">
     <span class='ocr_line' id='line_1_104' title="bbox 199 5662 1806 5742; baseline 0.005 -25"><span class='ocrx_word' id='word_1_786' title='bbox 199 5662 448 5736; x_wconf 71' lang='grc' dir='ltr'>ἐροῦμεν</span> <span class='ocrx_word' id='word_1_787' title='bbox 481 5663 753 5738; x_wconf 86' lang='grc' dir='ltr'>ὑπάρχειν</span> <span class='ocrx_word' id='word_1_788' title='bbox 780 5662 1095 5737; x_wconf 76' lang='grc' dir='ltr'>ἄνθρωπον,</span> <span class='ocrx_word' id='word_1_789' title='bbox 1131 5669 1234 5723; x_wconf 88' lang='grc' dir='ltr'><strong>οὑκ</strong></span> <span class='ocrx_word' id='word_1_790' title='bbox 1263 5668 1433 5742; x_wconf 79' lang='grc' dir='ltr'>ἄλλην</span> <span class='ocrx_word' id='word_1_791' title='bbox 1483 5670 1806 5726; x_wconf 80' lang='grc' dir='ltr'>ὑπόστασιν.</span> 
     </span>
    </p>
   </div>
   <div class='ocr_carea' id='block_1_105' title="bbox 1917 4641 3512 4721">
    <p class='ocr_par' dir='ltr' id='par_1_105' title="bbox 1917 4641 3512 4721">
     <span class='ocr_line' id='line_1_105' title="bbox 1917 4641 3512 4721; baseline -0.004 -16"><span class='ocrx_word' id='word_1_792' title='bbox 1917 4666 2006 4716; x_wconf 89' lang='lat' dir='ltr'><strong>na,</strong></span> <span class='ocrx_word' id='word_1_793' title='bbox 2038 4664 2201 4721; x_wconf 89' lang='lat' dir='ltr'><strong>quam</strong></span> <span class='ocrx_word' id='word_1_794' title='bbox 2227 4663 2291 4704; x_wconf 85' lang='lat' dir='ltr'><strong>ex</strong></span> <span class='ocrx_word' id='word_1_795' title='bbox 2310 4646 2620 4703; x_wconf 67' lang='lat' dir='ltr'><strong>aeternitate</strong></span> <span class='ocrx_word' id='word_1_796' title='bbox 2649 4644 2907 4699; x_wconf 86' lang='lat' dir='ltr'><strong>habebat.</strong></span> <span class='ocrx_word' id='word_1_797' title='bbox 2935 4643 3041 4697; x_wconf 81' lang='lat' dir='ltr'><strong>llic</strong></span> <span class='ocrx_word' id='word_1_798' title='bbox 3065 4652 3306 4697; x_wconf 84' lang='lat' dir='ltr'><strong>aeternus</strong></span> <span class='ocrx_word' id='word_1_799' title='bbox 3328 4641 3512 4698; x_wconf 76' lang='lat' dir='ltr'><strong>Filius</strong></span> 
     </span>
    </p>
   </div>
   <div class='ocr_carea' id='block_1_106' title="bbox 1914 4735 3513 4814">
    <p class='ocr_par' dir='ltr' id='par_1_106' title="bbox 1914 4735 3513 4814">
     <span class='ocr_line' id='line_1_106' title="bbox 1914 4735 3513 4814; baseline -0.004 -15"><span class='ocrx_word' id='word_1_800' title='bbox 1914 4752 2045 4814; x_wconf 82' lang='lat' dir='ltr'><strong>post</strong></span> <span class='ocrx_word' id='word_1_801' title='bbox 2078 4741 2525 4798; x_wconf 87' lang='lat' dir='ltr'><strong>incarnationem</strong></span> <span class='ocrx_word' id='word_1_802' title='bbox 2558 4753 2714 4794; x_wconf 88' lang='lat' dir='ltr'><strong>suam</strong></span> <span class='ocrx_word' id='word_1_803' title='bbox 2751 4737 2894 4793; x_wconf 90' lang='lat' dir='ltr'><strong>idem</strong></span> <span class='ocrx_word' id='word_1_804' title='bbox 2930 4744 3014 4793; x_wconf 83' lang='lat' dir='ltr'><strong>est</strong></span> <span class='ocrx_word' id='word_1_805' title='bbox 3060 4735 3204 4792; x_wconf 81' lang='lat' dir='ltr'><strong>Deus</strong></span> <span class='ocrx_word' id='word_1_806' title='bbox 3235 4745 3290 4791; x_wconf 88' lang='lat' dir='ltr'><strong>et</strong></span> <span class='ocrx_word' id='word_1_807' title='bbox 3338 4735 3513 4792; x_wconf 77' lang='lat' dir='ltr'><strong>homo</strong></span> 
     </span>
    </p>
   </div>
   <div class='ocr_carea' id='block_1_107' title="bbox 1915 4825 3509 4907">
    <p class='ocr_par' dir='ltr' id='par_1_107' title="bbox 1915 4825 3509 4907">
     <span class='ocr_line' id='line_1_107' title="bbox 1915 4825 3509 4907; baseline -0.008 -17"><span class='ocrx_word' id='word_1_808' title='bbox 1915 4852 2024 4892; x_wconf 89' lang='lat' dir='ltr'><strong>una</strong></span> <span class='ocrx_word' id='word_1_809' title='bbox 2056 4834 2375 4907; x_wconf 86' lang='lat' dir='ltr'><strong>hypostasis</strong></span> <span class='ocrx_word' id='word_1_810' title='bbox 2421 4847 2489 4889; x_wconf 76' lang='lat' dir='ltr'><strong>ex</strong></span> <span class='ocrx_word' id='word_1_811' title='bbox 2516 4830 2810 4894; x_wconf 86' lang='lat' dir='ltr'><strong>Trinitate,</strong></span> <span class='ocrx_word' id='word_1_812' title='bbox 2853 4828 3065 4884; x_wconf 89' lang='lat' dir='ltr'><strong>habens</strong></span> <span class='ocrx_word' id='word_1_813' title='bbox 3094 4826 3358 4882; x_wconf 77' lang='lat' dir='ltr'><strong>naturam</strong></span> <span class='ocrx_word' id='word_1_814' title='bbox 3397 4825 3509 4879; x_wconf 51' lang='lat' dir='ltr'><strong>Pa-</strong></span> 
     </span>
    </p>
   </div>
   <div class='ocr_carea' id='block_1_108' title="bbox 1914 4919 3587 4995">
    <p class='ocr_par' dir='ltr' id='par_1_108' title="bbox 1914 4919 3587 4995">
     <span class='ocr_line' id='line_1_108' title="bbox 1914 4919 3587 4995; baseline -0.006 -12"><span class='ocrx_word' id='word_1_815' title='bbox 1914 4931 2015 4984; x_wconf 89' lang='lat' dir='ltr'><strong>tris</strong></span> <span class='ocrx_word' id='word_1_816' title='bbox 2042 4924 2122 4983; x_wconf 19' lang='lat' dir='ltr'><strong>et‘.</strong></span> <span class='ocrx_word' id='word_1_817' title='bbox 2162 4926 2406 4995; x_wconf 86' lang='lat' dir='ltr'><strong>Spiritus</strong></span> <span class='ocrx_word' id='word_1_818' title='bbox 2431 4926 2632 4991; x_wconf 88' lang='lat' dir='ltr'><strong>sancti,</strong></span> <span class='ocrx_word' id='word_1_819' title='bbox 2666 4932 2720 4980; x_wconf 87' lang='lat' dir='ltr'><strong>et</strong></span> <span class='ocrx_word' id='word_1_820' title='bbox 2752 4932 2998 4979; x_wconf 88' lang='lat' dir='ltr'><strong>nostram</strong></span> <span class='ocrx_word' id='word_1_821' title='bbox 3038 4930 3316 4983; x_wconf 84' lang='lat' dir='ltr'><strong>naturam,</strong></span> <span class='ocrx_word' id='word_1_822' title='bbox 3353 4919 3510 4975; x_wconf 66' lang='lat' dir='ltr'><strong>nulla</strong></span> <span class='ocrx_word' id='word_1_823' title='bbox 3583 4948 3587 4953; x_wconf 87' lang='grc'><strong>·</strong></span> 
     </span>
    </p>
   </div>
   <div class='ocr_carea' id='block_1_109' title="bbox 1914 5012 3617 5089">
    <p class='ocr_par' dir='ltr' id='par_1_109' title="bbox 1914 5012 3617 5089">
     <span class='ocr_line' id='line_1_109' title="bbox 1914 5012 3617 5089; baseline -0.006 -14"><span class='ocrx_word' id='word_1_824' title='bbox 1914 5020 1983 5089; x_wconf 83' lang='lat' dir='ltr'><strong>ad</strong></span> <span class='ocrx_word' id='word_1_825' title='bbox 2025 5019 2352 5080; x_wconf 76' lang='lat' dir='ltr'><strong>Trinitatem</strong></span> <span class='ocrx_word' id='word_1_826' title='bbox 2386 5017 2709 5077; x_wconf 83' lang='lat' dir='ltr'><strong>accessione</strong></span> <span class='ocrx_word' id='word_1_827' title='bbox 2761 5012 2930 5069; x_wconf 81' lang='lat' dir='ltr'><strong>facta.</strong></span> <span class='ocrx_word' id='word_1_828' title='bbox 2982 5012 3268 5083; x_wconf 87' lang='lat' dir='ltr'><strong>Siquidem</strong></span> <span class='ocrx_word' id='word_1_829' title='bbox 3304 5012 3514 5067; x_wconf 74' lang='lat' dir='ltr'><strong>veritas</strong></span> <span class='ocrx_word' id='word_1_830' title='bbox 3610 5060 3617 5071; x_wconf 88' lang='lat'><strong>,</strong></span> 
     </span>
    </p>
   </div>
   <div class='ocr_carea' id='block_1_110' title="bbox 1914 5104 3511 5182">
    <p class='ocr_par' dir='ltr' id='par_1_110' title="bbox 1914 5104 3511 5182">
     <span class='ocr_line' id='line_1_110' title="bbox 1914 5104 3511 5182; baseline -0.007 -15"><span class='ocrx_word' id='word_1_831' title='bbox 1914 5127 2106 5167; x_wconf 87' lang='lat' dir='ltr'><strong>eorum</strong></span> <span class='ocrx_word' id='word_1_832' title='bbox 2152 5125 2338 5182; x_wconf 63' lang='lat' dir='ltr'><strong>quaea</strong></span> <span class='ocrx_word' id='word_1_833' title='bbox 2370 5110 2532 5165; x_wconf 86' lang='lat' dir='ltr'><strong>nobis</strong></span> <span class='ocrx_word' id='word_1_834' title='bbox 2586 5109 2914 5171; x_wconf 82' lang='lat' dir='ltr'><strong>dictasunt,</strong></span> <span class='ocrx_word' id='word_1_835' title='bbox 2958 5106 3122 5176; x_wconf 87' lang='lat' dir='ltr'><strong>plane</strong></span> <span class='ocrx_word' id='word_1_836' title='bbox 3166 5105 3332 5163; x_wconf 65' lang='lat' dir='ltr'><strong>habet</strong></span> <span class='ocrx_word' id='word_1_837' title='bbox 3386 5104 3511 5159; x_wconf 78' lang='lat' dir='ltr'><strong>Tri-</strong></span> 
     </span>
    </p>
   </div>
   <div class='ocr_carea' id='block_1_111' title="bbox 1906 5197 3506 5271">
    <p class='ocr_par' dir='ltr' id='par_1_111' title="bbox 1906 5197 3506 5271">
     <span class='ocr_line' id='line_1_111' title="bbox 1906 5197 3506 5271; baseline -0.005 -13"><span class='ocrx_word' id='word_1_838' title='bbox 1906 5206 2280 5271; x_wconf 61' lang='lat' dir='ltr'><strong>nitatemmon</strong></span> <span class='ocrx_word' id='word_1_839' title='bbox 2315 5216 2439 5261; x_wconf 76' lang='lat' dir='ltr'><strong>esse</strong></span> <span class='ocrx_word' id='word_1_840' title='bbox 2470 5207 2714 5263; x_wconf 80' lang='lat' dir='ltr'><strong>auctam,</strong></span> <span class='ocrx_word' id='word_1_841' title='bbox 2751 5198 2889 5269; x_wconf 82' lang='lat' dir='ltr'><strong>quia</strong></span> <span class='ocrx_word' id='word_1_842' title='bbox 2908 5212 3039 5263; x_wconf 43' lang='lat' dir='ltr'><strong>non.</strong></span> <span class='ocrx_word' id='word_1_843' title='bbox 3069 5197 3309 5255; x_wconf 81' lang='lat' dir='ltr'><strong>dicimus</strong></span> <span class='ocrx_word' id='word_1_844' title='bbox 3341 5211 3506 5251; x_wconf 86' lang='lat' dir='ltr'><strong>unam</strong></span> 
     </span>
    </p>
   </div>
   <div class='ocr_carea' id='block_1_112' title="bbox 1919 5287 3510 5369">
    <p class='ocr_par' dir='ltr' id='par_1_112' title="bbox 1919 5287 3510 5369">
     <span class='ocr_line' id='line_1_112' title="bbox 1919 5287 3510 5369; baseline -0.007 -18"><span class='ocrx_word' id='word_1_845' title='bbox 1919 5295 2265 5369; x_wconf 76' lang='lat' dir='ltr'><strong>hypostasim</strong></span> <span class='ocrx_word' id='word_1_846' title='bbox 2295 5292 2470 5353; x_wconf 88' lang='lat' dir='ltr'><strong>Deum</strong></span> <span class='ocrx_word' id='word_1_847' title='bbox 2504 5308 2650 5357; x_wconf 71' lang='lat' dir='ltr'><strong>esse,</strong></span> <span class='ocrx_word' id='word_1_848' title='bbox 2697 5290 3022 5345; x_wconf 83' lang='lat' dir='ltr'><strong>aliamvcro</strong></span> <span class='ocrx_word' id='word_1_849' title='bbox 3055 5289 3369 5354; x_wconf 74' lang='lat' dir='ltr'><strong>Imminere;</strong></span> <span class='ocrx_word' id='word_1_850' title='bbox 3410 5287 3510 5342; x_wconf 61' lang='lat' dir='ltr'><strong>sed</strong></span> 
     </span>
    </p>
   </div>
   <div class='ocr_carea' id='block_1_113' title="bbox 1916 5376 3513 5460">
    <p class='ocr_par' dir='ltr' id='par_1_113' title="bbox 1916 5376 3513 5460">
     <span class='ocr_line' id='line_1_113' title="bbox 1916 5376 3513 5460; baseline -0.008 -18"><span class='ocrx_word' id='word_1_851' title='bbox 1916 5387 2275 5460; x_wconf 83' lang='lat' dir='ltr'><strong>hypostasim,</strong></span> <span class='ocrx_word' id='word_1_852' title='bbox 2317 5393 2551 5455; x_wconf 64' lang='lat' dir='ltr'><strong>quaeest</strong></span> <span class='ocrx_word' id='word_1_853' title='bbox 2582 5381 2750 5445; x_wconf 83' lang='lat' dir='ltr'><strong>Deus.</strong></span> <span class='ocrx_word' id='word_1_854' title='bbox 2784 5380 2927 5447; x_wconf 84' lang='lat' dir='ltr'><strong>hanc</strong></span> <span class='ocrx_word' id='word_1_855' title='bbox 2971 5380 3377 5443; x_wconf 24' lang='lat' dir='ltr'><strong>diciinus‘esse-</strong></span> <span class='ocrx_word' id='word_1_856' title='bbox 3414 5376 3513 5431; x_wconf 82' lang='lat' dir='ltr'><strong>ho-</strong></span> 
     </span>
    </p>
   </div>
   <div class='ocr_carea' id='block_1_114' title="bbox 1914 5467 3515 5546">
    <p class='ocr_par' dir='ltr' id='par_1_114' title="bbox 1914 5467 3515 5546">
     <span class='ocr_line' id='line_1_114' title="bbox 1914 5467 3515 5546; baseline -0.009 -12"><span class='ocrx_word' id='word_1_857' title='bbox 1914 5481 2154 5546; x_wconf 69' lang='lat' dir='ltr'><strong>minem,</strong></span> <span class='ocrx_word' id='word_1_858' title='bbox 2202 5494 2317 5534; x_wconf 85' lang='lat' dir='ltr'><strong>non</strong></span> <span class='ocrx_word' id='word_1_859' title='bbox 2337 5478 2526 5541; x_wconf 80' lang='lat' dir='ltr'><strong>aliam,</strong></span> <span class='ocrx_word' id='word_1_860' title='bbox 2558 5482 2614 5530; x_wconf 89' lang='lat' dir='ltr'><strong>et</strong></span> <span class='ocrx_word' id='word_1_861' title='bbox 2647 5474 2828 5539; x_wconf 78' lang='lat' dir='ltr'><strong>aliam.</strong></span> <span class='ocrx_word' id='word_1_862' title='bbox 2860 5470 3228 5546; x_wconf 72' lang='lat' dir='ltr'><strong>byppstasim.</strong></span> <span class='ocrx_word' id='word_1_863' title='bbox 3270 5467 3387 5523; x_wconf 84' lang='lat' dir='ltr'><strong>Non</strong></span> <span class='ocrx_word' id='word_1_864' title='bbox 3421 5474 3515 5524; x_wconf 82' lang='lat' dir='ltr'><strong>est</strong></span> 
     </span>
    </p>
   </div>
   <div class='ocr_carea' id='block_1_115' title="bbox 1912 5559 3506 5631">
    <p class='ocr_par' dir='ltr' id='par_1_115' title="bbox 1912 5559 3506 5631">
     <span class='ocr_line' id='line_1_115' title="bbox 1912 5559 3506 5631; baseline -0.009 -4"><span class='ocrx_word' id='word_1_865' title='bbox 1912 5580 2097 5628; x_wconf 82' lang='lat' dir='ltr'><strong>autem</strong></span> <span class='ocrx_word' id='word_1_866' title='bbox 2133 5587 2326 5627; x_wconf 88' lang='lat' dir='ltr'><strong>verum</strong></span> <span class='ocrx_word' id='word_1_867' title='bbox 2362 5569 2551 5624; x_wconf 88' lang='lat' dir='ltr'><strong>dicere</strong></span> <span class='ocrx_word' id='word_1_868' title='bbox 2604 5565 2892 5621; x_wconf 89' lang='lat' dir='ltr'><strong>Christum</strong></span> <span class='ocrx_word' id='word_1_869' title='bbox 2941 5578 3063 5620; x_wconf 82' lang='lat' dir='ltr'><strong>esse</strong></span> <span class='ocrx_word' id='word_1_870' title='bbox 3114 5575 3281 5617; x_wconf 91' lang='lat' dir='ltr'><strong>unam</strong></span> <span class='ocrx_word' id='word_1_871' title='bbox 3331 5559 3506 5631; x_wconf 83' lang='lat' dir='ltr'><strong>hypo-</strong></span> 
     </span>
    </p>
   </div>
   <div class='ocr_carea' id='block_1_116' title="bbox 1913 5658 3514 5738">
    <p class='ocr_par' dir='ltr' id='par_1_116' title="bbox 1913 5658 3514 5738">
     <span class='ocr_line' id='line_1_116' title="bbox 1913 5658 3514 5738; baseline -0.011 -14"><span class='ocrx_word' id='word_1_872' title='bbox 1913 5668 2133 5735; x_wconf 80' lang='lat' dir='ltr'><strong>stasim,</strong></span> <span class='ocrx_word' id='word_1_873' title='bbox 2156 5675 2212 5725; x_wconf 89' lang='lat' dir='ltr'><strong>et</strong></span> <span class='ocrx_word' id='word_1_874' title='bbox 2236 5673 2528 5738; x_wconf 86' lang='lat' dir='ltr'><strong>propterea</strong></span> <span class='ocrx_word' id='word_1_875' title='bbox 2559 5676 2672 5720; x_wconf 86' lang='lat' dir='ltr'><strong>non</strong></span> <span class='ocrx_word' id='word_1_876' title='bbox 2696 5659 2899 5718; x_wconf 84' lang='lat' dir='ltr'><strong>debere</strong></span> <span class='ocrx_word' id='word_1_877' title='bbox 2924 5658 3033 5716; x_wconf 87' lang='lat' dir='ltr'><strong>nisi</strong></span> <span class='ocrx_word' id='word_1_878' title='bbox 3060 5671 3226 5713; x_wconf 88' lang='lat' dir='ltr'><strong>unam</strong></span> <span class='ocrx_word' id='word_1_879' title='bbox 3250 5666 3514 5710; x_wconf 78' lang='lat' dir='ltr'><strong>naturam.-</strong></span> 
     </span>
    </p>
   </div>
   <div class='ocr_carea' id='block_1_117' title="bbox 278 5838 1952 5920">
    <p class='ocr_par' dir='ltr' id='par_1_117' title="bbox 278 5838 1952 5920">
     <span class='ocr_line' id='line_1_117' title="bbox 278 5838 1952 5920; baseline 0.002 -23"><span class='ocrx_word' id='word_1_880' title='bbox 278 5839 302 5881; x_wconf 74' lang='grc' dir='ltr'><strong>ί</strong></span> <span class='ocrx_word' id='word_1_881' title='bbox 330 5838 535 5897; x_wconf 77' lang='lat' dir='ltr'><strong>Matth.</strong></span> <span class='ocrx_word' id='word_1_882' title='bbox 567 5856 682 5913; x_wconf 58' lang='grc' dir='ltr'>ιιι,</span> <span class='ocrx_word' id='word_1_883' title='bbox 715 5843 800 5898; x_wconf 75' lang='lat' dir='ltr'><strong>i8.</strong></span> <span class='ocrx_word' id='word_1_884' title='bbox 882 5844 940 5920; x_wconf 70' lang='lat' dir='ltr'><strong>f&#39;_</strong></span> <span class='ocrx_word' id='word_1_885' title='bbox 967 5844 1102 5900; x_wconf 86' lang='lat' dir='ltr'><strong>ibid.</strong></span> <span class='ocrx_word' id='word_1_886' title='bbox 1143 5842 1232 5900; x_wconf 79' lang='lat' dir='ltr'><strong>l6.</strong></span> <span class='ocrx_word' id='word_1_887' title='bbox 1314 5846 1343 5886; x_wconf 73' lang='grc' dir='ltr'><strong>ε</strong></span> <span class='ocrx_word' id='word_1_888' title='bbox 1369 5842 1520 5902; x_wconf 82' lang='lat' dir='ltr'><strong>Psal.</strong></span> <span class='ocrx_word' id='word_1_889' title='bbox 1556 5861 1703 5912; x_wconf 68' lang='grc' dir='ltr'>κων,</span> <span class='ocrx_word' id='word_1_890' title='bbox 1739 5844 1828 5911; x_wconf 79' lang='grc' dir='ltr'>Η,</span> <span class='ocrx_word' id='word_1_891' title='bbox 1862 5843 1952 5901; x_wconf 72' lang='grc' dir='ltr'>ιε.</span> 
     </span>
    </p>
   </div>
  </div>
