4000 6456
544 339 678 403 iiii)?

1776 312 2188 379 ’TIIEODORI
2221 309 2592 373 ABUCARAE

3668 304 3776 371 1508

544 456 786 517 habere;
809 438 939 517 quia
971 444 1220 509 omnino,
1253 441 1298 497 si
1335 454 1443 495 non
1477 436 1675 493 habeat
1708 434 1814 489 nisi
1844 446 2012 486 unam
2039 444 2135 482 na-

2267 428 2352 479 it’nt
2375 424 2574 494 ἀληθὲς
2594 421 2652 475 δὲ
2682 418 2846 491 φάναι
2868 419 2948 485 τὸ,
2989 418 3077 474 τὸν
3107 418 3347 491 Χριστὸν
3373 410 3511 471 εἷναι
3536 420 3649 489 μίαν
3677 424 3783 478 ὑπὸ.

543 555 754 609 turam,
787 551 1048 611 sequetur
1102 546 1162 593 ut
1203 535 1494 590 dicendum
1552 531 1623 587 sit
1661 530 1803 584 hanc
1842 540 2009 581 unam
2040 538 2138 578 na-

548 648 728 691 turam
762 635 845 689 vel
882 647 1005 687 esse
1039 630 1281 684 divinam
1318 640 1515 696 puram
1539 665 1553 690 ,
1596 624 1680 677 vel
1716 622 2017 675 humanam
2047 631 2142 684 pu-

542 745 691 789 ram,
727 728 810 781 vel
851 725 1096 779 divinam
1136 730 1189 775 et
1251 721 1549 774 humanam
1601 714 1803 779 simul,
1842 712 1930 767 vel
1961 725 2141 780 neque

542 812 793 872 divinam
834 830 934 868 nec.
958 815 1280 867 humanam.

623 910 683 965 Si
715 908 860 962 enim
890 914 974 961 est
1002 906 1118 959 haec
1153 919 1260 957 una
1299 908 1497 956 natura
1538 913 1674 970 pure
1721 896 1934 964 divina,
1980 894 2163 949 Chri-'

549 1010 671 1057 stus
709 1003 876 1072 igitur
910 1000 1053 1054 Deus
1086 1006 1190 1063 est,
1224 1006 1278 1051 et
1337 1011 1449 1049 non
1511 995 1703 1048 homo.
1752 992 1851 1047 Sin
1888 1005 2023 1044 vero
2055 996 2141 1043 est

542 1107 689 1164 pure
740 1092 1000 1153 humana,
1035 1088 1292 1143 Christus
1331 1085 1499 1155 igitur
1557 1091 1644 1137 est
1685 1082 1870 1145 homo,
1926 1089 1980 1132 et
2028 1092 2139 1131 non

554 1186 723 1239 Deus.
759 1184 814 1237 Si
850 1191 1031 1236 autem
1065 1190 1149 1235 est
1182 1180 1298 1233 lucc
1341 1193 1445 1231 una
1494 1184 1691 1231 natura
1748 1174 1935 1228 divina
1977 1170 2139 1225 simul

552 1292 609 1333 et
673 1279 947 1343 humana,
1013 1290 1143 1344 ergo
1201 1289 1380 1341 neque
1410 1271 1616 1335 Patris,
1664 1282 1842 1337 neque
1898 1264 2143 1336 Spiritus

552 1370 759 1434 sancti,
819 1383 917 1423 nec
968 1366 1257 1420 hominum
1306 1375 1503 1417 natura
1554 1370 1659 1426 est,
1707 1367 1760 1415 et
1800 1376 1866 1413 ex
1913 1367 2145 1426 utraque

552 1472 713 1530 parte
753 1444 969 1514 crimen
1002 1457 1361 1528 blasphemiae
1395 1456 1648 1509 inuretur
1680 1453 1759 1506 sic
1787 1450 2064 1513 sentienti,
2090 1458 2145 1504 et

556 1569 587 1605 a
614 1567 747 1607 sana
781 1558 981 1604 natura
1012 1550 1238 1602 excedet
1265 1565 1276 1600 :
1321 1547 1406 1600 sin
1432 1555 1613 1599 autem
1654 1551 1738 1597 est
1766 1542 1880 1596 hmc
1911 1556 2016 1593 una
2046 1553 2146 1592 ua-

552 1653 682 1696 lura
711 1656 887 1710 neque
921 1640 1108 1693 divina
1140 1653 1320 1707 neque
1361 1640 1626 1701 humana,
1668 1634 1837 1703 igitur
1888 1633 2145 1686 Christus

554 1750 741 1803 neque
798 1733 945 1787 Deus
988 1748 1166 1800 neque
1213 1732 1376 1784 homo
1428 1737 1531 1784 est.
1588 1726 1773 1792 Quare
1815 1737 2148 1795 quocunque

2241 534 2459 581 στασιν,
2488 516 2578 570 διὰ
2610 513 2774 567 τοῦτο
2804 512 2917 566 δεῖν
2951 513 3028 582 μὴ
3058 511 3206 582 ἔχειν
3255 512 3304 565 ει
3364 512 3441 581 μὴ
3483 512 3603 581 μίαν
3628 515 3784 581 φύσιν·

2241 611 2363 663 ἐπεὶ
2403 610 2621 672 πάντως
2648 606 2840 677 ἕψεται
2862 605 3069 676 ταύτην
3099 605 3198 675 τὴν
3226 605 3357 673 μίαν
3393 605 3565 658 εἰπεῖν
3589 605 3791 681 φύσιηῆ

2243 702 2395 755 θείαν
2420 700 2683 770 ἄκρατον,
2715 698 2747 769 ἢ
2776 697 3129 767 ἀνθρωπίνην
3166 698 3412 768 ἄκρατον
3435 736 3452 759 ,
3484 697 3519 765 ἢ
3552 697 3687 752 θείαν
3721 704 3795 756 καὶ

2243 794 2593 867 ἀνθρωπίνην
2618 795 2647 847 ἆ
2659 804 2758 863 μα,
2783 792 2814 861 ἢ
2850 792 2995 863 μήτε
3028 790 3205 854 θείαν,
3234 792 3376 862 μήτε
3403 790 3743 863 ἀνθρωπίνην.

2315 888 2381 942 Εἰ
2430 888 2530 960 μὲν
2577 888 2689 959 γάρ
2742 887 2891 940 ἐστιν
2928 888 2960 957 ὴ
2996 887 3096 956 μία
3148 885 3313 955 φύσις
3352 882 3495 954 αῦτη
3530 884 3640 937 θεία
3666 887 3801 957 ἀκρα-

2244 999 2337 1046 τος
2366 984 2433 1047 ’⁷,
2460 986 2487 1036 ὁ
2514 982 2749 1053 Χριστὸς
2785 982 2893 1052 ἀρα
2930 980 3219 1051 ἄνθρωπος
3239 1020 3254 1045 ,
3287 979 3387 1032 καὶ
3426 979 3489 1032 οὐ
3523 978 3667 1043 Θεός.
3687 980 3739 1034 Εἰ
3761 982 3801 1035 δέ

2246 1077 2392 1128 ἐστιν
2426 1076 2457 1144 ἡ
2494 1075 2590 1144 μία
2620 1073 2781 1144 φύσις
2809 1072 2973 1143 αὕτη,
3033 1071 3157 1125 θεία
3202 1071 3303 1125 καὶ
3350 1070 3675 1142 ἀνθρωπίνη
3697 1073 3803 1142 ἃμα,

2245 1165 2372 1221 οὕτε
2401 1168 2494 1221 τοῦ
2522 1167 2678 1236 ἁγίου
2709 1166 3054 1237 Πνεύματος,
3085 1166 3210 1219 οὔτε
3247 1165 3356 1237 μὴν
3407 1164 3521 1219 τῶν
3553 1164 3805 1236 ἀνθρώπω

2248 1260 2357 1332 ἄρα
2386 1259 2546 1330 φύσις
2582 1259 2752 1324 ἐστὶν,
2781 1260 2880 1312 καὶ
2915 1258 3313 1330 ἀμφοτέρωθεν
3366 1256 3712 1327 βλασφημίας
3750 1259 3806 1326 ετ-

2250 1355 2439 1423 κ).ημα
2462 1353 2539 1424 τῷ
2561 1353 2711 1407 τουτὶ
2747 1351 3038 1425 φρονοῦντι
3071 1351 3554 1423 προστριὸήσεται
3574 1389 3589 1415 ,
3633 1351 3717 1405 καὶ
3738 1351 3805 1420 τῆς

2251 1448 2539 1519 ἐρωμένης
2574 1447 2791 1516 φύσεως
2822 1448 3175 1518 ὲκστήσεται.
3208 1447 3271 1499 Εἰ
3301 1445 3364 1498 δέ
3387 1446 3593 1513 ἐστινὴ
3628 1445 3715 1513 μία
3741 1445 3803 1513 σί·

2255 1562 2341 1608 σις
2374 1544 2537 1614 αὕτη,
2568 1543 2695 1597 οὔτε
2719 1543 2862 1608 θεία,
2889 1542 3015 1596 οὔτε
3043 1542 3396 1614 ἀνθρωπίνη,
3417 1542 3447 1593 ὁ
3476 1540 3702 1611 Χριστὸς
3720 1541 3805 1616 ἄρα,

2256 1635 2381 1691 οὔτε
2436 1637 2592 1699 Θεὸς,
2631 1636 2755 1689 οὔτε
2811 1634 3122 1705 ἅνθρωπος.
3183 1634 3366 1704 Ὅπου
3400 1630 3687 1702 τοιγαροῦν
3724 1635 3808 1694 τοὶς

2258 1732 2456 1799 λόγους
2490 1730 2974 1801 περιστρέφωμεν,
3011 1732 3090 1792 εἰς
3111 1727 3172 1780 τδ
3195 1727 3384 1797 λέγειν
3406 1725 3738 1796 ἀπαγόμεθα,
3755 1726 3807 1779 ὅτι

562 1840 870 1881 sermonem
901 1826 1423 1884 circumvertamus,
1453 1837 1517 1874 eo
1542 1819 1874 1873 adducimur
1920 1824 1978 1871 ut
2004 1816 2153 1870 dica—

2267 1830 2286 1881 5
2319 1822 2575 1898 Χριστὸς,
2613 1824 2711 1895 μία
2733 1824 3031 1886 ὑπόστασις
3053 1823 3119 1875 ὲκ
3146 1823 3245 1890 τῆς
3282 1819 3546 1889 Τριάδος,
3573 1817 3809 1886 Moerim;

562 1935 687 1974 mus
720 1919 1002 1972 Christum
1037 1931 1161 1970 esse
1213 1930 1377 1967 unam
1421 1913 1763 1984 hypostasim
1796 1919 2000 1964 sanctae
2030 1909 2155 1963 Tri-

563 2012 752 2065 nitatis
788 2020 1015 2063 naturas
1044 2010 1184 2061 duas
1225 2007 1542 2069 habentem,
1578 2005 1822 2057 divinam
1863 2002 2068 2056 scilicet
2100 2007 2155 2054 ct

565 2105 883 2157 humanam.
936 2100 1001 2153 Et
1034 2103 1103 2154 ob
1139 2099 1281 2153 hanc
1316 2111 1539 2151 causam
1597 2096 1651 2148 in
1699 2109 1764 2147 eo
1808 2091 1970 2147 simul
2023 2106 2159 2145 con-

559 2202 858 2249 currerunt
914 2193 1135 2260 utrique
1194 2205 1516 2253 sermones,
1570 2190 1633 2242 cf
1700 2187 1871 2256 ipsius
1922 2182 2154 2248 Christi,

560 2297 689 2335 eum
719 2283 861 2335 dixit
891 2296 951 2334 se
989 2296 1112 2333 esse
1160 2277 1360 2331 Filium
1402 2277 1678 2341 hominis;
1736 2284 1790 2330 et
1824 2274 1997 2337 Petri,
2031 2288 2156 2327 cum

563 2372 747 2441 ipsum
786 2371 928 2425 dixit
959 2387 1080 2425 esse
1112 2370 1315 2423 Filium
1351 2369 1445 2423 Dei
1480 2368 1613 2421 vivi.
1665 2367 1769 2432 Qui
1808 2381 1956 2420 vero
2001 2364 2156 2428 dicit,

562 2466 847 2521 Christum
900 2478 1027 2517 esse
1068 2462 1207 2516 duas
1251 2461 1601 2531 liypOstases,
1655 2457 1882 2512 Petrum
1935 2456 2161 2511 Christo

564 2556 993 2627 respondentem
1034 2554 1167 2607 facit
1222 2557 1562 2621 rCSponilere
1608 2550 1892 2613 ἀσκόπως,
1945 2549 2000 2603 id
2051 2560 2160 2612 est,

567 2658 725 2702 extra
763 2648 1132 2716 propositum,
1188 2644 1257 2699 de
1305 2659 1415 2714 quo
1454 2642 1713 2698 Christus
1763 2658 1869 2696 non
1907 2649 1992 2696 est
2038 2657 2164 2711 per-

569 2748 850 2795 contatus.
918 2739 1012 2793 Ille
1050 2739 1197 2791 enim
1263 2744 1623 2806 percontatus
1668 2744 1753 2789 est
1782 2735 1849 2790 de
1887 2733 2025 2787 Filio
2068 2732 2165 2786 lio-

573 2837 778 2898 minis;
806 2832 1003 2885 Petrus
1032 2841 1214 2885 autem
1263 2832 1466 2899 ipsum,
1512 2844 1612 2897 per
1654 2842 1817 2897 quem
1858 2829 2004 2880 facta
2047 2834 2166 2880 erat

571 2928 938 2996 percontatio,
997 2925 1158 2994 373
1200 2923 1480 2992 respondit
1513 2938 1637 2977 esse
1685 2920 1885 2974 Filium
1924 2920 2045 2974 Dei.
2105 2918 2163 2974 Si

572 3020 742 3090 igitur
771 3020 1089 3090 hypostasis
1138 3032 1258 3086 qua:
1284 3028 1367 3069 est
1410 3014 1584 3069 Filius
1618 3015 1858 3069 hominis
1901 3014 2010 3068 alia
2062 3011 2166 3067 fuit

566 3123 770 3181 praeter
811 3112 1151 3183 liypostasim
1200 3125 1325 3179 qum
1364 3115 1450 3163 est
1517 3100 1687 3161 Filius
1723 3107 1840 3172 Dei,
1890 3108 2167 3161 aberravit

2262 1920 2424 1992 ἔχων,
2464 1921 2629 1989 φύσιν
2662 1936 2724 1972 τε
2788 1918 2941 1971 θείαν
2992 1917 3089 1971 καὶ
3147 1914 3311 1983 φύσιν
3347 1912 3710 1983 ἀνθρωπίνην,
3749 1911 3810 1964 καί

2262 2013 2456 2067 τούτου
2482 2014 2644 2083 χάριν
2674 2012 2761 2067 ἐπ’
2792 2010 2957 2063 αὑτοῦ
3002 2008 3265 2079 συνῆλθον
3309 2005 3456 2077 ὁμοῦ
3492 2004 3810 2076 ἀμφότεροιοί

2263 2103 2417 2171 λόγοι
2443 2101 2611 2155 αὑτοῦ
2632 2102 2699 2154 τὰ
2733 2117 2799 2154 πε
2810 2099 2866 2172 pl.
2890 2099 3087 2154 ἑαυτοῦ
3105 2097 3428 2169 εἰρηκότος,
3466 2093 3604 2148 εἶναι
3630 2095 3708 2146 τὸν
3726 2093 3811 2145 Tali

2264 2196 2361 2248 τοῦ
2396 2193 2712 2263 ἀνθρώπου,
2750 2192 2846 2246 κα)⁸
2872 2191 2967 2245 τοῦ
2990 2190 3201 2260 Πέτρου
3235 2190 3368 2258 περὶ
3391 2186 3584 2253 αὑτοῦ,
3612 2187 3687 2239 ὅτι
3705 2179 3812 2245 οὗτός

2267 2287 2414 2338 ἐστιν
2444 2287 2473 2338 ὁ
2520 2284 2648 2347 Υἱὸς
2686 2283 2781 2337 τοῦ
2822 2282 2957 2336 Θεοῦ
2990 2281 3085 2336 τοῦ
3133 2280 3363 2345 ζῶντος.
3404 2278 3465 2332 Ὀ
3500 2278 3560 2330 δὲ
3584 2276 3735 2343 λέγων
3754 2273 3813 2325 τὸν

2264 2376 2503 2448 Χριστὸν
2562 2375 2891 2437 ὑποστάσεις
2945 2368 3247 2436 εἷναιδύο,
3307 2368 3403 2422 τὸν
3460 2366 3616 2433 ἅγιον
3661 2363 3813 2430 Πέτρσν

2267 2465 2703 2535 ἀποκρινόμενον
2737 2464 2814 2534 τῷ
2839 2461 3064 2534 Χριστῷ
3092 2460 3435 2530 καθίστησιν
3464 2456 3710 2516 ἀσκόπως
3728 2454 3816 2505 ἁπο-

2268 2558 2573 2629 κρίνεσθαι.
2610 2558 2737 2629 περὶ
2778 2549 2839 2610 οῦ
2871 2555 3165 2627 όΧριστὸς
3197 2555 3300 2607 οὐκ
3326 2551 3642 2623 ἠρώτησεν.
3674 2550 3722 2600 ’0
3749 2546 3813 2614 μὲν

2271 2652 2379 2721 γὰρ
2408 2650 2663 2721 ἠρώτησε
2716 2650 2847 2721 περὶ
2880 2648 2975 2701 τοῦ
3030 2647 3163 2701 Υἱοῦ
3198 2646 3296 2699 τοῦ
3353 2640 3670 2713 ἀνθρώπου,
3700 2640 3816 2707 ἑτέρα

2273 2744 2582 2812 καθέστηκε
2615 2743 2769 2815 παρὰ
2812 2743 2911 2813 τὴν
2947 2741 3249 2795 ὑπόστασιν
3274 2779 3289 2803 ,
3319 2739 3451 2808 ἥτις
3507 2735 3651 2789 ἐστὶν
3681 2731 3817 2792 ὁΥἱδς

2272 2837 2365 2890 τοῦ
2421 2837 2580 2904 Θεοῦ,
2632 2835 2997 2906 ἀπεπλανήθη
3053 2835 3152 2904 τῆς
3182 2833 3577 2902 κατανοήσεως
3603 2830 3629 2880 ό
3656 2825 3817 2894 Πέτρον

2273 2928 2399 2993 νοῦς
2420 2947 2434 2960 ⁶
2474 2929 2571 2982 καὶ
2618 2928 2843 2997 γέγονεν
2878 2926 3042 2982 αὐτοῦ
3092 2929 3126 2997 ἡ
3156 2926 3481 2997 ἀπόκρισις,
3513 2921 3647 2990 ὑπὲρ
3674 2911 3727 2972 οὗ
3747 2917 3818 2969 οὒκ

2274 3021 2577 3093 ἠρώτηται,
2630 3022 2705 3085 ὡς
2736 3022 2950 3093 ἔφημεν
2990 3020 3264 3083 εἰπόντες.
3310 3019 3377 3071 Et
3418 3017 3478 3070 δὲ
3515 3013 3664 3068 τοῦτο
3690 3010 3818 3070 οὕτως

2274 3107 2342 3181 ἦν
2383 3112 2578 3181 (ἵλεως
2604 3114 2632 3164 ό
2657 3113 2843 3182 Θεὸς),
2876 3113 2978 3165 οὐκ
3006 3110 3071 3165 ἂν
3110 3112 3138 3164 ὁ
3162 3108 3375 3180 Κύριος
3414 3106 3671 3177 ἐπῄνεσεν
3694 3095 3817 3154 αὐτιῦ

566 3204 640 3259 ab
667 3180 1025 3271 intelligentia
1061 3218 1215 3279 mens
1257 3201 1444 3267 Petri;
1498 3209 1554 3255 ct
1580 3199 1889 3268 respondit,
1937 3199 2005 3253 de
2052 3216 2162 3269 quo

2268 3207 2358 3259 τὸν
2393 3205 2584 3273 λόγον·
2615 3204 2726 3258 οὔτ’
2765 3205 2830 3258 ἂν
2880 3204 3223 3275 ὲμακάρισεν
3260 3202 3431 3257 αὑτὸν
3477 3200 3575 3270 τῆς
3612 3193 3816 3265 ἀμειῦἦςν

570 3309 684 3350 non
718 3298 819 3348 t'nit
842 3296 1250 3364 interrogatus,-
1277 3302 1336 3347 ut
1368 3294 1521 3363 prius
1547 3292 1813 3346 diximus.
1860 3291 1920 3345 Si
1954 3293 2033 3347 sic
2064 3307 2164 3347 au-

2272 3301 2336 3369 τῇ
2369 3301 2432 3351 ἐκ
2454 3299 2548 3351 τοῦ
2573 3300 2790 3371 [ἰατρὸς
2818 3298 3168 3368 ἀποκαλύψει
3195 3298 3369 3367 αὐτὴν
3398 3292 3813 3364 ἐπιγραψάμενος.

572 3400 682 3444 tem
722 3398 873 3444 esset
918 3388 1215 3457 (prepitius
1257 3389 1330 3441 sit
1359 3386 1494 3440 mihi
1563 3385 1754 3455 Deus),
1788 3401 2077 3453 nunquam
2158 3385 2424 3446 Dominus
2473 3407 2785 3446 sermonem
2839 3393 2963 3461 ejus
3019 3390 3350 3446 laudasset:
3426 3403 3605 3458 neque
3650 3386 3814 3440 beatum

573 3499 699 3539 eum
760 3482 1111 3552 praedicasset
1147 3491 1372 3551 propter
1421 3482 1865 3552 responsionem,
1899 3497 2062 3550 quam
2092 3481 2161 3534 ad
2202 3487 2595 3541 revelationcm
2635 3501 2665 3539 a
2708 3486 2870 3539 Patre
2907 3484 3214 3556 profectam
3263 3484 3486 3537 retulit.

644 3572 818 3642 igitur
874 3572 1246 3627 confessionis
1316 3572 1438 3626 fidei
1504 3575 1558 3625 in
1612 3572 1900 3626 Christum
1971 3588 2162 3625 verum

2350 3577 2560 3630 Οὐκοῦν
2598 3577 2656 3629 τὸ
2688 3576 2785 3645 τῆς
2819 3576 2902 3639 εἰς
2963 3575 3199 3642 Χριστὸν
3252 3574 3559 3644 ὁμολογίας
3615 3566 3814 3638 ἀληθινὸν

574 3667 776 3738 dogma
808 3675 911 3728 est,
954 3665 1104 3735 quod
1147 3666 1401 3719 definitio
1450 3665 1652 3720 divina:
1700 3676 2019 3720 sanctorum
2060 3662 2169 3718 l‘a-

576 3770 724 3815 trum
762 3758 955 3830 synodi
1009 3758 1482 3812 Chalcedonensis
1517 3768 1667 3812 recte
1709 3766 1932 3820 tractat,
1981 3757 2173 3811 decer-

577 3868 716 3906 nens
747 3852 1034 3905 Christum
1069 3866 1193 3904 esse
1222 3866 1385 3903 unam
1436 3851 1777 3921 hypostasim
1810 3861 2016 3904 sancta;
2046 3851 2173 3904 Tri-

578 3945 770 3998 nitatis
804 3941 941 3996 duas
976 3952 1206 3995 naturas
1246 3943 1538 3997 habentem
1564 3981 1579 4007 ,
1612 3944 1857 3997 divinam
1888 3952 1941 3998 et
1971 3944 2173 3998 huma-

577 4053 729 4101 nam,
762 4036 954 4103 utjam
979 4044 1110 4090 ante
1136 4036 1396 4091 diximus.
1438 4037 1629 4106 Sitque
1668 4038 1830 4108 hujus
1861 4038 2175 4107 exemplum

580 4126 932 4197 perspicuum
968 4143 981 4179 :
1018 4141 1290 4196 ponamus
1329 4136 1440 4182 tres
1482 4144 1684 4184 aureos
1708 4168 1723 4191 ,
1756 4145 1993 4199 quorum
2032 4144 2176 4183 unus

578 4219 819 4289 injectus
864 4220 918 4273 in
955 4219 1136 4288 ignem
1187 4220 1313 4290 igne
1355 4221 1586 4277 affectus
1638 4220 1820 4277 factus
1869 4231 1954 4277 est
2007 4222 2179 4292 ignis,

580 4326 878 4367 remanens
928 4327 1153 4375 aurum,
1200 4320 1261 4366 ut
1295 4321 1414 4367 erat
1458 4331 1473 4369 :
1511 4323 1568 4368 tu
1606 4330 1740 4384 ergo
1782 4316 1826 4368 si
1865 4315 2008 4370 alios
2039 4313 2181 4370 duos

577 4420 782 4459 aureos
804 4420 1068 4474 seponas,
1092 4413 1148 4459 et
1170 4422 1413 4477 seponas
1439 4409 1641 4463 multos
1666 4410 2177 4479 carbonesigneos,

2278 3668 2477 3739 δεγμα,
2514 3671 2542 3722 ό
2574 3669 2674 3739 τῆς
2705 3670 2763 3721 ἐν
2798 3668 3108 3738 Χαλκηδόνι
3139 3665 3661 3738 συγκεκροτημένης
3708 3660 3812 3719 θείας

2282 3762 2503 3814 συνόδου
2529 3761 2638 3814 τῶν
2681 3761 2855 3829 ἁγίων
2913 3759 3173 3829 Πατέρων
3220 3760 3347 3830 ὄρος
3398 3757 3698 3830 ὀρθοτομεῖ.
3752 3750 3813 3802 τὸν

2278 3851 2513 3920 Χριστὸν
2562 3849 2762 3920 ὁρίζων
2814 3850 2944 3920 μίαν
2975 3850 3278 3903 ὑπόστασιν
3305 3852 3373 3902 ὲκ
3401 3850 3503 3917 τῆς
3533 3845 3736 3917 Τριάδος
3759 3835 3811 3893 εἷ’

2277 3957 2386 4001 ναι,
2422 3939 2515 3992 δύο
2553 3940 2747 4008 φύσεις
2801 3941 3016 4010 ἔχοντα,
3056 3941 3220 4009 φύσιν
3269 3939 3426 3993 θείαν
3462 3938 3555 3993 καὶ
3595 3934 3813 4005 etimit:-

2280 4034 2586 4105 Θρωπίνην,
2632 4034 2708 4096 ὡς
2736 4034 2836 4105 ἤδη
2898 4033 3254 4104 προείπομεν.
3294 4034 3411 4087 Καὶ
3471 4032 3635 4101 σαφὲς
3668 4026 3812 4081 τοῦτον

2282 4126 2678 4199 παράδειγμα·
2716 4126 3147 4198 Προκείσθωσαν
3203 4125 3461 4196 χρύσινοι
3509 4127 3671 4196 τρεῖς,
3718 4116 3813 4174 ὧνὸ

2279 4208 2361 4283 εἷς
2389 4219 2689 4291 ἐμϐληθεὶς
2737 4219 2894 4290 πυρὶ,
2947 4220 3043 4273 καὶ
3094 4218 3396 4291 πυρωθεὶς,
3458 4218 3665 4288 ἐγένετο
3716 4212 3809 4281 πῦρ.

2283 4311 2612 4384 μεμενηκὼς
2636 4310 2855 4381 χρυσὸς.
2880 4304 2993 4374 οἷος
3012 4306 3080 4381 ἦν
3105 4325 3117 4338 ⁸
3153 4312 3219 4364 σὺ
3249 4309 3343 4364 οὖν
3371 4312 3421 4364 εί
3448 4310 3600 4378 θείης
3627 4310 3679 4359 ἐν
3696 4305 3810 4374 μέρει

2288 4404 2385 4472 μὲν
2414 4403 2540 4475 τοὺς
2571 4401 2764 4465 ἄλλους
2795 4402 2890 4454 δύο
2917 4401 3229 4472 χρυσίνους,
3265 4403 3323 4454 ἐν
3359 4402 3519 4471 μέρει
3554 4399 3606 4452 δὲ
3634 4384 3810 4454 πολλοζς

577 4497 776 4551 deinde
801 4513 1026 4551 aureum
1066 4497 1272 4552 factum
1310 4502 1490 4569 ignem
1541 4502 1687 4555 inter
1730 4503 1870 4556 alios
1907 4502 2051 4556 duos
2084 4517 2162 4555 au!

2283 4495 2564 4568 ἄνθρακας
2611 4496 2896 4565 πυρίνους,
2960 4492 3081 4548 εἶτα
3122 4494 3215 4548 τὸν
3269 4495 3532 4565 χρύσινον
3559 4493 3644 4546 τὸν
3673 4504 3806 4558 πυρω-

578 4604 704 4640 reos
733 4604 746 4640 :
782 4597 837 4641 et
877 4590 1150 4643 carbones
1182 4590 1372 4645 videas
1402 4591 1608 4645 habere
1651 4600 1905 4646 naturam
1937 4592 2175 4645 aliorum

579 4678 815 4732 duorum
850 4694 1145 4733 aureorum
1175 4681 1576 4750 perfecturum,
1612 4682 1665 4736 id
1701 4692 1807 4749 est,
1852 4684 1944 4753 qui
1983 4686 2054 4738 sit
2079 4699 2178 4737 au-

579 4785 728 4833 rum,
762 4770 905 4833 sicut
956 4780 1193 4840 uterque
1227 4772 1447 4825 illorum
1492 4772 1730 4827 duorum
1777 4791 2099 4837 aureorum,
2125 4784 2178 4828 et

580 4868 839 4912 naturain
876 4862 1181 4915 carbonum
1214 4863 1525 4931 igneorum,
1562 4865 1689 4941 quia
1723 4866 1867 4936 ignis
1892 4874 1999 4928 est,
2033 4865 2177 4919 sicut

578 4950 965 5019 unusquisque
999 4953 1234 5005 aliorum
1273 4955 1603 5018 carbonum,
1632 4957 1724 5011 ille
1763 4961 1819 5009 in
1857 4955 2041 5010 medio
2073 4971 2176 5008 au-

582 5054 710 5093 reus
746 5055 854 5093 una
893 5042 1209 5112 hypostasis
1245 5051 1327 5098 est
1365 5058 1662 5099 aureorum
1698 5044 2016 5110 Trinitatis,
2043 5046 2175 5114 quia

578 5140 832 5185 naturam
891 5134 1217 5198 carbonum,
1270 5152 1391 5206 quze
1443 5146 1564 5192 erat
1618 5139 1781 5207 ignis,
1842 5153 1951 5193 non
2004 5154 2173 5191 unum

581 5224 876 5279 carbonem
915 5239 981 5278 ex
1009 5226 1119 5281 illis
1171 5229 1501 5298 assumpsit,
1549 5232 1643 5285 sed
1691 5230 1869 5285 factus
1907 5238 1992 5286 est
2032 5230 2177 5285 sicut

582 5333 725 5372 unus
772 5333 838 5371 ex
893 5319 1000 5373 illis
1069 5320 1427 5377 carbonibus.
1485 5323 1566 5377 Ad
1627 5322 1883 5378 eumdem
1948 5323 2172 5377 modum

578 5418 823 5465 maternus
859 5410 1032 5465 Filius
1065 5428 1094 5467 e
1124 5416 1265 5470 cmlo
1283 5417 1996 5487 descendens(intelligunt
2017 5415 2175 5469 audi-

578 5512 730 5556 tores
759 5503 1110 5569 descensum,
1148 5517 1205 5561 ut
1235 5507 1401 5563 Deum
1439 5508 1642 5577 decet),
1682 5524 1789 5562 non
1824 5508 2169 5579 hypostasim

2284 4586 2465 4651 θέντα,
2494 4587 2588 4639 καὶ
2619 4585 2729 4656 πῦρ
2763 4585 3080 4655 γενόμενον,
3102 4585 3313 4655 μεταξύ
3340 4603 3403 4639 τε
3430 4585 3537 4639 τῶν
3565 4582 3722 4639 ἄλλων
3744 4576 3806 4630 δύο

2282 4679 2555 4751 χρυσίνων
2605 4680 2700 4732 καὶ
2756 4679 2866 4731 τῶν
2899 4677 3217 4748 ἀνθράκων,
3243 4679 3335 4732 τὸν
3396 4680 3559 4749 μέσον
3586 4677 3647 4730 ἂν
3662 4673 3805 4726 θεᾶται

2280 4772 2370 4824 τὸν
2403 4772 2658 4842 χρύσινον
2718 4768 2910 4840 ἔχοντα
2971 4769 3078 4824 τῶν
3135 4768 3311 4823 ἄλὶων
3333 4770 3430 4823 δύο
3458 4768 3707 4841 χρυσίνων
3732 4762 3805 4817 τιῖν

2278 4862 2504 4915 τελείων
2545 4862 2727 4930 φύσιν,
2751 4862 3031 4915 τουτέστιν
3063 4862 3194 4916 ὄντα
3222 4863 3446 4935 χρυσὸν,
3477 4863 3551 4925 ὡς
3571 4862 3673 4914 τοῖν
3700 4855 3803 4909 δυοῖν

2280 4954 2511 5007 ἐκείνοιν
2542 4953 2822 5024 χρυσίνοιν
2851 4954 3157 5023 ἑκατέροιν,
3189 4954 3286 5007 καὶ
3312 4956 3410 5023 τὴν
3440 4955 3545 5008 τῶν
3573 4949 3804 5020 ἀνθράκων

2223 5122 2237 5131 ’
2282 5046 2468 5116 φύσιν,
2493 5045 2683 5117 ἐπειδὴ
2710 5046 2821 5116 πῦρ
2845 5048 2994 5099 ἐστιν
3025 5046 3216 5118 ὥσπερ
3235 5046 3341 5100 τῶν
3364 5047 3543 5101 ἄλλων
3569 5041 3803 5111 ἀνθράκων

2279 5138 2532 5203 ἕκαστος.
2606 5139 2662 5191 Ὀ
2706 5138 2763 5191 δὲ
2825 5139 2991 5208 μέσος
3052 5139 3344 5210 χρύσινος,
3396 5136 3676 5198 ὑπόστασίς
3721 5133 3801 5183 ἐστι

2288 5231 2386 5301 μία
2442 5231 2541 5302 τῆς
2589 5229 2698 5284 τῶν
2749 5231 3022 5301 χρυσίνων
3069 5231 3320 5302 Τριάδος,
3354 5232 3489 5285 διότι
3508 5229 3601 5300 τὴν
3622 5226 3717 5279 τῶν
3735 5224 3801 5275 ἀν·

2285 5323 2503 5394 θράκων
2541 5322 2724 5391 φύσιν.
2762 5323 2864 5394 τὴν
2902 5323 3068 5377 οὖσαν
3119 5324 3253 5396 πῦρ,
3300 5326 3399 5394 οὐχ
3439 5325 3532 5376 ἕνα
3564 5314 3803 5389 προσείλη-

2285 5436 2384 5487 φεν
2415 5420 2507 5472 ἀπ’
2530 5419 2760 5472 ἐκείνων
2793 5419 2903 5471 τῶν
2951 5419 3241 5490 ἀνθράκων
3270 5418 3515 5490 ἄνθρακα
3543 5432 3555 5448 ⁸
3590 5411 3708 5468 ἀλλὰ
3732 5406 3799 5474 γέ.

2282 5529 2440 5579 γονεν
2489 5511 2673 5578 αὐτὸς,
2721 5512 2796 5576 ὡς
2834 5507 2916 5576 εἷς
2963 5510 3072 5565 τῶν
3114 5512 3428 5583 ἀνθράκων.
3475 5509 3570 5565 Τὸν
3597 5498 3799 5565 detha:

3514 5595 3528 5619 (

1906 5684 2142 5741 VAlil/E
2177 5682 2578 5741 LECTIONES.

668 5771 713 5808 ³⁷
745 5774 995 5832 Alterum
1025 5780 1329 5835 membrum
1364 5780 1452 5836 hic
1479 5777 1844 5839 desideratur.
