4000 6460
222 368 370 444 1509

1654 358 2074 425 0PUSCUI.A.

3375 357 3512 424 1510

239 489 432 562 τρόπον
461 485 489 537 6
520 483 690 546 ἀΐδιος
727 482 858 545 Υἱὸς
884 481 943 548 ἐξ
968 478 1204 553 οὐρανοῦ
1262 476 1661 549 καταϐεϐηκὼς
1689 479 1817 549 (ὲν-

1938 483 2195 538 aostram,
2215 473 2309 529 sed
2330 481 2586 528 naturam
2607 471 2945 543 assumpsit;
2974 471 3263 544 factusque
3288 483 3372 530 est
3405 476 3516 531 sic‘

232 580 529 637 νοείτωσαν
552 576 606 630 δὲ
628 578 677 629 oi
700 576 967 646 ἀκροαταὶ
991 572 1316 644 Θεοπρεπῶς
1341 572 1438 642 τὴν
1468 569 1819 639 κατάϐασιν),

231 674 329 742 οὑχ
356 669 655 723 ὑπόστασιν
677 667 736 734 ἐξ
761 667 950 737 ἡμῶν,
984 665 1120 720 ἀλλὰ
1170 664 1272 737 τὴν
1323 664 1602 736 ἡμετέραν
1656 663 1821 733 φύσιν

232 762 593 834 προσέλαϐεν,
655 761 750 814 καὶ
795 762 1020 829 γέγονεν
1051 759 1128 823 ὡς
1158 753 1237 822 εἷς
1261 758 1320 825 ἐξ
1352 757 1531 828 ήμῶν,
1567 757 1690 827 δίχα
1720 757 1821 826 τῆς

1931 574 1991 621 ut
2041 582 2184 620 unus
2225 574 2499 630 nostrum,
2543 571 2697 617 extra
2743 573 3053 632 peccatum,
3102 568 3247 620 sicut
3282 566 3520 636 Aposto-

1928 661 2017 716 lus
2050 661 2125 714 ait
2147 659 2196 725 ιι,
2218 668 2488 715 tentatmn
2531 674 2656 713 esse
2685 674 2782 730 per
2814 660 2998 714 omnia
3032 659 3337 715 secundum
3368 658 3517 713 simi-

1926 754 2239 819 litudinem,
2262 755 2469 823 absque
2492 762 2738 823 peccato.

234 856 532 929 ἁμαρτίας,
581 853 656 917 ὡς
718 853 880 917 αὑτὸς
944 853 974 905 ὁ
1028 852 1169 917 θεῖος
1246 852 1612 916 Ἀπόστολοςο
1654 850 2056 920 Πεπείρασται,
2112 849 2284 919 φησι,
2332 848 2475 901 κατὰ
2532 848 2711 901 πάντα
2771 846 2894 901 καθ’
2939 846 3240 917 ὁμοιότητα
3274 885 3289 911 ,
3344 845 3519 923 χωρὶς

235 949 535 1024 ἁμαρτίας.

304 1040 608 1113 Τοιγαροῦν
662 1040 690 1092 6
722 1039 892 1104 ἀΐδιος
933 1040 1060 1103 Υἱὸς
1100 1038 1215 1110 ἔχει
1252 1043 1351 1110 τήν
1380 1057 1439 1093 τε
1470 1038 1563 1094 τοῦ
1609 1037 1826 1110 Πατρὺς

235 1138 329 1193 καὶ
366 1135 460 1190 τοῦ
497 1135 653 1205 ἁγίου
712 1135 1055 1206 Πνεῦματος,
1090 1137 1157 1209 ἡν
1189 1138 1277 1191 ἀεὶ
1333 1142 1582 1209 προεῖχε,
1638 1137 1824 1205 φύσιν,

234 1229 328 1285 καὶ
353 1228 451 1300 τὴν
482 1228 757 1300 ἡμετέραν
806 1227 1159 1299 ἀνθρωπίνην
1201 1229 1365 1298 φύσιν
1396 1230 1537 1299 μετά
1571 1229 1671 1300 τὴν
1701 1230 1828 1282 ἐαυ-

234 1323 330 1395 τῆς
362 1322 659 1393 σάρκωσιν,
697 1318 795 1390 μία
819 1319 1079 1390 ὑπάρχων
1104 1322 1167 1372 ὲκ
1191 1320 1291 1391 τῆς
1321 1320 1552 1391 Τριάδος
1583 1321 1827 1373 ὑπόστα-

237 1434 344 1485 σις,
396 1417 719 1490 προσθήκην
767 1416 870 1468 οὑκ
933 1414 1337 1483 είσδεξάμενος,
1370 1414 1445 1478 ὼς
1472 1416 1825 1485 προείρηται.

233 1509 327 1582 Μὴ
359 1507 613 1579 ποιητέον
667 1503 852 1575 δὲτὴν
902 1504 1064 1573 φύσιν
1115 1505 1440 1568 ὑπόστασιν,
1486 1506 1654 1575 ἢτὴν
1696 1504 1831 1556 ὑπό-

238 1617 426 1655 στασιν
477 1593 618 1651 εἶναι
649 1598 834 1666 φύσιν.
871 1597 929 1648 ΕΞ
952 1596 1006 1648 δὲ
1035 1595 1140 1667 μὴ,
1174 1598 1343 1649 πᾶσιν
1388 1597 1519 1667 ἡμῖν
1555 1599 1666 1659 τοῖς
1696 1597 1832 1667 Χρι-

237 1693 472 1755 στιανοῖς
512 1690 856 1760 συμϐήσεται
901 1687 1085 1755 λέγειν
1138 1686 1232 1742 τὸν
1282 1689 1532 1759 Πατέρα,
1592 1689 1688 1742 καὶ
1731 1688 1822 1741 τὸν

2001 1032 2177 1087 Habet
2236 1030 2421 1101 itaque
2461 1039 2704 1085 aeternus
2752 1027 2933 1084 Filius
2963 1028 3148 1086 Patris
3187 1038 3242 1085 et
3274 1031 3516 1102 Spiritus

1930 1126 2105 1180 santti
2152 1132 2431 1188 naturam,
2476 1138 2641 1193 quam
2695 1137 2916 1190 semper
2964 1132 3091 1177 ante
3138 1124 3399 1189 habebat,
3461 1136 3515 1182 et

1929 1227 2178 1272 nostram
2239 1216 2534 1268 humanam
2595 1222 2846 1267 naturam
2899 1224 3024 1284 post
3078 1218 3514 1274 inrarnationem

1932 1323 2038 1360 una
2088 1306 2404 1376 bypostasis
2456 1305 2570 1358 sive
2615 1320 2850 1372 persona
2904 1321 2970 1359 ex
3011 1316 3203 1361 saneta
3245 1303 3517 1365 Trinit'ate

1930 1415 2040 1453 non
2073 1400 2323 1468 capiente
2356 1398 2761 1464 accessionem,
2794 1405 2850 1450 ut
2875 1409 3003 1453 ante
3027 1399 3237 1453 dictum
3267 1409 3373 1455 est.
3398 1400 3515 1455 Non

1928 1501 2014 1548 est
2046 1501 2227 1546 autem
2266 1500 2462 1544 natura
2498 1490 2749 1545 facienda
2787 1491 3130 1561 hypostasis,
3157 1496 3239 1548 vel
3266 1496 3519 1549 dicamus

1928 1581 2169 1648 Patrem,
2199 1590 2253 1636 et
2284 1581 2511 1646 Filium,
2554 1589 2609 1635 et
2650 1580 2923 1651 Spiritum
2956 1590 3213 1636 sanctum
3246 1599 3371 1638 esse
3404 1591 3519 1638 tros

1931 1688 2184 1743 naturas,
2214 1679 2361 1733 sicut
2411 1676 2622 1730 habent
2671 1691 2839 1729 unam
2887 1684 3165 1730 naturam.
3215 1675 3521 1746 Utrumque

236 1786 387 1849 Υἱὸν,
419 1785 515 1839 καὶ
538 1784 600 1836 τὸ
640 1781 867 1853 Πνεῦμα
901 1782 961 1834 τὸ
991 1780 1168 1849 ἅγιον,
1206 1784 1354 1854 τρεῖς
1383 1781 1598 1850 φύσεις,
1633 1781 1823 1852 ὥσπερ

1938 1778 2115 1824 autem
2158 1784 2187 1822 a
2219 1768 2573 1823 confessione
2617 1766 3067 1821 Christianorum
3114 1766 3353 1820 alienum
3408 1774 3516 1828 est,

236 1881 344 1933 εἰσὶ
370 1880 522 1949 τρεῖς
548 1874 952 1946 ὑποστάσεις,ἣ
986 1874 1115 1946 μίαν
1167 1876 1367 1939 αὐτοὺς
1413 1874 1560 1947 ἔχειν
1589 1876 1829 1928 ὑπόστα-

238 1988 342 2035 σιν,
372 1969 436 2022 ὃν
452 1968 669 2041 ’τρόπον
696 1968 824 2038 μίαν
847 1967 1032 2037 ἔχουσι
1080 1967 1263 2036 φύσιν.
1307 1967 1621 2038 Ἀμφότερα
1642 1968 1700 2020 δὲ
1728 1968 1829 2038 τῆς

234 2062 342 2117 τῶν
388 2060 736 2134 Χριστιανῶν
766 2059 1065 2130 ὁμολογίας
1113 2060 1393 2133 ἀλλότρια,
1425 2061 1615 2130 ἐπειδὴ
1645 2062 1706 2113 τὸ
1729 2061 1828 2132 μὲν

247 2160 484 2232 Ἀρείου,
505 2158 567 2213 τὸ
594 2159 650 2212 δὲ
678 2156 974 2211 Σαϐελλίου
1041 2158 1254 2228 πέφυκε
1288 2156 1566 2228 φρόνημα.
1605 2156 1662 2209 Ὀ
1696 2156 1829 2227 μὲν-

232 2271 315 2307 τοι
341 2256 446 2324 τῆς
476 2251 737 2321 ἀληθείας
791 2250 973 2317 λόγος,
1008 2249 1083 2313 ὡς
1114 2252 1142 2302 ό
1170 2249 1433 2317 Θεολόγος
1462 2250 1566 2319 ἔφη
1601 2248 1819 2319 Γρηγό-

239 2362 372 2417 ριος,
439 2344 609 2415 μονάς
660 2345 865 2398 ὲστιὲν
889 2343 1114 2413 Τριάδι,
1160 2344 1257 2396 καὶ
1312 2343 1478 2412 Τριάς
1526 2344 1584 2395 ὲν
1640 2341 1828 2411 μονάδι

234 2435 663 2506 προσηνουμένη
678 2433 744 2489 ³⁸.
798 2436 989 2488 Ἔστιν
1020 2435 1121 2506 μὲν
1143 2430 1237 2488 οῦν
1278 2434 1449 2505 μονὰς
1479 2433 1574 2502 τῆς
1612 2432 1831 2502 φύσεως

238 2528 433 2599 μονὰς,
470 2529 531 2581 οὑ
572 2529 741 2598 μονάς
785 2527 886 2598 τῆς
932 2527 1319 2591 ὑποστάσεωςσ
1356 2526 1464 2597 ἡδὲ
1494 2524 1668 2595 Τριάς
1720 2527 1830 2577 τῶν

237 2618 600 2672 ὑποστάσεων
658 2619 852 2688 Τριάς,
915 2619 976 2671 οὐ
1033 2619 1205 2689 Τριάς
1236 2617 1343 2671 τῶν
1400 2616 1619 2685 φύσεων
1647 2617 1715 2668 ’ό
1746 2616 1833 2667 λέ-

237 2727 351 2779 γων
380 2712 437 2764 δὲ
465 2710 558 2781 τὴν
586 2711 748 2780 φύσιν
772 2711 909 2764 αὑτὸ
937 2712 997 2763 τὸ
1027 2711 1133 2764 τῶν
1155 2711 1509 2765 ὑποστάσεων
1568 2707 1705 2762 εἶναι
1736 2708 1828 2761 σύ·
1874 2742 1881 2748 -

241 2818 448 2872 στημα,
471 2802 559 2855 τὸν
584 2802 739 2870 ἆγιον
770 2803 934 2873 φήσει
957 2802 1284 2873 Γρηγόριον,
1309 2803 1592 2873 εἰρηκότα,
1622 2800 1831 2870 μονάδα

237 2876 571 2947 αἰνίττεσθαι
601 2891 701 2963 τὴν
750 2893 980 2961 Τριάδα,
1033 2894 1131 2945 καὶ
1158 2892 1271 2945 ἴσον
1303 2893 1469 2946 αὑτοῦ
1504 2893 1831 2962 κριθήσεται

238 2984 431 3054 φάναι,
474 2983 680 3054 μονάδα
713 2985 771 3036 ὲν
805 2983 1037 3052 Τριάδι,
1099 2983 1395 3037 κάντεῦθεν
1455 2984 1831 3052 συνωθήσεται

239 3075 495 3143 φάσκειν,
528 3074 691 3128 ὲνάδα
721 3076 779 3126 ὲν
834 3073 1005 3129 ὲνάδι.
1040 3066 1117 3128 Oi}
1145 3076 1198 3128 τί
1227 3076 1296 3128 ἂν
1328 3075 1487 3145 ἐπείη
1516 3075 1729 3147 διανοίᾳ
1753 3092 1830 3128 τι·

1931 1862 2057 1929 qnia
2090 1860 2223 1914 illud
2267 1861 2491 1929 quidem
2537 1865 2622 1912 est
2657 1858 2773 1910 Arii
2828 1857 3058 1928 dogma;
3109 1857 3212 1911 hoc
3253 1872 3384 1910 vero
3418 1855 3520 1911 Sa-

1930 1950 2102 2006 bellii.
2159 1951 2355 2005 Sermo
2402 1962 2585 2005 tamen
2638 1950 2893 2005 veritatis
2940 1958 3058 2013 est,
3106 1956 3164 2002 ut
3213 1948 3520 2019 Gregorius

1930 2040 2244 2112 Tlteologus
2276 2042 2437 2106 dixit,
2465 2043 2650 2096 unitas
2684 2041 2738 2094 in
2770 2040 3046 2095 Trinitate
3067 2083 3079 2099 .
3115 2039 3283 2112 374
3312 2050 3366 2095 et
3398 2040 3519 2095 Tri-

1931 2135 2081 2190 nitas
2121 2134 2178 2187 in
2215 2133 2426 2187 unitate
2468 2133 2714 2186 adorata.
2756 2130 2849 2187 Est
2893 2133 3059 2202 igitur
3098 2136 3282 2187 mutas
3307 2142 3521 2185 natura:

1932 2227 2143 2287 unitas.
2186 2239 2294 2278 non
2340 2224 2527 2279 unitas
2574 2224 2938 2295 hypostasis:
2982 2221 3228 2278 Trinitas
3260 2240 3389 2278 vero
3424 2224 3523 2291 by-

1931 2330 2226 2388 postaseon
2260 2320 2374 2370 sive
2407 2331 2769 2384 personarum
2809 2314 3053 2370 Trinitas
3078 2356 3095 2382 ,
3133 2332 3240 2369 non
3272 2316 3521 2371 Trinitas

1931 2420 2281 2466 naturarum.
2314 2407 2416 2475 Qui
2453 2424 2586 2463 vero
2630 2406 2767 2463 dicit
2821 2417 3102 2472 naturam,
3158 2408 3332 2477 ipsam
3384 2422 3523 2461 con-

1933 2504 2310 2573 gregatioiiem
2339 2501 2733 2572 ltypostaseon,
2760 2500 2905 2571 dicet
2933 2500 3144 2554 dixisse
3189 2499 3522 2569 Gregorium

1934 2596 2200 2649 unitatem
2255 2593 2573 2664 signiﬁcare
2623 2590 3003 2657 Trinitatem,
3071 2599 3129 2646 et
3181 2591 3525 2645 tantumdem

1929 2688 2299 2759 judicabitur,
2328 2687 2532 2750 direre,
2571 2685 2701 2739 utsi
2744 2685 2955 2738 diceret
2991 2685 3263 2738 unitatem
3308 2686 3362 2737 in
3396 2682 3525 2736 Tri-

1934 2782 2111 2835 nitate
2161 2788 2217 2834 et
2260 2779 2592 2833 Trinitatem
2653 2777 2709 2830 in
2757 2779 2988 2841 unitate,
3032 2791 3095 2831 ex
3133 2791 3248 2846 quo
3301 2785 3529 2843 coo'etut‘

1934 2874 2143 2936 dicere,
2194 2870 2461 2924 unitatem
2489 2885 2611 2923 esse
2650 2869 2704 2921 in
2742 2870 2972 2921 unitate.
3020 2866 3143 2932 Quo
3190 2867 3320 2936 quid
3359 2868 3526 2921 ullius

1934 2971 2116 3018 mente
2158 2964 2376 3033 turpius
2409 2961 2637 3030 cegitari
2674 2959 2892 3029 potest?
2931 2960 3291 3028 quatnobrcm
3334 2974 3527 3029 repre-

1938 3053 2139 3109 hendet
2171 3068 2300 3107 eum
2353 3052 2449 3122 qui
2492 3052 2597 3105 hoc
2630 3052 2829 3120 dogma
2866 3049 3054 3113 tradit,
3097 3050 3379 3117 inquiens,
3415 3055 3524 3101 tam

239 3165 330 3228 νὸς
358 3165 753 3236 αἰσχρότερονς
797 3166 991 3237 διόπερ
1020 3168 1404 3239 ἐπιτιμήσειεν
1432 3143 1510 3239 τῷ
1547 3143 1722 3221 ταῦτα
1743 3168 1830 3221 δο-

1938 3156 2130 3204 contra
2164 3162 2270 3212 me,
2297 3155 2349 3199 et
2377 3152 2530 3198 tanta
2557 3146 2605 3199 vi
2638 3152 2766 3198 sunt
2794 3143 2985 3207 verba,
3020 3158 3182 3211 quam
3209 3150 3404 3195 contra
3431 3151 3522 3195 te:

241 3256 566 3326 γματίζοντι
586 3256 781 3325 λέγων,
804 3257 886 3311 ὅτι
904 3259 1353 3330 ὰντιταττόμενόν
1374 3260 1487 3313 ἐστί
1508 3278 1595 3329 μοι
1625 3262 1828 3332 κράτος

239 3343 354 3401 οἷον
384 3349 479 3402 καὶ
510 3349 614 3414 σοὶ,
648 3350 747 3403 καὶ
781 3354 896 3414 τοῖς
924 3353 1170 3422 ῥήμασιν
1193 3369 1206 3383 ο
1245 3354 1340 3405 καὶ
1381 3352 1637 3423 καθάπερ
1698 3355 1835 3424 ἀκη-

166 3470 169 3475 ν
243 3437 389 3504 κοὼς
417 3441 555 3512 πρὸς
576 3441 673 3495 τοῦ
702 3440 965 3511 Θεολόγου
1005 3444 1212 3513 μονάδα
1234 3447 1375 3497 νοεῖν
1392 3445 1438 3477 ⁸³
1463 3444 1634 3514 αὑτὴν
1666 3445 1836 3518 Τριά-

239 3529 328 3596 δα,
359 3532 505 3587 οὑτω
535 3531 691 3601 κάγὼ
723 3533 927 3604 μονάδα
954 3534 1060 3587 νοῶ
1092 3534 1311 3589 ἁκούων
1361 3534 1495 3607 παρ’
1527 3535 1696 3589 αὑτοῦ
1736 3536 1835 3609 τὴν

242 3624 472 3695 Τριάδα.
504 3626 616 3679 Καὶ
641 3626 1082 3698 συμπεραίνεταί
1115 3644 1207 3699 μοι
1232 3628 1291 3681 τὸ
1308 3629 1487 3697 δόγμα
1517 3631 1598 3691 είς
1630 3629 1837 3700 μονάδα

242 3717 300 3770 ιν
325 3717 535 3792 μονάδι.
571 3719 681 3772 Καὶ
711 3718 965 3791 καθάπερ
990 3719 1065 3785 ὡς
1086 3723 1294 3774 ἐκεῖνον
1323 3722 1540 3793 σεαυτῷ
1562 3723 1653 3775 τὸν
1679 3722 1836 3790 λόγον

242 3808 553 3880 ἐκύρωσας,
578 3809 769 3864 τοῦτον
789 3812 950 3881 ετμοι
976 3812 1249 3884 κυρὶῦσεις
1283 3814 1637 3884 πεφυρμένος
1667 3813 1837 3878 ὅντως

240 3899 270 3952 ὁ
301 3904 430 3966 νοῦς
463 3901 866 3975 φυραθήσεται,
925 3905 1023 3958 καὶ
1066 3904 1175 3958 τῶν
1215 3905 1546 3960 ἀντιθέσεων
1574 3908 1669 3959 καὶ
1698 3909 1832 3962 ἀνα-

240 3994 465 4074 τροπῶν
499 3997 528 4049 6
553 3995 715 4066 νόμος
746 3994 1207 4066 ἀχρειωθήσεται,
1253 3998 1394 4068 ὅπερ
1425 3999 1526 4051 οὑκ
1559 3999 1834 4070 ἐνδέχεται

241 4085 523 4155 γενέσθαι.
552 4087 615 4141 Ei
648 4088 706 4142 δὲ
735 4089 813 4160 μὴ
848 4090 1179 4160 κυρώσειας,
1203 4090 1399 4161 ὲνδίκῳ
1425 4091 1606 4164 κρίσει
1636 4093 1836 4165 λεχθή-

242 4179 397 4232 σεταί
427 4180 635 4241 σοι.δτι
656 4178 764 4233 τῶν
785 4179 961 4248 λόγων
995 4181 1056 4234 οὑ
1086 4181 1382 4252 τυγχάνεις
1411 4180 1488 4236 ὣν
1518 4183 1835 4254 ἐξεταστὴς,

239 4267 384 4324 ὥστε
437 4270 746 4343 θρασύτητι
795 4272 1145 4343 διαστρέφειν
1205 4275 1340 4343 πρὸς
1403 4275 1465 4328 τὸ
1509 4275 1595 4328 σοὶ
1641 4275 1838 4330 δοκοῦν

240 4362 516 4431 ἀσχέτως.
556 4364 711 4417 Ἐπεὶ
744 4360 839 4418 οὖν
870 4364 1092 4436 ἀληθεῖς
1122 4358 1427 4421 εἶναιοῦτοι
1453 4368 1506 4420 οί
1536 4367 1707 4437 λόγοι,
1742 4367 1837 4433 οὓς

242 4455 371 4524 περὶ
402 4457 626 4525 φύσεως
649 4456 743 4508 καὶ
768 4457 1122 4521 ὑποστάσεως
1156 4457 1403 4529 εἴπομεν,
1431 4460 1751 4531 ἠγνόηνται,
1776 4460 1837 4515 τὸ

1936 3248 1992 3293 et
2021 3240 2103 3296 sic
2135 3246 2193 3293 ut
2236 3249 2293 3292 tu
2330 3239 2561 3291 audiens
2606 3252 2673 3291 ex
2714 3234 2981 3307 Gregorio
3014 3236 3308 3297 unitatem,
3344 3237 3525 3305 ipsam

1937 3331 2272 3386 Trinitatem
2309 3328 2573 3399 intelligis
2598 3367 2613 3391 ,
2668 3328 2747 3382 sie
2782 3341 2884 3397 ego
2924 3325 3159 3381 audiens
3197 3326 3265 3379 ab
3296 3341 3363 3378 eo
3404 3323 3527 3378 Tri-

1937 3425 2200 3486 nitatem,
2248 3423 2515 3476 unitatem
2562 3420 2833 3489 intelligo.
2878 3419 2942 3472 Et
3005 3420 3284 3473 concludo
3327 3418 3526 3489 dogma

1938 3518 2067 3580 hoc,
2127 3516 2391 3570 unitatem
2431 3513 2487 3567 in
2543 3513 2754 3567 unitate
2793 3527 2938 3566 esse.
2975 3510 3037 3565 Et
3087 3512 3231 3565 sicut
3275 3520 3331 3563 tu
3388 3509 3527 3565 illud

1937 3608 2036 3661 tibi
2084 3604 2426 3675 approbasti,
2465 3603 2571 3657 hoc
2618 3603 2750 3656 mihi
2785 3604 2830 3657 si
2881 3603 3177 3672 approbes,
3216 3603 3528 3671 deprehen-

1938 3700 2099 3755 detur
2131 3698 2381 3767 profecto
2413 3712 2570 3751 mens
2624 3693 2880 3758 confusa,
2912 3703 2967 3749 et
2993 3696 3077 3750 lex
3106 3695 3525 3750 contradicendi

1939 3803 1992 3849 et
2034 3791 2322 3847 refellendi
2373 3790 2588 3844 inutilis
2644 3791 2943 3860 erit,quod
2986 3806 3093 3843 non
3144 3798 3326 3868 potest
3383 3789 3525 3845 fieri.

1941 3885 1996 3941 Si
2030 3898 2213 3940 autem
2256 3900 2365 3939 non
2422 3885 2784 3955 comprobes,
2840 3884 2993 3954 justo
3034 3886 3255 3954 'judicio
3311 3884 3529 3939 dicetur

1940 3977 2064 4043 tibi,
2134 3992 2243 4031 non
2295 3985 2347 4029 te
2413 3976 2724 4045 expendere
2795 3975 2991 4039 verba,
3053 3990 3179 4029 cum
3256 3976 3553 4030 arbitratzt'

1942 4081 2036 4127 tuo
2066 4072 2253 4125 omnia
2286 4077 2603 4141 pervertere
2643 4084 2749 4123 non
2790 4070 3113 4124 erubescas.
3163 4068 3529 4137 Quandoqui-

1939 4167 2063 4222 dem
2096 4166 2264 4237 igitur
2300 4160 2441 4231 ltaac;
2467 4180 2589 4233 qua:
2617 4164 2684 4218 de
2715 4171 2910 4217 natura
2959 4172 3012 4217 et
3064 4162 3347 4233 hypostasi
3380 4159 3529 4214 dixi-

1940 4276 2090 4322 mus,
2129 4274 2259 4313 vera
2311 4273 2437 4313 esse
2474 4257 2722 4327 ignoras,
2768 4254 3041 4310 sententia
3088 4263 3279 4307 nostra
3323 4252 3532 4307 confir-

1942 4361 2213 4415 mataest,
2260 4352 2532 4405 unitatem
2583 4349 2894 4402 naturalem
2946 4348 3110 4401 aliam
3144 4362 3272 4401 esse
3325 4354 3531 4415 pra-trr

1942 4442 2276 4498 Trinitatem
2321 4442 2714 4513 llypostaseon,
2744 4446 2799 4493 et
2836 4439 2994 4493 fidem
3020 4453 3241 4508 semper
3274 4453 3530 4506 perseve-

242 4524 520 4619 ἡμέτερον
551 4547 769 4609 πάντως
798 4544 1101 4618 ἐϐεϐαιώθη
1134 4524 1412 4621 φρόνήμα,
1634 4552 1832 4623 φυσικὴ

1944 4551 2069 4591 rare
2111 4537 2163 4589 in
2208 4533 2567 4588 confessione
2601 4531 2835 4611 unitatis
2874 4540 3087 4585 natura:
3128 4528 3203 4601 (et
3235 4529 3531 4584 Trinitatis

244 4636 412 4703 μονὰς
434 4636 576 4704 ἄλλη
606 4636 758 4709 παρὰ
785 4637 882 4707 τὴν
907 4638 1279 4708 ὑποστατικὴν
1316 4639 1545 4709 Τριάδα,
1567 4640 1663 4692 καὶ
1687 4642 1719 4711 ἡ
1750 4642 1832 4694 πί-

1938 4627 2343 4698 persnnarum),
2409 4627 2557 4681 sicut
2608 4626 2747 4679 dixit
2810 4624 3029 4679 divinus
3086 4624 3407 4694 Gregorius,
3474 4629 3531 4677 et

244 4738 361 4789 στις
411 4727 505 4781 ἀεὶ
558 4726 805 4797 διαμένει
853 4728 947 4781 ἐπὶ
1010 4728 1111 4798 τῆς
1148 4729 1443 4798 ὁμολογίας
1469 4729 1570 4800 τῆς
1600 4729 1839 4800 φυσικῆς

243 4819 499 4884 μονάδος,
529 4819 605 4883 ὡς
631 4822 658 4872 ό
691 4819 835 4882 θεῖος
864 4818 969 4889 ἔφη
1024 4820 1363 4892 Γρηγόριος,
1407 4821 1504 4876 καὶ
1536 4824 1643 4886 πᾶς
1674 4823 1700 4874 6
1730 4822 1839 4876 τῶν

238 4908 412 4978 ἁγίων
439 4913 539 4968 xal.
563 4910 877 4982 θεολήπτων
919 4912 1081 4984 χορὸς
1106 4914 1388 4984 Πατέρων.
1598 4926 1601 4929 ’

313 5002 457 5058 Είδέ
486 5022 572 5069 τις
621 5004 784 5057 πάλιν
818 5004 984 5066 εἴποι,
1015 5006 1117 5075 τὴν
1146 5006 1309 5074 φύσιν
1358 5007 1548 5079 κοινὴν
1605 5010 1703 5061 καὶ
1738 5008 1834 5062 [Bt-

244 5095 349 5163 κὴν
403 5093 572 5163 εἶναι,
623 5098 715 5171 καὶ
767 5096 850 5151 ὅτι
884 5098 932 5150 εί
975 5096 1132 5169 μὲνὴ
1169 5098 1321 5170 κοινὴ
1380 5100 1541 5168 φύσις
1595 5101 1746 5154 ἐστὶν
1782 5104 1838 5157 αξ

246 5181 579 5254 ὑποστάσεις
626 5191 819 5256 πᾶσαι,
851 5191 885 5261 ἡ
917 5189 973 5243 δὲ
998 5191 1139 5262 ίδική
1197 5193 1313 5243 ἐστι
1360 5192 1458 5261 μία
1510 5192 1831 5260 ὑπόστασις

316 5364 346 5405 ιι
383 5368 551 5425 llebr.
587 5385 662 5435 tv,
695 5368 783 5423 15.
880 5415 886 5419 .

1937 4733 2131 4774 omnes
2164 4718 2344 4772 sancti
2376 4727 2430 4771 et
2454 4714 2627 4770 divini
2669 4713 2883 4771 Patres.

2022 5008 2078 5065 Si
2126 4993 2268 5065 vero
2304 5026 2501 5066 rursus
2556 5010 2703 5067 dicat
2777 5019 3033 5066 naturam
3085 5026 3431 5067 communem
3475 5022 3528 5065 ct

1948 5103 2244 5173 specialem
2281 5119 2423 5169 esse,
2458 5112 2514 5158 et
2560 5104 2706 5175 quod
2743 5106 3054 5158 communis
3093 5115 3177 5159 est
3209 5119 3401 5159 omnes
3430 5106 3533 5174 hy-

1944 5205 2234 5266 postases,
2281 5196 2541 5266 specialis
2577 5212 2704 5253 vero
2752 5204 2839 5251 est
2885 5212 2994 5252 una
3037 5197 3353 5268 ltypostasis
3390 5196 3526 5267 (-50),

1531 5487 1765 5543 VARle
1797 5490 2209 5546 LEC’I'IONES.

319 5568 364 5601 ’⁸
394 5576 848 5649 προσκυνουμένη
881 5575 1044 5632 Turr.
1123 5576 1168 5608 ἐ’
1196 5578 1337 5640 νοεῖς
1386 5574 1544 5632 Turr.

1764 5671 2002 5729 ΝΟΤλΕ.

322 5756 436 5831 (ὅθ)
481 5764 694 5823 Ponere
727 5768 781 5823 in
821 5766 1098 5824 Trinitate
1148 5777 1403 5825 naturam
1440 5782 1815 5832 communem,

253 5835 372 5891 quae
414 5833 485 5888 sit
515 5852 708 5896 omnes
754 5840 1103 5911 ltypostases,
1136 5842 1683 5916 hareticorunyest;
1712 5838 1845 5898 fides

1929 5783 2062 5823 vero
2090 5769 2246 5839 ponit
2290 5786 2455 5826 unam
2494 5779 2749 5830 naturam
2786 5784 3139 5828 communem
3179 5770 3235 5827 in
3260 5769 3536 5830 Trinitate

1960 5840 2355 5912 liypostaseon.
