4000 6508
227 478 363 545 1513

1629 460 2056 524 'OPUSCULA.

3362 446 3498 514 15H

229 587 474 662 Τριάδος,
493 581 551 637 δν
567 577 703 653 ὁμοῦ
759 577 853 634 δύο
898 575 1093 648 φύσεις
1122 573 1419 647 ἐσχηκέναι
1443 572 1631 644 σαφῶς
1658 589 1804 643 παρ-

1930 576 2053 625 ates
2105 564 2414 631 naturales,
2447 571 2504 618 et
2558 561 2679 617 duae
2728 560 3013 617 naturales
3059 561 3401 629 voluntates,
3444 570 3499 618 et

227 681 560 748 εστήσαμεν,
613 673 714 726 οὑκ
770 669 939 740 ἄλλης
980 668 1356 730 ὑποστάσεως.
1402 666 1516 719 Καὶ
1567 665 1677 735 γὰρ
1699 664 1808 717 τῶν

226 768 531 841 δεχομένων
561 765 731 828 ἐστὶν,
752 757 797 817 ὧ
818 754 987 826 οῦτοι,
1033 760 1161 831 μίαν
1195 758 1494 812 ὑπόστασιν
1515 756 1809 825 διαφόρους

228 862 370 931 ἔχειν
388 856 694 926 ἐνεργείας,
720 855 818 908 καὶ
846 851 1029 924 μένειν
1054 852 1147 906 ἐπὶ
1175 850 1277 919 τῆς
1298 850 1505 920 ἑαυτῆς
1556 847 1805 917 μονάδος.

231 953 457 1017 Ὥσπερ,
480 932 1005 1018 παραδειγματικῶς
1027 945 1222 1007 εἰπεῖν,
1252 941 1523 1011 βλέπομεν
1543 939 1635 992 τὸν
1659 938 1810 991 Παῦ-

226 1044 316 1095 λον
365 1038 665 1108 δυνάμενον
714 1036 872 1106 όρᾷν,
926 1034 1023 1087 καί
1079 1031 1326 1094 ἀκούειν,
1363 1030 1458 1083 καί
1484 1029 1690 1091 λαλεῖν,
1715 1028 1813 1080 καὶ

225 1129 659 1199 διαλογίζεσθαιο
685 1130 717 1197 ἡ
746 1128 962 1197 ὅρασις,
1015 1124 1111 1178 καὶ
1144 1123 1359 1195 ήάκοὴ,
1423 1123 1518 1175 καὶ
1541 1122 1583 1191 ,ἡ
1629 1119 1810 1184 λαλιὰ,

226 1224 322 1278 καὶ
348 1225 379 1275 ὁ
407 1218 797 1288 διαλογισμὸς,
843 1216 1097 1286 διάφοροί
1146 1216 1287 1268 εἰσιν
1338 1213 1616 1283 ἐνέργειαι
1643 1252 1658 1275 ,
1716 1210 1813 1264 καὶ

224 1315 429 1369 τούτων
446 1312 651 1382 ἑκάστη
676 1310 812 1380 ἄλλη
837 1308 986 1378 παρὰ
1010 1308 1109 1378 τὴν
1138 1306 1336 1376 ἑτέραν
1357 1321 1369 1334 ·
1402 1304 1518 1358 ἀλλ’
1541 1305 1570 1355 ὁ
1597 1302 1813 1366 Παῦλος

230 1404 332 1476 μία
361 1405 514 1457 ἐστὶν
546 1403 872 1465 ὑπόστασις,
896 1397 1105 1459 ταύτας
1136 1395 1275 1466 ἔχων
1309 1395 1440 1458 ὅλας
1473 1394 1574 1457 τὰς
1612 1393 1814 1445 τέσσα-

230 1504 326 1568 ρας
347 1495 631 1565 ἐνεργείας
655 1510 671 1526 ο
709 1492 821 1545 ἀλλ’
849 1489 1117 1560 ὀφθαλμῷ
1151 1489 1248 1559 μὲν
1280 1488 1403 1558 ὁρᾷ,
1435 1488 1528 1540 καί
1552 1486 1654 1539 οὑκ
1671 1484 1815 1552 ἄλλῳ

224 1592 335 1644 τῶν
366 1587 463 1642 τοῦ
504 1585 757 1657 σώματος
809 1583 1021 1654 μελῶνο
1058 1581 1248 1636 ἀκούει
1282 1580 1340 1633 δὲ
1368 1579 1448 1650 τῷ
1496 1578 1664 1648 ὠτίῳ,
1721 1577 1817 1628 καί⁸

223 1681 325 1733 οὐκ
352 1678 523 1748 ἄλλῳ,
550 1676 648 1730 καὶ
670 1678 737 1746 τῇ
761 1674 981 1744 γλώττῃ
1005 1673 1177 1737 λαλεῖ,
1206 1673 1303 1725 καλ⁵
1322 1671 1425 1724 οὑκ
1449 1670 1594 1740 ἄλλῳ
1619 1668 1813 1738 μορίῳ,

226 1770 321 1825 καὶ
347 1768 718 1836 διαλογίζεται
742 1765 822 1818 τῶ
856 1764 959 1830 νοῒ,
988 1765 1085 1818 καὶ
1115 1764 1217 1817 οὑκ
1265 1763 1412 1832 ἄλλῳ
1434 1762 1542 1816 τινί
1563 1780 1575 1792 ·
1610 1760 1814 1829 ἑκάστη

1911 660 2295 731 operationes,
2322 657 2443 727 ejus
2480 656 2717 720 scilicet,
2752 656 2847 727 qui
2888 663 2979 713 est
3017 669 3124 710 una
3174 654 3498 727 hypostasis

1911 767 1978 808 ex
2019 755 2213 806 sancta
2257 747 2550 813 Trinitate,
2579 760 2744 817 quem
2775 755 2965 815 aperte
3007 745 3367 815 probavimus
3403 747 3501 800 ha-

1912 838 2044 893 bere
2087 837 2226 892 duas
2258 843 2508 901 naturas,
2543 849 2657 888 non
2710 833 2855 888 alius
2895 842 2949 886 et
2990 833 3136 888 alius
3178 833 3501 903 bypostasis

1913 928 2029 983 sive
2056 941 2328 998 personae.
2371 924 2656 995 Siquidem
2694 924 2963 994 possibile
2991 932 3096 991 est,
3129 940 3292 979 unam
3325 928 3500 998 hypo-

1913 1018 2108 1074 stasim
2133 1018 2337 1073 habere
2369 1017 2620 1072 diversas
2658 1016 3018 1086 operationes
3040 1057 3054 1083 ,
3098 1023 3152 1069 et
3184 1030 3407 1073 manere
3446 1017 3501 1071 in

1915 1123 2016 1165 sua
2048 1108 2282 1162 unitate.
2335 1104 2679 1176 UtIexempli
2708 1120 2877 1162 causa
2920 1106 3195 1173 dicamus,
3243 1108 3503 1163 videmus

1915 1200 2147 1255 Paulqu
2181 1206 2460 1270 potentem
2504 1198 2712 1265 videre,
2763 1208 2819 1254 et
2873 1199 3087 1267 audire,
3135 1215 3200 1255 ac
3237 1199 3409 1272 loqui,
3453 1212 3506 1257 et

1915 1293 2238 1363 disputare;
2266 1291 2430 1356 visio,
2464 1291 2696 1356 auditio,
2726 1291 2954 1358 locutio,
2994 1299 3049 1347 et
3079 1291 3390 1363 disputatio
3422 1294 3506 1349 di-

1915 1399 2092 1440 versae
2121 1383 2479 1454 operationes
2512 1392 2672 1448 sunt;
2706 1392 2760 1439 et
2794 1399 3143 1456 unaquaque
3173 1386 3366 1441 barum
3396 1387 3504 1442 alia

1915 1484 2002 1531 est
2032 1484 2235 1546 praeter
2269 1476 2462 1542 aliam,
2513 1486 2568 1531 et
2605 1474 2815 1531 Paulus
2867 1492 2976 1531 una
3028 1486 3114 1534 est
3163 1479 3503 1551 hypostasis,

1916 1583 2042 1637 qua:
2072 1569 2236 1623 habet
2251 1575 2397 1625 totas
2426 1575 2670 1638 quatuor
2701 1568 3096 1639 Operationes;
3126 1585 3316 1626 verum
3342 1573 3508 1627 oculo

1918 1663 2089 1729 videt,
2117 1672 2174 1720 et
2198 1680 2306 1720 non
2340 1664 2446 1718 alia
2490 1673 2645 1734 parte
2686 1665 2972 1734 corporis,
3013 1666 3167 1720 audit
3206 1681 3365 1734 aure,
3396 1683 3507 1723 non

1919 1755 2026 1810 alio
2050 1754 2324 1822 membro,
2364 1762 2422 1811 et
2448 1755 2635 1825 lingua
2668 1755 2939 1825 loquitur,
2980 1764 3035 1811 et
3061 1772 3169 1813 non
3204 1757 3308 1813 alia
3338 1761 3510 1825 parti-

221 1862 280 1916 es
309 1860 422 1914 τῶν
463 1855 846 1912 ὑποστατικῶν
904 1853 1203 1925 ἐνεργειῶν
1234 1852 1350 1924 ἔχει
1388 1853 1633 1921 φυσικὴν
1662 1851 1720 1902 ἐν
1745 1850 1813 1921 τῇ

1930 1846 2066 1911 cula,
2099 1855 2154 1901 et
2186 1854 2370 1902 mente
2419 1846 2824 1914 ratiocinatur,
2868 1856 2924 1901 ct
2958 1862 3066 1904 non
3111 1849 3223 1904 alio
3269 1850 3455 1920 aliquo
3493 1868 3508 1905 :

224 1912 530 2006 ὑποστάσει
581 1948 834 2018 δύναμιν,
889 1912 1442 2016 ὓλην-ὑποκειμένην
1478 1942 1556 2012 τῷ
1586 1912 1816 2010 ὑνεργήζ

1930 1949 2269 2006 unaquaeque
2299 1944 2482 1992 autem
2507 1912 2890 2007 operationem
2911 1912 3387 2010 hypustaticarum
3414 1943 3513 1997 ha-

222 2061 383 2117 ματι,
413 2044 553 2112 ὅπερ
586 2043 619 2112 ἡ
658 2040 960 2103 ὑπόστασις
1014 2040 1250 2108 ἐνεργεῖ,
1288 2036 1385 2089 καὶ
1415 2034 1535 2088 ἐστι
1563 2032 1626 2086 τὸ
1656 2034 1814 2100 ἐνερ-

220 2136 497 2205 γούμενον
525 2133 657 2185 ἴδιον
679 2132 779 2201 τῆς
825 2130 1203 2192 ὑποστάσεως.
1244 2127 1340 2180 Ὃν
1374 2125 1575 2196 τρόπον
1603 2121 1818 2183 Παῦλος

218 2229 535 2287 ὑπόστασις
560 2223 659 2287 ὢν,
688 2221 919 2292 δύναμιν
937 2219 1053 2290 ἔχει
1075 2221 1148 2288 τῇ
1168 2214 1367 2270 ἑαυτοῦ
1390 2213 1584 2286 γνώμῃ
1610 2213 1816 2278 λαλεῖν,

216 2320 298 2379 ὡς
318 2317 547 2388 ἔχουσιν
577 2315 627 2367 οἰ
651 2314 853 2376 πάντες
909 2311 1212 2382 ἄνθρωποι.
1273 2310 1337 2363 Οἱ
1401 2308 1586 2377 μέντοι
1644 2304 1818 2374 λόγοι,

214 2410 313 2473 οὒς
340 2408 565 2470 Παῦλος
617 2406 791 2468 λαλεῖ,
834 2404 953 2459 καθ’
987 2403 1046 2455 ὃν
1099 2402 1400 2471 φθέγγεται
1456 2397 1673 2469 καιρὸν,
1726 2393 1819 2449 τοῦ

220 2501 473 2557 Παύλου.
514 2501 655 2553 εἰσὶν
704 2498 849 2552 ἴδιοι.
873 2495 1029 2549 Οὕτω
1075 2493 1254 2547 τοίνυν
1286 2493 1361 2564 μὴ
1385 2486 1820 2561 ἀπαγορευτέον,

217 2597 316 2652 τὸν
347 2596 531 2651 ἀΐδιον
561 2593 713 2659 Υἱδν,
737 2592 831 2646 τὸν
860 2593 925 2645 ὲκ
946 2589 1046 2659 τῆς
1075 2586 1304 2667 Τριάδος
1345 2585 1565 2639 ἅπαντα
1594 2582 1824 2635 ὑπόστα·

224 2706 337 2756 σιν,
370 2688 539 2759 ἔχειν.
569 2685 708 2757 μετὰ
763 2684 865 2755 τὴν
926 2679 1124 2736 ἑαυτοῦ
1162 2676 1602 2749 ὲνανθρὼπησιν,
1629 2675 1730 2744 τήν
1761 2688 1825 2726 τε

223 2781 387 2836 θείαν
435 2778 621 2848 φύσιν,
672 2776 747 2839 ὼς
772 2776 801 2828 ὁ
828 2772 1040 2843 Πατὴρ,
1096 2770 1194 2824 καὶ
1249 2769 1312 2822 τὺ
1371 2767 1527 2836 ἅγιον
1572 2762 1822 2835 Πνεῦμα,

224 2874 326 2929 καὶ
357 2873 464 2943 τὴν
513 2867 866 2939 ἀνθρωπίνην
923 2864 1118 2933 φύσιν,
1183 2861 1377 2930 ὥσπερ
1426 2860 1659 2922 ἕκαστος
1713 2857 1825 2912 τῶν

223 2966 381 3021 κατὰ
438 2962 606 3034 μέρος
665 2957 1002 3029 ἀνθρώπων,
1054 2952 1175 3008 καθ’
1219 2953 1281 3007 ὃν
1341 2952 1668 3025 προέφημεν
1696 2950 1825 3023 τρόο

221 3074 332 3111 πον
340 3096 356 3110 ο

298 3146 534 3202 Τούτων
581 3143 753 3206 οὑτως
825 3141 1091 3213 ἐχόντων,
1147 3139 1395 3209 πέφυκεν
1444 3135 1755 3207 εἰλικρινῶς
1789 3136 1823 3206 ὴ

220 3238 356 3294 θεία
393 3237 586 3306 φύσις,
621 3236 679 3288 ὲν
706 3236 771 3305 τῇ
803 3233 971 3289 αὑτοῦ
999 3232 1319 3295 ὑποστάσει,
1352 3230 1454 3301 ὕλη
1483 3231 1594 3293 τοῖς
1626 3226 1824 3282 ἑαυτοῦ
1848 3267 1899 3328 κα

220 3330 409 3392 θείοις
466 3327 669 3398 ἔργοις,
701 3325 739 3380 δ.
764 3324 909 3379 κατὰ
950 3324 1048 3395 τὴν
1072 3322 1486 3395 ὲνανθρώπησιν
1521 3319 1708 3387 αὑτοῦ,
1732 3319 1828 3373 καὶ

215 3426 324 3478 ἐπὶ
373 3424 488 3492 γῆς
546 3420 896 3491 ἀναστροφὴν
952 3418 1272 3490 εἰργάσατο.
1319 3416 1561 3487 Ἀληθῶς
1583 3415 1643 3469 δὲ
1677 3414 1829 3482 καὶὴ

214 3512 563 3587 ἀνθρωπίνη
591 3511 754 3581 φύσις
786 3510 963 3564 ἔνεστι
993 3513 1061 3582 τῇ
1093 3507 1190 3563 τοῦ
1219 3508 1393 3562 ἀϊδίου
1434 3507 1567 3561 Υἰοῦ
1589 3505 1832 3561 ὑποστά-

218 3627 338 3673 σει,
369 3605 483 3677 ὑλη
533 3605 649 3666 τοῖς
688 3601 890 3655 ἑαυτοῦ
916 3600 1283 3674 ἀνθρωπίνοις
1305 3598 1511 3669 ἔργοις,
1540 3597 1578 3653 ἃ
1596 3600 1712 3661 τοῖς
1738 3598 1832 3650 ἁν-

213 3702 488 3774 θρὼποις
518 3694 1103 3767 συναναστρεφόμενος
1146 3692 1474 3764 πεποίηκεν,
1530 3690 1628 3745 καί
1681 3686 1832 3742 ἔστιν

212 3791 401 3849 αὑτοῦ
456 3790 569 3843 ἴδια
611 3787 769 3861 παρὰ
814 3787 1024 3849 πάντας
1078 3783 1428 3855 ἀνθρώπους.
1463 3782 1523 3838 '0
1565 3782 1729 3845 αὑτὸς
1774 3780 1833 3835 δὲ

210 3889 390 3958 λόγος
432 3883 590 3938 ἐστὶν
643 3882 740 3936 καί
775 3880 870 3933 ἐπὶ
898 3880 1011 3944 τοῖς
1038 3878 1193 3932 δυσὶν
1223 3875 1390 3932 αὑτοῦ
1402 3877 1666 3945 τρυσικοϊς
1689 3872 1832 3929 ἰδιώ-

217 3978 406 4052 μασίν
435 3991 501 4028 τε
536 3971 633 4027 καὶ
672 3971 996 4043 θελήμασιν.
1434 4050 1449 4057 _

305 4067 657 4136 ’Δναγκαῖον
684 4064 743 4118 δὲ
777 4063 874 4119 καὶ
932 4060 1093 4117 τοῦτο
1125 4062 1200 4133 μὴ
1240 4061 1454 4133 ἀσαφὲς
1510 4058 1833 4114 καταλιπεῖν

209 4165 300 4238 τῷ
356 4158 761 4229 ἐντυγχάνοντι
789 4155 927 4225 τῷδε
974 4154 1054 4224 τῷ
1081 4155 1339 4226 ἡμετέρῳ
1384 4153 1691 4224 γράμματι,
1751 4151 1832 4205 ὅτι

206 4257 316 4311 τὸν
346 4253 540 4310 ἀΐδιον
570 4248 699 4303 Υἱὸν
728 4247 1015 4318 ἄνθρωπον
1042 4245 1295 4314 λέγοντες
1325 4243 1678 4313 γεγενῆσθαι,
1710 4242 1834 4296 τοῦ-

206 4349 277 4403 τό
314 4360 543 4417 φαμεν,
564 4343 721 4412 ’ὅπερ
753 4338 1078 4403 Ἀθανάσιός
1106 4326 1165 4392 τε
1201 4338 1296 4392 καὶ
1344 4335 1634 4407 Κύριλλος,
1659 4334 1709 4387 οἰ
1733 4333 1834 4403 τῆς

220 4430 677 4501 Ἀλεξανδρείας
734 4430 1025 4501 εἰρήκασιν
1087 4427 1366 4498 ἰεράρχαι,
1421 4427 1517 4478 καὶ
1553 4426 1754 4487 πάντες
1781 4424 1830 4477 οἰ

204 4527 496 4597 θεοφόροι
530 4521 796 4593 Πατέρες,
819 4522 902 4573 ὅτι
949 4520 1143 4584 κτίσας
1165 4523 1230 4574 ὲκ
1247 4519 1346 4590 τῆς
1389 4516 1669 4588 Παρθένου
1694 4532 1833 4570 παν-

1925 2028 2019 2084 bet
2049 2028 2357 2083 naturalem
2411 2029 2466 2082 in
2525 2029 2812 2100 hypostasi
2866 2032 3169 2101 potentiam
3220 2035 3510 2091 materiam

1926 2117 2233 2188 subjectam
2282 2118 2528 2186 effectui,
2570 2135 2736 2191 quem
2778 2121 3096 2193 hypostasis
3143 2134 3424 2195 operatur,
3459 2137 3514 2183 et

1925 2217 2011 2264 est
2068 2211 2216 2281 quod
2275 2210 2548 2278 etiicitur,
2607 2214 2897 2287 proprium
2945 2215 3292 2288 hypostasis.
3356 2219 3514 2275 Sicut

1926 2301 2153 2371 Paulus,
2193 2303 2287 2373 qui
2333 2311 2420 2360 est
2471 2305 2811 2377 bypostasis,
2859 2311 3161 2378 potentiam
3220 2311 3386 2367 habet
3430 2313 3513 2368 lo-

1926 2395 2133 2464 quendi
2183 2411 2284 2452 sua
2315 2397 2614 2464 voluntate,
2667 2400 2834 2457 sicuti
2873 2403 3079 2459 habent
3104 2420 3299 2462 omnes
3333 2407 3515 2463 homi-

1931 2500 2050 2541 nes.
2083 2485 2380 2545 Sermones
2434 2499 2617 2547 tamen
2675 2508 2818 2564 quos
2864 2494 3067 2551 Paulus
3100 2498 3369 2569 loquitur,
3405 2516 3515 2570 quo

1931 2586 2181 2646 tempore
2237 2580 2506 2651 loquitur,
2553 2585 2764 2656 proprii
2812 2597 2944 2643 sunt
2996 2589 3173 2646 Pauli.
3212 2591 3305 2647 Sic
3348 2593 3517 2666 igitur

1932 2679 2044 2719 non
2078 2674 2165 2723 est
2205 2669 2537 2740 negandum,
2579 2680 2847 2731 aeternum
2888 2675 3086 2734 Filium
3129 2687 3307 2736 totttm
3338 2683 3519 2756 hypo-

1932 2758 2127 2819 stasim
2173 2775 2241 2817 ex
2287 2760 2580 2832 Trinitate,
2641 2766 2848 2825 habere
2894 2780 3024 2840 post
3074 2773 3515 2832 incarnationem

1932 2861 2191 2907 naturam
2240 2854 2507 2924 divinam,
2544 2858 2712 2915 sicuti
2752 2876 2898 2917 unus
2949 2860 3134 2929 Pater,
3177 2872 3232 2920 et
3272 2865 3518 2937 Spiritus

1932 2952 2196 3014 sanctus;
2227 2954 2283 3004 et
2309 2955 2563 3003 naturam
2595 2950 2915 3020 humanam,
2944 2955 3109 3012 sicuti
3134 2963 3518 3032 unusquisque

1935 3039 2098 3093 homo
2126 3039 2507 3108 particularis,
2543 3044 2685 3099 sicut
2712 3053 2842 3101 ante
2866 3045 3133 3105 diximus.

2006 3132 2136 3190 Haec
2168 3150 2295 3191 cum
2341 3138 2423 3193 sic
2449 3137 2582 3205 sint,
2626 3139 2797 3197 habet
2846 3141 3035 3199 divina
3072 3154 3275 3201 natura
3317 3146 3371 3203 in
3412 3164 3518 3213 Δγ-

1933 3226 2142 3297 postasi
2183 3226 2331 3293 Filii,
2382 3236 2444 3283 ut.
2490 3230 2565 3286 sit
2606 3234 2838 3288 materia
2893 3234 3099 3293 divinis
3153 3237 3274 3309 ejus
3327 3247 3515 3300 oneri-

1930 3323 2035 3375 bus
2059 3320 2209 3391 (il),
2246 3336 2368 3392 quae
2423 3324 2731 3380 secundum
2770 3341 2928 3383 suam
2972 3328 3377 3388 humanitatem
3423 3349 3516 3392 as-

1932 3416 2228 3479 sumptam,
2273 3423 2327 3466 et
2378 3415 2684 3470 secundum
2732 3419 3217 3476 conversationem
3264 3422 3323 3478 in
3364 3430 3517 3480 terra

1930 3514 2190 3573 operatus
2221 3511 2327 3559 est.
2370 3502 2510 3560 Vere
2553 3506 2703 3561 enim
2743 3516 2797 3563 et
2852 3518 3049 3566 natura
3078 3512 3320 3570 humana
3369 3516 3518 3573 inest

1931 3595 1990 3649 in
2039 3594 2322 3667 bypostasi
2373 3598 2565 3653 aeterni
2614 3597 2740 3654 Filii
2790 3604 3031 3658 materia
3088 3606 3205 3671 suis
3251 3609 3514 3679 operibus

1934 3686 2214 3753 humanis,
2251 3703 2375 3759 quae
2406 3704 2532 3745 cum
2583 3690 2902 3751 hominibus
2945 3710 3144 3766 agens,
3186 3708 3242 3753 et
3280 3701 3337 3754 in
3368 3709 3518 3758 terra

1932 3793 2165 3838 versans
2204 3778 2355 3846 fecit,
2388 3791 2444 3837 et
2487 3791 2619 3837 sunt
2656 3782 2778 3854 ejus
2818 3791 3043 3858 propria
3082 3798 3285 3860 praeter
3321 3807 3518 3850 omnes

1934 3868 2204 3926 homines.
2234 3869 2437 3927 Eadem
2472 3874 2617 3929 ratio
2642 3882 2734 3955 ‘est
2773 3884 2830 3932 et
2862 3878 2919 3934 in
2949 3878 3164 3938 duabus
3197 3882 3322 3953 ejus
3355 3894 3522 3941 natu-
3618 3918 3629 3929 ι

1933 3961 2141 4017 ralibus
2171 3964 2601 4034 proprietatibus
2651 3978 2707 4024 et
2734 3970 3133 4029 voluntatibus.

2003 4055 2393 4114 Necessarium
2442 4066 2711 4129 praeterea
2751 4075 2834 4120 est
2888 4081 3000 4122 non
3044 4069 3363 4141 relinquere
3412 4074 3521 4131 hoc

1932 4148 2126 4205 lectori
2162 4151 2280 4207 sine
2308 4152 2700 4223 explicatione,
2738 4158 2889 4227 quod
2917 4174 3043 4217 cum
3078 4161 3319 4220 dicimus
3355 4176 3519 4223 mter-

1933 4255 2067 4294 uum
2095 4239 2293 4317 Filium
2322 4240 2530 4299 factum
2564 4260 2690 4303 esse
2736 4247 3019 4304 hominem
3041 4290 3059 4315 ,
3112 4251 3218 4308 hoc
3255 4254 3517 4323 dicimus,

1934 4331 2082 4402 quod
2138 4332 2477 4392 Athanasius
2525 4344 2582 4392 et
2635 4338 2877 4411 Cyrillus
2920 4340 3279 4400 Alexandrini
3339 4349 3525 4405 archi-

1933 4426 2204 4497 episcopi,
2254 4438 2309 4485 et
2342 4444 2536 4485 omnes
2585 4432 2764 4488 sancti
2803 4431 2999 4490 Patres
3056 4434 3339 4503 dixerunt,
3392 4456 3520 4497 cum

1937 4517 2230 4575 fabricavit
2262 4522 2365 4577 sibi
2396 4537 2463 4578 ex
2496 4524 2799 4596 purissima
2846 4525 3074 4597 Virgine
3101 4527 3276 4585 Maria
3308 4535 3523 4588 anima-

205 4621 397 4688 άγνου
454 4614 692 4684 Μαρίας
716 4611 897 4682 ἑαυτῷ
920 4611 1308 4683 ὲψυχωμένην,
1338 4610 1567 4681 λογικήν
1620 4627 1682 4663 τε
1718 4610 1822 4663 καὶ

1936 4620 2048 4665 tum
2083 4620 2139 4666 et
2181 4614 2623 4683 ratiocinantem,
2666 4633 2732 4673 ac
2766 4618 3167 4690 intelligentem
3215 4621 3519 4679 humanam

204 4714 381 4785 ἱερὰν
395 4707 617 4780 ψυχὴν,
646 4706 782 4760 ἰδίαν
805 4706 903 4776 τῆς
926 4705 1122 4759 ἑαυτοῦ
1141 4705 1495 4768 ὑποστάσεως
1514 4704 1830 4775 ἐποιήσατο,

194 4804 285 4868 ὡς
324 4804 363 4872 ἡ
398 4798 509 4853 τοῦ
545 4795 717 4858 δεῖνος
773 4794 910 4864 σάρξ
930 4811 989 4848 τε
1025 4796 1121 4848 καὶ
1161 4794 1329 4865 ψυχὴ,
1361 4795 1462 4864 τῆς
1519 4792 1614 4847 τοῦ
1661 4793 1833 4856 δεῖνος

196 4895 598 4953 ὑποστάσεως
630 4888 734 4942 ἰδία
757 4888 1118 4958 καθέστηκεν.
1149 4889 1247 4941 Ὃν
1269 4884 1363 4942 οὖν
1383 4886 1584 4957 τρόπον
1613 4885 1827 4952 ὀδείνα,

196 4994 230 5044 ὁ
267 4989 454 5059 σῶμα
522 4981 868 5053 ἀνθρώπινον
927 4980 1066 5050 ἔχων
1092 4980 1187 5033 καὶ
1226 4979 1408 5049 ψυχὴν
1452 4978 1827 5051 ἀνθρωπίνην,

193 5075 530 5151 ἄνθρωπός
561 5074 711 5126 ὲστιν
732 5088 747 5102 ο
771 5071 862 5125 τὸν
884 5071 1046 5124 αὑτὸν
1067 5071 1269 5142 τρόπον
1284 5072 1313 5122 ὁ
1339 5070 1510 5134 ἀΐδιος
1539 5070 1688 5136 Υἱὸς,
1717 5070 1828 5124 κτί-

199 5190 311 5236 σας
336 5174 414 5242 cf;
448 5166 657 5223 ἑαυτοῦ
679 5166 983 5219 ὑποστάσει
1011 5165 1175 5235 σῶμα
1192 5163 1568 5234 ἀνθρώπινον,
1596 5163 1695 5218 καὶ
1719 5162 1825 5233 ψυ-

194 5265 311 5337 χὴν
343 5258 752 5332 ἀνθρωπίνην,
783 5260 878 5310 καὶ
903 5257 1013 5311 τδια
1035 5255 1201 5310 αὑτοῦ
1226 5255 1397 5327 ἄμφω
1424 5255 1820 5327 ποιησάμενος,

193 5358 452 5425 γιέγονεν
493 5349 716 5424 ἀληθῶς
772 5349 1080 5421 ἄνθρωπος.
1105 5348 1399 5420 ’Ὠσπερδὲ
1422 5349 1484 5401 τὸ
1510 5348 1606 5402 τοῦ
1653 5349 1826 5412 δεῖνος

193 5455 374 5523 σῶμα
416 5447 528 5500 καὶ
553 5444 590 5523 ἡ,
616 5441 764 5515 ψυχὴ
815 5441 1104 5512 ἀμφότερα
1133 5442 1234 5511 τῆς
1251 5440 1447 5494 ἑαυτοῦ
1477 5440 1827 5504 ὑποστάσεως

1935 4717 2213 4771 carnem,
2248 4707 2415 4761 etiam
2464 4708 2764 4765 humanam
2822 4712 3221 4784 intelligentcm
3278 4718 3521 4777 animam

1936 4795 2214 4865 propriam
2271 4812 2387 4855 suae
2443 4800 2758 4871 hypostasis
2810 4802 2969 4873 fecit,
3025 4806 3190 4863 sicuti
3230 4808 3523 4879 cujusdam

1933 4902 2065 4944 caro
2115 4896 2169 4943 et
2219 4889 2402 4944 anima
2429 4891 2719 4961 cujusdam
2766 4893 3085 4966 hypostasis
3109 4898 3225 4954 sive
3266 4915 3522 4969 personae

1934 4981 2156 5052 propria
2205 4990 2311 5037 est.
2360 4982 2519 5038 Sicut
2570 4985 2741 5057 igitur
2777 4987 3033 5057 quidam,
3083 4991 3177 5061 qui
3223 5007 3423 5063 corpus
3466 5004 3524 5049 et

1935 5072 2175 5133 animam
2207 5071 2370 5142 377
2415 5074 2601 5138 habet,
2651 5075 2818 5141 homo
2856 5086 2963 5144 est,
3011 5079 3078 5133 ad
3109 5083 3361 5138 eumdem
3395 5100 3517 5137 mo-

1934 5166 2065 5219 dum
2091 5172 2336 5221 aeternus
2370 5164 2568 5233 Filius,
2607 5164 2916 5225 fabricatus
2938 5170 3044 5225 sibi
3089 5186 3294 5240 corpus
3325 5173 3523 5227 innua-

1933 5274 2087 5323 num,
2131 5264 2185 5313 et
2222 5258 2461 5311 animam
2496 5257 2820 5323 humanam,
2853 5269 2907 5316 et
2952 5262 3118 5318 ambo
3157 5265 3380 5335 propria
3414 5265 3521 5320 sibi

1930 5349 2158 5416 faciens,
2198 5350 2380 5404 factus
2412 5356 2499 5404 est
2530 5365 2658 5405 vere
2700 5351 2891 5409 homo.
2924 5352 3081 5409 Sicut
3120 5356 3290 5426 igitur
3312 5371 3517 5427 corpus

1931 5447 1985 5495 et
2010 5440 2192 5493 anima
2225 5439 2510 5509 cujusdam
2544 5449 2776 5509 utraque
2823 5450 2952 5497 sunt
2987 5446 3212 5515 propria
3254 5459 3369 5499 sua:
3403 5457 3524 5515 pcr-
3600 5486 3605 5491 .

1751 5590 1983 5647 NOTAE.

272 5690 404 5760 (41)
425 5759 429 5760 ί
454 5684 646 5760 Schol.
673 5684 833 5760 Turr.
868 5682 1022 5737 Sicut
1046 5685 1293 5760 potentia
1310 5691 1397 5740 est
1420 5682 1667 5760 subjecta
1700 5684 1820 5740 suis

189 5754 753 5831 operationibusin
790 5755 1083 5831 ltypostasi
1127 5755 1390 5831 humana,
1441 5755 1521 5808 sic
1561 5754 1614 5808 in
1650 5754 1820 5831 hypo-

188 5824 343 5887 εὑιεὶ
378 5826 591 5881 divina
617 5824 742 5877 Filii
775 5824 957 5877 divina
996 5830 1193 5879 natura
1244 5826 1493 5894 StibjCCla
1522 5834 1641 5878 erat
1673 5824 1817 5877 divi-

188 5904 289 5961 nis
324 5894 774 5969 operationibus
807 5912 819 5946 :
854 5895 1092 5946 humana
1129 5911 1261 5949 vero
1300 5906 1497 5950 natura
1531 5894 1582 5946 in
1618 5895 1808 5950 eadem

566 5983 839 6044 Parum.
889 5986 1006 6048 Gn.
1054 5987 1292 6048 XCV“.

1934 5685 2215 5757 hypostasi
2253 5686 2439 5739 divina
2476 5687 2722 5757 subjecta
2770 5688 3192 5757 operationibus
3234 5689 3512 5747 humanis.

1933 5753 2145 5809 Dicitur
2171 5762 2369 5809 natura
2398 5753 2591 5811 divina
2627 5753 2876 5819 materia,
2914 5759 2964 5811 id
2997 5768 3102 5823 est,
3136 5760 3313 5814 instar
3342 5774 3516 5817 mate-

1930 5825 2047 5890 riae,
2083 5836 2137 5880 et
2182 5828 2416 5895 subjecti
2456 5828 2757 5899 secllndum
2793 5828 3017 5883 nimium
3052 5831 3514 5899 apprehensionis

1925 5908 2150 5960 nostrae,
2187 5905 2245 5950 ut
2274 5908 2500 5954 sanctus
2530 5897 2730 5954 Theb.
2766 5899 2909 5968 loqui
2950 5897 3109 5955 sole”.

3117 5996 3194 6053 Itis
