4000 6462
3639 406 3778 479 1518

484 574 653 623 senae,
685 566 742 613 et
792 572 903 611 non
940 554 1080 608 alius
1124 554 1379 609 humanae
1419 567 1670 624 personae
1700 553 1809 625 [sic
1835 565 2061 623 corpus,
2095 557 2120 610 Δ

2227 565 2297 613 ια,
2322 546 2423 605 οὐκ
2448 544 2618 614 ἄλλης
2638 542 2746 596 τῶν
2770 538 3133 609 ἀνθρωπίνων
3148 536 3517 590 ὑποστάσεων
3539 545 3554 562 °
3581 531 3781 586 τούτου

483 664 537 708 et
565 651 750 707 anima
771 648 961 704 aeterni
992 645 1144 710 Filii,
1185 646 1350 701 ambo
1380 653 1511 700 sunt
1549 624 1774 716 propria
1819 659 1936 699 suae
1968 643 2068 714 hy-

2227 657 2240 707 ]
2275 638 2435 709 χάριν
2496 635 2588 688 τὸν
2643 632 2815 687 ἀΐδιον
2844 629 2972 683 Υίόν
2997 645 3183 700 φαμεν
3209 628 3305 682 τὸν
3326 628 3393 680 ὲκ
3416 624 3523 697 τῆς
3543 624 3784 696 Τριάδος

486 743 745 815 p'ostasis,
767 749 822 797 et
843 755 951 796 non
969 738 1113 793 alius
1127 738 1494 793 humanarum
1514 738 1885 809 hypostaseon
1905 732 2067 805 (42η,

2227 748 2305 784 ιτα
2342 730 2469 799 μίαν
2495 725 2817 791 ὑπόστασιν,
2878 721 2974 777 δύο
3007 720 3206 790 φύσεις
3236 718 3409 790 ἔχειν,
3458 717 3567 770 οὐκ
3596 716 3787 777 ίδικῶς

486 836 589 889 hac
628 833 696 887 de
723 847 892 887 causa
935 829 1177 884 dicimus
1205 836 1476 883 aeternum
1520 806 1720 883 Filium
1760 841 1930 882 unam
1968 825 2070 895 hy-

2227 821 2446 891 ιατέρας
2492 820 2558 888 τῇ
2598 815 2767 870 αὑτοῦ
2823 813 3124 869 ὑποστάσει
3178 809 3590 895 διαφερούσας,
3647 806 3791 859 ἀλλά

489 926 753 997 ροειοείω
799 940 865 978 ex
896 921 1196 985 Trinitate,
1231 921 1434 976 habere
1476 920 1615 976 duas
1655 929 1907 983 naturas,
1955 932 2068 972 non

2227 916 2274 985 ᾖς
2309 915 2407 985 μὲν
2464 912 2617 974 θείας
2669 909 2889 979 φύσεως
2949 904 3119 960 αὑτοῦ
3145 888 3359 971 caput
3414 900 3640 971 Πατρδς
3694 899 3794 951 καὶ

490 1027 754 1086 utrasque
795 1013 1003 1079 ίδικῶς,
1037 1014 1089 1068 id
1120 1020 1236 1077 est,
1273 1012 1590 1082 specialiter
1623 1013 1739 1066 sive
1766 1008 2071 1081 particula-

2227 1007 2338 1076 γίου
2376 1005 2698 1075 Πνεύματος
2737 997 2839 1074 ἦν·
2881 998 3207 1071 ἀνθρωπίνη
3235 997 3318 1064 δὲ,
3344 992 3517 1072 auget?
3577 1010 3643 1045 τε
3698 992 3797 1045 καὶ

492 1112 625 1166 riter
660 1107 946 1180 hypostasi
982 1107 1160 1176 ipsius
1191 1103 1549 1170 dili‘erentes;
1607 1103 1704 1158 sed
1736 1066 1924 1157 divina
1954 1100 2077 1169 qui-

2227 1066 2290 1151 ξῦν
2330 1096 2472 1150 κατὰ
2526 1066 2693 1168 μέρος
2754 1066 3084 1164 ἀνθρώπων.
3134 1091 3200 1144 Ἦ
3227 1066 3429 1160 μέντοι⁷
3474 1085 3797 1145 ὑπόστασις

492 1204 617 1258 dem
649 1175 848 1256 natura
875 1201 1054 1271 ipsius
1073 1206 1128 1254 et
1158 1197 1357 1260 Patris,
1383 1204 1438 1252 et
1466 1195 1708 1267 Spiritus
1735 1192 1915 1248 sancti
1937 1198 2078 1251 erat,

2227 1189 2351 1243 ὐτοῠ
2378 1186 2748 1257 διαφερόντως
2791 1182 2942 1252 αὑτῷ
3003 1184 3151 1254 μόνῳ
3206 1179 3360 1252 παρά
3411 1178 3509 1232 τὸν
3557 1175 3800 1245 Πατέρα

493 1295 728 1347 humana
775 1306 906 1347 vero
956 1290 1136 1360 ipsius
1186 1298 1241 1344 et
1287 1266 1595 1342 hominum.
1641 1283 1967 1356 Hypostasis
1999 1289 2083 1335 ta-

2227 1281 2275 1334 xi.
2303 1281 2366 1332 τδ
2399 1276 2728 1346 Πνεῦμα’τὸ
2769 1274 2929 1343 ἅγιον
2976 1272 3315 1345 ἀφώρισται,
3371 1271 3471 1324 καί
3510 1268 3578 1320 τὸ
3636 1266 3803 1335 σῶμα

493 1402 619 1439 men
658 1384 780 1454 ejus
827 1357 1225 1454 διαφερόντως,
1271 1380 1324 1434 id
1369 1386 1455 1435 est
1496 1378 1775 1448 praecipue
1825 1374 2082 1445 ipsi-soli

2227 1369 2347 1424 ὅτοῦ
2399 1370 2495 1422 καὶ
2521 1366 2719 1439 ἡψυχὴ
2745 1365 2931 1430 ίδικῶς
2963 1365 3253 1437 ἀμφότερα
3274 1363 3380 1434 τῆς
3415 1357 3803 1420 ὑποστάσεως

496 1485 695 1546 praeter
729 1475 946 1530 Patrem
989 1480 1045 1528 et
1088 1471 1359 1541 Spiritum
1407 1476 1683 1534 sanctum,
1726 1467 1994 1522 distincta
2031 1474 2085 1517 et

2227 1461 2347 1517 ὒτοῦ
2381 1462 2537 1533 παρὰ
2562 1460 2773 1523 πάντας
2797 1459 3151 1532 ἀνθρώπους.

499 1570 739 1623 discreta
777 1576 882 1634 est,
918 1573 972 1621 et
1018 1580 1224 1635 corpus
1269 1563 1393 1634 ejus
1431 1570 1487 1617 et
1529 1561 1716 1616 anima
1764 1556 2079 1630 specialiter
2119 1565 2251 1610 sunt
2288 1552 2627 1626 hypostasis,
2671 1551 2791 1608 sive
2831 1565 3087 1622 persona:
3127 1550 3252 1622 ejus
3316 1556 3528 1619 praeter
3600 1556 3803 1597 opiner

506 1662 784 1716 homines.

488 441 624 508 Ῑῖιὶὗ
1718 429 2115 494 THEODORI

2227 425 2516 488 tUCAR/E

570 1753 926 1822 Qumcunque
976 1756 1159 1804 autem
1205 1744 1473 1802 sustinuit
1501 1750 1556 1797 et
1613 1757 1782 1813 passa
1833 1732 2088 1796 estcaro

2267 1728 2415 1782 ’Ὀσα
2452 1726 2512 1780 δὲ
2536 1724 2751 1796 ὑπέστη
2782 1723 2877 1779 καὶ
2925 1723 3200 1778 πέπονθεν
3224 1724 3258 1793 ἡ
3290 1720 3388 1777 τοῦ
3418 1720 3609 1779 ἀϊδίου
3646 1722 3804 1793 σάρξ,

500 1846 690 1903 :eterni
721 1843 868 1911 Filii,
896 1850 952 1897 et
973 1841 1155 1896 anima
1210 1837 1333 1910 ejus
1387 1837 1656 1899 humana,
1700 1835 1821 1904 ipse
1845 1839 2089 1887 aeternus

2227 1821 2293 1874 ;αὶ
2339 1821 2372 1891 ή
2406 1818 2731 1890 ἀνθρωπίνη
2780 1815 2950 1870 αὐτοῦ
2982 1814 3171 1888 ψυχὴ,
3202 1815 3367 1878 αὐτὸς
3409 1816 3439 1867 ό
3462 1815 3656 1878 ἀΐδιος
3682 1815 3807 1873 Υἱὸς

497 1940 670 1996 Filius
729 1936 824 1992 Dei
885 1931 1223 1989 sustinuisse
1243 1907 1315 1985 vet
1344 1943 1548 1998 passus
1597 1939 1722 1981 esse
1755 1923 2002 1987 dicitur;
2043 1929 2096 1975 et

2227 1911 2502 1981 νφεστᾶναί
2563 1927 2623 1963 τε
2677 1907 2901 1978 λέγεται
2948 1908 3047 1962 καὶ
3094 1907 3472 1973 πεπονθέναι,
3509 1908 3617 1960 καὶ
3658 1909 3809 1979 αὐτῷ

499 2033 602 2104 ipsi
620 2045 747 2086 vere
766 2022 1180 2091 aeeiderunt,et
1198 2021 1300 2092 ipsi
1320 2021 1724 2083 attribuuntur,
1748 2016 1916 2073 sicuti
1946 2028 2098 2085 quaa-

2227 2002 2522 2074 ςυμϐέϐηκε
2561 2000 2704 2055 κατὰ
2732 1999 3016 2070 ἀλήθειαν,
3057 2000 3155 2052 καὶ
3199 1999 3354 2070 αὐτῷ
3382 2000 3806 2071 ἐπιγράφεται.

499 2138 722 2194 cunque
752 2120 962 2192 patitur
1005 2130 1136 2172 caro
1192 2114 1485 2183 cujusdam
1546 2118 1602 2168 et
1640 2111 1848 2175 anima,
1878 2108 2098 2164 cuidam

2227 2115 2260 2149 ,ν
2290 2094 2494 2164 τρόπον
2517 2092 2617 2146 ὅσα
2639 2091 2840 2164 πάσχει
2869 2092 2903 2161 ἡ
2924 2090 3022 2144 τοῦ
3049 2090 3222 2149 δεῖνος
3252 2090 3393 2163 σάρξ
3416 2109 3476 2144 τε
3505 2093 3609 2145 καὶ
3636 2093 3808 2162 ψυχὴ,

500 2181 781 2277 accidunt,
804 2222 857 2267 et
885 2211 990 2281 ipsi
1050 2223 1180 2263 vere
1211 2181 1618 2261 attribuuntur.
1649 2202 1868 2257 Idcirco
1914 2214 2101 2255 veram

2227 2186 2280 2258 τῷ
2309 2186 2443 2241 δεῖνι
2468 2186 2780 2257 συμϐαίνει.
2814 2183 2911 2249 καὶ
2926 2183 3079 2255 αὐτῷ
3100 2181 3247 2237 κατὰ
3270 2183 3543 2256 ἀληθειαν
3568 2186 3814 2257 ἐπιγρά-

502 2307 919 2366 confessionem
990 2300 1348 2365 conﬁtemur,
1409 2311 1536 2351 cum
1571 2294 1810 2350 dicimus
1833 2298 2103 2351 aeternum

2227 2297 2388 2344 perat.
2419 2278 2519 2332 Διά
2541 2277 2704 2332 τοῦτο
2725 2275 2824 2349 τὴν
2859 2275 3127 2348 ἀληθινὴν
3146 2276 3446 2349 ὁμολογίαν
3476 2278 3815 2348 ὁμολογοῦν-

503 2401 702 2457 Filium
728 2396 1000 2459 esurisse,
1031 2400 1086 2449 et
1135 2391 1348 2455 sitisse,
1376 2394 1433 2444 et
1464 2384 1830 2455 defatigatum
1893 2396 2018 2438 esse
2046 2380 2104 2435 in

505 2490 728 2564 agonia,
760 2496 815 2543 et
841 2486 1039 2541 faciem
1092 2482 1216 2552 ejus
1251 2491 1583 2550 percussam
1618 2489 1743 2531 esse
1777 2480 1834 2528 et
1863 2484 2107 2539 conspu-

505 2559 641 2648 ζέω,
664 2589 720 2638 et
754 2579 987 2635 dorsum
1025 2575 1145 2644 ejus
1176 2571 1509 2643 ﬂagellatam
1538 2582 1682 2633 esse,
1716 2571 1771 2621 et
1795 2562 1988 2619 aeterni
2014 2559 2111 2615 Fi-

508 2676 565 2732 iii
593 2688 790 2729 manus
818 2684 944 2727 esse
972 2665 1228 2723 confian
1262 2671 1318 2719 et
1354 2660 1545 2733 pedes,
1573 2658 1629 2716 et
1654 2658 1837 2728 ipsum
1863 2656 1917 2709 in
1941 2667 2108 2709 cruce

510 2780 843 2840 suspensum
876 2776 1001 2818 esse
1024 2801 1039 2827 ,
1076 2767 1131 2815 οι
1166 2765 1446 2812 mortuum
1486 2767 1554 2808 ac
1582 2750 1887 2822 sepultum,
1912 2755 1966 2803 ει
1996 2756 2106 2802 ter-

511 2861 585 2917 tia
620 2859 709 2915 die
733 2852 1131 2911 resurrexisse.
1158 2848 1364 2905 Verum
1399 2845 1517 2901 haec
1540 2858 1746 2914 passus
1773 2849 1883 2905 est,
1910 2848 2108 2909 quate-

512 2968 619 3012 nus
650 2948 918 3022 possibile
940 2944 1047 3000 fuit
1067 2942 1206 3015 pati,
1233 2941 1410 3007 idest,
1437 2952 1604 2995 carne
1633 2949 1734 2993 sua
1751 2934 2021 2997 humana,
2056 2940 2111 2988 et

512 3047 695 3102 anima
707 3056 833 3098 cum
849 3054 951 3119 sua
965 3046 1166 3093 natura
1190 3034 1400 3091 divina.
1417 3031 1525 3088 Sed
1545 3031 1594 3088 si
1612 3029 1882 3086 vellemus
1900 3026 2110 3099 sigilla-

511 3154 612 3196 tim
672 3112 980 3209 explicare,
1037 3126 1320 3200 quomodo
1386 3125 1822 3195 unumquodque
1886 3107 2107 3185 horum,

515 3246 637 3295 quae
661 3227 929 3293 diximus,
964 3222 1166 3279 factum
1193 3219 1382 3287 fuerit,
1416 3218 1583 3290 longa
1612 3223 1762 3274 esset
1781 3212 2040 3285 epistola,
2057 3217 2113 3273 et

515 3324 825 3381 satietatem
848 3316 1088 3374 alierret.
1115 3313 1210 3370 Sin
1237 3321 1423 3380 autem
1449 3307 1913 3366 horumomnium
1935 3303 2112 3375 expli-

517 3416 793 3473 cationem
832 3411 1108 3473 omittam,
1137 3406 1434 3463 videndum
1453 3403 1581 3469 erit,
1615 3416 1685 3457 ne
1703 3399 1843 3471 quid
1868 3398 1977 3455 mei
1999 3412 2116 3454 ser-

527 3524 727 3565 mones
765 3504 1068 3560 excludant
1086 3502 1154 3557 ab
1173 3501 1271 3565 iis,
1302 3497 1396 3569 qui
1415 3512 1526 3553 non
1550 3501 1680 3550 sunt
1702 3492 1771 3548 ad
1804 3491 2118 3561 intelligen-

517 3616 651 3657 num
674 3599 847 3664 acuti,
883 3608 1061 3666 neque
1085 3587 1508 3660 babentingenii
1524 3586 1829 3643 solertiam.
1845 3582 2117 3649 Quocirca

520 3701 757 3749 mortem
818 3688 888 3759 ad
935 3683 1329 3756 explicandum
1367 3681 1690 3750 seligemus,
1751 3690 1861 3748 qua
1900 3689 2115 3739 eorum,

522 3784 731 3856 quae'in
770 3779 1034 3853 passione
1063 3784 1275 3831 :eteruo
1312 3770 1453 3839 Filio
1484 3768 1581 3825 Dei
1606 3768 1953 3845 tribuuntur,
1980 3762 2120 3819 nihil

523 3883 611 3932 est
643 3871 895 3928 odiosius
926 3878 981 3924 et
1007 3858 1277 3924 invisius.
1308 3863 1385 3919 De
1440 3862 1543 3917 hac
1573 3860 1730 3916 vobis
1783 3857 2119 3928 aperiemus,

525 3965 807 4037 quomodo
863 3960 1067 4016 accidit
1096 3959 1169 4026 ei,
1196 3964 1253 4013 et
1282 3956 1408 4026 ejus
1465 3962 1726 4024 reputata
1784 3959 1895 4016 est,
1922 3958 1982 4005 ut
2016 3950 2123 4004 hoe

528 4058 682 4115 dicto
710 4065 765 4113 et
819 4054 1063 4128 prolato,
1094 4050 1163 4108 ad
1196 4049 1407 4120 reliqua
1441 4047 1638 4103 ducem
1674 4045 1942 4100 habeatis.

603 4413 771 4487 378
790 4410 1027 4466 Joannes
1054 4405 1324 4478 Baptista,
1376 4399 1524 4473 quod
1557 4413 1655 4453 vos
1696 4384 1813 4452 noni
1840 4393 1999 4465 fugit,
2028 4392 2129 4446 im-

533 4486 715 4580 pletus
748 4513 833 4561 est
867 4502 1081 4575 Spiritu
1145 4504 1340 4554 sancto
1371 4509 1497 4549 eum
1532 4491 1710 4546 adhuc
1738 4486 1790 4542 in
1828 4498 1984 4542 utero
2017 4500 2129 4538 ma-

2204 2388 2295 2436 τες
2340 2371 2573 2442 λέγομεν
2602 2409 2617 2435 ,
2657 2371 2741 2423 ὅτι
2767 2369 2932 2434 αὐτὸς
2961 2371 2990 2423 ό
3019 2367 3192 2432 ἀΐδιος
3221 2369 3355 2432 Υἱὸς
3378 2370 3686 2435 ὲπείνασε,
3723 2373 3817 2423 καὶ

2207 2460 2449 2533 ἐδίψησε,
2485 2460 2581 2513 καὶ
2613 2459 2902 2525 ἐκοπίασε,
2937 2459 3036 2513 καὶ⁸
3078 2458 3381 2528 ἠγωνίασε,
3417 2461 3518 2513 καὶ
3549 2461 3615 2513 τὸ
3642 2462 3816 2531 πρόσ-

2206 2570 2356 2607 ωπον
2399 2552 2565 2606 αὐτοῦ
2601 2550 2913 2623 ὲῤῥαπίσθη
2961 2550 3056 2605 καὶ
3101 2550 3417 2622 ἐνεπτύσθη
3443 2592 3459 2616 ,
3502 2556 3599 2605 καί
3631 2554 3682 2586 ³ο
3729 2554 3818 2606 τὸν

2207 2645 2379 2700 νῶτον
2407 2645 2576 2701 αὐτοῦ
2596 2641 2978 2715 ὲμαστιγώθη,
3022 2642 3120 2696 καλ⁵
3149 2641 3246 2694 τοῦ
3287 2641 3462 2698 ἀϊδίου
3504 2643 3648 2697 Υἱοῦ
3682 2643 3821 2696 καθ-

2207 2739 2500 2810 ηλώθησαν
2536 2738 2593 2791 αἱ
2647 2739 2852 2809 χεῖρες,
2905 2737 3002 2790 καὶ
3038 2736 3089 2789 οἱ
3138 2736 3322 2802 πόδες,
3363 2738 3460 2790 καὶ
3508 2736 3689 2799 αὐτὸς
3732 2738 3824 2790 ἐπὶ

2211 2829 2450 2899 σταυροῦ
2497 2828 2842 2901 ἐκρεμάσθη,
2895 2829 2991 2882 καὶ
3033 2827 3297 2893 ἀπέθανε,
3340 2829 3437 2881 καὶ
3472 2829 3688 2898 ἐτάφη,
3731 2831 3825 2881 καὶ

2211 2923 2412 2995 ἀνέστη
2453 2923 2717 2997 τῇγτρίτῃ
2743 2922 2950 2994 ἡμέρᾳ.
2997 2921 3188 2977 Ταῦτα
3220 2921 3425 2987 πάντα,
3452 2914 3504 2976 ὦ
3525 2916 3711 2985 οὗτοι,
3746 2923 3825 2992 τῷ

2211 3017 2366 3087 ἀϊδίῳ
2400 3015 2719 3088 συμϐέϐηκε
2745 3031 2757 3044 ·
2784 3014 2921 3070 ἀλλά
2951 3014 3129 3069 ταῦτα
3157 3014 3423 3079 πέπονθε,
3456 3012 3585 3068 καθ’
3603 3015 3636 3067 ὃ
3664 3015 3827 3069 δυνα-

2210 3112 2302 3169 τὸν
2326 3107 2395 3183 ἦν
2426 3112 2653 3177 παθεῖν,
2693 3110 2972 3179 τουτέστι,
2995 3113 3062 3183 τῇ
3093 3109 3294 3165 ἑαυτοῦ
3323 3107 3657 3183 ἀνθρωπίνῃ
3687 3129 3826 3185 σαρ-

2215 3206 2271 3260 κί
2295 3223 2355 3260 τε
2384 3206 2483 3259 καὶ
2523 3204 2670 3277 ψυχῇ
2718 3204 2899 3275 σὺντῇ
2935 3202 3130 3256 ἑαυτοῦ
3165 3202 3289 3274 θείᾳ
3336 3201 3522 3272 φύσει.
3570 3203 3726 3257 Ἀλλ’
3775 3204 3827 3257 εί

2220 3300 2319 3372 μὲν
2343 3299 2446 3354 ἀνὰ
2478 3297 2643 3368 μέρος
2670 3297 3007 3367 διασαφῆσαι
3034 3294 3152 3360 πῶς
3175 3295 3409 3349 ἕκαστον
3437 3294 3552 3350 τῶν
3581 3297 3827 3368 εἰρημέ-

2215 3409 2325 3448 νων
2382 3391 2601 3459 ὲγένετο
2662 3390 3081 3463 βουληθείημεν,
3151 3389 3376 3461 μακρὰν
3397 3389 3441 3422 ⁸¹
3501 3389 3573 3444 ἂν
3621 3390 3717 3461 εἴη
3768 3392 3827 3444 τὸ

2218 3482 2456 3554 γράμμα
2490 3484 2584 3536 καὶ
2631 3480 2959 3552 προσκορές.
2991 3479 3053 3532 Et
3094 3479 3152 3532 δὲ
3184 3477 3284 3550 τὴν
3312 3476 3523 3532 τούτων
3559 3479 3826 3533 ἁπάντων

2217 3573 2549 3643 διασάφησιν
2585 3570 3015 3641 καταλίπωμεν,
3055 3570 3249 3624 σκόπει
3286 3558 3499 3634 loti-rbi),
3552 3571 3629 3641 μή
3677 3589 3735 3623 τι
3763 3571 3825 3625 ἂν

2221 3665 2636 3719 ἀποκλεισθεῖεν
2682 3664 2791 3717 τῶν
2831 3664 2932 3716 οὐκ
2987 3661 3161 3715 ὄντων
3201 3662 3688 3732 εἰςκατανόησιν
3729 3662 3827 3715 οὐκ

2221 3756 2766 3828 ἐχόντων’ἀγχίνοιαν
2799 3757 2849 3809 oi
2884 3753 3147 3826 ἡμέτεροι
3181 3752 3351 3823 λόγοι,
3383 3752 3508 3806 ὅθεν
3535 3753 3631 3806 τὸν
3666 3754 3828 3807 θάνα-

2222 3864 2316 3902 τον
2337 3848 2675 3920 ἀφορίζομεν
2697 3888 2713 3912 ,
2752 3847 2811 3910 ὃς
2843 3848 2994 3899 ἐστιν
3019 3845 3125 3900 ὅσα
3152 3844 3229 3915 τῷ
3254 3844 3414 3914 ἀϊδίῳ
3440 3843 3563 3913 Υίῷ
3584 3847 3828 3916 ἐπιγρά-

2225 3955 2387 4010 φεται
2424 3940 2768 4011 παθημάτων
2806 3935 3213 4007 ἀπεχθέστερός
3244 3951 3305 3987 τε
3347 3935 3443 3987 καὶ
3486 3934 3833 4006 εἰδεχθέστε-

2229 4048 2338 4101 ρος.
2398 4032 2510 4086 Καὶ
2555 4030 2714 4086 τοῦτο
2767 4028 3226 4091 διαλευκάναντες
3270 4027 3623 4100 γνωριοῦμεν
3677 4030 3833 4100 ὑμῖν,

2228 4122 2345 4185 πῶς
2387 4121 2539 4193 αὑτῷ
2590 4120 2910 4193 συμϐέϐηκέ
2951 4136 3014 4173 τε
3062 4119 3157 4173 καὶ¹
3179 4118 3517 4187 λελόγισται,
3568 4112 3732 4184 ὅπως
3754 4123 3842 4174 ὲν-

2227 4215 2418 4270 τεῦθεν
2459 4213 2757 4284 λεγομένου
2786 4213 2882 4267 καὶ
2915 4212 3193 4283 ὴχομένου
3217 4212 3263 4247 ³⁸
3288 4250 3305 4276 ,
3335 4213 3428 4265 καὶ
3456 4214 3538 4275 είς
3562 4212 3635 4265 τά
3671 4212 3840 4267 λοιπά

2230 4304 2715 4376 καθοδηγηθείητε.

2316 4356 2714 4376 ηηηηηη-
3408 4356 3411 4358 ,

2313 4398 2568 4467 Ἰωάννης
2601 4397 2630 4450 ό
2650 4395 2990 4467 Βαπτιστὴς,
3021 4389 3066 4449 ὧ
3092 4388 3263 4459 οὗτοι,
3293 4393 3479 4457 καθὼς
3505 4394 3836 4457 ἐπίστασθε,

2232 4491 2479 4564 ἐπλήσθη
2509 4489 2828 4561 Πνεύματος
2853 4490 3009 4558 ἁγίου
3044 4488 3125 4541 ἔτι
3147 4487 3290 4542 κατά
3316 4486 3570 4557 γαστέρα
3590 4486 3701 4557 τῆς
3734 4503 3840 4558 μη-

534 4574 638 4657 ἶτὶε
694 4603 865 4653 esset.
912 4574 1064 4647 iErat
1105 4598 1292 4644 autem
1347 4582 1550 4641 Joanni
1599 4596 1805 4650 corpus
1835 4587 1888 4632 et
1923 4576 2120 4656 anima.

2232 4582 2359 4655 τρὸς
2405 4581 2571 4636 αὐτοῦ
2623 4578 2987 4651 κεκυημένος.
3040 4574 3150 4631 τΗν
3186 4576 3246 4630 δὲ
3287 4575 3369 4646 τῷ
3407 4577 3636 4649 Ἰωάννῃ
3694 4576 3838 4646 ψυχὴ

536 4691 671 4747 Post
727 4688 1024 4741 adventum
1068 4683 1239 4753 igitur
1296 4677 1546 4753 Spiritus
1596 4673 1796 4738 sancti,
1850 4669 2035 4724 anima
2077 4675 2120 4723 el

2236 4677 2332 4728 καὶ.
2355 4674 2538 4745 σῶμα.
2572 4672 2729 4727 Μετὰ
2761 4669 2892 4738 γοῦν
2922 4668 3022 4741 τὴν
3053 4667 3148 4721 τοῦ
3177 4666 3337 4735 ἀγίου
3364 4665 3695 4736 Πνεύματος
3723 4669 3838 4720 ἐπι-

539 4796 744 4853 corpus
771 4777 1003 4834 Joannis
1044 4752 1291 4843 spiritus
1316 4767 1500 4824 sancti
1541 4752 1736 4821 erant.
1763 4761 1913 4817 Mors
1943 4768 2129 4815 autem

538 4875 809 4942 cujusque
833 4864 1076 4920 hominis
1102 4857 1383 4931 separatio
1411 4862 1499 4911 est
1529 4856 1726 4909 animae
1748 4868 1778 4907 a
1798 4867 1903 4908 suo
1933 4867 2136 4922 corpo-

480 4944 496 4957 g
538 4982 619 5021 re.
656 4963 924 5032 Separata
990 4956 1163 5026 igitur
1201 4950 1386 5005 anima
1429 4946 1663 5002 Joannis
1689 4959 1977 5015 acnrpore
2008 4959 2133 5008 suo,

541 5067 795 5115 mortuus
826 5051 933 5107 fuit
963 5048 1230 5108 Joannes,
1251 5058 1359 5097 non
1399 5051 1581 5095 autem
1612 5037 1856 5109 Spiritus
1887 5047 2135 5103 sanctus,

2239 4765 2507 4834 φοίτησιν,
2555 4764 2589 4833 ἡ
2619 4761 2714 4815 τοῦ
2782 4760 3034 4815 Ἰωάννου
3094 4757 3264 4828 ψυχὴ,
3311 4762 3407 4809 καὶ
3458 4758 3521 4808 τὸ
3557 4757 3729 4825 σῶμα
3748 4756 3838 4809 τοῦ

2254 4856 2502 4910 Ἰωάννου
2541 4853 2636 4908 τοῦ
2682 4854 2839 4922 ἁγίου
2888 4851 3209 4921 Πνεύματος
3247 4844 3340 4919 ἦν.
3393 4848 3451 4900 Ὀ
3498 4847 3558 4900 δὲ
3613 4848 3838 4910 θάνατος

2243 4948 2474 5003 ἑκάστου
2499 4945 2607 5000 τῶν
2641 4945 2954 5018 ἀνθρώπων
3002 4941 3285 5013 χωρισμός
3318 4942 3436 4994 ἐστι
3482 4942 3585 5008 τῆς
3633 4940 3839 5002 οἰκείας

2240 5040 2420 5111 ψυχῆς
2449 5039 2558 5094 ἀπὸ
2603 5038 2699 5094 τοῦ
2729 5038 2933 5092 οἰκείου
2985 5035 3261 5106 σώματος.
3311 5027 3710 5103 Χωρισθείσης
3755 5028 3838 5085 οὖν

543 5150 635 5221 qui
667 5148 715 5203 ei
740 5144 979 5200 advenit.
1011 5138 1159 5193 Mors
1183 5136 1354 5207 igitur
1373 5130 1604 5187 Joannis
1634 5128 1758 5196 fuit,
1792 5144 1823 5184 a
1860 5144 1967 5199 qua
2001 5127 2120 5186 libet

2241 5132 2344 5202 τῆς
2393 5130 2487 5186 τοῦ
2536 5132 2784 5187 Ἰωάννου
2813 5130 2995 5201 ψυχῆς
3020 5129 3131 5183 ἀπὸ
3172 5126 3270 5180 τοῦ
3317 5127 3449 5180 ἰδίου
3479 5126 3751 5196 σώματος
3776 5164 3793 5191 ,
3815 5128 3840 5178 ὁ

544 5220 648 5298 fuit
681 5239 928 5311 Spiritus
950 5228 1204 5298 sanctus,
1230 5230 1305 5284 ita
1338 5234 1393 5281 ut
1450 5238 1601 5279 mors
1627 5220 1858 5278 Joannis
1907 5236 2019 5275 non
2051 5235 2140 5274 rc-

547 5343 768 5403 putetur
802 5328 1048 5397 Spiritus
1079 5320 1258 5379 sancti
1292 5334 1466 5380 mors,
1493 5315 1640 5370 sicut
1668 5312 1942 5369 audistis:
1971 5320 2138 5366 inter-

549 5443 654 5481 nus
681 5438 810 5478 vero
848 5418 1020 5474 Filius
1049 5431 1162 5471 non
1193 5422 1280 5469 est
1312 5410 1611 5481 c0pulatus
1640 5406 1933 5477 bypostasi
1958 5405 2138 5459 alicu-

551 5520 637 5589 jus
657 5514 900 5571 hominis
931 5524 1134 5581 corpus
1158 5514 1214 5561 et
1240 5504 1481 5558 animam
1518 5499 1795 5563 habentis,
1830 5497 1926 5553 sed
1956 5498 2140 5566 potius

2256 5222 2507 5295 ’loidtw'n;
2558 5223 2856 5294 τέθνηκεν,
2925 5222 2987 5275 οὐ
3040 5221 3103 5274 τὸ
3152 5218 3522 5288 ὲπιφοιτῆσαν
3574 5220 3640 5270 ὲν
3700 5216 3839 5286 αὐτῷ

2245 5315 2472 5387 Πνεῦμα
2500 5317 2676 5386 ἅγιον.
2694 5316 2754 5371 '0
2785 5316 3013 5379 θάνατος
3043 5313 3222 5368 τοίνυν
3256 5313 3506 5366 Ἰωάννου
3531 5306 3627 5381 ἦν,
3663 5314 3765 5364 καὶ
3792 5308 3842 5359 τὸ

2243 5408 2337 5461 τοῦ
2375 5408 2531 5478 ἁγίου
2557 5409 2881 5480 Πνεύματος
2902 5406 3210 5477 ἐλεύθερον,
3238 5405 3380 5460 ὥστε
3412 5404 3487 5473 μὴ
3516 5398 3841 5470 λογισθῆναι

2247 5501 2396 5572 αὑτῷ
2420 5503 2510 5558 τὸν
2547 5501 2642 5556 τοῦ
2704 5502 2956 5558 Ἰωάννου
3001 5500 3269 5562 θάνατον,
3306 5497 3429 5551 καθ’
3463 5496 3521 5547 δν
3560 5495 3837 5564 ἀκηκόατε

1840 5633 2076 5690 VARIZE
2118 5636 2527 5695 LECTIONES.

625 5747 672 5781 ω
699 5747 859 5801 κατά.
927 5742 968 5775 ³⁸
1007 5741 1046 5796 i'.
1083 5736 1314 5812 μακρόν.
1386 5735 1430 5764 ³⁸
1449 5731 1536 5785 ἲσ.
1571 5727 1903 5800 ὴχουμένου.

2080 5792 2313 5850 NOTAE.

629 5889 742 5961 (4'2,
779 5887 942 5941 Deest
969 5886 1024 5936 in
1055 5881 1267 5935 GI'IECO.
