4000 6510
274 461 402 529 1517

1670 457 2091 519 OPUSCULA.

3401 450 3537 518 1:318

270 582 506 654 τρόπον⁴
551 581 580 632 6
616 580 798 648 μέντοι
831 576 1003 642 ἀΐδιος
1043 576 1174 641 Υἱὸς
1214 580 1313 648 οὑχ
1367 579 1665 632 ὑποστάσει
1707 579 1854 641 τινὸς

1963 589 2179 631 carnem
2200 580 2256 628 et
2278 573 2517 628 animam
2548 571 2655 628 sibi
2681 571 3001 641 assumpsit,
3033 577 3087 625 et
3121 579 3350 641 utraque
3408 573 3539 628 fecit

270 674 377 727 τῶν
412 668 716 741 ἀνθρώπων
749 668 964 739 ἔχοντος
994 668 1155 740 σῶμα
1182 670 1276 722 καὶ
1311 668 1487 741 ψυχὴν
1511 671 1844 742 ἐνηρμόσθη,

270 764 383 818 ἀλλ’
408 760 589 831 ἐαυτῷ
616 762 795 831 σάρκα
828 762 926 814 καὶ
957 760 1137 832 ψυχὴν
1172 760 1522 831 ἀνθρωπίνην
1558 762 1849 832 προσειλη-

271 854 406 926 φὼς,
438 854 534 907 καὶ
571 853 996 922 οἰκειωσάμενος
1036 853 1328 923 ἀμφότερα
1362 851 1464 922 τῆς
1493 852 1849 914 ὑποστάσεως

267 943 433 999 αὑτοῦ
468 945 568 997 οὑκ
597 943 775 1006 ἄλλως
816 928 1170 997 παντάπασιν
1201 944 1499 1013 ἐποιήσατο
1521 984 1536 1005 ,
1570 943 1760 1013 ὥσπερ
1788 943 1850 994 :6

269 1036 360 1092 :06
408 1034 657 1089 Ἰωάννου
703 1034 895 1105 σῶμα,
931 1037 1027 1087 καὶ
1056 1035 1088 1105 ἡ
1119 1033 1265 1104 ψυχὴ
1313 1032 1407 1086 :06
1462 1033 1711 1086 Ἰωάννου
1748 1034 1850 1085 οὑκ

268 1128 430 1183 ἄλλου
473 1126 736 1196 ὑπῆρχεν,
778 1126 873 1179 καί
908 1128 1051 1180 κατὰ
1091 1126 1251 1180 τοῦτο
1282 1126 1502 1194 γέγονε,
1546 1127 1642 1179 καὶ
1677 1126 1851 1189 ἀΐδιος

270 1219 397 1282 Υἱὸς
444 1218 520 1281 ὡς
558 1212 639 1280 εἷς
686 1217 793 1270 τῶν
834 1216 1164 1286 ἀνθρώπων.
1200 1218 1472 1288 Καθάπερ
1514 1217 1571 1270 δὲ
1621 1216 1721 1287 τῆς
1755 1213 1849 1269 τοῦ

279 1311 530 1365 Ἰωάννου
553 1309 732 1379 ψυχῆς
751 1309 858 1363 ἀπὸ
878 1308 973 1362 :06
1007 1309 1139 1362 ἰδίου
1175 1307 1428 1379 σώματος
1461 1307 1849 1379 χωρισθείσης,

263 1402 429 1464 αὐτὸς
459 1404 487 1455 6
528 1401 785 1470 Ἰωάννης
823 1401 971 1454 ἐστὶν
1004 1401 1033 1452 6
1065 1399 1346 1470 τεθνηκὼς
1370 1438 1386 1463 ,
1412 1395 1473 1454 06
1513 1401 1546 1470 ἡ
1579 1398 1723 1469 ψυχὴ
1757 1399 1852 1451 καὶ

262 1493 327 1548 τὸ
362 1492 525 1563 σῶμα
552 1491 624 1545 τά
664 1492 1052 1561 κεχωρισμένα
1086 1491 1223 1544 ἴδια·
1256 1490 1401 1544 οὑτω
1431 1491 1532 1560 τῆς
1573 1490 1839 1562 ἀνθρωπίο

262 1599 363 1654 νης
384 1582 483 1636 τοῦ
526 1582 698 1636 ἀϊδίου
745 1582 877 1635 Υίοῦ
907 1582 1090 1652 ψυχῆς
1122 1582 1231 1635 ἀπὸ
1275 1581 1370 1634 :06
1404 1581 1655 1650 σώματος
1686 1579 1851 1634 αὑτοῦ

263 1673 630 1746 χωρισθείσης
658 1713 672 1736 ,
717 1673 879 1735 αὐτὸς
908 1675 936 1726 6
968 1673 1137 1735 ἀΐδιος
1168 1671 1434 1742 τέθνηκεν
1481 1672 1629 1735 Υἱὸς,
1666 1671 1851 1742 ἐπειδὴ

262 1767 381 1820 ἐκεῖ
402 1765 508 1818 οὐκ
548 1760 616 1835 ἦν
657 1763 957 1826 ὑπόστασις
1005 1763 1169 1834 ἑτέρα
1216 1763 1492 1835 παρεκτὸς
1536 1762 1633 1816 τοῦ
1680 1763 1852 1816 ἀϊδίου

260 1854 392 1911 Υίοῦ
417 1856 685 1925 ἐσχηκυῖα
707 1853 864 1924 σῶμα
882 1854 976 1906 καὶ
991 1853 1193 1923 ψυχὴν,
1217 1847 1292 1906 ὧν
1312 1852 1530 1920 ἐγένετο
1551 1852 1850 1923 χωρισμὸς,

260 1949 348 2003 ίνα
377 1946 607 2019 λογισθῇ
626 1947 724 2016 τῆς
750 1946 1101 2009 ὑποστάσεως
1132 1945 1350 2016 ἐκείνης
1378 1948 1407 1998 6
1435 1945 1662 2008 θάνατος
1688 1940 1847 1998 εἶναι.

268 2040 414 2094 Ἀλλ’
439 2042 467 2094 6
498 2038 596 2108 μὲν
644 2038 900 2108 Ἰωάννης
931 2038 1030 2107 τῆς
1055 2036 1235 2107 ψυχῆς
1268 2036 1434 2091 αὑτοῦ
1484 2038 1852 2109 χωρισθείσης

255 2130 367 2186 ἀπὸ
403 2127 506 2182 τοῦ
546 2128 678 2181 ἰδίου
716 2128 968 2198 σώματος
1013 2127 1276 2198 τέθνηκεν
1310 2129 1403 2181 καί¹
1444 2128 1755 2182 ἀπόλωλενο
1785 2129 1848 2182 οὑ

252 2222 366 2294 γάρ
418 2219 704 2282 παντελῶς
746 2214 848 2290 ἦν,
890 2220 938 2271 εἱ
981 2217 1056 2289 μὴ
1094 2221 1159 2271 ἐκ
1204 2220 1497 2289 συναφείας
1533 2220 1711 2292 ψυχῆς
1754 2220 1851 2273 καὶ

255 2314 522 2387 σώματος
547 2328 561 2343 ’
603 2314 632 2366 6
659 2312 716 2365 δὲ
744 2310 1075 2382 προαιώνιος
1105 2311 1202 2364 καὶ
1241 2311 1319 2382 τῷ
1359 2312 1535 2382 Πατρί
1581 2312 1850 2384 σύναρχος

251 2407 352 2462 καὶ
397 2404 678 2466 συναῖδιος
716 2403 840 2465 Υἱὸς
868 2403 967 2472 τῆς
1003 2402 1353 2474 ἀνθρωπίνης
1409 2405 1605 2457 ἑαυτοῦ
1647 2405 1849 2475 ψυχῆς,

256 2496 371 2553 ἀπὸ
396 2496 496 2549 τοῦ
535 2495 663 2548 ἰδίου
697 2493 890 2548 ἐαυτοῦ
925 2492 1178 2564 σώματος
1203 2495 1588 2566 χωρισθείσης,
1612 2495 1854 2550 ἀπέθανε

261 2591 366 2661 μὲν
418 2587 690 2659 ἀληθείᾳ·
741 2588 874 2640 διότι
927 2587 988 2640 :6
1031 2586 1211 2657 σῶμα,
1269 2589 1364 2641 καὶ
1405 2591 1438 2658 ἡ
1487 2588 1656 2658 ψυχὴ,
1709 2589 1853 2660 ειπερ

257 2679 680 2751 διεζεύχθησαν,
713 2679 853 2733 αὑτὰ
879 2680 981 2733 οὑκ
1009 2678 1176 2749 ἄλλης
1207 2680 1558 2744 ὑποστάσεως
1589 2677 1751 2753 ἦσαν,
1779 2681 1856 2745 ὡς

256 2772 518 2845 ἔφθημεν
555 2766 836 2835 εἰπόντεςσ
883 2770 983 2823 οὐκ
1021 2770 1268 2825 ἀπώλετο
1306 2771 1364 2825 δὲ
1388 2812 1401 2837 ,
1440 2773 1741 2844 ἐπειδήπερ
1785 2769 1855 2844 ἦν

258 2867 350 2920 ἀεὶ
374 2904 392 2930 ,
424 2864 532 2934 πρὸ
556 2863 653 2916 τοῦ
685 2862 968 2933 εἰληφέναι
1003 2861 1211 2933 ταύτην
1251 2863 1351 2934 τὴν
1383 2863 1562 2934 ψυχὴν
1584 2904 1599 2929 ,
1629 2865 1726 2919 καὶ
1758 2864 1855 2936 τὴν

258 2959 473 3029 σάρκα.
502 2955 660 3009 Κατά
674 2953 863 3007 τοῦτον
889 2953 955 3024 δὴ
987 2953 1080 3007 τὸν
1106 2954 1310 3025 τρόπον
1334 2955 1603 3008 ἀπέθανεν
1633 2959 1660 3009 6
1687 2958 1856 3022 ἀΐδιος

257 3047 399 3112 Υίος
435 3044 575 3114 ὑπὲρ
605 3043 762 3115 ἡμῶν
798 3041 1052 3113 ἀληθείᾳ,
1087 3042 1420 3114 μεμενηκὼς
1451 3045 1580 3109 ζῶν,
1609 3041 1724 3109 οἷος
1742 3042 1811 3118 ἦν
1837 3063 1851 3077 ο

1952 665 2173 737 propria
2207 679 2323 721 sua:
2372 663 2707 735 hypostasis,
2750 663 2865 719 sive
2924 677 3210 733 personre;
3240 677 3343 719 nec
3377 663 3539 737 aliter

1951 758 2179 812 omnino
2197 755 2345 822 fecit,
2359 755 2523 811 sicuti
2543 769 2748 825 corpus
2761 762 2815 809 et
2829 755 3009 808 anima
3021 752 3271 818 Joannis,
3287 769 3395 808 non
3411 755 3542 809 alte‘

1954 850 2069 903 rius
2097 847 2220 902 fuit.
2240 847 2536 917 Atquehac
2561 847 2773 900 ratione
2798 844 2900 899 fuit
2927 855 3167 902 aeternus
3187 837 3362 901 Filius
3393 847 3542 901 sicut

1953 956 2099 995 unus
2121 955 2151 994 e
2174 953 2406 994 numero
2430 939 2732 991 hominum.
2760 936 2914 992 Sicut
2937 946 3140 1001 autem,
3166 939 3348 991 anima
3371 936 3541 993 Joan-

1955 1030 2045 1085 nis
2073 1045 2101 1083 a
2123 1043 2358 1100 corpore
2386 1043 2487 1083 suo
2516 1027 2787 1096 sejuncta,
2838 1027 2955 1097 ipse
3004 1025 3247 1081 Joannes
3282 1037 3365 1081 est
3398 1040 3545 1079 mor-

1952 1129 2099 1184 tuus,
2133 1122 2293 1191 cujus
2347 1119 2527 1173 anima
2556 1131 2609 1174 et
2660 1134 2886 1188 corpus,
2939 1132 3061 1188 quae
3098 1126 3353 1188 separata
3390 1126 3537 1172 sunt.

1956 1213 2177 1284 propria
2208 1221 2387 1279 erant,
2420 1213 2501 1268 sic
2526 1213 2765 1266 humana
2788 1210 2977 1266 aeterni
3002 1209 3124 1264 Filii
3153 1209 3335 1265 anima
3360 1226 3388 1263 a
3415 1224 3542 1264 cor-

1959 1319 2090 1375 pore
2119 1318 2223 1360 suo
2254 1299 2527 1374 separata,
2555 1304 2674 1373 ipse
2696 1311 2938 1358 alemus
2966 1302 3138 1358 Filius
3158 1311 3413 1357 mortuus
3437 1313 3540 1364 est,

1955 1398 2080 1467 quia
2116 1412 2226 1451 non
2268 1404 2388 1452 erat
2416 1397 2532 1451 illic
2562 1404 2766 1465 prater
2800 1396 3144 1467 hypostasim
3176 1396 3371 1451 αξιοιηηί
3394 1394 3540 1459 Filii,

1955 1489 2062 1542 alia
2091 1488 2431 1558 hypostasis,
2462 1502 2584 1558 quae
2633 1485 2920 1541 habuisset
2950 1500 3154 1556 corpus
3199 1492 3255 1540 et
3282 1487 3542 1547 animam,

1955 1594 2190 1649 quorum
2224 1588 2309 1634 est
2359 1579 2501 1633 facta
2562 1578 2867 1647 separatio,
2905 1584 2963 1631 ut
2999 1577 3151 1632 illius
3199 1577 3543 1648 hypostasis,
3580 1598 3583 1601 λ

1956 1671 2069 1725 sive
2127 1684 2377 1739 personae
2434 1683 2586 1723 mors
2631 1683 2755 1722 esse
2793 1673 3160 1736 reputaretur.
3197 1663 3440 1721 Joannes
3463 1676 3547 1720 tau

1958 1779 2103 1828 Illell,
2155 1764 2341 1817 anima
2387 1777 2417 1815 a
2449 1777 2684 1829 corpore
2715 1776 2818 1816 suo
2845 1768 3124 1830 separata,
3161 1766 3414 1816 mortuus
3437 1749 3544 1826 est,

1958 1863 2012 1909 et
2043 1855 2278 1919 interiit,
2337 1867 2689 1924 nequaquam
2715 1853 2862 1906 enim
2900 1858 3021 1906 erat
3054 1851 3160 1905 nisi
3202 1866 3269 1905 ex
3315 1851 3549 1923 conjun-

1957 1947 2140 2002 ctione
2169 1946 2364 2000 animae
2385 1953 2439 2000 et
2471 1943 2724 2014 corporis
2751 1963 2762 1996 :
2790 1943 2883 2011 qui
2914 1956 3045 1997 vero
3061 1950 3148 1999 est
3176 1953 3307 1999 ante
3324 1946 3544 2009 saecula,

1957 2045 2124 2094 etest
2182 2052 2307 2091 cum
2374 2039 2538 2092 Patre
2560 2051 2623 2090 ex
2655 2035 2986 2099 aeternitate,
3046 2043 3303 2105 separata
3363 2030 3546 2093 anima

1956 2129 2077 2199 ejus
2133 2129 2374 2183 humana
2402 2144 2430 2182 a
2468 2127 2692 2199 proprio
2749 2141 3003 2199 corpore,
3035 2140 3293 2183 mortuus
3323 2129 3546 2198 quidem
3608 2176 3618 2185 .

1957 2230 2041 2277 est
2094 2237 2241 2286 vere,
2285 2221 2417 2292 quia
2449 2235 2654 2290 corpus
2693 2228 2747 2274 et
2776 2220 2960 2274 anima
2990 2218 3265 2288 disjuncta
3309 2229 3461 2283 sunt,
3495 2230 3550 2276 et

1956 2315 2077 2385 ipsa
2104 2329 2212 2369 non
2235 2322 2395 2369 erant
2424 2313 2565 2367 alius
2592 2311 2927 2383 hypostasis,
2956 2312 3101 2367 sicut
3122 2320 3249 2367 ante
3279 2313 3545 2380 diximus;

1953 2420 2063 2460 non
2091 2413 2271 2460 tamen
2299 2404 2578 2459 interitum
2612 2403 2780 2472 cepit,
2808 2403 2937 2471 quia
2974 2412 3094 2457 erat
3130 2418 3350 2474 semper
3385 2413 3548 2466 ante:

1953 2513 2114 2569 quam
2146 2497 2289 2551 hanc
2323 2497 2560 2550 animam
2608 2501 2663 2550 et
2693 2510 2901 2565 corpus
2934 2503 3268 2550 assumeret.
3299 2497 3377 2550 Ad
3403 2497 3551 2551 hunc

1956 2586 2178 2643 modum
2216 2595 2457 2641 aeternus
2485 2582 2663 2638 Filius
2691 2599 2790 2652 pro
2811 2585 2973 2640 nobis
3005 2600 3131 2640 vere
3167 2594 3420 2641 mortuus
3443 2595 3548 2651 est,

1958 2696 2192 2736 manens
2256 2680 2438 2742 vivus,
2476 2686 2536 2731 ut
2580 2686 2738 2732 erat:
2800 2677 3063 2748 factaque
3116 2687 3202 2732 est
3248 2679 3555 2747 redemptio

1964 2781 2152 2828 nostra
2209 2787 2318 2827 non
2343 2773 2399 2826 in
2432 2781 2609 2826 morte
2639 2784 2890 2841 personae
2919 2770 3155 2841 alicujus
3205 2771 3468 2836 hominis,
3500 2778 3558 2822 ut

1964 2864 2178 2920 scilicet
2217 2861 2448 2917 Joannis
2480 2862 2741 2930 Baptista:
2765 2900 2782 2929 ,
2817 2861 2913 2916 sed
2942 2861 2998 2915 in
3026 2871 3202 2917 morte
3237 2865 3427 2917 aeterni
3460 2863 3554 2917 Fi—

1965 2958 2043 3021 lii,
2080 2971 2177 3010 uec
2209 2955 2324 3009 ullo
2371 2953 2725 3008 incommodo
2789 2954 2923 3008 hinc
2947 2953 2996 3008 ei
3033 2953 3190 3008 illato
3236 2971 3250 3008 :
3288 2956 3368 3010 sic
3393 2955 3555 3026 igitur

1963 3049 2031 3102 de
2064 3053 2236 3098 morte
2265 3044 2452 3098 aeterni
2490 3043 2611 3097 Filii
2638 3044 3127 3100 sentiendum'est.

256 3137 358 3188 καί
417 3137 645 3201 γέγονεν
687 3135 721 3203 ἡ
761 3130 1032 3203 λύτρωσις
1089 3133 1248 3202 ἡμῶν
1295 3134 1396 3188 οὑκ
1437 3134 1496 3187 ἐν
1541 3135 1757 3208 θανάτῳ
1809 3137 2163 3193 ὑποστάσεων
2215 3134 2361 3197 τινὸς
2407 3133 2517 3187 τῶν
2588 3132 2917 3205 ἀνθρώπιον,
2975 3135 3052 3198 ὡς
3095 3135 3255 3206 δῆθεν
3302 3135 3554 3201 Ἰωάννου

255 3228 359 3282 τοῦ
390 3225 730 3287 Βαπτιστοῦ,
771 3222 975 3279 ἅλλ’“ἐν
1024 3226 1104 3296 τῷ
1151 3224 1248 3278 :06
1298 3227 1469 3281 ἀϊδίου
1534 3228 1666 3283 Υἰοῦ
1715 3232 1958 3304 θανάτῳ,
2015 3230 2276 3301 οὐδεμιᾶς
2343 3227 2599 3283 ἐντεῦθεν
2646 3228 2798 3300 αὑτῷ
2853 3229 3059 3300 ζημίας
3109 3230 3556 3303 ἐπεισελθούσης

257 3320 411 3375 οὑτω
443 3319 645 3378 τοίνυν,
678 3310 923 3382 ἆθοὺτοι,
948 3318 1173 3386 γέγονεν
1201 3320 1230 3371 6
1266 3319 1361 3372 :06
1388 3320 1558 3374 ἀϊδίου
1585 3322 1836 3387 θάνατος.

337 3416 537 3476 ’Ὅστις
588 3408 682 3465 οὖν
728 3412 877 3464 ἐστιν
927 3412 1214 3482 νουνεχὴς,
1254 3411 1483 3465 δύναται
1528 3413 1628 3484 τὴν
1670 3412 1857 3468 ἐαυτοῐ

2047 3410 2375 3481 Quicunque
2396 3409 2567 3480 igitur
2599 3409 2766 3465 habet
2787 3408 3035 3464 animum
3073 3417 3561 3482 attentum,potest

258 3505 510 3577 θεωρίαν
536 3502 843 3573 ἐμϐαθῆναι
910 3504 1045 3554 πᾶσι
1096 3504 1206 3566 τοῖς
1229 3506 1309 3566 εἰς
1357 3504 1393 3558 ἀ
1454 3507 1863 3577 κεχρημάτικεν

214 3606 219 3609 ’
256 3599 445 3670 αὑτῷ,
477 3595 787 3667 ἀνθρώποις
804 3597 848 3629 ³³
875 3636 891 3663 ,
927 3597 1023 3649 καὶ
1054 3596 1265 3663 γνῶναι
1296 3596 1416 3660 πῶς
1446 3598 1684 3666 ἐγένετο.
1723 3601 1864 3654 Ὅσα

257 3694 377 3766 γάρ
432 3694 553 3745 ἐστι
581 3688 676 3743 τοῦ
701 3690 934 3743 θανάτου
963 3731 977 3755 ,
1026 3690 1136 3743 τῶν
1182 3689 1540 3762 ἀνθρωπίνων
1571 3711 1685 3755 πως
1714 3693 1864 3764 ἥττω

256 3780 556 3851 τυγχάνει.
588 3777 651 3829 Εἰ
685 3778 792 3848 γὰρ
819 3779 846 3829 ό
876 3776 1107 3839 θάνατος
1145 3777 1381 3848 ἁρμόζει
1426 3780 1521 3832 sit:
1550 3779 1647 3832 :06
1692 3781 1862 3834 ἀϊδίου

259 3872 402 3927 Υἰοῦ
439 3867 741 3937 λέγεσθαι,
769 3867 891 3920 καθ’
937 3867 995 3919 ὃν
1026 3867 1240 3939 ἔφημεν
1280 3869 1504 3940 τρόπον,
1546 3872 1754 3936 πάθους
1800 3873 1862 3926 οὑ

258 3962 765 4037 προσπελάσαντος
803 3960 967 4014 αὑτοῦ
999 3963 1065 4031 τῇ
1105 3960 1324 4031 θεότητι
1346 4000 1362 4027 ,
1393 3963 1460 4016 τὰ
1492 3965 1663 4035 χωρὶς
1704 3963 1866 4018 θανά.

255 4074 356 4110 του
382 4055 501 4109 ἀπὸ
530 4053 640 4106 τῶν
668 4051 1024 4123 ἀνθρωπίνων
1058 4054 1327 4124 προσήκει
1351 4055 1551 4124 μᾶλλον
1574 4056 1666 4110 ἐπ’
1695 4056 1861 4110 αὐτοῦ

256 4144 560 4214 λέγεσθαι,
603 4143 829 4214 μηδενὸς
860 4146 926 4215 τῇ
955 4144 1120 4197 αὑτοῦ
1163 4144 1378 4216 θεότητι
1409 4149 1862 4218 προσαπτομένου

257 4239 627 4310 παθήματος.
660 4233 870 4288 Οὑκοῦν
894 4234 1068 4289 ταῦτα
1085 4237 1154 4289 τὰ
1173 4235 1492 4307 ἀνθρώπινα
1513 4239 1655 4293 καθὰ
1686 4240 1866 4311 προεί·

258 4327 560 4403 ρηται,τῷ
588 4327 743 4397 ἀϊδίῳ
759 4325 896 4397 Υίῷ,
925 4327 983 4390 ὃς
1008 4328 1156 4380 ἐστιν
1180 4329 1208 4381 6
1231 4330 1485 4400 Χριστὸς,
1514 4332 1863 4402 συμϐέϐηκεν

257 4423 409 4493 μετά
454 4420 565 4488 τὴν
607 4417 803 4471 ἐαυτοῦ
828 4418 1298 4492 ’ἐνανθρὼπησιν,
1329 4422 1418 4475 ὅτε
1461 4422 1714 4487 θάνατος,
1769 4425 1865 4478 καὶ

256 4508 441 4569 τᾶλλα
495 4511 604 4563 ὅσα
666 4513 780 4574 τοῖς
833 4511 1001 4581 ἱεροῖς
1044 4495 1417 4581 Ἐὑαγγελίοις
1459 4516 1862 4587 ἐγγέγραπται.

270 4603 450 4659 Ἀλλὰ
486 4600 755 4672 μηδαμῶς
790 4601 1155 4670 ὑποληπτέον,
1192 4604 1356 4667 αὑτὸν
1383 4606 1863 4678 ὑπομεμενηκέναι

260 4713 318 4751 τι
343 4694 565 4749 τούτων
590 4692 806 4762 ἀνάγκη
852 4693 912 4746 :6
952 4694 1240 4763 παράπαν,
1276 4694 1394 4747 ἀλλ’
1442 4696 1675 4767 ἐκουσίῳ
1703 4697 1863 4768 θελή-

1969 3504 2488 3575 contemplationem
2534 3517 2692 3558 suam
2732 3501 3019 3563 adhibere
3071 3503 3239 3574 379
3297 3505 3558 3562 omnibus

1964 3599 2097 3662 illis,
2130 3612 2253 3667 quae
2285 3597 2339 3651 in
2372 3610 2438 3652 eo
2466 3602 2737 3650 vocantur
2793 3594 3034 3649 humana
3058 3635 3073 3660 ,
3109 3603 3164 3650 et
3223 3611 3559 3667 cognoscere

1966 3689 2242 3759 quomodo
2299 3687 2443 3742 facta
2490 3686 2735 3743 fuerunt.
2792 3685 3148 3758 Quaecunque
3217 3689 3364 3744 enim
3426 3699 3560 3745 sunt

1966 3779 2180 3843 mortis,
2208 3777 2420 3849 minora
2456 3786 2608 3843 sunt,
2638 3791 2802 3847 quam
2829 3791 2952 3847 quae
2992 3778 3259 3833 dicuntur
3290 3780 3559 3849 humana,

1968 3869 2028 3924 Si
2061 3870 2208 3925 enim
2268 3884 2418 3924 mors
2454 3878 2580 3939 apte
2635 3870 2847 3925 dicitur
2878 3871 3070 3925 aeterni
3102 3871 3251 3939 Filii,
3290 3874 3551 3928 sicutex-

1974 3963 2238 4032 plicatum
2268 3968 2378 4027 est,
2416 3976 2526 4016 non
2560 3963 2909 4033 pertingente
2940 3965 3199 4035 passione
3229 3965 3285 4019 in
3308 3966 3565 4021 divinita-

1964 4062 2074 4109 tem
2101 4072 2115 4121 ;
2144 4070 2269 4123 quae
2293 4063 2424 4109 sunt
2453 4055 2592 4109 citra
2616 4065 2852 4111 mortem
2884 4056 3149 4124 humana,
3181 4059 3358 4113 multo
3390 4062 3565 4130 magis

1966 4148 2246 4211 convenit,
2287 4156 2349 4201 ιιι
2370 4147 2440 4201 de
2471 4160 2537 4201 eo
2564 4147 2842 4212 dicantur,
2886 4148 3036 4202 nulla
3073 4149 3330 4218 passione
3355 4151 3563 4207 divini-

1968 4245 2142 4292 tatem
2187 4237 2312 4308 ejus
2363 4239 2691 4319 attingente.
2726 4237 2851 4293 Haec
2891 4240 3066 4309 igitur
3098 4242 3360 4306 humana,
3418 4241 3565 4297 sicut

1963 4327 2174 4382 dictum
2223 4337 2310 4383 est
2360 4329 2536 4396 prius,
2585 4340 2792 4385 aeterno
2825 4329 2984 4396 Filio,
3016 4333 3111 4401 qui
3159 4342 3244 4387 est
3273 4330 3559 4410 Christus,

1969 4421 2293 4475 acciderunt
2336 4430 2462 4492 post
2487 4438 2711 4478 carnem
2757 4432 3122 4495 assumptam,
3155 4431 3306 4482 mors
3342 4429 3563 4485 scilicet

1965 4522 2020 4569 et
2049 4514 2155 4568 alia
2187 4530 2530 4586 quaecunque
2578 4518 2632 4570 iu
2670 4516 2983 4586 Evangeliis
3018 4520 3227 4590 scripta
3263 4529 3415 4576 sunt.
3450 4521 3562 4578 Sed
3596 4539 3603 4544 '

1965 4621 2317 4675 nequaquam
2367 4608 2796 4663 existimandum
2869 4618 2954 4664 est
3009 4610 3308 4681 quidquam
3359 4612 3557 4666 horum

1966 4698 2286 4752 necessario
2316 4700 2541 4753 omnino
2561 4702 2922 4767 sustinuisse,
2965 4703 3061 4757 sed
3093 4705 3426 4770 voluntarie,
3450 4706 3562 4761 nisi

262 4802 443 4858 ματιο
474 4783 620 4852 πλὴν
667 4784 749 4837 6::
790 4784 955 4854 ἡνίκα
992 4785 1166 4839 ταῦτα
1206 4786 1400 4840 παθεῖν
1425 4788 1696 4852 ἐϐούλετο,
1745 4807 1857 4845 συν-

1973 4788 2122 4858 quod
2150 4789 2373 4859 quando
2397 4791 2614 4846 volebat
2646 4792 2757 4847 ha'c
2794 4794 2929 4862 pati,
2958 4794 3247 4850 acciclehat
3284 4796 3362 4850 illi
3393 4798 3563 4852 modo

258 4882 497 4935 έϐαινεν
525 4876 704 4947 αὑτῷ,
744 4876 869 4930 καθ’
897 4877 957 4930 ὃν
977 4880 1116 4948 ἡμῖν
1156 4880 1448 4948 συμϐαίνει
1479 4882 1712 4949 φυσικὸν
1742 4883 1871 4953 τρό-

261 4989 395 5025 πον.
436 4966 610 5022 ⁶Ὢστε
663 4965 739 5037 μὴ
805 4967 1133 5036 νομισθῆναι
1178 4968 1278 5039 τὴν
1334 4970 1651 5040 οἰκονομίαν
1703 4971 1870 5025 αὑτοῦ

261 5060 591 5134 φαντασίαν
610 5096 627 5124 ,
652 5058 748 5111 καὶ
772 5058 923 5120 ὅπως
955 5060 987 5129 ἡ
1028 5058 1171 5112 κατά
1189 5058 1285 5112 :06
1316 5059 1563 5115 διαϐόλου
1596 5063 1873 5132 ἀπόφασις

260 5151 577 5220 δικαιωθῇ,
615 5147 676 5213 ἐξ
709 5141 771 5202 06
801 5147 976 5220 ταύτῃ
1010 5152 1075 5220 τῇ
1121 5151 1409 5223 οἰκονομίᾳ
1438 5152 1498 5205 :6
1525 5154 1632 5206 τῶν
1664 5154 1876 5223 ἀνθρώ-

263 5260 393 5298 πων
428 5238 786 5311 ἐλυτρώσατο
816 5241 993 5308 γένος.
1584 5286 1587 5289 .

340 5332 508 5396 Εἶδος
561 5331 609 5384 δ’
651 5328 748 5385 06v
795 5331 906 5385 τῶν
952 5331 1102 5403 αύτῷ
1140 5320 1470 5402 συμϐάντων
1511 5334 1871 5408 ἀνθρωπίνων

263 5425 588 5493 κατάδηλον
620 5425 943 5495 ποιήσομαι,
970 5424 1057 5478 ἵνα
1085 5425 1145 5479 :6
1176 5427 1342 5497 ῥηθὲν
1378 5427 1668 5497 βεϐαιώσω
1688 5446 1701 5458 ·
1731 5428 1873 5483 ἔστω

261 5522 325 5575 δὲ
386 5521 424 5588 ή
483 5518 669 5569 πεῖνα.
727 5515 859 5569 Ὅτε
908 5516 972 5588 δὴ
1016 5517 1127 5589 γὰρ
1182 5520 1376 5591 πεινᾷν
1415 5519 1641 5583 ὁάῒδιος
1679 5520 1871 5590 ἢθελεν

263 5609 426 5675 Υἱὸς,
461 5604 613 5675 ἐφίει
648 5607 715 5678 τῇ
744 5606 939 5661 ἑαυτοῦ
966 5610 1132 5679 σαρκί
1163 5608 1263 5683 τὴν
1298 5610 1390 5666 :06
1433 5611 1595 5682 ἀέρος
1625 5611 1869 5682 εἰσδέχε-

1969 4880 2233 4945 naturali,
2261 4895 2370 4950 quo
2429 4881 2593 4935 nobis
2638 4883 2840 4936 acculit
2868 4900 2880 4936 :
2911 4899 2980 4939 ne
3014 4885 3426 4942 existimaretur
3476 4891 3562 4943 in-

1973 4971 2225 5026 carnatio
2282 4972 2402 5042 ejus
2462 4972 2635 5038 ﬁctio,
2674 4982 2726 5029 et
2759 4985 2817 5028 ut
2842 4977 3117 5030 sententia
3146 4987 3335 5032 contra
3364 4978 3562 5034 diabo-

1973 5068 2084 5121 lum
2127 5068 2922 5138 pronuntiatajustiﬁcaretur,
2957 5085 2987 5124 a
3018 5086 3129 5140 quo
3166 5072 3268 5126 hac
3306 5074 3563 5129 incarna-

1979 5160 2129 5215 tione
2155 5175 2328 5231 genus
2360 5162 2660 5216 humanum
2691 5162 2944 5217 redemit.

2048 5338 2222 5393 Uitam
2265 5348 2449 5397 autem
2492 5343 2728 5411 speciem
2775 5358 2968 5397 eorum
3026 5361 3146 5412 quze
3190 5346 3425 5400 humana
3470 5363 3565 5401 ac-

1974 5431 2229 5503 ciderunt
2257 5433 2330 5496 ei,
2363 5433 2681 5499 declarabo,
2725 5442 2781 5487 ut
2813 5435 2959 5505 quod
3011 5436 3220 5489 dictum
3282 5444 3369 5492 est.
3424 5453 3562 5492 cou-

1974 5524 2185 5578 iirmem
2234 5544 2247 5579 :
2286 5526 2358 5581 sit
2404 5526 2603 5595 fames,
2655 5529 2954 5597 loquamur
3005 5528 3071 5585 de
3131 5529 3293 5586 fame.
3328 5530 3564 5597 Quando

1974 5615 2159 5669 noluit
2219 5624 2466 5673 aeternus
2522 5618 2697 5672 Filius
2754 5620 2990 5685 esurire,
3052 5619 3272 5676 sinebat
3334 5636 3561 5677 carnem

1578 5785 1812 5840 nam:
1858 5759 2266 5845 LECTtONES.

339 5855 384 5885 ³³
436 5875 480 5929 Γ,
535 5874 635 5927 ἀνθ
646 5875 932 5945 ρωπίνοις.
