4000 6444
238 395 386 466 1521

1628 401 2042 464 OPUSCULA.

3380 403 3516 468 1522

232 512 400 568 λοντι
428 514 691 568 ἐνέδωκεν
719 514 868 586 αὐτῷ
898 515 1130 585 διάγειν,
1168 511 1311 570 κατὰ
1342 516 1442 587 τὴν
1476 515 1585 569 τῶν
1616 514 1825 586 ἀνθρω-

1935 528 2040 570 nus
2077 510 2248 569 Filius
2284 512 2477 569 volens
2512 513 2791 569 concessit
2836 515 2885 570 ei
2933 512 3134 586 degere
3156 513 3325 571 vitam
3362 532 3516 574 more
3602 524 3621 533 ‘

240 602 433 657 πίνων
457 606 724 676 σωμάτων
743 607 1045 676 διαγωγὴν,
1070 609 1154 661 ἵνα
1170 607 1261 662 τὸν
1287 609 1385 678 μὲν
1404 609 1650 664 διάϐολον
1674 609 1834 681 λάθῃ,

235 693 349 761 τῆς
372 692 437 745 δὲ
468 693 632 746 αὐτοῦ
653 695 921 765 σωτηρίου
943 681 1258 767 οἰκονομίας
1280 698 1509 766 γένηται
1529 698 1795 761 πίστωσις
1819 715 1832 729 ·

236 785 346 838 καὶ
390 788 679 858 πειραθείη
706 788 815 842 τῶν
841 789 1200 861 σκυθρωπῶν,
1216 777 1629 860 καὶδέξηὶαιτά
1656 790 1833 860 πάθη,

235 873 342 926 καὶ
395 875 491 929 τὸν
524 877 753 932 θάνατον
787 879 930 950 ὑπὲρ
971 874 1132 951 ἡμῶν
1177 880 1448 951 ὑπομείνῃ
1490 880 1739 951 ἀληθείᾳ,
1771 881 1833 935 οὐ

237 968 552 1040 φαντασίᾳ.
583 969 886 1041 Πληρώσας
909 971 967 1024 δὲ
994 973 1170 1025 πᾶσαν
1188 970 1355 1026 αὐτοῦ
1381 973 1480 1043 τὴν
1502 972 1832 1042 οἰκονομίαν,

233 1058 494 1124 ἀνέδειξε
528 1060 667 1130 μετὰ
697 1061 799 1130 τὴν
821 1060 1014 1116 ἑαυτοῦ
1041 1064 1106 1116 ὲκ
1125 1062 1335 1133 νεκρῶν
1360 1062 1657 1117 ἀνάστασιν
1679 1063 1737 1116 ὲν
1765 1064 1832 1133 τῇ

234 1146 356 1218 ἰδίᾳ
394 1151 562 1222 σαρκί
589 1152 688 1220 τὴν
716 1152 876 1217 δόξαν
908 1153 1007 1224 τῆς
1030 1152 1223 1207 ἑαυτοῦ
1255 1153 1525 1224 θεότητος.
1573 1152 1712 1208 Ἀλλ’
1745 1153 1835 1208 ἵνα

235 1237 319 1307 μὴ
378 1240 669 1308 νομιστέον
711 1240 922 1312 ταύτην
965 1243 1065 1313 τὴν
1092 1242 1272 1309 δόξαν,
1324 1244 1422 1314 τὴν
1456 1246 1515 1298 ὲν
1554 1246 1621 1316 τῇ
1666 1246 1835 1316 σαρκὶ

229 1325 337 1379 τοῦ
370 1327 547 1382 ἀϊδίου
580 1329 711 1383 Υίοῦ
735 1370 751 1394 ,
794 1330 933 1401 μετά
960 1331 1061 1401 τὴν
1089 1333 1155 1387 ὲκ
1181 1333 1355 1402 τάφου
1395 1332 1613 1405 ἔγερσιν
1642 1332 1834 1388 ἀναδε-

228 1415 544 1487 δειγμένην
563 1419 764 1484 ἔξωθεν
794 1422 1154 1489 ἐπεισελθεῖν,
1183 1424 1321 1478 ἀλλά
1348 1425 1657 1496 φανέρωσιν
1688 1423 1830 1481 εῖναι

152 1510 169 1534 ‘
229 1508 342 1577 τῆς
376 1511 441 1562 ἐν
476 1512 615 1583 αὐτῇ
668 1515 1060 1585 κεκρυμμένης
1086 1516 1180 1569 ἀπ’
1220 1517 1398 1587 ἀρχῆς
1424 1518 1526 1588 τῆς
1557 1519 1680 1573 καθ’
1708 1519 1835 1574 ὑπό-

232 1612 445 1652 στασιν
471 1600 779 1671 ἀσυγχύτου
801 1604 1049 1667 ἐνώσεως
1071 1620 1086 1636 ο
1128 1604 1317 1659 τούτου
1343 1607 1399 1660 δὲ
1433 1609 1707 1679 μαρτυρία
1731 1626 1837 1664 σα-

231 1687 373 1756 φὴς,
404 1688 498 1742 ὅτε
522 1691 630 1762 πρὸ
658 1692 752 1746 τοῦ
784 1694 1055 1766 σωτηρίου
1098 1696 1305 1760 πάθους
1327 1696 1637 1769 ἔμπροσθεν
1664 1701 1832 1770 τριῶν

1938 618 2232 674 corporum
2265 605 2652 670 humanorum,
2687 613 2751 659 ut
2780 605 3062 661 diabolum
3086 607 3306 672 lateret,
3340 617 3396 664 et
3430 609 3517 662 in-

1936 695 2187 750 carnatio
2206 695 2326 765 ejus
2350 693 2612 751 salutaris
2630 696 2969 761 crederetur,
2989 704 3045 753 et
3056 699 3295 769 experiri
3320 714 3511 771 aspera

1914 793 1992 840 "et
2022 786 2271 852 molesta,
2310 793 2365 841 et
2392 787 2682 856 passiones
2716 787 3025 859 suscipere,
3059 804 3123 844 ac
3149 797 3387 846 mortem
3415 807 3516 861 pro

1937 877 2100 932 nobis
2140 891 2289 940 vere,
2322 884 2377 931 et
2405 891 2515 930 non
2561 876 2931 932 licte'subire.
2988 877 3273 949 Completa
3330 888 3535 935 autemv

1936 969 2088 1041 omni
2136 983 2240 1023 sua
2294 967 2706 1039 dispensatione
2760 975 2887 1038 post
2952 971 3421 1026 resurrectionem
3482 986 3511 1023 a

1937 1059 2195 1122 mortuis,
2230 1059 2476 1115 ostendit
2528 1059 2585 1114 in
2647 1060 2873 1130 propria
2928 1074 3097 1115 carne
3131 1060 3360 1131 gloriam
3398 1076 3513 1116 suae

1935 1150 2269 1206 divinitatis.
2319 1148 2399 1205 Ne
2458 1158 2643 1204 autem
2693 1149 3144 1206 existimaremus
3202 1151 3345 1207 hanc
3398 1152 3514 1223 glo-

1937 1242 2097 1306 riam,
2146 1255 2271 1311 quae
2300 1240 2356 1295 in
2390 1255 2559 1297 carne
2595 1241 2788 1297 aeterni
2812 1241 2936 1297 Filii
2977 1250 3100 1312 post
3151 1242 3513 1298 resurrectio-

1934 1346 2059 1388 nem
2092 1340 2314 1388 ostensa
2353 1337 2464 1397 est,
2497 1330 2850 1388 extrinsecus
2883 1330 3200 1397 advenisse,
3244 1331 3376 1402 quin
3413 1345 3510 1402 po-

1934 1423 2052 1479 tius
2082 1432 2361 1478 ostensam
2389 1436 2532 1491 esse,
2573 1437 2696 1493 quae
2723 1423 2781 1478 in
2813 1423 2933 1493 ipsa
2965 1438 2996 1478 a
3026 1423 3303 1494 principio
3335 1423 3509 1493 ipsius

1934 1515 2239 1571 secundum
2296 1513 2638 1585 hypostasim
2696 1513 2923 1571 unionis
2997 1514 3118 1570 sine
3186 1514 3511 1569 confusione

1934 1603 2113 1669 factae,
2178 1603 2402 1668 latebat,
2464 1603 2844 1659 testimonium
2904 1602 3260 1659 manifestum
3330 1602 3506 1667 dedit,

1932 1691 2160 1764 quando
2188 1701 2317 1748 ante
2345 1692 2662 1763 passionem
2699 1692 2861 1763 381
2894 1707 3086 1748 coram
3127 1692 3307 1748 tribus
3337 1692 3531 1747 disci-~

228 1780 350 1833 τῶν
384 1782 556 1837 αὑτοῦ
591 1784 849 1855 μαθητῶν
874 1787 932 1839 ὲν
957 1787 1070 1857 ὄρει
1099 1787 1319 1860 Θαὸὼρ,
1350 1790 1448 1861 τὴν
1474 1792 1534 1845 ἐν
1560 1793 1626 1862 τῇ
1661 1792 1825 1846 αὐτοῦ

1932 1787 2078 1857 pulis
2102 1785 2222 1843 suis
2251 1786 2309 1840 in
2344 1792 2535 1840 monte
2562 1784 2785 1840 Thabor
2831 1786 2889 1839 in
2923 1786 3148 1856 propria
3191 1798 3359 1841 carne
3407 1798 3507 1839 sua

232 1871 416 1942 σαρδύ⁹
442 1871 631 1945 θεῖκὴν
647 1875 818 1940 ἔδειξε
845 1875 1023 1941 δόξαν,
1050 1877 1117 1947 ἥν
1138 1880 1235 1932 καὶ
1259 1879 1396 1950 μετά
1415 1882 1514 1952 τὴν
1529 1883 1595 1935 ὲκ
1620 1882 1830 1954 νεκρῶν

230 1962 611 2034 ἀναφοίτησιν
646 1966 928 2038 ἐξέφηνεν.
969 1966 1259 2049 Ἐτεθέωτο
1285 1970 1413 2042 γὰρ,
1444 1972 1522 2034 ὡς
1569 1974 1832 2045 προείπο-

235 2071 370 2123 μεν,
404 2057 441 2126 ἡ
478 2056 572 2111 τοῦ
605 2060 777 2113 ἀϊδίου
818 2060 977 2131 σὰρξ,
1014 2060 1112 2131 τὴν
1145 2060 1490 2130 τελειοτάτην
1514 2062 1709 2117 θέωσιν
1736 2065 1832 2117 ἀπ’

190 2139 207 2151 ’
232 2144 426 2216 ἀρχῆς
474 2147 570 2218 τῆς
605 2149 798 2202 ἑαυτοῦ
825 2149 1186 2214 διαπλάσεως.
1244 2149 1385 2204 Ἀλλ’
1430 2154 1459 2205 ό
1491 2152 1659 2216 ἀΐδιος
1702 2153 1831 2218 Υἱὸς

233 2234 460 2302 ἐφῆκεν
525 2236 694 2307 αὐτὴν
745 2238 834 2293 διὰ
870 2238 980 2308 τὴν
1028 2239 1249 2307 αἰτίαν,
1300 2234 1368 2313 ἦς
1413 2242 1828 2313 ἐμνημονεύσα-

236 2339 372 2393 μεν,
407 2328 552 2381 κατά
593 2328 695 2401 τὴν
736 2329 845 2406 τῶν
867 2330 1167 2403 ςήμετέρων
1197 2332 1465 2405 σωμάτων
1493 2334 1831 2407 ἀναστρέφε-

126 2398 145 2419 ’
234 2412 374 2467 σθαι
418 2413 632 2485 βίωσιν.

309 2503 477 2577 Αὕτη
502 2508 708 2577 τοίνυν,
738 2502 785 2565 ὧ
822 2504 991 2579 οὗτοι,
1027 2511 1132 2583 τῆς
1161 2514 1440 2585 ἡμετέρας
1472 2515 1764 2587 ὁμολογίας
1792 2519 1827 2590 ἡ

232 2594 610 2662 διατύπωσις,
644 2598 742 2653 καὶ
786 2598 1126 2673 πλατύτερον
1148 2602 1462 2674 ἐδυνάμεθα
1493 2605 1626 2677 περί
1658 2606 1830 2678 αὐτῆς

233 2680 530 2750 διεξιέναι,
565 2685 706 2741 ἀλλά
733 2687 794 2741 rb
813 2688 909 2742 τοῦ
939 2690 1101 2763 λόγου
1145 2691 1475 2764 παρῄτημαι
1508 2695 1706 2765 μῆκος.
1735 2697 1828 2750 Διὸ

235 2775 695 2847 κατανοήσαντες
738 2779 810 2832 τά
836 2780 975 2848 πρὸς
1026 2783 1162 2852 ἡμῖν
1202 2784 1575 2854 σημανθέντα,
1607 2786 1703 2838 καὶ
1757 2790 1825 2858 τῇ

234 2862 397 2917 κατά
428 2865 669 2935 Χριστὸν
700 2867 892 2940 ἀγάπῃ
937 2871 1374 2942 προσηκάμενοι,
1409 2875 1828 2947 συναρμόσθητε

232 2956 403 3023 ἡμῖν,
458 2956 554 3010 καὶ
605 2957 879 3031 ὲνώθητε,
930 2962 1028 3015 καὶ
1063 2962 1353 3035 γενώμεθα
1409 2966 1613 3031 πάντες
1650 2967 1709 3022 ἒν
1740 2969 1829 3025 διὰ

232 3044 339 3099 τοῦ
377 3046 556 3102 ἀϊδίου
593 3049 921 3129 Πνεύματος
961 3054 1020 3107 ἐν
1063 3056 1131 3125 τῇ
1184 3053 1535 3129 θεοπνεύστῳ
1578 3056 1675 3112 τοῦ
1729 3077 1828 3130 με-

1931 1877 2174 1933 divinam
2205 1876 2439 1948 gloriam
2472 1875 2738 1942 ostendit,
2774 1891 2939 1947 quam
2973 1877 3139 1932 etiam
3164 1886 3288 1948 post
3320 1890 3510 1932 resur—
3607 1916 3610 1921 .

1934 1972 2233 2027 rectionem
2267 1968 2549 2040 patefecit.
2590 1968 2725 2024 Erat
2770 1968 2942 2036 enim,
2976 1976 3036 2023 ut
3084 1968 3197 2038 jam
3234 1968 3505 2034 diximus,

1930 2078 2064 2119 caro
2092 2062 2285 2118 aeterni
2324 2060 2450 2117 Filii
2484 2059 2729 2131 perfecta
2765 2059 3119 2116 deiiicatione
3163 2075 3192 2114 a
3236 2060 3508 2130 principio

1931 2169 2044 2211 sua:
2079 2153 2428 2209 formationis
2453 2152 2702 2222 praedita.
2754 2151 2862 2208 Sed
2895 2165 3136 2208 aeternus
3171 2150 3342 2207 Filius
3378 2152 3507 2207 sivit

1929 2263 2049 2302 eam
2085 2245 2402 2302 conversari
2430 2260 2582 2302 more
2607 2245 2785 2301 victus
2812 2253 3131 2302 nostrorum
3181 2259 3502 2315 corporum,

1930 2346 1985 2393 ut
2010 2339 2122 2409 jam
2159 2337 2739 2394 commemoravimus.

2000 2517 2128 2573 llaec
2153 2524 2260 2584 est,
2298 2516 2524 2585 fratres,
2553 2517 2853 2586 descriptio
2881 2526 3085 2580 nostrae
3112 2516 3557 2585 confessionis,_..

1929 2626 2094 2684 quam
2118 2609 2338 2682 quidem
2380 2611 2549 2667 latius
2585 2611 2845 2682 persequi
2876 2619 3232 2680 poteramus;
3269 2610 3367 2667 sed
3399 2624 3503 2665 no-

1930 2702 2005 2758 lui
2031 2717 2156 2759 esse
2180 2701 2450 2773 prolixus.
2472 2699 2870 2768 Quamobrem,
2889 2700 3306 2769 comprehensis
3325 2707 3561 2757 mente...

1928 2812 2048 2866 quae
2067 2794 2521 2866 signiﬁcavimus,
2547 2801 2601 2848 et
2621 2793 2879 2850 admissis
2899 2809 2996 2864 per
3021 2793 3344 2850 charitatem
3375 2808 3506 2864 erga
3528 2838 3531 2843 λ

1928 2887 2206 2943 Christum
2228 2923 2244 2950 ,
2271 2884 2556 2957 adjungite
2590 2900 2691 2941 vos
2726 2885 2920 2951 nobis,
2963 2894 3017 2940 et
3042 2886 3378 2957 copulamini
3400 2925 3415 2951 ,
3450 2894 3507 2940 et

1927 2977 2232 3034 elliciamur
2263 2991 2455 3031 omnes
2485 2991 2656 3031 unum
2690 2991 2790 3048 per
2821 2975 3083 3047 Spiritum
3118 2985 3371 3032 sanctum
3399 3015 3420 3040 ,
3447 2977 3509 3035 in
3626 3013 3633 3019 -

1933 3070 2037 3124 hac
2080 3067 2346 3123 divinitus
2389 3067 2632 3123 revelata
2662 3067 3027 3124 confessiones
3051 3066 3199 3124 Petri
3231 3068 3507 3140 principis

232 3138 418 3230 γάλου
467 3142 603 3230 ,καὶ
669 3145 976 3215 κορυφαίου
1042 3145 1152 3200 τῶν
1224 3148 1546 3203 ἀποστόλων
1608 3152 1824 3224 Πέτρου

1934 3160 2329 3230 apostolorum,
2357 3159 2446 3213 cui
2481 3174 2579 3214 nos
2605 3160 2990 3228 ascripsimus,
3023 3169 3083 3216 ut
3122 3160 3506 3218 nobisDomi-

116 3283 128 3296 ,
232 3227 512 3301 ὁμολογίᾳ
546 3232 744 3308 ταύτῃ,
772 3230 807 3311 ᾖ
840 3235 1233 3309 συνετάξαμεν,
1272 3239 1421 3303 ὅπως
1460 3241 1595 3310 ἡμῖν
1628 3241 1823 3314 ίλασθῇ

233 3320 488 3391 Χριστὸς
529 3326 558 3376 ό
611 3323 745 3389 Θεὸς
784 3327 966 3398 ήμῶν,
1005 3329 1103 3383 καὶ
1131 3329 1315 3384 πᾶσαν
1355 3330 1612 3385 ἐναντίαν
1655 3348 1828 3403 προσ-

231 3409 435 3483 ϐολήν,
483 3414 579 3468 καὶ
628 3414 863 3487 ἀνιαράν
891 3418 1195 3491 ἐπαγωγὴν
1235 3419 1438 3494 ἀπὼσῃ
1469 3437 1554 3486 τε,
1600 3421 1697 3477 καὶ
1740 3423 1825 3486 εἰς

232 3504 343 3577 τὴν
373 3504 549 3569 ὅντως
574 3508 726 3578 ἡμᾶς
762 3511 1081 3584 μεταστήσῃ
1114 3513 1517 3585 μακαριότητα,
1539 3513 1637 3568 καὶ
1667 3515 1727 3569 ἐν
1752 3516 1822 3586 τῇ

233 3594 441 3651 ἑαυτοῦ
474 3597 719 3671 συνάψῃ,
749 3600 846 3654 καὶ
889 3603 1209 3675 συναρμόσῃ
1259 3603 1534 3677 βασιλείᾳ.
1579 3597 1690 3669 Ἦς
1732 3605 1826 3675 γέ-

232 3704 393 3743 νοιτο
433 3689 646 3756 πάντας
693 3694 996 3764 ἐπιτυχεῖν,
1049 3696 1370 3762 πρεσϐείαις
1414 3698 1515 3768 τῆς
1548 3698 1826 3767 παναγίας

232 3780 552 3853 Δεσποίνης
593 3784 626 3853 ἡ
636 3783 754 3854 μῶν
809 3784 1075 3841 Θεοτόκου
1114 3788 1338 3859 Μαρίας
1357 3829 1373 3855 ,
1420 3790 1516 3844 καὶ
1572 3790 1820 3846 Ἰωάννου

231 3870 335 3924 τοῦ
372 3871 698 3944 Προδρόμου
750 3879 844 3930 καὶ
878 3878 1214 3944 Βαπτιστοῦ,
1247 3878 1461 3951 Πέτρου
1498 3897 1560 3934 τε
1602 3879 1699 3935 τοῦ
1726 3898 1822 3935 κο-

235 3962 477 4032 ρυφαίου
527 3962 638 4017 τῶν
683 3965 1022 4035 ἀποστόλων,
1061 3968 1158 4023 καὶ
1213 3969 1473 4026 Ἰακώϐου
1523 3970 1617 4026 τοῦ
1660 3971 1819 4027 ἀδελ-

232 4052 464 4121 φοθέου,
490 4054 584 4109 καὶ
613 4056 836 4112 πάντων
867 4058 961 4113 τοῦ
986 4060 1096 4114 τῶν
1129 4058 1302 4129 ἁγίων
1336 4061 1685 4134 συστήματος
1710 4063 1780 4118 ³⁸.

237 4251 356 4308 Τοῦ
388 4251 587 4308 αὑτοῦ
625 4253 1085 4383 Θεοδώροιὶίτοιξ
1114 4257 1440 4328 Ἀὄουκαρᾶ
1481 4259 1825 4319 ἐπισκόπου

969 4343 1151 4383 apum

969 4343 1151 4395 ((pr.-

1928 3267 2034 3307 nus
2058 3251 2202 3307 Deus
2230 3259 2417 3306 noster
2460 3252 2735 3322 prapitius
2777 3252 2887 3318 sit,
2927 3262 2983 3307 et
3035 3267 3253 3308 omnem
3283 3259 3539 3308 contra-—

1928 3341 2070 3396 rium
2099 3341 2386 3396 incursum
2428 3347 2505 3395 et
2536 3341 2794 3396 acerbam
2829 3340 3179 3397 amictionem
3211 3349 3462 3398 amoveat
3482 3379 3504 3410 ,

1928 3438 1984 3487 et
2035 3429 2107 3485 ad
2157 3443 2348 3486 veram
2391 3428 2790 3486 beatitudinem
2841 3446 2944 3488 nos
2994 3432 3318 3500 transferat,
3349 3440 3404 3488 et
3446 3432 3505 3489 in

1929 3536 2102 3593 regno
2130 3535 2233 3578 suo
2258 3535 2363 3578 nos
2386 3521 2907 3593 omnes-coniungat
2955 3531 3010 3579 et
3040 3533 3210 3594 aptet.
3238 3523 3413 3592 Quam
3444 3536 3506 3582 ut

1930 3626 2289 3684 assequamur
2345 3626 2575 3680 omnes,
2617 3612 2756 3668 faxit
2792 3612 2939 3671 Deus
2974 3615 3234 3686 precibus
3269 3618 3505 3674 sanctis-

1929 3703 2085 3758 simae
2138 3702 2361 3775 Regium
2404 3710 2613 3760 nostra:
2644 3704 2887 3776 Deiparae
2920 3705 3137 3772 Mariae,
3173 3722 3241 3763 ac
3269 3706 3502 3763 Joannis

1930 3794 2289 3863 praecursoris
2303 3800 2359 3850 et
2382 3791 2664 3865 Baptistae,
2693 3792 2926 3850 ac‘Petri
2958 3797 3156 3851 summi
3188 3799 3241 3852 in
3282 3806 3507 3866 aposto-

1927 3883 2018 3950 lis,
2049 3891 2105 3940 et
2135 3882 2326 3941 Jacobi
2348 3884 2538 3941 fratris
2569 3884 2807 3955 Domini,
2839 3893 2895 3942 et
2921 3896 3100 3944 coetus
3128 3889 3375 3945 omnium
3398 3889 3504 3945 ho-
3524 3932 3535 3936 η-

1925 3991 2051 4032 rum
2078 3987 2420 4034 sanctorum.
2452 3977 2647 4035 Amen.

1929 4265 2187 4337 Ejusdem
2240 4265 2506 4323 Theodori
2560 4274 2908 4390 ctéqmzmento
2961 4266 3222 4323 Abucarw
3268 4267 3523 4337 episcopi,

2645 4352 2709 4390 ar
2750 4352 2821 4390 m.

2645 4352 2821 4391 arum.

1611 4449 1849 4500 Turriano
1883 4453 2176 4500 interprete.

1743 4452 1754 4463 .
1820 4469 1825 4496 1

316 4527 673 4597 Ἐρώτησις.
725 4532 825 4586 Διά
872 4529 936 4584 τί·
954 4531 1211 4601 λέγομεν,
1268 4532 1410 4604 ὁτιή
1460 4448 1820 4608 ἀνθρῖτιῖόῗῖιέ

1937 4456 1989 4502 te
2051 4454 2176 4501 rete.

1990 4451 2260 4608 Eum-39.
2294 4535 2503 4603 Quare,
2519 4534 2666 4590 sicut
2694 4533 2950 4598 dicimus,
2979 4533 3307 4590 Humanitas
3338 4532 3501 4589 Chr’i-
3528 4572 3533 4575 -

232 4618 332 4672 τοῦ
361 4620 607 4692 Χριστοῦ
638 4620 779 4692 αὕτη
809 4622 957 4680 ἐστὶν
980 4625 1013 4693 ἡ
1055 4622 1433 4693 ἀνθρωπότης.
1459 4626 1694 4698 Πέτρου,
1719 4630 1818 4682 καὶ

235 4711 483 4776 Παύλου,
521 4710 616 4765 καὶ
646 4712 755 4767 τῶν
783 4713 1097 4767 καθέκαστα
1130 4714 1459 4785 ἀνθρώπων,
1491 4718 1550 4770 οὐ
1581 4717 1817 4790 λέγομεν

233 4800 314 4868 δὲ,
345 4803 431 4856 ὅτι
469 4802 531 4856 τὸ
569 4803 730 4872 σῶμα
767 4802 862 4857 τοῦ
886 4806 1149 4875 Χριστοῦ,
1176 4802 1236 4862 οὗ
1271 4808 1366 4861 καὶ
1400 4811 1819 4882 μεταλαμϐάνο-

240 4910 364 4962 μεν,
411 4894 548 4949 αὐτό
589 4897 708 4948 ἐστι
737 4895 800 4947 τὸ
835 4896 999 4965 σῶμα
1031 4898 1263 4972 Πέτρου,
1297 4903 1391 4955 καὶ
1436 4903 1675 4972 Παύλου,
1719 4907 1817 4962 καὶ

237 4983 476 5038 ἑκάστου
508 4986 611 5039 ἀνά
643 4986 811 5057 μέρος
845 4987 1188 5061 ἀνθρώπων;

314 5076 684 5143 Ἀπόκρισις.
725 5078 849 5132 Ὀτι
887 5079 950 5132 τδ
984 5081 1167 5136 κοινὸν
1199 5082 1261 5135 τὸ
1297 5083 1479 5137 όλικὸν
1526 5087 1819 5158 δεχόμενον

244 5166 444 5232 ἰδίωμα
477 5170 1003 5241 χαρακτηριστικὸν,
1042 5173 1345 5238 ὑπόστασις
1382 5176 1619 5243 γίνεται.
1654 5178 1728 5232 Τὸ
1758 5180 1814 5234 δὲ

244 5257 407 5328 σῶμα
457 5259 522 5313 τὸ
551 5261 755 5329 κοινὸν,
802 5264 897 5316 καὶ
930 5263 1118 5328 ἁπλῶς
1177 5265 1473 5337 λεγόμενον
1527 5268 1816 5341 δεχόμενον

247 5349 445 5419 ἰδίωμα
496 5354 1026 5424 χαρακτηριστικὸν,
1066 5356 1253 5410 οὐκέτι
1299 5359 1328 5410 ὁ
1372 5358 1521 5413 δεῖνα
1570 5360 1810 5429 λέγεται,

244 5438 383 5494 ἀλλὰ
413 5443 509 5496 τοῦ
530 5444 727 5511 δεῖνος,
749 5447 921 5518 ἧγουν
947 5449 1047 5519 οὐχ
1083 5449 1384 5514 ὑπόστασις
1412 5446 1643 5520 γίνεται,
1676 5453 1812 5506 ἀλλά

249 5528 343 5599 τῆς
387 5532 779 5599 ὑποστάσεως·
830 5539 891 5590 τὸ
954 5538 1063 5611 γὰρ
1122 5540 1282 5612 σῶμα
1336 5534 1509 5613 μέρος
1550 5543 1670 5596 ἐστὶ
1717 5547 1813 5613 τῆς

311 5772 353 5805 ³⁵
402 5774 587 5846 ’Λμήν.
632 5776 792 5831 Ttlrr.

1546 5700 1774 5753 \TAliIJi
1813 5698 2217 5755 LEC'HONES.

1927 4632 1997 4689 sti
2037 4637 2122 4687 est
2151 4631 2273 4700 ipsa
2310 4626 2623 4682 humanitas
2669 4624 2815 4682 Petri
2846 4633 2902 4680 et
2949 4625 3104 4680 Pauli
3142 4633 3198 4681 et
3233 4626 3512 4683 uniuscu‘

1919 4725 2120 4798 jusque
2145 4719 2389 4775 hominis
2414 4758 2430 4785 ,
2458 4732 2569 4773 non
2619 4718 2704 4773 sic
2736 4715 2994 4782 dicimus,
3027 4717 3245 4787 Corpus
3273 4717 3498 4783 Christi,
3560 4754 3565 4757 -

1922 4812 2070 4887 quod
2109 4813 2379 4870 sumimus
2417 4819 2468 4865 et
2500 4808 2916 4880 participamus,
2942 4806 3087 4863 idem
3124 4816 3213 4863 est
3264 4808 3415 4864 Petri
3446 4816 3500 4865 et

1921 4905 2101 4971 Pauli,
2124 4913 2179 4961 et
2209 4901 2459 4973 cujusvis
2478 4900 2747 4972 corpus?

1990 5084 2145 5152 Resp.
2200 5082 2469 5149 Quoniam
2504 5095 2795 5135 commune
2828 5079 3098 5150 recipiens
3156 5087 3339 5135 totam
3364 5095 3495 5150 pro-

1920 5179 2209 5250 prietatem
2273 5173 2804 5237 characteristicam,
2860 5172 2914 5225 id
2972 5179 3097 5239 est,
3161 5171 3495 5242 signantem.

1922 5267 2236 5339 hypostasis
2262 5264 2516 5321 efﬁcitur.
2541 5263 2755 5332 Corpus
2792 5277 2924 5317 vero
2953 5277 3245 5318 commune
3272 5272 3327 5318 ct
3361 5264 3494 5319 sim-

1920 5363 2136 5432 pliciter
2176 5358 2381 5411 dictum
2416 5354 2691 5424 recipiens
2744 5353 3134 5424 proprietatem
3181 5355 3493 5423 signantem

1921 5471 2029 5510 non
2059 5450 2295 5520 amplius
2324 5448 2526 5504 dicitur
2551 5449 2580 5501 6
2608 5446 2776 5510 δεῖνα,
2797 5447 3039 5518 quidam,
3058 5446 3156 5503 sed
3182 5447 3488 5516 cujusdam,

1920 5549 1972 5602 id
2008 5554 2110 5608 est,
2144 5557 2253 5597 non
2286 5541 2340 5595 iit
2371 5537 2827 5610 hypostasis'sive
2861 5552 3110 5608 persona.
3155 5537 3250 5593 sed
3283 5537 3341 5593 fit
3367 5552 3488 5606 per-

3118 5762 3134 5791 {
3149 5774 3155 5779 .
