4000 6448
515 354 651 422 1523

509 559 880 626 Quamobrem
932 583 1059 637 pars
1097 584 1204 624 non
1260 573 1477 635 exsistit
1520 591 1769 633 seorsum
1801 589 1853 635 et
1880 596 1977 650 per
2009 597 2087 649 se,

510 652 603 709 sed
642 656 844 711 dicitur
886 661 1084 721 totius.
1668 676 1673 681 ’

504 858 666 929 382
705 858 1040 939 Επςεηηξιιιηι,
1075 880 1178 939 quo
1216 866 1531 928 ostenditur,
1572 874 1836 939 quomodo
1878 876 2093 930 macula

571 931 781 1052 pecc‘att'
814 931 1013 986 Adami
1042 931 1347 991 universum
1381 954 1546 1009 genus
1578 931 1870 997 lmmanum
1901 962 2090 1015 perua-

571 1017 675 1052 seri
710 1040 722 1052 .

571 1017 722 1054 δενιι.

570 1089 737 1145 Aiunt
757 1094 1035 1165 agricolae,
1071 1097 1118 1152 si
1146 1098 1387 1169 accipias
1418 1101 1718 1170 palmitem,
1745 1104 2089 1175 tinetumque

500 1180 622 1235 oleo
667 1184 881 1250 plantes
907 1228 923 1252 ,
965 1190 1070 1245 olei
1104 1191 1424 1257 qualitatem
1463 1194 1517 1247 in
1556 1194 1734 1264 ipsum
1768 1198 1932 1250 etiam
1980 1199 2089 1252 fru-

499 1284 669 1339 ctum,
706 1276 807 1333 hoc
841 1287 948 1345 est,
989 1282 1043 1336 in
1082 1299 1242 1338 uvam
1275 1285 1602 1342 redundare.
1642 1287 1733 1343 Sic
1761 1297 1815 1343 et
1842 1289 2085 1346 Adamus

499 1378 623 1418 cum
656 1380 908 1423 naturam
939 1373 1119 1427 omnis
1148 1376 1378 1430 maculae
1415 1386 1693 1448 expertem
1753 1381 2083 1449 accepisset,

498 1471 616 1509 eam
652 1469 876 1527 peccato
906 1462 1188 1534 variisque
1216 1465 1604 1524 affectionibus
1648 1472 2103 1537 contaminavit,»

498 1547 658 1617 rujus
690 1555 950 1623 contagio
980 1555 1048 1609 ad
1082 1572 1181 1612 nos
1218 1572 1395 1629 usque
1428 1561 1693 1616 manavit.

536 1683 812 1747 Quomodo
851 1703 944 1754 per
985 1690 1411 1745 incarnationem
1440 1692 1738 1747 Saluatoris
1781 1697 1950 1749 nostri
1977 1696 2047 1749 ad

450 1758 513 1793 κ
883 1775 1063 1813 omnes
1091 1762 1328 1829 expiatio
1376 1765 1693 1830 pervenerit.

506 1916 511 1919 .
568 1874 759 1939 Aiunt,
818 1878 863 1933 si
912 1893 1099 1934 semen
1136 1884 1368 1949 peponis
1429 1883 1593 1937 melle
1634 1866 1868 1939 tinctum
1903 1900 2079 1949 seras,

497 1965 845 2023 dulcedinem
896 1971 1073 2027 mellis
1110 1972 1164 2027 in
1198 1973 1376 2041 ipsum
1423 1972 1659 2028 fructum
1698 1976 1961 2031 transire.
2005 1975 2081 2031 lla

496 2056 751 2116 Christus
811 2066 1009 2116 natura
1062 2061 1132 2118 ab
1176 2063 1361 2119 oleosa
1406 2063 1697 2133 qualitate,
1746 2065 2005 2119 nimirum
2052 2081 2084 2119 a

498 2161 727 2220 peccato
752 2166 850 2221 per
877 2162 1129 2209 sanctum
1156 2154 1492 2225 Baptismum
1511 2162 1841 2226 expurgata,
1865 2171 2080 2211 assum-

498 2243 609 2311 psit
638 2244 786 2298 illam
818 2245 1027 2316 absque
1059 2246 1180 2301 labe
1201 2253 1256 2302 et
1287 2248 1523 2314 macula,
1543 2247 1726 2317 qualis
1753 2248 1907 2319 prius
1935 2256 2077 2313 erat,

497 2343 552 2388 et
581 2336 801 2391 condita
834 2336 1033 2404 funerat,
1067 2352 1242 2408 eaque
1272 2340 1433 2395 melle
1463 2339 1768 2395 divinitatis
1799 2346 1853 2395 et
1892 2338 2082 2395 dulce-

497 2428 627 2484 dine
650 2468 667 2496 ,
704 2429 809 2485 hoc
836 2438 922 2486 est
945 2430 1151 2486 virtute
1191 2431 1437 2502 Spiritus
1465 2432 1644 2487 sancti
1678 2430 1949 2498 delibuta,
1979 2444 2085 2487 nos

497 2519 662 2575 etiam
689 2520 1004 2580 dulcedinis
1036 2523 1333 2593 participes
1364 2522 1541 2578 elTecit
1568 2564 1583 2589 ,
1619 2521 2078 2593 quemadmodum

498 2628 669 2684 grana
700 2614 929 2684 peponis
954 2654 969 2679 ,
1002 2616 1159 2685 quasi
1195 2632 1289 2687 per
1315 2615 1622 2683 traducem,
1653 2616 1890 2671 fructum
1918 2615 2090 2687 parti-

404 2724 417 2747 ι
500 2708 677 2776 cipem
711 2708 979 2763 elﬁciunt.

1743 375 2137 442 THEODORI
2176 382 2548 449 ABUCARIE

511 482 696 535 sanae;
737 484 944 544 corpus
987 476 1132 532 enim
1172 493 1300 549 pars
1349 478 1563 537 naturae
1595 493 1703 549 est,
1747 500 1856 541 non
1890 495 2092 545 totum.

2211 497 2452 566 φύσεως,
2482 501 2577 554 καὶ
2609 501 2708 573 οὐχ

2098 787 2165 842 Vl

3617 408 3697 473 152

3670 415 3697 457 4)

2762 503 2907 559 ὅλον.
2952 506 3045 562 Διὸ
3077 507 3139 562 τὸ
3185 510 3352 583 μέρος
3380 511 3477 569 οὐκ
3519 415 3725 590 (Mali:

2203 585 2591 656 ίσταται,άλλὰ
2620 592 2716 645 τοῦ
2742 594 2867 648 ὅλου
2894 595 3137 666 λέγεται.

2201 876 2601 961 Παράδειγιςι,
2629 879 2706 961 δι’
2737 878 2812 938 οὗ
2848 883 3313 961 ρποδεζκτυιςᾳι,
3346 887 3472 956 πῶς
3512 892 3544 961 ό
3571 898 3731 961 μολυ-

2268 948 2452 1028 σμρς,
2483 948 2596 1017 τῆς
2640 950 2943 1028 ἁμαρτίας-
2980 955 3088 1011 τοῦ
3132 948 3325 1028 Ἀδὰμ
3366 948 3465 1028 εἰς’
3497 948 3643 1017 ἅπαν
3679 948 3735 1019 τὸ

2265 1017 2637 1086 ἀνθρώπειον
2668 1017 2834 1089 διέϐη
2877 1017 3074 1093 ¹γένος.

2265 1109 2436 1163 Φασὶν
2466 1113 2516 1165 οί
2560 1114 2842 1183 γεηπόνοι,
2880 1117 2964 1170 ὅτι
3013 1117 3110 1172 ἐὰν
3145 1117 3329 1174 λαϐὼν
3369 1121 3556 1176 κλάδον
3582 1124 3736 1194 ἀμπέ-

2194 1197 2288 1250 λου
2332 1201 2428 1254 καὶ
2477 1202 2733 1272 ἐμϐάψας
2776 1206 2943 1278 ἐλαίῳ
2993 1210 3288 1282 φυτεύσῃς,
3335 1214 3367 1283 ἡ
3405 1214 3617 1285 ποιότης
3660 1217 3737 1270 τοῦ

2192 1289 2379 1344 ἐλαίου
2408 1293 2561 1348 πᾶσα
2578 1298 2673 1347 καὶ
2693 1298 2751 1350 ἐν
2778 1297 2858 1368 τῷ
2886 1300 3108 1370 καρπῷ,
3129 1301 3301 1372 ἧγουν
3330 1307 3389 1356 ἐν
3414 1307 3481 1374 τῇ
3500 1307 3738 1377 σταφυλῇ,

2188 1380 2504 1448 διαδίδοται,
2544 1385 2688 1439 οὕτω
2728 1390 2821 1441 καὶ
2848 1391 2877 1443 6
2910 1391 3083 1460 Ἀδὰμ
3119 1393 3458 1463 παραλαϐὼν
3483 1397 3578 1466 τὴν
3603 1396 3739 1462 φύσιν

2188 1471 2458 1543 καθαρὰν,
2503 1474 2734 1545 ἕχρανεν
2763 1479 2933 1549 αὐτὴν
2980 1484 3046 1553 τῇ
3082 1483 3354 1556 ἁμαρτίᾳ,
3382 1487 3480 1538 καὶ
3516 1491 3624 1549 τοῖς
3654 1489 3739 1540 πά-
3798 1506 3807 1509 ν

2187 1560 2328 1629 θεσι,
2362 1565 2458 1618 καὶ
2488 1556 2699 1639 διεδόθη
2737 1570 2817 1633 εἰς
2857 1573 3009 1640 ἡμᾶς
3036 1574 3070 1644 η
3098 1575 3347 1643 ποιότης.

2187 1697 2319 1765 Πῶς
2354 1698 2423 1776 δὲ
2451 1699 2551 1776 διὰ
2590 1701 2702 1776 τῆς
2741 1703 3049 1776 ἐνσᾱρκου
3091 1708 3199 1762 τοῦ
3230 1707 3509 1776 Σωτῆρος
3544 1711 3741 1765 οἰκονο-

2301 1770 2445 1837 μίας
2471 1773 2559 1837 εὶς
2591 1772 2827 1839 πάντας
2860 1770 3021 1843 ἡμᾶς
3053 1778 3219 1845 διέϐη
3252 1780 3291 1847 ἠ
3321 1770 3632 1848 κάθαρσις.

2258 1880 2399 1932 Φασὶ
2447 1880 2504 1933 δὲ
2539 1882 2740 1936 πάλιν·
2774 1885 2838 1937 El
2887 1885 3071 1939 λαϐὼν
3125 1889 3354 1959 σπέρμα
3396 1890 3742 1952 πέπονος.καὶ

2188 1972 2445 2042 ἐμϐάψας
2481 1973 2660 2044 μέλιτι
2702 1976 2970 2047 σπείρεις,
3015 1981 3047 2048 ἡ
3085 1978 3365 2050 γλυκύτης
3415 1979 3511 2034 τοῦ
3559 1980 3741 2050 μέλιτος

2191 2064 2285 2115 καὶ
2311 2062 2371 2115 ἐν
2402 2062 2482 2133 τῷ
2515 2065 2717 2136 καρπῷ
2764 2067 3081 2123 διαδίδοται.
3110 2070 3271 2123 Οὕτω
3317 2071 3420 2125 καλ⁵
3472 2073 3501 2123 6
3539 2071 3744 2144 Χριστὸς

2186 2154 2286 2224 τὴν
2333 2154 2498 2221 φύσιν
2555 2158 2621 2210 ἐκ
2655 2158 2753 2227 τῆς
2795 2159 3089 2225 ἐλαιὼδους
3146 2162 3461 2233 ποιότητος,
3501 2164 3658 2233 ἤγουν
3692 2164 3741 2214 ἐκ

2186 2247 2287 2317 τῆς
2337 2248 2616 2318 ἁμαρτίας
2646 2250 3046 2323 ἀποκαθάρας,
3084 2252 3172 2307 διὰ
3220 2254 3316 2307 τοῦ
3359 2253 3518 2320 ἁγίου
3574 2251 3744 2323 βαπτί-

2191 2354 2421 2407 σματος,
2453 2338 2720 2393 ἀνέλαϐεν
2769 2340 2942 2412 αὐτὴν
2970 2341 3308 2412 ἀκηλίδωτον
3350 2342 3450 2395 καὶ
3480 2341 3738 2411 ἄχραντον,

2188 2430 2275 2482 οἵα
2306 2431 2403 2483 καὶ
2430 2425 2523 2501 ἦν,
2554 2432 2651 2483 καὶ
2696 2432 2925 2502 ἐκτίσθη
2962 2432 3024 2485 τὸ
3056 2434 3327 2503 πρότερον
3349 2448 3364 2461 ⁸
3395 2432 3491 2486 καὶ
3518 2430 3740 2501 ἐμϐάψας

2190 2519 2360 2590 αὐτὴν
2386 2520 2467 2591 τῷ
2498 2520 2676 2591 μέλιτι
2720 2521 2821 2591 τῆς
2853 2522 3132 2593 θεότητος,
3179 2522 3511 2591 γλυκύτητι,
3544 2521 3655 2592 ἦτοι
3687 2522 3742 2589 τῇ

2184 2613 2415 2682 δυνάμει
2443 2611 2540 2666 τοῦ
2568 2612 2953 2683 Παρακλήτου,
2991 2613 3302 2685 μετέδωκεν
3334 2616 3475 2685 ἡμῖν
3504 2612 3600 2683 τῆς
3636 2611 3743 2681 γλυ-

2189 2705 2444 2775 κύτητος,
2485 2704 2561 2767 ὡς
2590 2706 2640 2758 οἱ
2678 2705 2873 2760 κόκκοι
2917 2706 3013 2761 τοῦ
3063 2707 3300 2771 πέπονος
3335 2706 3421 2778 τῷ
3468 2707 3561 2761 ἀπ’
3594 2702 3745 2759 αὐτῶν

2186 2794 2407 2867 καρπῷ,
2433 2796 2527 2848 καὶ
2556 2796 2700 2849 κατὰ
2728 2795 3007 2869 διαδοχήν.
3216 2792 3219 2793 ν

2086 2933 2200 2989 νη.

570 3017 1085 3088 Theodoriem'scopi
1131 3019 1334 3075 Carum
1378 3025 1441 3077 de
1468 3026 1760 3079 luctattune
1805 3025 2011 3080 Christi

995 3159 1001 3166 _
1100 3107 1220 3144 cum
1252 3092 1484 3148 diabolo.

2197 3027 2309 3083 Τοῦ
2367 3028 2556 3082 αὐτοῦ
2608 3027 2913 3096 Θεοδώρου
2968 3027 3308 3081 ἐπισκόπου
3350 3024 3596 3095 Καρῶν,
3637 3021 3748 3090 περὶ

2338 3097 2451 3166 τῆς
2487 3097 2691 3168 πάλης
2727 3096 2835 3150 τοῦ
2856 3096 3122 3165 Χριστοῦ
3148 3096 3301 3168 μετὰ
3325 3096 3629 3152 διαϐόλου.

1680 3216 1966 3274 (Francisco
1992 3215 2240 3265 Turriano
2262 3214 2589 3278 interprete.)

574 3316 844 3387 Interrog.
878 3317 1135 3375 Christus
1185 3319 1332 3373 Deus
1364 3332 1491 3373 eum
1531 3318 1752 3375 diabolo
1800 3320 2041 3376 luctatus
2072 3362 2087 3387 ,
2118 3310 2159 3366 (ἶ

503 3410 635 3465 vicit
665 3424 826 3465 eum:
858 3408 991 3480 quid
1020 3424 1278 3480 magnum
1300 3408 1432 3465 fecit
1455 3410 1479 3464 ?
1499 3408 1643 3465 dicet
1674 3410 1949 3467 diabolus.
1976 3412 2091 3484 Ego

503 3499 781 3556 hominem
813 3500 955 3581 vici;
988 3508 1042 3556 et
1075 3515 1106 3554 a
1148 3499 1257 3555 Deo
1288 3502 1467 3555 victus
1490 3514 1634 3557 sum.
1671 3500 1845 3568 Quam
1878 3504 2090 3559 utilita-

503 3604 611 3647 tem
639 3592 942 3663 reportavit
968 3600 1165 3649 natura
1200 3602 1389 3648 nostra
1417 3608 1485 3650 ex
1514 3594 1746 3649 victoria
1779 3594 1869 3649 Dei
1893 3595 1916 3648 ?

581 3773 741 3842 Resp.
774 3772 1041 3828 Jacobitre
1085 3773 1257 3833 Deum
1293 3773 1534 3828 Verbum
1582 3773 1907 3842 simpliciter
1935 3775 2090 3829 aiunt

509 3869 778 3922 luctatnm
829 3881 990 3931 esse;
1043 3864 1355 3923 Nestoriani
1391 3874 1611 3929 contra,
1639 3867 1918 3922 hominem
1952 3869 2091 3924 sim-

509 3959 729 4027 pliciter
750 4000 764 4025 ,
793 3968 847 4014 et
872 3960 1073 4015 solum.
1114 3957 1364 4014 Ecclesia
1402 3963 1534 4015 vero
1555 3997 1571 4023 ,
1600 3974 1723 4028 quae
1756 3959 1940 4016 media
2003 3961 2091 4016 via

508 4060 563 4105 et
592 4051 740 4121 regia
765 4051 1093 4121 ingreditur,
1130 4049 1368 4106 Verbum
1399 4050 1455 4105 in
1487 4066 1655 4107 carne
1707 4067 1832 4108 cum
1870 4052 2092 4108 diabolo

513 4147 778 4199 lactatum
809 4159 934 4200 esse
958 4144 1155 4217 docet.’
1176 4143 1331 4210 Quod
1359 4145 1429 4212 si,
1473 4154 1530 4199 ut
1560 4141 1869 4201 Nestoriani
1912 4146 2089 4212 aiunt,

2262 3319 2615 3388 Ἐρώτησις.
2659 3318 2896 3390 Χριστὸς
2928 3318 3064 3383 Θεὸς
3092 3318 3191 3383 ὢν,
3224 3319 3321 3373 καὶ
3353 3317 3498 3389 πρὸς
3542 3316 3629 3371 τὸν
3653 3313 3748 3368 διὰ·

2194 3413 2351 3466 ϐολον
2382 3412 2679 3477 παλαίσας,
2720 3412 3000 3483 ἐνίκησεν,
3037 3411 3091 3465 τί
3134 3411 3198 3482 δὴ
3236 3412 3391 3482 μέγα
3441 3408 3746 3480 πεποίηκενς

2202 3501 2353 3575 Ἐρεῖ
2379 3502 2488 3574 γὰρ
2536 3504 2564 3556 6
2600 3502 2871 3570 διάϐολος,
2904 3506 2989 3558 ὅτι
3022 3502 3349 3574 ’Ἄνθρωπον
3395 3500 3642 3570 ἐνίκησα,
3672 3496 3748 3550 καὶ

2193 3594 2299 3647 ὑπὸ
2323 3592 2463 3648 Θεοῦ
2495 3594 2781 3666 ἐνικήθην,
2799 3594 2853 3647 τί
2878 3595 2935 3648 δὲ
2963 3596 3058 3650 καὶ
3079 3594 3341 3666 ὠφελήθη
3372 3596 3409 3666 ἠ
3434 3592 3595 3663 φύσις
3619 3589 3748 3661 ἡμῶν

2190 3688 2289 3744 τοῦ
2322 3687 2458 3742 Θεοῦ
2490 3688 2843 3760 νενικηκότος
2863 3705 2880 3755 ;

2263 3779 2633 3847 Ἀπόκρισις.
2676 3778 2740 3833 Οἱ
2799 3779 2899 3848 μὲν
2928 3777 3239 3833 Ἰακωϐῐται
3294 3776 3390 3830 τὸν
3420 3774 3555 3828 Θεὸν
3584 3772 3733 3839 Λόγον

2194 3869 2384 3933 ἁπλῶς
2413 3870 2633 3939 λέγουσι
2651 3930 2661 3939 .
2677 3868 3103 3935 πεπαλαικέναι,
3131 3869 3225 3922 καὶ
3246 3865 3596 3938 νενικηκέναι
3613 3880 3626 3893 ·
3646 3863 3689 3915 οι
3707 3860 3749 3912 δὲ

2192 3963 2545 4033 Νεστοριανοὶ
2578 3961 2915 4029 τούναντίον,
2952 3960 3044 4015 τὸν
3090 3960 3382 4030 ἄνθρωπον
3439 3956 3626 4018 ἁπλῶς
3673 3953 3750 4005 καὶ

2198 4053 2466 4125 μόνον.Ί-Ι
2500 4053 2558 4108 δὲ
2575 4052 2900 4125 Ἐκκλησία,
2926 4054 3027 4125 τὴν
3047 4053 3218 4123 μέσην
3241 4054 3338 4105 καὶ
3362 4047 3749 4122 βασιλικὴνόδδν

2194 4145 2509 4211 διανύουσα,
2542 4145 2632 4199 τὸν
2663 4144 2799 4199 Θεὸν
2820 4144 3017 4215 Λόγον,
3064 4144 3233 4216 σαρκὶ
3264 4143 3368 4214 τὴν
3410 4143 3588 4212 πάλην
3611 4140 3747 4209 ποιή·

512 4237 678 4292 homo
700 4244 843 4300 erat,
875 4236 971 4307 qui
1006 4236 1176 4299 vicit,
1215 4244 1272 4290 et
1301 4235 1395 4305 qui
1433 4234 1760 4293 interfectus
1789 4236 1913 4301 luit,
1955 4236 2092 4292 nihil

2198 4236 2398 4291 σασθαι
2432 4237 2573 4307 μετὰ
2610 4236 2708 4291 τοῦ
2739 4237 2991 4292 διαϐόλου
3028 4236 3297 4290 διδάσκει.
3327 4236 3443 4290 Καὶ
3477 4237 3526 4288 εί
3559 4234 3666 4305 μὲν,
3689 4231 3749 4292 ὡς
3786 4238 3793 4244 ’

514 4329 670 4385 nobis
697 4328 903 4400 profuit
957 4344 1106 4385 mors
1130 4326 1394 4384 hominis.
1444 4327 1652 4384 Omitto
1707 4345 1856 4385 nunc
1891 4329 2092 4394 dicere,

2197 4333 2246 4384 οἱ
2274 4329 2634 4403 Νεστοριανοὶ
2660 4330 2939 4399 λέγουσιν,
2966 4325 3036 4401 ἦν
3070 4328 3358 4401 ἄνθρωπος
3395 4331 3425 4382 6
3481 4324 3749 4395 νενικηκὼς

511 4437 677 4494 quam
707 4422 897 4477 multis
919 4422 1206 4477 erroribus
1235 4423 1346 4478 labi
1386 4438 1616 4479 necesse
1639 4430 1743 4489 est,
1769 4423 2092 4493 priusquam

2198 4422 2295 4476 καὶ
2343 4422 2688 4492 ἀναιρεθεὶς,
2739 4419 2901 4475 οὐθὲν
2944 4422 3095 4493 ἡμᾶς
3142 4420 3435 4492 ὠφέλησεν
3491 4416 3747 4489 ἀνθρώπου

514 4516 584 4569 ab
627 4516 713 4571 eis
743 4514 931 4571 doceri
978 4515 1175 4585 possit,
1215 4514 1490 4570 hominem
1522 4515 1703 4570 solum
1731 4515 1954 4571 vicisse.
1994 4514 2092 4570 Sin

2200 4513 2450 4577 θάνατος.
2492 4512 2597 4567 Ἐῶ
2648 4513 2759 4585 γὰρ
2796 4512 2981 4580 λέγειν
3017 4513 3134 4578 νῦν,
3178 4513 3264 4566 ὅτι
3315 4512 3492 4565 πολλὰ
3548 4508 3749 4581 προσκό-

516 4613 698 4664 autem
737 4615 842 4672 est,
883 4616 946 4661 ut
990 4605 1254 4662 Jacobita:
1282 4607 1493 4669 dicunt,
1538 4606 1675 4661 nihil
1709 4606 1773 4661 ad
1804 4621 1906 4664 nos
1945 4621 2092 4663 mors

2199 4605 2418 4671 ψουσιν,
2450 4604 2593 4675 πρὶν,
2613 4604 2647 4674 ἢ
2678 4600 2987 4669 ἀποδεῖξαι,
3028 4603 3255 4657 δυνατὸν
3285 4601 3455 4666 εἶναι,
3495 4601 3748 4672 ἄνθρωπον

488 4697 750 4762 .Christi,
788 4698 836 4754 si
864 4698 1010 4753 Deus
1042 4698 1365 4768 simpliciter
1394 4700 1547 4754 vicit.
1574 4698 1679 4753 Sed
1712 4700 1844 4768 quia
1872 4700 2092 4768 propria

2199 4694 2357 4764 ψιλὸν
2411 4693 2781 4764 νενικηκέναι.
2816 4694 2880 4747 Εἰ
2905 4693 2987 4760 δὲ,
3029 4693 3104 4757 ὡς
3151 4695 3201 4747 οἱ
3245 4693 3556 4747 Ἰακωϐἰταί
3606 4706 3745 4759 φασιν

518 4790 644 4845 vitae
672 4791 999 4861 compositio
1031 4792 1389 4847 etordinatio
1419 4791 1570 4856 Adae,
1603 4790 1668 4843 ad
1710 4792 1908 4856 Adam,
1938 4802 1995 4846 et
2032 4792 2103 4847 ad

519 4891 773 4953 posteros
799 4882 920 4953 ejus
947 4883 1110 4955 383
1147 4884 1456 4954 pertinebat
1482 4922 1498 4947 ,
1527 4899 1650 4938 cum
1711 4884 1925 4939 videret
1952 4885 2101 4937 illam

522 4974 777 5029 diabolus
806 4990 836 5029 a
865 4991 925 5031 se
966 4975 1161 5029 victam
1189 4990 1310 5030 esse
1337 5015 1350 5040 ,
1379 4984 1489 5029 non
1526 4989 1816 5042 personam
1876 4976 2007 5029 Ade:
2051 4983 2106 5028 et

522 5063 770 5131 reliquos
798 5063 1053 5118 homines
1080 5064 1254 5117 victos
1310 5078 1435 5117 esse
1465 5063 1763 5129 reputavit,
1801 5063 1893 5118 sed
1928 5064 2102 5132 ipsam

526 5163 803 5212 naturam.
841 5155 932 5211 Sic
955 5157 1098 5212 enim
1129 5155 1336 5209 aiebat;
1372 5153 1511 5220 Quia
1536 5154 1676 5210 Deus
1699 5156 1910 5211 creavit
1932 5156 2107 5211 homi-

528 5263 673 5308 nem.
708 5248 799 5318 qui
830 5262 1009 5316 neque
1037 5246 1193 5308 inihi.
1228 5240 1407 5315 neque
1430 5253 1660 5316 peccato
1682 5248 1942 5303 resistere
1976 5261 2104 5316 pos-

529 5349 632 5405 set,
663 5321 871 5394 ideirco
905 5338 1047 5391 Deus
1079 5335 1643 5407 Verbum,assumpta
1678 5347 1874 5393 natura
1912 5340 2107 5392 huma-

531 5429 721 5484 nitatis
757 5428 1020 5498 perfcclu,
1057 5442 1191 5483 usus
1218 5435 1302 5484 est
1331 5428 1499 5482 libera
1540 5427 1662 5496 ejus
1704 5429 2012 5492 voluntate,
2046 5436 2103 5483 et

535 5522 814 5587 sensibus,
851 5529 904 5573 ct
941 5519 1285 5576 naturalibus
1316 5521 1581 5590 potentiis
1616 5520 1873 5576 omnibus
1903 5535 2105 5575 conve-

2202 4786 2370 4849 ἐστιν,
2392 4783 2545 4837 οὐδὲν
2575 4783 2713 4855 πρὸς
2739 4785 2888 4855 ἡμᾶς
2917 4784 3010 4837 τοῦ
3034 4782 3171 4839 θεοῦ
3199 4785 3389 4848 ἁπλῶς
3418 4781 3745 4853 νενικηκότος.

2215 4876 2360 4930 Ἀλλ’
2414 4874 2605 4946 ἐπειδὴ
2638 4875 2953 4947 ίδιορυθμία
2973 4878 3016 4909 ³⁸
3051 4876 3142 4929 τὸν
3208 4875 3386 4946 ’Δδὰμ
3425 4875 3627 4945 νέμειν,
3674 4868 3748 4922 καὶ

2202 4970 2328 5032 τοὺς
2366 4968 2667 5037 μετέπειτα
2695 4966 3042 5039 ἀνθρώπους,
3077 4967 3218 5037 ὁρῶν
3240 4969 3267 5020 6
3296 4967 3542 5030 διάϐολος
3567 4964 3652 5018 ὑπ’
3671 4961 3748 5015 αὑ-

2204 5060 2298 5113 τοῦ
2362 5060 2702 5130 ἡττημένην,
2738 5061 2798 5112 ού
2854 5061 2922 5130 τῇ
2960 5049 3257 5113 ὑποστάσει
3309 5058 3402 5112 τοῦ
3458 5057 3638 5126 Ἀδὰμ,
3674 5052 3747 5105 καὶ

2204 5153 2312 5206 τῶν
2361 5152 2567 5205 λοιπῶν
2617 5151 2925 5223 ἀνθρώπων
2955 5152 3235 5219 ἐλογίζετο
3282 5151 3382 5223 τὴν
3435 5146 3620 5223 ἧτταν,
3654 5143 3747 5198 ἀλλ’

2207 5244 2346 5314 αὐτῇ
2374 5245 2442 5315 τῇ
2476 5243 2660 5312 φύσει,
2685 5242 2883 5311 λέγων’
2920 5243 3045 5296 Ὅτι
3079 5243 3312 5297 ἔπλασεν
3339 5244 3368 5296 ὁ
3394 5242 3523 5305 Θεὸς
3551 5237 3747 5304 πλάσμα

2209 5337 2283 5408 μὴ
2306 5336 2608 5404 δυνάμενον
2639 5336 2777 5408 πρός
2833 5354 2901 5407 με
2934 5336 3028 5390 καὶ
3061 5336 3164 5407 τὴν
3206 5336 3486 5407 ἁμαρτίαν
3524 5327 3746 5394 ἀντιστῆ-

2206 5449 2314 5495 ναι,
2379 5431 2577 5484 τούτου
2625 5431 2787 5501 χάριν
2840 5433 2869 5485 6
2910 5431 3044 5494 Θεὸς
3078 5430 3280 5499 Λόγος,
3324 5429 3423 5500 τὴν
3473 5426 3626 5497 φύσιν
3666 5422 3746 5489 τῆς

2202 5520 2628 5593 ἁνθρωπότητος
2658 5520 2876 5577 τελείαν
2909 5522 3219 5592 ἀναλαϐὼν,
3251 5524 3522 5596 ἐχρήσατο
3540 5518 3612 5591 τῷ
3641 5515 3744 5572 αὗτ-

1819 5696 2052 5753 VARI/E
2092 5696 2494 5754 LECTlONES.

610 5790 651 5821 ⁸⁵
691 5787 915 5845 Videtur
941 5791 1227 5863 legendum
1258 5808 1269 5844 :
1306 5792 1425 5844 ἐπεὶ
1451 5790 1556 5843 ἔδει
1588 5789 1948 5859 ἱδιορυομίαν.
