4000 6444
252 379 385 444 1525

1611 371 2029 451 OPUSCULA.

3371 397 3505 461 1526

248 490 473 557 εξουσίῳ
498 488 670 559 αὐτῆς
700 491 983 564 θελήματι,
1009 497 1128 556 ταῖς
1159 512 1215 546 τε
1254 496 1564 566 αἰσθήσεσι,
1592 500 1684 552 καὶ
1712 503 1831 562 ταῖς

1947 503 2148 557 tientcr
2186 513 2420 568 naturae,
2456 514 2507 559 et
2550 514 2609 557 ut
2644 506 2955 575 oportebat,
2984 521 3049 560 ac
3079 506 3382 561 secundum
3412 523 3507 562 vo-

250 581 503 649 φυσικαῖς
528 578 792 649 δυνάμεσι
826 582 1029 646 πάσαις
1062 585 1203 637 κατὰ
1240 585 1424 653 φύσιν,
1459 590 1551 641 καὶ
1588 590 1729 643 κατὰ
1763 593 1823 644 τὸ

214 673 385 735 δέον,
419 672 514 725 καὶ
570 673 711 726 κατὰ
740 673 800 727 τὸ
861 673 1108 746 βούλημα
1140 676 1233 728 τοῦ
1290 677 1453 743 Θεοῦ,
1508 681 1600 732 καί
1648 679 1823 744 οὕτως

249 767 498 838 ἐνίκησεν
543 767 637 821 τὸν
682 767 947 830 διάϐολον,
981 770 1042 822 οὐ
1081 769 1313 839 δύναμιν
1345 771 1557 841 θεῖκὴν,
1592 773 1688 826 καὶ
1722 791 1822 826 πε-

253 858 574 931 ρισσοτέραν
601 860 700 930 τῆς
734 860 951 929 φύσεως
970 862 1252 932 προσθεὶς,
1289 865 1385 917 καὶ
1414 865 1826 936 ἐπιχορηγήσας

250 953 308 1005 ὲν
336 953 401 1022 τῇ
438 952 609 1021 πάλῃ,
635 952 773 1005 ἀλλὰ
801 955 939 1025 πρὸς
960 954 1022 1007 τὸ
1047 954 1287 1025 ἁρμόζον
1311 956 1405 1008 καὶ
1435 956 1514 1026 τῷ
1535 956 1655 1026 Θεῷ
1676 958 1826 1028 νόμῳ

252 1044 473 1127 συνᾷδον
522 1043 875 1115 χρησάμενος
927 1048 1039 1108 τοῖς
1081 1049 1357 1112 φυσικοῖς,
1407 1049 1499 1118 καὶ
1553 1048 1827 1120 ρυθμίσας

249 1136 426 1188 πάντα
450 1135 518 1188 τά
561 1138 661 1207 τῆς
690 1137 907 1206 φύσεως
934 1138 1098 1209 μέρη,
1141 1139 1235 1191 καὶ
1278 1138 1566 1208 δυνάμεις,
1616 1141 1711 1194 καὶ
1739 1139 1828 1211 ὄρ·

246 1242 409 1293 γανα,
463 1227 605 1281 κατὰ
640 1229 699 1281 τὸ
755 1235 1057 1298 προσῆκον,
1091 1231 1231 1283 κατὰ
1262 1229 1329 1282 τά
1374 1231 1549 1301 μέτρα
1595 1232 1694 1299 τῆς
1734 1233 1828 1285 ἀν-

247 1318 618 1389 θρωπότητος,
648 1321 745 1373 καὶ
776 1320 948 1384 οὕτως
978 1320 1255 1390 ἐνίκησεν,
1292 1323 1384 1374 καὶ
1412 1321 1702 1389 ἀπέδειξεν
1730 1323 1829 1393 τὴν

248 1409 413 1475 φύσιν
440 1413 768 1481 νικηφόρον,
801 1415 897 1465 καὶ
927 1416 992 1483 τῇ
1028 1413 1190 1483 φύσει
1224 1412 1412 1467 λοιπὸν
1433 1416 1464 1484 ή
1489 1415 1636 1484 νίκη,
1670 1414 1765 1467 καὶ
1797 1416 1830 1485 ἡ

244 1500 528 1566 δικαίωσις
553 1504 863 1571 λογίζεται.

317 1592 375 1644 Β.
413 1593 547 1646 Εἰπέ
580 1612 694 1664 μοι,
731 1598 756 1648 6
797 1596 1141 1666 ἀνθρώπινος
1192 1597 1339 1662 νοῦς,
1375 1598 1538 1661 αὐτὸς
1567 1592 1635 1669 ἦν
1664 1600 1692 1651 6
1723 1614 1830 1652 πα-

244 1683 415 1735 λαίων
438 1714 443 1719 ι
466 1686 604 1757 πρὸς
638 1686 728 1740 τὸν
760 1687 1031 1755 διάϐολον,
1075 1690 1107 1760 ἣ
1139 1689 1325 1753 ἁπλῶς
1354 1691 1555 1753 εἰπεῖν,
1612 1688 1834 1743 αὐτοκί-

245 1793 408 1846 νητος
446 1773 514 1848 ἦν
548 1779 579 1848 ἢ
611 1781 1025 1851 έτεροκίνητος;

1928 596 2192 649 luntatem
2226 595 2350 661 Dei;
2381 606 2545 665 atque
2571 596 2643 651 ita
2672 597 2802 651 vicit
2829 597 3108 660 diabolum
3136 637 3152 662 ,
3186 611 3297 652 non
3341 611 3510 667 oppo-

1928 686 2030 741 sita
2060 694 2114 740 et
2165 686 2514 757 suppeditata
2547 689 2601 742 in
2650 689 2991 755 luctatione,
3036 688 3223 743 divina
3268 688 3507 749 virtute.

1928 770 2214 849 ampliore,
2244 796 2404 850 quam
2442 781 2702 845 naturali,
2735 780 2829 836 sed
2869 788 2928 835 ut
2959 780 3189 836 decebat
3222 779 3417 844 Deum,
3458 790 3512 834 et

1929 870 2124 941 legem,
2166 887 2301 927 usus
2339 873 2706 938 naturalibus,
2734 880 2788 927 et
2811 871 3066 927 omnibus
3099 881 3308 924 naturae
3335 869 3511 939 parti-

1928 962 2054 1027 bus,
2086 974 2141 1019 et
2164 965 2422 1034 potentiis
2450 1005 2464 1029 ,
2512 972 2566 1020 ct
2597 966 2818 1036 organis
2855 966 2936 1020 sic
2986 957 3335 1035 compositis,
3367 964 3511 1018 sicut

1930 1057 2329 1122 conveniebat,
2387 1066 2446 1111 ut
2507 1074 2767 1113 mensura
2827 1056 3192 1112 humanitatis
3266 1055 3511 1125 postula-

1930 1143 2024 1198 bat
2053 1144 2189 1215 (45).
2215 1145 2395 1215 Atque
2420 1148 2493 1201 ita
2522 1147 2676 1211 vicit,
2701 1156 2755 1202 et
2776 1146 3018 1203 ostendit
3045 1152 3302 1199 natuer
3328 1145 3512 1199 victri-

1929 1250 2072 1300 cem,
2102 1244 2157 1290 ct
2186 1245 2395 1292 naturae
2420 1238 2676 1308 deinceps
2716 1239 2967 1305 victoria,
2999 1245 3053 1295 et
3078 1234 3400 1307 justifieatio
3431 1244 3513 1288 at-

1932 1327 2218 1382 tribuitur.

2007 1587 2067 1640 B.
2126 1587 2223 1641 Dic
2287 1587 2442 1650 mihi,
2502 1587 2620 1657 ipsa
2671 1600 2828 1642 mens
2890 1584 3150 1650 humana,
3212 1599 3334 1653 qua:
3391 1598 3513 1637 cum

1936 1676 2154 1731 diabolo
2186 1677 2522 1742 luctabatur,
2555 1668 2953 1731 movebaturne
2985 1690 3013 1728 a
3052 1682 3130 1737 se,
3160 1688 3229 1727 an
3265 1673 3335 1743 ab
3368 1671 3520 1726 alio?

312 1870 379 1923 A.
422 1869 634 1940 Ὥσπερ
662 1873 723 1923 ού
760 1872 983 1941 λέγεται
1013 1876 1040 1926 6
1067 1873 1157 1936 σὸς
1199 1874 1345 1934 νοῦς,
1378 1872 1409 1942 ἦ
1447 1872 1602 1935 ποῦς,
1633 1872 1665 1942 ἢ
1708 1871 1831 1942 χεὶρ

2004 1857 2066 1913 Α.
2111 1857 2267 1912 Sicut
2294 1872 2403 1912 non
2435 1856 2638 1911 dicitur
2672 1869 2831 1911 mens
2864 1862 2978 1918 tua,
3005 1860 3102 1907 aut
3130 1865 3248 1921 pes,
3285 1855 3379 1903 aut
3402 1863 3519 1902 ma-

240 1961 517 2014 κινεῖσθαι
545 1978 557 1992 ·
597 1966 662 2015 σὺ
688 1963 795 2033 γὰρ
824 1965 851 2016 ὁ
883 1964 973 2016 τὸν
1004 1964 1095 2017 σὸν
1123 1962 1268 2026 νοῦν,
1312 1966 1404 2017 καὶ
1438 1965 1505 2017 τὰ
1546 1964 1707 2033 μέλη,
1737 1960 1837 2017 και

239 2053 336 2115 τὰς
366 2053 634 2121 δυνάμεις
665 2056 850 2119 κινῶν,
875 2055 971 2108 καὶ
1006 2056 1309 2127 ῥυθμίζων,
1333 2057 1408 2119 ὡς
1433 2056 1619 2128 βούλει
1638 2073 1650 2085 ·
1687 2054 1834 2109 οὓτω

240 2145 331 2196 καὶ
358 2147 385 2197 6
423 2146 557 2207 Θεὸς
598 2147 794 2215 Λόγος,
826 2148 991 2212 αὐτὸς
1022 2143 1113 2218 ἦν,
1142 2151 1168 2202 6
1195 2150 1288 2201 τὸν
1333 2149 1462 2202 ἴδιον
1490 2146 1832 2220 ἀνθρώπινον

239 2237 387 2304 νοῦν,
441 2240 537 2291 καὶ
575 2239 674 2303 τὰς
724 2241 1031 2310 αἰσθήσεις,
1080 2242 1175 2294 καὶ
1228 2241 1469 2311 φυσικὰς
1514 2240 1678 2305 ἔξεις,
1739 2241 1834 2293 καὶ

237 2323 506 2393 δυνάμεις
533 2326 725 2394 κινῶν,
759 2328 855 2380 καὶ
876 2328 1099 2381 διακυϐε
1111 2330 1272 2399 ρνῶν,
1291 2327 1368 2392 ὡς
1390 2328 1664 2397 βούλεται,
1697 2329 1835 2399 πρὸς

242 2412 302 2464 τὸ
335 2414 636 2484 εἰρημένον
664 2416 815 2487 παρᾶ
850 2418 968 2480 σοῦ,
1001 2418 1082 2470 ὅτι
1124 2406 1500 2489 αύτοκίνητος,
1535 2417 1567 2488 ἢ
1596 2418 1837 2487 έτεροκί-

248 2520 411 2572 νητος
444 2508 471 2559 6
507 2506 634 2570 νοῦς
664 2508 757 2561 τοῦ
790 2508 1032 2582 Χριστοῦ
1055 2523 1070 2538 ⁸
1105 2508 1264 2575 τοῦτό
1309 2527 1513 2581 φαμεν,
1549 2511 1624 2571 ὡς
1658 2508 1771 2579 ἔχει
1803 2511 1836 2579 ἡ

252 2594 441 2665 φύσις,
478 2598 598 2669 ἦτοι
631 2594 727 2654 κιῖι
756 2602 787 2671 ἡ
823 2600 995 2672 ψυχὴ,
1023 2601 1119 2655 καὶ
1143 2601 1205 2654 τὸ
1223 2601 1406 2672 σῶμα,
1433 2603 1528 2655 καὶ
1550 2602 1618 2654 τὰ
1648 2601 1836 2656 τούτου

253 2688 423 2760 μέρη,
459 2690 556 2744 καλ⁸
607 2692 965 2764 αἰσθητήρια,
1015 2694 1251 2748 ἕκαστον
1307 2693 1445 2747 ἰδίαν
1492 2694 1615 2747 τινὰ
1660 2694 1838 2763 άπλῆν

252 2779 350 2833 καὶ
377 2782 619 2853 φυσικὴν
646 2785 888 2854 κίνησιν.
922 2786 985 2838 Ei
1025 2786 1102 2856 μὴ
1136 2785 1245 2855 γὰρ
1276 2784 1462 2855 ἔχουσι
1487 2789 1660 2839 ταῦτα
1696 2789 1842 2839 κατὰ

253 2871 421 2939 φύσιν
444 2874 567 2926 τινὰ
590 2873 834 2944 κίνησιν,
875 2875 977 2927 οὐκ
1008 2876 1073 2929 ἂν
1098 2877 1261 2945 ἡμεῖς
1300 2874 1664 2945 δυνηθείημεν
1700 2875 1840 2929 αὐτὰ

252 2962 506 3032 κινῆσαι.
546 2963 658 3034 Τὴν
696 2960 790 3017 οῦν
819 2963 1056 3035 φυσικὴν
1095 2965 1188 3017 καὶ
1235 2963 1412 3034 ἁπλῆν
1440 2963 1655 3034 κίνησιν
1677 2966 1839 3033 ἡμεῖς

168 3122 171 3125 ν
252 3055 810 3126 παραλαμϐάνοντες,
851 3056 1115 3126 κινοῦμεν
1146 3059 1242 3109 καὶ
1276 3055 1617 3126 ῥυθμίζομεν
1645 3057 1839 3127 αὐτὴν,

249 3145 329 3207 ὡς
360 3145 425 3197 ἃν
464 3144 817 3215 βυυλοίμεθα,
854 3144 1058 3209 καλῶς,
1093 3144 1125 3215 ἢ
1157 3144 1364 3208 κακῶς.
1388 3140 1512 3198 Οἷον
1536 3144 1719 3215 έχουσι
1741 3146 1840 3217 τὴν
1868 3176 1911 3233 c

253 3235 573 3307 βαδιστικὴν
607 3236 824 3306 κίνησιν
854 3234 1104 3305 φυσικῶς
1145 3238 1193 3288 oi
1238 3235 1431 3298 πόδες*
1483 3233 1595 3304 ἐγὼ
1640 3235 1698 3289 δὲ
1742 3236 1837 3289 κέ-

252 3346 469 3399 χρημαι
523 3332 588 3401 τῇ
668 3328 920 3399 βαδίσει,
973 3328 1049 3391 ὡς
1123 3327 1409 3398 βούλομαι.
1473 3329 1733 3399 Ἔχουσιν
1788 3330 1838 3382 oi

250 3418 522 3488 ὀφθαλμοὶ
577 3418 637 3472 τὸ
673 3418 863 3482 ἁπλῶς
911 3420 1079 3490 όρᾷν’
1131 3419 1243 3487 ἐγὼ
1282 3418 1361 3482 δὲ,
1414 3420 1487 3483 ὡς
1549 3419 1835 3491 βούλομαι,

251 3507 538 3579 κέχρημαι
588 3511 654 3578 τῇ
686 3509 899 3579 ὁράσει.
935 3498 1021 3563 Τδ
1055 3504 1148 3562 οὖν
1186 3510 1319 3580 ὁρᾷν
1358 3510 1423 3563 ὲκ
1463 3509 1562 3580 τῆς
1619 3510 1838 3579 φύσεως

251 3599 391 3669 ἔχω’
425 3599 586 3663 τὸδὲ,
626 3598 746 3663 πῶς
780 3600 933 3671 ὁρᾷν,
965 3600 1025 3663 ἐξ
1052 3601 1293 3671 ἐμαυτοῦ
1342 3602 1514 3656 ἐστιν.
1559 3602 1842 3667 Ὡσαύτως

251 3693 348 3744 καὶ
381 3691 475 3743 ἐπὶ
505 3692 605 3761 τῆς
632 3690 932 3762 θελήσεως,
966 3692 1063 3745 καὶ
1089 3692 1201 3744 τῶν
1231 3692 1444 3745 λοιπῶν
1484 3693 1583 3763 τῆς
1622 3694 1842 3763 φύσεως

255 3782 466 3853 μερῶν,
516 3783 613 3836 καὶ
666 3783 759 3835 ἐπὶ
807 3781 971 3836 αὐτοῦ
1020 3782 1118 3836 τοῦ
1148 3783 1263 3836 νοῦ.
1307 3784 1353 3815 ⁸⁸
1388 3784 1542 3853 Ἔχει
1586 3784 1697 3855 γὰρ
1747 3786 1843 3840 καὶ

250 3875 417 3937 αὐτὸς
446 3874 697 3942 φυσικῶς
728 3873 790 3925 τὸ
835 3872 1023 3936 ἁπλῶς
1048 3873 1388 3941 λογίζεσθαι,
1431 3876 1529 3927 καὶ
1580 3876 1765 3941 τοῦτο,
1805 3877 1839 3949 ἢ

250 3965 447 4019 τοῦτο·
483 3964 595 4033 ἐγὼ
638 3965 694 4018 δὲ
731 3966 796 4036 τῇ
837 3964 1069 4037 τοιαύτῃ
1098 3968 1302 4037 φυσικῇ
1331 3966 1562 4036 δυνάμει
1607 3966 1704 4021 τοῦ
1749 3968 1843 4022 νοῦ

250 4056 559 4128 κέχρημαι,
587 4057 662 4118 ὡς
691 4055 960 4126 βούλομαι
991 4056 1135 4109 κατὰ
1158 4054 1409 4126 γνώμην,
1441 4058 1562 4129 ἦτοι
1598 4058 1762 4123 καλὰ,
1809 4061 1842 4130 ἢ

250 4150 403 4203 κακὰ
429 4146 812 4219 λογιζόμενος,
844 4149 943 4202 καὶ
975 4149 1459 4218 κατεργαζόμενος
1479 4150 1577 4220 τὴν
1616 4149 1711 4205 τοῦ
1751 4151 1844 4205 νοῦ

196 4244 201 4247 ’
249 4241 510 4313 δύναμιν,
531 4245 609 4307 εἰς
639 4243 778 4311 ὅπερ
809 4243 1059 4311 ἐφίεμαι.
1086 4241 1160 4293 Τὸ
1192 4240 1322 4308 γοῦν
1346 4241 1535 4306 ἁπλῶς
1551 4243 1843 4304 κινεῖσθαι,

252 4331 393 4384 κατὰ
461 4331 561 4400 τὴν
623 4331 865 4401 ἰδιότητα
890 4331 1148 4408 ⁸ἑκάστου
1207 4332 1408 4401 μέρους
1465 4333 1565 4403 τῆς
1630 4332 1848 4400 φύσεώς

253 4424 371 4476 ἐστι
392 4426 417 4452 ”
448 4423 509 4475 τὸ
542 4422 599 4475 δὲ
626 4421 744 4485 πῶς
799 4421 1093 4483 κινεῖσθαι,
1126 4422 1227 4490 τῆς
1269 4422 1646 4486 ὑποστάσεως.
1691 4424 1848 4478 υῦτω

1935 1967 2038 2006 nus
2098 1949 2357 2017 moveri;
2405 1957 2461 2002 tu
2517 1948 2663 2003 enim
2695 1962 2756 2003 es
2789 1946 2884 2016 qui
2935 1950 3175 1999 mentem
3237 1951 3409 2004 tuam,
3465 1945 3517 1993 et

1935 2042 2205 2105 membra,
2256 2057 2321 2096 ac
2369 2041 2644 2110 potentias
2688 2053 2878 2094 moves
2923 2043 2979 2093 et
3013 2033 3324 2090 moderaris
3374 2032 3518 2087 sicut

1934 2134 2020 2189 vis
2066 2153 2079 2189 :
2131 2135 2211 2189 sic
2273 2131 2417 2187 Deus
2478 2131 2713 2188 Verbum
2768 2131 2886 2199 ipse
2933 2135 3053 2184 erat
3100 2127 3192 2198 qui
3239 2124 3518 2197 propriam

1938 2233 2172 2279 mentem
2205 2212 2526 2287 humanam,
2553 2231 2606 2278 et
2632 2236 2852 2285 sensus,
2879 2226 2934 2275 et
2964 2217 3247 2273 naturales
3271 2214 3513 2275 habitus,

1937 2330 2001 2369 ac
2035 2315 2312 2385 potentias
2364 2314 2620 2368 movebat
2666 2320 2721 2369 et
2771 2311 3113 2391 gubernabat
3173 2318 3234 2363 ut
3278 2306 3515 2362 volebat.

1937 2406 2096 2474 Quod
2136 2415 2316 2483 autem
2352 2405 2633 2475 quazrebas
2661 2445 2679 2473 ,
2710 2413 2893 2459 utrum
2931 2418 3086 2459 mens
3127 2399 3330 2456 Christi
3375 2413 3405 2451 a
3464 2411 3523 2451 se

1939 2515 2006 2553 an
2040 2498 2111 2554 ab
2148 2498 2257 2552 alio
2291 2505 2627 2565 moveretur,
2657 2496 3054 2568 respondemus
3088 2495 3233 2565 quod
3260 2507 3436 2555 mens,
3470 2498 3525 2543 et

1943 2575 2123 2645 anima
2145 2588 2281 2661 (64),
2306 2596 2363 2646 et
2390 2604 2618 2660 corpus,
2641 2597 2696 2645 et
2713 2597 2902 2661 partes
2924 2586 3198 2657 corporis,
3223 2594 3277 2639 et
3298 2597 3523 2644 sensus,

1940 2682 2375 2753 unumquodque
2408 2682 2601 2736 horum
2633 2681 2919 2750 proprium
2953 2676 3243 2748 quemdam
3299 2682 3354 2729 et
3394 2675 3525 2728 sim-

1940 2773 2140 2842 plicem
2193 2787 2257 2827 ac
2288 2773 2599 2828 naturalem
2651 2779 2857 2826 motum
2910 2769 3095 2824 habet.
3128 2765 3185 2821 Si
3217 2765 3365 2820 enim
3416 2778 3524 2817 nor.

1943 2864 2209 2919 haberent
2240 2864 2358 2918 haec
2401 2865 2704 2920 secundum
2733 2872 2985 2917 naturam
3022 2867 3231 2914 motum
3262 2857 3525 2926 aliquem

1941 2973 2054 3012 non
2084 2972 2373 3028 possemus
2404 2972 2509 3012 nos
2556 2955 2796 3010 naturali
2849 2963 2903 3009 et
2943 2951 3182 3021 simplici
3213 2958 3362 3003 metu
3404 2965 3525 3002 nm-

1942 3050 2080 3115 veri,
2107 3064 2268 3119 quem
2292 3062 2391 3103 nos
2419 3048 2782 3115 suscipimus,
2811 3052 2864 3099 et
2892 3059 2957 3097 eo
2991 3056 3301 3103 movemur,
3328 3047 3383 3094 et
3409 3054 3525 3091 mn-
3583 3060 3603 3081 ν

1945 3140 2205 3195 deramur
2233 3155 2385 3203 eum,
2425 3147 2483 3193 ut
2527 3138 2801 3199 volumus,
2851 3137 2989 3190 bene
3019 3134 3104 3187 vel
3156 3132 3320 3186 male.
3359 3128 3525 3185 Verbi

1946 3231 2142 3301 gratia,
2185 3230 2386 3303 habent
2422 3229 2587 3298 pedes
2619 3227 2937 3282 facultatem
2974 3225 3198 3280 insitam
3232 3223 3300 3277 ad
3336 3222 3529 3275 ambu-

1947 3323 2203 3390 landum;
2243 3338 2346 3393 ego
2371 3337 2504 3377 vero
2559 3330 2687 3376 utor
2719 3323 2996 3392 ingressu,
3034 3316 3429 3380 ambulatione,
3472 3323 3528 3368 ut

1946 3412 2090 3468 volo.
2124 3410 2338 3467 Habent
2367 3413 2515 3467 oculi
2554 3401 2866 3467 facultatem
2912 3408 3134 3466 videndi
3168 3407 3528 3477 simpliciter,

1947 3518 2047 3573 ego
2077 3517 2207 3557 vero
2247 3510 2499 3572 aspectu,
2533 3512 2593 3556 ut
2623 3503 2776 3566 libet,
2810 3511 2959 3557 utor.
2994 3502 3066 3557 Ut
3090 3500 3258 3571 igitur
3284 3497 3527 3561 videam,

1949 3604 1981 3642 a
2050 3598 2248 3643 natura
2300 3590 2514 3655 habeo,
2550 3589 2842 3660 quomodO‘
2898 3597 3080 3642 autem
3158 3585 3400 3649 videam,
3464 3599 3531 3637 ex

1950 3693 2038 3733 me
2079 3687 2188 3735 est.
2242 3678 2513 3735 Similiter
2542 3680 2601 3732 fit
2635 3681 2688 3733 in
2739 3679 3060 3743 voluntate,l
3093 3687 3144 3731 et
3202 3678 3255 3731 in
3306 3676 3534 3744 reliquis

1951 3771 2208 3842 partibus
2236 3779 2467 3836 naturae,
2501 3779 2555 3826 et
2588 3772 2643 3825 in
2688 3771 2804 3841 ipsa
2834 3778 3042 3823 mente.
3085 3768 3241 3829 Utor,
3280 3775 3341 3819 ut
3388 3767 3539 3829 volo,

1951 3874 2005 3919 et
2036 3864 2340 3919 secundum
2370 3864 2724 3927 sententiam,
2751 3863 2802 3917 id
2831 3871 2937 3926 est,
2958 3861 3211 3921 honesta.
3237 3865 3330 3912 aut
3348 3873 3536 3927 prava.

1953 3966 2234 4028 potestate
2292 3959 2495 4011 mentis
2554 3954 2759 4025 cegito,
2817 3963 2871 4007 et
2912 3965 3131 4022 operor.
3180 3952 3337 4016 Quod
3369 3949 3537 4019 igitur

1954 4050 2221 4112 diximus,
2257 4048 2588 4117 simpliciter
2630 4045 2838 4099 moveri
2892 4044 3194 4099 secundum
3228 4041 3539 4111 proprieta-
3596 4096 3601 4101 ,

1955 4152 2062 4197 tem
2095 4142 2365 4212 cujusque
2401 4138 2567 4211 385.
2592 4140 2767 4208 partis
2796 4176 2810 4201 ,
2851 4144 3063 4191 naturae
3100 4146 3219 4201 est;
3264 4133 3538 4203 quomodo

1956 4241 2135 4288 autem
2167 4233 2294 4302 quis
2342 4239 2651 4295 moveatur,
2687 4245 2937 4301 personae
2964 4236 3070 4285 est.
3109 4228 3199 4281 Sic
3229 4228 3282 4280 in
3314 4225 3538 4280 Christe

1956 4324 2224 4393 intellige.
2262 4323 2421 4377 Sient
2449 4323 2655 4378 dicitur
2681 4323 2834 4377 faber
2867 4321 3134 4392 lignarius
3177 4319 3373 4373 fecisse
3411 4333 3541 4388 pro-

1959 4426 2073 4495 pria
2114 4439 2279 4477 manu
2333 4423 2554 4487 sedile;
2589 4434 2643 4476 et
2686 4421 2923 4476 dicimus
2966 4422 3096 4475 item
3145 4432 3367 4471 manum
3402 4415 3541 4469 fabri

252 4514 347 4567 καὶ
380 4513 486 4567 ἐπὶ
520 4514 762 4585 Χριστοῦ
794 4515 929 4568 νόει.
962 4514 1179 4585 Ὥσπερ
1213 4513 1435 4582 λέγεται
1474 4517 1502 4567 6
1541 4518 1749 4570 τέκτων
1783 4520 1837 4587 τῇ

1959 4516 2175 4586 lignarii
2220 4514 2420 4568 fecisse
2447 4513 2653 4578 sedile;
2714 4514 2792 4567 sic
2830 4513 3064 4567 dicimus
3097 4511 3263 4564 Deum
3297 4509 3542 4563 Verbum

176 4654 185 4663 .
254 4605 363 4677 ἰδίᾳ
393 4606 553 4677 χειρὶ
583 4605 950 4674 πεποιηκέναι
980 4604 1074 4658 τὸν
1102 4602 1310 4675 θρόνον,
1346 4605 1441 4659 καὶ
1471 4604 1728 4676 λέγομεν,
1759 4607 1842 4660 ὅτι

254 4701 290 4771 ἡ
348 4700 477 4770 χεὶρ
516 4698 611 4751 τοῦ
660 4696 915 4761 τέκτονος
960 4697 1052 4750 τὸν
1108 4697 1295 4768 θρόνον
1333 4697 1667 4767 πεποίηκεν·
1695 4698 1838 4752 οὕτω

1955 4608 2153 4663 vicisse
2185 4622 2352 4660 carne
2384 4621 2399 4669 ;
2455 4613 2509 4659 et
2542 4620 2740 4660 rursus
2768 4604 3006 4658 dicimus
3062 4618 3282 4656 carnem
3317 4601 3540 4663 vicisse,

1952 4698 2003 4751 id
2032 4709 2135 4759 est,
2164 4704 2418 4748 naturam
2450 4694 2812 4748 humanitatis
2840 4692 2973 4760 (45).

227 4789 602 4860 ,tpapEV,vxctl
630 4789 726 4842 τὸν
791 4789 926 4843 Θεὸν
973 4790 1147 4859 Λόγον
1201 4789 1553 4858 νενικηκέναι
1597 4793 1663 4863 τῇ
1735 4794 1922 4864 σαρκὶ,
1983 4791 2081 4845 καὶ
2131 4788 2232 4861 τὴν
2300 4787 2477 4861 σάρκα
2537 4786 2769 4855 λέγομεν
2809 4785 2972 4839 πάλιν
3022 4783 3368 4854 νενικηκέναι
3425 4784 3542 4853 ήτοι

259 4882 363 4953 τὴν
403 4881 569 4950 φύσιν
590 4881 694 4950 τῆς
721 4880 1168 4951 ἀνθρωπότητος.

248 4968 259 4979 '
334 4973 396 5026 Β.
439 4968 564 5033 Πῶς
594 4971 622 5023 6
665 4969 840 5040 Ἀδὰμ
879 4967 1129 5040 ἡττήθης
1161 4969 1286 5039 οὐχὶ
1331 4969 1614 5038 διστάσας,
1648 4973 1852 5043 μᾶλλον

262 5064 307 5117 δ’
340 5063 651 5133 ἀπιστήσας
680 5060 759 5131 τῷ
800 5061 946 5131 λόγῳ
978 5061 1075 5114 τοῦ
1120 5059 1278 5125 Θεοῦ,
1326 5063 1421 5115 καὶ
1448 5063 1749 5128 πιστεύσας
1777 5065 1854 5135 τῷ

264 5154 509 5223 διαϐόλῳ
529 5172 543 5219 ;

339 5249 407 5301 Α.
450 5244 526 5299 Τὸ
552 5245 698 5299 λεῖον
730 5244 834 5313 τῆς
855 5243 1053 5314 ἡδονῆς
1074 5241 1292 5310 ἔθελξεν
1320 5246 1483 5300 αὐτὸν
1510 5250 1727 5318 πρῶτον
1753 5254 1853 5322 τῆς

271 5336 595 5409 ἐπιθυμίας,
633 5331 752 5389 εἶτα
807 5334 1108 5389 ὲδίστασεν.
1151 5334 1214 5387 Εἰ
1268 5335 1377 5408 γὰρ
1421 5339 1495 5411 μὴ
1545 5340 1711 5395 καλὸν
1761 5338 1848 5413 ἦν,

2034 4971 2093 5026 B.
2124 4969 2411 5036 Quomodo
2442 4970 2618 5024 Adam
2643 4968 2822 5023 victus
2857 4980 2940 5023 est
2965 4968 2989 5020 ?
3018 4981 3202 5021 nonne
3235 4965 3541 5023 dubitans?

1965 5064 2075 5119 imo
2105 5065 2293 5133 potius
2316 5078 2427 5119 non
2461 5062 2692 5119 credens
2727 5059 2896 5116 verbo
2928 5058 3049 5125 Dei,
3082 5066 3136 5114 et
3165 5058 3401 5115 credens
3432 5059 3545 5116 dia-

2111 5158 2134 5190 ε,

2111 5159 2134 5190 ς,

1964 5159 2423 5302 ι)‹)Ὰ)..[31ιιιιίίἰιίιι
2478 5243 2655 5315 ipsius
2695 5240 2988 5313 voluptatis
3020 5241 3258 5312 primum
3295 5240 3545 5295 delinivit

1961 5319 2085 5397 eum
2113 5341 2451 5412 cupiditate;
2480 5337 2683 5395 deinde
2707 5334 3003 5393 dubitavit.
3028 5333 3144 5389 Nisi
3174 5332 3464 5414 pulchrum
3495 5334 3544 5386 ci

1548 5455 1780 5510 VARiIE
1814 5455 2228 5512 LECTIONES.

324 5523 367 5552 3“
426 5521 784 5577 Desideratur
816 5521 870 5574 in
897 5519 1088 5574 codice
1116 5517 1281 5574 Turr.

1797 5617 2030 5674 NOTAE.

350 5727 463 5800 (45)
505 5726 559 5781 Id
606 5736 710 5788 est,
758 5738 950 5780 natura
1007 5727 1244 5783 humana
1295 5729 1349 5784 in
1380 5728 1602 5784 Christo
1639 5747 1854 5800 semper

280 5795 385 5873 fuit
417 5799 559 5848 intra
600 5814 911 5851 uicusuram
947 5814 1127 5853 suam.

2039 5730 2152 5800 (Η)
2178 5729 2401 5800 Videtur
2421 5728 2510 5785 hic
2530 5726 2730 5800 legisse
2752 5724 2916 5800 Turr.
2955 5726 3016 5800 _'O
3040 5728 3184 5790 νοῦς,
3206 5729 3297 5800 καί
3325 5728 3544 5799 ἡψυχὴ.

2043 5796 2156 5869 (4ῖῆ
2184 5799 2444 5855 Naturam
2477 5796 2837 5854 hutnanitatis
2870 5797 2922 5849 in
2954 5796 3234 5867 hypostasi
3270 5798 3423 5884 diu-it.
