4000 6442
429 358 433 365 .
531 302 667 371 1527

1745 317 2136 383 THEODORI
2173 322 2212 380 Α
2222 322 2539 385 ΒΗΕΑΒΕ
3602 336 3708 402 1533

527 420 702 475 visum
761 428 930 486 esset,
993 425 1136 492 quod
1207 424 1560 484 interdictum
1610 439 1749 497 erat,
1815 449 2082 505 nunquarr

2203 439 2340 508 μήτε
2371 439 2572 509 ὡραῖον
2600 438 2776 508 ἐφάνη
2811 414 2961 511 αύτῷ
2997 443 3056 496 τὸ
3085 444 3525 516 ἀπηγορευμένον
3559 457 3712 523 φυτδν,

524 520 759 565 mentem
791 527 945 567 suam
975 516 1298 587 deccpisset.
1337 518 1405 573 Et
1466 521 1691 578 adverte
1739 526 1885 594 quod
1946 525 2082 592 dico,

2196 527 2295 578 οὐκ
2328 525 2394 579 ἂν
2447 526 2638 580 ἑαυτὸν
2685 528 3159 600 ὲφρεναπάτησεν,
3196 535 3291 586 καὶ
3337 537 3430 589 τὸν
3472 516 3612 607 λόγον
3638 516 3714 597 τοῦ

522 600 568 656 si
594 600 846 658 diabolus
879 606 1212 663 ostendisset
1238 610 1287 664 ei
1320 611 1549 680 lignum,
1579 614 1728 669 unde
1753 617 1988 687 surnpsit
2008 632 2082 672 vel

2197 613 2395 684 ἐχθροῦ
2448 615 2810 687 παρεδέξατο.
2848 618 2961 670 Καὶ
2988 621 3227 690 πρόσχες
3276 616 3320 690 ᾧ
3360 623 3499 692 λέγω
3520 600 3606 681 ’.εἰ
3631 632 3719 683 ὑπ.

522 692 676 748 titum
702 697 904 762 cibum,
937 706 1078 754 tetro
1098 699 1286 764 odore,
1330 711 1384 754 et
1408 702 1715 770 spinosum,
1739 715 1790 759 et
1821 721 2082 771 amarum,

2196 704 2400 772 ἔδειξεν
2429 705 2579 776 αύτῷ
2608 708 2636 760 6
2666 706 2913 772 διάϐολος
2945 704 3109 777 φυτὸν
3139 692 3392 777 δυσῶδες,
3428 717 3719 785 ἀκανθῶδες,

520 784 896 858 dixissetque:
929 788 985 844 Si
1020 806 1085 846 ex
1119 791 1222 847 hoc
1249 792 1579 859 comederis,
1611 796 1720 850 eris
1746 795 1911 862 Deus,
1950 814 2082 851 nun-

2196 798 2290 850 καὶ
2316 798 2534 867 πικρὸν,
2571 798 2664 852 καὶ
2692 796 2847 853 εἶπεν
2874 801 3024 872 αὐτῷ
3044 818 3057 831 ·
3088 803 3151 856 Εἰ
3185 804 3379 874 φάγοις
3410 807 3514 860 ἀπὸ
3541 784 3722 877 τούτους

517 894 680 948 quam
710 880 831 936 sine
859 882 1182 951 probatione
1225 892 1280 940 et
1333 879 1693 957 indagatione
1720 887 1899 941 locum
1936 887 2082 941 falla-

2195 886 2456 964 ἔσῃρεός
2485 906 2497 920 ο
2561 890 2661 943 οὐκ
2695 889 2761 943 ἂν
2808 891 3217 957 ἀναποδείκτως
3256 894 3349 948 καὶ
3392 897 3724 964 ἀνεξετάστως

516 968 616 1023 cite
650 970 772 1038 ejus
802 970 1063 1027 dedisset.
1098 972 1241 1039 Quin
1279 977 1460 1044 potius
1482 956 1709 1032 curiose
1740 978 1808 1032 de
1833 993 1896 1032 ea
1924 993 1982 1032 re
2010 979 2082 1031 in-

2194 956 2527 1050 παρεδέξατο
2570 981 2670 1050 τὴν
2716 980 2953 1052 ἀπάτην.
3017 983 3159 1037 Ἀλλ’
3207 956 3727 1060 ἐπολυπραγμόνησεν

515 1059 856 1129 quisivissct,
888 1078 950 1116 ac
977 1065 1314 1132 respondens
1337 1068 1566 1123 dixisset
1592 1086 1604 1120 :
1632 1067 1784 1123 Unde
1810 1069 1913 1123 hoc
1940 1070 2082 1123 scis‘!

2193 1071 2260 1124 ἂν
2290 1071 2743 1141 ἀποκρινόμενος,
2785 1072 2881 1126 καὶ
2930 1073 3138 1141 λέγων’
3170 1076 3343 1129 Πόθεν
3386 1094 3469 1130 σοι
3510 1059 3656 1149 τοῦτο
3682 1082 3730 1133 τδ

516 1158 608 1204 aut
637 1152 782 1207 unde
829 1155 959 1207 mihi
1009 1156 1110 1208 hoc
1146 1159 1367 1223 probas,
1408 1169 1460 1211 ct
1498 1175 1583 1212 me
1611 1166 1821 1214 certum
1856 1160 2037 1213 reddis
2068 1160 2082 1212 ἲ

2194 1161 2415 1225 εἰδέναι,
2436 1164 2483 1230 εὴ
2517 1163 2685 1216 πόθεν
2732 1181 2821 1234 μοι
2856 1165 3121 1237 παρέχεις
3152 1167 3247 1235 τὴν
3278 1168 3531 1237 τοιαύτην
3555 1170 3732 1242 πληροο

515 1252 568 1297 et
613 1243 855 1314 denique
884 1260 1164 1315 nunquam
1211 1248 1332 1303 sine
1368 1263 1496 1303 vera
1525 1249 2004 1305 demonstratione
2032 1252 2082 1302 ti-

2195 1253 2426 1323 φορίαν,
2473 1254 2565 1306 καὶ
2617 1253 2930 1319 ἀπόδειξινς
2990 1257 3086 1311 καὶ
3134 1257 3321 1321 ἁπλῶς
3364 1259 3466 1312 οὐκ
3512 1260 3574 1312 ἄν
3622 1279 3733 1314 ποτε

514 1333 638 1389 dem
666 1335 851 1392 verbis
883 1336 1005 1406 ejus
1039 1338 1404 1396 adhibuisset.
1436 1341 1737 1412 Postquam
1770 1356 1902 1397 vero
1931 1342 2082 1410 cupi-

2193 1344 2420 1414 ὲπείσθη
2458 1344 2585 1398 ἄνευ
2627 1345 3071 1416 ἁπαραλογίστου
3118 1349 3445 1417 ἀποδείξεως
3489 1351 3575 1403 τὸν
3602 1351 3733 1420 λόγον

514 1424 659 1481 ditas
684 1441 811 1481 eum
840 1429 1090 1494 mollivit,
1125 1428 1316 1487 fefellit
1343 1434 1458 1503 ipse
1492 1449 1651 1490 suam
1674 1436 2087 1507 cogitationem.

514 1516 608 1572 Sic
662 1519 845 1579 evenit
894 1521 962 1575 iis
1009 1521 1105 1590 qui
1142 1523 1671 1595 pseudoprophetam
1709 1527 2082 1596 Agarenorum

2192 1542 2353 1589 νωσε,
2383 1524 2473 1607 τὸν
2500 1524 2697 1579 ἑαυτοῦ
2718 1524 2978 1596 λογισμὸν
3022 1528 3450 1599 παρελογίσατο.
3484 1529 3632 1584 Οὕτω
3655 1534 3735 1585 καὶ

514 1610 712 1674 secuti,
738 1605 1094 1666 crediderunt
1126 1613 1200 1677 ei,
1233 1617 1516 1671 concessis
1537 1623 1591 1670 et
1622 1616 1909 1685 promissis
1943 1616 2082 1670 volu-

2190 1615 2241 1667 οἱ
2270 1615 2346 1685 τῷ
2368 1605 2791 1688 ψευδοπροφήτῃ
2825 1617 2934 1670 τῶν
2973 1618 3296 1689 Ἀγαρηνῶν
3327 1619 3735 1690 ἠκολουθηκότες

513 1700 756 1770 ptatibus
785 1702 1021 1772 decepti.
1058 1704 1194 1759 Cum
1222 1706 1366 1762 enim
1401 1708 1573 1763 multa
1601 1708 1797 1777 spolia,
1824 1715 1879 1763 et
1912 1707 2082 1778 legem

2194 1707 2629 1761 πεπιστεύκασιν
2690 1707 2837 1779 αύτῷ
2866 1749 2882 1775 ,
2911 1711 3033 1773 ταῖς
3079 1708 3396 1779 δεδομέναις
3437 1712 3615 1776 αὐτοῖς
3660 1713 3735 1765 καὶ

513 1791 802 1848 remissam
837 1802 891 1848 et
921 1794 1243 1871 relaxatam,
1273 1806 1326 1851 et
1356 1811 1548 1851 eorum
1581 1777 1984 1867 cupiditatibus,
2000 1798 2082 1867 ju-

2195 1794 2634 1867 ὲπηγγελμέναις
2671 1777 2887 1865 ἡδοναῖς
2915 1777 3367 1864 φενακισθέντες·
3401 1797 3618 1869 λάφυρα
3645 1801 3734 1871 γὰρ

2188 1886 2382 1951 πολλὰ,
2421 1888 2518 1941 καὶ
2569 1886 2765 1955 σκῦλα,
2814 1889 2909 1942 καὶ
2948 1889 3113 1960 νόμον
3143 1890 3453 1960 ἀνειμένον,
3501 1891 3591 1943 καὶ
3635 1895 3736 1955 ταῖς

2188 1980 2509 2052 ἐπιθυμίαις
2568 1980 2750 2035 αὐτῶν
2798 1982 3138 2055 καταθύμιον
3190 1982 3488 2049 δεδωκότος
3538 1985 3734 2048 αὐτοῖς,

2189 2070 2502 2142 ἑμὼραναν,
2555 2073 2649 2125 καὶ
2702 2072 3059 2144 ἐξηπάτησαν
3105 2072 3205 2145 τὴν
3246 2074 3387 2127 ἰδίαν
3430 2074 3734 2144 συνείδησιν.

2191 2163 2286 2216 καὶ
2317 2163 2666 2225 ἐπίστευσαν,
2696 2163 2777 2217 ὅτι
2812 2165 3107 2236 προφήτης
3144 2164 3285 2231 ἐστὶ,
3322 2165 3422 2219 καὶ
3463 2164 3594 2219 Θεοῦ
3618 2167 3733 2219 ἀπύ-

2191 2251 2399 2316 στολος.
2434 2253 2589 2306 Ἐπεὶ
2642 2253 2692 2306 εί
2724 2253 2893 2325 μηδὲν
2923 2254 3238 2326 προέτεινεν
3268 2257 3332 2309 ὲκ
3370 2255 3483 2309 τῶν
3522 2256 3735 2324 ὲφέσεων

2188 2341 2393 2407 αὐτῶν,
2425 2342 2562 2396 ἀλλὰ
2594 2343 2816 2414 λυπηρά
2839 2361 2985 2410 τινα,
3021 2345 3119 2399 καὶ
3163 2344 3379 2416 ἐργώδη
3409 2346 3589 2410 αὐτοῖς
3619 2364 3732 2417 προ-

2188 2435 2437 2499 εϐάλετο,
2466 2435 2629 2499 εὐθὺς
2657 2435 2722 2489 ἂν
2751 2436 3043 2508 αὐστηρῶς
3072 2437 3243 2509 αὐτῷ,
3272 2440 3370 2491 καὶ
3410 2438 3616 2506 ἰταμῶς
3645 2442 3734 2493 ἀπ-

2186 2526 2475 2597 εκρίναντο
2498 2543 2511 2555 ·
2549 2526 2659 2580 Καὶ
2692 2527 2859 2581 πόθεν
2907 2530 3057 2599 ἡμᾶς
3091 2528 3321 2593 πείθεις.
3346 2530 3433 2592 ὅτι
3461 2547 3520 2583 σε
3560 2533 3587 2585 6
3622 2531 3736 2591 Θεὸς

2186 2616 2564 2682 ἀπέσταλκεν;
2599 2617 2694 2670 καὶ
2714 2619 2836 2672 τίνα
2862 2618 3130 2673 πίστωσιν
3157 2620 3349 2686 δίδως;
3383 2622 3481 2675 καὶ
3508 2621 3571 2674 ἂν
3596 2620 3735 2673 αὑτὸν
3778 2670 3781 2673 .

2192 1432 2358 1486 αὑτοῦ
2392 1433 2820 1503 παραδέξασθαι.
2867 1436 3083 1508 Ἐπειδὴ
3111 1437 3169 1490 δὲ
3211 1439 3245 1508 ἡ
3289 1439 3559 1508 ἐπιθυμία
3593 1442 3732 1510 ἐχαύ-

513 1882 748 1938 cundam
773 1925 788 1951 ,
819 1885 1107 1951 dedisset,
1157 1872 1319 1943 facile
1355 1889 1759 1945 conscientiam
1805 1889 2086 1959 propriam

513 1975 665 2033 fatue
710 1977 1083 2048 decepcrunt,
1113 1978 1581 2049 credideruntque
1628 1980 1953 2051 prophetam
1994 1980 2087 2036 Dei

511 2084 637 2127 esse
669 2078 724 2126 et
768 2071 1103 2141 apostolum.
1139 2069 1381 2135 Etenim,
1406 2071 1514 2128 uisi
1547 2072 1932 2144 proposuisset
1968 2087 2092 2142 quas

509 2163 591 2219 eis
610 2162 853 2232 jucunda
903 2172 1108 2229 essent,
1146 2162 1240 2217 sed
1278 2163 1459 2232 potius
1491 2164 1719 2218 molesta
1748 2171 1801 2218 et
1832 2163 2092 2229 diﬁicilia,

509 2257 693 2310 statim
724 2264 944 2311 austere
989 2269 1043 2310 et
1077 2257 1195 2312 sine
1242 2257 1353 2312 ullo
1378 2257 1590 2327 pudore
1621 2254 2039 2324 respondissent
2073 2271 2089 2308 :

508 2347 670 2402 Unde
700 2347 861 2403 nobis
886 2348 1088 2403 suades
1136 2363 1260 2404 esse
1286 2356 1340 2403 te
1366 2363 1397 2402 a
1426 2348 1539 2402 Deo
1560 2347 1788 2402 missum
1816 2346 1838 2400 ?
1865 2353 1921 2401 et
1947 2360 2091 2416 quo-

509 2439 673 2494 modo
704 2438 861 2493 tidem
901 2438 1073 2495 facis?
1110 2440 1535 2509 exegissentque
1567 2439 1636 2493 ab
1671 2452 1739 2493 eo
1770 2438 2090 2507 perspicuas

508 2543 722 2591 eorum,
757 2542 878 2596 qua:
909 2529 1145 2592 dicebat,
1179 2529 1437 2584 rationes.
1468 2527 1536 2582 Et
1565 2537 1622 2582 ut
1655 2542 1763 2582 uno
1802 2525 1967 2581 verbo
2000 2522 2090 2579 di-

508 2634 652 2684 cam,
704 2634 827 2675 cum
880 2629 1112 2690 :egrotat
1151 2635 1215 2675 ea
1274 2635 1402 2691 pars
1474 2634 1582 2690 qua
1625 2618 1917 2688 cupimus,
1955 2627 2087 2672 tunc

510 2721 748 2767 mentem
778 2712 948 2767 trahit
973 2720 1029 2769 et
1062 2711 1130 2767 ad
1162 2712 1539 2767 assensionem
1573 2709 1753 2765 illicit.

2190 2707 2596 2789 εἰσεπράξαντο
2606 2704 2878 2780 ἐναργεῖς,
2901 2703 2976 2766 ὧν
2997 2710 3150 2782 λέγῃ,
3179 2712 3277 2775 τὰς
3301 2713 3624 2780 ἀποδείξεις.
3643 2710 3732 2765 Καὶ

509 2805 698 2868 ἁπλῶς
723 2807 920 2872 εἰπεῖν,
971 2806 1095 2861 ἐπεὶ
1124 2807 1342 2868 πάντως
1375 2806 1437 2859 τὸ
1471 2802 1870 2875 ἐπιθυμητικὸν
1917 2800 2085 2867 νοσεῖ,
2126 2802 2220 2855 καὶ
2292 2802 2413 2856 τότε
2464 2802 2558 2857 τὸν
2602 2803 2728 2858 νοῦν
2776 2806 3099 2872 ἐπισπᾶται,
3152 2807 3247 2859 καὶ
3293 2805 3540 2870 δελεάζει
3618 2804 3732 2876 πρὸς

508 2900 927 2970 συγκατάθεσιν.
2130 2936 2139 2937 ί
3510 2902 3523 2906 ⁸

443 3043 467 3065 ,
573 2994 637 3054 Β.
661 2993 955 3053 l’oteratne
987 2994 1079 3067 qui
1112 3001 1230 3057 erat
1257 2991 1556 3052 secundum
1585 2989 1919 3064 hypostasim
1950 2989 2075 3045 uni-

2254 2987 2316 3043 B.
2367 2984 2628 3042 Ἥδύνατο
2658 2986 2687 3041 6
2715 2984 2996 3059 ἡνωμένος
3027 2984 3151 3063 καθ’
3183 2986 3485 3044 ὑπόστασιν
3526 2986 3597 3061 τῷ
3633 2988 3735 3060 Θεῷ

506 3099 592 3145 tus
618 3088 751 3154 Deo,
778 3097 831 3144 et
848 3103 977 3143 caro
994 3089 1082 3143 illa
1102 3089 1244 3143 trahi
1271 3089 1496 3147 oumino
1516 3085 1886 3156 voluptatibus
1907 3082 2074 3146 illius,

2185 3080 2342 3150 Λόγῳ
2367 3080 2462 3134 καὶ
2514 3082 2547 3150 ή
2580 3078 2721 3150 σὰρξ
2766 3080 2950 3149 ἐκείνη
2982 3080 3402 3152 συναπαχθῆναι
3455 3082 3589 3147 ὅλως
3629 3083 3732 3148 ταῖς

503 3182 593 3251 (ιιιί
618 3180 882 3245 tentabat,
913 3188 969 3237 et
1008 3182 1240 3237 mundi?

2185 3170 2272 3233 τοῦ
2300 3168 2657 3239 πειράζοντος
2678 3170 2917 3239 ἡδοναῖς,
2952 3171 3047 3224 καὶ
3072 3170 3165 3224 τοῦ
3195 3171 3441 3241 κόσμους

571 3275 638 3329 A.
674 3273 789 3329 Non
815 3274 1063 3344 potuisse
1100 3274 1358 3339 dicimus,
1391 3290 1496 3329 non
1530 3282 1754 3344 propter
1785 3271 2079 3333 inﬁrmita-

2248 3265 2313 3315 A.
2356 3259 2430 3312 Τὸ
2468 3259 2543 3329 μὴ
2571 3258 2834 3313 δύνασθαι
2866 3254 2969 3313 ὧδε
3001 3262 3237 3336 οὐικατὰ
3276 3263 3338 3316 τὸ
3378 3263 3622 3329 ἀσθενὲς,
3653 3266 3729 3317 καὶ

504 3377 613 3424 tem
646 3375 701 3425 et
762 3367 1135 3431 debilitatem,
1172 3366 1267 3422 sed
1303 3376 1527 3437 propter
1558 3364 1721 3436 385
1749 3363 2081 3420 convenien-

2185 3351 2510 3412 itvévb‘extov,
2537 3349 2631 3402 καὶ
2657 3348 3063 3421 ἁνεγχὼρητον,
3090 3351 3229 3406 ἀλλὰ
3260 3356 3408 3408 κατὰ
3432 3355 3492 3408 τὸ
3512 3354 3729 3424 εὔλογον,

505 3463 635 3515 tiam
660 3460 889 3515 rationis
917 3467 972 3516 et
1007 3458 1271 3514 decentiae
1293 3475 1308 3524 ;
1332 3458 1475 3515 sicut
1524 3456 1760 3513 dicimus
1784 3472 1890 3513 non
1918 3470 2081 3535 posse

2185 3442 2273 3498 καὶ
2303 3441 2597 3512 εὐπρεπὲς,
2626 3442 2701 3504 ὡς
2732 3443 2825 3496 καὶ
2867 3443 2962 3499 ἐπὶ
2998 3442 3092 3505 τοῦ
3120 3443 3257 3507 Θεοῦ
3306 3462 3514 3523 φαμεν,
3562 3448 3638 3502 ὅτι
3678 3446 3728 3500 οὐ

507 3551 673 3606 Deum
705 3550 963 3622 injuriam
995 3549 1197 3616 facere.
1242 3594 1245 3597 .

2185 3535 2395 3590 δύναται
2422 3535 2698 3604 ἀδικῆσαι.

2071 3677 2210 3737 VIII.

2355 3788 2679 3863 Ἐρῴτησις
2722 3789 2982 3867 Ἀριξϐων
3008 3793 3160 3860 πρὸς
3192 3795 3575 3863 Χριστιανῶν.

2554 3910 2595 3959 Α
2654 3907 3026 3973 Χριστιανὸς,
3060 3909 3105 3961 Β
3164 3908 3374 3977 Ἄραψ.

2251 3996 2311 4050 Β.
2343 3995 2475 4049 Εἰπέ
2515 4014 2624 4066 μοι,
2656 3998 2683 4050 6
2714 3998 2949 4067 Χριστὸς
2981 3997 3113 4062 Θεός
3148 3998 3241 4052 σού
3277 4001 3473 4068 ὲστινς

2250 4087 2313 4138 Α.
2344 4084 2477 4137 Ναί.

670 3803 1028 3875 Interrogatio
1057 3802 1293 3858 Arabum
1322 3810 1509 3857 contra
1536 3801 1929 3857 Christianum.

957 3913 1024 3969 A.
1080 3910 1278 3969 Christ.
1330 3910 1394 3965 Β.
1435 3911 1598 3965 Arab.

570 4006 630 4058 Β.
666 4005 764 4061 Dic
792 4002 955 4069 mihi,
986 4013 1143 4061 estne
1163 4001 1422 4059 Christus
1447 4001 1592 4059 Deus
1628 4010 1757 4058 tuus
1783 4002 1806 4056 ?

570 4097 636 4152 Α.
665 4098 925 4152 Maxime.

569 4191 629 4244 Β.
659 4191 911 4246 Habesne
945 4189 1113 4244 alium
1152 4187 1323 4243 Deum
1358 4194 1557 4258 praeter
1588 4185 1753 4242 cum?

2250 4177 2310 4231 Β.
2346 4177 2528 4245 νΕχεις
2561 4171 2652 4229 οῦν
2688 4177 2872 4248 ἕτερον
2907 4177 3039 4231 Θεὸν
3073 4178 3213 4250 πλὴν
3238 4181 3444 4248 αὐτοῦ;

567 4284 634 4337 Α.
676 4283 1054 4351 Nequaquam.

2251 4268 2315 4323 Α.
2339 4267 2492 4337 Οὐχί.
2860 4292 2865 4297 ο
2996 4272 3003 4275 “

568 4374 630 4428 Β.
662 4374 835 4444 Igitur
883 4372 1044 4435 Pater
1078 4379 1135 4427 et
1180 4372 1417 4443 Spiritus
1467 4378 1696 4425 sanctus
1745 4365 2071 4421 exciderunt

2249 4361 2311 4414 B.
2343 4356 2551 4412 Οὐκοῦν
2584 4360 2611 4411 6
2644 4359 2832 4432 Πατὴρ
2866 4361 2960 4414 καὶ
3000 4362 3063 4415 τὸ
3101 4362 3324 4433 Πνεῦμα
3364 4362 3723 4420 διαπεπτῶκαο

2185 4447 2267 4500 σίν
2298 4464 2402 4500 σοι.

442 4516 465 4531 ,
498 4465 618 4523 lilii.

569 4556 633 4607 A.
666 4553 807 4611 Audi
840 4554 1005 4608 etiam
1031 4567 1138 4608 me.
1170 4551 1274 4617 Sit,
1301 4550 1644 4619 exsistatque
1671 4547 1759 4601 hic
1803 4546 2070 4615 scriptura

498 4648 705 4702 vestra,
735 4655 897 4709 quam
919 4641 1109 4695 dicitis
1154 4655 1184 4695 e
1208 4641 1352 4694 caelo
1370 4638 1745 4702 descendisse,
1783 4642 2076 4706 percontor

499 4744 527 4778 a
560 4737 631 4791 te,
663 4727 909 4781 habesne
941 4727 1102 4780 aliam
1138 4724 1336 4793 praeter
1365 4724 1548 4780 hanc?

2248 4540 2309 4591 A.
2343 4539 2541 4591 Ἀκουε
2593 4539 2685 4591 καὶ
2713 4540 2777 4591 σὺ
2830 4540 2959 4609 παρ’
3004 4539 3162 4608 ἐμοῦ.
3206 4542 3478 4612 Παρέστω
3516 4543 3721 4598 ἐνταῦθα

2175 4628 2299 4681 καθ’
2328 4628 2675 4699 ὑπὸατασινή
2704 4629 2949 4700 ὑμετέρα
2980 4630 3187 4701 γραφὴ,
3217 4632 3250 4702 ἠ
3284 4634 3348 4687 ἐκ
3371 4634 3465 4693 τοῦ
3494 4634 3720 4705 ούρανοῦ,

2174 4719 2250 4782 ὥς
2283 4738 2418 4789 φατε
2439 4762 2453 4784 ,
2488 4720 2857 4774 κατελθοῦσα·
2902 4722 3165 4792 ἐρωτήσω
3197 4722 3254 4776 δέ
3286 4741 3342 4777 σε
3365 4765 3380 4788 ,
3413 4725 3555 4796 ἔχεις
3580 4725 3722 4793 ἄλλην

2176 4810 2393 4882 γραφὴν
2427 4811 2566 4881 πλὴν
2586 4812 2791 4881 ταύτης
2817 4828 2831 4875 ;

2246 4902 2308 4955 Β.
2356 4902 2776 4971 ’Λποκρινοῦμαί
2800 4919 2881 4956 σοι
2939 4902 3127 4956 λοιπὸν
3158 4904 3232 4975 μὴ
3272 4904 3436 4975 ἔχειν.
3499 4954 3507 4959 .

2243 4995 2306 5045 Α.
2349 4993 2557 5046 Οὐκοῦν
2590 4995 2724 5063 ἀρνῇ
2760 4995 2941 5046 πᾶσαν
2975 4994 3167 5064 ἑτέραν
3202 4998 3461 5066 γραφήν;

2247 5085 2306 5137 Β.
2338 5084 2465 5139 Ναί.

570 4906 627 4957 Β.
671 4904 1021 4971 Respondeo.
1052 4901 1258 4956 nullam
1298 4901 1459 4953 aliam
1498 4899 1718 4954 habere.

567 4998 632 5048 Α.
669 4993 848 5063 Negas
884 4994 1053 5065 igitur
1069 5006 1286 5046 omnem
1314 4991 1516 5045 aliam?

567 5085 628 5141 B.
659 5084 920 5141 Maxime.

568 5180 637 5237 A.
667 5178 851 5246 Quid?
880 5177 938 5234 Si
969 5176 1115 5233 adsit
1151 5174 1293 5230 alius
1334 5174 1496 5241 liber,
1530 5172 1624 5243 qui
1655 5171 1903 5229 eamdem
1934 5171 2074 5227 scri-

496 5283 711 5347 pturam
744 5272 964 5339 habeat,
998 5284 1166 5341 negas
1200 5270 1534 5339 scripturam
1564 5266 1759 5323 illaut?

570 5368 630 5419 Β.
680 5364 799 5421 Non
835 5374 918 5420 est
972 5362 1103 5429 alia,
1133 5368 1187 5416 ct
1215 5360 1322 5415 alia
1359 5360 1672 5430 scriptura,
1720 5358 1814 5415 sed
1846 5358 2070 5422 eadem;

498 5456 715 5510 tametsi
742 5457 797 5509 in
830 5454 940 5507 alio
968 5452 1110 5507 libro
1136 5449 1318 5521 posita
1351 5458 1455 5505 est.
1762 5493 1769 5499 .

567 5546 631 5599 A.
664 5545 756 5600 Sic
802 5559 903 5615 ego
940 5543 1102 5597 etiam
1141 5542 1285 5606 dico,
1318 5555 1426 5595 non
1461 5548 1547 5596 est
1593 5538 1757 5594 Pater
1806 5546 1861 5593 ct
1896 5536 2073 5607 Spiri-

499 5649 587 5694 tus
616 5645 848 5693 sanctus
885 5634 1034 5689 aliud
1081 5642 1136 5689 ct
1165 5632 1312 5688 aliud
1350 5641 1545 5701 praeter
1566 5629 1787 5696 Filium,
1817 5630 2071 5699 quamvis

498 5735 552 5798 in
584 5732 687 5791 alia
723 5738 775 5785 et
829 5729 932 5782 alia
958 5728 1239 5799 hypostasi
1272 5726 1560 5796 reperitur.

2248 5177 2310 5229 Α.
2338 5173 2404 5226 Τί
2429 5170 2556 5241 οῦν;
2584 5176 2647 5228 Εί
2672 5175 2877 5245 παρείη
2901 5174 3036 5245 ἄλλη
3073 5175 3273 5245 βίόλος,
3298 5181 3399 5244 τὴν
3426 5175 3585 5246 αὐτὴν
3607 5190 3717 5245 γρα·

2176 5268 2280 5340 φὴν
2311 5268 2530 5338 ἔχουσα,
2573 5268 2712 5338 ἀρνῇ
2744 5266 2845 5339 τὴν
2875 5266 3099 5337 γραφὴν
3135 5258 3390 5337 ἐκείνηνς

2244 5361 2304 5412 Β.
2337 5358 2451 5413 Οὐκ
2478 5357 2625 5411 ἔστιν
2655 5356 2812 5426 ἄλλη.
2831 5357 2928 5411 καὶ
2960 5356 3095 5428 ἄλλη
3126 5358 3334 5428 γραφὴ,
3368 5358 3482 5411 ἀλλ’
3516 5358 3545 5427 ἡ
3574 5356 3709 5423 αὑτὴ,

2173 5452 2223 5502 εί
2253 5450 2347 5511 καὶ
2370 5449 2429 5501 ὲν
2457 5447 2591 5519 ἄλλῃ
2618 5447 2713 5501 καὶ
2741 5447 2876 5520 ἄλλῃ
2901 5448 3246 5519 καθέστηκεν
3276 5448 3466 5519 βίϐλῳ.

2242 5544 2308 5594 Λ.
2354 5539 2512 5593 Ἀλλὰ
2538 5540 2693 5607 κάγὼ
2725 5539 2888 5607 λέγω,
2926 5540 3007 5594 ὃτι
3045 5542 3147 5594 οὐκ
3184 5541 3331 5595 ἔστιν
3359 5544 3386 5594 6
3414 5540 3605 5609 Πατὴρ,
3633 5535 3711 5588 καὶ

2173 5633 2242 5685 τὸ*
2258 5632 2482 5701 Πνεῦμα
2512 5631 2662 5695 ἄλλο,
2696 5633 2791 5685 καὶ
2819 5631 2947 5685 ἄλλο
2986 5632 3138 5702 παρὰ
3168 5632 3262 5685 τὸν
3296 5633 3443 5695 Υξὸν,
3481 5633 3524 5683 εἱ
3555 5630 3634 5682 καὶ
3664 5629 3709 5678 ἐν

2176 5724 2329 5794 ἄλλῃ,
2364 5725 2457 5778 καὶ
2486 5723 2621 5796 ἄλλῃ
2655 5723 2953 5778 ὑποστάσει
2990 5725 3327 5796 εὑρίσκεται.
