4000 6438
183 354 336 421 1523

387 565 705 635 Ἐρώτησις
732 566 1061 638 Ἀγαρηνοῦ
1087 572 1238 639 πρὸς
1269 569 1375 624 τὸν
1401 573 1611 626 αὐτόν.

1632 366 2020 428 OPUSCULA
2036 418 2048 431 .

1787 482 1879 538 IX.

3331 388 3465 455 1530

2042 576 2279 642 Quwstio
2329 580 2393 633 ab
2433 580 2677 650 Agareno
2715 582 2974 639 Abucarte
3006 586 3303 655 proposita.

1513 661 1775 722 (Turriano
1806 659 2136 725 interprete.)
2220 672 2239 681 ‘

462 747 529 796 Δ.
561 746 594 796 ὁ
626 743 1003 813 Χριστιανὸς.
1045 746 1113 798 B.
1138 747 1171 799 ὁ
1198 744 1539 814 Ἀγαρηγός.

260 838 329 890 Β.
377 835 513 889 Εἰπέ
559 852 672 905 μοι,
717 837 768 888 οἱ
810 834 1060 890 Ἰουδαῖοι
1105 836 1198 889 τὸν
1224 836 1485 907 Χριστὸν,
1527 836 1587 889 ὃν
1645 837 1780 892 Θεὸν

184 923 282 973 σὺν
311 918 461 976 εἶναι
480 921 681 990 λέγεις,
716 924 1156 994 σταυρώσαντες,
1188 924 1517 996 βουλομένου
1533 927 1778 999 αὐτοῦ,ῆ

186 1013 268 1083 μὴ
301 1013 662 1083 βουλομένου,
688 1014 850 1068 τοῦτο
875 1000 1284 1086 πεποιήκασινξ

256 1108 330 1158 Α.
360 1105 722 1176 Βουλομένου.

258 1196 328 1250 Β.
359 1197 478 1251 Οὐκ
508 1198 603 1251 οὐν
629 1197 791 1267 μόνον
812 1197 953 1251 εἰσὶν
983 1198 1292 1262 ἀνεύθυνοι,
1324 1198 1461 1253 ἀλλὰ
1488 1201 1583 1255 καὶ
1616 1200 1779 1271 εὐχα-

183 1287 530 1357 ριπηθῆναι
553 1288 684 1360 παρ’
704 1289 858 1359 ὑμῶν
888 1288 1218 1358 ὀφείλουσιν.

257 1378 331 1432 Α.
375 1377 702 1449 Ἀπόκριναί
740 1395 855 1447 μοι,
897 1378 1278 1449 ἀντερωτῶντί
1317 1396 1413 1433 σε’
1459 1381 1572 1451 ἐγὼ
1619 1381 1782 1452 βλασ-

182 1469 401 1540 φημῶν
424 1469 547 1523 καθ’
598 1470 840 1541 ἑκάστην
866 1472 1106 1543 ἡμέραν,
1132 1471 1207 1536 ὡς
1241 1471 1306 1525 σὺ
1349 1472 1555 1540 λέγεις,
1583 1473 1663 1537 είς
1688 1473 1780 1527 τὸν

179 1560 324 1614 Θεόν
351 1577 476 1625 σου,
508 1561 736 1625 ἄκοντος
759 1561 927 1616 αὐτοῦ
968 1561 1133 1616 τοῦτο
1172 1564 1425 1634 πράσσω,
1455 1562 1489 1633 ἢ
1519 1563 1736 1627 ἑκόντος
1761 1582 1777 1630 ;

179 1653 232 1705 εί
274 1651 381 1723 μὲν
411 1653 520 1724 γάρ
551 1654 779 1717 ἄκοντος
803 1693 820 1717 ,
869 1652 1107 1724 ἀσθενής
1140 1656 1289 1708 ἐστιν
1316 1671 1330 1686 ’
1374 1654 1508 1709 εἰδὲ
1536 1656 1776 1722 ἑκόντος,

178 1743 244 1795 οὐ
274 1743 448 1814 μόνον
475 1744 577 1797 οὐκ
601 1743 831 1813 ὠφειλεν
864 1744 993 1814 τέλη
1015 1786 1029 1809 ,
1061 1746 1155 1798 καὶ
1196 1745 1399 1817 φόρους
1425 1747 1779 1801 ἀπαιτεῖσθαι

178 1836 321 1906 παρ’
354 1836 522 1907 ἐμοῦ,
557 1836 694 1890 ἀλλά
725 1835 874 1906 δῶρα
905 1835 1252 1905 κομίζεσθαι,
1286 1837 1382 1891 ἆτε
1410 1836 1659 1908 βούλημα
1685 1837 1778 1891 τοῦ

177 1926 328 1981 Θεοῦ
368 1944 471 1981 σου
511 1928 758 1999 πληρῶν.
794 1927 915 1980 Ἔτι
946 1944 1038 1997 μοι
1079 1927 1378 1997 ἀπόκριναι
1403 1942 1421 1960 σ
1461 1928 1629 1998 ἡνίκα
1657 1930 1779 1992 ταῖς

192 2017 552 2086 Ῥωμαϊκαῖς
602 2016 1018 2070 ἐπιϐατεύσοιτε
1062 2014 1290 2087 χώραις,
1321 2016 1486 2081 εἴτις
1526 2016 1586 2082 ἐξ
1624 2016 1778 2087 ὑμῶν

175 2107 377 2160 αὐτόθι
418 2109 691 2178 φονευθῇ,
743 2108 845 2161 οὐκ
878 2109 959 2171 είς
986 2107 1080 2161 τὸν
1127 2107 1465 2180 παράδεισον
1488 2107 1781 2178 πορεύεται

179 2200 416 2263 πάντως
438 2200 513 2263 ὡς
544 2201 701 2269 ὑμεῖς
729 2198 1089 2269 δογματίζετε
1112 2215 1128 2264 ;

252 2291 320 2346 Β.
351 2291 470 2344 Ναὶ
496 2290 734 2355 πάντως.

254 2386 326 2437 Α.
371 2384 443 2436 El
478 2378 570 2436 οὖν
597 2400 691 2436 σου
735 2382 856 2452 ἅμα
887 2383 968 2455 τῷ
994 2383 1072 2454 σῷ
1110 2384 1153 2416 ³⁷
1182 2384 1392 2454 γνησίῳ
1434 2380 1649 2453 ἀδελφῷ
1682 2399 1784 2435 πε-

182 2478 565 2547 πορευμένου,
597 2477 694 2529 καὶ
728 2476 1313 2548 ἐπιστρατευσαμένου
1352 2478 1465 2539 τοῖς
1504 2475 1614 2528 τῶν
1650 2476 1783 2528 Ῥω-

186 2569 376 2641 μαίων
417 2567 508 2621 τὸν
529 2567 618 2621 σὺν
639 2568 755 2621 υίδν
779 2569 825 2601 ⁸⁸
858 2569 1091 2635 ἀνεῖλεν,
1110 2558 1224 2639 ἆρα
1244 2568 1335 2622 τὸν
1370 2567 1534 2621 αὐτὸν
1557 2566 1781 2620 ἀνελόν-

181 2678 256 2714 τα
309 2660 391 2724 ὡς
413 2659 607 2733 ἐχθρὸν
650 2661 985 2732 ἀμύνεσθαι,
1009 2661 1106 2715 καὶ
1146 2661 1497 2731 ἀνταναιρεῖν
1532 2657 1778 2730 ἔμελλες,

184 2751 219 2823 ἢ
251 2753 334 2816 ὡς
382 2754 684 2823 εὐεργέτην
727 2754 918 2825 τιμᾷν,
955 2753 1051 2808 καὶ
1071 2753 1416 2818 ἀσπάζεσθαι
1468 2750 1565 2806 καὶ
1607 2770 1784 2807 κατα-

184 2841 401 2910 φιλεῖν;
580 2882 585 2889 .
1476 2900 1481 2903 ς

260 2934 326 2985 Β.
362 2933 592 2992 Πάντως
620 2933 689 2986 ἂν
714 2932 1013 2986 ἀπέκτεινα
1035 2934 1199 2988 αὐτὸν
1234 2935 1514 3005 μυριάκις,
1553 2934 1649 2987 καὶ
1680 2951 1782 3005 με-

181 3023 353 3094 ληδὸν
378 3022 707 3093 κατέτεμον,
737 3023 853 3092 είγε
880 3024 1176 3096 δυναίμην.

254 3115 326 3168 Δ.
360 3114 473 3167 Καὶ
499 3112 617 3178 πῶς
636 3113 728 3167 τὸν
751 3115 924 3169 αἴτιον
946 3116 1049 3185 τῆς
1068 3116 1326 3188 τοιαύτης
1350 3119 1630 3187 σωτηρίας
1679 3117 1776 3170 καὶ

181 3204 405 3277 τρυφῆς
419 3203 498 3274 τῷ
516 3204 593 3275 σῷ
614 3206 987 3276 γεγενημένον
1009 3208 1052 3239 ³⁹
1077 3208 1317 3277 ἀδελφῷ,
1341 3207 1550 3261 δίκαιον
1566 3207 1779 3279 κρίνεις

182 3298 405 3352 ἀνελεῖν
433 3315 447 3364 ;
472 3298 608 3351 Εἰπὲ
659 3298 716 3351 δέ
762 3315 854 3368 μοι
904 3298 1001 3379 καὶ
1027 3299 1217 3371 ἕτερον
1250 3302 1515 3372 πρᾶγμα·
1543 3302 1592 3354 εί
1637 3301 1779 3354 κατά

1814 746 1863 802 Α

2205 750 2272 803 Α.
2323 750 2685 808 Christianus.
2721 754 2788 808 Β.
2827 754 3126 823 Agarenus.

1954 839 2013 893 Β.
2035 838 2130 895 Dic
2153 842 2310 907 mihi,
2330 842 2641 909 Christum,
2669 862 2832 917 quem
2861 857 2915 901 tu
2941 848 3079 904 dicis
3113 849 3279 906 Deum
3305 856 3458 906 tuum

1882 944 2027 995 esse,
2079 947 2204 986 cum
2236 934 2392 989 cruci
2435 935 2726 991 aﬁixerunt
2757 935 2958 1005 Judaei,
2984 939 3306 999 feceruntne
3331 942 3458 1008 hoc,

1883 1021 2005 1090 ipso
2029 1014 2265 1090 volente,
2296 1041 2365 1080 an
2391 1040 2499 1082 non
2520 1016 2789 1084 "volente?

1952 1113 2019 1168 Δ.
2053 1114 2306 1171 Volente.
2489 1191 2492 1196 _

1950 1207 2014 1261 B.
2047 1205 2165 1262 Non
2192 1208 2370 1263 solum
2398 1208 2569 1280 igitur
2594 1219 2727 1266 sunt
2761 1211 2975 1269 nullius
3004 1227 3180 1282 poenae
3229 1215 3328 1281 rei,
3364 1217 3458 1271 sed

1880 1299 2069 1368 potius
2095 1300 2364 1355 habenda:
2395 1309 2526 1355 sunt
2549 1302 2632 1358 eis
2652 1304 2868 1372 gratiae.

1948 1392 2017 1445 Δ.
2049 1390 2344 1462 Responde
2373 1392 2510 1446 mihi
2540 1408 2737 1449 rursus
2773 1394 3143 1464 percontanti,
3187 1411 3288 1467 ego
3334 1411 3459 1452 cum

1880 1481 2130 1553 quotidie
2151 1481 2320 1538 Deum
2346 1492 2524 1551 tuum,
2548 1490 2606 1537 ut
2649 1492 2706 1538 tu
2736 1486 2840 1551 ais,
2871 1484 3232 1555 blasphemiis
3255 1485 3458 1547 aﬁicio.

1883 1573 2026 1629 facio
2054 1575 2157 1629 hoc
2190 1574 2363 1630 invito
2392 1590 2482 1642 eo,
2510 1591 2578 1629 an
2607 1590 2716 1630 non
2760 1576 2980 1632 invito?
3005 1578 3054 1634 si
3087 1579 3238 1633 enim
3264 1579 3459 1642 invito,

1882 1665 2135 1723 inﬁrmus
2164 1675 2220 1722 et
2250 1667 2544 1722 imbecillis
2569 1675 2686 1732 est;
2736 1669 2823 1723 sin
2862 1674 3048 1723 autem
3084 1670 3324 1737 volente,
3354 1684 3460 1724 non

1881 1757 2058 1811 solum
2089 1771 2199 1811 non
2228 1758 2391 1813 debet
2418 1772 2448 1811 a
2481 1772 2569 1812 me
2598 1772 2699 1827 pro
2720 1772 2788 1812 eo
2836 1757 3107 1812 tributum
3135 1759 3277 1829 exigi
3302 1775 3317 1824 ;
3366 1759 3462 1815 sed

1881 1845 2067 1916 potius
2091 1862 2324 1903 munera
2359 1848 2618 1902 deberem
2660 1847 2823 1915 ferre,
2845 1849 3050 1918 quippe
3078 1850 3173 1919 qui
3204 1850 3462 1904 volunta-

1880 1945 1992 1993 tem
2020 1937 2118 1994 Dei
2156 1938 2233 1993 tui
2262 1940 2534 2009 expleam.
2570 1937 2862 2011 Responde
2905 1940 3086 1995 adhuc
3134 1940 3292 2007 mihi,
3337 1957 3460 1997 cum

1882 2045 1982 2085 vos
2013 2030 2082 2086 ad
2107 2031 2359 2101 regiones
2386 2029 2760 2086 Romanorum
2785 2029 3018 2101 profecti
3068 2033 3228 2096 estis,
3256 2032 3302 2087 si
3337 2033 3462 2102 quis

1884 2135 1950 2177 ex
1976 2121 2175 2177 vestris
2208 2121 2285 2176 ibi
2323 2120 2492 2192 386
2519 2116 2850 2178 interfectus
2880 2129 2989 2189 est,
3025 2137 3233 2189 nonne,
3266 2133 3328 2178 ut
3364 2139 3461 2180 vos

1883 2211 2095 2269 docetis
2146 2219 2202 2266 et
2233 2212 2480 2275 traditis,
2530 2212 2588 2267 in
2621 2212 2944 2283 paradisum
2978 2212 3321 2285 ingreditur?

1952 2300 2016 2356 Β.
2054 2302 2133 2356 Ita
2174 2317 2310 2358 sane
2336 2312 2446 2358 est.

1952 2390 2019 2448 A.
2061 2389 2117 2444 Si
2161 2391 2328 2461 igitur
2364 2400 2420 2445 tu
2456 2407 2579 2447 cum
2613 2391 2787 2448 fratre
2833 2402 2928 2448 tuo
2958 2401 3013 2449 et
3046 2394 3158 2450 ﬁlio
3179 2394 3311 2449 illuc
3335 2406 3461 2463 pro-

1883 2477 2060 2534 fectus
2092 2494 2266 2545 esses,
2301 2489 2356 2534 et
2394 2481 2470 2536 ibi
2511 2482 2844 2549 militasses,
2892 2498 2959 2539 ac
3004 2491 3193 2554 postea
3256 2483 3460 2555 aliquis

1886 2572 2168 2628 Romanus
2211 2572 2439 2627 fratrem
2482 2580 2664 2641 tuum,
2694 2584 2794 2643 aut
2844 2575 3020 2630 ﬁlium
3052 2574 3354 2639 occideret,
3389 2589 3459 2628 an

1887 2673 1941 2720 tu
1983 2663 2137 2720 illum
2180 2663 2276 2734 qui
2318 2663 2545 2730 occidit,
2600 2675 2861 2736 tanquam
2909 2667 3201 2722 inimicum
3260 2667 3457 2721 ulcisci

1881 2756 2134 2819 deberes,
2164 2771 2233 2810 an
2265 2756 2452 2827 potius
2484 2767 2745 2828 tanquam
2800 2758 3111 2815 beneﬁcum
3168 2759 3459 2824 honorare,

1881 2849 2140 2918 amplecti
2168 2856 2224 2902 et
2251 2850 2603 2905 exosculari?

1950 2939 2010 2993 B.
2052 2938 2166 2994 lmo
2194 2954 2329 2994 vero
2364 2940 2563 2995 millies
2615 2955 2749 2995 sane
2789 2942 3142 3008 occidissem,
3177 2952 3230 2999 et
3286 2956 3462 2997 mem-

1879 3030 2075 3086 bratim
2103 3031 2521 3100 discerpsissem
2553 3032 2599 3087 si
2641 3034 2966 3102 potuissem.

1950 3123 2016 3177 A.
2054 3121 2120 3177 Et
2150 3123 2430 3193 quomodo
2467 3139 2684 3193 aequum
2717 3138 2841 3180 esse
2870 3123 3113 3194 iudicas,
3166 3140 3291 3180 eum
3319 3126 3462 3180 occi-

1830 3238 1849 3247 α
1880 3214 2030 3280 dere,
2066 3216 2159 3284 qui
2193 3214 2295 3269 fuit
2339 3230 2506 3270 causa
2543 3215 2675 3283 ﬁlio,
2718 3223 2810 3270 aut
2843 3215 2997 3270 fratri
3040 3223 3157 3283 tuo,
3201 3213 3370 3273 tantae
3395 3231 3459 3272 ac

1881 3307 2007 3361 talis
2066 3306 2262 3363 salutis
2313 3321 2377 3360 ac
2432 3308 2776 3377 voluptatis?
2813 3306 3105 3378 Responde
3159 3310 3295 3364 mihi
3332 3324 3460 3363 rur-

180 3392 278 3444 τὸν
316 3388 416 3445 σὺν
444 3389 722 3459 ὀφθαλμὸν
748 3384 894 3460 εἶχες
935 3389 1180 3461 μώλωπα
1207 3390 1330 3446 λίαν
1358 3392 1620 3463 ὀδυνηρὸν
1680 3390 1776 3447 καὶ

1893 3411 2001 3463 ius,
2028 3398 2075 3453 si
2105 3397 2348 3455 haberes.
2366 3399 2420 3451 in
2452 3399 2619 3453 oculo
2652 3406 2744 3455 tuo
2768 3399 3108 3467 cicatricem,
3138 3415 3262 3471 qum
3279 3408 3334 3456 te
3358 3399 3460 3455 (ἰοσ-

182 3483 492 3553 θανάσιμον
512 3499 526 3512 ·
564 3482 799 3552 ἠθέλησε
824 3482 883 3537 δέ
914 3500 998 3546 τις
1032 3482 1143 3536 τῶν
1168 3481 1276 3537 σῶν
1309 3483 1519 3555 ἐχθρῶν
1550 3483 1775 3555 καιρίαν

183 3595 270 3632 σοι
302 3560 493 3633 δοῦναι
528 3577 774 3649 πληγὴν,
813 3579 910 3631 καὶ
939 3579 1137 3632 θᾶττόν
1174 3595 1234 3632 σε
1280 3579 1383 3648 τῆς
1420 3577 1569 3648 ζωῆς
1598 3580 1776 3633 ἀπαλ-

181 3668 349 3739 λάξαι
392 3668 680 3740 εὐκαιρίας
729 3668 1416 3741 δραξάμενος,-έπήγαγεν
1454 3670 1511 3724 δέ
1553 3687 1636 3724 σοι
1676 3669 1778 3741 τὴν

117 3780 135 3791 '
185 3762 434 3835 πληγὴν,
456 3762 557 3815 οὐκ
584 3763 642 3816 ὲν
658 3761 805 3833 ἄλλῳ
828 3763 985 3833 μέρει
1010 3762 1104 3815 τοῦ
1132 3762 1405 3834 σώματος,
1432 3762 1545 3817 ἀλλ’
1574 3762 1607 3832 ἢ
1634 3762 1776 3816 κατὰ

181 3855 275 3909 τὸν
334 3853 885 3924 τετραυματισμένον
939 3853 1252 3925 ὀφθαλμὸν,
1301 3855 1391 3908 ἵνα
1444 3872 1545 3918 σε,
1594 3854 1778 3916 καθὼς

182 3947 344 4017 ἔφην,
381 3944 667 4015 ταχύτατα
696 3945 790 3998 τοῦ
821 3946 920 4016 ζῇν
951 3946 1239 4018 ἀπαλλάξῃ
1275 3947 1340 3998 ὲκ
1367 3945 1463 3999 τοῦ
1497 3945 1777 4015 συμϐεϐη-

96 4085 115 4094 -
184 4040 345 4101 κότος
386 4037 624 4107 πληγεὶς
663 4036 966 4107 ὀφθαλμὸς,
1018 4037 1210 4109 ἕρευσε
1242 4037 1374 4102 πύα,
1405 4038 1502 4091 καὶ
1550 4035 1773 4107 ίχῶρας,

183 4131 281 4184 καὶ
319 4130 500 4201 ὑγράν
536 4129 811 4200 σηπεδόνα
835 4146 848 4159 ·
882 4130 945 4183 σὺ
991 4130 1047 4183 δὲ
1078 4130 1180 4199 τῆς
1216 4130 1508 4199 ἀλγηδόνος
1528 4128 1775 4183 ἀπαλλα-

182 4223 301 4289 γεὶς
340 4222 434 4276 διὰ
467 4224 567 4288 τῆς
612 4221 829 4291 πληγῆς
876 4222 1094 4293 ἐκείνης
1148 4223 1371 4286 τελείως
1418 4222 1668 4291 ὑγίανας,
1700 4222 1776 4284 ὡς

185 4310 339 4378 φίλον
365 4312 478 4382 ἄρα
504 4310 598 4363 καὶ
631 4310 955 4381 εὐεργέτην,
980 4312 1076 4364 τὸν
1100 4310 1371 4365 δεδωκότα
1398 4330 1481 4365 σοι
1510 4311 1610 4382 τὴν
1639 4311 1777 4382 πλη-

184 4402 288 4473 γὴν
321 4401 504 4474 ἑώρας
557 4401 774 4472 ἐχθρὸν,
797 4402 858 4455 οὐ
910 4402 1044 4473 πρὸς
1088 4404 1189 4473 τὴν
1236 4402 1560 4474 προαίρεσιν
1608 4402 1774 4456 αὐτοῦ

185 4493 610 4564 ἀποσκοπήσας,
639 4491 777 4546 ἀλλὰ
806 4493 943 4563 πρὸς
983 4494 1043 4545 τὸ
1081 4493 1498 4564 ἀπροαιρὲσεως
1525 4492 1570 4524 ⁸⁰
1608 4491 1774 4545 αὐτοῦ

190 4588 263 4655 μὴ
292 4586 542 4646 θέλοντος
574 4583 787 4652 συμϐὰν
817 4584 1098 4656 ἕστεργες,
1132 4586 1228 4637 καὶ
1254 4585 1573 4656 εὐηργέτεις
1601 4602 1615 4651 ;

254 4678 317 4731 Β.
373 4676 535 4729 Ἀλλὰ
587 4674 684 4728 καὶ
729 4674 887 4729 κατά
933 4675 1095 4745 μέλος
1164 4676 1326 4729 αὐτὸν
1360 4675 1772 4748 ἐτιμωρούμην,

164 4770 234 4833 ⁴εί
262 4767 495 4840 δύναμιν
524 4763 694 4838 εἶχον,
718 4768 813 4821 καὶ
839 4767 914 4829 ὡς
939 4768 1191 4839 ἔχθιστον
1218 4768 1313 4823 καὶ
1340 4768 1772 4839 δυσμενέστατον

187 4859 410 4928 ἣταξον.

253 4950 318 5003 Δ.
353 4949 515 5003 Οὕτω
546 4948 640 5001 καὶ
685 4949 813 5017 περ)¹
856 4942 932 5002 ὧν
973 4951 1123 5020 ἡμᾶς
1167 4951 1401 5013 ἄκοντας
1440 4951 1489 5003 οί
1533 4952 1777 5005 Ἰουδαῖοι

188 5037 556 5108 εὐεργέτησαν
588 5037 825 5091 διανοοῦ.

429 5221 586 5288 Πρὸς
624 5218 918 5275 Ἰουδαῖον
949 5223 981 5273 ὀ
1014 5220 1198 5285 αὐτὸς
1229 5220 1532 5289 διελέχθη.

1878 3491 1996 3546 lore
2023 3489 2284 3556 afﬁceret,
2320 3498 2374 3545 et
2406 3490 2694 3548 mortifera
2724 3499 2892 3560 esset,
2933 3493 3208 3563 velletque
3257 3492 3460 3563 aliquis

1878 3583 2139 3639 inimicus
2179 3590 2310 3638 tuus
2338 3582 2553 3654 plagam
2584 3583 2683 3638 tibi
2723 3583 2970 3654 inﬂigere
3006 3583 3372 3650 mortiferam,
3406 3592 3459 3640 et

1876 3673 2046 3726 vitam
2076 3671 2353 3737 adimere,
2402 3680 2458 3727 et
2486 3672 2955 3742 opportunitatem
2992 3683 3214 3734 nactus,
3249 3686 3359 3726 non
3402 3671 3458 3726 in

1879 3764 2040 3818 aliam
2077 3755 2287 3834 partem
2321 3764 2595 3834 corporis,
2636 3780 2801 3836 quam
2835 3764 2890 3818 in
2920 3764 3144 3820 oculum
3198 3764 3461 3818 vulnera-

1877 3864 1994 3910 tum
2028 3856 2241 3926 plagam
2283 3856 2637 3927 impingeret,
2672 3863 2733 3911 ut
2765 3863 2819 3911 te
2851 3857 2988 3924 cito,
3021 3865 3082 3911 ut
3113 3856 3247 3922 dixi,
3284 3865 3461 3912 morte

1879 3947 2152 4014 afﬁceret;
2181 3947 2459 4002 accideret
2488 3956 2697 4013 autem,
2718 3948 2994 4003 utoculus
3021 3949 3176 4018 plaga
3208 3956 3457 4018 accepta,

1877 4046 2090 4104 putrem
2129 4037 2413 4091 humorem
2447 4038 2745 4102 emitteret,
2779 4048 2834 4091 tu
2870 4053 3002 4092 vero
3029 4047 3083 4093 et
3109 4038 3297 4094 dolore
3318 4039 3460 4095 libe-

1876 4136 2056 4193 ratus,
2080 4135 2135 4180 et
2165 4127 2312 4182 oculi
2339 4114 2643 4182 sanitatem.
2666 4129 2934 4198 integram
2965 4138 3258 4186 assecutus
3280 4145 3456 4196 esses,

1877 4217 2129 4288 nunquid
2161 4227 2423 4286 tanquam
2460 4219 2725 4282 amicum,
2767 4229 2821 4273 et
2847 4220 2984 4274 bene
3021 4219 3088 4274 de
3118 4227 3173 4274 te
3200 4219 3456 4273 meritum

1875 4324 2000 4363 eum
2024 4309 2322 4378 aspiceres,
2338 4309 2434 4380 qui
2454 4309 2753 4377 percussit,
2776 4317 2830 4365 et
2862 4308 3086 4365 intuens
3107 4326 3214 4365 non
3232 4311 3455 4380 quidem

1876 4398 1932 4454 in
1965 4399 2330 4466 voluntatem,
2383 4413 2550 4470 quam
2583 4400 2677 4453 ille
2705 4399 2919 4467 habuit,
2969 4401 3065 4456 sed
3119 4402 3175 4455 in
3218 4402 3270 4457 id
3312 4402 3455 4472 quod

1877 4497 2074 4559 praeter
2102 4490 2450 4545 voluntatem
2502 4490 2653 4545 illius
2707 4490 2947 4556 accidit,
2978 4507 3196 4547 amares
3245 4500 3299 4547 et
3335 4507 3459 4547 mu-

1876 4582 2147 4636 nerares?
2174 4597 2243 4636 an
2279 4596 2408 4636 vero
2439 4581 2727 4636 inimicum
2759 4582 3035 4638 duceres?

1948 4672 2010 4725 B.
2040 4672 2153 4726 lmo
2206 4686 2405 4742 magno
2456 4672 2730 4742 supplicio
2777 4672 3073 4737 aﬁicerem,
3109 4673 3156 4728 si
3216 4688 3456 4744 possem,

1803 4750 1849 4805 Ῐ)
1876 4772 1931 4819 et
1967 4772 2227 4832 tanquam
2259 4762 2703 4819 inimicissimum
2753 4775 2809 4820 et
2854 4767 3093 4820 maxime
3128 4765 3458 4819 malevolum

1875 4869 2204 4910 cruciarent.

1947 4947 2014 5000 A.
2072 4945 2165 4999 Sic
2198 4944 2380 5015 cogita
2412 4942 2480 5000 de
2503 4944 2574 5000 iis
2609 4943 2920 5011 beneﬁciis,
2959 4962 3082 5017 quae
3114 4946 3275 5003 nobis
3301 4946 3457 5003 inviti

1878 5038 2053 5093 Judaei
2085 5038 2413 5093 attulerunt.

2035 5222 2288 5293 Ejusdem
2320 5221 2583 5277 Theodori
2613 5221 2923 5277 dissertatio
2960 5240 3079 5277 cum
3119 5222 3331 5278 Judu'o.

1560 5318 1824 5378 (Turriano
1855 5318 2178 5383 interprete.)

441 5402 509 5452 A.
545 5401 578 5452 ό
602 5379 980 5467 Χριστιανός,
1014 5404 1081 5461 Β,
1118 5404 1150 5455 ό
1183 5402 1495 5469 Ἰουδαῖος.

264 5488 322 5543 Β.
365 5490 505 5558 Ἐγώ
534 5509 635 5557 σοι,
679 5493 865 5563 φησὶν,
905 5493 971 5545 ὲκ
1006 5492 1116 5547 τῶν
1155 5493 1386 5564 Γραφῶν
1425 5493 1769 5566 διαλέγομαι,

196 5579 345 5632 ειῖόὲν
370 5582 476 5654 γὰρ
501 5584 688 5655 ἕτερον
718 5580 836 5638 οἶδα
867 5584 1018 5655 παρὰ
1040 5585 1260 5647 ταύτας.

2241 5410 2306 5459 Α.
2356 5404 2716 5459 Christianus.
2748 5402 2813 5457 B.
2851 5401 3095 5458 Judwus.

1954 5499 2012 5553 Β,
2056 5498 2167 5569 Ego
2195 5540 2209 5565 ,
2253 5498 2437 5568 inquit
2476 5496 2733 5562 Judacus,
2777 5513 2840 5551 ex
2900 5496 3206 5566 Scripturis
3275 5503 3457 5552 tecum

1881 5593 2138 5659 disputo;
2183 5590 2317 5645 nihil
2354 5590 2500 5645 enim
2527 5589 2676 5645 aliud
2708 5590 2823 5644 scio
2866 5598 3059 5657 prmtcr
3099 5589 3218 5643 has.
3308 5630 3309 5633 η

1494 5684 1728 5739 ΥΑΙὶΙίιεῖ
1774 5684 2177 5741 LEC'I‘iONES.

271 5766 311 5797 ³⁷
344 5763 439 5835 υἱεῖ)
472 5772 582 5825 καί.
716 5772 757 5805 ³⁸
798 5772 1043 5840 ἀδελφόν.
1125 5775 1167 5804 ³τ⁸
1205 5763 1307 5845 υἱῷ
1343 5776 1393 5847 ἦ,

1474 5778 1517 5807 ⁴⁴⁹
1554 5780 1586 5831 ί.
1632 5778 2033 5848 ἀπροαιρέτως.
