4000 6446
536 381 672 448 1531

1762 374 2161 437 THEODORI
2192 375 2435 435 ABUCA
2445 373 2567 434 ΙὶίΕ

3644 360 3753 423 15θέ
3845 366 3849 372 ’

606 497 673 549 Δ.
716 492 829 549 Nec
860 507 962 563 ego
1001 491 1104 545 has
1134 487 1363 557 rejicio;
1404 487 1503 543 sed
1548 494 1772 558 oportet
1807 495 1869 542 ut
1906 488 1995 544 his
2022 503 2156 550 ιλιι-ί

2290 472 2355 540 Α.
2384 483 2522 539 οὐδὲ
2553 480 2665 551 ἐγὼ
2700 478 2906 541 ταύτας
2948 473 3351 545 ἀποϐάλλομαι.
3410 471 3566 525 Ἀλλά
3593 474 3665 526 δεῖ
3706 493 3761 545 μι

536 585 812 645 ditoribus
843 582 999 654 prius
1039 580 1313 652 explicem
1358 580 1640 649 quomodo
1678 578 1995 650 Scripturas
2035 580 2117 633 in-

2216 581 2333 643 τοϊς
2386 574 2658 648 παροῦσιν
2696 572 2994 643 ἀκροαταῖς
3051 563 3488 639 προδιαστεῖλαι,
3538 563 3646 628 πῶς
3678 567 3765 619 νοῶ

537 678 751 747 telligo.
818 673 894 730 Ut
951 672 999 728 si
1052 672 1179 743 quis
1237 670 1462 725 domum
1534 670 1778 741 aliquam
1833 670 2120 740 ingressus

2253 672 2318 734 ὰς
2349 666 2816 740 Γραφάς.’¹Ωσπερ
2842 663 2894 715 εῐ
2918 678 3003 723 τις
3024 655 3280 712 εἰσελθὼν
3306 658 3365 709 ὲν
3390 654 3773 747 οἶκὶᾳᾼὲζωγρα.

540 768 746 837 pictam
775 763 955 829 Pauli,
975 762 1023 819 si
1053 763 1128 816 ita
1156 775 1451 832 ponamus,
1490 761 1785 833 imaginem
1817 768 2120 832 spectaret,

538 858 750 912 diceret
772 855 1003 926 digitum
1022 854 1337 918 intendens,
1367 853 1654 909 indicandi
1682 853 1887 924 gratia.
1909 850 2011 907 Hic
2040 859 2124 907 est

540 945 751 1003 Paulus
776 946 1096 1011 Tarsensis,
1138 947 1232 1016 qui
1266 945 1421 1000 stetit
1448 944 1808 1001 consentiens
1856 943 1915 999 in
1949 950 2126 998 morte

545 1040 841 1110 Stephani,
872 1039 967 1109 qui
999 1038 1198 1094 litteris
1219 1034 1385 1109 387
1418 1054 1447 1092 a
1480 1039 1863 1094 sacerdotibus
1886 1038 2156 1107 acceptis-

544 1131 790 1201 perrexit
822 1130 1151 1185 Damascum
1176 1129 1226 1194 ιι,
1270 1131 1364 1199 qui
1399 1131 1666 1186 custodiae
1699 1127 2131 1184 tradebatChri-

548 1224 800 1290 stianos;
857 1221 946 1276 hic
973 1222 1186 1277 visione
1213 1221 1422 1284 divina,
1460 1219 1787 1291 poenitentia
1818 1219 2023 1274 ductus
2063 1217 2133 1271 ad

548 1314 1035 1369 Christianismum
1080 1328 1384 1369 conversus
1417 1320 1537 1377 est,
1578 1321 1633 1367 et
1683 1311 2014 1381 praedicator
2068 1324 2137 1365 ac

550 1408 814 1475 magiSter
845 1405 1094 1475 gentium
1131 1404 1334 1469 factus,
1361 1414 1416 1460 et
1459 1405 1564 1458 alia
1596 1401 1871 1473 ejusmodi
1909 1420 1924 1457 :
1954 1403 2047 1473 qui
2081 1402 2137 1456 in

549 1498 848 1567 imaginem
873 1496 1029 1551 Pauli
1068 1497 1318 1553 intentus
1359 1506 1464 1563 est,
1491 1497 1559 1551 ad
1590 1497 1839 1562 Paulum,
1875 1494 2035 1564 cujus
2056 1505 2141 1549 est

552 1589 650 1643 illa
683 1590 889 1660 imago,
924 1591 1039 1645 haec
1066 1591 1254 1645 omnia
1288 1589 1482 1654 refert,
1520 1604 1629 1644 non
1659 1597 1843 1644 autem
1871 1590 1927 1642 in
1960 1588 2140 1658 pictu-

553 1695 673 1735 ram
731 1689 789 1737 et
828 1683 1109 1745 colorem.
1160 1696 1283 1752 qme
1314 1681 1470 1737 vidit.
1518 1679 1577 1735 Si
1618 1694 1752 1735 vero
1789 1680 1973 1747 dicat,
2020 1676 2143 1733 Non

554 1770 697 1825 bene
737 1771 919 1841 pietor
952 1769 1199 1840 depinxit
1230 1771 1497 1837 Paulum;
1531 1771 1766 1825 nimium
1800 1771 1951 1825 enim
2001 1769 2145 1824 latos

2221 762 2441 833 φημένῃ
2479 757 2720 821 Παύλου,
2753 755 2803 807 εί
2833 753 3009 823 τύχοι,
3045 749 3292 804 θεάσαιτο
3314 748 3418 817 τὴν
3446 742 3640 811 εἰκόνα,
3668 748 3776 822 εἴπῃ

2221 849 2707 912 δακτυλοδεικτῶν,
2738 848 2820 902 ὅτι
2842 839 3000 909 οὗτος
3020 845 3048 898 6
3069 841 3321 914 Ταρσεὺς
3339 838 3576 905 Παῦλος,
3601 839 3655 903 ὃς
3677 858 3780 895 συν.

2225 944 2466 1000 ευδοκῶν
2516 941 2765 1011 εἱστήκει
2801 939 2869 1008 τῇ
2904 934 3185 1007 ἀναιρέσει
3217 930 3525 1002 Στεφάνου,
3574 929 3632 993 ὃς
3657 932 3785 999 παρὰ

2226 1036 2336 1090 τῶν
2382 1031 2690 1105 ἀρχιερέων
2744 1025 3039 1089 ἐπιστολὰς
3104 1022 3344 1094 εἰληφὼς
3400 1023 3485 1083 εἰς
3528 1020 3788 1089 Δαμασκὸν

2231 1126 2479 1198 ὥρμησε,
2514 1121 2755 1194 πορθῶν,
2791 1119 2887 1173 καὶ
2932 1116 3248 1188 φυλακίζων
3279 1115 3407 1176 τοὺς
3432 1112 3787 1184 Χριστιανούς.

2233 1214 2402 1281 σῦτός
2432 1220 2550 1270 ἐστι
2576 1217 2605 1269 6
2636 1211 2761 1285 θείᾳ
2794 1210 3030 1279 δυνάμει
3072 1205 3396 1279 μετατεθελς
3441 1205 3538 1257 ἐπὶ
3567 1203 3653 1257 τὸν
3682 1205 3791 1274 Χρι-

2237 1308 2553 1379 στιανισμδν
2596 1304 2853 1375 ὀπτασίᾳ,
2888 1303 2983 1357 καὶ
3022 1299 3220 1371 κῆρυξ,
3251 1298 3345 1352 καὶ
3369 1295 3687 1355 διδάσκαλος
3708 1294 3794 1346 τῶν

2237 1399 2405 1453 ὲθνῶν
2440 1396 2753 1466 γενόμενος,
2799 1391 2895 1445 καὶ
2920 1389 2991 1442 τὰ
3035 1388 3249 1448 τούτοις
3292 1384 3460 1453 ὃμοια
3493 1381 3658 1448 λέγοι,
3685 1381 3713 1433 6
3743 1384 3795 1451 τῇ

2239 1492 2409 1546 εἰκόνι
2439 1486 2654 1543 Παῦλου
2696 1480 3041 1545 ὲνατενίζων,
3074 1478 3252 1532 ταῦτα
3290 1476 3356 1545 δὴ
3390 1475 3576 1526 πάντα
3602 1472 3689 1524 ἐπὶ
3727 1472 3797 1523 τὸν

2242 1579 2642 1649 εἰκονιζόμενον
2689 1573 2922 1637 Παῦλον,
2948 1566 3009 1627 οὗ
3047 1571 3198 1625 ἐστιν
3241 1567 3430 1635 ἐκείνη
3471 1562 3655 1626 εἰκὼν,
3696 1563 3801 1615 ἁνα-

2246 1673 2497 1742 φέρεται,
2526 1670 2629 1722 οὐκ
2655 1666 2750 1720 ἐπὶ
2782 1664 2879 1736 ’ὼν
2909 1661 3254 1733 ζωγραφίαν,
3284 1659 3319 1728 ἢ
3340 1657 3412 1710 τὰ
3446 1654 3727 1726 χρώματα.
3753 1656 3799 1706 Εἰ

2246 1764 2303 1818 δὲ
2333 1762 2477 1816 εῐποι
2496 1778 2511 1792 ·
2537 1747 2614 1815 Ού
2639 1758 2822 1822 καλῶς
2857 1756 3144 1827 ἱστόρησεν
3179 1754 3208 1805 ὁ
3238 1748 3539 1820 ζωγράφος
3573 1746 3661 1798 τὸν
3683 1743 3801 1799 Παῦ-

556 1863 819 1918 humeros
848 1863 968 1932 ejus
1002 1864 1132 1920 fecit
1153 1863 1393 1931 ;'oculos
1425 1863 1548 1931 ejus
1601 1877 1710 1917 non
1760 1862 1901 1917 bene
1928 1863 2144 1931 pictura

2253 1855 2336 1906 λον
2361 1870 2376 1885 ο
2420 1852 2649 1915 πλατεῖς
2688 1850 2798 1920 γὰρ
2837 1842 3220 1916 ὑπερϐολικῶς
3258 1840 3386 1902 τοὺς
3443 1837 3630 1907 ὤμους
3671 1836 3802 1888 αὑτοῦ

557 1951 806 2006 imitatus
844 1960 953 2018 est,
990 1958 1046 2008 et
1074 1967 1241 2007 crura
1277 1953 1530 2021 gracilia,
1581 1959 1676 2005 aut
1727 1967 1925 2006 manca
1961 1951 2095 2005 fecit
2126 1966 2143 2005 :

557 2041 677 2096 haec
707 2049 761 2096 et
799 2042 908 2096 alia
938 2043 1217 2113 ejusmodi
1274 2058 1383 2097 non
1425 2045 1491 2096 ad
1524 2040 1757 2097 Paulum
1790 2042 2144 2107 referuntur;

559 2132 656 2190 sed
715 2135 771 2189 in
831 2135 947 2191 sola
993 2136 1231 2206 imagine
1286 2134 1708 2209 circumscripta
1758 2139 2006 2188 manent.
2054 2132 2149 2187 Sic

560 2230 716 2290 sunt,
741 2238 864 2293 quae
901 2224 957 2278 in
994 2222 1283 2295 Scriptura
1313 2224 1381 2280 de
1415 2225 1626 2279 sanctis
1668 2223 1813 2278 dicta
1840 2229 1970 2278 sunt
1998 2241 2010 2277 :
2042 2222 2150 2277 alia

561 2313 785 2381 quidem
819 2314 1135 2370 referuntur
1160 2317 1227 2371 ad
1258 2317 1571 2382 Christum,
1600 2317 1698 2388 qui
1741 2319 1796 2372 in
1822 2317 1932 2373 illis
1964 2326 2051 2374 est
2083 2318 2150 2371 li-

562 2410 796 2473 gni-atus
859 2415 915 2461 et
970 2406 1381 2475 pmformatus,
1434 2407 1544 2462 alia
1584 2422 1718 2463 vero
1763 2409 1829 2463 ad
1872 2408 2045 2479 ipsos,
2097 2418 2152 2464 et

564 2495 717 2550 solos
774 2496 1116 2569 pertingunt.
1178 2496 1367 2553 Placet
1427 2499 1550 2562 tibi,
1581 2497 1795 2565 Judme,
1831 2499 2154 2568 huiusmodi

520 2640 523 2643 .
564 2586 752 2653 lectio,
783 2594 837 2642 et
880 2589 1175 2661 explicatio
1215 2588 1565 2661 Scriptum?

636 2767 701 2822 Β.
735 2764 1117 2838 Nequaquam.
1152 2767 1274 2824 Non
1306 2769 1555 2839 approbo
1605 2767 1733 2835 hoc,
1762 2768 1858 2824 sed
1890 2769 2153 2832 litteram,

569 2869 628 2914 ut
662 2860 816 2914 verbi
852 2861 1052 2930 gratia,
1103 2850 1227 2931 quae
1258 2860 1403 2915 dicta
1437 2873 1566 2915 sunt
1595 2861 1663 2915 de
1696 2860 1890 2925 David,
1945 2861 2013 2915 de
2061 2860 2165 2915 illo-

569 2959 784 3007 tantum
825 2952 1094 3024 intelligo,
1123 2965 1180 3008 et
1216 2969 1338 3024 quae
1366 2955 1435 3009 de
1465 2952 1964 3021 Abraham,lsaac,
1997 2948 2158 3009 etla-

569 3045 693 3106 cob,
735 3053 789 3097 et
820 3042 984 3109 Juda,
1015 3055 1067 3098 et
1099 3044 1167 3099 de
1198 3045 1429 3114 reliquis
1462 3044 1740 3099 similiter.

2249 1944 2572 2015 πεποίηκεν,
2620 1942 2718 1995 καὶ
2764 1940 2857 1993 τὸν
2897 1935 3176 2008 ὀφθαλμὸν
3214 1931 3381 1986 αὑτοῦ
3428 1931 3534 1983 οὐκ
3573 1928 3805 1997 εὐστόχως

2250 2038 2666 2110 ὲζωγράφησεν,
2706 2033 2802 2088 καὶ
2842 2032 2911 2085 τὰ
2964 2028 3131 2097 σκέλη
3173 2023 3354 2078 λεπτὰ
3410 2022 3448 2091 ἦ
3494 2018 3689 2110 κολοϐᾲ
3719 2019 3804 2086 εἱρ-

2249 2109 2476 2200 γάσατο,
2504 2127 2601 2182 καὶ
2628 2127 2731 2180 ὅσα
2758 2123 3015 2179 τοιαῦτα*
3050 2121 3150 2174 οὑκ
3174 2118 3268 2172 ἐπὶ
3293 2116 3388 2169 τὸν
3434 2109 3805 2179 ὲκτυπούμενον

2250 2220 2637 2292 ἀναφέρονται,
2669 2217 2785 2272 ἀλλ’
2829 2218 2886 2268 ὲν
2921 2208 3056 2282 μόνῃ
3071 2202 3508 2279 περιγράφονται
3542 2207 3610 2274 τῇ
3637 2203 3804 2254 sive...

2253 2312 2412 2368 Οῦτω
2437 2312 2532 2365 καὶ
2567 2312 2625 2366 ὲν
2656 2311 2724 2380 τῇ
2766 2308 2961 2377 Γραφῇ
3004 2306 3134 2373 περὶ
3177 2301 3287 2354 τῶν
3332 2299 3515 2369 ἁγίων
3548 2294 3805 2366 εἱρημέιη·

2252 2406 2323 2459 τὰ
2364 2405 2462 2476 μὲν
2489 2404 2571 2468 είς
2599 2403 2690 2456 τὸν
2719 2401 2788 2454 δι’
2816 2397 3041 2451 ἐκείνων
3083 2391 3499 2462 είκονιζόμενον
3528 2387 3625 2440 καὶ
3650 2402 3808 2457 προω-

2254 2498 2528 2567 πούμενον
2567 2492 2807 2565 Χριστὸν
2846 2487 3259 2559 ἀναφέρονταιο
3302 2483 3373 2536 τὰ
3403 2480 3467 2535 δὲ
3521 2482 3603 2541 εἰς
3629 2478 3807 2539 αὐτοὺς,

2255 2592 2351 2646 καὶ
2377 2591 2574 2661 μόνους
2596 2570 3000 2657 περιίστανται.
3031 2579 3284 2649 Ἀρέσκει
3318 2592 3425 2640 σοι,
3459 2568 3508 2628 ὧ
3541 2571 3808 2637 Ἵουδαῐε,ἡ

2256 2681 2480 2752 τοιαύτη
2505 2681 2606 2750 τῆς
2634 2677 2863 2749 Γραφῆς
2893 2675 3220 2742 ἀνάγνωσις,
3248 2669 3343 2724 καὶ
3372 2665 3677 2730 ἁνάπτυξις
3702 2679 3715 2728 ;

2329 2774 2393 2828 Β.
2428 2751 2585 2843 Οίὺχί.
2623 2771 2698 2824 Ού
2722 2769 2949 2839 δέχομαι
2976 2764 3084 2835 γὰρ
3108 2760 3290 2825 τοῦτο,
3343 2757 3486 2812 ἀλλὰ
3516 2756 3687 2809 πάντα
3706 2751 3812 2804 uti

2258 2866 2320 2921 τὸ
2349 2865 2609 2945 γράμμορ
2636 2858 2751 2917 οἷον
2795 2861 2867 2914 τὰ
2901 2861 2981 2921 εἰς
3009 2854 3172 2910 Δαυῖδ
3192 2854 3501 2945 λεγόμεναι,
3524 2849 3621 2945 εἰς
3645 2847 3814 2945 exslvet:

2265 2936 2424 3029 μόνον
2454 2936 2592 3009 νοίῐ)ἶ
2630 2954 2728 3008 καλ¹
2747 2952 2816 3006 τὰ
2846 2954 2928 3015 εἰς
2965 2945 3242 3018 Ἀϐραὰμ,
3273 2945 3368 2998 καὶ
3396 2944 3483 3004 εἰς
3524 2938 3716 3002 Ἰσαὰκ,
3742 2936 3815 2988 καὶ

2273 3048 2491 3110 Ἰακὼϐ,
2521 3048 2617 3100 καὶ
2655 3045 2880 3109 Ἰούδαν,
2917 3043 3013 3096 καὶ
3040 3041 3169 3102 τοὺς
3191 3038 3418 3100 λοιποὺς
3445 3032 3719 3094 ὡσαύτως.

641 3136 709 3188 Α.
739 3133 879 3189 Vide
909 3135 1042 3205 quid
1074 3136 1231 3209 dicas
1251 3177 1265 3200 ,
1296 3144 1351 3192 et
1382 3138 1529 3191 scias
1558 3136 1706 3204 quod
1727 3174 1741 3201 ,
1770 3134 1837 3189 ad
1860 3135 2010 3190 hunc
2042 3149 2156 3190 mor

2304 3144 2401 3196 AA.
2430 3141 2603 3195 Βλέπε
2635 3140 2687 3193 τί
2723 3139 2925 3208 λέγεις,
2977 3134 3074 3187 καὶ
3113 3133 3376 3202 γίνωσκε,
3425 3129 3514 3181 ὃτι
3554 3124 3684 3192 μετά
3710 3121 3813 3175 ταὺ-

572 3228 701 3281 dum
760 3227 1020 3298 loquendi
1056 3235 1110 3283 et
1149 3228 1517 3299 intelligendi,
1576 3227 1745 3283 Deum
1805 3226 1946 3282 l‘acis
2008 3242 2165 3282 men-

575 3317 791 3373 dacem.

649 3409 709 3465 B.
742 3409 1068 3477 Quomodo?

649 3503 717 3556 Α.
783 3498 977 3557 Nonne
1035 3502 1176 3557 dixit
1216 3501 1361 3559 Deus
1417 3503 1651 3581 Abrahae
1684 3523 1697 3558 :
1738 3523 1757 3554 ι
1795 3502 1988 3558 Totam
2025 3503 2168 3560 hanc

581 3603 810 3659 terram,
859 3609 1024 3664 quam
1071 3603 1131 3650 tu
1178 3596 1354 3665 vides,
1390 3598 1489 3652 tibi
1519 3597 1664 3652 dabo
1701 3611 1820 3652 eam
1845 3636 1860 3662 ,
1890 3601 1944 3650 et
1971 3594 2169 3652 semini

584 3686 743 3743 tuo‘?
766 3706 785 3739 ι

653 3782 718 3839 Β.
751 3782 844 3838 Sic
878 3791 983 3840 est.

598 3874 719 3929 ‘A.
777 3873 977 3931 Fuitne
1046 3889 1286 3945 unquam
1346 3873 1625 3929 Abraham
1684 3873 1946 3929 dominus
2025 3873 2171 3929 illius

586 3975 749 4021 terra:
782 3967 807 4021 ‘l

657 4056 716 4112 Β.
755 4057 1045 4123 Quomodo
1090 4056 1372 4120 dominus,
1417 4056 1512 4126 qui
1548 4071 1726 4126 neque
1754 4071 1981 4126 passum
2016 4057 2173 4125 pedis

585 4147 642 4199 in
701 4147 791 4201 illa
853 4148 1087 4202 habuit?
1132 4149 1369 4216 sepelire
1418 4147 1565 4203 enim
1603 4148 1795 4201 Saram
1826 4163 1933 4201 non
1968 4151 2170 4220 putuit,

587 4238 763 4292 donec
796 4240 976 4294 locum
1005 4241 1143 4293 emit
1169 4248 1232 4293 ιη.

658 4332 724 4384 Α.
764 4333 960 4385 Sermo
989 4323 1155 4402 igitur
1183 4330 1277 4384 Dei
1311 4328 1533 4384 excidit.

656 4425 718 4483 Β.
760 4426 1019 4489 Daturus,
1055 4422 1255 4493 inquit,
1287 4431 1371 4478 est
1399 4422 1479 4477 eis
1512 4431 1737 4477 terram.

661 4526 724 4575 Α.
761 4520 831 4573 At
864 4533 970 4573 non
999 4520 1080 4574 sic
1113 4517 1250 4573 dixit
1279 4515 1446 4583 Deus,
1476 4516 1713 4573 daturus
1734 4533 1857 4572 sum
1895 4533 2014 4573 eam
2045 4518 2175 4573 ﬁliis

589 4613 722 4672 tuis.
781 4606 878 4666 s'cd
940 4628 959 4661 ι
992 4609 1091 4664 tibi
1139 4617 1195 4664 et
1221 4608 1417 4664 semini
1470 4622 1586 4661 tuo.
1630 4627 1648 4660 ›
1715 4605 1981 4663 Similiter
2033 4610 2175 4663 dixit

589 4704 800 4759 Jacob:
842 4723 860 4754 ι
903 4701 1055 4757 Hanc
1108 4713 1333 4765 terram,
1388 4716 1551 4771 quam
1594 4701 1718 4755 dedi
1769 4702 2017 4769 patribus
2068 4704 2176 4758 tuis

591 4799 895 4863 Abraham,
951 4808 1007 4852 et
1043 4796 1217 4861 Isaac,
1269 4795 1370 4849 tibi
1406 4795 1550 4848 dabo
1580 4809 1722 4857 eam,
1754 4801 1808 4847 et
1840 4794 2037 4849 semini
2080 4803 2177 4850 tuo

593 4897 721 4961 post
753 4898 807 4944 te
839 4898 890 4942 ιι.
927 4908 945 4941 ›
978 4888 1046 4941 Ει
1076 4901 1177 4941 nec
1201 4884 1374 4940 Jacob
1405 4884 1600 4938 habuit
1629 4899 1852 4952 passum
1881 4886 2060 4953 pedis;
2081 4885 2178 4942 sed

592 4986 783 5053 potius
834 4983 891 5035 in
946 4980 1125 5034 aliena
1178 4987 1347 5043 terra,
1391 4979 1444 5029 in
1494 4975 1737 5046 Egypto
1782 4986 2037 5032 mortuus
2070 4988 2173 5033 est.

596 5074 782 5138 Vides,
808 5071 1294 5143 quemadmodum,
1319 5083 1442 5121 cum
1490 5068 1571 5122 sic
1626 5066 1889 5138 intelligis
1918 5069 2177 5138 Scriptu-

594 5183 710 5234 ras,
743 5166 912 5222 Deum
941 5165 1261 5220 mendacem
1298 5161 1472 5215 facis?

671 5347 737 5400 Et
764 5348 895 5416 quid
924 5344 992 5400 ad
1022 5343 1175 5407 illud,
1208 5344 1353 5412 quod
1395 5342 1459 5395 de
1485 5339 1659 5395 Jacob
1681 5340 1819 5411 dixit
1854 5339 2138 5415 Scriptura
2166 5358 2179 5392 :

608 5457 627 5490 ι
669 5438 874 5495 Gentes
921 5446 974 5492 ct
1037 5435 1491 5505 congregationes
1541 5433 1785 5503 gentium
1842 5448 1906 5484 ex
1964 5441 2016 5483 te
2085 5447 2184 5483 ex-

601 5530 806 5586 ibunt?
841 5550 859 5583 ι
893 5528 994 5583 Ubi
1035 5537 1241 5592 autem,
1275 5535 1367 5580 aut
1399 5523 1676 5596 quomodo
1704 5523 1874 5593 388
1901 5539 1965 5576 es
2017 5522 2185 5576 Jacob

609 5602 881 5689 generata:
912 5629 1042 5677 sunt
1068 5621 1299 5691 gentes?
1323 5619 1386 5673 Et
1419 5635 1614 5674 rursus
1645 5617 1818 5671 dixit:
1852 5636 1867 5665 ι
1890 5612 1964 5668 Et
1992 5614 2188 5668 adora-

685 5801 705 5839 ι
741 5802 849 5852 Λα
891 5818 964 5869 lx,
1010 5803 1025 5857 Ι
1063 5821 1219 5875 seqq.
1339 5799 1352 5841 Ι
1394 5803 1672 5865 Ιῖι“11.Χ111,
1712 5800 1797 5852 lii.

1916 5809 1951 5833 η·
1996 5800 2131 5849 (imi.
2169 5811 2320 5861 xu",
2364 5799 2564 5866 lquq.

2265 3253 2366 3307 την
2397 3236 2497 3304 τὴν
2532 3235 2733 3306 φράσιν
2789 3230 2884 3284 καὶ
2923 3227 3203 3298 διάληψιν,
3244 3222 3499 3295 ψεύστην
3543 3222 3599 3273 ὲν
3640 3214 3816 3275 πολλοῖς

2269 3329 2446 3390 ποιεῖς
2476 3326 2570 3378 τὸν
2602 3324 2758 3378 Θεόν.

2339 3419 2400 3471 Β.
2427 3417 2550 3480 Πῶς
2576 3417 2791 3484 λέγεις;

2339 3509 2405 3561 Α.
2443 3508 2557 3559 Ούκ
2585 3503 2780 3559 εἶπενό
2806 3504 2938 3566 Θεὸς
2955 3498 3033 3571 τῷ
3070 3496 3345 3567 Ἀϐραὰμ,
3385 3513 3405 3545 ι
3433 3494 3652 3562 Ταύτην
3677 3491 3817 3542 πᾶσαν

2271 3601 2370 3671 τὴν
2391 3600 2498 3670 γῆν
2517 3600 2584 3670 ἣν
2612 3599 2765 3669 ὁρᾷς,
2806 3596 2892 3648 σοὶ
2921 3593 3081 3646 δώσω
3116 3590 3312 3660 αὐτὴν,
3351 3588 3452 3640 καὶ
3478 3587 3560 3654 τῷ
3587 3580 3818 3653 σπέρματί

2274 3706 2402 3756 σου;
2431 3708 2449 3741 ι

2342 3783 2404 3835 Β.
2434 3781 2565 3835 Ναί.
3390 3814 3393 3817 -

2340 3879 2405 3929 Α.
2473 3872 2753 3944 Ἐκυρίευε
2815 3869 2873 3921 δὲ
2941 3867 3042 3935 τῆς
3121 3864 3226 3935 γῆς
3299 3862 3526 3928 ἐκείνης
3612 3851 3820 3924 ’Δϐραὰμ

2275 3984 2407 4022 ποτε
2441 3983 2455 4031 ;

2345 4060 2407 4114 Β.
2434 4056 2559 4122 Πῶς
2586 4055 2719 4125 γὰρ,
2746 4054 2775 4105 6
2812 4052 2951 4124 μήτε
2986 4049 3139 4119 βῆμα
3168 4047 3328 4109 ποδὸς
3360 4040 3617 4113 ἐσχηκὼς
3646 4036 3819 4093 bulas;

2277 4150 2444 4219 θάψαι
2467 4147 2576 4217 γὰρ
2604 4146 2704 4216 τὴν
2749 4145 2970 4223 Σάρραν
3017 4142 3119 4194 οὐκ
3152 4135 3421 4208 ἠδυνήθη,
3470 4134 3578 4197 ἕως
3609 4125 3667 4185 οῦ
3691 4128 3821 4181 τόπον

2274 4241 2572 4313 ὴγόρακεν.

2346 4334 2413 4386 Α.
2443 4326 2655 4385 Οὐκοῦν
2683 4326 2711 4379 6
2741 4324 2836 4378 τοῦ
2867 4322 3006 4377 Θεοῦ
3038 4321 3211 4390 Λόγος
3237 4319 3525 4382 διέπεσεν;

2349 4425 2411 4479 Β.
2442 4420 2664 4485 Μέλλει,
2695 4418 2883 4489 φησὶν,
2912 4415 3097 4470 δοῦναι
3129 4414 3317 4476 αὐτοῖς
3337 4413 3437 4485 τὴν
3468 4411 3594 4481 γῆν.

2207 4508 2251 4562 Ι)
2350 4516 2416 4567 Α.
2452 4511 2593 4565 Ἀλλ’
2618 4510 2718 4579 οὐχ
2759 4503 3120 4570 οῦτως,εἶπεν
3148 4504 3177 4556 6
3216 4503 3371 4568 Θεὸς,
3415 4503 3499 4555 ὅτι
3523 4497 3709 4553 Μέλλω
3738 4493 3820 4549 τοῖς

2270 4606 2487 4667 τέκνοις
2513 4619 2606 4656 σου
2638 4602 2824 4655 δοῦναι
2849 4599 3042 4668 αὐτὴν,
3076 4596 3237 4659 ἀλλὰ,
3269 4614 3288 4645 α
3334 4595 3449 4648 Σοὶ.
3468 4593 3565 4648 καὶ
3592 4589 3666 4658 τῷ
3689 4584 3820 4652 σπέρ-

2277 4698 2407 4769 ματί
2433 4713 2548 4751 σου.
2583 4717 2601 4749 ι
2641 4694 2918 4756 Ὡσαύτως
2940 4691 3020 4761 τῷ
3049 4688 3246 4744 Ἰακὼϐ
3274 4684 3451 4751 εἶπεν,
3478 4687 3561 4740 ὅτι
3596 4704 3610 4733 ι
3640 4680 3818 4742 Ταύτην

2273 4791 2372 4862 τὴν
2411 4790 2537 4859 γῆν,
2580 4790 2646 4858 ἢν
2674 4787 2851 4840 ἔδωκα
2877 4786 2990 4847 τοῖς
3021 4781 3298 4852 πατράσιν
3337 4797 3456 4845 σου,
3612 4771 3818 4840 Ἀϐραὰμ

2278 4882 2373 4937 καὶ
2413 4880 2619 4941 Ἰσαὰκ,
2654 4879 2739 4931 σοὶ
2778 4875 2939 4930 δώσω
2977 4874 3168 4944 αὐτὴν,
3221 4874 3317 4926 καὶ
3354 4870 3434 4941 τῷ
3466 4863 3817 4939 σπέρματωου

2290 4973 2426 5044 μετὰ
2454 4973 2532 5025 σέ.
2576 4991 2595 5023 ι
2630 4971 2736 5022 Καὶ
2764 4968 2887 5022 οὐδὲ
2930 4965 3126 5020 Ἰακὼϐ
3162 4964 3287 5035 ἔσχε
3318 4964 3473 5033 βῆμα
3506 4961 3689 5023 ποδᾶς·
3719 4952 3818 5008 ἀλλά

2287 5043 2382 5114 καὶ
2413 5063 2470 5113 ἐν
2489 5058 2747 5129 ἀλλοτρία
2764 5061 2836 5128 γῇ
2864 5059 2921 5109 ὲν
2949 5054 3213 5122 Αἰγύπτῳ
3233 5052 3642 5122 τετελεύτηκεν.
3671 5043 3816 5112 Ὁρᾷς,

2286 5155 2367 5207 ὅτι
2423 5156 2451 5207 6
2504 5151 2676 5213 οὕτως
2741 5147 2879 5203 νοῶν
2935 5147 3035 5211 τὰς
3094 5146 3133 5198 Γ
3138 5145 3336 5215 ραφὰς,
3369 5145 3462 5196 τὸν
3509 5142 3638 5195 Θεὸν
3681 5134 3817 5192 ποιεῖς

2285 5245 2528 5316 ψεύστην
2547 5261 2561 5310 ;

2352 5336 2417 5388 Τί
2446 5337 2528 5388 ὅτι
2556 5334 2615 5387 δὲ
2643 5334 2735 5387 καὶ
2769 5332 2905 5402 πρὸς
2934 5333 3023 5385 τὸν
3058 5328 3256 5384 Ἰακὼϐ
3293 5324 3445 5380 εἶπεν
3464 5344 3476 5355 ·
3513 5345 3530 5374 ι
3571 5320 3722 5384 Ἐθνη
3751 5328 3817 5408 7.1"-

2284 5428 2574 5498 συναγωγὴ
2617 5425 2725 5478 τῶν
2762 5425 2954 5492 ἐθνῶν,
2981 5427 3068 5477 -ὲκ
3095 5421 3190 5475 σοῦ
3231 5420 3632 5488 ἐξελεύσονται,
3670 5430 3687 5460 υ
3733 5406 3814 5500 Πῦῇ

2284 5518 2361 5581 δὲ’
2457 5517 2574 5578 πῶς
2601 5518 2665 5567 ἐκ
2704 5514 2798 5567 τοῦ
2845 5513 3040 5568 Ἰακὼϐ
3069 5512 3136 5566 τὰ
3176 5511 3301 5582 ἔθνη
3338 5504 3720 5590 ἐγεννήθησαν,
3749 5506 3815 5590 x1"-

2285 5611 2447 5664 πάλιν
2479 5607 2629 5661 εἶπεν
2650 5608 2821 5678 αὐτῷ,
2853 5608 2935 5661 ὅτι
2970 5627 2987 5659 ι
3022 5600 3497 5679 Προσκυνήσουσίν
3533 5613 3608 5649 σοι
3634 5588 3811 5645 υἱοὶτθὲ

2684 5806 2707 5831 η
2737 5795 2873 5849 Gen.
2914 5801 3106 5851 xxvm,
3150 5785 3231 5837 l3.
