4000 6438
186 389 323 453 1533

1598 384 1988 445 OPUSCULA
2000 428 2015 445 .

3320 384 3456 449 1534

186 500 391 573 πατρός
420 515 536 551 σου.
568 498 680 552 Καὶ
709 499 891 563 αὐτὸς,
911 500 1007 553 καὶ
1030 501 1090 553 τὸ
1118 499 1337 569 σπέρμα
1368 516 1460 552 σου
1484 498 1768 568 κυριεύσει

1893 507 2008 551 utut
2042 506 2095 554 te
2121 499 2217 553 lilii
2249 499 2425 569 patris
2457 498 2565 566 ttti;
2595 499 2887 571 etipse,et
2915 514 3102 555 semen
3137 508 3292 552 tuum
3314 540 3328 562 ,
3355 499 3462 556 do-

185 590 382 645 αύτῶν.
415 609 433 642 ι
472 589 598 653 Πῶς
624 585 801 654 εἶπεν,
828 590 1163 660 Οίάδελφοί
1182 607 1319 654 σου,
1353 589 1771 661 πληθυντικῶς;

130 708 141 723 κ
185 682 429 749 καίτοιγε
463 683 563 735 οὐκ
606 682 765 752 ἔσχεν
807 684 855 735 εί
903 685 978 755 μὴ
1012 684 1109 736 ἕνα
1147 684 1374 751 ἀδελφὸν
1414 684 1503 735 τὸν
1560 684 1769 736 Ἡσαῦ·

185 770 290 826 ποῦ
316 773 373 826 δὲ
395 774 491 827 καὶ
524 775 933 846 προσεκύνησεν
963 777 993 828 6
1036 775 1207 828 Ἡσαῦ
1246 775 1324 845 τῷ
1376 775 1606 839 Ἰακώϐς
1644 776 1770 828 τού-

186 862 397 919 ναντίον
448 864 507 918 δὲ
554 866 758 936 μᾶλλον
800 870 828 920 ὁ
893 865 1091 921 Ἰακὼϐ
1131 867 1360 929 ἑπτάκις
1402 868 1497 920 ἐπὶ
1534 870 1631 937 τὴν
1669 868 1774 937 γῆν

186 956 599 1027 προσεκύνησεν
639 956 716 1028 τῷ
759 958 955 1024 Ἠσαῦ,
1008 960 1105 1012 καὶ
1151 958 1422 1028 δεσπότην
1470 959 1769 1012 ἐκάλεσεν·

170 1048 277 1123 ,καὶ
306 1048 583 1114 δεδοικὼς,
619 1051 712 1103 καὶ
746 1052 968 1120 τρέμων
994 1051 1155 1104 αὐτὸν
1197 1050 1500 1105 διετέλεσεν
1531 1051 1654 1104 ὅλον
1683 1052 1774 1104 τὸν

186 1140 299 1210 βίον
325 1141 515 1196 αὑτοῦ.
547 1142 732 1206 Ἀλλὰ,
765 1144 862 1196 καὶ
896 1143 1034 1213 μετά
1056 1142 1296 1196 τοσαῦτα
1325 1142 1419 1211 ἐτη
1448 1141 1775 1207 ἐξελθόντων

184 1233 367 1286 αὐτῶν
418 1232 481 1297 ἐξ
515 1233 818 1302 Αἰγύπτου,
871 1232 1144 1303 ἐδήλωσεν
1190 1233 1436 1301 Μωῦσῆς
1470 1231 1549 1302 τῷ
1570 1232 1777 1304 πρώτῳ

184 1326 277 1379 καὶ
311 1325 535 1395 ἄρχοντι
575 1324 687 1378 τῶν
716 1324 847 1377 υἱῶν
886 1324 1055 1378 Ἠσαῦ
1080 1364 1094 1388 ,
1131 1326 1212 1379 ὅτι
1265 1344 1285 1376 ι
1332 1324 1580 1392 Ἀδελφοί
1619 1324 1774 1395 ὑμῶν

183 1418 353 1486 ὲσμεν
378 1430 392 1445 ’
437 1416 716 1487 μηνύσατε
746 1419 878 1487 ἡμῖν
914 1416 1169 1486 διαϐῆναι
1202 1418 1362 1487 μόνον
1412 1417 1503 1471 διὰ
1539 1417 1639 1487 τῆς
1667 1419 1774 1487 γῆς

184 1507 338 1577 ὑμῶν
359 1523 372 1537 ⁶
402 1507 507 1578 6δῷ
539 1506 793 1579 βασιλικῇ
823 1508 1214 1578 πορευσόμεθα
1233 1523 1248 1538 °
1279 1508 1380 1579 ούκ
1413 1508 1774 1577 ἐκκλινοῦμεν

180 1597 327 1660 δεξιά
380 1598 475 1650 καὶ
514 1598 781 1668 ἀριστερά
811 1615 826 1631 ⁸
876 1597 1012 1650 ἀλλᾶ
1042 1598 1103 1649 τὸ
1137 1596 1280 1667 ὕδωρ
1327 1596 1428 1650 καὶ
1486 1597 1577 1649 τὸν
1607 1597 1774 1668 ἄρτον

180 1690 345 1758 τιμῆς
376 1689 753 1759 ἀγοράσομεν,
794 1689 900 1752 ἓως
946 1688 1010 1742 ἂν
1050 1688 1331 1758 διαϐὦμεν
1376 1691 1456 1751 είς
1503 1689 1602 1759 τὴν
1643 1689 1769 1758 γῆν,

181 1781 247 1849 ἥν
268 1779 475 1832 ἔδωκεν
514 1782 648 1851 ἡμῖν
686 1780 714 1831 6
746 1779 902 1842 Θεός.
955 1797 973 1830 ι
1006 1780 1113 1832 Καὶ
1152 1779 1523 1849 ἀπεδήλωσεν
1561 1780 1769 1846 αὐτοῖς,

180 1840 260 1923 ὅτι
302 1889 320 1921 ι
360 1870 500 1941 Ούχί
524 1840 666 1925 ἠὲὰν
692 1840 915 1940 διαϐῆτε
946 1870 1035 1924 διὰ
1058 1872 1159 1942 τῆς
1183 1875 1284 1942 γῆς
1323 1840 1447 1942 μου,
1486 1840 1766 1935 ἐξελευσόλ
1806 1840 1845 1894 Β

185 1962 343 2031 μεθα,
378 1962 477 2015 καὶ
503 1964 917 2033 ἀποκτενοῦμεν
958 1964 1125 2034 ὑμᾶς.
1163 1982 1182 2014 ι
1214 1964 1321 2016 Καὶ
1356 1964 1455 2016 οὐκ
1482 1964 1776 2034 ἀνέτρεψεν

178 2053 337 2107 τοῦτο
378 2057 410 2108 6
455 2055 610 2121 Θεὸς,
654 2056 792 2110 ἀλλά
834 2056 931 2110 καὶ
982 2056 1181 2127 μᾶλλον
1233 2057 1633 2127 ύπεκύρωσεν,
1681 2056 1776 2108 καὶ

179 2146 520 2219 ἀντέσχυρεν
541 2148 741 2217 λέγων,
769 2150 851 2202 ὅτι
890 2170 908 2201 ι
941 2148 1050 2222 Τὴν
1081 2150 1185 2218 γῆν
1214 2150 1441 2220 ταύτην,
1474 2151 1542 2222 ἣν
1570 2150 1778 2203 δέδωκα

178 2237 255 2309 τῷ
296 2238 501 2304 Ἡσαῦ,
542 2239 619 2310 μὴ
663 2240 1006 2313 πλησιάσητε
1042 2243 1255 2306 αὐτοῖς,
1297 2260 1315 2293 ι
1373 2243 1467 2295 καὶ⁹
1506 2242 1575 2295 τά
1626 2242 1774 2311 ἑξῆς.

181 2328 290 2383 Ποῦ
315 2327 414 2384 οὖν
447 2330 767 2402 ἐπλήρωσεν
805 2334 833 2385 ὀ
865 2332 997 2397 Θεὸς
1030 2333 1109 2404 τῷ
1155 2332 1377 2398 Ἰακὼϐ,
1410 2332 1445 2388 δι
1472 2329 1660 2397 εἶπεν,
1696 2336 1777 2388 ὅτι

188 2442 204 2474 ι
244 2420 698 2495 Προσκυνήσουσί
740 2440 820 2496 σοι
866 2424 974 2479 υἱοὶ
1020 2424 1115 2478 τοῦ
1165 2426 1373 2496 πατρός
1424 2443 1555 2491 σου,
1603 2425 1698 2478 καὶ
1730 2425 1780 2479 οἱ

181 2512 405 2581 ἀδελφοί
448 2531 565 2580 σου,
599 2515 695 2567 καὶ
735 2493 836 2579 ab",
874 2516 968 2568 καὶ
1009 2516 1071 2568 τὸ
1106 2516 1331 2587 σπέρμα
1359 2533 1452 2568 σου
1495 2514 1779 2586 κυριεύσει

183 2604 385 2671 αὐτῶν,
431 2624 449 2657 ι
499 2606 594 2658 καὶ
637 2605 707 2659 τὰ
750 2606 1013 2674 τοιαῦτα;
1057 2607 1243 2679 Ὁρᾷς,
1292 2602 1338 2661 ὦ
1397 2609 1648 2673 Ἰουδαῖε,
1698 2609 1782 2661 ὅτι

1878 590 2180 645 minaberis
2208 591 2290 645 eis
2311 600 2351 644 °.
2397 611 2416 642 ι
2448 591 2737 656 Quomodo
2790 592 2966 656 dixit,
3003 592 3199 660 fratres
3232 593 3332 654 tui,
3363 610 3495 647 IIII--

1877 696 2032 736 mero
2098 683 2362 752 plurium,
2426 698 2551 737 cum
2610 698 2719 737 non
2773 683 3058 746 habuerit,
3123 683 3231 739 nisi
3293 699 3464 739 unum

1876 771 2107 827 fratrem
2169 773 2365 828 Esau?
2427 774 2521 828 ubi
2588 784 2777 829 autem
2838 775 3084 829 adoravit
3134 774 3252 843 ipse
3319 774 3466 830 Esau

1874 860 2086 917 Iacob?
2119 863 2229 918 into
2274 871 2470 918 contra
2506 865 2689 934 potius
2719 866 2927 934 septies
2960 865 3077 934 ipse
3109 864 3278 919 Iacob
3312 865 3464 919 humi

1877 963 2087 1011 stratus
2142 957 2396 1010 adoravit
2454 956 2625 1021 Esau,
2694 967 2747 1011 ct
2797 957 3081 1012 dominum
3137 972 3264 1011 eum
3300 973 3466 1011 voca-

1876 1046 1958 1100 vit
1998 1056 2058 1113 P;
2095 1054 2153 1101 et
2185 1047 2447 1119 universo
2484 1049 2605 1103 vita:
2659 1064 2774 1103 sua:
2823 1057 3071 1118 tempore
3103 1063 3226 1103 eum
3259 1046 3463 1100 timuit.

1875 1138 1943 1194 Et
1967 1155 2077 1194 non
2115 1139 2293 1195 solum
2330 1140 2476 1204 hate,-
2527 1141 2621 1195 sed
2656 1148 2780 1209 post
2830 1148 2911 1194 tot
2965 1154 3141 1193 annos
3194 1146 3318 1208 post
3352 1138 3469 1193 exi-

1876 1240 1991 1284 tum
2048 1229 2403 1287 Hebrazorum
2456 1246 2523 1287 ex
2553 1231 2814 1303 Aigyplo,
2862 1238 3052 1300 aperte
3089 1229 3467 1300 dixitMoyses

1874 1324 2113 1394 principi
2173 1323 2412 1383 ﬁliorum
2471 1322 2614 1378 Esau
2652 1345 2664 1379 :
2708 1342 2726 1375 (
2770 1322 2995 1377 Fratres
3028 1322 3195 1378 vestri
3247 1337 3462 1384 sumus,

1876 1413 2186 1482 signiﬁcate
2261 1413 2470 1476 nobis,
2549 1423 2609 1466 ut
2689 1422 3043 1468 transeamus
3110 1428 3205 1481 per
3263 1420 3465 1466 terram

1874 1512 2140 1568 vestram,
2198 1505 2288 1559 via
2324 1505 2473 1576 regia
2509 1504 2863 1574 gradiemur;
2900 1520 3013 1558 non
3066 1504 3470 1558 declinabimus

1874 1612 1979 1651 nec
2006 1595 2075 1651 ad
2099 1596 2375 1662 dextram,
2427 1612 2527 1651 nec
2579 1596 2648 1650 ad
2683 1595 2999 1660 sinistram;
3035 1595 3130 1651 sed
3178 1609 3374 1664 panem
3414 1603 3469 1647 et

1875 1704 2074 1759 aquam
2105 1690 2280 1756 pretio
2297 1704 2567 1754 ememus,
2602 1689 2784 1743 donec
2824 1687 3215 1758 perveniamus
3249 1687 3305 1740 in
3359 1696 3471 1739 ter-

1874 1799 1996 1837 ram
2027 1798 2190 1852 quam
2219 1782 2370 1838 dedit
2400 1782 2565 1838 nobis
2595 1781 2742 1837 Deus
2770 1790 2832 1846 tt;
2869 1799 2889 1832 ι
2921 1788 2977 1835 et
3005 1787 3198 1835 contra
3255 1778 3471 1848 signiﬁ-

1880 1857 2029 1930 cavit.
2081 1877 2163 1929 eis
2222 1874 2369 1930 clare
2421 1874 2729 1942 inquiens:
2785 1892 2805 1925 ι
2840 1872 3081 1937 Minime,
3144 1871 3232 1926 sin
3288 1877 3469 1924 autem

1881 1967 2242 2029 transieritis,
2291 1981 2357 2021 ex
2409 1976 2554 2022 terra
2588 1980 2709 2020 mea
2740 1964 3113 2035 egrediemur,
3150 1972 3207 2017 et
3251 1960 3470 2017 occide-

1880 2074 2005 2113 mus
2036 2073 2133 2113 vos
2167 2067 2215 2111 ι’.
2260 2075 2278 2108 ι
2320 2058 2381 2111 Ει
2413 2071 2522 2110 non
2562 2056 2787 2111 invertit
2817 2055 2925 2110 hoc
2957 2054 3126 2119 Deus,
3157 2053 3255 2110 sed
3287 2052 3470 2123 potius

1880 2150 2232 2204 continuavit
2270 2159 2324 2201 et
2354 2148 2638 2201 roboravit
2672 2145 2818 2202 Deus
2849 2144 3109 2216 inquiens
3139 2162 3152 2197 :
3182 2163 3201 2195 ι
3239 2143 3468 2198 Terram

1880 2240 2024 2293 hanc
2050 2236 2175 2293 dedi
2210 2236 2377 2300 Esau,
2409 2253 2479 2293 ne
2506 2237 2966 2308 appropinquetis
2991 2236 3040 2292 ei
3066 2247 3114 2302 ι,
3162 2254 3182 2287 ι
3236 2242 3293 2290 et
3348 2248 3474 2303 qua:

1882 2339 2217 2402 sequuntur.
2278 2327 2384 2385 Ubi
2433 2328 2602 2399 igitur
2648 2330 2897 2401 implevit
2931 2327 3073 2384 Deus
3100 2338 3224 2399 quae
3261 2326 3475 2382 dixerat

1883 2419 1987 2489 ipsi
2017 2416 2191 2474 Iacob
2221 2436 2234 2473 :
2272 2438 2292 2470 ι
2324 2419 2446 2474 Filii
2484 2420 2660 2490 patris
2692 2420 2768 2473 tui
2823 2419 3138 2474 adorabunt
3168 2425 3255 2484 te;
3288 2424 3342 2472 et
3373 2426 3430 2471 tu
3454 2456 3470 2480 ,

1882 2520 1937 2567 et
1964 2528 2152 2567 semen
2206 2521 2361 2567 tuum
2411 2513 2784 2568 dominaberis
2812 2513 2929 2579 eis;
2965 2532 2984 2565 ι
3027 2522 3084 2568 οι
3131 2514 3238 2567 alia
3289 2512 3475 2582 hujus-

1885 2603 2077 2657 modi?
2126 2602 2317 2669 Vides,
2344 2602 2555 2668 Iudaee,
2590 2604 2741 2675 quod
2775 2605 2983 2675 ubique
3018 2604 3215 2668 Deum,
3254 2614 3477 2674 propter

184 2697 467 2767 πανταχοῦ
501 2698 592 2750 τὸν
634 2697 769 2750 Θεὸν
817 2697 1063 2770 ψεύστην
1101 2701 1276 2762 ποιεῖς
1321 2698 1410 2769 διὰ
1458 2702 1559 2769 τῆς
1603 2698 1779 2770 κακῆς

1890 2709 2114 2766 pravam
2155 2695 2668 2766 interpretationem
2730 2705 2785 2751 et
2834 2696 3256 2767 intelligentiam
3322 2694 3478 2749 Scri-

184 2786 485 2857 ὲρμηνείας
521 2803 614 2838 σου
671 2785 769 2839 καὶ
806 2787 1138 2851 ἀσυνεσίας;
1181 2786 1316 2855 Οὐχὶ
1361 2785 1419 2838 δὲ
1465 2784 1543 2855 τῷ
1580 2781 1779 2849 Ἰακὼϐ

1890 2795 2069 2857 pturae,
2104 2789 2431 2843 mendacem
2467 2788 2647 2844 facis?
2674 2787 2869 2843 Nonne
2896 2804 3022 2844 cum
3050 2787 3192 2842 Deus
3223 2789 3479 2858 apparuit

184 2879 375 2947 φανεὶς
412 2876 439 2928 6
478 2874 634 2941 Θεὸς,
680 2876 847 2948 ἡνίκα
891 2877 1194 2930 ἐπάλαισεν
1239 2876 1360 2946 μετ’
1391 2875 1583 2936 αὐτοῦ.
1627 2870 1779 2928 εἷπεν

1890 2877 2055 2934 Iacob
2076 2885 2131 2934 et
2161 2895 2286 2933 cum
2312 2894 2379 2934 eo
2415 2880 2760 2944 luctabatur,
2795 2881 2938 2933 dixit
2968 2898 2981 2933 :
3020 2899 3039 2932 ι
3076 2878 3194 2933 Iam
3219 2880 3481 2948 deinceps

182 2963 357 3033 αὐτῷ,
376 2963 459 3016 ὅτι
500 2982 518 3014 ι
551 2964 685 3016 Ἀπὸ
708 2963 804 3016 τοῦ
827 2964 922 3017 νῦν
954 2965 1140 3018 ούκέτι
1162 2964 1503 3037 κληθήσεται,
1521 2965 1581 3017 τὸ
1609 2963 1781 3031 ὄνομά

183 3070 279 3105 σου
328 3052 549 3116 Ἰακὼϐ,
599 3054 736 3107 ἀλλά
797 3056 1050 3127 Ἰσραήλς
1116 3075 1134 3106 ι
1177 3056 1275 3108 καὶ
1319 3055 1583 3125 μυριάκις
1638 3055 1780 3125 μετά

184 3144 360 3199 ταῦτα
398 3147 494 3200 καὶ
520 3147 548 3198 6
588 3146 745 3211 Θεὸς,
782 3148 877 3200 καὶ
917 3150 950 3219 ή
1002 3148 1219 3218 Γραφὴ,
1254 3149 1351 3199 καὶ
1388 3147 1552 3209 αὑτὸς
1586 3146 1781 3215 ἑαυτὸν

198 3237 399 3291 Ἰακὼϐ
436 3239 719 3294 ἐκάλεσεν.
748 3240 814 3291 Τί
846 3234 941 3293 οὗν
975 3239 1035 3292 ού
1064 3238 1536 3306 διαπεπτώκασιν,
1570 3238 1665 3292 καὶ
1694 3236 1784 3291 οὔ·

187 3345 293 3392 τως
333 3331 472 3382 εἰσὶν
506 3330 826 3384 ἀϐεϐαιοιοῑ
852 3330 1003 3399 λόγοι
1037 3331 1132 3384 τοῦ
1165 3330 1339 3392 Θεοῦ;

257 3420 320 3473 Β.
367 3420 508 3473 Ἀλλ’
540 3420 673 3488 ἐγὼ,
700 3422 869 3491 φησιν
887 3464 902 3487 ,
931 3422 1050 3492 είμὶ
1076 3425 1104 3475 6
1134 3421 1247 3483 υἱὸς
1272 3420 1367 3474 τοῦ
1413 3420 1654 3492 Ἰσραὴλ,
1690 3421 1786 3474 καὶ

188 3512 209 3563 ὲ
220 3512 312 3582 μοὶ
345 3512 402 3565 αἱ
432 3512 783 3580 ἐπαγγελίαι.
1609 3559 1613 3563 .

256 3603 325 3657 A.
361 3604 528 3673 Ούχί·
581 3603 697 3657 ἀλλ’
724 3603 837 3673 ἐγώ
882 3606 998 3671 είμι
1051 3606 1080 3658 6
1118 3605 1214 3658 τοῦ
1267 3602 1486 3675 Ἰσραὴλ
1516 3602 1651 3667 υἱός.
1696 3603 1785 3656 Ἐν

187 3694 294 3747 τίνι
324 3694 437 3766 γὰρ
469 3696 562 3748 ἐπὶ
592 3695 671 3766 τῷ
715 3696 935 3767 Ἰσραὴλ
962 3697 1343 3767 ὲγκαυχᾶσαις
1377 3698 1460 3749 ὅτι
1488 3697 1590 3768 τὴν
1621 3695 1786 3767 τρίχα

191 3786 350 3855 ἔσχεν
404 3786 603 3858 οὔλην,
665 3788 699 3859 ἢ
757 3787 821 3841 τὸ
884 3789 1047 3859 σῶμα
1118 3788 1375 3860 μέγιστος
1441 3789 1593 3860 παρά
1628 3790 1786 3850 ’τοὺς

191 3878 384 3941 ἄλλους
426 3874 518 3949 ἦν,
565 3879 599 3950 ἢ
644 3880 976 3949 κράτιστος,
1018 3880 1051 3950 ἢ
1099 3879 1569 3952 παρηλλαγμένην
1618 3878 1783 3949 ἔσχεν

201 3973 421 4040 μορφήν
446 3988 459 4035 ;

261 4060 322 4113 Β.
354 4060 489 4130 Οὐχί
514 4076 529 4091 ’
561 4061 679 4114 ἀλλ’
705 4062 788 4114 ὅτι
813 4060 1074 4131 θεοσεϐὴς
1103 4056 1195 4132 ἦν.

259 4151 325 4205 Δ.
354 4154 470 4215 Πᾶς
485 4148 579 4205 οὖν
591 4152 869 4225 θεοσεϐὴς,
890 4154 986 4208 καὶ
1008 4154 1268 4224 θεοφιλὴς
1292 4154 1363 4220 ⁸¹,
1394 4156 1522 4220 τοὺς
1548 4155 1788 4226 τρόπους

204 4243 420 4316 Ἰσραὴλ
435 4245 607 4299 σέϐων
635 4247 732 4300 καὶ
788 4247 1041 4315 ἀγαπῶν,
1073 4247 1237 4315 λέγω,
1267 4249 1349 4302 ὅτι
1379 4249 1508 4314 Υἱός
1544 4251 1661 4319 εἰμι
1687 4248 1785 4302 τοῦ

206 4335 423 4409 Ἰσραὴλ
454 4336 874 4409 ἐξομοιούμενος
896 4340 1188 4409 αύτῷξτοίς
1218 4342 1447 4413 τρόποις
1475 4338 1572 4396 καὶ
1594 4345 1663 4414 τῇ
1692 4341 1787 4395 πί-

1887 2985 1995 3024 non
2027 2972 2267 3041 amplius
2316 2972 2604 3027 vocabitur
2656 2988 2857 3026 nomen
2918 2980 3075 3026 tuum
3124 2966 3316 3037 Iacob,
3378 2971 3476 3026 sed

1887 3058 2054 3114 Israel
2082 3059 2136 3112 t?
2174 3079 2192 3109 ι
2233 3068 2288 3113 et
2321 3067 2504 3113 tamen
2548 3060 2750 3114 millies
2782 3068 2837 3113 et
2867 3058 3036 3133 Deus,
3073 3068 3128 3115 et
3163 3059 3475 3129 Scriptura,

1886 3160 1940 3207 et
1971 3153 2203 3223 ipsemet
2234 3167 2294 3207 se
2326 3153 2502 3222 ipsum
2535 3153 2841 3208 nominavit
2872 3152 3066 3207 Iacob.
3098 3153 3239 3221 Quid
3273 3152 3480 3224 igitur?

1888 3259 2070 3299 annon
2103 3244 2461 3309 deciderunt,
2500 3254 2664 3315 atque
2703 3246 2775 3300 ita
2832 3244 3038 3298 inﬁrmi
3084 3257 3151 3300 et
3190 3244 3480 3301 instabiles

1888 3336 2020 3391 facti
2051 3343 2182 3391 sunt
2211 3351 2501 3391 sermones
2539 3336 2671 3391 Dei?

1958 3516 2024 3570 B.-
2046 3516 2114 3569 At
2141 3530 2264 3585 ego,
2300 3514 2506 3583 inquit,
2538 3527 2660 3567 sum
2696 3511 2840 3566 ﬁlius
2877 3507 3078 3577 Israel;
3108 3518 3164 3565 et
3188 3509 3320 3563 mihi
3353 3523 3483 3580 pro-

1888 3608 2185 3664 missiones
2219 3606 2378 3661 factae
2401 3614 2553 3660 sunt.

1958 3703 2025 3757 A.
2077 3699 2333 3765 Minime;
2366 3700 2477 3752 imo
2505 3712 2605 3768 ego
2636 3712 2758 3753 sum
2792 3698 2942 3753 ﬁlius
2967 3695 3161 3753 Israel.
3188 3693 3309 3761 Qua
3335 3692 3482 3748 enim

1889 3808 1950 3848 re
1985 3792 2053 3847 de
2080 3791 2247 3847 Israel
2283 3798 2337 3843 tu
2374 3787 2675 3858 gloriaris?
2715 3788 2863 3858 quod
2899 3785 3003 3841 fuit
3032 3784 3239 3854 capillo
3272 3782 3485 3853 crispo,

1886 3883 1973 3939 vel
1996 3882 2237 3935 maximo
2262 3893 2495 3948 corpore
2513 3892 2627 3948 prae
2644 3878 2791 3944 aliis,
2818 3878 2900 3931 vel
2928 3875 3374 3939 robustissimus,
3400 3871 3487 3927 vel

1888 3974 2152 4033 dissimili
2178 3972 2390 4028 forma?

1960 4067 2023 4122 Β.
2065 4066 2333 4130 Minime;
2370 4064 2473 4119 sed
2515 4062 2646 4132 quia
2687 4071 2806 4117 erat
2848 4060 2974 4130 pius
3012 4060 3068 4113 in
3112 4057 3307 4112 Deum.

1958 4161 2025 4212 Α.
2059 4156 2257 4213 Omnis
2298 4157 2467 4227 igitur
2500 4156 2683 4210 cultor
2730 4153 2844 4217 Dei,
2897 4161 2953 4206 et
3002 4150 3112 4205 Deo
3143 4150 3367 4216 chartis,
3401 4156 3488 4202 est

1888 4249 2060 4306 Israel
2093 4257 2148 4303 et
2184 4248 2333 4302 ﬁlius
2364 4246 2619 4301 Abrahae.
2654 4244 2798 4310 Quid
2821 4243 2990 4312 igitur
3014 4241 3258 4306 miraris,
3286 4240 3356 4302 si,
3387 4239 3484 4308 qui

1889 4341 2062 4397 Deum
2102 4340 2273 4395 Israel
2304 4339 2431 4392 colo
2486 4345 2541 4392 et
2579 4336 2771 4406 diligo,
2819 4335 2948 4389 dico
2994 4350 3082 4388 me
3133 4347 3255 4387 esse
3308 4330 3480 4384 ﬁlium

198 4439 334 4482 στει.
352 4427 529 4480 Ὤσπε
537 4445 568 4498 ρ
586 4428 697 4501 γὰρ
720 4429 776 4483 αἱ
801 4429 1044 4499 εὐλογίαι
1062 4425 1204 4501 ἦσαν
1221 4430 1314 4484 τοῦ
1333 4431 1504 4486 Ἦσαῦ
1519 4431 1614 4486 τοῦ
1633 4450 1779 4504 πρω-

1890 4432 2077 4499 Israel,
2110 4431 2157 4486 si
2192 4429 2440 4485 moribus
2497 4436 2551 4482 et
2581 4427 2684 4481 ﬁde
2713 4424 3137 4481 similitudinem
3161 4422 3283 4491 ejus
3302 4420 3483 4489 οτι)ιὶ-

196 4518 419 4572 τοτόκου
443 4560 458 4585 ,
512 4518 685 4573 ἐλθὼν
731 4521 788 4574 δὲ
853 4520 1073 4589 Ἰακὼϐ,
1134 4525 1229 4577 καὶ
1278 4523 1447 4579 εἰπὼν
1491 4524 1572 4595 τῷ
1618 4525 1779 4596 πατρῖ

1891 4523 2028 4578 mo?
2063 4521 2221 4577 Sicut
2272 4518 2692 4574 benedictiones
2739 4515 2887 4570 Esau
2919 4513 3142 4584 quidem
3203 4510 3485 4579 pritnoge-
3588 4541 3595 4547 -

198 4610 391 4664 αὐτοῦ·
443 4631 462 4664 ι
503 4613 646 4682 Ἐγώ
703 4616 822 4683 είμι
867 4615 1083 4681 Ἠσαῦ,
1129 4614 1162 4669 ί
1196 4616 1270 4689 μὴ
1307 4617 1384 4672 ὢν
1440 4616 1649 4684 Ἠσαῦ,
1693 4618 1792 4680 ca;

1893 4613 1995 4667 niti
2032 4620 2213 4677 erant,
2246 4611 2346 4665 sed
2374 4624 2500 4663 cum
2520 4609 2769 4663 venisset
2792 4606 2964 4661 Iacob
2991 4613 3049 4660 et
3075 4603 3309 4658 dixisset
3339 4601 3483 4671 patri

199 4700 451 4768 εὐλογίας
493 4702 705 4767 ἔλαϐεν,
751 4705 848 4758 καὶ
875 4706 936 4759 ού
987 4706 1319 4779 μετετρεψεν
1374 4708 1547 4772 αύτάς
1592 4708 1779 4763 Ἰακὼε

1894 4716 2017 4766 suo,
2055 4718 2075 4752 ι
2110 4697 2223 4769 Ego
2249 4713 2370 4752 sum
2407 4696 2547 4750 Esau
2581 4707 2629 4759 ιι,
2681 4714 2699 4746 ι
2737 4710 2861 4750 cum
2904 4708 3014 4747 non
3051 4699 3224 4754 esset,
3257 4689 3486 4745 benedi-

201 4788 319 4841 οὐδὲ
361 4790 502 4858 μετὰ
521 4790 584 4843 τὸ
634 4791 830 4861 νοῆσαι
884 4794 984 4863 τὴν
1021 4795 1240 4865 ἀπάτην
1267 4811 1283 4827 ⁸
1312 4794 1457 4849 οὕτω
1501 4795 1657 4864 κάγώ
1713 4813 1779 4848 σοι

1895 4795 2109 4850 ctioues
2130 4793 2274 4855 tulit,
2307 4798 2487 4845 etnon
2514 4788 2682 4859 389
2714 4786 2949 4842 mutavit
2978 4800 3071 4840 eas
3102 4785 3281 4847 Isaac,
3310 4794 3486 4850 neque

201 4877 467 4950 λαμϐάνω
506 4883 607 4946 τὰς
625 4885 966 4954 ἐπαγγελίας
1006 4886 1206 4956 λέγων,
1240 4888 1356 4953 υίὸς
1395 4890 1668 4960 ὑπάρχειν
1693 4888 1789 4943 τοῦ

217 4970 455 5045 Ἰσραήλ.
497 5016 513 5029 .

1901 4884 2198 4959 postquam
2229 4887 2459 4958 agnovit
2489 4885 2766 4940 fallaciam
2791 4901 2802 4935 :
2829 4883 2911 4938 sic
2938 4896 3041 4951 ego
3073 4878 3486 4934 benedictiones

1904 4994 2031 5036 tuas
2065 4981 2297 5051 accipio,
2324 4994 2451 5034 cum
2486 4994 2574 5032 me
2611 4977 2736 5033 dico
2764 4989 2887 5031 esse
2917 4974 3085 5028 ﬁlium
3120 4971 3307 5026 Israel.

1692 5096 1697 5101 ·
1799 5072 1890 5127 XI.

213 5158 513 5229 Θεοδώρου
573 5163 683 5217 τοῦ
738 5162 1089 5231 Ἀϐουκαρᾶ,
1140 5163 1290 5233 πρὸς
1357 5166 1786 5234 Νεστοριανόν.

1903 5164 2168 5221 Theodori
2224 5164 2490 5216 Abucaraz
2545 5158 3005 5229 Dialogtucontra
3073 5152 3482 5208 Nertoriauum.

1444 5260 1460 5323 (
1471 5260 1736 5313 Francisco
1760 5260 2003 5313 Turriano
2039 5259 2363 5322 interprete.)

445 5345 487 5394 Α
529 5344 561 5394 ό
601 5342 978 5411 Ὀρθόδοξος,
1015 5345 1510 5412 ΒΝεστοριανός.

283 5432 348 5485 Α.
384 5434 479 5496 Τίς
513 5430 705 5487 εἶπενο
746 5454 764 5485 ι
823 5435 1013 5505 Ἐδόοη
1048 5453 1138 5507 μοι
1172 5438 1323 5490 πᾶσα
1357 5435 1578 5500 ἐξουσία
1613 5439 1672 5490 ὲν
1706 5439 1796 5491 ού-

295 5571 324 5603 °
352 5569 490 5626 Gen.
520 5588 689 5636 xxvii,
718 5571 805 5627 29.
890 5573 1075 5628 PGen.
1104 5590 1303 5641 xxxiii,
1334 5575 1389 5628 3.
1460 5584 1486 5622 (ι
1518 5571 1682 5628 Num.
1720 5590 1779 5628 xx

1890 5572 1972 5640 li;
2007 5573 2165 5630 Deut.
2195 5588 2254 5638 II,
2278 5570 2475 5626 27—29.

224 5653 394 5705 xxx“,
425 5643 515 5696 ‘28.
629 5651 654 5679 ιι
689 5643 827 5696 Gen.
853 5659 1032 5707 xxvu,
1066 5645 1149 5699 l9.

192 5869 202 5881 ν
259 5802 297 5830 ’λ’
329 5804 459 5860 Cod.
499 5806 693 5859 Bavur.
731 5805 980 5861 mutilus.

2219 5343 2280 5397 Α.
2317 5340 2650 5397 Catholicus.
2700 5336 2765 5392 Β.
2805 5335 3178 5390 Nestorianus.

1968 5437 2034 5494 A.
2071 5436 2207 5503 Quis
2239 5434 2415 5489 dixit:
2452 5450 2472 5483 ι
2510 5430 2646 5485 Data
2700 5437 2785 5486 est
2819 5428 2951 5482 milii
3010 5427 3188 5481 omnis
3242 5429 3485 5493 potestas

2560 5576 2576 5597 τ
2599 5566 2910 5631 ibid.25,50.
2931 5566 2949 5590 δ
2980 5561 3257 5632 Deut.tt,:‘i.
3291 5558 3309 5597 ‘
3338 5557 3475 5613 Gen.

1440 5715 1445 5718 ’
1504 5734 1735 5789 nam:
1770 5734 2173 5791 LECTIONES.
