4000 6448
498 408 637 473 1535

1691 387 2086 450 THEODORI‘
2114 380 2483 443 ABUCARrE

3620 369 3751 435 1536

497 522 551 575 in
603 517 741 572 corio
796 523 850 570 et
893 515 949 567 in
1000 518 1146 565 terra
1174 508 1249 562 *ἲ
1277 525 1294 558 ι
1329 506 1503 562 Filius
1551 501 1815 573 Virginis,
1860 499 1915 555 id
1960 505 2064 563 est,

2185 493 2321 566 ρανῷ
2351 491 2446 546 καὶ
2468 489 2560 545 ἐπὶ
2589 491 2693 560 γῆς
2718 507 2733 555 ;
2772 506 2790 540 ι
2821 490 2850 543 6
2889 489 3005 553 υίὸς
3040 488 3139 560 τῆς
3170 486 3457 560 Παρθένου
3485 527 3503 555 ,
3536 487 3748 557 ἡγουνὰ

494 614 682 675 heluo,
715 625 783 664 an
813 606 983 661 Filius
1004 603 1141 659 Dei?

564 704 627 757 Β.
666 701 862 756 Homo.

560 795 626 871 Α.
660 793 831 861 Igitur
867 803 992 844 cum
1013 787 1141 843 data
1173 786 1243 842 sit
1268 783 1448 841 omnis
1471 788 1712 853 potestas
1737 777 2067 839 caelestium,

492 895 547 942 et
602 869 849 939 Omnium
889 896 1009 951 quae
1043 880 1098 934 in
1118 877 1281 933 terris
1310 883 1460 943 sunt,
1486 874 1614 929 huic
1644 872 1877 934 homini,
1906 869 2068 933 male,

492 985 547 1034 et
570 982 769 1047 praeter
795 973 1132 1027 voluntatem
1168 970 1265 1025 Dei
1294 968 1525 1035 faciunt,
1562 965 1653 1035 qui
1684 961 1851 1018 Deum
1888 965 2067 1024 orant,

493 1076 589 1123 aut
610 1065 678 1120 ab
714 1079 780 1120 eo
812 1061 1016 1133 aliquid
1041 1059 1407 1130 quodcunque
1432 1053 1526 1119 sit,
1552 1060 1769 1125 petunt,
1803 1048 2070 1119 siquidem

491 1155 677 1211 omnia
708 1161 837 1209 sunt
860 1151 1027 1218 hujus
1061 1148 1323 1203 hominis.
1352 1146 1419 1200 Et
1452 1155 1792 1216 quaecunque
1824 1146 2073 1209 petemus

491 1248 578 1305 vel
598 1246 751 1317 regni
776 1244 999 1307 terreni,
1025 1242 1113 1297 vel
1137 1238 1381 1296 caelestis
1401 1277 1418 1304 ,
1446 1233 1629 1292 omnia
1674 1232 1789 1287 haec
1816 1239 1943 1285 sunt
1971 1228 2071 1282 ho-

491 1340 679 1395 minis.
724 1336 826 1393 Vel
884 1336 1051 1407 igitur
1106 1339 1340 1403 peccant
1389 1329 1485 1400 qui
1539 1342 1569 1381 a
1612 1325 1721 1380 Deo
1749 1322 2069 1393 postulant;

492 1432 584 1487 hic
609 1430 756 1486 enim
794 1428 956 1483 habet
979 1432 1330 1496 potestatem,
1354 1427 1410 1476 et
1436 1420 1557 1475 sine
1587 1415 1909 1488 paenitentia
1940 1418 2073 1467 sunt

493 1524 640 1578 dona
668 1520 801 1587 Dei;
826 1520 936 1583 vel,
966 1519 1013 1574 si
1048 1523 1271 1589 oportet
1298 1512 1559 1568 adhibere
1592 1509 1703 1564 Deo
1738 1521 1947 1578 preces,
1978 1503 2072 1558 de-

493 1624 689 1685 ceptus
745 1622 830 1669 est
884 1611 997 1677 hic,
1056 1618 1110 1665 et
1170 1611 1489 1678 arroganter
1529 1609 1587 1658 et
1627 1602 1838 1656 frustra
1889 1596 2070 1652 dicit:

498 1726 521 1759 ι
558 1705 693 1760 Data
748 1712 833 1760 est
891 1702 1028 1757 mihi
1092 1698 1273 1755 omnis
1332 1702 1577 1767 potestas
1624 1692 1680 1746 in
1725 1688 1867 1746 coelo
1921 1693 1977 1742 et
2015 1686 2072 1740 in

496 1805 663 1861 terra,
712 1813 731 1846 ι
762 1807 887 1848 cum
927 1791 1069 1846 alius
1096 1788 1363 1860 gubernet
1387 1791 1443 1841 et
1475 1780 1814 1839 dominetur.

2172 586 2485 654 ἄνθρωπος,
2523 581 2557 653 ἢ
2587 582 2616 633 6
2634 581 2762 644 Υἱὸς
2790 580 2926 633 Θεοῦ
2949 596 2965 647 ;

2242 678 2304 731 Β.
2343 677 2401 729 '0
2423 674 2519 729 ἄνθ
2529 690 2731 743 ρωπος.

2241 769 2305 820 Α.
2340 765 2551 819 Οὐκοῦν
2589 764 2772 834 πάσης
2817 762 3071 828 ἐξουσίας
3119 762 3232 816 τῶν
3265 761 3617 832 ἐπουρανίων
3665 762 3762 813 καὶ

2169 858 2282 912 τῶν
2304 858 2564 925 ἐπιγείων
2592 855 2886 926 δεδομένης
2912 855 2991 925 τῷ
3008 855 3282 927 ἀνθρώπῳ
3308 854 3512 924 τούτῳ,
3548 852 3762 915 κακῶς.

2172 948 2269 1003 καὶ
2302 950 2454 1020 παρά
2486 946 2548 1000 τὸ
2576 946 2824 1017 βούλημα
2853 946 2947 999 τοῦ
2980 946 3116 1000 Θεοῦ
3147 944 3397 1000 ποιοῦσιν
3440 946 3494 998 ot
3522 959 3765 1014 προσευ-

2172 1040 2390 1110 χόμενοι
2421 1037 2503 1108 τῷ
2541 1036 2683 1106 Θεῷ,
2727 1037 2760 1107 ἢ
2794 1036 3074 1099 αἱτοῦντές
3103 1053 3156 1089 τι
3191 1038 3320 1106 παρ’
3350 1034 3522 1088 αὑτοῦ
3552 1034 3608 1087 τί
3642 1030 3767 1085 ποτ’

2171 1127 2283 1187 οὖν’
2317 1131 2494 1184 πάντα
2519 1127 2629 1198 γὰρ
2652 1126 2749 1180 τοῦ
2783 1125 3071 1197 ἀνθρώπου
3100 1124 3291 1179 τούτου
3327 1125 3486 1179 εἰσιν.
3522 1123 3636 1176 Καὶ
3664 1122 3768 1175 ὅσα

2170 1223 2236 1277 ἂν
2273 1218 2649 1291 αἰτησῶμεθα,
2678 1217 2711 1287 ἢ
2743 1218 2989 1286 ἐπιγείου
3017 1216 3323 1288 βασιλείας,
3355 1216 3388 1285 ἢ
3418 1214 3766 1284 ἐπουρανίου

2171 1313 2310 1377 ἐστὶ,
2338 1310 2513 1365 ταῦτα
2542 1309 2601 1364 δὲ
2644 1309 2825 1363 πάντα
2869 1307 2967 1362 τοῦ
3010 1305 3302 1378 ἀνθρώπου
3345 1306 3508 1360 εἰσίν.
3547 1305 3622 1357 Ἦ
3670 1300 3768 1357 οὖν

2171 1404 2584 1474 ἁμαρτάνουσιν
2607 1402 2654 1454 οἱ
2694 1399 2849 1472 παρά
2880 1399 2976 1453 τοῦ
2996 1399 3132 1453 Θεοῦ
3167 1416 3221 1453 τι
3269 1398 3552 1460 αἰτοῦντες
3584 1391 3768 1466 (οὗτος

2171 1494 2282 1564 γὰρ
2315 1492 2428 1564 ἔχει
2467 1491 2567 1574 τὴν
2600 1491 2874 1559 ἐξουσίαν,
2910 1490 3005 1544 καὶ
3042 1490 3435 1560 ἀμεταμέλητα
3474 1487 3576 1541 τοῦ
3627 1487 3770 1540 Θεοῦ

2169 1586 2241 1639 τά
2262 1583 2625 1657 χαρίσματα),
2665 1584 2699 1651 ἢ
2726 1582 2885 1654 εῐπερ
2903 1584 2985 1636 δεῖ
3015 1583 3092 1652 τῷ
3129 1582 3249 1653 Θεῷ
3277 1582 3345 1635 δι’
3385 1582 3556 1651 εὐχῆς
3580 1597 3772 1651 προσ-

2175 1676 2335 1740 ιέναι,
2364 1678 2618 1748 ἠπάτησε
2650 1676 2696 1709 ⁸³
2724 1668 2880 1740 οὗτος
2905 1676 3002 1729 καὶ
3034 1674 3424 1739 ἁλαζονεύεται
3457 1674 3650 1745 μάτην
3679 1672 3773 1725 λέο

2170 1783 2286 1836 γων
2305 1805 2323 1833 ,
2352 1784 2372 1818 ι
2430 1765 2618 1837 Ἐδόθη
2657 1783 2748 1836 μοι
2780 1767 2932 1819 πᾶσα
2969 1764 3209 1831 ἐξουσία,
3240 1784 3261 1818 ι
3297 1766 3461 1821 ἄλλου
3492 1762 3775 1818 διοικοῦν-

2174 1853 2267 1923 τος
2295 1858 2392 1914 καὶ
2437 1858 2808 1930 κυριεύοντος,
2830 1856 2976 1928 ἅπερ
3004 1852 3161 1911 εἷπεν
3189 1857 3356 1922 αὐτὸς
3382 1858 3554 1927 ἔχειν.

2040 1972 2049 1979 ’
2066 1973 2185 2031 XII.

741 2073 1103 2145 Interrogatio
1147 2079 1335 2129 contra
1402 2069 1813 2126 Nestorianum.

2516 2064 2830 2133 Ἐρώτησις
2857 2064 3008 2134 πρὸς
3029 2064 3459 2133 Νεστοριανόν.

1802 2181 2066 2248 (Turriano
2097 2145 2425 2244 interprete.)

562 2279 632 2335 Α.
669 2278 807 2345 Quis
830 2287 1082 2335 nostrum
1122 2276 1364 2333 debitum
1392 2274 1554 2333 solvit
1587 2272 1831 2329 moriens
1863 2288 1963 2343 pro
1984 2288 2075 2328 no-

2263 2290 2327 2343 A.
2355 2287 2453 2353 Τίς
2488 2287 2551 2342 τὸ
2586 2287 2711 2343 καθ’
2736 2287 2894 2360 ἡμῶν
2924 2287 3289 2359 χειρόγραφον
3316 2283 3477 2357 χρέος
3508 2283 3781 2338 ἀπέτισεν

499 2376 605 2439 his,
647 2388 757 2444 quo
783 2373 971 2429 debito
1001 2373 1181 2429 soluto
1202 2412 1216 2434 ,
1254 2386 1357 2427 nos
1379 2385 1408 2423 a
1439 2379 1615 2425 morte
1642 2381 1697 2425 ct
1737 2367 2075 2436 corruption:

2189 2379 2478 2437 ἀποθανὼν
2510 2380 2649 2451 ὑπὲρ
2675 2379 2853 2451 ἡμῶν,
2884 2378 2949 2431 δι’
2966 2372 3045 2449 ἧς
3089 2377 3351 2439 ὲκτίσεως
3374 2374 3470 2428 τοῦ
3511 2373 3780 2438 θανάτου,

501 2468 711 2538 peccati
756 2466 971 2522 liberati
1018 2464 1252 2521 sumus?
1284 2462 1426 2519 Deus
1462 2459 1749 2517 Verbum?
1781 2475 1854 2515 an
1883 2459 2075 2515 homol

2185 2476 2288 2529 καῖ
2304 2474 2406 2545 τῆς
2441 2472 2674 2544 φθορᾶς,
2719 2471 2815 2525 καὶ
2846 2469 2947 2539 τῆς
2970 2467 3250 2540 ἁμαρτίας
3276 2465 3693 2537 ἠλευθέρωσεν,
3748 2465 3779 2517 6

567 2646 632 2701 Β.
663 2645 859 2702 Homo.

567 2738 635 2793 Δ.
663 2738 804 2794 Huic
870 2739 1039 2809 igitur
1095 2753 1260 2808 agere
1311 2739 1518 2810 gratias
1549 2754 1648 2809 pro
1682 2740 1858 2795 salute
1888 2747 2079 2795 nostra

499 2828 787 2895 debemus,
820 2830 1091 2901 siquidem
1125 2833 1244 2900 ipse
1274 2839 1358 2887 cst
1388 2839 1584 2886 auctor
1622 2831 1872 2887 beneﬁcii
1914 2831 2081 2900 hujus

499 2935 628 2989 erga
687 2936 859 2992 genus
899 2908 1219 2976 humanum.
1257 2921 1519 2978 Videmus
1555 2923 1700 2979 enim
1744 2923 1915 2992 quod,
1950 2924 2078 2979 dum

500 3012 742 3067 debitum
800 3014 946 3083 quod
1002 3013 1112 3069 Deo
1164 3013 1500 3071 debebamus
1555 3024 1674 3075 erat
1728 3024 1921 3071 contra
1955 3033 2078 3085 nos,

502 3104 855 3157 interimebat
881 3119 983 3160 nos
1014 3114 1067 3158 et
1108 3105 1413 3173 perdebat;
1472 3114 1763 3177 postquam
1806 3124 1935 3164 vero
1965 3109 2072 3164 hoc

500 3188 685 3243 debito
722 3189 935 3245 liberati
970 3205 1184 3258 sumus,
1241 3192 1378 3247 salvi
1420 3190 1554 3249 facti
1592 3208 1805 3263 sumus,
1845 3204 1901 3252 et
1928 3198 2076 3253 revi-

501 3295 705 3338 mnus.

2068 3403 2212 3466 XIII.

1030 3495 1157 3551 Alia
1188 3496 1552 3570 interrogatio.

2179 2567 2313 2631 Θεὸς
2345 2565 2593 2636 Λόγος,ἢ
2630 2566 2659 2617 6
2695 2562 3021 2634 ἄνθρωποςὶ

2250 2659 2312 2713 Β.
2355 2659 2414 2710 '0
2443 2655 2540 2710 ἄνθ
2551 2671 2755 2727 ρωπος.

2246 2753 2307 2807 Α.
2338 2750 2527 2821 Τούτῳ
2550 2749 2648 2803 καὶ
2674 2746 2775 2819 τὴν
2802 2743 3155 2817 εὐχαριστίαν
3168 2742 3269 2813 τῆς
3295 2737 3454 2811 ἡμῶν
3486 2735 3780 2808 σωτηρίας

2177 2843 2514 2916 προσφέρειν
2540 2840 2851 2911 ὀφείλομεν,
2876 2836 3067 2908 ἐπειδὴ
3105 2833 3269 2897 αὐτός
3303 2834 3453 2886 ἐστιν
3482 2832 3513 2884 6
3543 2828 3779 2901 εὐεργέ-

2176 2952 2278 3006 της
2307 2933 2403 2987 τοῦ
2430 2933 2625 3002 γένους
2656 2931 2833 3003 ἡμῶν.
2882 2928 3133 3000 Ὀρῶμεν
3183 2924 3297 2996 γὰρ
3335 2923 3413 2986 ὡς
3452 2921 3629 2994 ἡνίκα
3679 2916 3777 2972 τοῦ

2177 3026 2315 3080 Θεοῦ
2338 3025 2401 3079 τὸ
2428 3024 2589 3096 χρέος
2611 3020 2678 3094 ἦν
2702 3023 2822 3077 καθ’
2850 3023 2882 3093 ἡ
2891 3021 3008 3090 μῶν
3029 3019 3250 3087 ἔπνιγεν
3268 3018 3439 3087 ἡμᾶς,
3457 3014 3557 3068 καὶ
3579 3011 3778 3068 ἀπώλ-

2177 3115 2325 3171 λυεν.
2350 3115 2480 3169 Ὅτε
2505 3114 2563 3169 δὲ
2591 3112 2786 3167 τούτου
2827 3110 3104 3181 ἐλεύθεροι
3125 3107 3457 3179 γεγόναμεν,
3484 3101 3781 3174 σεσώσμε-

2181 3207 2273 3275 θα,
2312 3207 2406 3262 καὶ
2440 3205 2809 3277 ἀνεζήσαμεν.

2719 3501 2911 3570 Ἄλλη
2935 3500 3242 3571 ἐρώτησις.

1862 3612 2125 3675 (Turrlano
2169 3613 2501 3679 interprete.)

571 3700 637 3752 Α.
663 3697 913 3763 Quatuor
935 3706 1067 3754 sunt
1127 3699 1354 3755 Christi.
1397 3698 1562 3754 Verbi
1603 3700 1801 3769 gratia,
1828 3708 1985 3756 ortus
2015 3717 2075 3756 ex

2255 3702 2320 3757 Α.
2357 3702 2617 3773 Τέσσαρά
2644 3704 2783 3755 εἰσιν
2809 3701 2879 3755 τὰ
2907 3700 3000 3754 τοῦ
3034 3696 3297 3771 Χριστοῦ.
3326 3696 3464 3768 Φέρε
3490 3695 3699 3749 είπεῖν·
3738 3696 3774 3765 ἡ

504 3789 754 3860 Virgine,
819 3792 1099 3847 naturales
1134 3801 1189 3846 et
1234 3791 1395 3861 culpa
1438 3798 1699 3846 vacantes
1752 3790 2078 3861 passiones,

502 3898 639 3937 crux
671 3890 725 3937 et
750 3882 1035 3951 passiones
1069 3884 1281 3948 crucis,
1308 3890 1363 3936 ct
1390 3896 1561 3937 mors.
1596 3880 1722 3936 Haec
1746 3881 1911 3952 39o
1937 3896 2078 3951 qua-

505 3982 633 4028 tuor
661 3974 882 4043 propria
943 3974 1172 4037 Christi,
1209 3974 1565 4029 transtulitne
1600 3974 1656 4027 in
1688 3974 1952 4042 scipsum,
1981 3981 2078 4027 aut

504 4063 709 4133 aliquid
741 4079 805 4119 ex
826 4055 967 4133 ipsis
1001 4050 1145 4119 Deus
1185 4063 1468 4119 Verbum?
1509 4079 1578 4118 an
1602 4064 1738 4118 nihil
1766 4078 1959 4120 eorum
1989 4079 2077 4120 as-

504 4154 755 4223 sumpsit,
797 4158 1055 4225 suscepit,
1098 4164 1153 4211 et
1178 4172 1275 4211 sua
1300 4155 1463 4211 fecit?

575 4333 637 4388 Β.
670 4334 859 4388 Omnia
888 4335 1137 4404 profecto
1166 4334 1431 4405 suscepit,
1465 4350 1572 4389 non
1598 4333 1943 4398 naturaliter,
1983 4332 2077 4388 sed

507 4427 863 4481 mconomice.

574 4519 639 4572 A.
678 4518 831 4582 Esto,
876 4534 987 4573 non
1043 4520 1390 4582 naturaliter,
1430 4519 1525 4573 sed
1559 4518 1933 4583 oeconomice;
1981 4517 2077 4572 sed

508 4624 694 4678 quam)
716 4620 899 4663 utrum
924 4626 1153 4674 vere,an
1187 4611 1347 4675 falso,
1375 4626 1444 4664 an
1480 4610 1749 4664 fallaciter
1774 4610 1798 4663 ?

578 4700 638 4754 Β.
665 4699 904 4766 Minime,
934 4705 1046 4759 imo
1072 4720 1219 4760 vere.

508 4786 519 4792 ’
580 4794 645 4843 Δ.
687 4791 857 4860 Igitur
913 4793 1151 4848 dicimus
1211 4793 1358 4863 quod
1396 4794 1543 4849 Deus
1585 4793 1825 4850 Verbum
1853 4811 1983 4851 vere
2012 4812 2080 4851 ex

2184 3793 2439 3865 γέννησις
2492 3796 2522 3863 ἡ
2553 3796 2619 3847 ὲκ
2660 3792 2943 3863 γυναικὸς,
2981 3792 3050 3846 τά
3081 3792 3292 3862 φυσικά
3335 3789 3431 3843 καὶ
3460 3787 3776 3858 ἀδιάϐλητα

2185 3885 2356 3956 πάθη·
2382 3888 2410 3939 6
2456 3884 2689 3956 σταυρὸς
2712 3886 2809 3939 καὶ
2846 3884 2915 3937 τὰ
2940 3883 3063 3938 κατ’
3098 3882 3266 3937 αὐτὸν
3309 3879 3482 3951 πάθη·
3532 3881 3564 3934 6
3597 3879 3775 3934 θάνα-

2180 3995 2294 4041 τος.
2338 3976 2524 4031 Ταῦτα
2549 3976 2619 4029 τά
2646 3977 2913 4047 τέσσαρα,
2958 3974 3027 4028 τὰ
3066 3973 3160 4028 τοῦ
3186 3972 3428 4044 Χριστοῦ
3464 3971 3595 4036 ῐδια,
3633 3987 3773 4040 μετ-

2181 4067 2377 4139 έθηκεν
2403 4066 2563 4131 αύτά,
2600 4066 2633 4136 ἦ
2666 4083 2718 4119 τι
2755 4063 2819 4129 ἐξ
2862 4064 3041 4117 αὐτῶν
3068 4065 3097 4117 6
3125 4062 3260 4125 Θεὸς
3294 4061 3468 4129 Λόγος
3508 4060 3597 4130 ἐφ’
3634 4063 3771 4114 ἑαυι

2178 4159 2289 4225 τὸν,
2318 4158 2535 4229 ἢούδὲν
2563 4157 2746 4212 αὐτῶν
2772 4156 3056 4223 ἀνέλαϐεν,
3087 4155 3183 4209 καὶ
3216 4154 3527 4221 ἀνεδέξατο,
3560 4153 3662 4206 καὶ
3690 4154 3772 4206 oi-

2178 4268 2483 4393 “gauli,
2506 4338 2706 4404 πάντα,
2753 4338 2816 4390 ού
2872 4335 3139 4406 φυσικῶς,
3171 4335 3307 4391 ἀλλά
3335 4335 3525 4407 τρόπῳ
3554 4336 3773 4389 οἰκονο-

2180 4434 2331 4503 μίας.
2608 4498 2618 4509 ⁸

2246 4526 2312 4578 Α.
2343 4525 2454 4578 Καὶ
2487 4525 2627 4578 ἔστω
2658 4523 2903 4591 φυσικῶς
2925 4523 2992 4588 ⁸³,
3050 4522 3186 4575 ἀλλά
3220 4522 3313 4575 καὶ
3352 4521 3766 4590 οἰκονομικῶς·

2177 4616 2320 4685 πλὴν
2365 4616 2674 4686 ἀληθείᾳ,ἢ
2705 4615 2866 4685 μόνον
2898 4613 3173 4684 φαντασίᾳ
3235 4613 3331 4667 καὶ
3361 4613 3584 4684 ἀπάτῃ;

2249 4708 2309 4760 B.
2346 4707 2502 4778 Οὐχὶ,
2535 4707 2653 4760 ἀλλ’
2671 4706 2908 4776 ἀληθῶς.

2248 4799 2312 4853 Α.
2345 4798 2557 4854 Οὐκοῦν
2586 4799 2847 4870 λέγομεν,
2888 4799 2973 4851 ὅτι
3016 4800 3045 4851 6
3088 4796 3225 4860 Θεὸς
3278 4795 3450 4863 Λόγος
3496 4796 3767 4865 ἐγεννήθη

511 4881 735 4950 Virgine
758 4882 978 4952 genitus
1005 4893 1111 4949 cst,
1171 4885 1425 4952 esurivit,
1476 4886 1667 4949 sitivit,
1698 4884 2075 4955 naturalesque

2186 4889 2404 4959 ἀληθῶς
2451 4893 2516 4944 ὲκ
2553 4890 2835 4958 γυναικὸς,
2873 4891 2969 4943 καὶ
3011 4890 3323 4960 ὲπείνησεν,
3364 4888 3459 4942 καὶ
3482 4887 3765 4958 ὲδέψησεν,

512 4974 795 5043 passiones
818 4974 1027 5039 bal-uit,
1054 4985 1108 5030 et
1138 4977 1456 5042 cruciﬁxus,
1487 4986 1539 5031 ct
1572 4986 1821 5034 mortuus
1849 4987 1955 5033 est.
1987 4978 2083 5033 His

2182 4983 2275 5035 mi.
2307 4981 2377 5034 τὰ
2426 4983 2630 5049 φυσικά
2680 4982 2843 5051 ἔσχεν
2898 4981 3070 5051 πάθη,
3110 4981 3205 5033 καὶ
3266 4979 3612 5050 ἐσταυρώθη.
3674 4981 3766 5033 καὶ

512 5066 896 5133 conturbatus,
926 5076 981 5122 et
1006 5076 1183 5122 tortus
1213 5068 1525 5132 haereticus,
1548 5071 1822 5126 clamavit.
1861 5070 2075 5124 Dicebat

2185 5074 2476 5129 ἀπέθανεν.
2524 5074 2650 5127 Ἐπὶ
2669 5074 2884 5136 τούτοις
2907 5074 2962 5127 δὲ
2991 5072 3223 5145 θορυὸού
3233 5089 3396 5141 μενος
3440 5072 3537 5125 καὶ
3563 5072 3763 5139 φοϐούο

512 5165 693 5214 autem
732 5160 845 5215 lucc
899 5168 953 5215 ct
991 5162 1221 5217 docebat
1257 5162 1561 5227 Abucaras,
1615 5162 1962 5233 distinguens
1996 5164 2086 5217 διὰ

2186 5182 2348 5235 μενος
2381 5168 2410 5219 6
2437 5165 2713 5237 αἱρετικὸς
2740 5164 3064 5235 ἀνέκραξεν.
3100 5163 3328 5230 Ἔλεγεν
3355 5162 3415 5215 δὲ
3448 5158 3622 5216 ταῦτα
3672 5162 3765 5215 καὶ

511 5249 777 5321 ψηφίδων,
840 5251 891 5305 id
953 5260 1059 5317 est,
1107 5254 1318 5309 minute
1356 5263 1413 5309 et
1457 5254 1753 5321 subtiliter,
1791 5256 1957 5309 veluti
2016 5256 2075 5311 ad

2185 5255 2537 5325 ὲδογμάτιζεν
2582 5255 2994 5326 ὁἈόουκαρᾶς,
3028 5253 3118 5307 διὰ
3150 5253 3347 5323 ψήφων
3388 5246 3434 5277 ’⁵⁸
3463 5252 3763 5321 ἀφορίζων.

511 5342 782 5397 calculum
802 5347 983 5399 omnia
1010 5360 1295 5411 revocans,
1316 5347 1599 5415 explicans
1617 5362 1704 5403 res
1724 5354 1779 5402 et
1800 5361 2083 5416 personas:

616 5509 640 5534 ν
659 5498 848 5557 Matth.
879 5517 1061 5563 xxvm,
1084 5500 1169 5555 18.

2181 5348 2278 5402 καὶ
2298 5347 2576 5416 διασαφῶν
2609 5350 2679 5401 τὰ
2703 5348 3029 5419 πράγματα,
3058 5345 3149 5399 καὶ
3167 5344 3236 5397 τὰ
3262 5343 3551 5415 πρόσωπα,
3578 5342 3763 5407 καθὼς

1775 5616 1858 5668 \'.\
1872 5615 1908 5667 li
1921 5615 2006 5669 LE
2056 5614 2344 5670 LECTION
2356 5618 2459 5670 ES.
2522 5642 2537 5653 ο

580 5734 624 5764 δ’
648 5734 940 5804 ἠπάτηται.
1022 5735 1063 5765 ⁸³
1099 5734 1260 5786 Tltt'l'.
1300 5732 1357 5781 οὐ
1391 5728 1654 5798 φυσικῶς.
1734 5727 1775 5759 ⁸³
1808 5726 1966 5781 Tttrt‘.
2011 5728 2075 5779 διά

2185 5729 2390 5796 mirio»).
2418 5728 2475 5781 (ἲ.
2515 5727 2569 5781 Β.
2605 5728 2789 5798 ’ζιὴδων
2827 5730 3044 5784 vitiose.
