4000 6436
264 390 291 456 1
302 395 402 457 337

1669 391 2081 467 OPUSCULA.

3386 403 3519 467 1538

260 508 356 561 καὶ
393 504 474 575 τῷ
516 500 804 573 ’Ᾱγαρηνῷ
852 501 1218 557 ὑποδεικνύων
1270 500 1444 569 ἔλεγε,
1492 501 1571 555 ὅτι
1622 502 1651 554 ὁ
1703 503 1820 566 Θεὸς

1938 504 2084 559 sicut
2146 514 2335 559 contra
2393 505 2675 577 Agarenos
2724 508 3126 566 demonstravit
3183 512 3329 581 quod
3374 513 3519 573 Deus

291 601 388 652 ’ἱὸν
411 601 546 652 ἐγει.

291 601 308 616 ⁸
476 615 501 650 ε
534 639 546 652 .

262 602 291 653 1
313 598 472 746 ἱέἶτέἔ
495 617 659 744 τιτάλιν
680 687 933 760 ἠρώτησε
953 687 1044 742 τὸν
1068 687 1429 759 Νεστοριανὸν
1461 688 1491 740 ὁ
1507 687 1836 759 Ὀρθόδοξοςο

1938 596 2166 650 haberet
2215 596 2437 654 Filium.

2007 683 2223 739 Rursus
2284 685 2643 757 interrogavit
2711 687 3099 745 Nestorianttm
3122 741 3128 747 .
3149 691 3469 749 Catholicus
3497 716 3513 751 :

270 786 329 837 Ὀ
345 784 602 855 Χριστὸς,
618 784 737 854 ἦτοι
754 783 784 835 ὁ
805 781 1117 853 ἄνθρωπος,
1132 782 1190 833 ἐν
1209 783 1276 852 τῇ
1296 780 1477 851 κοιλίᾳ
1490 780 1590 849 τῆς
1613 780 1820 851 Μητρὸς

1938 772 2210 838 Christus,
2236 778 2289 830 id
2323 788 2427 841 est,
2453 778 2618 834 homo
2649 779 2703 833 in
2728 789 2918 836 ventre
2951 781 3141 839 Matris
3169 799 3280 839 suze
3309 800 3517 856 Cogno-

256 876 422 930 αὐτοῦ
455 877 723 947 ἐγνώρισε
748 875 844 929 τὸν
876 873 1010 928 Θεὸν
1048 873 1252 942 Λόγον;

328 969 388 1021 Β.
440 968 599 1038 Οὐχί.
654 968 790 1021 Τότε
845 968 895 1020 οἱ
961 966 1211 1027 συνόντες
1256 964 1405 1035 αύτῷ
1455 965 1833 1036 Νεστοριανοὶ,

258 1061 581 1131 βλάσφημον
638 1060 983 1130 ἡγησάμενοι
1029 1056 1092 1110 τὸ
1155 1056 1331 1128 ῥῆμα,
1378 1057 1724 1128 ἐπετίμησαν
1757 1056 1838 1127 τῷ

250 1149 355 1218 τῆς
414 1148 679 1219 αἱρέσεως
730 1146 909 1200 αὐτῶν
968 1142 1399 1213 ὑπερασπίζοντι
1458 1142 1673 1213 ἐξάρχῳ
1705 1145 1828 1197 ἐπι-

252 1239 425 1310 στίχῳ
474 1238 632 1302 τάξιν
681 1236 952 1307 ἐπέχοντι,
985 1235 1081 1289 καὶ
1104 1234 1422 1305 ἀπέστησαν
1455 1234 1549 1287 ἀπ’
1572 1233 1757 1288 αὐτοῦ.

442 1463 671 1526 ’Ἄλλος
709 1459 991 1529 διάλογος
1017 1458 1168 1527 πρὸς
1205 1460 1631 1528 Νεστοριανόν.

1932 867 2011 920 vit
2047 866 2216 921 Deum
2257 867 2531 924 Verbum?

2005 958 2066 1010 Β.
2104 956 2479 1029 Nequaquam.
2538 960 2695 1017 Tunc
2751 962 3086 1032 Nestoriani,
3135 966 3227 1036 qui
3260 967 3511 1031 aderant,

1932 1049 2185 1104 arbitrati
2218 1050 2615 1120 blasphemiam
2643 1068 2786 1116 esse,
2828 1056 2975 1125 quod
3012 1071 3335 1126 responsum
3371 1066 3511 1121 erat,

1937 1140 2408 1210 reprehenderunt
2439 1143 2613 1208 illum,
2650 1145 2743 1215 qui
2778 1146 3031 1202 haeresim
3062 1146 3301 1202 Nestorii
3325 1146 3522 1203 defen-

1939 1232 2138 1299 debat;
2167 1241 2223 1289 et
2248 1234 2622 1291 discesserunt
2653 1231 2723 1293 ab
2756 1253 2841 1293 eo.

1814 1364 1959 1422 XIV.

2336 1459 2597 1532 Dialogus
2632 1478 2752 1515 cum
2784 1461 3133 1522 Nestoriano.

1409 1574 1695 1638 (Francisco
1715 1575 1957 1626 Turriano
1980 1575 2303 1639 interprete.)

321 1689 382 1740 Β.
416 1685 516 1739 Διὰ
545 1685 597 1738 τί
645 1686 939 1739 Θεοτόκον
968 1683 1067 1753 τὴν
1116 1683 1340 1755 Μαρίαν
1379 1683 1699 1755 ὀνομάζετε,
1734 1685 1832 1738 καὶ

247 1778 371 1848 οὐχ),
404 1777 602 1847 μᾶλλον
629 1776 1068 1845 Χριστοτόκον;
1090 1774 1371 1838 ἀπόδειξον
1402 1777 1466 1828 ἐκ
1490 1776 1588 1845 τῆς
1607 1775 1831 1847 Γραφῆς

244 1868 349 1940 τὴν
384 1867 675 1921 Θεοτόκου
708 1867 912 1937 φωνήν.
1472 1880 1483 1885 ‘

318 1960 383 2013 Δ.
429 1956 735 2024 Ἀπόδειξον
761 1956 819 2009 δέ
851 1973 943 2026 μοι
974 1955 1045 2008 ’σὺ
1076 1954 1197 2026 τὴν,
1228 1956 1628 2023 Χριστοτόκος
1660 1994 1674 2009 .

1998 1684 2060 1738 Β.
2093 1682 2276 1750 Quare
2321 1684 2548 1739 Mariam
2618 1686 2908 1739 Tlieotocon
2958 1686 3277 1752 nominatis,
3313 1696 3367 1744 et
3397 1704 3505 1744 non

1930 1777 2112 1846 potius
2166 1775 2582 1832 Christatocon?
2611 1777 2923 1833 demonstra
2980 1795 3047 1834 ex
3092 1781 3391 1851 Scripturis
3417 1796 3508 1837 vo-

1929 1880 2047 1921 cem
2074 1865 2391 1921 Theotocos.

1997 1958 2065 2013 A.
2102 1957 2429 2014 Demonstra
2452 1968 2508 2014 tu
2545 1958 2679 2013 mihi
2702 1973 2889 2015 vocem
2922 1958 3305 2016 Christotocos.

317 2051 378 2104 B.
410 2050 543 2103 Ναίο
583 2049 677 2103 τοῦ
720 2048 831 2119 γὰρ
870 2047 1047 2118 Ἰησοῦ
1080 2047 1319 2118 Χριστοῦ
1431 2048 1687 2121 γέννησις
1724 2045 1820 2101 οῦ-

1997 2050 2061 2104 Β.
2085 2047 2279 2105 Nonne
2308 2047 2435 2104 Jesu
2464 2049 2669 2105 Christi
2700 2051 2989 2119 generatio
3019 2050 3100 2105 sic
3133 2052 3290 2106 erat?
3320 2071 3340 2105 ι
3368 2051 3503 2107 Cum

244 2160 358 2207 τως
380 2138 469 2214 ἦν·
507 2160 526 2194 ι
570 2139 1019 2212 Μνηστευθείσης
1041 2140 1149 2210 γὰρ
1172 2140 1272 2210 τῆς
1317 2139 1540 2210 Μητρὸς
1567 2138 1758 2204 αὐτοῦ,
1797 2157 1816 2191 ι

245 2234 345 2289 καὶ
410 2234 479 2287 τὰ
547 2231 694 2304 ἐξῆς.
764 2229 977 2285 Οὐκοῦν
1043 2232 1077 2301 η
1138 2229 1230 2283 τὸν
1308 2229 1520 2302 Ἰησοῦν
1590 2230 1826 2301 Χριστὸν

243 2322 589 2397 γεννήσασα,
650 2323 833 2394 δῆλον,
900 2323 984 2377 ὅτι
1050 2324 1452 2391 Χριστοτόκος
1515 2322 1825 2393 ὀνομασθή-

247 2432 426 2470 σεται.

313 2503 380 2557 Δ.
425 2499 566 2569 Ἐγὼ
593 2499 693 2572 τὴν
725 2500 910 2571 φωνὴν
940 2500 1112 2572 αὐτὴν
1161 2500 1341 2572 ῥητῶς
1382 2500 1688 2573 λεγομένην
1726 2503 1828 2556 άπ-

240 2593 441 2665 ῄτησα,
470 2592 609 2661 ὅπερ
642 2591 738 2644 καὶ
770 2591 834 2644 σὺ
864 2591 985 2662 τὴν,
1037 2591 1346 2657 Θεστάλος,
1376 2590 1507 2661 παρ’
1540 2590 1674 2661 ἐμοῦ
1698 2591 1826 2664 ἐζή-

243 2700 438 2754 τησας.
466 2683 533 2736 Εἰ
578 2681 637 2735 δέ
664 2681 841 2753 τούτῳ
895 2680 974 2752 τῷ
1011 2680 1203 2751 τρόπῳ
1234 2682 1333 2752 τὴν
1360 2681 1638 2748 ἀπόδειξιν
1670 2684 1835 2754 ποιῇ,

243 2773 403 2844 κάγὼ
440 2774 529 2828 διὰ
553 2773 766 2843 μυρίων
797 2774 864 2826 ἐκ
908 2772 1009 2842 τῆς
1053 2772 1279 2841 Γραφῆς
1319 2775 1575 2842 χρήσεων
1605 2773 1825 2826 ἀποδει-

244 2870 425 2921 κνύων
472 2865 606 2919 Θεὸν
649 2865 744 2917 τὸν
796 2862 1052 2933 Χριστὸν,
1087 2864 1572 2933 συναποδείκνυμι,
1600 2866 1683 2917 ὅτι
1732 2867 1825 2918 καὶ

244 2964 279 3031 ἡ
305 2959 465 3015 αὐτὸν
484 2953 745 3021 τεκοῦσα,
770 2956 1060 3020 Θεοτόκος
1079 2954 1284 3024 ὀφείλει
1299 2956 1685 3026 ὁνομάζεσθαν
1708 2955 1825 3020 πῶς

242 3053 353 3121 γὰρ
384 3050 445 3103 οὐ
473 3047 791 3118 Θεοτόκοςή
820 3045 953 3099 Θεὸν
997 3046 1111 3099 υἱὸν
1135 3045 1364 3116 ἕχουσα;
1400 3046 1431 3117 ἦ
1463 3046 1605 3112 είπέ,
1665 3046 1823 3118 εἴπερ

242 3143 471 3214 τολμᾷς,
500 3143 569 3213 τῇ
601 3139 696 3193 τοῦ
726 3138 994 3210 βασιλέως
1029 3139 1219 3210 μητρὶ,
1263 3140 1346 3191 ὅτι
1385 3138 1499 3191 Οὐκ
1528 3136 1824 3206 ἐγέννησας

246 3232 498 3300 βασιλέα,
532 3230 628 3284 καὶ
654 3231 736 3284 ὅτι
755 3229 870 3282 Οὐκ
899 3225 950 3281 εἰ
984 3229 1170 3299 μήτηρ
1196 3228 1292 3281 τοῦ
1323 3227 1607 3297 βασιλέως.
1641 3226 1740 3280 Διά
1767 3227 1821 3280 τί

242 3323 302 3375 δέ
328 3320 668 3390 καλουμένου
699 3317 868 3371 αὐτοῦ
917 3316 1095 3388 Ἰησοῦ
1127 3316 1387 3389 Χριστοῦ,
1412 3318 1473 3370 οὐ
1509 3318 1688 3379 καλεῖς
1723 3316 1822 3386 τὴν

1928 2143 2073 2199 cnim
2104 2143 2435 2213 desponsata
2465 2152 2613 2199 esset
2641 2142 2813 2198 Mater
2881 2142 3005 2213 ejus
3032 2152 3079 2207 τ,
3125 2163 3145 2196 ›
3179 2151 3234 2199 et
3270 2160 3374 2217 qux
3415 2161 3504 2201 se-

1927 2240 2192 2303 quuntur.
2227 2233 2399 2304 Igitur
2433 2248 2555 2302 quaa
2587 2232 2777 2303 genuit
2801 2231 2988 2288 Jesum
3027 2232 3330 2300 Christum,
3370 2250 3505 2290 sane

1926 2324 2284 2391 Christotocos
2320 2324 2716 2380 nominabitur.

1994 2503 2061 2557 Α.
2095 2500 2212 2573 Ego
2269 2501 2413 2557 hanc
2456 2516 2671 2569 vocem,
2724 2516 2986 2571 expresse
3038 2502 3245 2556 dictam
3312 2502 3501 2571 petivi,

1926 2592 2070 2647 sicut
2094 2601 2150 2646 tu
2190 2606 2377 2648 vocem
2406 2590 2716 2646 Theotocos.
2740 2590 2897 2656 Quod
2936 2591 2983 2645 si
3013 2591 3079 2645 ad
3112 2592 3256 2645 hunc
3282 2592 3503 2645 modum
3554 2594 3561 2603 ’

1927 2682 2299 2746 demonstras,
2332 2698 2432 2754 ego
2459 2682 2626 2737 etiam
2655 2696 2782 2736 cum
2827 2682 3054 2736 inﬁnitis
3084 2681 3506 2757 auctoritatibus

1927 2773 2224 2845 Scripturae
2249 2773 2528 2829 Christum
2560 2773 2727 2829 Deum
2745 2787 2869 2831 esse
2886 2773 3077 2843 probo,
3105 2774 3264 2828 simul
3304 2774 3503 2844 probo,

1925 2880 2047 2934 quae
2077 2865 2255 2935 ipsum
2289 2865 2524 2935 peperit,
2558 2863 2756 2919 debere
2791 2864 3085 2918 Theotocon
3130 2865 3423 2928 nominari,
3450 2872 3506 2920 et

1924 2958 2199 3028 quomodo
2233 2971 2342 3011 non
2415 2955 2701 3010 Theatocos
2732 2956 2962 3011 dicenda
2990 2965 3095 3017 est.
3147 2972 3270 3027 quae
3332 2945 3503 3011 Deum

1926 3047 2094 3101 tilium
2130 3047 2343 3103 habet?
2386 3055 2481 3101 aut
2523 3047 2634 3112 die,
2669 3046 2717 3102 si
2743 3046 2933 3111 audes,
2974 3048 3133 3101 matri
3165 3048 3349 3116 regis:
3380 3046 3503 3101 Non

1923 3139 2160 3210 genuisti
2188 3155 2393 3211 regem,
2441 3154 2616 3209 neque
2650 3146 2825 3193 mater
2862 3138 3006 3209 regis
3035 3154 3116 3194 es.
3162 3139 3341 3204 Quare
3375 3154 3500 3193 cum

1924 3240 2154 3286 vocetur
2190 3228 2351 3287 Jesus
2413 3229 2690 3292 Christus,
2733 3244 2843 3283 non
2902 3243 3064 3284 vocas
3114 3228 3339 3285 Matrem
3379 3230 3501 3300 ejus

1922 3321 2227 3388 Jesutocon,
2269 3323 2364 3378 sed
2421 3322 2605 3392 potius
2651 3321 3022 3392 praetermisso
3055 3323 3234 3392 primo
3279 3323 3504 3379 nomine

243 3413 476 3483 Μητέρα
500 3410 667 3465 αὐτοῦ
710 3411 1134 3478 Ἰησουτόκον,
1166 3410 1300 3463 ἀλλὰ
1323 3408 1568 3480 ὑπερϐάς
1598 3409 1692 3462 τοῦ
1725 3408 1819 3478 ’1η-

1938 3413 2051 3470 Iesu
2128 3430 2291 3470 vocas
2319 3413 2478 3484 391
2534 3429 2651 3468 eam
2686 3412 3098 3469 Christotocou?
3136 3412 3293 3479 Quod
3334 3414 3502 3484 igitur

245 3503 340 3557 σοῦ
380 3502 572 3573 ὄνομα,
599 3499 890 3571 ὀνομάζεις
923 3497 1095 3571 αὐτὴν
1114 3499 1552 3568 Χριστοτόκονξ;
1576 3498 1715 3569 ὅπερ
1761 3496 1819 3552 δέ

244 3593 310 3647 σὺ
350 3592 618 3661 ἐποίησας
662 3591 757 3644 ἐπὶ
794 3588 890 3643 τοῦ
920 3589 1119 3657 Ἰησοῦ
1148 3589 1412 3658 ὀνόματος
1442 3584 1818 3657 παραδραμὼν

241 3685 397 3751 αὐτὸ,
450 3683 547 3737 καὶ
599 3682 662 3737 τὸ
707 3680 967 3750 Χριστὸς
1029 3680 1409 3750 ἐκλεξάμενος,
1462 3679 1622 3733 τοῦτο
1660 3666 1833 3747 κάγὸί

240 3774 518 3844 πεποίηκα
563 3769 939 3843 παραδραμὼν
972 3770 1034 3823 τὸ
1082 3769 1338 3839 Χριστός
1386 3769 1575 3841 ὄνομα,
1611 3772 1703 3823 καὶ
1757 3768 1819 3821 τὸ

242 3865 391 3931 Θεὸς
418 3863 781 3934 ἐκλεξάμενος
802 3863 863 3915 τὸ
896 3861 1135 3933 πρῶτον,
1167 3862 1259 3916 καὶ
1294 3863 1505 3933 κύριον,
1549 3865 1641 3916 καὶ
1669 3862 1816 3929 ἐξαί-

242 3964 419 4029 ρετον.
469 3958 566 4011 Ἐκ
602 3957 710 4027 γὰρ
740 3955 835 4009 τοῦ
862 3954 1169 4026 κρείττονος
1204 3955 1424 4027 μέρους,
1470 3956 1571 4009 οὐκ
1599 3958 1663 4009 ἐκ
1718 3955 1813 4010 τοῦ

238 4052 500 4121 χείρονος,
535 4051 591 4103 αἱ
611 4048 976 4120 προσηγορίαι
990 4047 1248 4108 τίθενται,
1285 4049 1381 4102 καὶ
1404 4048 1640 4119 μάλιστα
1665 4048 1816 4117 παρὰ

238 4142 347 4195 τῶν
371 4142 761 4205 ἐπαινούντων,
793 4142 889 4195 καὶ
909 4141 1075 4211 τιμᾷν
1098 4140 1462 4211 βουλομένων.

309 4235 372 4286 Β.
410 4233 552 4287 Ἀλλ’
586 4232 684 4287 ἐὰν
719 4232 861 4286 εῐπω
894 4232 1204 4297 Θεοτόκος,
1238 4232 1489 4302 ἐμφαίνω
1515 4234 1609 4287 τὸν
1639 4235 1814 4289 Πατέ-

239 4342 329 4396 ρα,
380 4325 474 4377 καὶ
493 4323 584 4377 τὸν
603 4323 750 4387 Υἱὸν,
784 4324 879 4377 καὶ
907 4323 967 4375 τὸ
1003 4321 1158 4391 ἅγιον
1188 4322 1414 4392 Πνεῦμα
1442 4323 1503 4390 ἐξ
1526 4325 1695 4395 αὐτῆς
1720 4343 1814 4396 γε·

235 4416 552 4487 γεννῆσοαι.
596 4415 653 4469 '0
698 4415 807 4485 γὰρ
857 4415 1004 4479 Θεὸς
1043 4414 1330 4479 ἀπολύτως
1367 4416 1680 4490 λεγόμενος,
1737 4421 1812 4491 μὴ

237 4508 516 4579 ἐπιφέρων
559 4507 620 4562 τὸ
652 4508 1013 4562 ὑποστατικὸν
1066 4509 1263 4581 ἰδίωμα
1297 4511 1397 4579 τῆς
1450 4513 1811 4582 πατρὸτητος,

234 4602 270 4671 ἧ
328 4599 424 4653 τοῦ
479 4598 823 4670 Πνεύματος,
873 4602 973 4671 τὴν
1033 4602 1195 4669 ἁγίαν
1241 4602 1370 4674 ὃλην
1426 4602 1633 4674 Τριάδα
1683 4607 1814 4678 ἐσή-

237 4710 429 4765 μανεν.

1928 3514 1987 3560 ιιι
2017 3505 2196 3561 fecisti
2225 3505 2280 3560 in
2324 3506 2549 3560 nomine
2600 3504 2781 3570 Jesus,
2811 3519 2934 3559 cum
2968 3506 3246 3574 praeterito
3280 3506 3501 3561 nomine

1918 3597 2071 3661 Jesu,
2109 3612 2308 3651 nomen
2377 3595 2579 3651 Christi
2626 3595 2862 3666 elegisti,
2912 3596 3014 3651 hoc
3045 3611 3146 3666 ego
3181 3598 3343 3661 etiam
3368 3597 3495 3664 feci,

1920 3688 2293 3759 praetermisso
2346 3688 2569 3742 nomine
2598 3685 2865 3753 Christus,
2898 3701 3098 3741 nomen
3151 3686 3295 3742 Deus
3358 3690 3497 3760 elegi

1919 3780 2184 3849 primum,
2213 3788 2267 3832 et
2294 3776 2600 3846 proprium,
2626 3784 2679 3830 et
2700 3776 2994 3831 excellens.
3028 3777 3073 3830 Α
3101 3777 3324 3833 meliore
3352 3779 3496 3833 enim

1919 3877 2094 3939 parte,
2127 3883 2239 3922 non
2273 3884 2301 3920 a
2328 3867 2541 3922 minore
2569 3867 2959 3936 appellationes
2993 3866 3148 3932 (lunt,
3182 3883 3245 3923 ac
3274 3870 3495 3925 nomina

1918 3959 2277 4028 imponuntur
2307 3958 2375 4012 ab
2397 3958 2465 4013 iis
2495 3957 2795 4027 praesertim
2849 3959 2942 4029 qui
2965 3958 3207 4026 laudant,
3230 3967 3284 4015 et
3322 3960 3497 4015 bono-

1915 4064 2042 4105 rare
2072 4049 2282 4105 volunt.

1986 4256 2050 4309 B.
2090 4253 2161 4307 At
2194 4253 2241 4308 si
2308 4251 2433 4306 dico
2490 4249 2807 4314 Theotocon,
2858 4250 3127 4322 significo,
3164 4254 3402 4321 Patrem,
3442 4264 3497 4310 et

1914 4346 2135 4410 Filium,
2164 4353 2219 4400 et
2256 4342 2523 4414 Spiritum
2565 4350 2814 4396 sanctum
2842 4357 2907 4397 ex
2939 4345 3055 4411 ipsa
3103 4345 3318 4414 genitos
3351 4360 3493 4401 esse.

1914 4438 2017 4504 Qui
2050 4436 2196 4491 enim
2232 4433 2488 4490 absolute
2512 4432 2645 4486 dicit
2679 4431 2835 4495 Deus,
2866 4442 2918 4487 et
2948 4449 3052 4487 non
3086 4434 3291 4488 indicat
3328 4436 3497 4507 hypo-

1915 4528 2166 4585 staticam
2201 4525 2593 4596 pr0prietatem
2637 4523 3002 4593 paternitatis,
3044 4534 3140 4578 aut
3193 4525 3493 4589 liliationis.

1915 4627 2010 4672 aut
2038 4617 2281 4687 Spiritus
2307 4615 2507 4682 sancti,
2571 4621 2742 4667 totam
2779 4612 3104 4668 Trinitatem
3141 4615 3491 4685 signiﬁcavit.

307 4809 372 4863 Δ.
406 4807 520 4861 Οὐκ
565 4805 796 4878 εἴρηκας
827 4808 1046 4878 ἀληθὲς,
1082 4809 1219 4863 ἀλλὰ
1253 4810 1617 4880 προφασίζεις
1673 4830 1810 4883 προ-

1989 4819 2052 4872 A.
2109 4816 2485 4886 Nequaquam,
2547 4815 2693 4885 quod
2762 4815 2924 4881 dicis,
2958 4831 3144 4870 verum
3194 4825 3316 4887 est;
3362 4820 3496 4889 quin

239 4900 434 4970 φάσεις
469 4902 525 4953 ἐν
564 4900 883 4971 ἁμαρτίαιςο
912 4902 1032 4953 ἐπεὶ
1064 4901 1337 4969 ἀνάγνωθι
1385 4903 1485 4972 τὴν
1518 4905 1692 4976 ἀρχὴν
1722 4904 1820 4974 τῆς

242 4991 377 5059 πρὸς
420 4989 732 5059 Ῥωμαίους
773 4989 1096 5060 Ἐπιστολῆς
1120 4989 1356 5043 Παύλου.

311 5082 369 5136 Β.
421 5097 442 5131 ι
483 5079 694 5143 Παῦλος
722 5078 908 5143 δοῦλος
955 5079 1127 5149 Ἰησοῦ
1167 5079 1406 5151 Χριστοῦ
1450 5082 1646 5153 κλητὸς
1680 5084 1818 5138 ἁπό-

240 5155 428 5233 στολος
451 5172 838 5243 ἀφωρισμένος
865 5173 944 5235 είς
962 5171 1294 5240 Εύαγγέλιον
1323 5173 1480 5229 Θεοῦ.
1509 5193 1528 5226 ι

308 5264 372 5314 Α.
420 5259 488 5313 Ὑί
546 5266 716 5328 ἐστιν,
771 5255 928 5325 οὗτος
973 5263 1001 5314 ὁ
1055 5262 1210 5328 Θεὸς,
1272 5264 1443 5334 ἡγουν
1498 5267 1655 5328 ποία,
1688 5269 1818 5322 ύπό-

241 5373 461 5422 στασις;

308 5449 373 5502 Β.
414 5448 477 5500 Ἡ
508 5447 680 5518 Τριάς
708 5447 826 5518 ὅλη.
1288 5504 1299 5513 ,

308 5543 370 5594 Α.
427 5539 631 5611 Ὀρθῶς
693 5538 907 5609 ἐψεύσω
963 5540 1103 5594 κατὰ
1155 5540 1253 5611 τῆς
1303 5540 1495 5595 ἐαυτοῦ
1552 5542 1812 5614 κεφαλῆς.

252 5630 550 5698 Ἀνάγνωθι
583 5629 654 5683 τὰ
682 5629 935 5701 ἐχόμενα.

317 5822 543 5877 2Matth.
584 5839 620 5889 ι,
662 5822 750 5876 18.
859 5833 888 5871 1
916 5822 1074 5879 Boni.
1108 5840 1145 5886 I,
1180 5826 1231 5881 1.

1917 4911 2100 4983 potius
2150 4924 2384 4965 excusas
2447 4908 2828 4962 excusationes
2906 4908 2958 4961 in
3028 4910 3293 4978 peccatis.
3355 4911 3499 4985 Lege

1915 5003 2061 5057 enim
2092 5001 2420 5071 principium
2457 4999 2712 5069 Epistolae
2744 4998 2810 5052 ad
2841 4997 3139 5053 Romanos.
3244 5072 3247 5077 Ξ

1986 5092 2049 5146 Β.
2085 5112 2102 5144 ι
2135 5091 2338 5145 Paulus
2398 5106 2590 5145 servus
2633 5088 2763 5144 Jesu
2825 5089 3028 5145 Christi
3077 5100 3396 5161 segregatus
3436 5088 3489 5148 iu

1915 5185 2272 5255 Evangelium
2316 5181 2408 5237 Dei
2440 5189 2493 5234 1.
2534 5200 2552 5232 ι

1985 5278 2050 5329 Α.
2081 5276 2219 5342 Quid
2256 5284 2342 5329 est
2382 5274 2485 5328 iste
2514 5270 2703 5327 Deus?
2734 5279 2787 5325 et
2808 5271 2989 5341 qualis
3023 5285 3254 5342 persona
3281 5273 3304 5326 ’ἒ

1987 5450 2043 5503 Β.
2075 5427 2231 5503 Tota.
2247 5450 2508 5505 Trinitas.

1982 5546 2049 5598 Α.
2096 5544 2261 5599 Recte
2291 5544 2557 5599 mentitus
2587 5558 2648 5599 es
2681 5542 2735 5597 in
2774 5550 2941 5613 caput
3002 5549 3176 5597 tuum.
3203 5540 3344 5614 Lege
3370 5559 3493 5614 qua

1913 5646 2241 5704 sequuntur.
