4000 6466
513 405 644 472 1539
1709 395 2093 456 THEODOR]

2206 395 2507 455 3UCAR1E
3641 390 3786 452 1540

573 515 636 567 Β.
685 532 704 566 ι
737 511 892 579 Quod
919 516 1047 565 ante
1115 507 1447 579 promiserat
1489 519 1583 576 per
1612 505 1913 575 prophetas
1949 521 2083 563 suos
2112 515 2153 569 Α

2254 505 2316 558 Β.
2359 523 2378 556 ‹
2423 504 2488 558 '0
2517 502 2995 575 προεπηγγείλατο
3027 500 3117 553 διὰ
3139 499 3248 553 τῶν
3271 495 3576 568 προφητῶν
3615 500 3789 553 αὑτοῦ

507 608 561 659 in
593 604 897 674 Scripturis
927 601 1135 657 sanctis
1167 600 1233 654 de
1267 597 1404 652 Filio
1428 612 1553 662 suo,
1589 598 1687 666 qui
1719 597 1897 652 factus
1919 605 2003 654 est
2031 599 2082 654 ei

2215 619 2242 655 ν
2264 601 2510 671 Γραφαῖς
2539 599 2725 669 ἁγίαις
2753 599 2882 669 περὶ
2906 597 3002 651 τοῦ
3027 595 3158 650 Υίοῦ
3193 593 3387 661 αὑτοῦ,
3423 592 3520 648 τοῦ
3549 596 3793 664 γενομέ-

505 714 572 754 ex
598 697 805 752 semine
831 694 1001 749 David
1033 692 1338 750 secundum
1369 704 1595 745 carnem
1631 699 1676 743 ε.
1711 708 1729 740 ι

2183 711 2277 748 νου
2310 695 2375 747 ὲκ
2397 695 2714 764 σπέρματος
2746 691 2910 744 Δαυῒδ
2939 689 3082 745 κατὰ
3116 688 3321 760 σάρκα.

573 790 639 842 Α.
675 787 814 852 Quid
863 787 1058 856 igitur?
1108 784 1162 839 Si
1220 784 1477 838 Christus
1509 793 1564 836 et
1606 781 1781 836 Filius
1807 797 1948 836 unus
2002 787 2084 836 est

2255 789 2320 840 Δ.
2351 785 2417 838 Τί
2439 782 2566 851 οὖν;
2606 784 2664 837 '0
2697 784 2935 854 Χριστὸς
2966 783 3232 844 Υἱόςὲστι
3257 782 3357 850 τῆς
3408 779 3579 849 ἁγίας
3613 779 3799 848 Τριά-

505 888 710 934 sanctae
737 878 1044 942 Trinitatis,
1075 893 1185 933 non
1228 877 1382 931 vides
1441 876 1752 948 convictam
1781 890 1906 930 esse
1932 875 2085 928 mali-

2220 893 2310 942 oq;
2339 878 2474 947 ὁρᾷς
2519 876 2614 946 τὴν
2652 877 2752 946 σὴν
2792 875 3132 945 κακουργίαν
3163 873 3576 942 ὲλεγχομένην;
3629 870 3800 921 Ἀνά-

507 970 637 1023 tiam
675 970 861 1022 tuam?
892 968 1245 1046 Lege_etiam
1304 966 1639 1036 principium
1697 965 1763 1018 ad
1804 965 2084 1028 Hebraeos,

2222 969 2358 1023 νωθι
2378 970 2472 1023 καὶ
2504 971 2601 1037 τὴν
2626 969 2764 1039 πρὸς
2781 967 3068 1039 Ἐϐραίους
3092 984 3106 998 ·
3142 967 3238 1020 καὶ
3257 965 3399 1035 αὐτὴ
3429 964 3543 1034 γὰρ
3563 961 3802 1030 ἐλέγχει

485 1060 652 1130 .quod
685 1068 836 1113 tuam
891 1075 1109 1128 quoque
1143 1059 1340 1112 malam
1391 1067 1626 1112 mentem
1679 1056 1980 1124 redarguit.
2025 1055 2065 1108 E

2226 1073 2286 1112 ου
2317 1059 2417 1129 τὴν
2457 1059 2771 1113 κακόνοιαν.
2800 1061 2910 1112 Καὶ
2940 1058 3215 1129 πολλαχοῦ
3243 1058 3347 1128 τῆς
3373 1057 3529 1118 θείας
3558 1055 3806 1124 Γραφῆς

508 1154 562 1206 ἱη
583 1153 770 1206 multis
805 1152 942 1206 locis
978 1151 1278 1220 Scripturae
1310 1149 1473 1218 plane
1503 1149 1618 1202 haec
1647 1147 1874 1203 haeresis
1905 1147 2088 1203 redar-

2272 1121 2479 1220 οφα-νὴς
2530 1152 2558 1203 6
2600 1152 2698 1216 τῆς
2743 1150 3008 1220 αἱρέσεως
3059 1121 3316 1218 ἐλεγχος*
3358 1121 3638 1207 πολλάκιξ
3686 1121 3852 1213 γάρΑ

507 1243 731 1312 guitur;
787 1256 1165 1312 saepenumero
1230 1241 1376 1294 enim
1443 1253 1644 1294 nomen
1682 1238 1824 1292 Deus
1867 1238 1934 1292 de
1983 1253 2087 1292 una

2227 1241 2634 1304 ιονοῦπόστατος
2665 1241 2747 1305 τὸ,
2779 1242 2946 1307 Θεὸς,
2976 1241 3173 1311 ὄνομα,
3203 1241 3297 1294 ἐπὶ
3331 1239 3428 1293 τοῦ
3463 1235 3607 1291 Υίοῦ
3639 1235 3807 1302 λὲγερ

507 1349 746 1403 persona
778 1332 901 1387 Filii
927 1335 1153 1388 dicitur.
1185 1333 1364 1398 Sicut,
1387 1351 1405 1382 ι
1434 1332 1574 1386 Deus
1600 1342 1718 1386 erat
1738 1331 1975 1387 Verbum
2006 1343 2087 1384 α.»

2228 1348 2304 1385 αι.
2336 1333 2572 1403 Ὥσπερ,
2619 1351 2638 1384 ‹
2679 1334 2791 1385 Καὶ
2823 1333 2955 1396 Θεὸς
2983 1326 3051 1404 ἦν
3082 1333 3110 1385 ὁ
3139 1333 3335 1400 Λόγος.
3371 1351 3390 1383 ι
3429 1331 3547 1384 Καὶ
3570 1327 3751 1380 πάλιν
3775 1329 3808 1378 ὀ

509 1425 575 1478 Et
593 1441 787 1480 rursus
810 1425 1015 1480 Paulus
1033 1425 1100 1479 de
1127 1424 1264 1478 Filio
1283 1424 1392 1476 ait:
1425 1442 1442 1474 ‹
1476 1423 1579 1488 Qui
1600 1433 1684 1478 est
1712 1437 1877 1492 super
1907 1422 2089 1476 omnia

2229 1423 2479 1486 εσπέσιος
2511 1423 2722 1488 ιιαῦλός
2749 1442 2915 1494 φησιν
2946 1424 3194 1495 περὶτοῦ
3230 1423 3364 1476 Υίοῦ
3394 1439 3407 1452 ·
3437 1441 3456 1474 ι
3499 1421 3561 1473 'U
3585 1419 3675 1475 ὢν
3709 1420 3807 1473 ἐπὶ

509 1516 654 1571 Deus
686 1517 738 1582 ι),
773 1536 792 1568 ι
823 1524 877 1571 et
909 1517 1015 1570 alia
1064 1515 1335 1585 ejusmodi
1397 1515 1655 1583 plurima.
1709 1513 1816 1568 Sed
1866 1529 1978 1567 non
2009 1520 2089 1568 est

2227 1516 2412 1568 τάντων
2447 1515 2600 1580 Θεὸς,
2639 1535 2656 1568 ι
2697 1516 2792 1568 καὶ
2835 1516 2998 1586 ἕτερα
3050 1515 3279 1568 τοιαῦτα
3341 1513 3603 1566 πλεῖστα.
3658 1511 3807 1565 Ἀλλ’

510 1620 659 1660 nunc
705 1605 841 1658 mihi
892 1605 1061 1659 otium
1115 1603 1183 1658 ad
1255 1604 1662 1672 congerendum
1709 1603 2090 1657 auctoritates.

2222 1603 2258 1654 ιύ
2292 1603 2455 1674 σχολή
2492 1622 2582 1674 μοι
2605 1604 2700 1658 νῦν
2733 1603 3090 1675 ἐπισωρεύειν
3120 1605 3222 1667 τὰς
3249 1606 3480 1675 χρήσεις
3503 1617 3516 1630 ·
3555 1601 3708 1670 πλήν
3739 1616 3802 1666 γε

513 1693 620 1748 Sed
651 1695 718 1749 iis
777 1694 871 1762 qui
901 1696 1188 1749 veritatem
1215 1692 1520 1761 inquirunt,
1543 1701 1598 1746 et
1621 1707 1730 1746 non
1754 1692 2093 1746 contentiose

2230 1698 2308 1759 οἷς
2342 1696 2440 1766 τὴν
2493 1697 2754 1767 ἀλήθειαν
2807 1696 3153 1767 ἐκζητοῦσιν.
3207 1698 3303 1750 καὶ
3357 1699 3461 1750 οὐκ
3490 1692 3805 1765 ἐριστικῶς

511 1786 923 1849 contradicunt,
957 1787 1091 1840 satis
1111 1786 1223 1840 sint
1251 1785 1386 1840 haec.

2198 1787 2590 1855 ἀντιλέγουσιν,
2624 1788 2930 1842 ἱκανούσθω
2950 1788 3144 1860 ταῦτα.

2069 1899 2190 1956 xv.
2997 1965 3011 1976 ,

511 1991 664 2045 Alius
711 1992 972 2060 Dialogus
1011 1999 1200 2065 contra
1245 1991 1558 2044 Nestorium
1613 1993 1884 2047 eruditum
1932 1993 2068 2064 (45).

1836 2009 1884 2046 m
1932 1993 2068 2064 (45).
2158 1992 2160 1995 ’
2571 1994 2766 2050 Πάλιν
2803 1995 2956 2064 πρὸς
2979 1993 3412 2060 Νεστοριανόν.

1809 2103 2072 2167 (Turriano
2091 2102 2411 2170 interprete.)

829 2183 894 2237 Α.
929 2183 1263 2238 Catholicus.
1292 2184 1357 2238 Β.
1390 2183 1775 2244 Nestorianus.
2122 2201 2176 2255 Β

2122 2201 2176 2255 Β
2506 2199 2554 2248 Α
2572 2191 2951 2262 Ὀρθὸδοξος,
2981 2194 3030 2246 Β
3054 2194 3480 2259 Νεστοριανός.

580 2275 647 2328 Α.
671 2275 852 2341 Quare
876 2273 1128 2329 Christus
1165 2275 1368 2328 dicitur
1393 2275 1637 2330 Christus
1661 2280 1686 2332 ?

2264 2288 2329 2338 A.
2371 2284 2470 2338 Διὰ
2496 2286 2551 2338 τί
2577 2285 2798 2354 λέγεται
2826 2287 2855 2337 6
2889 2283 3126 2355 Χριστὸς
3149 2285 3410 2352 Χριστός
3431 2300 3452 2347 ;

580 2367 642 2419 Β.
679 2365 817 2430 Quia
848 2367 1001 2419 unxit
1027 2381 1149 2419 cum
1184 2365 1328 2419 Deus
1359 2367 1566 2434 Spiritu
1603 2377 1819 2422 sancto.

2265 2379 2325 2430 Β.
2363 2379 2486 2430 Ὅτι
2507 2379 2724 2449 ἔχρισεν
2749 2377 2914 2430 αὑτὸν
2940 2379 2968 2431 6
2993 2377 3128 2440 Θεὸς
3158 2377 3444 2446 Πνεύματι
3473 2377 3650 2448 ἁγίῳ.

580 2459 647 2510 Α.
680 2457 816 2522 Quis
881 2457 1050 2527 igitur
1086 2467 1170 2511 est
1221 2466 1446 2521 unctus,
1516 2458 1660 2515 Deus
1692 2455 1953 2527 Verbum,
2022 2474 2093 2515 an

2264 2471 2326 2521 Α.
2355 2470 2450 2532 Ti;
2477 2465 2568 2522 οὖν
2621 2471 2771 2522 ἐστιν
2808 2471 2836 2521 6
2862 2467 3126 2540 χρισοεὶς,
3161 2469 3190 2520 6
3239 2467 3371 2532 Θεὸς
3418 2471 3625 2537 Λόγος,
3683 2469 3717 2538 ἢ
3769 2473 3799 2522 6

511 2549 675 2602 IIOmO
697 2549 720 2600 ?

2194 2561 2291 2615 ἄνθ
2301 2577 2483 2631 ρωπος
2507 2579 2520 2626 ;

581 2639 744 2708 392
773 2637 837 2692 B.
869 2638 1027 2692 Absit
1085 2645 1147 2691 ut
1193 2639 1441 2694 dicamus
1497 2647 1718 2695 unctum
1749 2657 1872 2699 esse
1923 2642 2092 2698 Deum

2264 2651 2326 2706 B.
2356 2651 2448 2720 Μὴ
2475 2649 2678 2717 γένοιτο
2709 2648 2887 2718 λέγειν
2919 2647 3090 2718 ἡμᾶς,
3111 2647 3194 2700 ὅτι
3221 2648 3249 2700 6
3277 2646 3411 2712 Θεὸς
3440 2649 3620 2717 Λόγος
3647 2649 3794 2720 ἐχρί-

515 2729 772 2795 Verbum,
804 2739 852 2783 et
883 2743 992 2783 non
1022 2729 1322 2782 hominem.

1309 2767 1322 2778 -
2194 2743 2316 2813 σθη,
2343 2742 2479 2795 ἀλλὰ
2515 2743 2543 2794 6
2571 2740 2888 2812 ἄνθρωπος.

582 2819 650 2871 Α.
682 2817 858 2872 Homo
893 2818 1061 2888 igitur
1091 2826 1176 2872 est
1207 2825 1426 2873 unctus.
1483 2819 1541 2874 Si
1585 2821 1751 2889 igitur
1774 2823 1865 2891 qui
1895 2830 2094 2878 unctus

2263 2835 2328 2886 A.
2358 2832 2683 2902 Ἀνθρωπος
2707 2828 2802 2884 οὖν
2829 2832 2976 2884 ἐστιν
3006 2831 3034 2883 6
3077 2831 3336 2902 χριστός·
3378 2831 3444 2884 Ei
3473 2831 3586 2903 γὰρ
3623 2835 3654 2886 ὁ
3683 2851 3804 2903 χρε-

511 2917 597 2966 est
633 2911 750 2978 ipse
795 2918 878 2964 est
935 2909 1190 2964 Christus
1213 2947 1228 2970 ,
1262 2909 1518 2965 Christus
1561 2923 1740 2967 autem
1777 2921 1861 2968 est
1895 2914 2090 2978 homo,

2228 2925 2361 2990 Θεὶς,
2395 2923 2558 2986 αὑτός
2611 2925 2759 2975 ἐστιν
2790 2924 2818 2976 6
2870 2922 3130 2993 Χριστὸς,
3164 2923 3456 2992 ἄνθρωπος
3503 2924 3566 2978 δὲ
3594 2927 3625 2977 6
3681 2943 3806 2994 χρι-

515 3009 569 3056 et
600 3003 742 3053 alius
781 3009 864 3053 est
921 2998 1061 3052 Deus
1092 2998 1332 3053 Verbum
1378 3009 1577 3070 praeter
1610 3003 1884 3057 hominem
1909 3014 2093 3059 vestra

2223 3016 2364 3080 θεὶς,
2395 3015 2489 3066 καὶ
2511 3013 2698 3084 ἕτερός
2740 3014 2888 3064 ἐστιν
2927 3014 2955 3066 6
2982 3012 3112 3074 Θεὸς
3139 3013 3314 3080 Λόγος
3355 3013 3512 3084 παρὰ
3562 3014 3663 3067 τὸν
3706 3016 3803 3068 ἇν-

513 3094 791 3163 opinione,
823 3092 1080 3146 Christus
1141 3093 1305 3162 igitur
1355 3093 1462 3145 ἀνὰ
1500 3093 1666 3165 μέρος
1719 3095 1854 3165 (46),
1901 3095 1955 3150 id
1989 3105 2091 3159 est,

2231 3124 2410 3177 ρωπον
2434 3105 2555 3158 καθ’
2584 3105 2750 3173 ὑμᾶς,
2780 3107 2807 3156 6
2841 3103 3127 3174 ἄνθρωπος
3158 3104 3266 3174 ἄρα
3313 3106 3462 3158 ἐστὶν
3491 3106 3597 3159 ἀνὰ
3627 3105 3804 3175 μέρος

511 3187 813 3240 secundum
847 3193 1056 3254 partem
1099 3193 1183 3238 est
1216 3183 1403 3238 homo.
1438 3182 1730 3250 Quomodo
1752 3201 1883 3256 ergo
1915 3194 1970 3242 et
1995 3201 2091 3240 vos

2243 3197 2498 3266 Χριστός.
2542 3197 2608 3248 Τί
2656 3192 2750 3248 οὖν
2795 3195 3026 3258 ἑαυτοὺς
3071 3195 3169 3248 καὶ
3222 3194 3416 3259 ἄλλους
3465 3196 3804 3258 ἀπατῶντες

512 3277 642 3347 ipsi,
687 3285 741 3328 et
788 3275 926 3328 alios
973 3273 1186 3336 fallitis,
1240 3289 1367 3328 cum
1417 3275 1601 3331 dicitis
1641 3275 1920 3331 Christum
1973 3293 2092 3334 esse

2191 3287 2403 3356 λέγετε,
2439 3289 2522 3341 ὄτι
2552 3289 2581 3340 6
2611 3287 2874 3358 Χριστὸς,
2913 3285 3047 3347 Θεὸς
3074 3285 3170 3339 κοι)⁵
3185 3285 3474 3358 ἄνθρωπός
3497 3289 3687 3354 ὲστινς

514 3366 684 3422 Deum
716 3375 770 3421 et
800 3365 1119 3420 hominem?

2079 3485 2223 3542 XVI.

690 3576 926 3642 Quwstio
968 3575 1033 3629 ab
1077 3576 1284 3644 inﬁdeli
1331 3575 1594 3634 Abucarw
1629 3580 1922 3650 proposita.

2316 3582 2644 3652 Ἐρώτησις
2669 3584 2934 3638 ἀπίστου
2966 3585 3118 3652 πρὸς
3143 3584 3336 3637 αὐτὸν
3365 3583 3693 3654 γενομένη.

1838 3695 2105 3760 (Turriano
2128 3699 2459 3763 interprete.)
2507 3735 2518 3742 α

733 3834 742 3841 ,
859 3780 925 3836 Α.
952 3780 1314 3834 Christianus.
1367 3781 1433 3835 B.
1466 3780 1738 3850 Inﬁdelis.
2117 3797 2162 3852 α

2117 3797 2162 3852 C
2492 3793 2540 3844 A
2572 3791 2605 3843 ό
2632 3788 3014 3857 Χοιστιανὸς,
3041 3791 3090 3840 Β
3113 3789 3146 3840 ὁ
3191 3788 3494 3851 Ἀπιστος.

580 3871 643 3926 Β.
671 3871 886 3932 Nonne,
937 3871 1140 3940 inquit,
1178 3871 1346 3926 Deum
1403 3873 1456 3926 in
1486 3873 1766 3938 omnibus,
1806 3881 1862 3930 et
1888 3875 2092 3945 ubique

2263 3880 2325 3933 B.
2361 3879 2518 3949 Οὐχὶ,
2575 3880 2734 3952 φησὶ,
2769 3883 2826 3934 ὲν
2875 3882 3034 3946 πᾶσι,
3067 3881 3161 3933 καὶ
3213 3877 3491 3947 πανταχοῦ
3534 3877 3628 3931 τὸν
3661 3877 3798 3932 Θεὸν

511 3977 633 4018 esse
671 3962 902 4015 dicitis?
1817 4012 1825 4020 _

1817 4012 1825 4020 .
2195 3968 2335 4026 εἶναι
2371 3972 2561 4040 λέγετε
2581 3989 2596 4038 ;

580 4053 646 4106 Α.
679 4052 756 4105 Ita
786 4061 917 4106 est-

2264 4066 2330 4118 A.
2365 4063 2496 4120 Nai.

582 4141 644 4194 Β.
702 4143 828 4195 Erat
889 4149 1068 4195 autem
1123 4142 1380 4198 similiter
1427 4144 1482 4197 in
1523 4155 1718 4199 ventre
1756 4144 1997 4216 Virginis
2038 4156 2094 4202 et

2266 4157 2326 4209 B.
2402 4154 2679 4217 Ὡσαύτως
2735 4157 2831 4209 καὶ
2897 4157 2956 4208 ὲν
3003 4158 3068 4226 τῇ
3127 4153 3310 4224 κοιλίᾳ
3349 4150 3420 4223 ἦν
3480 4155 3798 4224 Παρθένον,

511 4229 706 4285 Matris
735 4245 868 4284 suae.
908 4228 1052 4296 Quid
1088 4231 1254 4301 igitur
1284 4231 1522 4302 amplius
1553 4233 1607 4286 in
1634 4234 1727 4287 illa
1767 4235 1914 4289 fuit?

2221 4251 2290 4301 ιαὶ
2330 4248 2553 4318 Μητρὸς
2602 4247 2792 4305 αὑτοῦ.
2848 4250 2915 4300 Τί
2973 4245 3069 4302 οὖν
3129 4247 3192 4300 τὸ
3238 4247 3505 4317 περισσὸν
3549 4249 3608 4299 ὲν
3646 4250 3801 4302 ἐκεί-

2194 4355 2288 4393 νηε

579 4411 645 4464 Λ.
679 4411 776 4466 Dic
809 4412 960 4475 mihi,
1000 4429 1128 4468 cum
1151 4420 1205 4467 tu
1226 4414 1457 4484 cogitas,
1492 4425 1546 4470 et
1597 4426 1780 4471 mente
1831 4422 2090 4488 revolvis,

2225 4355 2330 4484 ῃλ.
2367 4432 2502 4484 Είπέ
2555 4447 2685 4501 μοι’
2733 4431 2814 4486 ὅτ’
2849 4427 2933 4486 ’ἂν
2978 4432 3166 4502 ὲννοῇς
3222 4431 3317 4485 καὶ
3367 4430 3798 4502 ἀναλογίζῃιτά

509 4518 574 4558 ac
603 4504 928 4558 consideras
973 4520 1061 4560 res
1117 4521 1255 4574 quas
1291 4506 1402 4575 jam
1436 4507 1682 4577 cognitas
1732 4511 1923 4576 babes,
1957 4530 2089 4583 quo-

2216 4522 2297 4592 §6n
2361 4541 2445 4575 σοι
2487 4524 2863 4595 γεγεννημένα
2892 4525 2938 4555 ⁸⁵
2996 4523 3323 4595 πράγματα,
3383 4523 3500 4586 πῶς
3533 4524 3684 4578 αὐτὰ
3719 4528 3796 4575 ἐν·

509 4594 672 4649 modo
727 4611 822 4649 eas
871 4596 1172 4666 intelligis?
1228 4597 1712 4656 transferunturne
1763 4619 1853 4658 res
1883 4605 1989 4658 ill-.e
2033 4605 2089 4660 in

2214 4616 2378 4679 νοεῖς;
2429 4615 2537 4668 τῶν
2595 4616 2942 4686 πραγμάτων
2982 4616 3211 4669 ἐκείνων
3263 4619 3322 4669 ὲν
3349 4615 3427 4686 τῷ
3473 4615 3553 4686 σῷ
3577 4615 3661 4668 νοῒ
3701 4635 3794 4685 με·

509 4692 748 4739 menteln
786 4686 974 4738 tuam?
998 4702 1066 4739 an
1097 4690 1282 4754 potius
1310 4703 1463 4741 mens
1495 4697 1589 4742 tua
1619 4690 1686 4743 ad
1720 4692 1842 4747 illas
1869 4695 2089 4765 pergit?

2213 4705 2610 4775 ταχωρούντων,
2664 4706 2697 4777 ἢ
2757 4708 2960 4776 μᾶλλον
2992 4707 3088 4761 τοῦ
3125 4707 3220 4761 σοῦ
3254 4708 3377 4772 νοὸς
3422 4707 3560 4778 πρὸς
3604 4711 3793 4761 ἐκεῖ-δι

2195 4789 2579 4856 διαφοιτῶντος
2597 4809 2612 4858 ;

581 4863 642 4918 Β.
670 4863 824 4918 Mens
859 4877 977 4919 mea
1002 4868 1068 4919 ad
1089 4867 1210 4921 illas
1245 4866 1497 4935 pervadit
1517 4884 1722 4939 easque
1751 4877 2095 4946 contempla-

2268 4881 2328 4934 B.
2361 4883 2468 4935 Τοῦ
2495 4885 2612 4946 νοός
2644 4901 2744 4954 μου
2777 4885 3059 4956 διήκοντος
3083 4888 3167 4950 είς
3189 4879 3398 4947 ἐκεῖνα,
3431 4887 3528 4940 καὶ
3554 4891 3622 4958 τῇ
3653 4888 3792 4959 πρὸς

513 4956 663 5012 “one
692 4956 1070 5027 ῖιιιειιῖςεηιὶεη
1093 4964 1326 5026 Spectat.
2196 4975 2517 5046 νοερὸτητος
2544 4977 2750 5049 Θεωρία
2781 4978 3216 5043 κατοπτεύοντος
3244 4979 3522 5048 δηλονότι.

583 5050 649 5102 Λ.
679 5049 993 5105 Dicimusne
1042 5051 1207 5121 igitur
1270 5059 1506 5106 mentem
1536 5059 1683 5108 tuam
1729 5055 1782 5108 in
1813 5057 2002 5122 rebus,
2037 5059 2092 5113 in

2269 5066 2330 5117 A.
2373 5066 2622 5134 Λέγομεν
2653 5064 2745 5132 οὖν
2783 5069 2875 5120 τὸν
2933 5069 3025 5122 σὸν
3077 5069 3224 5134 νοῦν,
3263 5071 3360 5123 καὶ
3406 5072 3463 5122 ὲν
3491 5069 3606 5132 τοῖς
3645 5068 3793 5139 πρᾶο

514 5139 717 5206 quibus
749 5151 1015 5206 versatur,
1048 5150 1101 5195 et
1128 5158 1266 5212 quas
1297 5144 1611 5209 meditatur,
1640 5147 1897 5203 similiter
1926 5159 2090 5221 atque

2212 5173 2419 5226 (μασιν,
2452 5161 2508 5212 ὲν
2537 5156 2618 5223 οἷς
2649 5162 3050 5233 ἀναστρέφεται
3077 5163 3172 5217 καὶ
3196 5148 3500 5233 ἀδολεσχεῖ,
3521 5157 3666 5215 εἶναι
3696 5164 3792 5218 καὶ

575 5281 598 5308 ι
633 5271 793 5325 Rom.
844 5273 970 5332 1.3.
1086 5287 1111 5314 a
1139 5272 1300 5328 Joan.
1332 5290 1370 5340 ι,
1409 5277 1456 5329 1.
1573 5277 1600 5315 ι)
1630 5261 1791 5333 Rom.
1825 5297 1898 5345 rx,
1929 5283 1984 5336 5.

1789 5369 2026 5426 νΑῐιιιιΕ
2065 5375 2470 5433 LECTIONES.

591 5458 636 5488 "
672 5459 798 5511 fort.
847 5459 1198 5529 Ἑγνωσμένα
1230 5461 1314 5514 vel
1365 5463 1770 5534 ἑγνωρισμένα.

1994 5557 2225 5615 NOTAE.

590 5642 703 5785 (ἓξ)
734 5642 895 5699 Deest
925 5648 977 5700 in
1015 5657 1203 5702 nostro
1235 5647 1426 5704 Graeco
1445 5633 1668 5730 codice.
1913 5721 1922 5730 ,
2201 5663 2254 5707 (δι
2286 5655 2389 5708 ἀνά
2427 5656 2592 5726 μέρος
2624 5657 2925 5722 hominem!
2978 5658 3030 5713 id
3063 5668 3165 5727 es"
3207 5675 3275 5716 ex
3313 5673 3467 5730 parte
3516 5664 3761 5723 verbum

590 5715 679 5781 (Lb
745 5714 857 5768 Hoc
904 5727 1230 5785 argumento
1301 5721 1651 5785 redarguitur
1701 5718 2092 5782 Nestorianus,
2201 5734 2252 5777 et
2288 5743 2350 5778 ex
2389 5735 2541 5785 parte
2578 5730 2878 5781 hominem.

904 5727 1230 5795 arggnleﬁlo
1301 5721 1651 5795 redal'gﬂiilll‘
1685 5718 2092 5795 ,Νθεξφτίίιηυῂ
2201 5734 2252 5777 (τι
2288 5743 2350 5778 (ιχ
2389 5713 2541 5795 ρξιιειό
2575 5713 2878 5781 Ῑιοιηίηριη.
2913 5713 2923 5722 ’
3072 5713 3116 5717 ﬁ
3153 5713 3165 5727 ’
3217 5713 3255 5716 ’⁷
3313 5713 3331 5730 τ
3357 5713 3463 5718 πη
3537 5713 3546 5720 ’
3569 5713 3784 5737 “’“’“’“”“⁸“¹

522 5796 644 5837 cum
677 5799 787 5839 non
823 5785 1287 5853 dicit,Cln~istum
1325 5805 1448 5844 esse
1470 5785 1590 5843 ’ἀνὰ
1629 5789 1794 5860 μέρος
1828 5789 2086 5852 Verbum,
