4000 6436
226 402 358 474 1541

1652 401 2039 464 OPUSCULA
2053 451 2065 462 .

3365 399 3504 466 1542

233 526 287 573 ἐν
318 518 422 575 σοὶ.
465 510 579 566 ἀλλ’
611 510 710 580 οὐχ
746 509 949 581 ὁμοίως
992 510 1050 562 ὲν
1083 506 1185 574 σοὶ,
1221 507 1317 563 καὶ
1344 506 1402 558 έν
1432 507 1683 570 ἐκείνοις.
1723 505 1812 559 Ἐν

1939 522 1973 561 ιι
1998 515 2050 562 te
2076 506 2232 561 esse?
2262 505 2489 562 Minime
2514 522 2529 572 ;
2575 508 2628 561 in
2663 516 2717 562 te
2759 508 2906 562 enim
2936 508 3091 564 unita
3123 523 3281 565 mens
3301 520 3385 566 est
3411 526 3500 567 se-

234 612 314 666 col.
341 607 438 680 μὲν
469 605 578 675 γάρ
624 603 895 667 οὐσιωδῶς
931 603 1217 673 ἡνωμένος
1255 601 1428 673 εστὶν,
1480 602 1538 653 ὲν
1583 600 1816 662 ἐκείνοις

228 703 284 757 δὲ
310 699 407 769 οὐχ
426 696 616 755 οὕτως.
651 693 809 748 Οὕτω
834 710 923 764 μοι
953 693 1030 756 ὠς
1055 692 1116 757 ἐξ
1142 686 1545 761 ὐποδείγματὸς
1578 692 1688 744 νόει
1724 690 1817 742 τὸν

231 792 361 845 Θεὸν
388 787 559 855 Λόγον
583 788 640 857 έν
665 788 732 856 τῇ
762 785 867 857 ἰδία
892 786 1081 856 σαρκὶ,
1116 785 1210 836 καὶ
1230 783 1470 853 ὁπηνίκα
1497 784 1556 834 ὲν
1581 786 1647 855 τῇ
1677 801 1817 854 παρ-

232 883 416 951 θενικῇ
449 880 635 950 μήτρᾳ
662 874 755 948 ἦν,
784 878 879 931 καὶ
904 877 1042 948 μετὰ
1076 876 1165 929 τὸν
1198 876 1356 929 τόκον
1389 875 1662 939 οὑσιωδῶς
1689 876 1811 929 καθ’

230 974 528 1028 ὑπόστασιν
563 970 866 1040 ἡνωμένον,
903 968 997 1023 καὶ
1050 966 1494 1038 σεσαρκωμένον,
1530 967 1628 1021 καὶ
1680 985 1816 1023 παν-

227 1062 391 1135 ταχοῦ
414 1065 480 1131 τῇ
507 1062 737 1132 προνοίᾳ
768 1060 863 1113 καὶ
909 1060 1163 1130 ἐνεργείᾳ
1210 1059 1271 1112 τὸ
1302 1060 1410 1112 πᾶν
1439 1058 1694 1112 διέποντα
1722 1059 1819 1112 καὶ

226 1151 648 1225 διακρατοῦντω
675 1150 793 1205 ἁλλ’
818 1152 878 1204 οὐ
901 1149 980 1220 τῷ
1012 1150 1157 1220 αὐτῷ
1182 1153 1240 1204 έν
1265 1153 1331 1221 τῇ
1368 1150 1475 1221 ίδίᾳ
1506 1150 1695 1218 σαρκὶ,
1720 1149 1816 1203 καὶ

224 1246 283 1297 έν
298 1244 374 1314 τῷ
399 1241 586 1297 παντί·
617 1244 713 1295 κα)⁸
739 1242 849 1313 γάρ
883 1243 1038 1313 φέρει
1073 1243 1141 1295 τά
1164 1244 1341 1296 πάντα
1369 1241 1445 1312 τῷ
1481 1243 1687 1313 ῥήματι
1715 1243 1816 1311 τῆς

222 1337 507 1407 δυνάμεως
550 1333 715 1388 αὐτοῦ
742 1334 811 1388 ιο.
870 1335 928 1387 Ὀ
969 1335 1102 1398 Θεὸς
1134 1335 1212 1399 δὲ,
1242 1334 1334 1387 και
1374 1334 1513 1405 ὑπὲρ
1542 1318 1652 1387 πᾶν
1682 1332 1814 1385 ὑπό-

220 1429 423 1499 δειγμά
455 1429 595 1493 ὲστι,
656 1427 753 1481 καὶ
791 1427 1063 1497 ἐμφάσεις
1104 1427 1259 1490 τινὰς
1305 1426 1545 1497 νοήσεων
1584 1427 1649 1479 ἐκ
1704 1424 1814 1478 τῶν

222 1523 390 1574 ὄντων
444 1518 800 1590 λαμϐάνομεν
830 1522 923 1572 ἐπὶ
949 1519 1047 1572 τοῦ
1077 1518 1218 1588 ὑπὲρ
1248 1518 1320 1571 τὰ
1364 1517 1497 1570 ὅντα
1524 1516 1621 1571 καὶ
1654 1532 1815 1588 ποιη-

220 1614 312 1666 τοῦ
337 1611 445 1666 τῶν
468 1611 657 1667 ὄντων.
1192 1632 1197 1635 ·

1914 599 2153 653 cundum
2185 582 2589 665 substantiam;
2630 602 2685 654 in
2716 601 2882 657 rebus
2921 616 3053 656 vero
3103 602 3236 672 ipsis
3261 619 3371 658 non
3402 605 3499 660 ita.

1916 688 2029 749 Sic.
2061 692 2294 761 exempli
2320 707 2514 757 causa,
2537 693 2784 763 intellige
2823 693 2957 749 mihi
2991 694 3160 749 Deum
3189 694 3426 752 Verbum
3449 706 3503 753 et

1915 782 1969 835 in
2007 783 2229 851 propria
2287 799 2472 850 carne,
2515 792 2569 838 et
2599 785 2823 855 quando
2876 794 2993 840 erat
3027 787 3081 839 in
3114 797 3304 842 ventre
3331 790 3503 858 virgi-

1913 874 2052 939 nali,
2075 882 2129 929 et
2165 884 2289 945 post
2319 885 2537 946 partum
2560 878 2864 933 secundum
2903 879 3268 933 subStantiam
3326 890 3380 934 ct
3411 881 3504 951 hy-

1915 968 2180 1037 postasim
2238 969 2478 1033 unitum,
2526 978 2582 1024 et
2626 960 2972 1031 incarnatum
2998 986 3013 1036 ;
3044 977 3100 1024 et
3129 970 3337 1040 ubique
3379 987 3504 1028 esse

1914 1058 2259 1128 providentia
2294 1069 2354 1118 ,et
2379 1061 2703 1129 operatione
2729 1062 3048 1116 universum
3103 1062 3500 1131 gubernantem

1913 1159 1970 1205 et
2001 1151 2374 1206 continentem
2398 1152 2534 1221 (47),
2562 1166 2672 1206 non
2697 1158 2957 1222 tanquam
2990 1153 3153 1207 aliter
3169 1152 3499 1216 substantia.

1916 1240 2075 1295 aliter
2113 1244 2453 1310 operatione.
2516 1240 2632 1295 Non
2669 1243 2813 1297 enim
2863 1243 2918 1295 in
2944 1244 3151 1317 νοεροίς
3191 1236 3503 1298 substantia

1918 1334 1987 1389 ab
2012 1333 2340 1403 operatione
2385 1340 2640 1403 separata
2697 1345 2801 1397 est,
2833 1334 2925 1389 sed
2966 1334 3022 1388 in
3062 1334 3252 1390 eodem
3290 1334 3412 1404 ipso
3447 1337 3504 1389 in

1919 1427 2144 1496 propria
2207 1440 2375 1481 carne
2431 1426 2732 1481 secundum
2808 1426 3152 1495 hypostasim
3188 1426 3323 1497 (48),
3360 1428 3506 1482 etin

1917 1518 2182 1573 universo
2209 1534 2224 1585 ;
2251 1517 2395 1573 Deus
2451 1525 2634 1571 autem
2673 1532 2839 1586 supra
2871 1532 3036 1571 omne
3056 1517 3367 1587 exemplum
3399 1529 3504 1583 e51;

1915 1609 2173 1682 quamvis
2206 1611 2353 1665 enim
2387 1610 2658 1681 quasdam
2683 1624 2904 1673 manus,
2920 1616 2974 1664 et
3001 1609 3315 1680 adjumenta
3346 1610 3509 1664 intel-

221 1707 455 1780 ligentire
484 1706 705 1762 erebus
737 1678 1047 1777 accipimus
1080 1705 1135 1758 in
1159 1711 1389 1760 auctore
1409 1703 1683 1769 omnium,
1710 1704 1804 1775 qui
1832 1720 2002 1776 supra
2061 1706 2252 1762 omnia
2301 1715 2423 1771 est,
2471 1720 2582 1760 non
2610 1713 2792 1758 tamen
2867 1701 3010 1756 κατὰ
3052 1701 3239 1767 ταύτό,
3305 1701 3361 1756 id
3425 1704 3510 1757 est

222 1804 525 1861 secundum
560 1804 703 1859 idem
737 1802 916 1874 ipsum
941 1801 1372 1858 existimandum
1412 1811 1495 1857 est
1525 1815 1649 1858 esse
1674 1801 1782 1857 hoc
1820 1802 1969 1872 quod
1997 1803 2182 1856 omnia
2215 1816 2338 1872 qua:
2370 1811 2501 1858 sunt
2529 1814 2696 1870 supra
2721 1799 3091 1854 substantiam
3113 1798 3371 1867 pauperat.

1795 1919 1959 1976 XVII.

256 2014 352 2067 lZ'.
381 2037 451 2056 —--
475 2014 770 2082 Ἐρωτήθη
789 2014 835 2048 ⁸⁷
859 2013 1218 2084 Ἀϐουκαρᾶς
1248 2016 1387 2084 παρ’
1416 2015 1682 2069 ἀπίστου
1702 2016 1773 2072 ⁸⁸.

2029 2013 2191 2087 393
2231 2015 2470 2082 Quwstio
2489 2013 2555 2069 ab
2578 2012 2785 2081 inﬁdeli
2810 2011 3076 2066 Abucara:
3100 1976 3396 2080 proposita.
3486 2006 3489 2011 ’

1526 2129 1836 2193 (Interprete
1856 2128 2143 2192 Turriano.)

286 2216 350 2271 B.
385 2216 516 2279 Πῶς
565 2214 660 2269 τοῦ
693 2216 932 2287 Χριστοῦ
965 2217 1181 2289 τρανῶς
1241 2219 1695 2289 ἀποφηναμένου,
1731 2220 1813 2272 ὅτι

1985 2219 2050 2274 Β.
2083 2217 2397 2284 Quomodo,
2454 2231 2576 2271 cum
2629 2213 2886 2270 Christus
2927 2212 3075 2267 clare
3098 2209 3251 2266 dicat
3276 2218 3331 2265 et
3380 2225 3510 2280 pro-

224 2328 245 2360 ι
292 2308 350 2360 '0
383 2306 461 2379 μὴ
490 2306 779 2376 γεννηθεὶς
812 2307 872 2373 ἐξ
896 2308 1091 2371 ὓδατος
1144 2309 1241 2361 καὶ
1274 2309 1618 2379 Πνεῦματοςν
1644 2310 1705 2362 οὐ
1739 2309 1814 2381 μὴ

221 2400 441 2474 εἰσέλθῃ
485 2400 569 2463 είς
609 2400 710 2469 τὴν
753 2398 1035 2470 βασιλείαν
1064 2401 1177 2454 τῶν
1226 2402 1496 2473 οὐρανῶν,
1537 2420 1555 2453 ι
1592 2401 1816 2455 δυνατόν

223 2489 339 2541 ἔστι
367 2490 497 2551 τοὺς
531 2489 640 2559 πρὸ
673 2490 774 2558 τῆς
805 2489 1109 2560 παρουσίας
1130 2488 1297 2543 αὐτοῦ
1326 2490 1572 2555 δικαίους
1608 2491 1683 2562 μὴ
1714 2490 1815 2561 βα-

222 2579 550 2642 πτισθέντας
580 2578 847 2632 εἰσελθεῖν
872 2582 953 2643 είς
974 2581 1178 2651 αὐτὴν;

291 2674 359 2723 Α.
379 2671 490 2723 Καὶ
506 2669 808 2742 ἀπεκρίθη·
841 2671 899 2725 '0
917 2671 1157 2743 Χριστὸς
1177 2672 1321 2740 ὑπὲρ
1350 2672 1576 2726 ἐκείνων
1594 2672 1817 2729 ἐϐαπτί-

224 2759 351 2832 σθη,
373 2760 567 2831 ὥσπερ
599 2763 693 2815 καὶ
719 2761 995 2815 ἀπέθανεν
1018 2764 1158 2833 ὑπὲρ
1184 2765 1426 2817 πάντων·
1460 2782 1478 2814 ‹
1519 2762 1661 2831 Ἐγὼ
1686 2762 1816 2832 γὰρ,

220 2854 411 2923 φησὶν,
450 2854 690 2925 ἐμαυτὸν
720 2855 938 2923 ἁγιάζω
989 2855 1132 2926 ὑπὲρ
1186 2856 1384 2909 αὐτῶν.
1426 2876 1446 2907 ι
1502 2856 1649 2926 Πλὴν
1683 2856 1821 2909 ἀλλὰ

221 2941 319 2993 καὶ
355 2942 690 3010 σωματικῶς
720 2942 1154 3015 ἐϐαπτίσθησαν.

294 3030 359 3085 Β.
398 3031 525 3093 Πῶς
553 3031 715 3085 τοῦτο
738 3032 1002 3101 δυνατόν;

295 3123 362 3175 Δ.
395 3124 512 3176 υὺκ
566 3120 737 3190 οἶδας,
797 3125 880 3178 ὅτι
931 3125 995 3179 οὐ
1050 3123 1231 3195 πάντη
1278 3125 1330 3178 oi
1379 3123 1822 3197 ἀποθνήσκοντες

225 3213 595 3282 ἀπόλλυνται,
634 3217 751 3271 ἀλλ’
797 3217 856 3269 ἐν
896 3219 1013 3282 τοῖς
1054 3216 1343 3290 στοιχείοις
1383 3219 1731 3283 ἀναλύονται,
1763 3219 1823 3284 ἐξ

226 3296 304 3358 ὧν
335 3309 429 3360 καὶ
460 3308 826 3378 συνετέθησαν
846 3326 863 3377 ;

298 3397 362 3451 Β.
393 3397 584 3462 Οὕτως
612 3399 748 3470 ἔχει.

301 3493 367 3542 Α.
399 3490 717 3561 Γέγραπται
772 3492 850 3556 δὲ,
899 3493 984 3545 ὅτι
1039 3493 1329 3563 κεντηθεὶς
1391 3496 1459 3565 τῇ
1505 3491 1677 3566 λόγχῃ
1727 3494 1825 3566 τὴν

1919 2311 2140 2366 nuntiet
2177 2327 2191 2364 :
2238 2328 2260 2363 ι
2288 2308 2392 2376 Qui
2424 2323 2533 2362 non
2562 2317 2647 2362 est
2679 2313 2842 2361 natus
2891 2320 2959 2360 ex
3009 2318 3152 2373 aqua
3207 2310 3262 2358 et
3292 2300 3507 2372 Spiritu

1919 2412 2137 2469 sancto,
2164 2419 2271 2458 non
2298 2402 2527 2477 intrabit
2555 2401 2609 2455 in
2637 2414 2865 2470 regnum
2882 2398 3148 2453 ccelorum
3167 2407 3250 2461 (³,)
3273 2394 3392 2451 ﬁeri
3409 2410 3510 2464 po-

1919 2504 2029 2550 test
2075 2502 2137 2548 ut
2161 2496 2254 2565 qui
2283 2503 2410 2548 ante
2440 2494 2736 2548 adventum
2766 2491 2889 2560 ejus
2926 2489 3154 2568 fuerunt
3206 2486 3368 2557 justi,
3397 2501 3510 2540 non

1919 2586 2183 2658 baptizati
2227 2588 2281 2640 in
2321 2586 2375 2640 id
2409 2583 2833 2656 ingrediantur?

1989 2679 2055 2732 A.
2099 2678 2240 2745 Quia
2271 2677 2529 2731 Christus
2563 2690 2664 2746 pro
2693 2674 2804 2729 illis
2843 2672 3155 2742 baptizatus
3193 2678 3299 2725 est.
3345 2688 3363 2719 ι
3400 2666 3514 2738 Ego

1919 2766 2088 2832 enim,
2151 2767 2367 2836 inquit,
2430 2781 2532 2837 pro
2591 2765 2702 2820 illis
2756 2763 3046 2820 sanctiﬁco
3097 2760 3369 2832 meipsum
3399 2756 3448 2811 ἀ.
3487 2777 3505 2809 ι

1919 2858 2191 2917 Czeterum
2232 2856 2587 2928 σωματικῶς,
2621 2857 2674 2912 id
2708 2854 3174 2926 est,‘corporibus
3220 2853 3390 2908 etiam
3414 2852 3513 2907 ba-

1922 2946 2108 3017 ptizati
2137 2957 2289 3003 sunt.
2790 2948 2794 2959 ’

1993 3035 2055 3088 Β.
2090 3033 2378 3100 Quomodo
2399 3035 2506 3090 hoc
2540 3034 2659 3091 ﬁeri
2683 3033 2904 3103 potuit?

1990 3128 2058 3182 A.
2099 3126 2313 3192 Nescis,
2347 3128 2495 3198 quod
2524 3127 2620 3199 qui
2672 3127 3011 3189 moriuntur,
3047 3139 3157 3179 non
3204 3123 3427 3194 penitus
3458 3123 3514 3177 in

1923 3219 2157 3275 nihilum
2200 3221 2500 3287 intereunt,
2538 3220 2633 3276 sed
2670 3220 2856 3289 potius
2892 3220 2945 3272 in
2969 3218 3264 3282 elementa,
3294 3231 3362 3271 ex
3393 3215 3517 3287 qui.

1924 3310 2029 3366 bus
2057 3309 2349 3379 compositi
2381 3320 2532 3374 sunt,
2568 3309 2928 3365 resolvuntur
2952 3308 2976 3361 ’ί

1994 3402 2058 3457 Β.
2089 3402 2179 3458 Sic
2201 3410 2305 3457 est.
2596 3396 2599 3399 ’

1998 3495 2064 3549 Α.
2103 3495 2379 3565 Scriptum
2438 3503 2523 3550 est
2555 3505 2603 3561 ο,
2662 3494 2808 3564 quod
2858 3493 3032 3561 latere
3077 3492 3268 3548 lancea
3302 3499 3518 3563 aperto,

232 3581 517 3653 πλευράν,
554 3583 788 3655 ἐρευσεν
828 3578 969 3655 αἷμα
1014 3586 1111 3639 καὶ
1146 3584 1294 3655 ὕδωρ
1339 3586 1405 3639 ἐκ
1442 3586 1542 3657 τῆς
1584 3588 1817 3661 πλευρᾶς

1937 3585 2166 3655 sanguis
2191 3593 2247 3639 et
2277 3597 2421 3654 aqua
2447 3599 2516 3639 ex
2553 3584 2727 3639 latere
2756 3583 2877 3654 ejus
2907 3581 3086 3636 ﬂuxit.

231 3672 423 3730 αὑτοῦ.

305 3766 368 3821 Β.
401 3767 509 3821 Ναὶ
535 3766 709 3832 οὓτως
730 3769 1063 3841 γέγραπται.

303 3858 368 3910 Α.
405 3858 616 3912 οὐκοῦν
646 3847 1009 3925 ἆναλυθέντος
1039 3863 1096 3914 ὲν
1135 3863 1250 3925 τοῖς
1286 3864 1572 3933 στοιχείοις
1611 3865 1822 3919 ἐκείνου

232 3946 328 3998 τοῦ
359 3945 575 4014 ὓδατος,
626 3948 855 4019 ἡγίασεν
886 3949 957 4002 τὰ
1004 3950 1204 4015 πάντα,
1237 3953 1332 4006 καὶ
1354 3953 1651 4006 ἐϐάπτισεν
1697 3956 1824 4019 τοὺς

237 4040 685 4110 μεμερισμένους
733 4043 829 4094 καὶ
867 4043 1237 4107 ἀναλυθέντας
1264 4047 1343 4109 είς
1371 4046 1439 4098 τὰ
1470 4050 1729 4116 στοιχεῖα.

302 4130 365 4182 Β.
398 4131 589 4200 Τούτῳ
646 4131 722 4200 τῷ
760 4132 906 4201 λόγῳ
965 4136 1061 4187 καὶ
1112 4136 1160 4187 oi
1196 4136 1441 4200 ἄπιστοι,
1480 4139 1571 4190 καὶ
1624 4138 1826 4203 πάντες

124 4268 125 4273 η
235 4221 417 4288 ἁπλῶς
445 4224 856 4295 ἐϐαπτίσθησαν
879 4228 929 4280 οἱ
960 4228 1467 4297 προαποθανόντες;

301 4315 364 4367 Α.
392 4314 560 4385 οὐχί·
597 4316 733 4369 ἀλλὰ
764 4319 925 4386 μόνον
960 4319 1029 4371 τὰ
1064 4318 1291 4390 σώματα
1333 4320 1441 4373 τῶν
1472 4322 1699 4388 πιστῶν,
1752 4315 1825 4374 ὦν

234 4404 504 4477 αἱψυχαὶ,
525 4407 584 4458 ἐν
612 4405 690 4476 τῷ
721 4406 821 4479 ᾅδῃ
849 4408 1205 4473 κατελθόντος
1229 4412 1411 4463 ἐκεῖσε
1440 4411 1535 4464 τοῦ
1563 4414 1823 4483 Χριστοῦ,

231 4493 265 4563 ἦ
289 4497 386 4566 τῆς
419 4496 587 4565 ἁγίας
609 4497 774 4553 αὐτοῦ
814 4497 1018 4568 ψυχῆς,
1060 4499 1395 4553 ἐπίστευσαν
1420 4500 1501 4562 εἰς
1532 4500 1717 4553 αὐτόν.

308 4588 527 4658 Ὥσπερ
548 4588 658 4658 γὰρ
684 4589 842 4651 εἴτις
874 4590 1113 4657 ἀγωγὸς,
1149 4590 1244 4642 καὶ
1284 4590 1422 4659 {suae
1458 4589 1650 4652 ὓδατος
1683 4589 1825 4653 ζῶν-

230 4690 325 4741 τος
353 4678 552 4749 δένδρα
584 4680 757 4731 πολλὰ
789 4682 1256 4752 παραπεπηγότα,
1288 4682 1382 4732 καὶ
1411 4698 1827 4751 παραπεφυτευ·

239 4769 376 4836 μένα
402 4770 569 4841 ἔχων,
597 4775 666 4826 τὰ
696 4773 795 4842 μὲν
825 4772 1106 4837 παντελῶς
1145 4773 1315 4844 νεκρὰ
1364 4774 1459 4827 καὶ
1482 4775 1643 4845 ξηρὰ,
1676 4776 1743 4827 τὰ
1768 4773 1827 4827 δὲ

238 4860 318 4917 ἔτι
343 4864 548 4930 ζῶντα,
581 4866 632 4919 τί
668 4866 817 4920 δοκεῖ
840 4883 964 4932 σοι;
998 4867 1177 4919 πάντα
1204 4867 1272 4920 τὰ
1298 4868 1512 4937 δένδρα,
1547 4861 1621 4919 ὧν
1653 4867 1826 4920 ἄπτε-

1995 3764 2057 3819 Β.
2097 3764 2189 3820 Sic
2226 3779 2360 3820 sane
2389 3765 2662 3835 scriptum
2697 3772 2805 3819 est.

1996 3859 2062 3914 A.
2088 3856 2184 3911 llla
2216 3858 2385 3928 igitur
2413 3871 2555 3928 aqua
2577 3857 2823 3912 resoluta
2850 3856 2907 3910 in
2938 3854 3235 3920 elementa,
3260 3853 3520 3910 Christus

1927 3952 2112 4004 omnia
2138 3948 2528 4013 sanctiﬁcavit,
2586 3947 2996 4021 baptizavitque
3033 3947 3246 4003 divisos
3284 3954 3339 4002 et
3367 3961 3521 4003 reso-

1926 4042 2071 4098 lutos
2107 4043 2161 4096 in
2188 4043 2483 4097 elementa.

1998 4135 2060 4190 B.
2096 4133 2211 4188 Hac
2236 4134 2452 4189 ratione
2472 4132 2721 4188 inﬁdeles
2754 4132 2946 4197 etiam,
2978 4140 3033 4186 ct
3060 4130 3302 4200 denique
3329 4144 3521 4185 omnes

1928 4228 2187 4297 baptizati
2224 4235 2374 4288 sunt,
2407 4225 2501 4295 qui
2535 4232 2665 4280 ante
2697 4225 2917 4279 fuerant
2950 4224 3180 4279 mortui.
3527 4280 3536 4301 ι

1998 4322 2062 4373 Α.
2095 4319 2350 4383 Minime,
2404 4318 2501 4373 sed
2549 4316 2668 4371 sola
2716 4330 2952 4386 corpora
2990 4315 3251 4378 ﬁdelium,
3280 4329 3518 4383 quorum

1928 4412 2142 4474 animae,
2193 4426 2316 4464 cum
2372 4409 2661 4465 descendit
2707 4408 2776 4461 ad
2818 4406 3097 4461 infernum
3146 4404 3428 4471 Christus,
3463 4406 3519 4459 id

1912 4488 2033 4566 Iest,
2062 4512 2253 4559 sancta
2277 4503 2399 4573 ejus
2422 4503 2631 4566 anima,
2671 4502 2725 4554 in
2759 4517 2883 4556 eum
2918 4497 3301 4553 crediderunt.

2001 4593 2158 4649 Sicut
2196 4597 2341 4649 enim
2375 4595 2419 4649 si
2454 4595 2579 4663 quis
2600 4608 2758 4660 aqua:
2778 4592 3003 4653 ductus,
3039 4596 3134 4643 aut
3173 4589 3324 4642 rivus
3376 4588 3522 4641 mul-

1931 4696 2015 4743 tas
2043 4688 2271 4742 arbores
2322 4687 2525 4741 habeat
2574 4686 2736 4755 juxta
2788 4684 3060 4743 consitas,
3110 4682 3247 4735 alias
3298 4680 3520 4752 quidem

1927 4776 2157 4830 omnino
2184 4777 2490 4831 exstinctas
2540 4754 2594 4829 ct
2638 4773 2845 4836 aridas,
2891 4773 3029 4827 alias
3061 4786 3191 4826 vero
3221 4770 3402 4824 adhuc
3443 4770 3523 4820 vi-

1930 4876 2121 4922 ventes
2147 4874 2203 4922 et
2234 4868 2459 4931 virides,
2496 4866 2626 4937 quid
2681 4865 2779 4921 tibi
2834 4864 3075 4931 videtur,
3108 4878 3175 4917 an
3208 4878 3399 4917 omnes
3430 4877 3522 4914 aro

237 4970 325 5009 ται
346 4957 407 5011 τὸ
445 4956 612 5029 ὕδωρ,
642 4958 1003 5028 ὠφελοῦνται,
1050 4961 1144 5011 καὶ
1177 4959 1486 5030 ἀνιμῶνται
1509 4959 1607 5031 τὴν
1640 4961 1817 5031 πιότη-

1937 4960 2102 5015 bores
2125 4973 2264 5029 quas
2305 4973 2449 5029 aqua
2483 4959 2657 5030 tangit
2704 4958 3003 5013 utilitatem
3033 4954 3281 5025 capiunt,
3314 4960 3369 5009 et
3391 4967 3524 5023 qua.

238 5061 309 5101 τα
337 5049 382 5082 ’⁵⁸
438 5051 532 5104 καὶ
576 5049 673 5122 τὴν
723 5050 892 5122 ζωὴν,
941 5050 974 5121 ἢ
1030 5052 1170 5122 μόνα
1222 5052 1289 5106 τὰ
1338 5052 1593 5124 δεκτικὴν
1635 5051 1817 5123 ἔχοντα

1940 5054 2151 5108 litalem
2194 5067 2257 5107 ac
2292 5053 2463 5108 vitam
2510 5050 2826 5107 hauriunt?
2857 5065 2926 5105 an
2948 5050 3053 5104 illae
3087 5049 3218 5105 sola:
3244 5062 3368 5119 quae
3412 5046 3522 5099 vim

350 5192 372 5219 ο
401 5180 566 5236 Joan.
601 5197 683 5247 ιιι,
707 5182 760 5235 5.
871 5182 897 5222 ἀ
920 5182 1082 5239 Joan.
1116 5200 1250 5252 xv",
1288 5184 1375 5238 l9.

1493 5195 1516 5222 ο
1542 5183 1700 5239 Joan.
1728 5201 1843 5251 nx,
1866 5185 1957 5240 Si.

1429 5362 1447 5382 ι
1510 5302 1749 5377 vitam
1775 5304 2183 5372 LECTIONES.

208 5478 213 5481 _
254 5489 268 5503 Ι
318 5422 363 5503 ξε
391 5420 449 5476 1η
483 5423 657 5503 altero
691 5422 989 5503 exemplari
1009 5421 1497 5503 nBavaric_p,_lltec_
1551 5424 1814 5503 periodus
1869 5427 2209 5503 subtexitur.
2286 5431 2333 5464 ⁸⁷
2365 5432 2650 5503 ἠρωτήθη.
2726 5433 2770 5465 ⁸⁸
2797 5432 2858 5488 C.
2892 5432 2954 5484 Β.
3000 5426 3151 5494 παρὰ
3183 5427 3400 5484 πιστοῦ.
3431 5428 3525 5485 Sic

254 5489 414 5547 habet
466 5496 659 5575 titulus
691 5494 747 5575 in
771 5489 983 5575 godice
1005 5490 1217 5575 Grieco.
1240 5492 1309 5575 'lh
1336 5489 1596 5548 'l‘urriani
1632 5497 1824 5552 codice
1858 5501 2122 5570 pleraque
2154 5516 2282 5572 pars
2312 5489 2480 5568 titu'li,
2512 5489 2644 5575 pars
2680 5511 2971 5559 contextus
3012 5489 3157 5562 erit.
3210 5505 3269 5549 ιιι
3297 5509 3525 5571 apparet

262 5577 322 5613 ex
352 5566 622 5620 versione.
696 5563 742 5593 ⁸⁵³
771 5562 936 5617 Turr.
974 5564 1101 5632 legit
1133 5562 1416 5632 ποιότητα.

1758 5656 1996 5715 NOTAE}.

328 5746 437 5817 (47)
474 5749 708 5820 Codices
745 5747 995 5803 llavarici
1026 5748 1118 5804 hic
1152 5758 1281 5804 sunt
1316 5748 1521 5803 mutili.
1562 5747 1830 5820 lntegrius

261 5820 535 5890 exemplar
571 5818 883 5874 Turriantts
921 5821 1133 5885 habuit,
1176 5834 1233 5874 ut
1271 5820 1616 5875 Cencbrard.

2015 5748 2263 5826 (48)_’Ev
2298 5752 2390 5826 τῷ
2429 5753 2598 5826 αὐτῷ,
2636 5756 2688 5810 id
2737 5767 2842 5822 est,
2892 5756 2947 5810 in
2992 5756 3182 5812 eadem
3216 5755 3522 5820 divinitate,

1946 5820 2115 5886 induit
2146 5820 2477 5880 Turrianus.
