4000 6440
194 527 328 596 1565
1574 533 1780 593 OPUSt

1886 536 1995 595 LA.
3318 524 3465 591 1566

188 641 356 703 οὕτως
388 637 524 710 ἔχει.
572 639 646 697 Οὐ
685 640 795 714 γὰρ
826 640 941 713 ἔχει
972 642 1033 696 τὸ
1069 643 1225 708 τέλος
1252 642 1350 714 τὴν
1383 641 1674 716 ὕπαρξιν,’
1706 643 1767 696 τὸ

1886 646 2015 715 mod
2041 646 2262 716 quidem
2298 646 2342 703 si
2375 646 2659 717 proprium
2693 644 2857 699 linem
2890 640 3055 714 406
3087 655 3195 695 non
3231 654 3295 693 ac
3335 640 3457 710 ipit.

188 734 277 786 τὸν
314 729 441 784 Υἱὸν
484 729 580 783 τοῦ
617 731 754 785 Θεοῦ
800 734 1117 802 γεννᾶσθαι,
1148 734 1264 788 ἀλλ’
1288 733 1407 788 ἐστι
1454 735 1627 797 τέλος,
1667 734 1762 785 καὶ

1886 738 2257 809 ηηιρετίεειυιη
2292 747 2417 807 est;
2454 740 2507 794 in
2559 738 2701 793 Filio
2733 743 2916 791 autem
2958 732 3053 788 Dei
3109 748 3215 787 non
3252 732 3332 787 sic
3359 739 3465 794 est,

187 823 387 878 τέλειόν
430 824 598 878 ἐστιν.
645 823 803 879 Ἐπεὶ
843 825 937 881 οῦν
978 826 1194 899 ἐδείχθη
1230 827 1317 882 ἀεὶ
1354 828 1649 897 γεννᾶσθαι
1675 827 1765 880 τὸν

1886 842 1987 881 non
2021 830 2171 883 enim
2224 829 2327 883 boc
2365 829 2510 898 quod
2572 834 2681 895 est,
2720 825 2978 898 generari
3019 822 3249 883 Filium.
3302 822 3465 877 ﬁnem

190 912 335 975 Υίὸν,
365 911 508 965 τοῦτ’
539 912 707 982 ἐστιν,
730 916 817 969 ἀεὶ
849 919 913 970 ἐκ
945 916 1039 972 τοῦ
1075 918 1292 991 Πατρὸς
1331 920 1477 988 ἔχειν
1500 918 1562 971 τὸ
1589 913 1752 981 εἶναι,

189 1006 280 1060 καὶ
302 1006 330 1056 6
359 1006 548 1075 Πατὴρ
599 1008 709 1078 ἄρα
761 1010 849 1063 ἀεὶ
891 1013 1076 1082 γεννᾷ,
1115 1012 1286 1083 ἤγουν
1317 1012 1405 1066 ἀεὶ
1439 1011 1612 1074 αἴτιός
1647 1011 1767 1062 ἐστι⁹

188 1097 279 1151 τοῦ
312 1097 464 1152 Υίοῦ.
496 1099 608 1152 Καὶ
630 1100 804 1155 ταῦτα
835 1102 1008 1166 οὕτως
1038 1103 1315 1176 διορίσθω.

1874 918 2041 973 liabet
2069 921 2247 989 ipsam
2288 920 2610 985 essentiam,
2640 919 2736 974 sed
2769 925 2852 973 est
2888 914 3040 981 ﬁnis,
3076 923 3131 969 et
3164 913 3464 984 perlectum

1875 1016 1980 1063 est.
2015 1008 2149 1074 Quia
2187 1010 2359 1080 igitur
2392 1010 2834 1065 demonstratum
2900 1016 2986 1062 est
3023 1020 3245 1074 semper
3290 1018 3462 1073 gene-

1877 1099 1987 1150 rari
2021 1097 2242 1163 Filium,
2283 1098 2337 1152 id
2366 1106 2472 1163 est,
2501 1113 2715 1166 semper
2750 1097 2956 1151 habere
2977 1111 3040 1151 ex
3080 1095 3243 1148 Patre
3270 1107 3464 1147 essen-
3509 1095 3537 1166 ε

192 1191 343 1252 tiam,
368 1198 423 1245 et
457 1189 623 1246 Pater
648 1194 838 1266 utique
868 1211 1086 1267 semper
1115 1209 1358 1268 generat,
1401 1198 1453 1253 id
1485 1204 1588 1262 est,
1638 1205 1855 1263 semper
1914 1198 1999 1245 est
2058 1191 2392 1264 principium
2445 1190 2592 1244 Filii.
2644 1190 2826 1260 Atque
2876 1190 2990 1243 haec
3081 1186 3305 1257 quidem
3381 1184 3465 1238 sic
3514 1184 3521 1260 ξ

190 1279 459 1349 explicata
496 1278 657 1337 si;tt..

648 1374 911 1442 Σχόλιον
942 1375 1051 1430 τοῦ
1099 1377 1308 1431 αὐτοῦ.

261 1460 496 1516 Λέλυται
526 1463 634 1533 ἄρα
662 1464 723 1517 τὸ
742 1465 937 1517 δοκοῦν
967 1466 1172 1536 ἄπορον
1196 1466 1523 1537 πρόὸλημα,-
1546 1467 1692 1536 λέγω
1715 1467 1771 1521 δὲ

191 1552 269 1614 τὸ,
308 1550 557 1624 πότερον,
587 1555 719 1633 ὄντα
776 1557 939 1610 αὐτὸν
990 1558 1357 1629 γεγέννηκεν,
1384 1560 1418 1627 ἢ
1474 1560 1575 1613 οὐκ
1619 1560 1769 1613 ὄντα.

205 1646 353 1699 Ἐπεὶ
366 1646 480 1719 γὰρ
497 1648 597 1701 οὐκ
614 1649 744 1704 ἄλλο
769 1653 1026 1722 σημαίνει
1051 1652 1211 1707 τοῦτο
1234 1653 1267 1724 ἢ
1298 1653 1378 1721 τὸ,
1404 1652 1557 1717 ὄντος
1583 1653 1770 1718 αὑτοῦ,

191 1734 257 1809 ἦν
284 1741 457 1803 αἴτιος
488 1740 583 1795 τοῦ
630 1737 771 1797 εἶναι
813 1745 995 1812 αὐτὸν,
1023 1746 1055 1817 ἢ
1092 1748 1166 1817 μὴ
1196 1747 1348 1811 ὄντος
1383 1764 1399 1780 ⁸
1433 1747 1553 1801 οἵαν
1580 1747 1647 1802 ἂν
1680 1745 1776 1802 οὖν

192 1830 488 1903 ἀπόκρισιν
521 1834 755 1904 ἁρμόζει
794 1837 931 1906 πρὸς
960 1837 1170 1907 ταύτην
1199 1837 1299 1910 τὴν
1330 1838 1604 1909 ἐρώτησιν
1629 1840 1774 1893 ἀπο-

191 1921 396 1990 δοῦναι,
423 1925 522 1978 καὶ
561 1927 700 1997 πρὸς
746 1929 848 1998 τὴν
905 1930 1336 1999 ἰσοδυναμοῦσαν
1367 1933 1508 2003 αὐτῇ
1542 1948 1775 2002 προκει-

197 2012 366 2083 μένην
438 2014 754 2087 ἐρώτησιν,
797 2018 897 2091 τὴν
963 2021 1402 2091 ίσοδυναμοῦσαν
1480 2024 1773 2095 ἀπόκρισιν

192 2103 406 2174 ἁρμόσῃ
437 2103 721 2174 λέγεσθαι.
758 2109 913 2164 Ἐπεὶ
937 2106 1031 2164 οὖν
1060 2114 1089 2165 6
1120 2111 1314 2183 Πατὴρ
1338 2112 1433 2166 ’ἀεὶ
1463 2113 1637 2176 αἴτιός
1662 2116 1779 2167 ἐστι

193 2193 286 2247 τοῦ
334 2191 479 2249 εἶναι
520 2197 633 2251 τὸν.
662 2199 814 2264 Υἱὸν,
844 2202 1024 2271 δῆλον,
1052 2204 1135 2258 ὅτι
1186 2205 1276 2258 ἀεὶ
1323 2206 1417 2259 τοῦ
1451 2206 1586 2260 Υἱοῦ
1626 2207 1781 2271 ὄντος

195 2288 340 2341 ἐστὶν
383 2291 555 2352 αἴτιος
594 2291 761 2346 αὑτοῦ
795 2295 823 2346 6
865 2295 1076 2368 Πατήρ.
1112 2297 1277 2351 Ὥστε
1319 2297 1473 2362 ὄντος
1517 2300 1681 2354 αὐτοῦ
1711 2296 1779 2371 ἦν

195 2374 365 2439 αἴτιος
420 2376 589 2431 αὐτοῦ
620 2381 649 2432 6
706 2381 916 2453 Πατήρ·
954 2383 1116 2437 τοῦτο
1159 2384 1217 2438 δὲ
1262 2389 1458 2440 ταυτὸν
1507 2390 1623 2443 ἐστι
1678 2390 1777 2460 τῷ,

196 2464 323 2520 ὄντα
371 2467 538 2521 αὐτὸν
598 2470 933 2543 γεγέννηκεν
958 2490 971 2504 ο
1022 2474 1153 2528 ὄντα
1202 2477 1364 2532 αὐτὸν
1412 2479 1519 2549 ἄρα
1591 2482 1784 2549 γεγέν-

198 2572 347 2626 νηκε.
384 2560 493 2612 Καὶ
536 2560 636 2613 οὔκ
690 2563 913 2619 ἄτοπον.
956 2566 1080 2621 Ἐπὶ
1129 2568 1240 2639 γὰρ
1292 2569 1452 2634 Θεοῦ,
1478 2571 1785 2642 οὐῐσημαί-

197 2663 295 2712 νει,
315 2648 380 2701 τὸ
411 2651 769 2719 γεγέννηκε,
797 2654 861 2708 τὸ
888 2657 1165 2726 παράγειν
1189 2676 1245 2712 τι
1278 2659 1338 2726 ἐξ
1370 2660 1537 2714 αὐτοῦ
1577 2662 1644 2713 ἐκ
1690 2661 1782 2715 τοῦ

200 2738 276 2809 μὴ
319 2740 474 2804 ὄντος
513 2743 596 2806 είς
639 2744 701 2797 τὸ
758 2740 923 2801 εἶναι.
962 2748 1099 2800 Τότε
1162 2749 1271 2818 γὰρ
1325 2745 1396 2818 ἦν
1449 2750 1655 2805 ἄτοπον
1698 2753 1780 2816 τὸ,

194 2827 324 2883 ὄντα
372 2832 538 2885 αὐτὸν
577 2831 908 2906 γεγέννηκεν
942 2853 955 2867 ·
995 2837 1071 2901 ὡς
1116 2837 1172 2891 δὲ
1217 2838 1581 2910 δὶωρισοιμεν,
1619 2841 1782 2895 οὐδα-

196 2937 314 2990 μως
321 2961 335 2974 .

2369 1364 2640 1419 Scholium
2695 1365 2953 1434 ejusdem.

1943 1455 2022 1511 Ex
2054 1455 2142 1510 his
2177 1455 2421 1511 solutum
2462 1465 2644 1509 manet
2692 1456 2976 1525 problema
3012 1453 3171 1517 illud,
3212 1453 3354 1522 quod
3385 1453 3468 1505 vi-

1870 1546 2034 1602 detur
2082 1545 2457 1602 dubitationis
2500 1546 2744 1614 plenum,
2780 1544 2940 1607 illud,
2973 1545 3233 1613 inquam,
3280 1551 3465 1596 utrum

1871 1634 2033 1692 Pater
2066 1636 2427 1691 exsistentem
2502 1635 2703 1689 Filium
2757 1635 3038 1706 genuerit,
3066 1648 3134 1689 an
3168 1650 3274 1688 non
3317 1635 3468 1688 exsi-

1883 1734 2144 1780 stentem.
2168 1725 2307 1782 Cum
2340 1724 2487 1780 enim
2520 1725 2627 1779 hoc
2659 1740 2771 1780 non
2797 1724 3070 1794 signiﬁcet
3097 1723 3269 1789 aliud,
3302 1736 3467 1791 quam

1885 1817 2062 1883 istud;
2100 1826 2285 1872 utrum
2334 1818 2500 1872 Pater
2550 1796 2726 1872 fuerit
2750 1818 3083 1887 principium
3144 1816 3267 1871 Filii
3315 1818 3468 1872 exsi-

1882 1911 2102 1977 stentis,
2135 1925 2202 1964 an
2233 1926 2342 1964 non
2366 1911 2724 1976 exsistentis;
2764 1926 2888 1980 qua:
2914 1910 3200 1979 responsio
3229 1909 3296 1964 ad
3326 1910 3466 1963 banc

1882 2000 2242 2072 quaestionem
2288 2001 2531 2066 dabitur,
2587 1999 2780 2055 eadem
2835 1998 3306 2054 accommodanda
3360 1998 3469 2050 erit

1809 2074 1852 2129 Β
1882 2090 1949 2145 ad
1990 2090 2155 2145 aliam
2205 2090 2336 2144 huic
2392 2089 2860 2160 tequipollentem.
2911 2088 3049 2143 Cum
3111 2087 3280 2157 igitur
3306 2085 3469 2141 Pater

1869 2200 2101 2266 semper
2154 2187 2227 2241 sit
2278 2185 2611 2256 principium
2668 2185 2814 2249 Filii,
2884 2183 3235 2239 manifestum
3287 2181 3469 2237 evadit

1881 2275 2100 2332 Patrem
2151 2293 2372 2347 semper
2399 2276 2719 2331 exsistentis
2770 2275 2895 2331 Filii
2947 2290 3073 2331 esse
3111 2274 3463 2345 principium.

1880 2366 2073 2436 Itaque
2099 2367 2423 2421 exsistentis
2458 2367 2584 2420 Filii
2617 2366 2952 2436 principium
2990 2372 3097 2421 est.
3129 2364 3285 2430 Quod
3318 2363 3460 2418 idem

1882 2465 1988 2522 est,
2052 2472 2117 2512 ac
2164 2456 2347 2511 illud:
2415 2458 2776 2511 exsistentem
2836 2456 3069 2525 genuit;
3110 2456 3466 2509 exsistuntem

1884 2551 2054 2621 igitur
2082 2549 2293 2617 genuit.
2324 2547 2515 2618 Neque
2550 2549 2656 2601 hoc
2697 2548 2999 2601 absurdum
3026 2554 3132 2601 est.
3167 2545 3298 2598 Nam
3334 2543 3465 2599 illud

1884 2643 2087 2712 genuit,
2128 2656 2237 2695 non
2272 2640 2550 2710 signiﬁcat
2581 2640 2635 2693 in
2693 2638 2806 2694 Deo
2848 2635 3055 2707 aliquid
3090 2653 3155 2691 ex
3202 2628 3470 2689 nonesse

1883 2735 1949 2789 ad
1998 2748 2123 2788 esse
2158 2733 2498 2802 producere;
2533 2731 2614 2787 sic
2657 2731 2802 2785 enim
2855 2728 3152 2785 absurdum
3208 2727 3350 2781 foret
3384 2726 3469 2779 di-

1887 2839 2034 2889 cere,
2064 2822 2280 2877 Patrem
2319 2822 2581 2893 genuisse
2609 2820 2812 2875 Filium
2847 2821 3229 2875 exsistentem.
3257 2816 3335 2871 Eo
3369 2831 3470 2869 au-

1890 2925 1996 2969 tem
2035 2913 2219 2979 modo,
2253 2928 2363 2983 quo
2388 2929 2491 2969 nos
2544 2915 2598 2967 id
2637 2911 2997 2975 allirmamus,
3029 2910 3176 2964 omni
3217 2908 3472 2962 absurdi-

1888 3011 2000 3059 tate
2030 3011 2201 3059 caret.

1748 3119 1967 3176 XXVII.

198 3202 503 3279 Θεοδώρου
538 3209 917 3279 ίφιλοσρφου
963 3208 1336 3279 ,ἐπισκόπου
1392 3211 1603 3279 Καρῶν
1669 3213 1778 3269 τοῦ

457 3277 813 3345 Ἄϐουκαρᾶ,
844 3278 977 3344 περὶ
1012 3280 1162 3333 Θεοῦ
1206 3277 1533 3349 ὀνομάτων.

1946 3212 2209 3269 Theodori
2268 3212 3029 3350 11αρὶοροιᾎαηὶίὸξῖεριιιαιὶο
3085 3211 3147 3263 de
3210 3211 3417 3263 nomine

2595 3300 2641 3338 ει
2796 3323 2809 3335 .

2595 3300 2641 3338 ει
2674 3300 2809 3338 IDlI.

1515 3394 1760 3445 Turriano
1782 3393 2076 3445 interprete.

1516 3410 1760 3445 'turnano

267 3474 342 3528 T6
365 3474 498 3537 Θεὸς
543 3473 880 3545 ὄνομα,.ἀπό
922 3490 1070 3539 τινος
1115 3477 1400 3549 ἐνεργείας
1449 3479 1689 3550 εἴρηται,
1718 3478 1778 3531 οὐ

1888 3410 2076 3458 rprete.
2378 3456 2381 3457 ν

1957 3480 2168 3534 Nomen
2219 3476 2316 3532 Dei
2360 3491 2388 3529 a
2436 3477 2675 3546 quadam
2733 3474 3057 3544 operatione
3094 3474 3301 3528 dictum
3350 3481 3473 3541 cst;

200 3563 307 3636 μὴν
350 3566 451 3636 τῆς
493 3566 776 3637 ἐνεργείας
810 3566 929 3619 ἐστὶ
960 3570 1320 3637 σημαντικὸν,
1363 3569 1503 3622 ἀλλὰ
1537 3572 1635 3641 τῆς
1682 3570 1783 3638 φύ-

198 3671 335 3719 σεως
385 3656 491 3725 τῆς
534 3655 886 3728 ἐνεργούσης*
918 3660 969 3711 εί
1012 3658 1123 3730 γὰρ
1170 3658 1230 3711 τὸ
1258 3658 1390 3722 Θεὸς
1424 3658 1599 3733 δνομφι
1627 3662 1781 3731 ἐνερ-

197 3747 354 3814 γείας
385 3748 712 3819 δηλωτικὸν,
751 3751 860 3803 πᾶν
898 3750 954 3803 δὲ
984 3749 1178 3820 ὄνομα,
1206 3745 1414 3815 οὗτινός
1454 3753 1574 3804 ἐστι
1611 3752 1786 3819 δηλω-

194 3839 369 3900 τικὸν,
431 3840 647 3894 ἐκείνου
684 3842 833 3894 ἐστὶν
870 3840 1064 3910 ὄνομα,
1092 3843 1190 3895 καὶ
1215 3842 1273 3895 τὸ
1309 3843 1439 3906 Θεὸς
1474 3845 1584 3914 ἄρα
1615 3843 1787 3912 ὄνομα

196 3929 483 4003 ἐνεργείας
518 3933 673 3991 ἐστὶν
705 3932 895 4005 ὄνομα.
933 3934 1097 3986 Ὥστε
1123 3934 1183 3987 τὸ
1214 3931 1608 4005 ὠνομασμένον
1630 3934 1783 3998 Θεὸς,

196 4023 229 4091 ἡ
253 4022 509 4095 ἐνέργεια
541 4024 633 4077 τοῦ
683 4024 821 4077 Θεοῦ
853 4028 991 4079 ἐστι.
1023 4025 1158 4088 Θεὸς
1191 4025 1299 4096 ἄρα
1328 4028 1360 4096 ή
1397 4026 1650 4096 ἐνέργεια
1688 4027 1786 4080 τοῦ

195 4113 353 4180 Θεοῦ,
395 4116 496 4170 καὶ
521 4117 549 4169 6
574 4116 707 4180 Θεὸς
733 4117 767 4186 ἡ
788 4116 1043 4188 ἐνέργεια
1064 4117 1232 4172 αὐτοῦ
1282 4120 1419 4172 ἐστι.
1457 4119 1665 4172 Ταυτὸν
1682 4117 1789 4190 ἄρα

197 4206 346 4273 Θεὸς,
380 4208 482 4262 καὶ
520 4208 769 4289 ἐνέργεια
790 4208 948 4274 Θεοῦ,
983 4210 1120 4281 ὅπερ
1148 4209 1427 4264 ἀδύνατον.

269 4300 330 4352 El
362 4300 420 4354 δέ
452 4317 534 4364 τις
558 4300 854 4371 ἐριστικῶς
882 4301 1052 4368 λέγοι,
1087 4301 1163 4364 ὡς
1205 4301 1306 4354 οὐκ
1336 4300 1602 4354 ἀδύνατον
1629 4301 1790 4355 τοῦτο

196 4387 434 4456 τιθέναι,
473 4389 628 4451 ἵστω,
658 4390 733 4453 ώς
756 4390 928 4444 πολλὰ
958 4391 1135 4445 ἄτοπα
1165 4390 1454 4460 συμϐαίνει
1479 4390 1629 4459 αὑτῷ
1656 4393 1790 4461 ὁμο-

198 4476 397 4547 λογεῖν.
444 4481 694 4552 Πρῶτον,
728 4482 789 4535 τὸ
824 4481 960 4552 πρὸς
985 4481 1046 4534 τὸ
1078 4480 1522 4548 αὑτὸλέγεσθαι.
1553 4482 1636 4535 Τὰ
1676 4482 1786 4551 γὰρ

170 4572 175 4581 ’
198 4574 389 4640 ταυτα,
416 4574 563 4645 πρὸς
593 4574 655 4627 τὸ
680 4572 812 4627 αὐτὸ
851 4573 1076 4640 λέγεται
1098 4573 1166 4636 ⁶¹,
1194 4573 1309 4640 εἴγε
1331 4572 1422 4625 τὸν
1453 4573 1617 4625 αὐτὸν
1641 4572 1792 4642 δέχε-

198 4677 287 4716 ται
315 4679 333 4731 ;
368 4666 512 4735 ἄλλη
544 4666 587 4696 ⁶²
610 4665 705 4719 τοῦ
736 4664 875 4718 Θεοῦ
916 4665 1135 4732 λέγεται
1167 4664 1418 4735 ἐνέργεια
1447 4683 1460 4696 ·
1487 4664 1515 4718 6
1543 4665 1678 4727 Θεὸς
1726 4664 1788 4716 οὐ

199 4750 421 4823 λέγεται
466 4757 561 4811 τοῦ
587 4756 723 4810 Θεοῦ
749 4752 889 4810 εἶναι
913 4757 1066 4821 Θεός.
1106 4759 1288 4827 Ἐτιή
1330 4757 1586 4827 ἐνέργεια
1634 4757 1790 4827 ἐνερ-

201 4846 427 4915 γοῦντος
476 4852 627 4904 ἐστιν
670 4849 958 4921 ἐνέργεια,
994 4852 1021 4903 6
1053 4850 1109 4902 δὲ
1160 4850 1292 4913 Θεὸς
1346 4851 1448 4903 οὐκ
1501 4848 1791 4920 ἐνεργοῦν-

202 4936 291 5001 τός
354 4941 479 4994 ἐστι
542 4941 697 5004 Θεός.
733 4941 875 5004 Ἔτι,
938 4942 987 4993 εἰ
1033 4941 1230 4994 ταύτὸν
1287 4940 1443 5004 Θεὸς,
1481 4941 1577 4993 καὶ
1634 4940 1792 5011 ἐνέρ-

1885 3587 1992 3627 non
2044 3578 2227 3623 tamen
2291 3568 2569 3638 signiﬁcat
2619 3566 3016 3638 operationem,
3068 3565 3161 3620 sed
3216 3574 3472 3619 naturam

1886 3671 2232 3732 operantem.
2275 3660 2331 3713 Si
2389 3660 2535 3715 enim
2583 3672 2780 3713 nomen
2820 3657 2987 3719 Deus,
3026 3655 3301 3725 signiﬁcat
3337 3670 3473 3725 Ope-

1887 3753 2181 3816 rationem,
2208 3766 2373 3805 omne
2408 3761 2590 3804 autem
2643 3764 2843 3802 nomen
2883 3748 3046 3817 cujus
3085 3748 3248 3802 habet
3299 3747 3470 3817 signi-

1890 3844 2231 3904 ﬁcationem.
2281 3842 2431 3897 illius
2488 3850 2572 3896 est
2624 3855 2851 3906 nomen,
2889 3840 3057 3910 igitur
3093 3853 3295 3893 nomen
3330 3836 3478 3892 Deus

1889 3952 2092 3991 nomen
2152 3934 2494 4005 operationis
2559 3941 2666 3989 est.
2721 3931 2906 3998 Quare
2956 3930 3101 4001 quod
3161 3930 3481 3985 nominatur

1890 4028 2061 4094 Deus,
2109 4028 2361 4098 operatio
2417 4025 2512 4080 Dei
2572 4034 2679 4081 est.
2735 4024 2994 4094 Operatio
3028 4025 3193 4094 igitur
3247 4022 3339 4076 Dei
3395 4032 3478 4075 est

1890 4119 2057 4183 Deus,
2092 4126 2147 4175 et
2197 4118 2343 4172 Deus
2379 4125 2465 4172 est
2515 4118 2769 4185 operatio
2810 4131 2930 4170 sua.
2984 4114 3129 4169 Idem
3179 4113 3347 4183 igitur
3394 4120 3480 4165 est

1891 4212 2058 4273 Deus,
2095 4220 2150 4266 et
2183 4211 2436 4280 Operatio
2470 4208 2584 4273 Dei,
2628 4208 2776 4277 quod
2813 4216 2898 4261 est
2935 4206 3296 4275 impossibile.

1963 4303 2169 4372 Siquis
2203 4318 2337 4359 vero
2387 4301 2736 4356 contentiose
2793 4298 2943 4353 dicat
2977 4313 3142 4367 posse
3189 4297 3291 4350 boc
3348 4296 3478 4365 poni

1892 4403 1945 4449 et
1988 4394 2407 4465 concedi,sciat
2461 4393 2529 4456 is,
2583 4392 2757 4445 multa
2812 4390 3049 4444 absurda
3122 4388 3247 4442 inde
3298 4386 3477 4454 sequi.

1894 4486 2166 4551 Primum,
2198 4484 2264 4539 nil
2307 4485 2450 4551 idem
2478 4482 2612 4537 dici.
2645 4482 2777 4548 Qua:
2809 4481 2956 4535 enim
2993 4488 3123 4533 sunt
3158 4476 3368 4533 eadem.
3415 4476 3480 4527 ad

1895 4580 2038 4634 idem
2069 4578 2369 4640 dicuntur;
2411 4584 2467 4629 at
2494 4575 2747 4643 Operatio
2788 4571 2903 4637 Dei,
2932 4570 3023 4624 Dei
3069 4569 3317 4636 operatio
3346 4568 3484 4621 dict-

1895 4681 2010 4735 tur;
2047 4668 2191 4724 Deus
2214 4683 2346 4722 vero
2382 4681 2492 4721 non
2552 4665 2757 4720 dicitur
2812 4678 2937 4718 esse
2974 4663 3118 4716 Deus
3167 4660 3285 4714 Dei.
3336 4658 3483 4713 Prte-

1880 4748 2070 4826 terea,
2111 4759 2370 4831 operatio
2399 4759 2683 4829 operantis
2736 4756 2986 4825 Operatio
3032 4762 3158 4820 est;
3207 4753 3350 4809 Deus
3385 4768 3483 4805 au-

1901 4861 2009 4909 tem
2070 4867 2183 4907 non
2239 4859 2323 4907 est
2374 4850 2517 4906 Deus
2576 4848 2883 4917 operantis.
2944 4831 3185 4910 Rursus,
3230 4845 3275 4900 si
3342 4843 3487 4900 idem

1905 4944 2084 5014 ipsum
2117 4952 2203 5000 est
2236 4941 2405 5011 Deus,
2429 4950 2484 4995 et
2509 4943 2761 5012 operatio
2791 4939 2909 5005 Dei,
2941 4939 3193 4993 dicentur
3227 4936 3389 4989 ambo
3422 4934 3489 4988 de

204 5043 331 5093 γεισ.
385 5032 551 5096 Θεοῦ,
584 5034 979 5103 κατηγοροῖντο
1030 5032 1096 5085 ἂν
1150 5031 1436 5102 ἀμφότερα
1502 5032 1640 5086 κατὰ
1684 5030 1780 5083 τῶι

1904 5035 2150 5102 eisdem;
2203 5042 2258 5088 at
2297 5037 2442 5089 Deus
2470 5031 2539 5087 de
2574 5031 2737 5085 Patre
2763 5029 2987 5091 dicitur,
3017 5035 3073 5082 et
3114 5024 3276 5087 Filio,
3323 5024 3488 5097 m7

208 5122 409 5183 αὸτῶν.
441 5125 582 5205 ᾍλῖ
608 5127 636 5179 6
669 5125 803 5191 Θεὸς
833 5129 1225 5197 κατηγορεῖται
1253 5126 1397 5179 κατὰ
1428 5125 1666 5197 Πατρὸς,
1702 5143 1775 5179 κα

1902 5137 1958 5183 et
2011 5122 2219 5197 spiritu
2283 5134 2498 5190 sancto,
2554 5123 2801 5193 Operatio
2830 5135 2960 5175 vero
3025 5134 3138 5175 non
3192 5119 3295 5173 sic.
3329 5115 3490 5169 Pater

214 5208 369 5281 Υίοῦ,
402 5217 500 5271 καὶ
534 5217 873 5288 Πνεύματος.
918 5217 981 5271 Ἦ
1014 5217 1069 5270 δὲ
1099 5218 1351 5289 ἐνέργεια
1383 5218 1479 5287 οὐχ
1505 5218 1732 5286 ὁμοίωςο
1770 5235 1780 5268 t

1903 5220 2049 5274 enim
2096 5219 2244 5275 Deus
2303 5228 2422 5282 est;
2474 5217 2731 5272 similiter
2786 5222 2841 5267 et
2894 5211 3090 5277 Filius,
3130 5221 3184 5264 et
3247 5207 3489 5277 Spiritus

212 5302 322 5375 γὰρ
375 5309 567 5383 Πατὴρ
620 5308 753 5374 Θεός
797 5326 813 5343 ο
839 5310 1041 5382 ὁμοίως
1084 5310 1140 5363 δὲ
1196 5311 1290 5362 καὶ
1333 5311 1360 5363 6
1407 5308 1555 5374 Υἱὸς,
1588 5310 1682 5361 καὶ
1737 5308 1780 5361 τὲ

1905 5320 2154 5364 sanctus.
2186 5308 2346 5364 Pater
2381 5316 2564 5361 autem
2600 5320 2705 5360 non
2742 5312 2827 5360 est
2865 5302 3135 5372 Operatio,
3175 5298 3255 5353 vel
3288 5294 3488 5368 Filius,

1491 5483 1726 5543 VAleE
1755 5483 2169 5540 LEC'I'IONES.

218 5592 221 5595 '
320 5579 364 5612 “
392 5583 518 5637 Ilazc
552 5599 659 5638 non
708 5584 977 5638 habentur
1012 5583 1064 5637 in
1097 5583 1392 5637 Turriano.
1474 5583 1518 5613 ⁶¹
1561 5581 1698 5634 ἀλλὰ
1733 5579 1863 5649 legit
1896 5577 2061 5633 Turr.

1700 5712 1928 5768 NOTAE.

287 5806 399 5877 (57)
440 5794 595 5868 Hunc
626 5812 840 5866 titulum
873 5811 1034 5873 habet
1068 5811 1247 5866 versin
1278 5809 1557 5863 'I‘ttrriani.
1584 5808 1688 5861 Sed
1727 5808 1778 5859 in

220 5889 334 5931 uno
359 5882 480 5955 rod.
515 5885 775 5955 Bavatico
808 5898 1067 5955 expresse
1101 5892 1184 5935 est
1215 5883 1345 5955 ista,
1385 5897 1547 5955 quam
1592 5894 1780 5955 ρει-κυι-

223 5958 367 6011 “WS.
400 5952 702 6023 insvriptio.
738 5954 792 6006 ιιι
848 5954 1019 6005 altern
1050 5954 1148 6006 ista
1184 5970 1196 6005 ε
1243 5949 1348 6003 Τοῦ
1380 5949 1543 6003 αὐτοῦ
1582 5950 1779 6014 oviu-

1891 5825 2003 5869 τος.
2063 5804 2332 5859 Pr-rcedit
2406 5810 2565 5856 antea
2638 5797 3120 5869 disputatiuncula
3186 5793 3489 5855 Theodoro

1893 5878 2135 5947 pt'rsbyt.
2173 5874 2370 5929 ltitithtt
2407 5873 2697 5942 inscripta.
