4000 6456
333 350 468 418 ἱῦῗἹ

392 469 580 535 Αἱρεῖ.
601 466 788 524 Now.

410 558 630 627 Ὀρϐόδ.
687 556 843 626 Εἶτα,
909 562 1052 633 μετὰ
1116 563 1450 636 ἰδιωμάτων,
1507 565 1539 637 ἢ
1594 566 1722 620 ἄνευ
1793 566 1913 620 τού-

326 667 438 706 των
451 668 467 717 ;

390 746 582 813 Alpst.
612 743 799 815 Μάνην
820 742 920 818 τὴν
951 747 1116 816 φύσιν
1148 747 1414 803 ἀνέλαϐεν
1448 748 1618 824 χωρὶς
1647 748 1756 802 τῶν
1781 748 1917 802 ἰδιω-

329 834 537 903 μάτων.
1399 891 1405 897 .

400 921 634 993 Ὀρθόό.
666 928 892 995 Λοιπὸν,
919 929 1013 984 καὶ
1054 927 1184 983 ἄνευ
1217 929 1530 1002 χρώματος,
1572 931 1667 991 καὶ
1698 933 1915 1004 σχήμα-

324 1020 563 1082 τος,ηκαὶ
588 1021 842 1092 κράσεως
864 1023 975 1076 τῶν
1008 1025 1292 1093 στοιχείων
1331 1016 1421 1095 ἦν,
1454 1025 1549 1078 καὶ
1576 1025 1705 1078 ἄνευ
1755 1026 1918 1097 μεγέ-

326 1108 475 1174 θους.
517 1111 681 1165 Ὥστε
729 1111 855 1166 οὕτε
904 1115 1254 1183 ὲγνωρίζετο,
1311 1114 1437 1169 οὔτε
1495 1117 1743 1188 ἑωρᾶτο,
1790 1116 1917 1171 οὕτε

326 1203 634 1276 ἐκρατεῖτο,
663 1203 786 1259 οὔτε
830 1207 896 1259 ὲκ
943 1206 1132 1273 παιδὸς
1189 1209 1270 1271 εἰς
1312 1207 1483 1280 ἄνδρα
1521 1208 1805 1283 ηὐξάνετο.
1851 1211 1917 1264 Τί

324 1293 456 1361 οῦν;
518 1297 803 1366 ὁμολογεῖς
859 1298 954 1352 ἐπὶ
1009 1299 1255 1371 Χριστοῦ
1325 1300 1426 1372 τὴν
1481 1302 1764 1374 ἀναίρεσιν
1820 1302 1916 1360 τοῦ

325 1385 659 1461 χρώματος,
730 1388 827 1443 καὶ
882 1390 1206 1461 σχήματος,
1271 1392 1367 1451 καὶ
1419 1393 1530 1447 τῶν
1591 1393 1718 1466 ἑξῆς
1769 1394 1919 1451 ἐκτε-

326 1475 531 1532 θέντων
545 1495 561 1543 ;

389 1571 581 1637 Αἱρεῖ.
606 1570 699 1641 Μὴ
728 1570 961 1640 γένοιτο.

398 1660 627 1730 Ὀρθόδ.
668 1664 988 1734 Ὀμολογεῖς
1034 1661 1145 1738 ἆρα
1161 1667 1262 1739 τὴν
1302 1666 1541 1741 ὓπαρξιν
1568 1669 1787 1735 αὑτῶνς
1846 1662 1847 1665 “

396 1756 590 1820 Αἱρετ.
632 1753 937 1824 Ὀμολογῶ.

399 1844 624 1913 Ὀρθόὸ.
660 1844 828 1914 nos;
851 1846 975 1919 οὐχὶ
1008 1846 1181 1904 ταῦτά
1210 1848 1326 1903 ἐστι
1386 1848 1442 1903 δὲ
1478 1849 1785 1924 ἰδιώματα;

402 2021 590 2082 Αἱρεῖ.
626 2020 751 2084 Πῶς
781 2021 893 2094 γὰρ
914 2020 1008 2087 οῦς

405 2111 629 2178 ὀρθόδ.
663 2114 834 2167 Μετὰλ
865 2115 1177 2185 ἰδιωμάτων
1209 2115 1319 2189 ἄρα
1351 2112 1466 2188 εἶχε
1503 2117 1606 2190 τὴν
1637 2120 1914 2191 ἡμετέραν

328 2203 492 2276 φύσιν
522 2207 550 2258 ὁ
578 2206 836 2276 Χριστός.
860 2206 1027 2271 Φύσις
1065 2207 1124 2263 δὲ
1162 2209 1301 2283 μετᾴ
1341 2209 1650 2284 ἰδιωμάτων
1675 2211 1913 2267 ὑπόστα-

330 2297 418 2362 ei;
452 2298 618 2364 ἐστιν,
641 2298 675 2368 ἢ
708 2300 769 2352 οὐ
792 2299 944 2353 δοκεῖ
981 2316 1099 2366 σοις

397 2493 591 2559 Αἱρετ.
636 2493 787 2548 Πάνυ
817 2495 916 2567 μὲν
943 2496 1057 2555 οῦν.

397 2584 629 2651 Ὀρθόδ.
679 2586 1017 2644 ’Υπόστασιν
1056 2590 1165 2661 ἄρα
1211 2590 1540 2664 προσέλαϐε,
1578 2596 1674 2650 κοιλ⁵
1713 2596 1777 2652 οὑ
1816 2596 1921 2671 μό-

326 2691 424 2747 νην
453 2677 549 2748 τὴν
576 2679 762 2748 φύσιν,
790 2681 865 2745 ὡς
890 2683 1225 2756 προέθηκας.

398 2771 595 2839 Αἱρεῖ.
639 2771 831 2835 Οὕτως
865 2773 1000 2844 ἔχει.

400 2858 631 2926 Ὀρθόδ.
681 2862 843 2915 Ἀλλά
878 2867 1158 2919 καὶτοῦτο
1189 2868 1472 2925 ἀδύνατον.

395 2936 588 3019 Αιρέτ.
622 2953 732 3008 Καὶ
763 2953 926 3007 πόθεν
961 2955 1107 3026 ἔχεις
1138 2959 1345 3025 δεῖξαι;

398 3042 631 3110 ,0⁸0θόδο
673 3045 782 3098 Καὶ
809 3045 918 3117 γὰρ
968 3048 1084 3118 ἤτοι
1117 3050 1403 3121 ἡνώοησαν
1442 3054 1499 3106 αἱ
1561 3055 1911 3123 ὑποστάσεις,

1758 324 2187 418 oruchm.
2270 410 2271 413 γ

1947 480 1991 535 Α
2094 470 2296 527 Ηωνει.
2320 468 2607 528 Naturam.

3468 356 3606 427 1578

2093 562 2323 617 ΟνιΙιοά.
2368 560 2597 629 Deinde,
2653 575 2782 617 cum
2842 559 3294 637 proprietatibus,
3344 576 3411 621 an
3486 567 3607 623 sine

2016 654 2493 723 proprietatibus?

2091 745 2293 802 eret.
2356 746 2540 804 Solam
2571 757 2827 804 naturam
2880 747 3089 820 accepit
3131 747 3250 809 sine
3293 750 3607 823 proprieta.

2018 835 2188 891 tibus.

2093 927 2320 984 Ortliod.
2372 924 2730 1003 Relinquitur
2783 931 2973 1003 igitur,
3008 940 3070 989 ut
3120 933 3241 993 sine
3295 935 3498 1003 colore,
3551 942 3609 993 et

2020 1013 2218 1090 ﬁgura,
2251 1029 2305 1076 et
2338 1023 2598 1078 mistione
2623 1023 3050 1093 elementorum,
3081 1030 3135 1079 et
3175 1025 3296 1084 sine
3328 1028 3605 1098 magnitu-

2019 1109 2171 1166 dine.
2228 1111 2596 1179 Quamobrem
2646 1130 2824 1184 neque
2857 1118 3280 1187 agnoscebatur,
3315 1134 3496 1191 neque
3525 1122 3609 1175 vi-

2019 1205 2274 1270 debatur,
2312 1224 2495 1279 neque
2535 1211 2849 1277 tenebatur,
2896 1228 3076 1283 neque
3101 1216 3411 1283 crescebat,
3442 1225 3502 1273 ut
3539 1233 3606 1275 ex

2022 1313 2194 1369 puero
2235 1300 2392 1358 ﬁeret
2429 1302 2533 1356 vir.
2568 1302 2709 1369 Quid
2749 1305 2957 1374 igitur?
3006 1308 3287 1363 conﬁteris
3318 1309 3609 1366 interitum

2020 1388 2245 1455 coloris,
2276 1402 2329 1452 et
2358 1393 2544 1466 ﬁgurae
2571 1405 2625 1451 et
2652 1396 2910 1464 aliorum,
2937 1413 3058 1471 qua:
3086 1403 3337 1478 exposita
3363 1409 3515 1470 sunt,
3551 1403 3609 1467 in

2018 1480 2278 1539 Christo?

2098 1572 2301 1631 Ureret.
2334 1575 2579 1635 Minime.

2092 1666 2317 1723 Ort/tod.
2344 1668 2642 1729 Conﬁteris
2665 1673 2833 1744 igitur
2861 1673 3036 1733 fuisse
3063 1673 3180 1733 haec
3210 1678 3264 1733 in
3297 1678 3398 1734 eo!

2091 1757 2297 1815 Haeret.
2332 1761 2632 1820 Confiteor.

1943 1829 1990 1889 Β
2091 1849 2320 1908 Orthod.
2387 1853 2601 1920 Quid?
2663 1855 2864 1913 Annon
2916 1867 3046 1915 sunt
3115 1858 3232 1917 haec
3301 1862 3611 1933 proprieta.

2018 1942 2140 1998 tes?

2091 2034 2296 2097 Ha’ret,
2320 2037 2433 2095 Cur
2454 2042 2599 2098 non?

2091 2126 2318 2184 Orthod.
2374 2129 2580 2186 Habuit
2634 2133 2801 2205 igitur
2834 2134 3096 2194 Christus
3144 2140 3398 2196 naturam
3444 2137 3607 2217 5.13

2017 2226 2268 2276 nostram
2308 2223 2450 2278 cum'
2490 2227 2964 2298 proprietatibus:
2996 2237 3196 2285 natura
3257 2238 3440 2287 autem
3479 2246 3609 2289 cum

2018 2315 2456 2385 proprietatibus
2542 2319 2859 2391 hypostasis
2952 2331 3068 2380 est.
3125 2326 3323 2382 Annon
3386 2327 3610 2382 videtur

2017 2405 2158 2462 tibi?

2095 2492 2299 2554 Haeret.
2332 2495 2587 2558 Maxime.

2080 2590 2323 2665 .Orthod.
2373 2591 2723 2669 Hypostasim
2758 2613 2888 2670 ergo
2918 2601 3252 2673 assumpsit;
3287 2610 3343 2658 et
3375 2617 3482 2661 non
3512 2615 3609 2661 so-

2018 2682 2128 2739 lam
2155 2693 2433 2751 naturam,
2469 2697 2529 2742 ut
2552 2690 2704 2760 prius
2739 2691 2995 2762 posuisti.

2087 2776 2287 2831 Ηαξνεε.
2324 2775 2413 2833 Sic
2444 2789 2552 2835 est.

2093 2864 2317 2922 Orthod.
2351 2870 2420 2923 At
2455 2871 2560 2926 hoc
2601 2872 2719 2928 ﬁeri
2746 2889 2854 2930 non
2885 2883 3087 2946 potest.

2096 2954 2296 3013 eret.
2322 2960 2388 3014 Et
2419 2962 2565 3018 unde
2594 2964 2699 3019 hoc
2731 2964 2931 3023 docere
2952 2966 3156 3041 potes?
3182 2990 3185 2994 ’

2093 3048 2319 3106 Orthod.
2355 3053 2489 3120 Quia
2521 3054 2604 3109 vel
2631 3057 2800 3113 unitas
2828 3069 2957 3114 sunt
2987 3061 3344 3130 hypostases,
3403 3066 3486 3120 vel
3518 3082 3608 3123 re-

328 3133 361 3206 ἢ
394 3135 618 3205 ἔμειναν
657 3141 1065 3211 κεχωρισμέναι
1088 3155 1105 3169 ⁸
1134 3144 1183 3195 εὶ
1220 3144 1320 3212 μὲν
1351 3142 1445 3199 οὖν
1480 3151 1909 3220 κεχωρισμέναι,

2036 3152 2342 3199 nanserunt
2368 3156 2658 3215 separatae,
2695 3156 2752 3204 et
2785 3159 2918 3205 tunc
2955 3151 3215 3208 Christus
3244 3153 3349 3208 erit
3373 3154 3502 3222 duo,
3552 3166 3608 3213 et

325 3224 422 3279 δύο
452 3226 632 3293 ἔσται,
660 3232 689 3284 ό
712 3231 968 3301 Χριστὸς,
1004 3234 1099 3287 καὶ
1124 3236 1222 3306 οὑχ
1267 3229 1370 3301 εἷς.
1409 3239 1473 3292 Ei
1514 3237 1609 3295 οὖν
1641 3243 1775 3314 σέϐῃ
1822 3245 1914 3299 τὸν

327 3313 565 3386 Χριστὸν
618 3317 710 3372 δύο
761 3320 921 3386 ὅντα,
966 3324 1099 3395 σέὅῃ
1148 3324 1206 3377 δὲ
1258 3326 1350 3379 τὸν
1399 3328 1654 3402 Πατέρα,
1711 3313 1809 3386 καὶ
1853 3337 1915 3390 τὸ

328 3407 553 3479 Πνεῦμα
572 3411 758 3475 αὑτοῦ,
781 3414 1040 3485 τετράδος
1065 3418 1433 3485 κινδυνεύσεις
1457 3423 1726 3497 σεδαστὴς
1749 3422 1912 3484 εἶναι.

329 3498 395 3555 Εἰ
443 3500 503 3555 δὲ
532 3502 823 3574 ήνῶθησαν
855 3507 909 3560 αἱ
951 3509 1279 3577 ὑποστάσεις
1325 3516 1406 3578 εἰς
1446 3517 1576 3587 μίαν
1611 3519 1916 3577 ὑπόστασιν

330 3592 609 3656 σύνθετον,
659 3595 880 3669 ἔσταιὴ
927 3598 1184 3667 σύνθετος
1236 3605 1557 3676 ὑπόστασις,
1604 3609 1731 3665 οὔτε
1794 3613 1916 3670 Θεία

328 3684 608 3758 καθαρῶς,
644 3687 766 3741 οὐδὲ
813 3689 1153 3761 ἀνθρωπεία,
1195 3696 1332 3752 ἀλλὰ
1372 3699 1539 3768 μέσον
1568 3702 1794 3759 τούτων.
1848 3708 1913 3761 Εἰ

326 3776 384 3828 δὲ
416 3775 669 3841 σύνθετος
695 3779 994 3847 ὑπόστασις
1027 3786 1261 3854 Χριστός
1291 3790 1460 3854 ἐστιν,
1487 3794 1515 3846 ό
1543 3794 1782 3864 Χριστὸς
1806 3797 1915 3870 ἄρα

325 3869 471 3924 κατὰ
512 3870 571 3923 σὲ
621 3870 746 3925 οὔτε
799 3874 921 3929 θεία
961 3878 1263 3946 ὑπόστασίς
1314 3884 1485 3952 ἐστιν,
1517 3887 1641 3942 οὕτε
1696 3869 1912 3964 ἅνθρω-

326 3958 482 4023 πεια,
513 3959 650 4013 ἀλλὰ
685 3963 852 4030 μέσον
886 3966 1021 4020 Θεοῦ
1078 3971 1172 4024 καὶ
1204 3971 1522 4044 ἀνθρώπου.
1569 3979 1731 4035 Ἀλλά
1781 3958 1914 4052 (ρευ-

324 4049 489 4103 κτέον
543 4050 645 4122 τὴν
694 4054 970 4112 ἀσέὸειαν.
1005 4059 1130 4124 Πῶς
1182 4057 1275 4118 οὖν
1331 4064 1479 4130 λύεις
1527 4069 1658 4140 ἡμῖν
1700 4049 1914 4129 τὸν-λό-

324 4156 425 4211 γον
451 4158 466 4207 ;

394 4238 587 4304 Αἱρεῖ.
629 4238 898 4310 Οὐδαμῶς
948 4242 1137 4308 ἱκανός
1198 4246 1354 4318 εἰμι’
1400 4251 1765 4324 χαριζόμενος
1814 4255 1912 4315 οὖν

324 4326 480 4396 ἡμῖν,
516 4326 746 4396 δίδαξον,
792 4331 847 4384 τί
882 4334 1223 4405 προσέλαϐεν
1270 4341 1299 4392 ὁ
1349 4342 1612 4413 Χριστὸς,
1648 4346 1831 4417 φύσιν,
1873 4351 1907 4424 ἢ

324 4416 627 4473 ὑπόστασιν
648 4434 663 4484 ;

397 4509 627 4578 Ὀρθόδ.
669 4512 858 4570 Φύσιν.

390 4605 587 4670 Αἱρεῖ.
626 4606 784 4660 Μετὰ
816 4607 1145 4713 ἰδέωμάτων,
1167 4613 1201 4685 ἢ
1227 4615 1357 4671 ἄνευ
1385 4620 1624 4689 τούτων;

395 4692 627 4765 Ὅρθόδ.
670 4698 824 4752 Μετά
857 4692 1189 4772 ἰδιωμάτων.

393 4788 585 4853 Αἱρεῖ.
639 4788 972 4847 ’Υπόστασιν
999 4795 1108 4866 ἄρα
1135 4800 1513 4874 προσέλαϐεν;
1547 4833 1555 4840 -

394 4877 625 4945 Ὀρθόδ.
668 4879 742 4934 Οὐ
771 4882 930 4952 δῆτα.

393 4971 570 5035 Alpe:
632 4970 745 5023 Kal.
777 4974 944 5028 πόθεν
972 4976 1169 5048 δῆλον;

392 5062 626 5154 Ὀρθόδ.
657 5062 820 5154 ΔἘγώ
854 5082 938 5121 σοι
986 5071 1207 5140 φράσω.
1248 5075 1407 5131 Ἔστι
1450 5079 1552 5149 μὲν
1596 5082 1709 5154 γάρ
1751 5101 1827 5153 τι,
1878 5085 1908 5139 δ

319 5146 539 5217 λέγεται
563 5150 883 5219 ὑπόστασις,
909 5155 1026 5210 ἔστι
1048 5159 1106 5214 δέ
1128 5178 1204 5229 τι,
1220 5162 1248 5219 ὃ
1269 5146 1486 5232 λέγεται
1517 5146 1902 5242 ὑποστατικὸν,

2018 3247 2126 3301 non
2180 3250 2345 3292 unus.
2389 3236 2572 3305 Quare
2612 3239 2660 3295 si
2708 3240 2846 3297 colis
2875 3240 3182 3311 Christum,
3229 3244 3324 3314 qui
3364 3247 3438 3301 sit
3469 3247 3605 3312 duo.

2018 3325 2156 3381 colis
2201 3328 2368 3382 etiam
2402 3329 2641 3399 Patrem,
2676 3343 2730 3387 et
2758 3333 3021 3404 Spiritum
3052 3333 3174 3404 ejus
3207 3354 3221 3391 :
3263 3352 3396 3409 ergo
3425 3340 3608 3397 cultor

2018 3427 2255 3489 quatuor
2281 3420 2486 3477 videris
2524 3436 2667 3479 esse.
2702 3423 2758 3479 Si
2790 3435 2970 3480 autem
2997 3426 3166 3481 unitas
3188 3436 3318 3483 sunt
3355 3429 3606 3487 in-unam

2016 3509 2356 3581 hypostasim
2393 3515 2771 3584 compositam.
2803 3517 2909 3572 erit
2937 3516 3253 3590 hypostasis
3275 3522 3602 3591 composita,

2016 3617 2194 3672 neque
2237 3619 2385 3659 mere
2415 3612 2477 3659 et
2511 3622 2652 3675 pure
2707 3607 2892 3663 divina
2923 3648 2939 3673 ,
2972 3625 3152 3680 neque
3193 3610 3455 3678 humana,
3505 3614 3606 3671 sed

2016 3693 2362 3757 intermedia.
2395 3696 2453 3751 Si
2486 3707 2670 3753 autem
2704 3698 2958 3755 Christus
2983 3701 3300 3773 hypostasis
3326 3708 3608 3774 composi-

2016 3795 2070 3842 ta
2096 3797 2200 3853 est,
2224 3788 2481 3846 Christus
2508 3791 2678 3862 igitur
2712 3793 2970 3863 opinione
3010 3805 3314 3869 tua.neqne
3340 3798 3609 3871 byposta-

2015 3879 2095 3936 sis
2154 3880 2337 3935 divina
2380 3892 2486 3946 est,
2549 3898 2727 3955 neque
2778 3885 3043 3952 humana,
3094 3888 3192 3943 sed
3242 3892 3420 3947 media
3461 3892 3605 3955 inter

2014 3971 2186 4027 Deum
2215 3984 2268 4028 et
2305 3975 2583 4039 homines.
2617 3978 2687 4031 At
2716 3977 2975 4049 fugienda
3021 3991 3105 4036 est
3153 3982 3428 4053 impietas.
3456 3983 3608 4050 Quo-

2014 4064 2184 4121 modo
2213 4065 2382 4138 igitur
2413 4068 2583 4125 solvis
2611 4070 2773 4127 nobis
2791 4073 3219 4142 argumentum?

2084 4254 2290 4309 eret.
2337 4250 2457 4309 Non
2492 4270 2614 4311 sum
2654 4255 2888 4314 idoneus
2936 4258 3005 4313 ad
3035 4258 3388 4316 solvendum.
3420 4261 3608 4329 Quare

2014 4342 2071 4400 in
2098 4344 2325 4414 gratiam
2357 4356 2626 4415 nostram,
2650 4350 2807 4415 doce,
2841 4350 2976 4421 quid
3004 4346 3304 4423 assumpsit
3328 4352 3604 4422 Christus.

2013 4444 2364 4505 natur-amne,
2404 4455 2473 4494 an
2501 4441 2844 4514 hypostasim
2863 4444 2901 4519 ip

1943 4518 1991 4574 D
2093 4526 2320 4585 ΟνιΙιοά.
2353 4530 2640 4589 Naturam.

2082 4618 2291 4677 eret.
2328 4623 2464 4679 Cum
2498 4627 2955 4696 proprietatibus,
2986 4643 3056 4684 an
3088 4629 3213 4686 sine
3235 4628 3359 4686 his?

2088 4709 2316 4767 Ortltod.
2347 4711 2485 4768 Cum
2519 4718 2971 4786 proprietatibus.

2080 4799 2290 4882 flleret.
2324 4801 2677 4875 Hypostasim
2696 4807 2864 4878 igitur
2892 4811 3218 4882 assumpsit.

2085 4890 2313 4949 Orthod.
2342 4895 2584 4953 Minime.
2950 4908 2957 4914 “

2085 4987 2289 5045 Hem-et.
2326 4989 2391 5045 Et
2425 4991 2571 5047 unde
2601 4992 2708 5049 hoc
2730 4960 2992 5050 constat?

2084 5081 2312 5137 Orthod.
2352 5082 2465 5154 Ego
2495 5084 2597 5139 tibi
2649 5087 2960 5157 explicabo.
3015 5085 3117 5143 Est
3165 5087 3314 5142 enim
3368 5087 3597 5159 aliquid,

2011 5174 2160 5244 quod
2193 5174 2398 5231 dicitur
2434 5176 2791 5249 hypostasis;
2822 5186 2982 5246 etest
3004 5179 3212 5249 aliquid
3243 5221 3259 5246 ,
3287 5179 3432 5249 quod
3457 5180 3607 5235 dici".

319 5237 492 5309 ἤγουν
516 5240 614 5309 τῆς
645 5241 1020 5313 ὑποστάσεως,
1050 5247 1147 5301 καὶ
1182 5252 1363 5306 κοινὸν
1407 5256 1739 5329 ἀμφοτέρων
1786 5237 1906 5316 icti.

2036 5237 2096 5319 ur
2126 5237 2559 5339 hypostaticuiii,
2587 5280 2640 5324 et
2663 5284 2956 5325 commune
2982 5272 3200 5340 utrique
3226 5278 3311 5326 est
3339 5269 3601 5340 componi

319 5329 384 5382 τὸ
412 5333 738 5399 συγκεῖσθαι
772 5337 836 5389 ὲκ
859 5336 1077 5406 φύσεως
1099 5341 1194 5395 καὶ
1225 5342 1900 5424 ἱδιωμάτων.Διαφέρουσι

2010 5371 2074 5411 ex
2112 5366 2309 5413 natura
2338 5366 2392 5414 et
2428 5361 2876 5431 proprietatibus.
2915 5361 3183 5417 Diﬂ‘erunt
3223 5368 3429 5428 tamen,
3466 5362 3599 5433 quia

318 5420 399 5488 δὲ,
423 5424 504 5477 δτι
537 5426 571 5496 ἡ
602 5425 705 5495 μὲν
727 5426 1026 5495 ὑπόστασις
1050 5433 1149 5490 οὐκ
1171 5432 1288 5488 ἔστι
1316 5436 1482 5507 μέρος
1505 5441 1670 5508 τινὸς,
1686 5420 1836 5497 ὥστε
1853 5446 1900 5477 ⁷⁸

2036 5453 2325 5523 iypostasis
2342 5420 2453 5510 non
2475 5420 2559 5512 es-t
2586 5470 2714 5525 pars
2737 5455 3007 5525 alicujus;
3034 5455 3438 5530 hypostaticum
3470 5470 3599 5511 vero

321 5513 621 5581 ὑπόστασίς
650 5519 788 5585 ἐστι,
814 5519 877 5573 τὸ
903 5521 961 5575 δὲ
996 5522 1155 5597 σῶμα
1185 5526 1280 5583 τοῦ
1316 5526 1526 5600 Πέτρου
1561 5531 1729 5603 μέρος
1758 5535 1897 5603 ἐστὶ,

2009 5557 2140 5613 pars
2160 5553 2266 5601 est.
2290 5543 2452 5602 Verbi
2487 5546 2683 5619 gratia,
2721 5544 2921 5603 Petrus
2939 5561 3048 5603 non
3070 5553 3156 5602 est
3178 5560 3307 5616 pars
3334 5544 3597 5619 alicujus,

1617 5712 1849 5774 VARUE
1889 5717 2301 5782 LECT-IOKES.

354 5786 403 5829 ἠ
438 5792 831 5870 Desiderantur
866 5792 957 5849 hic
984 5795 1236 5864 quaedam
1268 5798 1322 5855 in
1352 5799 1564 5857 Graeco.

556 5885 826 5951 ΡΑΤιιοι.
866 5888 982 5950 GR.
1007 5890 1241 5952 XCVII.
1664 5966 1685 6009 ί
