4000 6448
484 373 618 443 1579
647 341 649 343 ’

1717 374 2110 436 THEUDURI
2152 373 2524 440 ᾹΒΠΟΛΗίΕ

3600 372 3718 438 1580

476 513 652 569 quare
684 493 997 566 hypostasis
1027 501 1132 559 est,
1169 507 1372 564 corpus
1404 504 1590 548 autem
1622 491 1768 547 Petri
1797 507 1926 563 pars
1961 501 2061 556 est.

2173 495 2384 565 Πέτρου
2415 493 2523 565 γάρ
2550 495 2720 557 ἐστιν,
2757 492 2902 548 ὥστε
2938 490 3322 554 ὑποστατικὸν,
3361 490 3456 544 καὶ
3492 491 3584 562 οὐχ
3609 494 3722 548 ὑιιιις⁴

477 605 650 659 quare
698 589 1126 659 hypostaticum,
1159 594 1212 641 et
1259 602 1368 642 non
1401 586 1718 658 hypostasis
1751 593 1836 640 est
1865 599 2068 654 corpus

479 677 647 740 Petri,
676 677 929 746 quamvis
969 683 1166 730 natura
1200 683 1286 731 est
1319 691 1441 730 cum
1473 675 1929 746 proprietatibus.
1961 672 2068 728 Sed

480 784 588 824 non
631 769 766 822 satis
797 776 884 822 est
920 767 1287 836 compositam
1333 783 1459 823 esse
1493 774 1749 820 naturam
1783 781 1907 820 cum
1943 778 2070 834 pro-

479 861 806 931 prietatibus
837 859 903 913 ad
933 859 1346 929 generationem
1401 859 1735 930 hypostasis,
1773 857 1868 913 sed
1899 870 2067 925 opor-

480 960 553 1004 tet
576 966 910 1005 concurrere
938 949 1009 1004 ad
1044 946 1267 1014 hoc,"et
1303 965 1412 1004 non
1460 965 1584 1005 esse
1633 957 1869 1018 partem.
1927 947 2066 1014 Quia

479 1045 648 1114 igitur
700 1059 828 1112 pars
873 1041 1078 1098 Christi
1108 1049 1193 1097 est
1227 1050 1573 1112 assumptum
1613 1056 1818 1110 corpus
1860 1040 2071 1112 anima-

479 1143 620 1199 tum,
649 1134 857 1188 idcirco
892 1149 998 1187 non
1025 1142 1109 1187 est
1142 1133 1482 1202 hypostasis,
1505 1131 1598 1186 sed
1623 1130 2066 1201 hypostaticum:

479 1233 532 1276 et
561 1229 707 1278 sicut
745 1239 850 1278 non
895 1232 1220 1278 numeratur
1260 1238 1381 1278 cum
1416 1223 1576 1276 l’etro
1607 1236 1811 1291 corpus
1837 1220 1978 1289 ejus,
2009 1227 2068 1272 ut

479 1301 592 1368 sint
647 1314 780 1378 duo,
830 1316 1064 1368 alterum
1116 1315 1264 1368 enim
1328 1329 1452 1367 cum
1501 1313 1676 1368 altero
1729 1312 2070 1382 συνταγήσε-

477 1423 567 1459 ται
596 1404 732 1479 (60),
766 1407 847 1461 sic
881 1421 1056 1475 neque
1089 1421 1217 1460 cum
1243 1402 1383 1459 Filio
1417 1404 1509 1458 Dei
1533 1404 1824 1458 incarnato
1859 1416 2067 1456 connu-

481 1507 732 1550 meratur
793 1511 994 1565 corpus
1051 1495 1351 1549 animatum
1405 1501 1776 1563 assumptum,
1835 1499 1896 1545 ut
1954 1490 2070 1544 sint

480 1590 609 1642 duo.
641 1590 817 1658 Atque
848 1591 959 1643 haec
987 1588 1207 1658 quidem
1229 1587 1483 1641 videntur
1515 1585 1649 1640 mihi
1681 1585 1819 1640 satis
1846 1598 1969 1639 esse
2001 1579 2069 1635 ad

481 1681 814 1735 solutionem
842 1679 1226 1734 dubitationis.

2168 585 2353 647 στασίς
2375 587 2492 637 ἐστι
2522 585 2580 638 τὸ
2610 585 2769 654 σῶμα
2799 583 2894 638 τοῦ
2932 583 3146 655 Πέτρου
3167 598 3184 613 ο
3212 583 3304 635 καί
3333 597 3420 634 τοι
3451 580 3606 652 φύσις
3627 582 3725 636 ἐστὶ

2168 676 2311 747 μετὰ
2337 677 2666 746 ἰδιωμάτων.
2711 676 2851 728 Ἀλλ’
2879 676 2980 728 οὐκ
3009 676 3172 745 ἀρκεῖ
3201 674 3260 726 τὸ
3289 672 3609 741 συγκεῖσθαι
3641 674 3726 744 τὴν

2167 769 2332 838 φύσιν
2360 771 2472 831 τοῖς
2507 767 2792 838 ῖδιώμασιν
2824 768 2904 830 εἰς
2948 767 3168 835 γένεσιν
3199 765 3578 831 ὑποστάσεως,
3610 765 3728 820 ἀλλὰ

2165 861 2249 914 δεῖ
2295 862 2625 931 συνδραμεῖν
2671 862 2752 923 εἰς
2800 859 2962 912 τοῦτο
3002 860 3099 913 καὶ
3146 858 3208 911 τὸ
3266 857 3340 928 μὴ
3380 852 3521 909 εἶναι
3565 857 3726 926 μέρος.

2180 953 2336 1009 Ἐπεὶ
2363 949 2458 1006 οὖν
2495 953 2660 1024 μέρος
2694 954 2811 1005 ἐστὶ
2839 952 2936 1004 τοῦ
2996 948 3239 1021 Χριστοῦ
3290 948 3348 1001 τὸ
3409 948 3732 1019 προσληῳθὶν

2169 1047 2412 1116 ἔμψυχον
2445 1047 2628 1116 σῶμα,
2658 1045 2745 1098 διὰ
2791 1043 2953 1097 τοῦτο
2985 1045 3084 1096 οὐκ
3111 1041 3262 1094 ἔστιν
3294 1041 3608 1103 ὑπόστασις.
3636 1039 3733 1094 ἀλλ’

2169 1133 2552 1186 ὑποστατικόν.
2569 1132 2780 1202 Ὥσπερ
2806 1130 2902 1185 οὖν
2932 1131 2994 1184 οὐ
3022 1130 3450 1200 συναριθμεῖται
3474 1127 3549 1198 τῷ
3567 1127 3734 1200 Πέτρῳ

2167 1225 2228 1276 τὸ
2261 1224 2422 1294 σῶμα
2459 1223 2647 1291 αὑτοῦ,
2681 1224 2770 1277 ῖνα
2803 1217 2904 1277 ὦσι
2945 1222 3058 1288 διεθ,
3111 1223 3340 1291 θάτερον
3377 1222 3490 1290 γὰρ
3543 1219 3734 1290 Θατέρῳ

2171 1317 2466 1385 συνάγεται
2488 1317 2556 1378 ’³,
2589 1315 2765 1380 οὕτως
2795 1315 2915 1368 οὐδὲ
2957 1313 3038 1386 τῷ
3080 1315 3116 1368 1"
3122 1313 3186 1384 ἰῷ
3226 1313 3322 1366 τοῦ
3351 1310 3496 1364 Θεοῦ
3544 1327 3734 1380 σαρκω-

2169 1406 2318 1460 θέντι
2357 1406 2775 1478 συναριθμεῖται
2805 1407 2865 1459 τὸ
2897 1405 3248 1477 προσληφθὲν
3296 1401 3544 1473 ἔμψυχον
3573 1401 3734 1471 σῶμα,

2171 1499 2259 1552 ῖνα
2296 1493 2398 1552 ὦσι
2424 1499 2538 1553 δύο.
2583 1499 2694 1552 Καὶ
2727 1499 2900 1553 ταῦτα
2929 1499 3079 1552 δοκεῖ
3126 1515 3218 1567 μοι
3260 1494 3471 1558 ἱκανῶς
3507 1492 3737 1561 εἰρῆσθαι

2173 1589 2256 1652 εἰς
2285 1586 2439 1643 λύσιν
2475 1588 2572 1658 τῆς
2603 1589 2858 1660 ἀπορίας.

2039 1785 2209 1843 XXX.
2303 1806 2322 1814 -

479 1902 644 1976 414
671 1903 789 1957 Alia
823 1903 1134 1959 dissertatio
1156 1903 1396 1976 ejusdem
1432 1901 1696 1958 Abucara:
1744 1918 1862 1955 cum
1905 1899 2061 1956 Jaco-

2250 1899 2437 1969 Ἄλλη
2471 1899 2739 1967 διάλεξις
2779 1900 2886 1954 τοῦ
2910 1901 3100 1955 αὑτοῦ
3135 1902 3289 1970 πρὸς
3324 1883 3679 1967 ’Ῑακὼὅίτην.

1211 1974 1344 2026 bitu.

556 2067 754 2123 Hazret.
782 2064 980 2122 Utrum
1015 2065 1234 2122 videtur
1260 2065 1360 2120 tibi
1391 2079 1517 2121 esse
1558 2063 1832 2131 Christus,
1901 2064 2067 2130 Deus,

481 2178 548 2216 an
582 2159 778 2215 homo?

554 2248 782 2305 Orthod.
818 2246 1064 2319 Utraque
1094 2262 1370 2313 seorsum,
1405 2255 1459 2302 et
1491 2255 1787 2317 utrumque
1812 2246 1998 2302 simul.

557 2339 755 2394 "teret.
791 2338 1113 2406 Quomodo?

555 2430 780 2484 Orthod.
827 2430 1044 2484 Etenim
1080 2429 1220 2484 Deus
1248 2436 1334 2484 est
1377 2429 1704 2498 separatim,
1733 2425 1991 2483 similiter
2015 2433 2068 2481 et

481 2521 686 2590 homo;
724 2532 778 2577 et
811 2524 973 2578 simul
1007 2521 1150 2578 Deus
1185 2531 1239 2578 et
1270 2523 1456 2576 homo.

556 2611 762 2668 liceret.
792 2611 1020 2676 Deinde,
1068 2621 1226 2666 estne
1279 2611 1394 2666 haec
1433 2608 1741 2668 secundum
1781 2617 2063 2673 naturam,

481 2721 550 2758 an
599 2705 708 2759 alio
764 2704 973 2759 modo?
1029 2706 1204 2775 gratia
1259 2705 1492 2772 scilicet,
1534 2705 1620 2761 vel
1666 2703 2067 2772 exercitatione

480 2797 763 2867 quapiam,
793 2805 842 2850 et
871 2794 1170 2865 profectu?

555 2886 781 2942 Orthod.
816 2885 1046 2941 Natura.

550 2982 753 3032 eret.
795 2977 972 3033 Unius
1005 2976 1176 3049 igitur
1204 2984 1419 3034 natura
1441 2989 1525 3034 est
1551 2976 1696 3033 Deus
1718 2986 1773 3032 et
1803 2977 1988 3033 homo.

553 3148 781 3204 Orthod.
809 3147 998 3204 Erras.
1028 3147 1146 3204 Non
1179 3152 1324 3205 enim
1355 3149 1660 3206 secundum
1687 3149 1935 3206 eamdem
1969 3166 2066 3204 na-

2245 2058 2443 2126 Αιρετ.
2487 2056 2722 2128 Πότερόν
2752 2073 2834 2110 σοι
2865 2057 3034 2122 δοκεῖ,
3069 2061 3096 2112 ὀ
3137 2058 3379 2130 Χριστὸς
3411 2059 3626 2129 Θεὸ;,ἢ
3661 2061 3739 2114 ἄν·

2175 2147 2396 2218 Θρωπός
2425 2149 2573 2202 ἐστιν
2594 2165 2608 2213 ;

2246 2239 2479 2308 Ὀρθόδ.
2529 2239 2866 2311 ’Λμφότερα,
2900 2240 2996 2293 καὶ
3026 2241 3314 2312 ἑκάτερος.

2239 2337 2434 2400 Αἱρεῖ.
2479 2333 2603 2396 Πῶς
2625 2350 2641 2398 ;

2244 2422 2481 2490 Ὀρθόδ.
2528 2424 2634 2476 Καὶ
2679 2423 2788 2494 γὰρ
2824 2423 2956 2488 Θεός
2987 2427 3104 2476 ἐστι
3127 2425 3314 2495 χωρὶς,
3344 2425 3556 2492 ὁμοίως
3589 2427 3638 2479 δὲ
3664 2428 3739 2479 καὶ

2170 2515 2486 2582 ἄνθρωπος’
2520 2517 2613 2569 καὶ
2645 2516 2759 2586 ἅμα
2787 2516 2939 2582 Θεὸς,
2972 2517 3064 2569 καὶ
3089 2517 3407 2588 ἄνθρωπος.

2239 2611 2434 2675 Αἱρεῖ.
2478 2605 2631 2672 Εἶτα,
2672 2607 2836 2677 cpiast
2865 2609 3041 2662 ταῦτά
3073 2611 3247 2673 ἐστιν,
3309 2611 3342 2680 ἢ
3395 2609 3606 2673 ἄλλωςς
3647 2607 3740 2662 οἷον

2169 2701 2376 2772 χάριτι,
2407 2699 2439 2769 ἢ
2471 2698 2706 2770 ἀσκήσει
2735 2699 2866 2766 τινὶ,
2906 2700 3002 2754 καὶ
3029 2702 3326 2773 προκοπῇ;

2239 2873 2472 2942 Ὀρθόδ.
2510 2873 2691 2929 Φύσει.

2239 2969 2433 3034 Myer.
2475 2967 2621 3030 Μιᾶς
2665 2967 2772 3036 ἄρα
2809 2966 3026 3034 φύσεώς
3069 2968 3188 3020 ἐστι
3225 2967 3384 3032 Θεὸς,
3423 2968 3520 3021 καὶ
3552 2968 3738 3037 imptu-

2167 3069 2288 3116 πος.

2239 3148 2468 3218 ’0128όᾶ
2513 3149 2894 3221 Πεπλὰνησαι.
2965 3151 3041 3204 Οὐ
3085 3152 3196 3222 γὰρ
3248 3155 3315 3224 τῇ
3377 3153 3518 3221 αὐτῇ
3576 3153 3732 3220 φύσει,

481 3251 686 3304 turam,
711 3240 808 3295 sed
835 3241 1140 3297 secundum
1165 3242 1328 3296 aliam
1353 3253 1428 3298 est
1459 3241 1657 3310 homo;
1683 3253 1738 3297 et
1762 3243 2061 3298 secundum

2170 3243 2287 3299 ἀλλ’
2314 3241 2480 3315 ἑτέρᾳ
2515 3244 2617 3315 μέν
2645 3247 2794 3298 ἐστιν
2823 3243 3141 3316 ἄνθρωπος,
3174 3247 3343 3318 ἑτέρᾳ
3375 3246 3436 3300 δὲ
3468 3246 3617 3309 Θεὸς.

481 3337 644 3389 aliam
683 3337 847 3389 Deus.
2041 3383 2049 3391 .

555 3426 760 3481 Haeret.
785 3425 958 3496 Igitur
977 3426 1105 3496 quia
1131 3426 1281 3482 aliud
1308 3437 1391 3482 est
1413 3425 1579 3492 Deus,
1613 3436 1668 3481 et
1690 3425 1840 3480 aliud
1872 3425 2060 3492 homo,

480 3521 785 3574 secundum
818 3527 1003 3574 autem
1033 3529 1290 3573 naturam
1314 3529 1400 3575 est
1432 3520 1548 3574 haec
1574 3517 1831 3577 Christus
1856 3535 1871 3586 ;
1904 3519 2063 3573 Chri-

479 3621 600 3665 stus
631 3611 800 3680 igitur
825 3610 966 3666 alius
994 3617 1079 3665 est
1101 3625 1130 3664 a
1154 3613 1363 3681 seipso.

552 3699 782 3756 Orthod.
838 3700 1091 3768 Minime;
1151 3701 1248 3756 sed
1301 3698 1451 3755 aliud
1509 3709 1706 3756 natura
1757 3700 1889 3756 dixi.
1947 3699 2062 3755 lloc

475 3793 624 3847 enim
673 3798 895 3861 Oportet
959 3791 1303 3856 concludere
1366 3805 1435 3847 ex
1495 3791 1565 3848 iis
1617 3806 1738 3863 qua:
1796 3807 2060 3848 concessa

474 3887 630 3937 θιιιιι.
671 3912 674 3914 -

545 3974 747 4026 Ηαινοι.
796 3971 956 4039 Quod
1005 3971 1171 4038 dicis,
1231 3972 1472 4031 obscure
1519 3972 1749 4041 dixisti,
1818 3973 1916 4030 sed
1966 3989 2062 4030 ex-

477 4067 666 4134 plana.

545 4150 774 4208 ONIIOd.
819 4153 1078 4211 Christus
1133 4161 1190 4210 et
1242 4153 1389 4210 Deus
1418 4163 1471 4211 et
1525 4154 1692 4211 homo
1747 4166 1868 4223 est;
1917 4157 2060 4214 Deus

473 4257 681 4313 autem,
731 4254 786 4302 et
839 4245 1008 4302 homo
1065 4247 1214 4302 aliud
1273 4255 1478 4303 natura
1520 4267 1534 4304 :
1588 4249 1844 4304 Christus
1893 4250 2060 4320 igitur

473 4339 617 4393 aliud
650 4345 873 4395 natura.
899 4338 979 4394 Te
1012 4341 1193 4410 ipsum
1231 4341 1398 4411 igitur
1425 4341 1735 4411 decepisti;
1771 4356 1880 4396 non
1911 4345 2058 4396 enim

472 4431 518 4484 si
546 4431 692 4485 aliud
728 4440 948 4497 natura,
993 4434 1257 4487 continuo
1302 4433 1446 4486 alius
1489 4447 1518 4486 a
1560 4435 1747 4504 seipso
1775 4433 2056 4490 Christus.

468 4522 588 4576 Non
620 4531 706 4578 est
737 4522 998 4578 Christus
1030 4534 1251 4589 natura,
1280 4522 1375 4579 sed
1403 4523 1568 4590 habet
1599 4536 1875 4582 naturam.

2236 3429 2432 3494 Αἱρεῖ.
2469 3425 2680 3480 Οὐκοῦν
2715 3428 2838 3480 ἐπεὶ
2866 3427 2932 3500 δὴ
2952 3427 3141 3499 ἕτερόν
3177 3430 3318 3494 ἔστι,
3347 3429 3505 3495 Θεὸς,
3543 3430 3630 3482 καὶ
3661 3429 3733 3481 {tr-

2167 3518 2385 3589 θρωπος
2421 3520 2612 3589 φύσει⁶
2650 3521 2822 3575 ταῦτα
2858 3521 2914 3574 δέ
2964 3524 3116 3576 ἐστιν
3170 3523 3198 3575 ὁ
3243 3523 3525 3594 Χριστὸς’
3572 3524 3730 3591 ἕτερον

2164 3613 2273 3682 ἄρα
2303 3611 2499 3665 ἑαυτοῦ
2522 3615 2551 3665 ὁ
2579 3613 2814 3684 Χριστός
2840 3615 3028 3680 ὲστιν;

2239 3699 2468 3770 Ὀρθόδ.
2509 3701 2812 3771 Οὐδαμῶς·
2864 3702 2980 3755 ἀλλ’
3014 3703 3204 3774 ἓτερον
3245 3705 3310 3774 τῇ
3356 3705 3542 3773 φύσει,
3585 3703 3730 3755 Τοῦτο

2164 3795 2272 3864 γάρ
2305 3811 2363 3847 σε
2395 3793 2476 3847 δεῖ
2498 3796 2899 3867 συμπεραίνειν
2921 3795 2984 3862 ἐξ
3016 3789 3091 3850 ὧν
3127 3797 3504 3868 ὡμολόγηται.

2245 3970 2408 4024 Ἀλλὰ
2436 3971 2484 4003 ⁷⁸
2528 3971 2746 4041 λέγεις,
2813 3973 3049 4044 Ἀσαφὲς
3099 3974 3337 4046 signata;
3392 3968 3530 4026 ἀλλὰ
3576 3989 3728 4041 «qr;-

2164 4062 2296 4116 νίσω

2245 4157 2302 4208 '0
2360 4155 2596 4226 Χριστὸς
2627 4155 2784 4221 Θεὸς,
2837 4156 2932 4210 καὶ
2980 4155 3310 4228 ἄνθρωπος·
3361 4158 3496 4220 Θεὸς
3527 4157 3598 4218 δὲ,
3644 4155 3724 4207 καὶ

2160 4246 2472 4318 ἄνθρωπος,
2513 4247 2702 4320 ἕτερον
2731 4251 2799 4320 τῇ
2836 4247 3028 4319 φύσει·
3061 4249 3090 4302 ὀ
3135 4249 3376 4319 Χριστὸς
3414 4249 3524 4318 ἄρα
3559 4249 3722 4316 ἕτερον

2159 4343 2226 4412 τῇ
2256 4340 2453 4409 φύσεν
2491 4341 2720 4396 σεαυτὸν
2767 4337 2861 4396 οὖν
2904 4340 3178 4410 ὲσοφίςωο
3217 4341 3279 4394 οὐ
3325 4340 3440 4412 γὰρ
3474 4342 3522 4393 si
3560 4339 3722 4406 ἕτερον

2158 4437 2226 4504 τῇ
2261 4433 2443 4501 φύσει,
2489 4429 2526 4503 ἦ
2581 4433 2646 4504 δὴ
2675 4435 2771 4487 καὶ
2813 4433 3018 4489 ἑαυτοῦ
3068 4433 3277 4505 ἕτερον.
3311 4434 3387 4488 Οὐ
3436 4436 3543 4503 γὰρ
3580 4432 3720 4502 φύσις

2159 4525 2333 4589 ἐστὶν,
2363 4524 2480 4577 ἀλλ’
2509 4525 2624 4605 ᾔει
2657 4525 2842 4596 φύσιν.

542 4611 742 4668 Πιενει.
781 4614 903 4669 Sint
938 4615 1046 4670 ista
1097 4614 1201 4671 sic.
1233 4614 1375 4681 Quid
1431 4617 1603 4686 igitur
1650 4618 1748 4672 tibi
1796 4617 2054 4674 videtur?

2221 4621 2423 4692 Alpsz.
2461 4603 2642 4671 Ἔστω
2684 4618 2744 4672 δὲ
2792 4616 2990 4673 ταῦτα.
3038 4618 3103 4670 Τί
3133 4615 3227 4687 οὖν
3251 4615 3402 4670 δοκεῖ
3459 4632 3572 4680 σοι;
3616 4613 3716 4682 οὐχὶ

471 4719 651 4759 nonne
677 4704 933 4761 Christus
965 4706 1152 4771 homo,
1183 4706 1350 4761 homo
1374 4719 1558 4764 autem
1593 4710 1738 4765 aliud
1770 4725 1800 4763 a
1831 4709 1984 4766 Deo?

544 4883 766 4940 Orthod.
800 4845 1078 4940 Maxime.-

543 4975 742 5028 eret.
779 4975 1034 5030 Christus
1071 4975 1244 5044 igitur
1266 4975 1411 5030 aliud
1447 4991 1476 5030 a
1501 4975 1635 5031 Deo.

545 5068 769 5126 Orthad.
798 5069 1013 5124 Adhibe
1046 5069 1485 5134 distinctionem,
1519 5070 1823 5124 secundum
1851 5070 2046 5125 huma—

2159 4713 2189 4765 ὁ
2252 4712 2489 4779 Χριστὸς
2558 4711 2888 4782 ἄνθρωπος,
2967 4712 2996 4764 ὸ
3066 4709 3124 4764 δὲ
3193 4707 3487 4780 ἄνθρωπος
3553 4706 3716 4774 ἕτερον

2156 4803 2297 4856 Θεοῦ
2319 4820 2335 4870 ;

2228 4892 2465 4961 ’(Ιρθόδ.
2506 4892 2656 4947 Πάνυ
2697 4893 2797 4963 μὲν
2825 4887 2938 4946 οὖν.

2228 4989 2423 5054 Αἱρεῖ.
2479 4985 2536 5040 ⁸0
2565 4986 2802 5056 Χριστὸς
2827 4987 2937 5055 ἄρα
2963 4986 3152 5057 ἕτερον
3180 4984 3339 5040 Θεοῦ.

2227 5079 2461 5148 Ὀρθόδ.
2505 5079 2668 5132 Ἀλλὰ
2699 5079 3086 5150 προσδιόρισον
3113 5081 3178 5150 τῇ
3201 5069 3708 5150 ἀνθρωπείᾳοφύσεν

465 5176 589 5216 nam
657 5169 913 5215 naturam
966 5161 1116 5217 aliud
1165 5177 1194 5216 α
1259 5161 1391 5229 Deo,
1445 5161 1750 5220 secundum
1800 5162 2045 5219 divinam

2170 5176 2222 5244 πῇ
2259 5174 2370 5246 γὰρ
2396 5173 2517 5246 Θείᾳ
2547 5173 2709 5244 φύσει
2739 5175 2839 5244 οὐχ
2869 5174 3080 5245 ἕτερον.

463 5263 715 5311 naturam
747 5270 856 5312 non
889 5256 1060 5313 aliud.

1760 5409 1994 5466 VABUE
2033 5410 2438 5471 LECTIONES.

554 5525 601 5558 "
624 5523 788 5585 Turr.
823 5527 1246 5599 συνταγήσιται.
1325 5527 1370 5560 ’⁸
1399 5525 1709 5585 Turrianus
1733 5528 1819 5584 hic
1848 5531 2052 5586 variat.

1983 5697 2212 5756 ΝΟΤΕ.

535 5791 646 5862 (UO)
679 5790 753 5846 lla
783 5789 1136 5862 coniungitur
1163 5799 1221 5846 ut
1254 5793 1412 5862 quasi
1441 5791 1686 5847 uniatur.
