4000 6448
397 425 530 492 Ιῦἓη

1824 420 2061 482 OPUSC
2069 419 2210 480 ULA
2227 469 2236 479 .

3530 425 3665 489 153?.

463 547 658 613 Alpst.
701 541 837 606 θεὸς
886 542 1017 614 ἄρα,
1077 541 1168 598 καὶ
1227 541 1286 596 ού
1345 541 1517 608 Θεὸς,
1569 544 1706 612 ὅπερ
1751 539 1980 608 ἀντίφα-

2162 537 2364 590 Halm.
2410 535 2553 592 Deus
2595 535 2766 607 igitur
2806 544 2860 593 et
2913 551 3021 591 non
3073 534 3239 601 Deus,
3283 553 3405 609 quae
3443 540 3663 608 quidem

398 653 506 698 σις.

463 725 697 795 ὀρθόδ.
747 725 890 778 Ἀλλ’
915 726 1018 780 ούκ
1049 725 1341 794 ἀντίφασις
1376 725 1556 780 τοῦτο.
1589 725 1663 779 Ub
1701 724 1812 793 γὰρ
1841 723 1985 777 κατὰ

391 816 454 871 τδ
497 815 632 869 αὐτό
680 817 798 869 ἐστι
853 816 948 870 καὶ
994 815 1148 879 Θεὸς,
1179 817 1271 869 καὶ
1317 816 1379 867 ού
1420 815 1574 880 Θεὸς,
1612 816 1706 868 ἵνα
1753 815 1982 883 γένηται

393 909 704 977 ἀντίφασις.
736 907 950 980 Ὠσπερ
989 908 1099 977 γὰρ
1136 911 1164 962 ὁ
1209 909 1501 978 ἄνθρωπος
1557 907 1839 980 αἰσθητὸν,
1890 907 1985 960 καὶ

392 1003 494 1057 οὐκ
520 1001 781 1073 αἰσθητόν
809 1004 926 1055 ἐστι
959 1001 1084 1056 κατ’
1113 1001 1263 1067 ἄλλο,
1299 1002 1392 1054 καὶ
1421 1001 1578 1057 ἄλλο·
1620 1003 1762 1055 κατὰ
1796 1000 1897 1070 μὲν
1922 999 1983 1052 τὺ

395 1094 576 1164 σῶμα,
610 1094 893 1164 αἰσθητὸν,
928 1095 1024 1148 καὶ
1055 1095 1157 1147 οὐκ
1178 1093 1436 1164 αἰσθητὸν
1464 1092 1608 1150 κατὰ
1635 1094 1736 1163 τὴν
1761 1091 1940 1164 ψυχήν
1959 1109 1974 1122 ·

395 1189 490 1240 καὶ
536 1187 638 1240 οὐκ
684 1187 978 1257 ἀντίφασις
1036 1185 1230 1239 τοῦτο·
1261 1186 1402 1240 κατὰ
1433 1185 1523 1238 τὸν
1563 1181 1678 1239 ἴσον
1707 1187 1808 1254 τῆς
1850 1185 1982 1255 ἁλη-

393 1279 546 1343 θείας
590 1279 793 1350 τρόπον
845 1281 996 1333 ἐστὶν
1043 1281 1072 1332 ὀ
1126 1278 1365 1347 Χριστὸς
1397 1277 1549 1342 Θεὸς,
1581 1280 1678 1331 κα)⁸
1705 1279 1767 1330 ού
1823 1277 1978 1342 Θεὸς,

393 1373 516 1428 κατ’
549 1372 699 1437 ἄλλο,
727 1373 822 1426 καὶ
843 1372 993 1435 ἄλλο,
1029 1372 1124 1424 καὶ
1159 1372 1258 1424 οὐκ
1281 1370 1574 1443 ᾀντίφασις
1604 1370 1767 1424 τοῦτο
1786 1385 1801 1402 ·
1836 1370 1981 1423 κατὰ

395 1463 496 1533 μὲν
534 1463 646 1536 γὰρ
689 1463 790 1534 τὴν
826 1464 1058 1533 Θεότητα
1094 1464 1246 1528 Θεὸς,
1289 1465 1514 1520 κατὰδὲ
1549 1465 1648 1537 τὴν
1689 1463 1979 1534 ἀνθρωπό-

391 1574 552 1629 τητα,
581 1559 642 1610 οὐ
668 1556 824 1620 Θεός.
854 1557 960 1612 Καὶ
994 1556 1170 1614 ταῦτα
1195 1556 1394 1620 οὕτως.

2086 630 2453 684 contradictio
2487 638 2590 684 cst.

2159 720 2384 776 Ort/iod.
2421 723 2491 776 At
2523 738 2634 778 non
2670 730 2756 777 est
2789 722 2905 778 lucc
2935 721 3324 778 contradictio.
3351 723 3470 779 Non
3515 726 3668 780 enim

2085 815 2393 870 secundum
2433 815 2575 870 idem
2612 823 2697 871 est
2728 814 2877 870 Deus
2913 823 2968 871 et
2998 831 3107 871 non
3147 815 3314 885 Deus,
3339 826 3399 872 ut
3430 820 3502 874 sit
3541 835 3669 876 con-

2086 906 2364 962 tradictio.
2390 906 2546 963 Sicut
2571 908 2721 962 enim
2749 909 2916 963 homo
2939 917 3026 964 est
3053 910 3157 964 sub
3188 925 3413 966 sensum
3439 913 3666 975 cadens.

2086 1008 2143 1055 et
2199 1015 2308 1073 non
2363 1001 2468 1057 sub
2519 1015 2743 1057 sensum
2792 1003 2995 1058 cadens
3045 1001 3347 1058 secundum
3403 1004 3550 1060 aliud
3617 1017 3670 1060 et

2085 1091 2268 1176 aliud;
2345 1093 2649 1149 secundum
2702 1095 2849 1150 cnim
2903 1109 3106 1166 corpus
3155 1096 3260 1152 sub
3301 1111 3523 1153 sensum
3571 1113 3669 1153 ca-

2086 1184 2186 1247 dit,‘
2225 1185 2530 1239 secundum
2556 1199 2690 1240 vero
2718 1186 2959 1240 animam
2993 1202 3105 1242 non
3142 1188 3312 1244 cadit.
3350 1186 3416 1244 Et
3444 1206 3552 1244 non
3584 1203 3669 1246 est

2087 1276 2208 1332 haec
2237 1277 2610 1332 contradictio
2666 1279 2969 1335 secundum
3017 1282 3262 1351 regulam
3309 1297 3517 1338 veram.
3577 1282 3670 1339 Sic

2086 1370 2348 1427 Christus
2398 1371 2544 1426 Deus
2605 1379 2661 1426 et
2704 1387 2815 1427 non
2865 1373 3010 1430 Deus
3059 1377 3359 1433 secundum
3412 1379 3560 1436 aliud
3615 1390 3671 1436 et

2091 1464 2264 1530 aliud,
2290 1471 2346 1518 et
2372 1478 2482 1519 non
2518 1473 2604 1521 est
2632 1465 2749 1519 haec
2781 1467 3180 1525 contradictio:
3202 1473 3503 1528 secundum
3522 1474 3668 1529 enim

2089 1556 2434 1612 divinitatem
2459 1557 2624 1620 Deus,
2656 1560 2961 1614 secundum
2991 1575 3121 1616 vero
3137 1561 3530 1620 humanitatem
3560 1581 3668 1620 non

2089 1645 2256 1702 Deus.
2289 1649 2366 1702 Ac
2391 1647 2460 1702 de
2490 1647 2577 1703 his
2605 1648 2894 1706 hactenus.

1953 1779 2145 1835 XXXI.

511 1899 838 1970 Ἐρώτησις
892 1897 1336 1970 Ὠριγενιαστοῦ
1357 1939 1371 1964 ,
1423 1897 1575 1966 πρὸς
1625 1897 1869 1951 πιστόν.

2155 1897 2321 1971 415
2359 1899 2601 1966 Ωιιιεειίο
2630 1919 2787 1973 quam
2823 1904 3127 1972 Origem'sta
3159 1905 3309 1976 ﬁdeli
3337 1908 3634 1978 proposuit.

1679 2006 2005 2058 Genebrardo
2029 2005 2327 2072 interprete.

734 2096 1124 2166 ’Ab’ovxapric.
1161 2093 1631 2164 Ὠριτεγιαστής.

2566 2097 2838 2154 Abucara.
2879 2098 3205 2173 Origeuisla.

474 2190 942 2262 Ὠριγενιαστής.
984 2188 1124 2243 Ποία
1169 2187 1514 2259 δικαιοσύνη,
1561 2187 1714 2248 δέκα,
1764 2185 1798 2256 ἢ
1855 2201 1983 2239 πεν-

2163 2185 2494 2257 Origenista.
2531 2189 2672 2255 Quid
2699 2191 2844 2261 juris
2876 2193 2979 2248 hoc
3012 2195 3132 2249 est?
3161 2202 3220 2248 ut
3249 2195 3342 2266 qui
3377 2199 3536 2254 anuis
3571 2201 3668 2255 dc-

391 2289 629 2358 τήκοντα
693 2284 919 2355 χρόνους
977 2280 1400 2353 ἀμαρτήσαντός
1460 2295 1631 2343 τινος,
1672 2277 1970 2349 μυριάδας,
2002 2278 2025 2298 ⁸

394 2379 598 2450 μᾶλλον
655 2378 711 2431 δὲ
763 2375 1158 2447 ἀτελευτήτους
1219 2373 1423 2435 αἰῶνας
1469 2366 1610 2423 εἶναι
1666 2369 1763 2440 τὴν
1807 2368 1970 2421 κόλα-

392 2486 478 2524 σιν
498 2485 512 2536 ;

463 2559 858 2627 ’A6ovxapt'ic.
913 2559 1024 2613 Καὶ
1079 2557 1136 2611 τί
1185 2558 1333 2612 ἐστιν
1376 2557 1410 2626 ἡ
1448 2553 1768 2625 δικαιοσύνη
1823 2553 1975 2625 παρὰ
2019 2569 2022 2572 ·

393 2653 512 2718 col;

461 2743 642 2814 Ὤριγ.
682 2742 756 2796 Τὸ
811 2743 952 2796 κατὰ
1004 2735 1300 2810 ἀναλογίαν
1347 2741 1448 2812 τῆς
1501 2743 1780 2814 ἁμαρτίας
1835 2732 1978 2795 εἶναι

393 2837 487 2891 καὶ
521 2836 621 2904 τὴν
651 2834 896 2897 κόλασιν,
930 2833 1077 2903 τοῦτ’
1115 2833 1284 2896 ἐστιν,
1311 2834 1472 2898 εἴτις
1497 2835 1713 2905 ἥμαρτε
1748 2833 1977 2904 χρόνους

393 2928 758 3000 πεντήκοντα,
812 2924 1005 2979 τοῦτον
1067 2925 1406 2996 κολασθῆναι
1463 2927 1755 2990 τοσούτους
1775 2925 1978 2994 πεντή-

393 3036 580 3074 κοντα.
1016 3043 1019 3048 ·
1684 3084 1687 3086 _

464 3109 700 3163 ’A6ovx.
749 3109 846 3162 Ἐκ
882 3107 1064 3162 πόσων
1094 3108 1315 3180 τρόπων
1344 3106 1441 3178 τὴν
1465 3109 1814 3178 δικαιοσύνην
1847 3124 1980 3178 μαν-

392 3202 670 3273 θάνομεν;
707 3202 802 3255 καὶ
833 3201 1000 3255 πόθεν
1031 3202 1096 3255 σὺ
1118 3200 1326 3273 ταύτην
1357 3200 1592 3272 ἒμαθες;

465 3295 645 3362 Ὠριγ.
686 3293 823 3347 Εἰπὲ
857 3293 947 3358 σὺ,
983 3294 1049 3346 ἐκ
1081 3292 1302 3360 πόσων;

465 3388 702 3442 Ἀϐουκ.
744 3387 935 3440 Πᾶσαν
963 3385 1334 3455 δικαιοσύνην,
1379 3385 1412 3457 ἢ
1447 3388 1513 3440 ἐκ
1541 3385 1636 3440 τοῦ
1679 3386 1847 3456 νόμου
1885 3385 1980 3440 τοῦ

393 3476 608 3547 Θεοῦ,ἢ
642 3478 706 3530 ὲκ
739 3476 847 3530 τῶν
877 3474 1184 3546 ἀνθρώπων
1215 3475 1484 3530 τεθέντων
1505 3477 1707 3546 νόμων,
1735 3477 1768 3549 ἢ
1795 3478 1859 3530 ὲκ
1883 3477 1980 3548 τῆς

2079 2296 2221 2348 cem,
2248 2284 2332 2338 vel
2364 2285 2764 2355 quinquaginta
2793 2289 3134 2356 peccaverit,
3169 2289 3218 2345 is
3254 2291 3439 2346 decies
3492 2295 3670 2349 mille-

2080 2373 2194 2439 nis,
2227 2373 2339 2430 imo
2369 2377 2533 2430 etiam
2565 2377 2797 2433 infinitis
2825 2380 3047 2436 saeculis
3075 2396 3270 2451 plenas
3297 2383 3454 2440 luat?

2155 2553 2426 2608 Abucara.
2463 2554 2605 2621 Quid
2635 2571 2765 2612 vero
2790 2557 3002 2627 iustitia
3032 2559 3133 2614 tibi
3165 2576 3288 2616 esse
3321 2562 3567 2618 videtur?

2159 2733 2311 2802 Orig.
2346 2733 2420 2789 Ut
2453 2749 2550 2804 pro
2586 2735 2803 2792 ratione
2831 2735 3016 2792 delicti
3049 2752 3213 2808 pinna
3249 2737 3545 2810 intligatur.
3580 2740 3652 2796 lit

2085 2827 2240 2881 verbi
2275 2829 2476 2897 gratia,
2501 2828 2546 2882 si
2581 2828 2706 2898 quis
2744 2841 3018 2883 annorum
3050 2831 3454 2899 quinquaginta
3490 2836 3670 2904 spatio

2085 2920 2420 2989 peccaverit,
2453 2919 2500 2975 is
2526 2919 2688 2976 annis
2708 2920 2935 2977 totidem
2963 2929 3020 2976 et
3043 2921 3340 2991 plectatur.

2158 3099 2330 3153 Abuc.
2392 3099 2666 3166 Quolnam
2728 3099 2906 3154 modis
2954 3098 3228 3170 justitiam
3277 3100 3558 3159 dicimus?
3590 3111 3673 3161 et.
3769 3093 3773 3096 ’

2090 3190 2366 3244 undenam
2403 3199 2462 3245 tu
2497 3206 2618 3246 eam
2648 3189 2932 3246 didicisti?

2163 3277 2312 3349 Orig.
2349 3279 2429 3334 Tu
2460 3296 2590 3336 vero
2616 3281 2732 3351 ipse
2759 3280 2946 3347 dicito,
2979 3291 3238 3352 quotnam
3271 3285 3498 3343 modis?

2163 3370 2328 3427 Abuc.
2379 3371 2606 3429 Omnem
2636 3375 2934 3445 justitiam,
2970 3376 3056 3433 vel
3082 3393 3146 3432 ex
3177 3378 3270 3434 Dei
3303 3381 3440 3452 lege,
3481 3383 3566 3436 vel
3603 3397 3673 3438 ex

2091 3465 2325 3535 legibus,
2357 3481 2496 3536 quas
2525 3466 2778 3525 homines
2805 3469 3130 3536 sancierint,
3165 3473 3254 3527 vel
3277 3489 3340 3528 ex
3375 3475 3540 3531 rebus
3573 3493 3674 3530 na-

395 3541 612 3636 φύσεως
629 3566 736 3619 τῶν
760 3541 1102 3636 πραγμάτων
1117 3562 1487 3636 γινώσκομεν.
1505 3541 1830 3637 Ούδεμίαδὲ
1859 3541 1981 3620 τού-

2093 3555 2366 3612 turalibus
2399 3558 2812 3628 cognoscimus.
2845 3557 3048 3615 Harum
3081 3571 3264 3618 autem
3293 3563 3527 3634 iustitiae
3549 3581 3675 3636 spe-

399 3678 510 3715 των
541 3657 854 3730 δικαιοσύνη
893 3657 1166 3729 χρονικῶς
1199 3659 1300 3730 τὴν
1342 3658 1567 3712 κόλασιν
1617 3661 1781 3712 ποιεῖ.
1830 3653 1978 3724 υἷον,

399 3749 655 3822 πορνεύει
688 3766 796 3813 τις,
838 3749 872 3820 ἦ
907 3748 1154 3814 κλέπτει,
1187 3748 1220 3821 ἢ
1272 3747 1509 3817 φονεύει,
1549 3750 1679 3821 μίαν
1715 3749 1886 3822 ὥραν.
1925 3751 1984 3806 '0

393 3843 453 3896 δὲ
501 3841 666 3913 νόμος
694 3841 789 3894 τοῦ
839 3840 998 3908 Θεοῦ,
1053 3841 1152 3895 καὶ
1194 3843 1244 3897 οἱ
1294 3841 1405 3896 τῶν
1461 3842 1771 3912 ἀνθρώπων
1828 3843 1983 3913 νόμοι

398 3935 721 4005 φονεύοντες
766 3935 858 3987 τὸν
913 3934 1109 4003 φονέα,
1151 3933 1247 3988 καὶ
1295 3932 1622 3998 κολάζοντες
1672 3933 1767 3988 τὸν
1799 3936 1983 4007 παρά-

395 4045 584 4098 νομον,
646 4028 767 4097 οὐχ).
825 4025 954 4096 μίαν
1007 4026 1157 4096 ὥραν
1215 4023 1543 4089 κολάζουσιν
1592 4026 1793 4089 αὐτὸν,
1843 4026 1985 4081 ἀλλὰ

394 4119 717 4190 φονεύοντες
751 4119 851 4190 μὲν
880 4118 1046 4173 αὑτὸν
1069 4120 1150 4182 εἰς
1171 4117 1263 4171 τὸν
1289 4119 1464 4172 αἰῶνα
1492 4117 1656 4172 αὑτὸν
1687 4117 1977 4183 ἐκόλασαν,

393 4214 428 4284 ἢ
464 4213 776 4277 τύπτοντες,
804 4211 971 4267 πολὺν
998 4212 1188 4283 χρόνον
1215 4212 1404 4280 ἀλγεῖν
1431 4213 1496 4266 ἐκ
1516 4211 1626 4266 τῶν
1645 4214 1980 4284 τραυμάτων

395 4302 942 4375 παρασκευάζουσιν.

469 4479 580 4532 Καὶ
607 4479 672 4534 σὺ
718 4478 796 4544 δὲ,
831 4479 880 4532 εἰ
929 4477 1255 4549 μοιχεύοντά
1309 4496 1432 4534 τινα
1465 4480 1547 4544 εἰς
1604 4480 1703 4550 τὴν
1751 4480 1849 4552 σὴν
1878 4499 1980 4550 γυ-

394 4575 582 4638 ναῖκα,
614 4571 646 4644 ἢ
679 4571 954 4641 θυγατέρα
976 4570 1298 4638 κατέλαϐες,
1329 4571 1450 4642 οὐχὶ
1487 4572 1617 4643 μίαν
1653 4572 1804 4644 ὥραν
1831 4573 1981 4646 ἔκρι-

393 4682 491 4727 νας
521 4662 588 4717 ἂν
634 4663 989 4730 κολασθῆναι.
1026 4662 1164 4717 ἀλλὰ
1194 4662 1342 4732 φόνῳ
1385 4664 1800 4736 παραδοθῆναι;
1843 4668 1981 4737 ὅπερ

392 4757 550 4810 ἐστὶν
602 4756 798 4810 αἱωνῐα
855 4755 1096 4820 κόλασις.
1159 4755 1322 4810 Ἀλλὰ
1365 4757 1460 4811 καὶ
1515 4759 1572 4812 αἱ
1631 4758 1824 4829 φύσεις
1873 4760 1983 4814 τῶν

392 4849 746 4920 πραγμάτων
809 4847 1092 4912 ὡσαύτως.
1150 4849 1619 4922 ’Δποτρεπόμενοι
1689 4852 1798 4924 γὰρ
1845 4854 1980 4924 φέρε
2009 4893 2057 4952 ο

393 4942 593 5003 εἰπεῖν,
639 4937 850 5009 ψυχρὸν
900 4937 1046 5008 ὕδωρ
1094 4941 1262 5004 πιεῖν,
1315 4942 1349 5011 ἧ
1383 4959 1528 5005 τινος
1575 4942 1820 5012 ἅψασθαι
1873 4944 1981 4998 τῶν

394 5029 773 5100 βλαπτόντων,
796 5027 894 5082 καὶ
922 5026 1359 5098 παραϐαίνοντες
1386 5029 1736 5102 πολυχρονίῳ
1764 5032 1984 5086 κολάσει

394 5120 827 5194 περιπίπτομεν.
862 5119 960 5173 Ἐκ
989 5119 1098 5189 γὰρ
1123 5118 1506 5191 ψυχροποσίας
1531 5123 1819 5190 πολλάκις,
1850 5124 1881 5196 ἢ
1920 5127 1986 5178 ἐκ

392 5215 493 5270 τοῦ
549 5212 795 5284 ἅψασθαι
847 5211 1113 5283 πυρὸς,ῆ
1167 5210 1280 5278 ὄξει
1323 5213 1656 5284 χρήσασθαι,
1717 5217 1986 5288 διηνεκῶς

395 5305 780 5376 ὲκολάσθημεν
811 5304 975 5376 νόσφ’
1020 5305 1055 5376 ὴ
1102 5302 1349 5374 φύσις’δὲ
1383 5307 1703 5379 δικαιοτάτη
1736 5309 1875 5362 ἐστι.
1907 5311 1980 5364 Σὺ

393 5398 456 5454 δὲ
513 5399 678 5452 πόθεν
712 5397 877 5469 ἔχεις,
927 5396 961 5469 ἦ
1015 5391 1176 5468 εὗρες
1207 5397 1306 5468 τὴν
1353 5397 1704 5473 δικαιοσύνην
1749 5402 1976 5474 ταύτην,

395 5493 545 5553 εἰπέ.

2085 3645 2296 3702 clerum
2337 3645 2488 3702 nulla
2539 3649 2900 3720 temporalem
2955 3665 3174 3722 pmnam
3223 3653 3450 3726 irrogat.
3498 3654 3672 3713 Prout

2085 3734 2398 3791 fornicatur
2430 3737 2731 3808 quispiam,
2759 3740 2843 3795 vel
2873 3738 3116 3806 furatur,
3144 3743 3226 3798 vel
3259 3745 3486 3810 occidit,
3507 3748 3672 3803 unius

2085 3829 2236 3884 horae
2265 3829 2467 3900 spatio.
2495 3833 2564 3885 At
2591 3833 2678 3888 lex
2715 3832 2829 3896 Dei,
2863 3833 3265 3908 hominumque
3315 3838 3461 3909 leges
3493 3841 3674 3898 homi-

2084 3920 2290 3989 cidam,
2356 3923 2556 3993 capitis
2589 3923 2939 3994 damnantes,
2988 3935 3349 4001 extremoque
3397 3935 3672 4005 supplicio

2083 4011 2462 4072 facinorosum
2495 4016 2733 4087 aliquem
2761 4017 3088 4085 allicientes,
3126 4037 3235 4076 non
3264 4024 3427 4082 unius
3453 4027 3508 4082 in
3544 4044 3669 4085 eum

2083 4105 2236 4162 horae
2264 4108 2443 4177 spatio
2482 4108 2967 4177 animadvertunt;
3008 4111 3105 4165 sed
3139 4112 3184 4167 si
3229 4125 3407 4171 morte
3446 4119 3670 4187 quidem

2082 4199 2348 4270 plectant,
2405 4208 2616 4256 aeterno
2669 4216 2794 4257 eum
2849 4202 3124 4273 supplicio
3187 4205 3449 4276 alliciunt,
3500 4214 3584 4269 vel
3619 4215 3672 4270 si

2084 4291 2408 4361 verberent,
2437 4293 2765 4348 diuturnum
2795 4294 2845 4349 ei
2895 4294 3142 4350 dolorem
3183 4311 3252 4351 ex
3287 4299 3451 4357 rebus
3511 4304 3665 4378 [[ονι.

2084 4379 2432 4454 vulneribus]
2470 4381 2734 4439 inferunt.

2155 4473 2299 4540 Quin
2349 4482 2406 4529 tu
2451 4491 2672 4546 quoque
2723 4477 2772 4534 si
2819 4478 3127 4538 adulterum
3174 4487 3487 4556 quempiam
3539 4504 3666 4544 cum

2084 4583 2274 4634 uxore,
2296 4567 2476 4624 ﬁliave
2505 4565 2965 4645 deprehenderes,
3000 4590 3110 4631 non
3144 4577 3309 4634 unius
3333 4578 3486 4634 illum
3521 4580 3667 4638 hora:

2084 4660 2263 4731 spatio
2313 4661 2673 4731 puniendum,
2739 4665 2838 4720 sed
2891 4667 3279 4726 trucidandum
3349 4687 3611 4732 censeres
3654 4699 3664 4733 :

2083 4753 2230 4824 quod
2263 4752 2486 4824 quidem
2531 4766 2799 4812 aeternum
2843 4769 2928 4814 est
2971 4760 3256 4819 hominum
3310 4769 3662 4836 supplicium.

2089 4841 2196 4898 Sed
2227 4845 2361 4914 ipsa:
2387 4859 2608 4916 quoque
2636 4861 2821 4902 rerum
2851 4859 3058 4907 natura:
3085 4854 3313 4923 perinde
3343 4872 3404 4913 se
3438 4859 3662 4915 habent.

2085 4935 2220 4991 Cum
2242 4936 2387 4991 enim
2415 4938 2574 4994 nobis
2605 4953 2673 4993 ne
2707 4938 2982 5011 frigidam,
3005 4944 3157 4998 verbi
3183 4946 3380 5016 gratia,
3412 4947 3665 5006 bibamus

2086 5042 2308 5099 aquam,
2342 5044 2478 5084 neve
2523 5045 2743 5101 quoque
2789 5032 2958 5086 noxio
3011 5033 3118 5088 cibi
3164 5051 3362 5106 genere
3415 5049 3660 5108 utamur,

2085 5120 2439 5175 interdictum
2477 5121 2569 5188 sit,
2600 5121 2655 5176 in
2688 5124 2916 5179 vetitum
2971 5132 3154 5180 tamen
3203 5128 3472 5195 nitamur,
3512 5131 3664 5188 “diu-

2086 5220 2278 5267 turnas
2300 5198 2563 5267 nimirum
2591 5227 2785 5284 pmnas
2813 5211 3034 5269 damus.
3068 5213 3261 5287 Itaque
3286 5233 3664 5291 saepenumero

2087 5304 2169 5368 ﬁt,
2199 5312 2258 5358 ut
2288 5319 2356 5358 ex
2389 5302 2602 5376 frigida:
2634 5313 2788 5376 potu,
2819 5305 3033 5378 ignisve
3080 5317 3367 5375 contactu,
3402 5313 3488 5368 vel
3521 5317 3662 5370 aceti

2087 5412 2190 5450 usu
2213 5398 2536 5452 continuum
2564 5398 2816 5454 morbum
2847 5399 3221 5460 incurramus.
3262 5405 3427 5476 Atqui
3466 5417 3662 5465 natura

2086 5487 2389 5556 iustissima
2419 5497 2524 5546 est.
2553 5487 2633 5544 Tu
2675 5507 2806 5547 vero
2841 5493 3114 5565 justitiam
3152 5495 3430 5553 undenam
3467 5498 3660 5570 habes,

2094 5590 2187 5638 aut
2230 5583 2485 5638 invenisti
2512 5585 2534 5638 ἲ
