4000 6460
1655 402 2054 464 TIIEODGR-I
2097 399 2470 462 ABUCARE
3562 406 3672 477 1583.

2014 521 2226 579 XXXII.
2899 569 2902 572 ,

979 611 1044 668 ι).
1085 613 1344 667 Theodori
1372 613 1652 676 Abttcara',
1683 615 1910 684 episcopi
1938 615 2160 683 Carum,
2192 629 2380 674 contra
2407 619 2704 674 Saracenos
2735 615 3148 690 Theoposchilas
3171 617 3307 694 (6|).

1741 724 2025 788 Interprete
2047 725 2381 780 Genebrardo.

537 811 662 864 Alio
699 811 756 864 in
786 818 1063 864 conventu
1091 808 1424 876 Saracenus,
1455 825 1522 864 ex
1557 807 1877 864 illustribus
1913 807 2046 873 illis,
2078 819 2124 875 Α
2155 813 2448 882 utriusque
2481 812 2657 884 partis
2689 815 3275 884 suascompositionem
3317 829 3439 870 cum
3468 813 3610 875 Patre
3641 833 3683 875 et

469 902 786 973 episcopum
843 889 1193 972 interrogans
1220 918 1236 955 :
1263 901 1376 972 Age
1409 917 1559 969 vero,
1593 902 1792 970 inquit,
1827 902 2049 970 episco-

471 1009 574 1062 po,
639 993 780 1048 Dens
837 993 932 1048 ille
997 1002 1123 1048 tuus
1176 993 1228 1047 in
1256 1009 1423 1048 cruce
1477 993 1748 1064 pendens,
1809 995 2052 1048 animam

470 1081 810 1152 exspiravit?

541 1170 776 1224 Maxime
831 1185 984 1235 vero,
1035 1173 1319 1241 respondit
1379 1171 1698 1243 episcopus.
1743 1167 2052 1226 Saracenos

471 1265 743 1316 autc-min
777 1265 948 1318 risum
1004 1265 1286 1334 profusus,
1339 1271 1392 1316 et
1423 1279 1546 1326 eos,
1595 1263 1689 1340 qui
1731 1270 1863 1316 tunc
1920 1263 2048 1316 ade-

470 1365 615 1420 rant,
633 1355 961 1423 Saracenos,
975 1355 1384 1410 etChristianos
1399 1354 1640 1418 ludibrio
1662 1354 1805 1408 velut
1821 1353 2048 1415 habens,

469 1456 699 1518 extensa
731 1448 898 1520 4.16
946 1463 1109 1503 manu
1160 1447 1492 1504 exclamavit
1525 1465 1538 1502 :
1575 1444 1706 1502 Sine
1767 1447 2048 1520 hypostasi

469 1541 654 1600 factus
703 1553 784 1598 est
825 1544 1268 1600 Christianorum
1313 1542 1478 1599 Deus.

539 1631 710 1688 Alme.
761 1633 830 1686 At
887 1636 1160 1687 undenam
1207 1619 1327 1688 sine
1373 1633 1656 1705 hypostasi
1690 1631 1857 1689 Deum
1890 1629 2050 1685 Chri-

470 1728 782 1781 stianorum
812 1727 988 1782 fuisse
1015 1727 1232 1796 colligis
1261 1727 1285 1780 ἲ

543 1819 739 1877 Sarac.
771 1819 890 1875 Meo
922 1819 1098 1890 ipsius
1135 1819 1406 1890 exemplo.

548 1915 718 1967 Abuc.
754 1911 1049 1979 Quonam?

540 2005 736 2062 Sarac.
798 2005 911 2076 Ego
949 2005 1232 2075 quondam
1277 2021 1386 2061 non
1436 2021 1608 2071 eram,
1657 2004 1837 2076 quoad
1874 2015 2050 2072 usque

467 2099 592 2153 dua:
628 2099 730 2152 mei
769 2105 952 2168 partes
987 2098 1042 2152 in
1081 2108 1276 2153 ventre
1304 2099 1497 2152 matris
1529 2113 1663 2152 meae
1696 2097 2046 2157 coaluerunt,

2155 903 2365 972 Spiritu
2395 913 2737 974 sanctoerat
2771 925 2782 961 :
2815 908 2930 962 imo
2965 923 3116 974 vero,
3142 919 3270 962 ante
3299 909 3476 963 omnia
3497 913 3682 980 saecula,

2151 1010 2327 1064 eoque
2360 997 2502 1065 ipso,
2547 997 2694 1068 quod
2721 1001 3063 1068 compositus
3089 1015 3154 1056 ex
3183 998 3406 1069 Virgine
3436 1007 3688 1070 processit,

2151 1087 2290 1141 nihil
2324 1089 2624 1159 quidquam
2661 1106 2726 1145 ex
2759 1092 2994 1160 partium
3043 1108 3270 1146 suarum
3305 1093 3692 1162 proprietatibus

2151 1179 2358 1232 amisit.
2403 1179 2697 1236 Perfectus
2736 1181 2885 1236 enim
2917 1181 3065 1236 Deus
3105 1181 3334 1246 mansit,
3367 1191 3429 1235 ut
3466 1188 3516 1235 et
3559 1179 3694 1238 Pater

2151 1269 2428 1340 perfectus
2471 1280 2555 1327 est
2594 1271 2816 1327 :factus
2866 1283 3047 1327 autem
3100 1281 3187 1327 est
3213 1272 3404 1336 homo,
3439 1282 3494 1326 ut
3522 1281 3574 1327 et
3601 1290 3696 1327 rua-

2151 1369 2268 1430 ter;
2299 1364 2746 1434 quandoquidem
2779 1364 2984 1420 Christi
3025 1372 3212 1434 partes
3248 1364 3331 1420 hac
3361 1373 3535 1437 διιιιιἸ
3575 1366 3698 1419 divi.

2149 1453 2319 1520 nitas,
2355 1467 2408 1509 et
2442 1456 2780 1511 humanitas.
2835 1444 2928 1518 Ᾰι,
2967 1457 3088 1528 ipso
3139 1458 3413 1527 passionis
3462 1465 3696 1526 tempore,

2151 1562 2273 1601 cum
2307 1561 2335 1600 a
2378 1563 2610 1618 corpore
2645 1558 2902 1618 separata
2931 1558 3016 1604 est
3043 1550 3248 1616 anima,
3276 1551 3394 1620 ipse
3414 1549 3480 1604 ab
3501 1557 3703 1617 utraque

2149 1643 2308 1706 parte
2337 1637 2727 1708 inseparabilis
2756 1639 2984 1706 mansit,
3017 1639 3292 1696 indivulsa
3341 1639 3702 1709 conjunctione

2149 1731 2466 1799 colligatus,
2497 1747 2717 1803 unaque
2746 1733 2832 1786 sui
2860 1733 3038 1802 ipsius
3069 1731 3390 1791 divinitatis
3407 1743 3458 1788 et
3479 1729 3702 1786 humani-

2151 1823 2280 1876 tatis
2317 1822 2632 1894 hypostasis
2665 1825 2961 1880 exsistens.
3019 1850 3025 1857 -
3632 1809 3639 1814 ’

2224 1913 2417 1968 Same.
2455 1913 2694 1970 Ubinam
2719 1930 2856 1984 ergo
2884 1916 3068 1970 anima
3091 1915 3244 1972 erat?

2224 2007 2388 2064 Abuc.
2423 2007 2640 2080 Corpus
2671 2008 2891 2079 quidem
2928 2008 2983 2064 in
3015 2008 3518 2080 sepulcro;anima
3548 2016 3706 2062 autem

2152 2101 2212 2155 in
2247 2101 2491 2156 inferno.

470 2206 696 2260 corpus,
728 2190 980 2258 inquam,
1013 2197 1068 2244 et
1090 2192 1308 2258 anima;
1349 2191 1494 2246 unde
1527 2191 1751 2247 tertium
1785 2187 2049 2258 quiddam
2086 2161 2128 2216 Β
2227 2187 2326 2244 llis
2359 2187 2526 2245 dictis
2557 2189 2872 2246 Saracenus
2905 2205 3106 2262 magna
3127 2205 3262 2247 cum
3291 2189 3708 2246 exclamatione:

470 2297 693 2338 enatum
726 2291 831 2348 est,
881 2283 974 2352 qui
1001 2298 1102 2354 ego
1139 2298 1204 2337 ex
1249 2283 1544 2352 utriusque
1571 2281 1745 2351 partis
1775 2293 2052 2334 concursu

471 2386 528 2430 et
561 2376 987 2446 compositione,
1017 2375 1328 2447 hypostasis
1361 2375 1520 2428 unica
1552 2372 1854 2442 cornposita
1877 2370 2053 2426 evasi.

471 2469 608 2522 Cum
645 2483 776 2537 ergo
809 2469 862 2522 in
906 2470 1024 2538 ipso
1055 2468 1250 2520 mortis
1273 2467 1507 2520 articulo
1531 2473 1794 2535 separata!
1827 2463 2050 2527 fuerint,

473 2577 540 2614 an
587 2575 702 2616 non
757 2561 1116 2632 bypostaseos
1147 2575 1280 2615 meae
1314 2559 1537 2614 nullitas
1569 2567 1702 2613 tunc
1737 2558 2052 2613 necessaria

471 2653 623 2709 erit?

543 2746 714 2802 Alme.
773 2745 856 2800 An
917 2758 1048 2800 vero
1103 2742 1524 2815 compositionis
1578 2741 1656 2797 tui
1715 2743 2049 2814 exemplum,

471 2841 614 2894 idem
645 2855 768 2894 esse
802 2853 927 2892 cmn
960 2835 1168 2892 Christi
1199 2837 1604 2907 compositione
1625 2833 1864 2892 censes?

543 2923 730 2982 Sarac.
767 2928 968 2994 Quidni
1007 2927 1308 2982 censeam?

544 3021 714 3074 Λύκε.
755 3021 1071 3090 Antequam
1104 3019 1226 3074 dum
1260 3019 1337 3073 tui
1373 3027 1559 3090 partes
1597 3020 1700 3074 illa:
1748 3033 2052 3073 concurre-

470 3125 615 3179 rent,
666 3123 728 3169 ut
768 3115 886 3184 ipse
917 3112 1210 3169 confessus
1239 3129 1322 3179 es,
1351 3129 1460 3168 non
1487 3128 1614 3168 eras
1647 3131 1660 3168 :
1698 3121 2051 3184 posteaquam

468 3224 600 3261 vero
629 3214 790 3262 natus
819 3221 900 3272 es,
933 3207 1219 3275 utriusque
1259 3206 1430 3276 partis
1461 3208 1702 3276 integras
1741 3205 2051 3277 proprietao

473 3307 556 3352 tes
581 3310 918 3351 conservare
947 3311 1052 3350 non
1080 3297 1309 3366 potuisti
1339 3314 1352 3350 :
1377 3298 1820 3366 quandoquidem
1855 3297 2052 3350 animae

473 3391 545 3447 im
556 3387 966 3448 mortalitatem.
987 3388 1352 3458 corporisque
1371 3385 1751 3443 brutalitatem
1767 3385 1999 3442 amisisti
2033 3404 2048 3439 τ

2119 2277 2226 2336 ‘At
2281 2283 2580 2352 quomodo,
2626 2284 2838 2367 inquit,
2879 2282 3118 2339 \‘erbum
3168 2285 3224 2337 in
3263 2283 3518 2354 utrisque
3578 2289 3713 2336 tanto

2155 2375 2370 2430 dissitis
2420 2375 2733 2442 intervallo,
2761 2375 3124 2446 coniunctum
3159 2383 3264 2442 est,
3292 2391 3420 2430 cum
3462 2389 3495 2428 a
3543 2387 3714 2428 neutro

2153 2466 2492 2538 indivulsum
2521 2466 2821 2520 manserit?

2225 2561 2553 2615 Theodorus
2613 2568 2794 2614 autem
2825 2557 3010 2612 ridens
3041 2575 3054 2609 :
3088 2553 3382 2626 Superest,
3441 2554 3635 2624 inquit,
3660 2569 3716 2608 ex

2153 2652 2256 2708 hac
2283 2661 2374 2707 tua
2400 2651 2696 2718 sententia,
2729 2657 2788 2704 ut
2821 2648 2966 2705 Dens
2995 2648 3087 2703 ille
3111 2659 3261 2713 tuus,
3295 2647 3354 2702 in
3387 2644 3647 2709 Makensi,
3673 2653 3717 2697 et

2153 2750 2474 2820 Magadensi
2506 2733 2792 2819 Mesquitis
2825 2747 3062 2801 inveniri
3091 2761 3199 2800 non
3223 2745 3424 2816 possit.

2227 2840 2421 2897 Sarac.
2449 2839 2532 2894 An
2569 2854 2702 2894 vero
2731 2838 2855 2892 dua:
2881 2837 2990 2891 illae
3035 2845 3256 2906 partes,
3314 2832 3616 2905 quamlibet
3643 2843 3720 2886 so-

2153 2943 2380 3004 paratae,
2415 2929 2713 3003 participes
2737 2928 3048 2984 divinitatis
3071 2927 3265 2982 erant?

2224 3024 2400 3078 Abuc.
2427 3020 2540 3077 Non
2583 3021 2786 3088 minus,
2830 3034 2996 3090 quam
3021 3034 3132 3090 quo
3165 3027 3416 3088 tempore
3441 3015 3720 3087 conjungevv

2153 3113 2381 3169 bantur.
2455 3097 2462 3103 ’
2909 3093 2920 3104 ⁸

2193 3263 2197 3268 ,
2227 3207 2424 3262 Sarac.
2451 3204 2557 3272 Qui
2594 3219 2726 3260 vero
2748 3202 3058 3258 divinitatis
3081 3201 3366 3274 particeps
3387 3215 3592 3272 corpus
3610 3215 3723 3256 ειη.

2154 3296 2302 3350 nime
2333 3295 2387 3348 in
2417 3294 2674 3365 sepulcro
2697 3293 2892 3363 jacens
2923 3305 3040 3348 non
3068 3289 3445 3346 movebatur?

2223 3385 2397 3440 Abuc.
2421 3384 2564 3452 Quia
2592 3383 2834 3440 Verbum
2867 3383 2921 3438 in
2956 3383 3077 3453 ipso
3109 3389 3242 3436 tunc
3265 3379 3722 3450 incorruptionem

472 3488 524 3534 et
598 3480 821 3534 tertium
886 3479 1171 3549 quiddam,
1230 3486 1290 3533 ut
1341 3478 1586 3544 dicebas,
1639 3479 1908 3533 evasisti:
1953 3493 2052 3534 nec
2157 3493 2318 3537 sacro
2358 3479 2435 3533 illi
2465 3470 2720 3533 cadaveri
2741 3475 3160 3530 convenientem
3195 3472 3483 3530 servabat.

469 3573 677 3638 anima,
723 3586 821 3626 nec
853 3585 1075 3642 corpus,
1109 3571 1206 3626 sed
1241 3569 1406 3625 homo
1443 3568 1640 3624 fac-tus.
1671 3569 1743 3624 At
1775 3569 2050 3626 Christia-

470 3680 670 3722 norum
717 3665 882 3730 Deus,
945 3669 1005 3718 ut
1063 3661 1332 3718 cavillans
1385 3661 1711 3731 objiciebas,
1773 3662 1856 3718 vel
1921 3671 2052 3718 ante

2229 3573 2387 3628 Tunc
2425 3571 2740 3628 Saracenos
2773 3577 3030 3638 tanquam
3061 3566 3163 3622 reti
3199 3565 3470 3636 quopiam
3489 3563 3726 3634 implica-

2161 3677 2274 3732 tus,
2301 3674 2356 3718 et
2387 3661 2651 3736 elinguis,
2679 3675 2792 3731 prae
2823 3667 3052 3729 stupore
3082 3657 3388 3713 obmutuit.

1993 3774 2238 3833 XXXI".

581 3883 842 3940 Theodori
869 3883 1130 3940 Abucarw
1164 3883 1424 3956 Dialogus
1455 3899 1574 3939 cum
1601 3882 1948 3940 Nestoriano.

2168 3892 2398 3954 Ἀνιλος
2432 3889 2713 3962 διάλογος
2753 3890 2902 3960 πρὸς
2939 3886 3354 3956 Νεστοριανύν
3383 3887 3495 3942 τοῦ
3540 3885 3728 3941 αὐτοῦ.

1777 3999 2066 4064 Interprete
2097 4003 2434 4054 Gencbrardo.

545 4112 716 4166 Abuc.
774 4109 872 4164 Dic
913 4108 1086 4172 mihi,
1123 4107 1227 4162 hoc
1283 4121 1483 4162 nomen
1535 4105 1816 4172 Christus,
1879 4115 2057 4162 utram

473 4215 728 4263 naturam
766 4203 996 4267 indicat,
1034 4200 1362 4258 divinitatis,
1392 4214 1460 4254 an
1497 4198 1898 4254 humanitatis?

548 4298 766 4356 Nestor.
803 4296 920 4350 Non
951 4310 1112 4350 unam
1145 4295 1201 4348 in
1233 4301 1410 4364 parte,
1431 4292 1529 4348 sed
1562 4300 1858 4362 utramque
1888 4292 2060 4364 hypo-

475 4365 670 4453 stasin,
708 4390 826 4444 sive
861 4387 976 4451 Dei,
1010 4395 1063 4440 et
1095 4385 1339 4440 hominis
1369 4384 1556 4440 simul.

544 4485 709 4538 Abuc.
749 4481 918 4535 Recte
943 4495 1156 4535 censos.
1193 4475 1316 4531 Jam
1349 4477 1456 4532 hoc
1501 4477 1639 4532 mihi
1670 4475 1942 4533 edissere.
1977 4480 2059 4531 An

475 4574 730 4628 Christus
755 4589 818 4627 ex
851 4571 1076 4640 Virgine
1112 4569 1309 4626 natus?

547 4664 763 4719 Nestor.
803 4663 1055 4718 Maxime.

550 4760 715 4812 Aivuc.
743 4759 885 4828 Ergo
913 4749 1058 4811 Deus
1099 4754 1362 4821 Verbum,
1393 4765 1446 4811 et
1481 4756 1650 4811 homo
1684 4765 1850 4812 natus
1880 4763 1967 4812 est
1995 4771 2060 4810 ex

477 4851 728 4922 Virgine.
761 4849 1022 4906 Christus
1051 4849 1196 4903 enim
1220 4889 1236 4914 ,
1277 4858 1338 4902 ut
1371 4850 1666 4905 confessus
1711 4866 1794 4917 es,
1829 4849 1978 4906 Deus
2005 4860 2052 4904 et

2165 4852 2429 4922 ἐγεννήθη
2471 4853 2535 4903 ὲκ
2564 4847 2848 4917 γυναικός.
2893 4846 2951 4900 Ὀ
2985 4846 3238 4917 ’Χριστὸς
3266 4846 3406 4914 γὰρ,
3443 4845 3520 4908 ὡς
3550 4842 3738 4913 ὡμολό-

477 4944 643 4998 homo
696 4952 802 4996 est.
857 4939 972 4996 lloc
1013 4941 1242 5009 insuper
1298 4954 1329 4993 a
1367 4948 1422 4996 te
1478 4949 1606 5010 pcto
1641 4956 1654 4992 :
1692 4955 1760 4995 an
1797 4941 2058 4998 Christus

476 5040 730 5089 mortuus
763 5039 847 5086 est
863 5032 886 5084 '2

548 5124 768 5178 Nestor.
801 5122 1057 5176 Maxime.

549 5219 715 5272 Almo.
742 5216 887 5285 Ergo
935 5213 1178 5282 Deus,_et
1207 5214 1372 5269 homo
1392 5222 1645 5270 mortuus
1675 5223 1780 5272 est.
1805 5214 2062 5270 Christus

477 5311 649 5375 enim,
688 5320 745 5365 ut
779 5311 884 5378 vis,
920 5307 1062 5362 Deus
1091 5317 1146 5362 et
1171 5308 1336 5363 homo
1366 5316 1451 5364 est
1473 5308 1611 5380 (62).
1647 5308 1899 5376 Quanam
1929 5322 2060 5364 vero

479 5399 546 5478 de
574 5416 746 5457 causa
773 5399 1030 5456 Christus
1053 5399 1254 5454 dicitur
1279 5397 1303 5452 ?

1775 5533 2011 5591 VARIAE
2055 5535 2461 5594 LECTIONES.

549 5607 598 5640 "
631 5604 756 5660 llme
781 5605 941 5660 aliter
969 5602 1380 5659 Gcnehrardus.

2228 4114 2458 4170 Ἀϐουκ.
2497 4113 2636 4167 ΕΞπὲ
2688 4130 2800 4182 μοι,
2835 4110 2896 4164 τὸ
2943 4109 3180 4180 Χριστός
3227 4109 3408 4179 ὄνομα
3462 4109 3620 4172 ποίας
3645 4107 3732 4177 φύε

2163 4206 2298 4269 σεὼς
2322 4207 2436 4259 ἐστι
2463 4205 2762 4275 δηλωτνκόν
2783 4223 2798 4272 ;
2816 4207 2916 4276 τῆς
2935 4201 3259 4274 Θεότητος,ἣ
3280 4201 3730 4272 ἀνθρωπὸτητοςς
3789 4253 3795 4262 ,

2243 4299 2305 4352 '0
2336 4300 2588 4365 Νεστορ.
2639 4298 2714 4350 Ut)
2769 4297 2900 4366 μιᾶς
2955 4296 3058 4348 ἀνὰ
3102 4294 3288 4363 μέρος,
3337 4293 3482 4346 ἀλλὰ
3523 4294 3626 4345 τῶν
3653 4291 3732 4344 δύο

2161 4371 2535 4451 Onaso-635w),
2554 4391 2722 4462 ἤγουν
2742 4388 2834 4440 τοῦ
2858 4387 3016 4448 Θεοῦ,
3035 4376 3140 4440 καῖ
3157 4386 3249 4438 τοῦ
3274 4385 3574 4457 ἀνθρώπου
3591 4381 3730 4454 ὁμοῦ.

2235 4484 2472 4538 Ἀϐουκ.
2512 4483 2726 4546 Καλῶς.
2771 4480 2906 4535 Εἰπέ
2951 4496 3066 4551 μοι,
3099 4481 3126 4532 6
3162 4476 3257 4532 οὖν
3303 4478 3552 4550 Χριστὸς
3601 4479 3735 4546 ἐγεν-

2162 4575 2302 4648 νήθη
2332 4579 2396 4628 ὲκ
2421 4573 2680 4642 γυναικός
2703 4589 2718 4636 ;

2250 4668 2312 4720 '0
2354 4669 2608 4734 ,γει-τοδί).
2652 4665 2782 4717 Ναί.
2878 4671 2882 4675 ’

2235 4759 2461 4815 Ἀϐουκ.
2494 4756 2704 4811 Οὐκοῦν
2735 4759 2780 4832 6;
2814 4755 2947 4824 Θεὸς
2989 4754 3183 4824 Λόγος.
3235 4754 3331 4807 καὶ
3391 4753 3420 4806 6
3472 4752 3734 4822 ἄιδορωπος

2163 4959 2364 5014 γησας,
2397 4944 2425 4995 6
2460 4942 2592 5003 Θεός
2625 4943 2741 4992 ἐστι
2793 4937 2888 4992 καὶ
2933 4941 2962 4990 6
3013 4938 3322 5008 ἄνθρωπος.
3359 4937 3406 4968 ⁷⁵
3447 4938 3558 4990 Καὶ
3597 4935 3736 4989 πάλιν

2164 5034 2355 5104 ἐρωτῶ
2393 5051 2474 5096 σε,
2510 5036 2538 5086 6
2565 5031 2805 5103 Χριστὸς
2829 5030 3140 5096 ἀπέθανεν;

2247 5126 2311 5180 Ὀ
2341 5128 2595 5193 Νεστορ.
2631 5123 2762 5202 Nati.

2241 5219 2481 5274 Ἀϐουκ.
2513 5215 2724 5271 Οὐκοῦν
2761 5216 2789 5268 6
2821 5213 2975 5276 Θεὸς.
3023 5212 3118 5265 καὶ
3150 5213 3178 5264 6
3220 5211 3522 5282 ἄνθρωπος
3557 5210 3740 5266 ἀπέθα-

2165 5329 2260 5366 νεν
2286 5329 2298 5342 ·
2333 5311 2479 5366 κατά
2507 5328 2566 5364 σε
2597 5310 2706 5381 γὰρ
2729 5310 2756 5362 6
2783 5307 3018 5379 Χριστὸς
3042 5308 3071 5360 6
3094 5303 3249 5372 Θεὸς,
3278 5307 3382 5359 καὶ
3417 5307 3447 5359 6
3473 5302 3740 5378 ἄνθρωπός

3722 5531 3735 5560 J

2163 5407 2332 5461 ἐστιν.

2011 5687 2248 5744 ΝΟΤᾸΕ.

552 5790 676 5872 ((31)⁶
702 5789 863 5872 Hane
883 5789 1319 5872 disputationem
1342 5803 1451 5872 non
1477 5789 1663 5872 reperi‘
1769 5784 2062 5872 codicibus

481 5858 791 5917 Bavaricis.
827 5858 1017 5931 Itaque
1053 5863 1266 5916 nonnisi
1301 5858 1550 5915 Latinam
1579 5858 1926 5913 exhibemus.

2254 5785 2368 5858 (62)
2402 5789 2704 5858 chuentia
2738 5790 2932 5847 desunt
2967 5793 3020 5847 in
3047 5790 3238 5847 Graeco
3267 5790 3405 5846 Bav.
3437 5788 3650 5846 codice.
