4000 6450
338 374 355 391 ί
383 352 521 417 1585

447 465 664 523 Nestor.
700 468 839 537 Quia
864 474 1019 528 unxit
1043 491 1166 530 eum
1208 474 1353 533 Deus
1392 476 1602 547 Spiritu
1631 487 1851 535 sancto.

1802 364 2193 427 OPUSCULA
2206 412 2221 426 .

3428 417 3442 431 .
3512 364 3658 432 ’1586

1989 489 2029 546 Α
2064 478 2397 552 ιιιιοιιιεέει,
2430 484 2690 541 Christus
2707 494 2812 553 est,
2835 493 2888 541 et
2921 486 3085 541 homo
3115 486 3161 541 is
3196 495 3299 551 est,
3325 487 3417 556 qui
3451 498 3656 544 unctus

442 561 610 615 Abuc.
646 560 778 619 Uter
805 565 971 637 igitur
1002 578 1201 625 unctus
1250 579 1361 638 est,
1409 571 1551 628 Deus
1590 569 1848 635 Verbum,
1885 588 1956 628 an
2056 584 2163 640 cst,
2193 577 2344 633 alius
2365 577 2607 648 denique
2638 578 2785 635 Deus
2810 577 3077 645 Verbum,
3105 584 3158 633 et
3183 578 3329 634 alius
3361 580 3526 634 homo
3548 592 3652 638 est.

374 655 575 710 homo?

2058 676 2119 723 ut
2151 670 2338 735 vultis,
2371 671 2756 741 consequitur,
2809 679 2869 724 ut
2932 671 3099 725 homo
3154 670 3228 723 sit
3286 668 3541 725 Christus
3599 671 3653 724 iu

449 749 669 807 Nestor.
719 754 879 810 Absit
932 763 991 811 ut
1028 756 1196 813 Deum
1222 756 1459 813 Verbum
1508 766 1731 814 unctum
1784 758 1958 817 fuisse
2056 770 2231 830 parte.
2259 761 2403 827 Quid
2443 777 2575 831 ergo
2605 763 2759 817 vobis
2796 763 2971 831 ipsis,
3024 771 3079 817 et
3127 762 3251 817 aliis
3308 762 3655 832 imponcntcs

371 843 645 911 dicamus,
679 848 775 901 sed
807 849 1111 905 hominem.

344 988 355 995 .
439 936 605 994 Abuc.
643 940 898 999 Christus
930 943 1101 1016 igitur
1130 952 1215 1001 est
1245 946 1429 1000 homo.
1460 944 1518 1000 Si
1546 945 1694 1001 enim
1756 946 1805 1002 is
1856 946 1955 1016 qui

2057 852 2341 907 Christum
2374 852 2571 921 Deum,
2593 862 2647 909 et
2672 854 2952 911 hominem
2988 870 3113 912 csse
3142 855 3372 910 dicitis?

1802 1082 1965 1155 417
2006 1079 2245 1147 xxxnv.

378 1191 486 1247 Τοῦ
535 1195 825 1266 θεολόγον
874 1195 1010 1263 περὶ
1064 1198 1308 1276 χρόιίου,
1360 1196 1467 1251 τοῦ
1511 1197 1700 1252 αὑτοῦ
1748 1198 1954 1251 Ἀϐου-

1069 1284 1245 1335 καρα.

2313 1170 2391 1250 De
2420 1206 2651 1266 tempore
2685 1196 2822 1269 (65),
2851 1196 3090 1267 ejusdem
3121 1195 3399 1251 Abucarw.

1609 1383 1791 1433 Jacobs
1813 1381 2048 1435 Grctsero
2076 1378 2374 1441 interprete.

439 1501 641 1572 ΪΕρὼτο
686 1506 745 1559 Ὁ
774 1509 968 1578 χρόνος
998 1509 1058 1563 ὲν
1087 1510 1285 1583 χρόνῳ,
1312 1511 1344 1582 ἢ
1378 1513 1480 1565 οὐκ
1509 1513 1568 1565 ὲν
1592 1513 1771 1583 χρόνῳ
1795 1529 1809 1576 ;

455 1597 653 1650 Ἆπόκ.
691 1600 864 1670 Διχῶς
912 1600 1030 1655 ἔστι
1081 1603 1220 1674 πρὸς
1267 1603 1427 1657 τοῦτο
1474 1604 1956 1674 ἀπολογήσασθαιο

370 1688 490 1759 ἤτοι
514 1691 627 1762 γὰρ
660 1692 1048 1758 διαλεκτικῶς,
1075 1697 1171 1750 καὶ
1209 1696 1459 1763 ἐνδόξως,
1489 1697 1585 1751 καὶ⁵
1621 1697 1887 1761 πιθανῶς,
1924 1697 1957 1768 ἢ

354 1779 791 1847 ,ἀποδεικτικῶς,
825 1784 921 1836 καὶ
958 1786 1296 1855 ἀναγκαίως,
1325 1787 1422 1841 καὶ
1451 1788 1667 1859 ἀληθῶς
1688 1804 1702 1817 ·
1730 1789 1790 1842 οὐ
1829 1788 1961 1859 μέν·-

370 1888 453 1925 τοι
492 1873 719 1938 ἀδόξως.

444 1963 647 2055 Ἐρώτ.
700 1968 829 2031 Πῶς
883 1962 977 2022 οὖν
1018 1968 1201 2039 βούλει
1250 1969 1573 2045 προϐαίνειν
1603 1973 1697 2026 τὸν
1755 1971 1955 2042 λόγον;

368 2057 754 2125 διαλεκτικῶς,
786 2060 819 2130 ἢ
853 2062 1292 2131 ἀποδεικτικῶς;

442 2149 655 2205 Ἀπόθε.
707 2152 1095 2217 Διαλεκτικῶς.
1146 2156 1348 2225 Ἐρώτ.
1381 2158 1430 2190 ⁷⁸
1473 2158 1531 2212 '0
1577 2158 1772 2231 χρόνος
1829 2157 1957 2211 οὔτε

356 2243 430 2294 ιέν
459 2243 638 2313 χρόνῳ
663 2245 833 2308 ἐστὶν,
863 2245 988 2300 οὔτε
1019 2249 1121 2302 οὐκ
1152 2251 1210 2303 ὲν
1241 2251 1443 2322 χρόνῳ.
1486 2253 1551 2305 El
1589 2252 1690 2321 μὲν
1716 2251 1826 2323 γὰρ
1856 2252 1959 2305 οὐκ

373 2336 433 2387 ἐν
476 2336 675 2406 χρόνῳ,
722 2340 1063 2410 κεχώρισται
1112 2342 1347 2395 ἑαυτοῦ’
1380 2344 1521 2415 ὅπερ
1565 2344 1856 2398 ἀδύνατον.
1889 2344 1954 2396 Εἰ

364 2423 429 2478 -δὲ
459 2426 517 2479 ὲν
546 2428 746 2497 χρόνῳ,
794 2430 852 2481 ἐν
886 2430 1069 2501 ἑαυτῷ
1105 2430 1292 2485 ἔσται·
1326 2432 1388 2486 τδ
1420 2432 1478 2486 δὲ
1523 2433 1579 2486 ἐν
1622 2451 1752 2499 τινι,
1797 2450 1962 2505 περι·
1996 2498 2001 2505 ,

374 2518 561 2588 ἐχεται
599 2520 692 2572 ὑπ’
723 2520 912 2577 αὑτοῦ.
960 2523 1123 2575 Ἀλλὰ
1159 2526 1289 2594 μὴν,
1330 2524 1520 2594 ἒτερόν
1554 2527 1670 2578 ἐστι
1708 2524 1769 2578 τὸ
1803 2542 1962 2595 περι-

375 2609 640 2680 εχόμενον
685 2612 840 2683 παρὰ
894 2613 957 2667 τδ
998 2616 1274 2687 περιέχον.
1321 2616 1554 2688 Ἕτερον
1597 2616 1706 2687 ἄρα
1766 2616 1961 2670 ἑαυτοῦ

374 2702 527 2756 ἔστιν
559 2705 588 2757 ό
617 2704 830 2774 χρόνος,
859 2707 1002 2777 ὅπερ
1027 2708 1315 2764 ἀδύνατον.
1353 2711 1417 2763 Ei
1446 2706 1565 2775 οὖν,
1605 2710 1681 2773 ὡς
1721 2709 1959 2782 ἐδείχθη,

1991 1466 2033 1520 Β
2133 1485 2402 1580 Ἰιιιεννορ.
2449 1507 2592 1564 Num
2631 1517 2849 1581 tempus
2881 1521 2968 1566 est
3001 1511 3057 1564 in
3098 1518 3365 1578 tempore,
3406 1524 3473 1562 au
3504 1494 3655 1562 tum?

2134 1600 2289 1670 Resp.
2321 1600 2624 1670 Dupliciter
2670 1602 2736 1656 ad
2774 1603 2878 1655 hoc
2924 1600 3248 1669 responderi
3283 1605 3483 1669 potest,
3534 1598 3656 1652 dia-

2062 1693 2259 1748 lectice
2316 1694 2577 1749 videlicet
2627 1701 2683 1749 et
2737 1693 3107 1763 probabiliter
3145 1700 3201 1746 et
3233 1690 3651 1751 verisimiliter;

2061 1785 2146 1839 vel
2174 1785 2631 1851 demonstrative,
2675 1785 3023 1849 necessario.
3055 1796 3109 1840 et
3140 1799 3298 1849 vere;
3331 1798 3440 1837 non
3470 1792 3653 1835 tamen

2063 1878 2310 1948 improba
2322 1879 2530 1934 biliter.

2134 1970 2402 2042 Interrog.
2464 1971 2753 2037 Quomodo
2798 1972 2969 2043 igitur
3022 1970 3454 2040 disputationem
3495 1968 3655 2022 insti-

2043 2071 2219 2146 tuere
2244 2064 2441 2134 cupis?
2467 2066 2777 2131 dialectice,
2808 2080 2878 2119 an
2914 2062 3383 2131 demonstrative?

2132 2154 2292 2224 Resp.
2321 2156 2639 2213 Dialectice.
2673 2156 2915 2227 Tempus
2953 2170 3133 2225 neque
3158 2155 3212 2207 iu
3245 2161 3500 2222 tempore
3528 2157 3651 2216 est;

2063 2265 2242 2319 neque
2292 2264 2401 2305 non
2439 2262 2524 2305 εει
2571 2250 2627 2304 in
2661 2258 2932 2319 tempore.
2969 2247 3027 2301 Si
3065 2247 3212 2301 enim
3257 2260 3365 2299 non
3409 2253 3555 2300 esset
3598 2244 3655 2296 in

2064 2347 2170 2393 tem
2181 2356 2329 2409 pore,
2350 2355 2377 2393 a
2396 2355 2454 2395 se
2481 2339 2603 2410 ipso
2622 2347 2936 2409 separatum
2950 2343 3117 2400 esset,
3137 2335 3283 2405 quod
3309 2334 3422 2388 fieri
3442 2334 3652 2402 nequit.

2068 2433 2125 2486 Si
2160 2449 2288 2488 vero
2305 2434 2377 2488 sit
2417 2433 2472 2486 in
2505 2440 2775 2501 tempore,
2816 2431 2869 2485 in
2905 2446 2965 2486 se
3012 2431 3132 2499 ipso
3156 2430 3261 2484 erit
3296 2445 3310 2482 :
3343 2426 3492 2497 quod
3525 2440 3657 2480 vero

2066 2524 2124 2578 in
2156 2526 2340 2593 aliquo
2374 2524 2540 2587 inest,
2598 2522 2919 2577 continetur
2963 2522 3031 2575 ab
3076 2519 3384 2587 illosAtqui
3426 2517 3478 2571 id
3509 2517 3655 2586 quod

2068 2618 2331 2681 continet,
2387 2627 2438 2671 et
2469 2617 2613 2687 quod
2662 2615 2994 2679 cuntiuetur,
3026 2614 3287 2669 distincta
3338 2619 3486 2666 sunt.
3534 2609 3655 2665 Dis-

2067 2710 2301 2763 tinctum
2334 2709 2500 2779 igitur
2529 2725 2559 2761 a
2594 2725 2653 2764 se
2697 2709 2818 2779 ipso
2846 2716 2931 2763 est
2965 2716 3181 2776 tempus
3217 2722 3230 2759 :
3267 2703 3412 2774 quod
3436 2713 3523 2757 est
3553 2704 3657 2756 im-
3714 2766 3717 2769 _

378 2798 648 2853 ἀδύνατόν
700 2802 815 2854 ἐστι
865 2802 927 2854 τὺ
972 2802 1066 2856 τὸν
1104 2804 1298 2874 χρόνον
1350 2803 1548 2857 ἑαυτοῦ
1602 2803 1960 2873 κεχωρίσθαι,

2077 2802 2357 2872 possibile.
2392 2802 2448 2856 Si
2504 2802 2695 2873 igitur,
2738 2809 2798 2856 ut
2836 2811 3141 2865 ostensum,
3178 2796 3516 2869 impossibile
3570 2803 3660 2849 est

378 2890 787 2963 ἀδυνατώτερον
813 2892 871 2945 δὲ
901 2893 996 2946 καὶ
1037 2894 1100 2946 τὸ
1127 2894 1324 2948 ἑαυτοῦ
1361 2896 1554 2964 ἓτερον
1580 2891 1741 2949 εἶναι.
1777 2894 1966 2950 Ταῦτα

379 2983 436 3037 δὲ
467 2982 667 3054 συνέϐη
706 2985 747 3016 ⁷⁷
787 2986 852 3037 ὲκ
892 2983 988 3038 τοῦ
1044 2986 1396 3041 ὑποτίθεσθαι
1446 2987 1538 3039 τὸν
1581 2987 1795 3057 χρόνον,
1846 2987 1965 3059 ἦτοι

381 3077 483 3132 οὐκ
516 3077 576 3129 ὲν
604 3071 1016 3149 χρόνῳίδῆλον,
1050 3081 1135 3133 ὅτι
1161 3079 1451 3145 ἀδύνατον,
1477 3078 1569 3131 τὸν
1599 3079 1794 3150 χρόνον
1823 3075 1965 3133 εἶναι

381 3168 439 3218 ὲν
499 3168 763 3240 χρόνῳ,ἢ
819 3172 920 3224 οὐκ
963 3172 1021 3223 ἐν
1070 3172 1269 3242 χρόνῳ.
1311 3172 1470 3225 Πᾶσα
1542 3171 1652 3244 γὰρ
1708 3171 1965 3235 ὑπόθεσις

380 3259 675 3328 ἀπάγουσα
732 3264 814 3325 εἰς
849 3263 1134 3329 ἀδύνατον,
1189 3266 1283 3319 καὶ
1339 3265 1479 3335 αὑτὴ
1519 3264 1784 3329 ἀδύνατός
1820 3266 1963 3332 ἐστι,

364 3348 477 3402 »καὶ
516 3350 689 3405 ταῦτα
717 3351 1078 3418 διαλεκτικῶς
1108 3354 1325 3425 εἴρηται
1343 3400 1358 3427 ,
1380 3356 1475 3407 καὶ
1515 3355 1769 3420 ἐνδόξως.

454 3624 519 3677 El
549 3624 608 3678 δὲ
658 3623 838 3690 θέλεις
887 3626 984 3682 καὶ
1030 3627 1094 3680 τὸ
1151 3626 1554 3690 ἀποδεικτικῶς
1602 3626 1811 3696 λέγειν,
1864 3627 1966 3682 οὐκ

382 3716 625 3787 ὀκνήσω.
671 3717 730 3770 '0
757 3719 944 3789 χρόνος
979 3719 1082 3772 οὐκ
1114 3721 1174 3773 ὲν
1218 3719 1397 3791 χρόνῳ
1423 3720 1606 3774 ἐστίν’
1648 3719 1765 3773 ἔστι
1804 3719 1861 3773 δὲ
1905 3722 1971 3773 ὲκ

382 3807 493 3862 τῶν
526 3810 729 3879 ὁμοίων
776 3811 904 3879 περὶ
934 3811 1125 3865 τούτου
1160 3812 1564 3867 πιστώσασθαι.
1602 3812 1820 3883 Ὥσπερ
1855 3811 1968 3882 γὰρ

383 3902 413 3954 ὁ
440 3901 609 3966 τόπος
636 3902 735 3956 οὐκ
770 3903 918 3959 ἔστιν
969 3906 1028 3958 ἐν
1060 3905 1212 3977 τόπῳ
1235 3920 1249 3935 ·
1303 3907 1413 3960 πᾶν
1452 3906 1564 3977 γὰρ
1595 3905 1657 3959 τὸ
1695 3905 1756 3958 ὲν
1790 3904 1968 3976 τόπῳ,

385 3991 582 4063 σῶμα⁸
608 3996 636 4048 ό
672 3995 732 4049 δὲ
761 3998 929 4059 τόπος
961 3996 1021 4049 οὐ
1044 3997 1207 4067 σῶμά
1236 3999 1383 4053 ἐστι’
1420 3999 1568 4068 καὶὴ
1602 3996 1753 4067 ψυχὴ
1783 3996 1885 4050 οὐκ
1910 3998 1970 4049 ἐν

381 4085 528 4158 ψυχῇ
563 4089 730 4155 ἐστιν,
756 4089 875 4143 ἀλλ’
907 4091 967 4144 ὲν
996 4090 1075 4162 τῷ
1117 4092 1334 4163 σώματι
1358 4110 1373 4125 ο
1408 4094 1558 4163 καὶὴ
1609 4092 1831 4162 κίνησις
1865 4092 1967 4145 οὐκ

2069 2900 2287 2963 tempus
2314 2907 2347 2947 a
2409 2908 2469 2949 sc
2534 2893 2671 2961 ipso.
2702 2902 3021 2962 separatum
3053 2905 3214 2957 esse;
3267 2888 3441 2941 multo
3475 2885 3657 2939 minus

2068 2982 2185 3038 ﬁeri
2219 2993 2421 3053 potest,
2454 2992 2512 3037 ut
2551 2998 2582 3037 a
2612 2998 2672 3037 se
2694 2984 2816 3054 ipso
2857 2985 3135 3038 diversum
3174 2986 3267 3038 sit.
3293 2981 3349 3036 Si
3381 2996 3512 3036 vero
3540 2981 3658 3035 haec

2067 3086 2486 3150 consequuntur
2540 3093 2606 3132 ex
2639 3077 2933 3147 hypothesi
2963 3077 3060 3131 illa
3099 3095 3113 3131 :
3148 3076 3392 3146 Tempus
3423 3075 3508 3128 vel
3546 3090 3656 3127 non

2068 3185 2189 3225 esse
2218 3170 2273 3223 in
2310 3176 2577 3236 tempore,
2605 3170 2690 3224 vel
2721 3184 2846 3225 esse
2895 3170 2951 3223 in
3005 3153 3288 3239 tempore;
3338 3167 3559 3237 planqu
3600 3166 3661 3219 lit

2069 3260 2186 3315 ﬁeri
2222 3275 2333 3315 non
2370 3274 2551 3330 posse,
2578 3268 2637 3315 ut
2671 3270 2890 3330 tempus
2923 3261 2996 3313 sit
3028 3261 3080 3314 in
3117 3269 3385 3329 tempore,
3423 3257 3506 3311 vel
3548 3274 3657 3310 nun

2068 3350 2140 3406 sit
2174 3352 2228 3405 in
2259 3358 2527 3422 tempore.
2578 3351 2774 3407 Omnis
2822 3354 2968 3407 enim
3020 3352 3365 3426 hypothesis,
3421 3363 3544 3419 qua:
3591 3350 3659 3401 ad

2071 3440 2417 3512 impossibile
2466 3440 2649 3505 ducit,
2718 3442 2840 3511 ipsa
2894 3443 3061 3497 etiam
3122 3440 3487 3512 impossibilis
3549 3451 3656 3495 est.

2074 3536 2140 3590 Et
2175 3535 2289 3590 hace
2312 3535 2600 3590 dialectice
2628 3543 2682 3590 et
2717 3534 3076 3603 probabiliter
3108 3535 3255 3590 dicta
3289 3535 3421 3589 sint.

2146 3624 2206 3681 Si
2242 3640 2376 3681 vero
2421 3625 2558 3681 velis
2622 3632 2680 3679 ut
2706 3634 2763 3679 et
2792 3626 3231 3680 demonstrative
3268 3623 3336 3677 de
3364 3623 3452 3677 his
3482 3620 3661 3676 disse-

2071 3736 2215 3786 ram,
2241 3721 2481 3775 libenter
2512 3720 2738 3791 parebo.
2766 3718 3008 3788 Tempus
3037 3733 3145 3771 non
3177 3724 3262 3772 est
3297 3717 3350 3769 in
3381 3725 3659 3784 tempore;

2072 3815 2221 3887 quod
2249 3830 2312 3869 ex
2348 3814 2626 3871 similibus
2651 3812 3149 3868 contirmarelicet.
3183 3808 3657 3876 Quemadmodum

2072 3909 2220 3965 enim
2253 3908 2408 3962 locus
2435 3922 2546 3961 non
2583 3914 2669 3961 est
2724 3906 2778 3959 in
2829 3905 2985 3969 loco;
3021 3918 3147 3958 nam
3203 3916 3385 3964 omne,
3428 3900 3574 3971 quod
3603 3901 3660 3954 in

2073 4000 2318 4064 locoest,
2376 4010 2579 4067 corpus
2637 4004 2722 4051 est
2754 4012 2781 4060 ;'
2811 4003 2898 4048 at~
2924 3995 3082 4049 locus
3120 4007 3235 4047 non
3299 4005 3537 4062 corpus,
3605 4000 3663 4043 et

2074 4092 2257 4146 anima
2283 4105 2390 4144 non
2437 4096 2525 4144 est
2587 4088 2882 4151 in-auima,
2915 4087 3010 4143 sed
3043 4086 3099 4141 in
3132 4099 3407 4155 corpore;
3450 4094 3504 4138 et
3541 4096 3662 4135 mo-

382 4179 442 4229 ὲν
476 4178 713 4249 κινήσει,
743 4179 860 4232 ἀλλ’
883 4183 940 4234 ἐν
973 4182 1281 4253 κινουμένῳ
1300 4199 1314 4212 ·
1347 4183 1443 4236 καὶ
1475 4183 1544 4235 τὰ
1566 4181 1836 4252 χρώματα
1866 4183 1965 4235 οὐκ

2077 4191 2164 4238 tus
2194 4197 2301 4236 non
2345 4191 2428 4237 est
2458 4183 2514 4235 in
2547 4189 2723 4245 motu,
2757 4181 2852 4236 sed
2883 4179 2937 4234 iu
2970 4178 3196 4244 mobili;
3230 4184 3283 4231 et
3304 4175 3523 4231 colores
3548 4190 3658 4229 non

382 4271 445 4321 ὲν
475 4269 785 4341 χρώμασιν,
812 4273 929 4327 ἀλλ’
958 4276 1016 4327 ὲν
1046 4277 1460 4346 κεχρωσμένοις
1480 4274 1730 4346 σώμασιν
1751 4290 1765 4303 °
1792 4272 1970 4338 οὕτως

383 4364 482 4416 καὶ
516 4364 543 4415 ὁ
568 4365 758 4435 χρόνος
794 4367 896 4420 οὐκ
930 4369 988 4420 ὲν
1013 4368 1197 4438 χρόνῳ
1236 4368 1405 4433 ἐστὶν,
1440 4367 1554 4421 ἀλλ’
1612 4369 1670 4420 ὲν
1702 4367 1966 4439 χρονίοις.

384 4454 574 4508 Ταῦτα
604 4456 661 4511 δέ
709 4458 825 4512 ἐστι
866 4458 936 4511 τὰ
985 4461 1303 4529 κινούμενα.
1350 4458 1610 4530 Ἀριθμὸς
1659 4459 1768 4529 γὰρ
1815 4460 1972 4529 κινή-

388 4548 531 4612 σεώς
565 4552 713 4603 ἐστιν
734 4552 763 4602 ὁ
795 4552 1008 4621 χρόνος.
1036 4553 1200 4605 Ὥστε
1224 4552 1371 4606 κατά
1403 4553 1503 4623 μὲν
1536 4552 1752 4622 πρῶτον
1788 4552 1969 4620 λόγον,

385 4642 447 4713 ἐν
477 4642 693 4710 κινήσει
730 4644 881 4696 ἐστὶν
925 4646 952 4696 ὁ
982 4643 1172 4715 χρόνος
1192 4658 1207 4674 ·
1241 4644 1428 4714 ἐπειδὴ
1457 4645 1554 4697 καὶ
1608 4646 1639 4713 ἡ
1673 4644 1888 4713 κίνησις
1915 4644 1974 4695 ἐν

385 4730 465 4801 τῷ
496 4736 806 4805 κινουμένῳ
840 4736 978 4800 ἐστὶ,
1012 4736 1107 4788 καὶ
1144 4735 1173 4787 ό
1216 4735 1409 4805 χρόνος
1448 4736 1556 4807 ἄρα
1596 4737 1655 4788 ἐν
1682 4733 1760 4805 τῷ
1786 4751 1973 4787 κινουο

390 4823 539 4894 μένῳ
568 4825 687 4878 ἐστὶ
725 4825 814 4879 διὰ
865 4827 1035 4896 μέσου
1066 4828 1166 4893 τῆς
1199 4829 1491 4897 κινήσεως,
1539 4826 1681 4879 ὥστε
1716 4825 1811 4880 καὶ
1841 4824 1975 4896 ἀλη-

388 4912 500 4976 θῶς
528 4912 679 4968 ἐστιν
712 4917 911 4983 εἰπεῖν,
946 4919 1028 4970 ὅτι
1062 4920 1092 4971 ὁ
1115 4918 1311 4988 χρόνος
1338 4921 1442 4973 οὐκ
1485 4921 1542 4972 ὲν
1561 4918 1741 4989 χρόνῳ
1778 4917 1928 4971 ἐστὶν
1947 4956 1962 4981 ,

391 5005 506 5058 ἀλλ’
537 5007 596 5060 ὲν
640 5009 876 5078 κινήσει,
910 5008 942 5078 ἢ
986 5011 1044 5061 ἐν
1076 5011 1404 5083 κινουμένῳ,
1451 5011 1587 5064 ἀλλὰ
1621 5010 1837 5081 πρῶτος
1871 5009 1971 5079 μὲν

394 5099 457 5151 ἐν
503 5103 739 5171 κινήσει,
783 5100 1034 5171 δεύτερος
1075 5102 1134 5156 δὲ
1192 5104 1249 5155 ὲν
1304 5104 1632 5174 κινουμένῳ,
1687 5102 1761 5166 ὡς
1816 5103 1973 5172 εἴρη-

392 5205 506 5245 ται.

2073 4284 2204 4331 sunt
2240 4276 2303 4329 in
2330 4273 2634 4337 coloribus,
2666 4273 2762 4328 sed
2812 4273 2867 4326 in
2898 4271 3224 4341 corporibus
3249 4270 3547 4335 coloratis;
3578 4269 3661 4323 sic
3761 4300 3769 4308 ο

2071 4376 2125 4424 et
2156 4378 2373 4438 tempus
2404 4381 2515 4421 non
2546 4375 2631 4421 est
2669 4366 2722 4419 in
2743 4374 3009 4435 tempore,
3030 4363 3125 4418 sed
3155 4362 3211 4416 in
3240 4362 3405 4416 rebus
3429 4362 3660 4430 tempori

2072 4457 2374 4528 subjectis;
2408 4471 2529 4526 quae
2577 4454 2685 4508 alia
2710 4467 2825 4508 non
2860 4460 3015 4515 sunt,
3049 4464 3213 4520 quam
3243 4447 3492 4502 mobilia.
3523 4445 3659 4501 Nam

2072 4559 2290 4620 tempus
2325 4556 2412 4604 est
2445 4562 2709 4602 numerus
2740 4554 2943 4600 motus.
2974 4543 3165 4613 Itaque
3204 4540 3510 4597 secundum
3542 4541 3654 4609 pri-

2071 4659 2217 4702 mam
2251 4644 2515 4698 rationem
2547 4648 2766 4709 tempus
2787 4646 2870 4692 est
2900 4641 2956 4691 in
2990 4644 3179 4699 motu;
3208 4648 3448 4699 cumque
3481 4639 3660 4685 motus

2073 4739 2143 4793 sit
2172 4737 2228 4790 in
2262 4734 2473 4800 mobili,
2495 4733 2660 4789 etiam
2691 4730 2978 4802 tempusin
3000 4728 3189 4784 mobili
3216 4728 3321 4782 erit
3344 4726 3655 4780 interventu

2072 4838 2277 4886 motus.
2302 4828 2652 4898 Quapropter
2699 4839 2827 4879 vere
2855 4822 3065 4878 dicitur
3099 4840 3114 4876 :
3150 4829 3371 4889 tempus
3409 4834 3515 4872 non
3541 4833 3667 4871 esse

2073 4923 2126 4976 in
2159 4930 2426 4991 tempore,
2455 4918 2551 4973 sed
2582 4918 2637 4972 in
2674 4924 2848 4983 motu,
2898 4915 2983 4970 vel
3010 4915 3062 4969 in
3091 4913 3303 4976 mobili,
3331 4911 3425 4967 sed
3462 4910 3660 4980 primu-

2078 5020 2160 5071 rio
2206 5014 2425 5083 quidem
2479 5011 2534 5067 in
2587 5019 2776 5077 motu;
2811 5008 3147 5064 secundario
3204 5012 3389 5061 autem
3438 5005 3495 5059 in
3547 5022 3663 5059 uno.

2076 5109 2195 5163 bili.

1694 5329 1933 5385 VARIIE
1975 5327 2383 5386 LECTlONES.

465 5465 509 5499 ⁷⁶
545 5464 776 5522 Videtur
800 5466 917 5523 hanc
945 5483 1049 5523 vox
1082 5466 1387 5525 omittenda
1417 5466 1522 5524 hoc
1548 5467 1689 5524 loco.
1767 5468 1813 5499 ⁷⁷
1836 5466 1982 5541 ,Γοι-ι.
2010 5468 2122 5539 leg.
2160 5465 2289 5518 εἰιόὲ
2324 5466 2496 5519 ταῦτα
2532 5463 2757 5534 συνέϐη.

1906 5607 2144 5666 NOTAE.

470 5701 580 5771 (63)
615 5703 781 5757 Natat
834 5703 895 5759 R.
949 5703 1007 5759 Ρ.
1065 5706 1337 5762 Antonius
1378 5705 1711 5761 Pussevinus
1758 5707 1810 5760 in
1869 5722 1971 5762 suo

394 5773 673 5841 Apparuit:
706 5786 881 5839 sacro,
918 5777 1144 5832 exstare
1173 5778 1225 5832 iu
1272 5779 1605 5832 bibliotli-ca
1665 5776 1965 5832 Vicuurusi

2079 5706 2419 5773 Opusculum
2456 5704 2721 5776 Aluicarzc
2753 5704 2817 5759 de
2853 5712 3135 5775 tempore;
3166 5705 3266 5759 hoc
3301 5703 3446 5760 istud
3484 5704 3667 5776 ipsum

2079 5794 2222 5835 csse.
2251 5777 2437 5830 nullus
2466 5774 2680 5830 dubito".
