4000 6490
422 374 557 445 1587

1624 379 2020 444 THEODORI
2059 380 2433 442 ΑΒΗΟΑΗίΕ

1916 491 2132 548 XXXV.

419 604 588 680 418
608 606 730 664 Alia
750 609 1082 670 dissertatio.
1109 611 1174 680 de
1203 619 1420 664 auc-tore
1448 609 1570 664 boni
1590 621 1637 664 et
1655 610 1806 673 mali,
1825 609 2008 663 habita

986 697 1105 736 cum
1148 679 1437 736 Saracena.

2453 606 2658 676 Ἑτέρα
2689 604 2982 676 ἐρώτησις
3025 601 3134 658 τοῦ
3171 598 3385 657 αὐτοῦ.

1662 794 1848 846 Jacobo
1875 793 2114 844 Gretsero
2141 790 2440 849 interprete.

848 880 1212 938 Christianus.
1240 883 1542 938 Barbarus.

2442 873 2496 924 '0
2524 866 2906 938 Χριστιανός.
2953 864 3017 918 '0
3055 862 3390 933 Βάρϐαρος.

489 974 790 1031 Barbarus.
822 973 996 1042 Quem
1028 977 1226 1032 statuis
1255 985 1535 1032 auctorem
1568 974 1699 1031 boni
1740 981 1792 1030 et
1830 972 1956 1028 mali
1985 971 2000 1024 ‘l

2187 963 2517 1034 Βάρόαρος.
2552 962 2688 1016 Τίνα
2714 960 2896 1027 λέγεις
2940 956 3116 1010 αἴτιον
3148 955 3322 1010 καλοῦ
3358 971 3423 1009 τε
3475 954 3568 1010 καὶ
3608 973 3698 1012 κα-

490 1155 853 1214 Chrislianus.
882 1154 1146 1214 Omnium
1175 1156 1452 1212 bonorum
1488 1153 1658 1211 Deum
1684 1152 1857 1221 ;-mali
1881 1167 2011 1207 vero

424 1262 794 1318 nequaquam.

489 1339 657 1393 Barb.
698 1338 764 1393 Et
800 1355 1098 1410 quemnam
1128 1340 1257 1394 mali
1284 1347 1568 1393 auctorem
1605 1333 1784 1391 dicis?

489 1428 690 1482 Christ.
726 1429 849 1495 Aio,
868 1431 972 1486 hoc
1000 1445 1066 1486 ex
1092 1437 1284 1486 nostra
1307 1428 1592 1492 socordia,
1618 1434 1673 1483 et
1702 1441 1771 1481 ex
1806 1423 2009 1481 diaboli

418 1523 662 1577 versutia
688 1523 868 1576 nasci.

489 1611 652 1666 Barb.
694 1611 870 1676 Quam
904 1611 974 1665 ob
1004 1612 1161 1666 rem?

489 1699 692 1756 Christ.
726 1701 958 1770 Pronior
991 1703 1307 1757 libertatem
1341 1701 1578 1757 arbitrii.

489 1791 652 1845 Barb.
677 1790 820 1857 Quid
849 1792 1058 1862 igitur?
1080 1790 1266 1847 Liberi
1306 1791 1525 1848 arbitrii
1555 1807 1634 1857 es,
1659 1799 1713 1847 et
1747 1805 2009 1862 quaecun-

418 1899 526 1954 que
547 1885 652 1948 vis,
693 1893 871 1954 potes,
899 1899 964 1938 ac
994 1883 1174 1939 facis?

485 1973 690 2031 Christ.
742 1974 930 2029 Solum
988 1976 1043 2030 in
1095 1977 1343 2041 duobus;
1397 1975 1454 2030 in
1489 1975 1617 2032 aliis
1659 1983 1841 2031 autem
1895 1989 2006 2030 non

415 2083 537 2122 sum
575 2074 794 2124 creatus
829 2081 859 2120 a
896 2066 1005 2122 Deo
1035 2066 1198 2123 liber.

490 2159 654 2213 Barb.
688 2161 823 2226 Qua:
847 2159 991 2214 ista?

488 2251 687 2309 Clu-ist.
724 2252 782 2308 Si
833 2254 976 2310 bona
1036 2270 1218 2325 agam,
1271 2271 1382 2311 non
1436 2255 1604 2312 timeo
1653 2257 1870 2327 legem;
1907 2253 2002 2311 sed

2112 1075 2214 1111 κου
2241 1075 2255 1121 ;

2183 1149 2565 1216 Χριστιανός.
2604 1145 2833 1199 Πάντων
2870 1145 2983 1199 τῶν
3015 1139 3241 1213 ἀγαθῶν
3284 1137 3388 1192 τὸν
3421 1137 3581 1203 Θεὸν,
3605 1156 3700 1195 κα-

2113 1239 2211 1294 κοῦ
2235 1240 2293 1293 δὲ
2325 1237 2410 1293 οὔ.

2183 1332 2365 1402 Βάρϐ.
2409 1331 2520 1385 Καὶ
2539 1329 2632 1384 τοῦ
2664 1327 2840 1384 κακοῦ
2869 1328 2993 1383 τίνα
3020 1326 3202 1396 λέγεις
3223 1328 3408 1382 αἴτιον
3436 1320 3602 1392 srvat;

2183 1427 2388 1494 Χριστ.
2424 1423 2595 1478 Τοῦτο
2626 1425 2692 1477 ἐκ
2746 1421 2849 1494 τῆς
2899 1421 3185 1493 ἡμετέρας
3225 1418 3518 1493 ῥᾳθυμίας
3545 1413 3700 1486 εἶναι,

2111 1517 2206 1572 καὶ
2240 1519 2342 1587 τῆς
2369 1514 2466 1570 τοῦ
2490 1514 2745 1568 διαὸόλου
2774 1511 3140 1586 πανουργίας.

2180 1608 2363 1676 Βάρό.
2404 1607 2579 1679 Χάριν
2609 1607 2755 1671 τίνος
2773 1624 2790 1674 ;

2181 1702 2391 1767 Χριστ.
2435 1701 2536 1754 Διὰ
2574 1699 2636 1753 τὸ
2675 1695 3052 1764 αὐτεξούσιον.

2181 1791 2360 1861 Βάρϐ.
2397 1791 2463 1846 Τί
2513 1787 2645 1858 οὖν;
2678 1789 3041 1857 Δὺτεξούσιος
3077 1786 3150 1857 ei,
3195 1787 3298 1844 καὶ
3348 1787 3460 1842 ὅσα
3510 1785 3698 1852 θέλεις,

2112 1886 2364 1954 δύνασαι,
2400 1887 2494 1941 καὶ
2527 1888 2705 1950 ποιεῖς
2725 1903 2740 1952 ;

2185 1981 2392 2047 Χριστ.
2436 1978 2527 2032 Ἐν
2551 1977 2647 2032 δύο
2679 1977 2864 2049 μόνοις
2887 1996 2900 2009 ·
2923 1978 2983 2030 ὲν
3008 1976 3159 2047 ἄλλῳ
3188 1973 3247 2028 δὲ
3279 1973 3346 2028 οὐ
3378 1970 3699 2040 πέπλασμαι

2109 2071 2214 2124 ὑπὸ
2235 2070 2374 2125 Θεοῦ
2407 2069 2784 2137 αὖτεξούσιος.
3520 2071 3524 2075 ’

2178 2163 2360 2234 Βὰρό.
2405 2165 2544 2218 Ποῖα
2579 2161 2753 2218 ταῦτα
2768 2181 2783 2231 ;
3323 2222 3333 2229 ,

2178 2259 2390 2324 Χριστ.
2432 2255 2514 2310 Τὰ
2544 2253 2689 2309 καλά
2735 2255 2836 2326 μὲν
2864 2255 3146 2327 πράττων,
3175 2253 3238 2309 οὗ
3287 2248 3578 2322 φοϐοῦμαι
3616 2247 3700 2300 τὸν

416 2345 626 2400 honore
690 2344 919 2411 amcior,
979 2356 1034 2404 et
1102 2348 1544 2404 misericordiam
1603 2363 1914 2418 consequor
1971 2361 2000 2401 a

2121 2349 2310 2420 νόμον·
2339 2348 2480 2404 ἀλλὰ
2521 2348 2797 2420 τιμῶμαι,
2829 2349 2926 2402 καὶ
2959 2347 3218 2418 ἐλεοῦμαι
3255 2345 3365 2400 ὑπὸ
3405 2341 3506 2398 τοῦ
3545 2339 3695 2396 Θεοῦ.

413 2432 549 2488 Deo.
584 2434 860 2490 Similiter
921 2447 974 2492 ct
1037 2437 1296 2496 diabolus
1339 2441 1509 2493 libero
1547 2439 1782 2493 arbitrio
1816 2453 1848 2492 a
1893 2436 2003 2493 Deo

414 2526 676 2582 conditos
705 2541 830 2598 est;
858 2530 953 2585 scd
981 2531 1258 2599 peccavit,
1287 2531 1482 2585 etideo
1521 2530 1742 2600 propria
1760 2529 2003 2586 statione

413 2617 666 2686 deiectus
692 2626 798 2675 est.

484 2710 556 2764 At
576 2710 718 2766 forte
747 2727 986 2782 quaeres,
1019 2728 1272 2785 quaenam
1318 2713 1428 2770 sint
1455 2713 1622 2780 bona,
1655 2726 1779 2782 quae
1821 2709 2004 2764 mala?

410 2800 559 2858 Ecce
585 2804 669 2859 sol
708 2813 762 2858 et
797 2806 923 2860 luna
953 2815 1008 2861 et
1075 2806 1248 2862 stellae
1279 2806 1420 2862 bona
1472 2815 1624 2861 sunt.
1678 2803 1788 2862 Fac
1830 2818 2002 2860 unum

410 2909 481 2958 ex
531 2897 674 2951 istis.
718 2897 854 2952 Dico
914 2898 1080 2969 igitur
1131 2899 1229 2954 tibi
1273 2914 1397 2966 me,
1455 2900 1743 2955 hominum
1808 2911 2000 2959 more,

411 3003 575 3058 agere
603 2989 748 3046 bona
787 3000 840 3047 et
868 2993 1034 3047 mala.
1099 2985 1246 3048 Bona
1278 2993 1520 3064 quidem,
1568 2991 1884 3063 cujusmodi
1918 2990 2004 3046 di-

411 3082 522 3136 vini
553 3085 800 3138 numinis
828 3085 1149 3148 celebratio.
1183 3094 1240 3142 et
1264 3087 1530 3156 precatio.
1568 3084 1708 3140 Mala
1728 3097 2004 3150 vero,cu-

403 3174 650 3250 jusmodi
685 3177 999 3245 fornicatio,
1032 3189 1087 3237 et
1121 3180 1350 3236 furtum.

481 3270 620 3326 Cum
646 3271 840 3343 igitur,
879 3284 940 3327 ut
985 3282 1039 3326 to
1084 3272 1346 3337 atlirmas,
1377 3273 1518 3328 bona
1551 3280 1607 3328 et
1649 3272 1795 3327 mala
1830 3270 2002 3325 Deum

408 3373 690 3422 auctorem
735 3365 998 3428 habeant.
1059 3367 1302 3437 injustus
1360 3367 1488 3430 erit,
1543 3377 1634 3420 tua
1703 3365 2000 3427 sententia,

408 3453 575 3520 Deus,
604 3456 749 3527 quod
773 3457 924 3512 dictu
942 3456 1118 3513 nel‘as.
1151 3459 1288 3512 Cum
1316 3457 1460 3513 enim
1484 3457 1630 3513 Deus
1652 3456 2000 3527 prteceperit,

409 3552 472 3598 nt
525 3555 806 3601 scortator
869 3557 1172 3615 scortetur,
1232 3549 1322 3603 l'ur
1360 3547 1596 3613 l'uretur,
1628 3558 1687 3604 et
1721 3547 2001 3603 homicida

407 3638 771 3694 homicidium
796 3642 1124 3707 committat,
1161 3641 1496 3712 dignieruut
1543 3642 1774 3703 honore,
1809 3649 2002 3710 utpote

2120 2441 2353 2512 Ὁμοίως
2384 2441 2482 2496 καὶ
2507 2443 2535 2495 ὁ
2572 2439 2821 2504 διάϐολος
2865 2438 3216 2507 αὐτεξούσιος
3247 2435 3574 2490 πέπλασται
3603 2428 3698 2486 ὑπὸ

2104 2537 2201 2591 τοῦ
2232 2536 2392 2602 Θεοῦ,
2436 2535 2529 2589 καὶ
2569 2534 2885 2605 ἡμάρτηκε.
2932 2532 3042 2585 Καὶ
3071 2531 3100 2585 ὁ
3141 2528 3276 2593 Θεὸς
3300 2528 3407 2599 τῆς
3441 2525 3581 2590 ἰδίας
3611 2523 3697 2578 τά·

2107 2626 2245 2694 Esto;
2272 2627 2505 2692 ἐξέωσεν
2531 2623 2718 2679 αὐτόν.

2189 2718 2330 2773 Ἀλλ’
2379 2719 2514 2782 ἴσως
2561 2716 2810 2787 ἀντερεῖς
2867 2730 2960 2783 μοι
2988 2754 3003 2778 ,
3039 2711 3179 2766 Ποὶά
3225 2711 3335 2764 εἰσι
3389 2705 3559 2767 καλά,
3608 2701 3695 2758 καὶ

2107 2813 2284 2877 mea;
2329 2811 2464 2866 Ἰδοὺ
2510 2812 2539 2864 ὀ
2566 2811 2739 2881 ἣλιος,
2776 2807 2871 2862 καὶ
2905 2807 2937 2877 ἡ
2969 2805 3193 2876 σελήνη,
3235 2801 3335 2856 καὶ
3373 2802 3428 2853 οἱ
3476 2796 3695 2866 ἀστέρες

2105 2906 2252 2962 καλά
2280 2906 2407 2960 εισι.
2434 2903 2671 2975 Ποίησον
2699 2901 2756 2956 ἓν
2789 2903 2854 2956 ἐκ
2884 2898 3115 2954 τούτων.
3148 2896 3310 2966 Λέγω
3341 2893 3444 2950 οὖν
3476 2909 3579 2956 σοι,
3617 2891 3693 2942 ὅτι

2105 2998 2251 3052 κατὰ
2304 2997 2368 3050 τὸ
2397 2994 2742 3067 ἀνθρώπινον
2781 2992 3096 3065 ἐργάζομαι
3167 2987 3312 3041 καλά
3379 2985 3479 3039 καὶ
3532 2981 3690 3036 κακά.

2106 3088 2267 3143 Καλὰ
2325 3089 2447 3159 μὲν,
2501 3082 2616 3140 οἷόν
2666 3089 2786 3140 ἐστι
2821 3082 3105 3152 δοξολογία
3160 3076 3338 3145 Θεοῦ,
3394 3073 3688 3148 προσευχὴ.

2105 3181 2271 3236 Κακά
2300 3181 2379 3242 δὲ.
2409 3180 2658 3252 πορνεία,
2690 3177 2888 3247 κλεψία
2910 3177 2977 3231 ⁷⁸.

2189 3275 2344 3328 Ἐπεὶ
2377 3269 2494 3337 οὖν,
2526 3273 2600 3336 ὡς
2632 3271 2818 3340 λέγεις
2852 3270 2939 3334 σὺ,
2973 3269 3137 3334 καλὰ,
3160 3266 3258 3321 καὶ
3285 3264 3446 3320 κακά
3473 3263 3540 3316 ἐκ
3564 3255 3687 3314 Θεοῦ

2111 3370 2284 3434 ἐστιν,
2307 3366 2670 3438 εὑρεθήσεται
2698 3364 2840 3418 κατὰ
2874 3362 2934 3416 σὲ
2962 3361 3146 3424 ἄδικος
3171 3363 3200 3413 ὁ
3234 3359 3394 3421 Θεὸς.
3435 3357 3574 3424 ὅπερ
3600 3353 3690 3406 οὐκ

2105 3462 2274 3515 ἔστιν.
2318 3459 2473 3513 Ἐπεὶ
2497 3458 2607 3529 γάρ
2637 3458 2666 3510 ὁ
2696 3456 2832 3520 Θεὸς
2866 3453 3228 3525 προσέταξεν,
3271 3450 3348 3515 ὡς
3395 3451 3462 3502 σὺ
3494 3446 3684 3514 λέγεις.

2105 3553 2195 3608 τὸν
2229 3552 2426 3622 πόρνον
2473 3548 2792 3621 πορνεύειν.
2848 3547 2945 3601 καὶ
2991 3545 3088 3600 τὸν
3117 3543 3368 3612 κλέπτην
3421 3538 3686 3601 κλέπτειν,

2105 3647 2201 3700 καὶ
2237 3646 2327 3700 τὸν
2363 3643 2692 3714 ἀνδροφόνον
2747 3639 3122 3710 άνδροφονεῖν,
3177 3635 3319 3700 ἄξιοί
3365 3634 3479 3686 εισι
3511 3630 3682 3698 τιμῆς,

405 3733 502 3803 qui
542 3733 875 3788 voluntatem
909 3733 1000 3788 Dei
1035 3736 1338 3802 perﬁciant.
1387 3735 1759 3804 Legislatores
1779 3750 2000 3804 quoque

2121 3740 2186 3791 ὅτι
2218 3737 2277 3789 τὸ
2303 3735 2518 3805 θέλημα
2551 3733 2648 3787 τοῦ
2690 3723 2824 3785 Θεοῦ
2866 3730 3154 3800 ἐποίησαν.
3194 3727 3606 3798 Εὐρεθήσονται
3634 3720 3686 3773 δέ

408 3826 488 3880 tui
522 3826 816 3882 mendaces
843 3836 1004 3882 erunt
1040 3837 1094 3882 et
1127 3827 1253 3882 libri
1298 3827 1453 3884 falsis
1493 3828 1672 3882 titulis
1723 3836 1999 3896 praenota-

407 3915 471 3969 ti.
538 3914 804 3980 Mandant
863 3919 1008 3972 enim
1055 3929 1114 3977 ut
1166 3925 1443 3973 scortator
1473 3927 1528 3973 et
1574 3917 1662 3972 fur
1723 3919 1999 3986 caedatur;

406 4022 529 4062 cum
564 4015 744 4063 tamen
772 4008 1034 4063 voluntati
1065 4007 1263 4062 divinae
1289 4009 1697 4077 obtemperent,
1731 4019 1784 4064 et
1819 4009 2000 4063 homi-

403 4098 588 4156 cidam
640 4100 1117 4170 interticijubent,
1151 4116 1315 4172 quem
1359 4101 1691 4158 honoratum
1725 4102 1996 4174 oportuit.

475 4286 752 4341 Cazterum
816 4285 1011 4343 Sorae.
1061 4287 1352 4343 ostendere
1414 4287 1599 4343 volens
1657 4289 1828 4345 Deum
1873 4305 2000 4345 esse

404 4384 684 4432 auctorem
716 4375 846 4432 boni
902 4385 956 4430 et
987 4377 1135 4443 mali,
1165 4376 1581 4448 adjutoremque
1606 4389 1714 4432 tam
1776 4389 1998 4434 scorta-

403 4467 535 4529 tori.
576 4481 738 4538 quam
773 4465 1048 4532 adultero,
1109 4468 1430 4522 sciscitatus
1453 4477 1538 4524 est
1577 4489 1590 4524 :
1624 4469 1762 4535 Quis
1793 4470 1999 4527 format

404 4557 703 4616 infantium
731 4560 1040 4629 corporain
1083 4569 1342 4615 materno
1373 4569 1530 4614 utero
1563 4561 1586 4614 ?

475 4653 676 4710 Christ.
713 4652 832 4709 Non
874 4653 1117 4717 invenio,
1159 4664 1352 4710 exacta
1410 4655 1752 4712 hebdomade
1793 4659 1994 4726 prima,

403 4743 574 4800 Deum
599 4745 896 4814 quidquam
927 4745 1168 4804 formare
1206 4755 1302 4801 aut
1324 4763 1512 4804 creare
1544 4748 1680 4818 (64).
1715 4750 1784 4806 Et
1818 4762 1872 4806 tu
1912 4767 2002 4806 ne-

403 4850 684 4907 quaquam
715 4835 1145 4900 demonstrabis,
1176 4847 1300 4906 post
1335 4838 1473 4892 banc
1503 4840 1802 4909 quidquam
1842 4857 1998 4898 crea-

403 4941 518 4984 tum
545 4937 689 4994 esse,
740 4938 972 4998 excepta
1025 4929 1185 4992 iride,
1227 4945 1360 4985 arcu
1392 4933 1650 4988 videlicet
1676 4937 1768 4989 illo
1805 4937 1858 4990 in
1897 4955 1998 4994 nu-

2102 3835 2196 3890 καὶ
2243 3835 2292 3886 οἱ
2329 3830 2620 3901 νομοθέται
2670 3845 2764 3881 σου
2795 3826 3035 3895 ψευδεῖς,
3091 3823 3188 3878 καὶ
3242 3821 3313 3875 τὰ
3371 3818 3555 3892 βιϐλία
3599 3813 3698 3868 σου

2099 3925 2542 3996 ψευδεπίγραφα.
2596 3920 3014 3992 Προστάτσουσι
3075 3917 3184 3986 γὰρ
3225 3915 3320 3967 τὴν
3363 3913 3561 3984 πόρνον
3600 3909 3683 3962 καὶ

2099 4020 2194 4074 τον
2240 4018 2480 4084 κλέπτην
2525 4011 2831 4084 δαίρεσθαι,
2875 4011 3215 4080 ποιήσαντας
3236 4005 3301 4058 τὸ
3327 4004 3545 4073 θέλημα
3597 3997 3681 4052 τοῦ

2100 4113 2262 4178 Θεοῦ,
2293 4111 2388 4165 καὶ
2415 4109 2508 4163 τὸν
2550 4107 2880 4180 ἀνδροφόνον
2911 4099 3348 4171 ἀποκτανθῆναι,
3378 4095 3440 4149 δν
3479 4094 3582 4147 ἔδει
3608 4107 3680 4142 τι-

2106 4206 2372 4279 μηθῆναι.
3289 4282 3292 4283 ν
3427 4281 3446 4283 _
3651 4271 3673 4283 _

2173 4299 2284 4354 Kal.
2318 4298 2346 4348 ὁ
2380 4299 2630 4362 Σαρακ..
2662 4291 2836 4346 θέλων
2874 4286 3048 4354 δεῖξαι
3079 4285 3169 4338 τὸν
3208 4282 3344 4337 Θεὸν
3384 4281 3558 4335 αἴτιον
3594 4281 3676 4327 τοῦ

2101 4390 2268 4448 καλοῦ
2299 4389 2394 4442 καὶ
2430 4386 2526 4441 τοῦ
2584 4383 2784 4448 κακοῦ,
2831 4382 2929 4435 καὶ
2989 4380 3073 4432 ὅτι
3132 4376 3406 4446 συνεργός
3453 4376 3566 4426 ἐστι
3610 4365 3677 4435 τῷ

2099 4485 2286 4554 πόρνῳ
2341 4481 2439 4536 καὶ
2469 4479 2548 4550 τῷ
2580 4476 2752 4549 μοιχῷ
2781 4476 2809 4528 ὁ
2835 4474 2988 4537 Θεὸς,
3020 4470 3156 4542 φησι
3177 4486 3192 4500 ·
3225 4468 3324 4532 Τίς
3360 4467 3584 4521 πλάττει
3609 4459 3670 4512 τὰ

2101 4573 2283 4646 βρέφη
2311 4573 2369 4625 ἐν
2398 4569 2636 4629 κοιλίαις
2664 4567 2774 4620 τῶν
2809 4563 3035 4635 μητρῶν
3060 4562 3141 4624 to;

2171 4642 2378 4734 Xpto't.
2440 4659 2710 4729 Οὐδαμῶς
2780 4656 3027 4725 εὑρίσκω
3087 4651 3229 4724 μετά
3281 4649 3385 4718 τὴν
3466 4642 3670 4716 πρώτην

2101 4755 2374 4827 ἑϐδομάδα
2402 4753 2500 4826 τὴν
2535 4751 2762 4824 Γραφὴν
2791 4749 3083 4816 λέγουσαν,
3119 4744 3384 4798 πλάττειν
3410 4740 3503 4793 τὸν
3533 4734 3669 4794 Θεὸν,

2098 4853 2133 4920 ἦ
2168 4850 2375 4916 κτίζειν
2408 4865 2483 4901 τι.
2511 4845 2624 4900 Καὶ
2661 4842 2822 4897 τοῦτο
2849 4839 3108 4910 οὐδαμῶς
3150 4837 3216 4890 σὺ
3251 4834 3580 4900 ἀποδείξεις,
3599 4828 3670 4920 ὅτι

2103 4944 2244 5018 μετὰ
2275 4942 2481 5010 ταύτην
2510 4936 2759 4992 ἔκτισται
2789 4953 2862 4998 τι,
2893 4933 3036 5004 πλὴν
3065 4930 3168 5000 τῆς
3193 4929 3387 5001 ἴριδος,
3418 4925 3511 4981 τοῦ
3531 4926 3586 4975 ἐν
3611 4919 3667 5018 τῇ

405 5019 568 5075 bibus
601 5018 802 5089 posito,
833 5028 1082 5088 tempore
1106 5016 1238 5076 Noe.
1262 5020 1398 5075 Cum
1444 5024 1591 5078 enim
1615 5023 1783 5096 419
1813 5028 1993 5082 homi-

2121 5035 2301 5106 νεφέλῃ
2361 5031 2568 5104 δηλαδὴ
2621 5027 2781 5094 τόξου
2837 5027 2934 5080 ἐπὶ
2973 5025 3070 5079 τοῦ
3105 5023 3256 5079 Νῶε.
3312 5021 3530 5080 Πλάοας
3574 5013 3670 5082 γὰρ

403 5131 527 5170 nem
552 5115 728 5186 prima
768 5113 1109 5170 hebdomade
1161 5125 1426 5182 creasset,
1478 5116 1618 5171 dixit
1649 5138 1661 5176 :
1694 5139 1710 5171 ι
1743 5120 1994 5178 Crescite

402 5221 462 5261 et
493 5205 1054 5276 multiplicamini,et
1103 5208 1312 5277 replete
1355 5216 1561 5264 terram
1590 5221 1649 5277 q;
1695 5233 1715 5265 ι
1768 5223 1822 5268 ct
1864 5215 1994 5286 quia

407 5300 570 5362 homo
600 5299 880 5358 animatus
901 5304 1006 5364 est,
1039 5299 1338 5360 animatum
1391 5302 1598 5357 habens
1645 5319 1870 5378 semen;
1905 5322 1992 5364 se-

473 5426 501 5467 q
534 5415 676 5472 Gen.
710 5431 751 5481 ι,
771 5413 865 5478 28.

2101 5129 2193 5182 τὸν
2222 5127 2510 5198 ἄνθρωπον
2543 5125 2608 5194 τῇ
2658 5118 2853 5192 πρώτῃ
2906 5117 3188 5188 ὲόδομάδι,
3221 5112 3378 5169 εἶπεν
3403 5130 3418 5146 ·
3465 5133 3482 5165 ι
3510 5106 3668 5174 saga.

2105 5221 2285 5286 νεσθε,
2320 5220 2417 5273 καὶ
2461 5213 2826 5287 πληθύνεσθε,
2859 5213 2954 5266 καὶ
3005 5209 3338 5282 πληρώσατε
3361 5206 3460 5279 τὴν
3483 5203 3577 5272 γῆν
3597 5215 3610 5231 ⁶
3644 5213 3661 5247 ³

2103 5313 2196 5368 καὶ
2227 5311 2420 5381 ἐπειδὴ
2443 5308 2686 5381 ἔμψυχος
2705 5303 2774 5380 ἦν
2800 5308 2827 5360 ὁ
2855 5304 3167 5376 ἄνθρωπος,
3193 5302 3441 5374 ἔμψυχον
3470 5295 3666 5365 σπέρμα

1811 5512 2050 5571 νΛΙῖΙΕ
2091 5516 2505 5585 ιΕρτιοΝεε,

474 5610 520 5644 ’⁸
560 5609 818 5666 κλοπεία.
892 5608 940 5639 ⁷³
983 5607 1265 5678 μητέρων,

1972 5682 2204 5741 ΝΟΤᾸέ.

473 5771 587 5844 (ω)
623 5771 748 5830 Haec
777 5789 884 5830 non
914 5775 1173 5831 videntur
1214 5771 1350 5844 satis
1395 5770 1702 5830 conformia
1735 5776 1812 5832 illi
1863 5776 1987 5833 Sal-

402 5843 614 5925 vatcris
667 5846 816 5901 dicto
872 5845 1032 5902 Joan.
1082 5863 1156 5902 v:
1208 5843 1372 5900 Pater
1421 5861 1567 5903 meus
1625 5862 1787 5922 usque
1841 5850 1996 5915 modo

2101 5791 2376 5847 operatur.
2403 5792 2452 5835 et
2487 5799 2578 5854 ego
2631 5799 2842 5852 operor.
2881 5785 2941 5838 Et
2975 5781 3108 5846 illis,
3138 5798 3263 5853 qua
3296 5781 3366 5840 de
3412 5780 3656 5841 creationt

2110 5854 2396 5911 rationalis
2425 5855 2623 5910 auium
2654 5868 2788 5913 sana
2823 5854 3075 5911 doctrina
3107 5855 3292 5913 tradit
