4000 6452
255 414 404 487 1593

1680 404 2098 490 OPUSCULA.

3392 392 3531 494 unt

244 532 484 605 Κυρίου,
513 530 672 603 λόγια
693 535 868 605 ἀγνά,
902 555 920 589 ι
958 537 1054 592 καὶ
1086 538 1226 609 οὐχὶ,
1252 539 1322 593 τὰ
1354 541 1577 613 ῥήματα
1632 543 1839 615 Κυρίου

1982 542 2098 605 lini,
2131 540 2346 612 eloquia
2392 546 2544 596 casta
2575 540 2639 596 οἳ
2675 560 2695 594 ι
2726 532 2921 596 Nonne
2951 540 3117 596 verba
3147 531 3365 592 Domini
3402 548 3532 593 sunt

246 626 411 693 λόγια
444 626 587 695 ἁγνά
605 642 620 691 ;

324 718 533 786 Χριστ.
580 718 638 772 '0
670 721 960 794 προφήτης
1005 722 1416 794 τροπολογικῶς
1459 723 1710 797 ὲλὰλησε,
1749 725 1845 780 καὶ

247 809 310 861 οὒ
352 810 771 879 κυριολογικῶς.

316 899 496 968 Βάρϐ.
528 903 639 959 Καὶ
665 903 719 957 τί
743 906 860 958 ἔστι
884 905 1235 978 τροπολογία,
1273 908 1367 962 καὶ
1410 907 1756 979 κνριολογία;

323 1083 531 1149 Χριστ.
586 1078 920 1156 Κυριολογία
980 1086 1082 1159 μέν
1142 1088 1260 1140 ἐστι
1307 1087 1502 1158 βεϐαία
1567 1089 1846 1159 ἀπόδειξις

246 1174 613 1244 πράγματοςδ
643 1172 974 1247 τροπολογία
1011 1178 1067 1232 δὲ
1096 1180 1353 1245 ἀϐέϐαιος
1387 1181 1684 1247 ἀπόδειξις.

317 1265 506 1333 Βάρϐ.
539 1270 649 1322 Οὐκ
690 1270 966 1341 ἐνδέχεται
1001 1273 1298 1345 Προφήτης
1358 1276 1534 1328 εἰπεῖν
1579 1273 1846 1333 ἀϐέϐαιον

239 1355 550 1424 ἀπόδειξιν.
1808 1402 1811 1405 ,

315 1449 528 1517 Χριστ.
578 1451 668 1505 Ἐν
701 1455 816 1517 τοῖς
845 1454 1155 1525 προφήταις
1198 1454 1320 1519 ἔθος
1368 1457 1510 1525 ἐστὶ,
1549 1459 1616 1514 τὰ
1660 1461 1846 1532 ἄψυχα

241 1544 711 1610 προσωποποιεῖν,
727 1545 821 1597 καὶ
851 1544 1069 1598 σκοπῶν
1089 1545 1261 1618 θεάσῃ
1290 1548 1486 1613 αὐτοὺς
1508 1551 1842 1623 ὀφθαλμοὺς,

242 1633 340 1683 καὶ
367 1631 595 1701 ὄμματα
647 1635 898 1701 τιθέντας
943 1638 1127 1704 αὐτοῖς
1148 1656 1162 1670 ο
1214 1640 1290 1704 ὡς
1320 1638 1381 1694 τό
1405 1656 1419 1672 ·
1457 1661 1475 1693 ι
1498 1642 1563 1695 Ἡ
1599 1643 1846 1699 θάλασσα

241 1717 379 1784 εἶδε.
410 1724 508 1776 καὶ
546 1723 769 1796 ἔφυγεν.
816 1745 838 1805 ε
902 1726 1035 1785 Ἰδοὺ
1062 1731 1094 1799 ἡ
1126 1730 1373 1786 θάλασσα
1405 1733 1723 1805 ὀφθαλμοὺς
1746 1737 1846 1795 οὐκ

238 1811 383 1891 ἔχει,
406 1812 469 1868 οὒ
494 1788 601 1888 γάρ
632 1788 781 1871 ἐστιν
809 1788 1208 1891 ἓμψυχοςίΚαὶ
1232 1824 1394 1877 πάλιν
1503 1824 1569 1879 Τί
1585 1788 1684 1880 .coi

1950 635 2168 705 eloquia
2201 635 2396 689 casta?

2023 726 2226 783 Christ.
2263 720 2929 800 Propheta'tropologice
2976 725 3198 780 locutus
3255 733 3359 787 est,
3422 735 3529 776 non

1951 821 2196 892 proprie.

2021 913 2191 968 Barb.
2228 913 2293 968 Et
2323 912 2454 985 quid
2496 920 2583 969 est
2621 910 2989 983 tropologica,
3029 920 3083 966 et
3121 908 3255 981 quid
3305 907 3530 979 propria

1951 1000 2195 1059 locutio?

2018 1094 2220 1150 Christ.
2265 1093 2499 1164 Pr0pria
2544 1094 2755 1148 locutio
2817 1098 2906 1147 est
2966 1090 3120 1144 firma
3171 1089 3251 1143 rei
3309 1086 3533 1139 domou-

1951 1189 2169 1243 stratio.
2199 1180 2536 1256 Tropologia
2568 1193 2756 1240 autem
2797 1182 3014 1237 inﬁrma
3039 1179 3459 1236 demonstratio.

2015 1277 2184 1331 Barb.
2213 1276 2367 1330 Ilaud
2427 1290 2675 1331 asserere
2724 1274 2853 1329 licet
2902 1272 3226 1343 prophetam
3281 1267 3536 1323 attulisse

1952 1368 2228 1423 infirmam
2270 1356 2839 1422 demonstrationem.

2021 1460 2225 1515 Christ.
2256 1459 2375 1515 Mos
2418 1459 2562 1530 apud
2589 1458 2893 1528 prophetas
2932 1463 3188 1525 receptus
3232 1458 3318 1507 est
3367 1450 3533 1505 etiam

1942 1552 2274 1621 inanimatis
2308 1552 2476 1608 rebus
2520 1565 2814 1622 personam
2850 1548 3131 1614 tribuere;
3186 1545 3316 1599 hinc
3349 1541 3535 1596 videas

1953 1641 2063 1700 illis
2092 1645 2286 1699 oculos
2317 1654 2717 1713 aspectumque
2747 1638 3024 1709 assignari
3064 1654 3077 1690 :
3129 1653 3147 1686 ι
3191 1633 3338 1687 Mare
3374 1631 3534 1696 vidit,

1952 1747 2007 1794 et
2041 1738 2177 1808 fugit
2206 1738 2259 1795 ιι.
2300 1755 2320 1789 ›
2358 1735 2508 1791 Mare
2537 1734 2794 1806 profecto
2827 1730 3022 1787 oculos
3066 1742 3177 1782 non
3211 1725 3398 1809 habet.
3437 1721 3539 1778 Est

1952 1829 2098 1884 enim
2139 1828 2411 1884 inanime.
2455 1827 2724 1882 Rursus:
2786 1844 2806 1877 ι
2852 1822 2998 1890 Quid
3047 1831 3132 1877 est
3182 1818 3302 1885 tibi,
3359 1830 3533 1879 mare,

241 1905 517 1987 θάλασσα,
563 1911 645 1964 ὅτι
677 1911 908 1983 ἔφυγες;
947 1934 966 1966 ι
995 1917 1088 1968 καὶ
1113 1914 1182 1969 τὰ
1209 1916 1355 1987 ἑξῆς.
1397 1911 1527 1972 Καί·
1571 1938 1590 1970 ‹
1641 1916 1703 1972 Ἥ
1738 1921 1846 1993 μά-

1976 1922 2094 1993 [ιιοά
2134 1919 2326 1993 fugisti
2366 1919 2426 1974 οἳ
2465 1939 2484 1971 ι
2536 1919 2602 1974 Ει
2630 1933 2755 1990 quae
2803 1922 3142 1987 sequuntur.
3191 1912 3308 1966 Et:
3349 1927 3366 1960 ι
3405 1906 3539 1961 Gla-

242 2001 419 2072 χαιρά
444 2019 545 2071 μου
578 2003 813 2072 φάγεται
845 2006 1005 2077 κρέα.
1044 2025 1062 2059 ι
1094 2008 1167 2061 Τὸ
1186 2008 1242 2062 δὲ
1269 2012 1467 2078 φαγεῖν
1516 2012 1610 2064 ἐπὶ
1644 2013 1849 2083 στόμα-

242 2090 337 2155 τός
393 2092 514 2145 ἐστι
559 2095 868 2163 τρώγοντας
933 2098 1029 2151 καὶ
1081 2098 1367 2164 πίνοντος·
1405 2103 1439 2172 η
1486 2101 1544 2156 δὲ
1604 2103 1855 2176 μάχαιρα

251 2182 441 2250 τέμνει
473 2182 596 2252 μὲν,
637 2184 699 2236 οὐ
728 2186 1022 2239 καταπίνει
1077 2187 1156 2242 δέ.
1207 2188 1374 2244 Ἀ).λά
1415 2193 1510 2244 καὶ
1571 2195 1861 2264 ποταμοὺς

152 2298 157 2305 ι
243 2271 587 2343 κροτοῦντας
617 2276 807 2346 χερσὶν
838 2278 1162 2347 εἰσάγουσι,
1189 2280 1306 2354 καὶ,
1345 2279 1571 2351 βουνοὺς
1619 2284 1855 2356 ἁλλομέ-

244 2380 398 2428 νους,
436 2366 535 2419 καὶ
564 2366 668 2438 ὅρη
692 2369 1022 2439 σκιρτῶντα.
1059 2371 1219 2426 Οὕτω
1245 2375 1340 2427 καὶ
1377 2373 1450 2428 τὰ
1482 2376 1704 2446 ῥήματα
1729 2395 1855 2449 τρο-

247 2454 585 2525 πολογήσας,
605 2458 834 2514 ἐκάλεσε
867 2459 1043 2532 λόγια,
1079 2462 1227 2537 ἆπερ
1257 2466 1359 2520 οὐκ
1384 2466 1494 2520 εἰσὶ
1520 2467 1697 2540 λόγια,
1716 2470 1854 2525 ἀλλὰ

252 2547 501 2622 ῥήματα.

1942 2016 2070 2070 dius
2109 2030 2267 2069 meus
2312 2013 2566 2069 comedet
2612 2025 2809 2067 carnes
2842 2007 2893 2065 ἀ.
2932 2026 2950 2059 ι
2997 2007 3065 2060 At
3101 2003 3391 2060 comedere
3422 1998 3539 2054 oris

1942 2113 2029 2161 est
2057 2106 2456 2161 manducantis
2481 2115 2540 2160 et
2565 2103 2833 2160 bibentis.
2870 2099 3047 2154 Porro
3071 2095 3289 2168 gladius
3326 2091 3541 2148 scindit

1943 2199 2193 2269 quidem,
2243 2198 2343 2255 sed
2411 2214 2523 2252 non
2574 2196 2737 2252 bibit.
2807 2193 2955 2261 Quin
2992 2199 3049 2248 et.
3102 2188 3303 2243 ﬂuvios
3358 2184 3541 2240 mani-

1945 2286 2054 2342 bus
2080 2288 2411 2358 plaudentes
2457 2285 2752 2348 inducunt,
2811 2292 2867 2340 et
2920 2283 3096 2338 colles
3147 2279 3441 2339 saltantes,
3487 2281 3543 2329 et

1947 2390 2164 2439 montes
2191 2383 2536 2438 exsilientes.
2571 2381 2666 2435 Sic
2693 2387 2750 2435 et
2787 2378 3010 2450 ῥήματα
3033 2389 3124 2446 per
3163 2367 3538 2443 trepologiam

1945 2472 2254 2527 nominavit
2280 2472 2463 2542 λόγια,
2511 2486 2637 2543 quae
2709 2486 2823 2527 non
2879 2478 3010 2526 sunt
3064 2466 3244 2536 λόγια,
3304 2462 3399 2519 sed
3435 2460 3538 2532 ῥή-

1961 2582 2106 2637 ματα
2132 2565 2267 2638 (68).

1781 2679 2053 2740 XXXVII.

784 2787 989 2863 Ἑτέρα
1020 2796 1070 2864 ἐχ
1087 2794 1332 2867 ώτιισις.

2534 2801 2659 2859 Alia
2709 2802 2959 2875 quaestio.

1503 2909 1686 2963 Iacobo
1714 2912 1954 2964 Gretsero
1981 2916 2285 2978 interprete.

324 3007 511 3081 Βίὶρϐ.
549 3013 653 3068 Ἢν
682 3012 871 3081 λέγετε
904 3016 1189 3084 Θεοτόκον,
1232 3018 1528 3084 ἀπέθανεν,
1570 3019 1604 3091 ἢ
1638 3019 1745 3090 (ﬁ;

327 3198 538 3265 Χριστ.
575 3198 692 3251 Οὐκ
725 3197 989 3264 ἀπέθανε,
1026 3201 1122 3254 καὶ
1146 3200 1305 3254 τοῦτο
1342 3203 1486 3269 λέγω
1516 3202 1739 3275 θαρρῶν
1786 3207 1854 3278 τῇ

257 3288 522 3362 Γραφικῇ
548 3290 849 3356 ἀποδείξει.
897 3293 985 3356 Ὠς
1037 3294 1148 3364 γὰρ
1187 3295 1322 3366 φέρε
1354 3298 1550 3362 εἰπεῖν,
1587 3299 1615 3349 ὁ
1640 3297 1857 3367 πρῶτος

252 3382 356 3440 ἄνθ
366 3398 549 3454 ρωπος
586 3382 830 3449 ὕπνωσε,
866 3386 957 3445 καὶ
1001 3385 1101 3456 τὴν
1133 3387 1376 3458 πλευρὰν
1403 3388 1680 3459 ἀφῃρέθη,
1711 3387 1856 3443 οὕτω

2027 2999 2191 3059 Barb.
2242 3002 2416 3072 Quam
2451 3003 2744 3076 appellatis
2795 3002 3110 3070 Deiparam,
3159 3011 3289 3051 num
3323 3000 3542 3049 mortua

1954 3108 2061 3161 θεῖ,
2095 3113 2164 3151 an
2200 3098 2379 3154 vivit?

2027 3190 2230 3245 Christ.
2269 3188 2387 3244 Non
2422 3199 2508 3243 est
2544 3195 2786 3243 mortua.
2831 3183 2900 3241 Et
2945 3185 3053 3239 hoc
3085 3195 3279 3237 assero
3316 3179 3543 3231 demon-

1954 3283 2227 3346 stratione
2258 3296 2544 3337 sacrarum
2578 3279 2912 3336 Litterarum
2947 3278 3146 3331 fretus.
3181 3269 3549 3339 Queinadmm

1954 3376 2084 3431 dum
2115 3375 2288 3437 enim,
2328 3373 2567 3443 exempli
2596 3384 2799 3431 causa,
2834 3368 3047 3440 primus
3070 3366 3236 3419 homo
3260 3360 3545 3415 dormiens

254 3476 355 3530 καὶ
388 3470 530 3545 αὕτη
554 3475 656 3545 τὴν
687 3474 866 3548 ψυχὴν
913 3476 1014 3551 τὴν
1065 3456 1346 3549 παναγίαν
1377 3478 1456 3551 τῷ
1490 3456 1656 3551 656i),—
1689 3481 1764 3544 ὼς
1798 3483 1852 3534 ὲν

1976 3482 2113 3524 :osta
2140 3469 2413 3540 spoliatus
2444 3476 2566 3533 est,
2601 3467 2681 3521 sic
2727 3472 2780 3520 et
2807 3461 3034 3530 Deipara
3068 3457 3233 3529 quasi
3261 3456 3315 3508 in
3349 3467 3547 3510 somno

254 3564 415 3638 ὕπνῳ
445 3568 740 3638 παρέθετο.

327 3658 510 3727 Βάρϐ.
550 3659 680 3714 Ἰδοὺ
705 3659 1032 3733 πέπληγμαι
1066 3659 1125 3716 ἔν
1156 3679 1265 3719 τινι
1314 3663 1466 3735 τόπῳ
1505 3666 1606 3736 τῆς
1655 3668 1858 3740 σαρκός

260 3770 388 3825 μου,
420 3755 516 3809 καὶ
545 3755 579 3825 ἡ
609 3753 746 3825 σὰρξ
772 3756 1043 3826 πληγεῖσα
1090 3752 1338 3827 μώλωπα
1390 3758 1712 3822 ἀπετέλεσε,
1760 3762 1859 3815 καὶ

257 3844 318 3901 ιν
344 3844 429 3917 τῷ
478 3844 708 3916 μώλωπι
765 3846 989 3916 ἐγένετο
1048 3844 1286 3919 σκώληξ.
1336 3846 1431 3913 Τίς
1477 3849 1642 3937 αὐτξν
1688 3852 1859 3911 ἐπλα-

260 3956 357 3993 σεν
379 3957 395 4005 ;

332 4034 541 4101 Χριστ.
573 4031 833 4102 Εἴπομεν,
884 4031 966 4085 ὅτι
1003 4029 1141 4102 μετά
1170 4033 1271 4103 τὴν
1325 4032 1555 4106 πρώτην
1588 4034 1860 4105 ἑϐδομάδα

258 4124 362 4192 τῆς
392 4125 781 4194 κοσμοποιίας,
812 4123 1063 4194 οὐδαμῶς
1092 4124 1427 4196 εὑρίσκομεν
1450 4127 1541 4180 τὸν
1566 4127 1701 4181 Θεὸν
1723 4128 1861 4182 πλά-

168 4292 175 4303 l
261 4218 438 4272 σαντά
456 4232 544 4271 τι⁶
593 4216 732 4303 ἀλλά
758 4217 937 4271 πάντα
963 4216 1032 4271 τά
1078 4211 1210 4270 ὄντα
1265 4216 1561 4290 ἐξαημέρῳ
1600 4220 1857 4297 ποιήσας,

259 4307 321 4374 ἐξ
341 4306 525 4362 αὐτῶν
558 4300 665 4360 τῶν
687 4307 875 4371 ὄντων,
898 4305 1063 4378 ἕτερα
1094 4307 1356 4378 γενέσθαι
1386 4305 1695 4382 ηὐδόκησεν
1714 4294 1861 4382 μόνῳ

263 4399 540 4471 θελήματι
571 4397 758 4452 αὐτοῦ·
788 4396 930 4470 μετὰ
957 4399 1065 4470 γὰρ
1089 4398 1187 4471 τὴν
1208 4401 1524 4466 παράϐασιν
1556 4403 1861 4476 κατεκρίθη

261 4497 296 4565 ὴ
322 4495 389 4563 γῆ
415 4492 661 4555 ἀκάνθας
705 4492 799 4545 καὶ
864 4491 1148 4563 τριϐόλους
1198 4495 1530 4551 ἀνατέλλειν.
1587 4496 1722 4550 Τότε
1767 4492 1861 4551 οὖν

266 4589 362 4641 καὶ
386 4588 420 4657 ἡ
443 4584 582 4658 σὰρξ
602 4588 635 4655 ἡ
645 4586 761 4657 μῶν
786 4588 1200 4656 κατακριθεῖναι
1228 4588 1295 4655 ⁸⁵,
1323 4588 1554 4661 φθεῖρας
1598 4591 1694 4644 καὶ
1720 4589 1863 4644 σκώ-

264 4676 440 4752 ληκας
471 4678 773 4739 ἀνατέλλει.

1960 3563 2374 3619 sanctissimam
2420 3560 2662 3614 animam
2698 3556 2810 3611 Deo
2845 3553 3091 3608 tradidit.

2034 3651 2199 3708 Barb.
2244 3652 2304 3705 In
2348 3664 2515 3707 carne
2575 3664 2694 3702 mea
2735 3646 3054 3700 vulneratus
3106 3654 3251 3694 sum.
3298 3635 3362 3689 Et
3408 3639 3548 3688 caro

1960 3746 2151 3801 saucia
2179 3744 2411 3799 vibicem
2455 3741 2697 3812 accepit.
2730 3739 2798 3793 Et
2830 3739 2886 3793 in
2919 3735 3099 3792 vibice
3138 3731 3342 3787 vermis
3371 3726 3547 3783 exstio

1963 3839 2048 3894 tit.
2083 3837 2222 3905 Quis
2266 3851 2393 3893 eum
2429 3831 2728 3890 formavit?

2030 4019 2234 4078 Christ.
2280 4017 2698 4089 Respondemus
2754 4025 3028 4083 nusquam
3093 4006 3373 4081 proditum
3415 4014 3543 4058 esse

1962 4113 2136 4170 Deum
2166 4112 2305 4183 (69),
2344 4120 2469 4181 post
2509 4109 2746 4179 primam
2785 4107 2959 4169 illam,
2992 4118 3100 4174 qua
3148 4100 3386 4154 nmndus
3417 4109 3553 4150 con-

1961 4207 2113 4263 ditus
2152 4214 2258 4270 est,
2312 4201 2737 4264 hebdomadem,
2788 4197 2955 4270 5.22
3007 4192 3218 4264 aliquid
3272 4192 3550 4255 formare;

1961 4302 2092 4374 quia
2123 4316 2250 4357 cum
2298 4299 2489 4354 omnia
2519 4311 2614 4351 sex
2654 4292 2768 4349 illis
2800 4292 3000 4346 diebus
3050 4284 3420 4347 condidisset,
3451 4296 3551 4336 vo-

1962 4373 2066 4452 luit
2124 4395 2273 4450 utde
2297 4373 2497 4446 caetero
2551 4388 2660 4441 alia
2697 4400 2767 4440 ex
2801 4382 2941 4453 jaliis
3001 4386 3380 4435 nascerentur
3432 4373 3550 4429 sola

1961 4489 2249 4543 voluntate
2295 4498 2416 4538 sua.
2452 4478 2585 4535 Post
2630 4473 3135 4545 transgressionem
3187 4468 3332 4522 enim
3383 4463 3547 4518 dam-

1964 4590 2094 4637 nata
2146 4588 2234 4635 est
2289 4586 2463 4641 terra,
2517 4582 2577 4627 ut
2626 4571 2817 4643 spinas
2857 4576 2913 4620 et
2977 4563 3218 4619 tribulos
3281 4555 3550 4630 proferat.

1965 4674 2126 4728 Tunc
2156 4669 2325 4726 etiam
2357 4681 2489 4720 caro
2539 4671 2734 4717 nostra
2794 4656 3175 4717 damnationis
3219 4652 3552 4712 sententiam

1969 4765 2194 4822 subiens
2219 4760 2507 4833 pediculos
2536 4763 2592 4811 et
2636 4769 2855 4809 vermes
2888 4749 3195 4823 pregignit.

1761 4875 2049 4940 XXXVIII.

801 5001 1006 5074 Ἑτέρα
1037 5002 1345 5073 ἐρώτησις.

2543 4982 2669 5039 Alia
2737 4980 2982 5053 quwstio.
3057 5002 3097 5054 Α·

1412 5147 1428 5157 ρ
1512 5113 1693 5185 Iacobo
1718 5112 1956 5164 Gretsero
1987 5109 2287 5168 Interprete.

314 5210 318 5214 δ
346 5222 567 5291 rapax.
591 5176 684 5281 Τίξ
708 5218 824 5270 ἐστι
858 5215 1009 5289 παρά
1036 5217 1117 5270 σοὶ
1153 5214 1377 5287 μείζων,
1406 5219 1435 5270 ὀ
1470 5181 1737 5286 ἀγιάξων,
1778 5217 1811 5288 ἢ
1834 5219 1863 5271 ὁ

2041 5212 2232 5268 Sarac.
2263 5209 2400 5278 Quis
2432 5209 2576 5281 apud
2614 5217 2664 5263 te
2704 5205 2882 5277 major
2907 5204 3030 5260 est?
3073 5197 3452 5264 sanetiiieans,
3481 5210 3552 5253 an

386 5365 412 5393 ι
448 5350 597 5407 Psal.
630 5366 706 5415 χι,
734 5352 786 5405 7.
864 5349 893 5389 δ
936 5348 1080 5403 Psal.
1114 5364 1271 5414 cxm,
1305 5348 1360 5402 '5.
1438 5358 1460 5387 ε
1495 5347 1632 5403 ibid.
1669 5349 1724 5401 5.
1803 5348 1830 5388 ἀ

1976 5362 2031 5403 ιι.
2062 5365 2234 5410 Χςκιι,
2259 5348 2350 5402 4⁵2..

349 5530 397 5570 ⁸³
427 5516 841 5605 κατακριθεϊσα.

1559 5437 1793 5498 VARI/13
1834 5441 2240 5499 LECTIONES.

1787 5626 2025 5685 NOTAE.

354 5719 469 5790 (68)
503 5718 654 5792 illaec
711 5726 837 5790 apte
882 5735 1000 5792 non
1048 5727 1286 5789 possunt
1337 5721 1604 5792 exprimi”
1635 5718 1854 5776 Latine.

285 5789 549 5865 Quamvis
577 5790 656 5865 nil
687 5789 824 5860 opus
847 5790 1308 5865 est-distinctione
1327 5789 1495 5865 quam
1527 5790 1685 5846 affert
1715 5793 1861 5844 inter

287 5859 444 5932 λόγια
487 5869 541 5919 et
591 5859 834 5933 ῥήματα.
886 5861 1002 5917 'lies
1059 5862 1218 5917 aliter
1249 5859 1498 5934 expediri
1547 5868 1746 5933 potest,
1798 5868 1858 5915 ut

1966 5721 2050 5776 vel
2087 5720 2273 5787 pueris
2307 5728 2521 5775 notum.

2042 5782 2156 5865 (69)
2198 5791 2338 5848 Vide
2370 5806 2491 5864 qua:
2525 5795 2716 5846 notata
2742 5787 2965 5845 dissert.
2995 5782 3087 5840 55.
