4000 6448
547 343 685 408 1595

1765 365 2160 430 THEODORI
2181 330 2572 436 naccam:

3663 385 3773 456 1506

543 457 964 515 sanctificatus?
995 459 1146 519 Hanc
1181 467 1548 536 quaestionem
1587 479 1874 546 prOposuit
1918 480 1984 535 de
2021 481 2116 536 Ba-

2232 485 2593 555 άγιαζὸμενος
2614 505 2627 552 ;
2651 488 2823 542 Τοῦτο
2853 488 2908 542 δέ
2939 487 3193 562 ἠρώτησε
3226 488 3354 562 περὶ
3382 490 3472 543 τοῦ
3512 491 3772 554 Βιπτιστοῦ

543 549 712 617 ptista
745 559 800 604 et
832 551 1084 612 Christo.

611 636 813 696 Christ.
863 641 1096 707 Quando
1136 660 1260 700 cum
1298 663 1456 706 servo
1513 661 1609 708 tuo
1669 655 1722 710 in
1785 658 2040 715 balneum
2078 671 2132 719 te

544 729 784 794 confers,
817 742 875 786 ut
908 734 976 787 ah
1021 735 1116 790 illo
1151 739 1438 809 ablnaris,
1487 761 1650 815 quem
1688 749 1982 808 arbitraris
2027 771 2126 824 po-

544 819 775 876 tiorem?
801 822 1035 878 lllmnne
1078 825 1342 884 miserum
1377 838 1688 904 servulum,
1719 850 1775 895 et
1819 857 1929 898 mre
1969 819 2124 900 com-

543 919 799 980 paratum
859 917 1218 986 mancipium,
1275 938 1344 978 an
1401 928 1685 998 teipsum,
1745 935 1839 1002 qui
1895 935 1964 990 ab
2030 937 2122 992 illo

543 1003 870 1059 mundaris?

615 1092 925 1153 Saracenus
951 1101 1016 1154 ad
1045 1101 1162 1158 haec
1194 1105 1408 1162 nullum
1446 1124 1772 1181 responsum
1804 1115 1975 1172 dedit.

2241 578 2335 630 καὶ
2361 577 2454 631 τοῦ
2482 577 2742 648 Χριστοῦ.

2307 671 2510 737 Χριστ.
2569 670 2972 742 Ἀπερχομένου
3022 691 3116 728 σου
3167 677 3228 728 ἐν
3260 675 3340 746 τῷ
3384 676 3639 749 βαλανείῳ
3666 687 3776 750 μετὰ

2231 758 2326 811 τοῦ
2352 759 2540 813 δούλου
2567 777 2682 825 σου,
2705 760 2999 816 λούσασθαι
3023 763 3350 833 βουλόμενος
3375 765 3466 816 ὑπ’
3496 767 3778 830 saeuitiae

2232 849 2410 919 λέγεις
2444 851 2698 922 μείζονας
2735 855 2942 907 ἐκεῖνον
2975 855 3065 908 τὸν
3093 855 3313 924 οίκτρδν
3363 855 3565 918 δοῦλον,
3600 861 3682 910 καὶ
3703 861 3780 927 ἀρ·

2228 943 2562 1014 γυρώνητον,
2596 945 2628 1014 ἢ
2660 945 2854 998 σαυτὸν
2891 945 2981 999 τδν
3005 946 3350 1018 καθαρθέντα
3383 947 3476 1000 ὑπ’
3512 948 3695 1017 αὐτοῦς

2313 1118 2371 1173 ’0
2391 1118 2448 1172 δέ
2480 1120 2796 1193 Σαρακηνδς
2825 1123 2962 1194 πρὸς
2985 1123 3159 1178 ταῦτα
3199 1124 3300 1178 οὐκ
3326 1123 3615 1193 ἀπεκρίθη.

2055 1227 2279 1286 XXXIX

787 1325 1051 1382 Almcara:
1083 1330 1152 1382 ad
1182 1331 1463 1401 cujusdam
1504 1336 1869 1406 quastionem.

2295 1341 2404 1396 Τοῦ
2448 1343 2791 1413 Ἄϐουκαρᾶ,
2819 1346 2970 1414 πρός
3003 1363 3138 1405 τινα
3160 1347 3547 1417 ἐρωτήσαντα
3567 1349 3746 1404 αὐτόν.

1799 1451 1982 1502 Jacobo
2004 1454 2242 1506 Gretsero
2265 1455 2562 1523 interprete.

610 1543 748 1598 Cum
786 1545 868 1601 lex
903 1555 1066 1604 vetus
1092 1549 1300 1607 diserte
1329 1555 1649 1624 explicarit,
1680 1573 1710 1613 a
1743 1560 1968 1630 quibus,
2003 1573 2126 1618 tan-

540 1651 707 1705 quam
745 1637 1069 1702 immundis,
1096 1642 1485 1700 abstinendum
1519 1649 1623 1715 sit;
1655 1661 1708 1706 et
1737 1655 1963 1723 quibus,
2005 1665 2126 1712 tan-

2310 1565 2372 1616 Εί
2404 1567 2617 1638 άποχην
2675 1565 3028 1637 ἀκαθάρτων,
3065 1570 3160 1623 καὶ
3205 1569 3518 1639 μετάληψιν
3569 1569 3785 1644 καθαρῶν

2238 1656 2349 1719 τοίς
2403 1658 2460 1710 ἐν
2492 1662 2556 1728 τῇ
2619 1660 2829 1732 παλαιᾷ
2869 1661 2901 1733 ἡ
2935 1661 3180 1728 διάταξις
3243 1663 3516 1733 ὴνὸμενον
3557 1664 3604 1695 ⁸⁸
3644 1665 3784 1734 διηγό.

540 1742 711 1796 quam
741 1730 988 1798 mundis,
1022 1736 1387 1803 vescendum;
1421 1743 1705 1809 quomodo
1746 1747 1798 1800 in
1843 1745 1996 1804 Novo
2030 1749 2116 1806 Te

2227 1763 2408 1818 ρευσε,
2433 1749 2552 1814 πῶς
2573 1751 2632 1804 ἐν
2659 1754 2726 1824 τῇ
2748 1730 2867 1825 Νέᾳ,
2891 1730 3203 1825 μετάληψιν
3227 1730 3519 1826 καθαρῶν,
3549 1755 3641 1807 καὶ
3679 1730 3783 1809 dso-

539 1825 822 1876 stamento
889 1826 1285 1896 cognoscitur,
1350 1846 1494 1900 quae,
1554 1843 1819 1907 tanquam
1886 1842 2124 1907 munda,

2223 1838 2325 1911 χὴν
2356 1840 2686 1912 ἀκαθάρτων
2732 1844 3120 1912 γινώσκουσιν,
3169 1845 3384 1910 οὐδενος
3436 1846 3621 1908 αὐτοῖς
3650 1845 3784 1916 νόμον

539 1914 878 1971 manducare
923 1916 1120 1984 liceat,
1163 1929 1218 1976 et
1280 1938 1425 1993 quae,
1471 1935 1532 1982 ut
1585 1928 1893 1998 immunda,
1927 1933 2116 2004 fugere

2223 1931 2398 1986 ταῦτα
2443 1934 2633 1999 αὐτοῖς
2666 1935 3048 2002 ἐκδιδάξαντος
3102 1938 3204 2010 τὴν
3261 1937 3569 2009 διαφοράν;
3608 1914 3729 1992 Ἀλλ’
3749 1942 3785 1991 εί

537 2012 822 2071 oporteat;
851 2021 975 2060 eum
1010 2009 1159 2063 nulla
1203 2020 1384 2068 exstet
1423 2015 1509 2071 lex
1547 2033 1670 2088 quae
1731 2020 1930 2077 horum
1962 2023 2118 2081 dilic-

533 2095 778 2149 rentiam
807 2100 1028 2154 tradat?
1055 2100 1212 2168 Quod
1241 2104 1287 2162 si
1313 2120 1440 2161 cum
1473 2108 1613 2180 legis
1650 2113 1893 2183 antiqua:
1924 2131 2117 2172 norma

537 2182 788 2242 homines
817 2188 869 2242 in
901 2189 1095 2246 borum
1127 2195 1526 2256 observatione
1547 2216 1607 2256 se
1626 2182 1997 2273 conformant,
2025 2207 2120 2264 de-

537 2271 741 2332 bebant
773 2293 907 2335 sane
936 2285 1122 2338 omnia
1159 2287 1470 2354 comedere,
1505 2299 1560 2347 et
1595 2294 1663 2347 ab
1697 2296 1960 2352 omnibus
1984 2271 2121 2354 abs-

537 2365 720 2422 t'inere
746 2409 760 2432 ,
794 2384 918 2438 quae
953 2371 1041 2426 lex
1081 2376 1438 2444 praescribat;
1488 2382 1723 2452 exempli
1759 2397 1952 2451 causa,
1997 2387 2119 2442 ovi-

535 2458 642 2514 bus
675 2464 824 2516 vesci
867 2463 1177 2535 debebant;
1223 2469 1504 2526 abstinere
1530 2485 1715 2529 autem
1764 2489 1794 2530 α
1835 2479 2044 2534 camelo
2065 2489 2120 2536 et

535 2552 770 2619 pardali.
807 2553 874 2608 At
924 2556 971 2610 si
1023 2558 1126 2629 legi
1178 2576 1291 2616 non
1338 2571 1468 2618 sunt
1505 2567 1763 2636 subjecti.
1799 2585 1908 2640 quo
1955 2581 2121 2641 pacto

533 2642 814 2700 abstinent
869 2647 939 2701 ab
1000 2649 1128 2713 illis,
1164 2647 1319 2721 'quae
1353 2655 1438 2709 lex
1498 2665 1668 2722 vetat,
1733 2669 1790 2714 ut
1832 2661 1902 2717 ab
1950 2678 2118 2733 equo,

531 2734 768 2800 camelo,
808 2753 982 2804 mure,
1026 2749 1080 2794 et
1124 2741 1177 2796 id
1220 2758 1394 2813 genus
1428 2746 1552 2803 aliis
1589 2749 1931 2808 immundis?
1963 2755 2122 2812 Nunc

529 2839 664 2879 vero
695 2841 817 2881 cum
865 2846 1041 2900 neque
1072 2834 1174 2904 legi
1210 2836 1448 2904 perfecte
1487 2840 1893 2913 obtemperent,
1941 2862 2119 2918 neque

531 2915 773 2985 perfecte
822 2936 929 2975 non
963 2922 1386 2995 obtemperent;
1436 2945 1619 2986 nonne
1673 2933 1890 3002 planum
1945 2915 2116 2992 relin-

2225 2021 2324 2094 μὲν
2354 2022 2514 2078 τοῦτο
2543 2025 2757 2079 ποιοῦσι
2806 2028 2957 2082 κατὰ
2993 2029 3095 2100 τὴν
3150 2028 3246 2081 τοῦ
3273 2029 3444 2099 νόμου
3503 2027 3784 2100 παράδοσιν,

2224 2115 2392 2187 ἐχρῆν
2439 2117 2641 2182 αὐτοὺς
2685 2118 2911 2173 πάντων
2965 2119 3436 2192 μεταλαμϐάνειν,
3479 2121 3573 2174 καὶ
3621 2122 3786 2191 ἀπέχεο

2225 2206 2370 2275 σθαι,
2399 2202 2474 2263 ὧν
2501 2211 2530 2264 ὁ
2554 2210 2720 2282 νόμος
2752 2212 2990 2284 ἐκήρυξε
3012 2231 3026 2244 ·
3071 2213 3367 2284 προϐάτων
3404 2213 3509 2283 μὲν
3552 2212 3786 2276 ἐσθίοντες

2224 2298 2365 2353 κατὰ
2387 2299 2572 2370 νόμον,
2613 2301 2713 2356 οὐκ
2741 2303 3017 2370 ἐσθίοντες
3043 2304 3099 2358 δὲ
3153 2305 3432 2375 καμήλου,
3493 2306 3588 2359 καὶ
3619 2305 3785 2376 uapid-

2199 2419 2201 2422 -
2223 2389 2382 2454 λεως.
2407 2391 2470 2446 El
2491 2392 2644 2466 δὲμὴ
2670 2395 2748 2467 τῷ
2777 2396 2929 2468 νόμῳ
2957 2397 3343 2461 δεδούλωνται,
3376 2397 3498 2460 πῶς
3525 2397 3678 2452 πάλιν
3702 2397 3784 2449 τῶν

2224 2483 2317 2537 ὑπ’
2349 2484 2515 2540 αὐτοῦ
2544 2487 3036 2560 άπαγορευθέντων
3086 2491 3406 2561 ἀπέχονται,
3463 2485 3578 2543 οἷον
3629 2490 3784 2551 ἵππου,

2224 2577 2495 2647 καμήλου,
2528 2578 2560 2651 ἢ
2597 2580 2752 2650 μυὸς,
2785 2582 2990 2652 ῆτινος
3039 2583 3148 2636 τῶν
3179 2583 3544 2654 ἀκαθάρτωνς
3577 2582 3702 2635 Νυνὶ
3725 2582 3783 2645 δὲ,

2225 2667 2302 2738 μὴ
2331 2669 2562 2723 καθόλου
2589 2671 2668 2742 τῷ
2694 2671 2842 2744 νόμῳ
2862 2673 3198 2744 πειθόμενοι,
3232 2675 3372 2745 μήτε
3419 2674 3502 2736 είς
3532 2672 3590 2726 τὺ
3620 2687 3787 2724 παντε-

2219 2758 2310 2821 λὲς
2339 2759 2714 2827 ἀπειθοῦντες,
2746 2763 2865 2826 πῶς
2891 2765 2951 2818 οὐ
2982 2764 3250 2818 δώσουσιν
3305 2763 3418 2818 ἀπὸ
3474 2762 3670 2834 μέρους
3709 2761 3786 2830 τὴν

2219 2850 2453 2906 ἑκάστου
2481 2853 2755 2908 ποιεῖσθαι
2776 2855 2962 2926 φύσιν,
3005 2858 3100 2910 καί
3132 2856 3511 2930 παράκλησιν,
3566 2853 3700 2922 λέγω
3734 2853 3785 2921 δὴ

2213 2941 2310 2996 τοῦ
2339 2943 2529 3014 νόμου,
2557 2948 2654 3000 καὶ
2689 2951 2789 3017 τῆς
2815 2947 3062 3021 χάριτος,
3099 2951 3196 3002 καὶ
3227 2952 3294 3021 τῇ
3341 2948 3634 3020 ἀμφοτέρα
3660 2948 3786 3000 dna:-

527 3006 736 3074 quitur,
789 3023 884 3064 eos
931 3013 1219 3081 utriusque
1267 3019 1590 3090 praescripta
1643 3037 1708 3076 ex
1763 3031 1920 3093 parte
1958 3044 2116 3086 exse-

2217 3033 2361 3106 θείᾳ,
2387 3006 2482 3089 καὶ
2509 3006 2944 3110 στεισμονῇςὺττὸ
2973 3006 3161 3112 νέμον,
3199 3006 3295 3095 καί
3315 3006 3506 3112 χάρίν,
3536 3006 3632 3094 καί
3653 3037 3784 3092 πάλιν

525 3099 642 3168 qui,
681 3100 839 3172 legis,
865 3102 1116 3173 inquam,
1147 3115 1203 3162 et
1230 3110 1442 3176 gratiae,
1475 3113 1722 3184 dumque
1757 3119 1960 3187 partim
2001 3137 2110 3177 non

2222 3127 2300 3199 μὴ
2325 3129 2417 3182 ὑπ’
2445 3130 2610 3184 αὐτοῦ
2629 3132 2674 3164 ⁸⁷
2701 3134 3102 3203 καθεστηκέναι
3126 3153 3142 3202 ;

523 3191 806 3259 obediunt,
840 3199 1036 3264 parum
1066 3197 1359 3265 obediunt,
1400 3202 1506 3259 sub
1536 3202 1655 3275 lege
1701 3213 1756 3261 et
1787 3209 2004 3277 gratia;
2053 3221 2109 3267 et
2147 3191 2347 3273 rursus
2395 3233 2499 3275 nec
2548 3220 2654 3276 sub
2706 3223 2830 3289 hac,
2897 3191 3081 3293 neque
3128 3191 3240 3280 sub
3296 3225 3395 3282 illa
3475 3225 3778 3284 constitutos

523 3281 682 3353 esse?

1165 3379 1482 3454 Responsio.

600 3487 657 3543 In
688 3487 843 3545 Novo
875 3490 1238 3553 Testamento
1283 3498 1422 3553 nihil
1457 3513 1673 3565 eorum,
1705 3516 1830 3572 quae
1854 3501 1906 3556 in
1932 3518 1996 3558 os
2027 3503 2114 3558 in-

520 3585 692 3646 trant,
733 3582 1062 3654 coinquinat
1105 3587 1410 3644 hominem.
1447 3589 1492 3643 A
1536 3593 1891 3648 colnedemlis
1929 3605 2111 3650 autem

521 3675 854 3744 quibusdam
904 3678 1189 3735 abstinent
1255 3681 1453 3752 aliqui,
1509 3699 1618 3738 non
1654 3684 1787 3753 legis
1838 3698 2110 3757 praecepta

517 3767 740 3833 secuti;
776 3768 872 3822 sed
907 3773 1148 3841 propria:
1181 3774 1562 3840 conscientiae,
1597 3790 1662 3831 eo
1696 3781 1844 3847 quod
1888 3779 2000 3833 hmo
2030 3779 2112 3834 vel

519 3860 615 3916 illa
653 3862 992 3917 manducare
1023 3879 1130 3919 non
1188 3867 1378 3934 libeat,
1425 3868 1698 3925 obsecuti.
1753 3869 1915 3942 423
1963 3871 2113 3927 Non-

519 3955 655 4021 nulli
705 3956 874 4009 etiam
917 3957 1102 4012 studio
1147 3968 1203 4015 et
1236 3973 1425 4016 amore
1458 3963 1836 4028 continentiae,
1884 3965 2110 4034 prOpt'iO

463 4041 468 4047 ’
516 4048 814 4112 arbitratu,
849 4051 1081 4104 omnino
1103 4059 1156 4106 et
1185 4068 1215 4106 a
1241 4052 1469 4109 mundis
1495 4062 1550 4110 et
1575 4056 1644 4110 ab
1667 4055 1975 4112 immundis
2003 4057 2109 4112 sibi

515 4147 860 4207 temperant;
913 4155 1231 4212 quanquam
1281 4159 1392 4198 non
1429 4144 1634 4215 ignari,
1687 4160 1905 4202 omnem
1952 4163 2110 4204 crea-

519 4241 694 4284 turam
731 4229 824 4286 Dei
856 4248 980 4288 esse
1024 4234 1259 4302 bonam;
1313 4245 1369 4292 et
1419 4236 1558 4290 nihil
1597 4253 1792 4293 eorum
1855 4239 2112 4308 rejicien-

516 4324 669 4387 dum,
703 4325 849 4394 quod
887 4341 1014 4381 cum
1050 4327 1351 4398 gratiarum
1381 4329 1605 4386 actione
1657 4330 1901 4386 sumitur
1934 4340 1982 4384 θ.
2014 4328 2112 4384 Ni-

517 4414 821 4472 hilominus
870 4417 1018 4471 illam
1065 4419 1368 4487 gratiarum
1411 4421 1707 4485 actionem,
1738 4436 1860 4491 qua:
1896 4421 1951 4475 in
1996 4427 2112 4475 stu-

453 4558 460 4565 ,
516 4505 608 4566 dio
636 4507 992 4562 continentiae
1020 4507 1126 4563 sita
1177 4517 1283 4575 est,
1335 4512 1780 4580 praestantiorem
1819 4527 2109 4569 censemus

517 4595 608 4651 illa
659 4612 778 4666 quae
838 4599 892 4651 in
973 4601 1292 4669 sumptione
1345 4603 1758 4660 esculentorum
1827 4605 2104 4659 consistit.

517 4685 747 4757 Propter
785 4688 900 4744 haec.
949 4689 1119 4761 igitur
1177 4692 1313 4747 nihil
1345 4696 1510 4764 quasi
1567 4711 1664 4766 per
1710 4703 1902 4766 partes
1953 4710 2105 4751 com-

2833 3399 3206 3471 ’Δπόκρισιςο

2292 3510 2382 3563 Ἐν
2411 3512 2478 3582 τῇ
2514 3511 2628 3582 Νέᾳ
2652 3511 2898 3584 Διαθήκῃ
2953 3512 3108 3567 οὐδὲν
3136 3514 3246 3568 τῶν
3296 3516 3695 3587 είσερχομένων
3719 3517 3779 3578 είς

2209 3600 2273 3654 τὸ
2308 3603 2480 3672 στόμα
2510 3606 2682 3656 κοινοί
2704 3604 2796 3656 τὸν
2827 3603 3136 3674 ἄνθρωπον.
3186 3605 3516 3676 Ἀπέχονται
3555 3606 3613 3660 δὲ
3653 3599 3717 3659 ὧν
3732 3606 3779 3659 οὐ

2215 3692 2754 3764 μεταλαμϐάνουσιν,
2796 3694 2857 3748 οὐ
2893 3695 3037 3748 κατὰ
3060 3694 3412 3767 διαγόρευσιν
3460 3695 3560 3750 τοῦ
3608 3697 3774 3767 νόμον.

2211 3782 2347 3838 ἀλλὰ
2371 3783 2514 3838 κατὰ
2540 3783 2603 3837 τὸ
2629 3784 2963 3856 δυσάρεστον
2987 3783 3089 3856 τῆς
3112 3785 3224 3840 τῶν
3264 3785 3326 3838 οὐ
3359 3784 3779 3857 μεταλαμϐανόν-

2209 3894 2317 3931 των
2356 3877 2605 3930 ἑκουσίου
2648 3877 3033 3947 συνειδήσεως.
3081 3877 3238 3941 Τινὲς
3265 3876 3323 3930 δέ
3364 3877 3458 3932 διὰ
3483 3877 3582 3948 τὴν
3611 3876 3777 3948 κατόρ·

2211 3968 2378 4022 θωσιν
2418 3968 2770 4040 ἐγκρατείας,
2813 3970 2957 4022 κατὰ
3000 3967 3102 4040 τὴν
3125 3967 3335 4022 οἰκείαν
3370 3968 3664 4039 ἀρέσκειαν
3685 3984 3778 4021 κοι-

2209 4059 2316 4124 νῶς
2345 4060 2642 4132 ἀπέχονται
2673 4059 2936 4132 καθαρῶν
2985 4077 3046 4113 τε
3075 4061 3172 4113 καὶ
3206 4059 3281 4132 μὴ
3312 4061 3601 4133 καθαρῶψ
3630 4059 3780 4114 καίτοι

2210 4154 2432 4217 εἰδότες,
2467 4154 2552 4207 ὅτι
2586 4153 2694 4207 πᾶν
2721 4151 2926 4221 κτίσμα
2952 4150 3088 4206 Θεοῦ
3123 4150 3293 4205 καλόν
3317 4167 3333 4182 ⁸
3364 4150 3466 4205 καὶ
3493 4151 3640 4204 οὐδὲν
3662 4149 3779 4202 ἁπό-

2209 4247 2408 4318 σλητον
2463 4244 2603 4316 μετὰ
2628 4243 2981 4316 εὐχαριστίας
3011 4241 3453 4314 λαμϐανόμενον.
3490 4243 3628 4296 Ἀλλ’
3654 4243 3780 4310 ὅμως

2209 4337 2308 4409 τὴν
2331 4337 2424 4390 ἐπὶ
2451 4337 2516 4408 τῇ
2542 4334 2878 4406 κατορθώσει
2913 4335 3012 4405 τῆς
3061 4334 3394 4406 ἐγκρατείας
3423 4332 3772 4414 εὐχαριστίαν,

2213 4429 2434 4499 μείζονα
2459 4419 2559 4497 τῆς
2588 4427 2680 4480 ἐπὶ
2703 4428 2769 4498 τῇ
2794 4425 3096 4497 μεταλήψει
3127 4424 3439 4497 βρωμάτων
3459 4424 3775 4495 εὐχαριστίας

2209 4520 2437 4591 θέμεθα.
2469 4521 2566 4574 Διὶ
2613 4520 2786 4574 ταῦτα
2815 4513 2908 4573 οὖν
2941 4519 3097 4572 οὐδέν
3127 4521 3243 4572 ἐστι
3281 4519 3464 4574 κοινὸν
3507 4518 3665 4589 νόμον
3701 4515 3774 4568 καὶ

2208 4616 2452 4686 χάριτος,
2483 4613 2618 4668 ἀλλὰ
2653 4614 2818 4685 μέρος
2843 4612 2912 4679 ⁸⁸,
2952 4612 3088 4666 ἀλλὰ.
3115 4611 3341 4684 χάριτος
3386 4611 3559 4682 μόνης
3597 4611 3653 4662 τδ
3687 4609 3772 4659 πᾶν

2209 4707 2468 4779 ὑπάρχει,
2493 4708 2596 4778 τῆς
2621 4724 2682 4760 τε
2713 4707 2946 4778 μετοχῆς
3004 4705 3100 4759 καὶ
3129 4704 3231 4774 τῆς
3262 4704 3480 4774 ἀποχῆς
3505 4701 3614 4756 τῶν
3639 4715 3773 4772 μετα·

516 4794 686 4834 mune
717 4788 798 4833 est
828 4781 933 4850 legi
991 4790 1044 4837 et
1088 4784 1308 4853 gratiae;
1354 4789 1454 4842 sed
1514 4789 1698 4842 omnia
1747 4788 1922 4843 solius
1973 4797 2106 4842 sunt

2217 4768 2662 4874 λαμθανομένων,
2692 4768 2956 4853 κατὰῗτδν
2983 4768 3274 4869 εἰρημένον
3299 4768 3527 4868 τρο-τιον.

518 4871 732 4946 gratiae,
763 4871 878 4926 sive
911 4873 1037 4941 quis
1073 4875 1375 4944 abstineat;
1407 4878 1526 4934 sive
1569 4879 1688 4934 haec
1722 4879 1805 4934 vel
1832 4879 1926 4933 illa
1953 4878 2107 4934 ciho‘

513 4976 636 5037 rum
662 4977 862 5034 genera
898 4973 1105 5029 sumat,
1137 4977 1197 5022 ut
1223 4966 1429 5024 dictum
1457 4978 1565 5026 est.

1075 5059 1267 5116 Aliter.
1299 5065 1530 5119 Aret/lar.

585 5140 746 5208 Fides
785 5160 896 5200 non
927 5151 1183 5206 consistit
1215 5153 1267 5207 in
1313 5170 1479 5227 esca;
1521 5156 1625 5212 sed
1652 5157 1704 5212 in
1752 5157 2024 5214 desunata
2053 5169 2128 5218 et,

624 5289 649 5318 ο
675 5279 691 5333 l
724 5278 865 5335 Tim.
895 5298 968 5348 xv,
993 5284 1048 5340 4.

2678 5059 2901 5123 Ἄλλως
2912 5098 2925 5112 .
2964 5058 3164 5127 Ἀρέθα
3203 5057 3337 5129 (70).

2281 5155 2395 5210 Οὐκ
2424 5155 2482 5208 ἐν
2505 5154 2618 5216 τοῖς
2649 5149 2936 5222 βρώμασιν
2969 5152 3001 5219 ἡ
3034 5149 3220 5213 πίστις
3241 5166 3255 5181 ο
3282 5148 3401 5202 ἀλλ’
3431 5149 3490 5201 ἐν
3517 5151 3581 5218 τῇ
3612 5162 3766 5216 κεκρι-

1800 5383 2476 5441 γΜιιλΕ--ιλῑοτιοΝΕε,

587 5465 636 5550 ξ⁶
666 5467 744 5522 Ita
781 5470 944 5526 habet
973 5473 1034 5529 C.
1075 5475 1134 5532 Β.
1162 5479 1254 5535 sed
1283 5480 1411 5552 quid
1437 5481 1540 5537 hoc
1573 5482 1867 5536 voclibuli?
1939 5480 1986 5516 θ’
2021 5482 2116 5536 fori

2222 5481 2275 5535 π’
2301 5478 2466 5545 αὐτὰ,
2503 5485 2562 5531 ut
2593 5475 2868 5532 referatur
2898 5474 2966 5529 ad
2996 5474 3162 5545 νόμον
3192 5485 3248 5530 et
3270 5473 3451 5545 χάριν.
3527 5472 3571 5504 ⁸³
3596 5468 3650 5523 ι.
3678 5465 3764 5520 ἀνὰ

598 5699 711 5778 (20)
765 5700 1093 5778 Αώηοηίιὶο.
1148 5707 1454 5778 Aliquoties
1511 5708 1566 5762 in
1620 5710 1793 5764 altero
1845 5617 2402 5766 Bavarilzfrfimilr
2435 5723 2530 5778 seu
2553 5707 2850 5778 scholium,
2873 5722 2970 5763 seu
2996 5722 3106 5776 quo
3133 5705 3244 5761 alio
3275 5705 3495 5778 nomine
3516 5699 3762 5778 appellare

523 5539 709 5626 μέρος.

532 5769 722 5834 codice
747 5769 1541 5835 dissertatiunculis'Abucarae
1566 5781 1864 5849 subjicitur
1895 5784 1997 5836 hoc
2026 5781 2107 5835 vel

2219 5782 2352 5837 libet
2397 5777 2554 5842 ἄλλος
2586 5778 2740 5848 ἀρεθ.
2770 5777 2919 5844 Quas
2965 5776 3379 5837 additiunculas
3423 5777 3619 5851 reperit
3645 5784 3761 5839 quo-
