4000 6452
555 380 693 480 ιδιιο

1763 372 2157 470 THEODORI
2188 407 2561 468 ABUCARE

3669 407 3780 473 ιαυ

556 536 759 584 nostra:
793 521 1065 581 occiditur
1123 521 1350 591 Quoties
1393 522 1540 578 enim
1585 521 1832 574 intuetur
1864 517 2137 571 Christia-

2263 535 2400 580 τεως.
2445 519 2668 582 Ὁσάκις
2701 517 2811 589 γὰρ
2841 517 2927 589 ῐδῃ
2961 515 3295 587 Χριστιανὸν
3328 515 3504 568 ἐλπίδι
3540 516 3630 587 τῆς
3657 521 3781 588 ἡμῶν

556 636 689 675 num
752 626 813 684 pc
862 635 950 673 res
978 617 1293 672 :rrectionis
1338 624 1537 668 nostra:
1572 611 1711 666 mori
1737 651 1751 675 ,
1789 618 2138 680 mortemque
2176 676 2183 687 γ

558 726 659 780 pro
692 725 888 764 somno
930 710 1152 770 ducere,
1189 708 1435 774 corruit;
1475 714 1529 761 et
1561 721 1590 758 a
1620 702 1888 757 validiore
1935 716 2139 772 percu-

557 803 715 856 titur.
754 803 848 855 Est
890 804 1074 854 autem
1120 800 1459 855 resurrectio
1500 796 1736 851 validior
1767 803 1963 848 morte.
2008 794 2141 849 Neci

556 892 729 962 igitur
777 893 897 945 data
937 900 1022 945 est
1070 906 1221 945 mors
1255 906 1350 961 per
1389 888 1591 945 Christi
1641 886 2137 940 resurrectionem.

560 978 626 1037 Et
659 984 826 1050 hujus
857 986 1030 1053 gratia
1072 999 1169 1053 spe
1201 981 1629 1038 resurrectionis
1676 978 1801 1033 freti
1830 979 2144 1032 moriuntur

559 1076 880 1131 Christiani.
930 1074 1162 1142 Semper
1212 1073 1381 1145 igitur
1435 1076 1536 1127 hac
1610 1088 1706 1140 spe
1758 1087 1909 1125 mors
1960 1086 2152 1124 corru-

560 1167 765 1236 ptionis
799 1166 1451 1234 ministerparticulatim
1486 1166 1822 1234 perimitur;
1854 1160 2145 1231 atquando

560 1271 753 1312 omnes
788 1265 1098 1327 resurgent,
1142 1256 1412 1326 primitias
1454 1256 1737 1315 Christum
1787 1253 1984 1318 secuti,
2026 1252 2144 1318 ipsa

561 1348 725 1402 etiam
760 1363 906 1403 mors
935 1348 1177 1418 perfecte
1206 1349 1590 1415 evacuabitur,
1631 1356 1771 1401 teste
1798 1345 2066 1416 Apostolo
2098 1340 2142 1409 ἲ,

562 1456 671 1496 non
706 1441 1200 1514 habcttsantpiius,
1236 1442 1327 1496 cui
1356 1457 1581 1512 operam
1608 1456 1763 1497 suam
1797 1441 1961 1495 locet.

2241 609 2590 674 ἀναστάσεως
2613 610 3051 681 ἀποθνήσκοντα,
3086 607 3181 659 καὶ
3207 606 3468 675 κοίμησιν
3500 603 3558 656 τὸ
3591 610 3779 677 πρᾶγμα

2241 700 2643 770 ὀνομαζόμενον
2699 701 2914 759 πίπτει.
2951 701 3049 753 καὶ
3083 697 3335 769 βάλλεται
3363 696 3440 766 τῷ
3474 699 3784 771 ἰσχυροτέρῳ,

2255 793 2627 865 ’ἰσχυρότερον
2661 792 2716 846 δὲ
2746 791 2841 845 τοῦ
2876 791 3112 845 Θανάτου
3143 792 3176 860 ἡ
3222 788 3542 850 ἀνάστασις.
3589 789 3788 844 nam.
3863 815 3869 821 -

2243 902 2409 938 τωται
2439 886 2548 956 ἄρα
2580 887 2647 954 τῇ
2675 884 2770 937 τοῦ
2802 883 3048 955 Χριστοῦ
3071 880 3368 936 ἀναστάσει
3392 880 3420 932 6
3450 879 3683 941 θάνατος.
3704 882 3789 936 Καὶ

2242 973 2338 1027 τοῦ
2369 978 2412 1006 ⁹²
2445 976 2532 1028 ἐπ’
2556 973 2731 1025 ἐλπίδι
2763 972 3116 1035 ἀναστάσεως
3133 969 3553 1040 ἀποθνήσκουσι
3572 969 3790 1038 Χριστια-

2243 1069 2355 1130 νοῖς
2383 1068 2448 1121 ⁸³.
2485 1068 2629 1136 Ἀρα
2661 1066 2749 1120 ἀεὶ
2789 1069 2854 1136 τῇ
2884 1062 3114 1136 τοιαύτῃ
3151 1062 3412 1133 ὑπουρῶς
3443 1061 3490 1093 ’⁸
3512 1060 3790 1117 Θανατοῦται

2241 1160 2269 1213 6
2303 1159 2537 1221 θάνατος
2570 1157 2818 1228 μερικῶς
2840 1173 2854 1187 ο
2888 1158 3019 1210 ὅταν
3050 1155 3110 1208 δὲ
3139 1155 3201 1208 τὸ
3232 1155 3340 1207 πᾶν
3378 1153 3587 1224 ἀναστῇ
3633 1154 3791 1224 ἑπόμε-

2242 1269 2331 1307 νον
2359 1255 2424 1322 τῇ
2457 1253 2704 1321 ἀπαρχῇ,
2737 1250 2833 1303 καὶ
2855 1248 3042 1313 αὐτὸς,
3065 1248 3208 1301 κατά
3235 1246 3327 1299 τὸν
3365 1243 3700 1311 Ἀπόστολον,
3738 1246 3797 1318 μὴ

2242 1345 2404 1416 ἔχων,
2436 1337 2480 1413 ᾧ
2510 1343 2856 1415 ὑπουργήσει
2880 1382 2896 1407 ,
2923 1342 3290 1413 καταργεῖται
3318 1337 3603 1401 ὁλοτελῶς.

2111 1547 2276 1605 XLII.

564 1668 748 1726 Brevis
793 1672 1041 1727 doctrina
1081 1675 1146 1729 de
1200 1675 1399 1729 divinis
1459 1674 1806 1738 nominibus,
1850 1684 1960 1728 tam
1990 1688 2137 1726 com-

636 1743 883 1822 munibus
940 1746 1295 1800 sanctissima:
1338 1746 1654 1811 Trinitatis,
1706 1762 1867 1817 quam
1906 1743 2134 1814 propriis

588 1825 595 1843 ί
634 1822 894 1884 cujusque
920 1831 1182 1883 personae.

2249 1667 2297 1718 Σ
2302 1664 2560 1730 ύντομος
2590 1659 2963 1730 διδασκαλία
2985 1656 3119 1730 περὶ
3147 1653 3679 1730 θείωνρνοέιάτων,
3710 1653 3798 1707 τῶν

2312 1750 2378 1786 τε
2404 1723 2623 1786 κοινῶν
2667 1728 2911 1798 Τριάδος
2936 1767 2952 1793 ,
3008 1723 3109 1782 κάι
3162 1728 3285 1781 τῶν
3323 1724 3539 1780 ὶδικῶν
3584 1723 3795 1780 ἑκάστου

2318 1802 2430 1872 τῆς
2456 1800 2720 1871 Τριάδος.

1808 1926 1994 1979 Jacobo
2016 1927 2257 1978 Gretsero
2292 1917 2595 1980 interprete.

638 2032 780 2090 Sunt
836 2033 1087 2104 quaedam
1149 2050 1374 2089 nomina
1444 2042 1817 2090 sacrosanctae
1886 2018 2223 2088 TrinitatiB

565 2128 906 2192 communia,
943 2138 997 2182 et
1028 2127 1096 2182 de
1138 2128 1328 2182 dlvina
1382 2129 1620 2184 essentia
1659 2145 1755 2184 seu
1806 2136 2002 2183 natura
2040 2125 2149 2181 dici

566 2231 869 2288 consueta;
905 2228 966 2274 ut
1002 2219 1180 2287 Deus,
1218 2221 1509 2285 Dominus,
1556 2226 1769 2287 bonus,
1800 2221 2018 2289 justus,
2060 2233 2153 2273 sa-

568 2319 747 2384 piens.
781 2322 998 2382 potens,
1030 2311 1166 2378 Rex,
1210 2310 1494 2377 Dominus,
1540 2312 1793 2379 Creator,
1829 2310 2150 2382 providens,

570 2403 848 2469 Salvator,
877 2412 1125 2469 sanctus,
1162 2404 1352 2458 et‘alia
1382 2403 1548 2475 hujus
1579 2404 1818 2475 generis,
1850 2418 1974 2473 qua:
2004 2416 2155 2456 com-

568 2500 812 2555 muniter
837 2499 904 2554 de
922 2509 1118 2553 natura
1145 2497 1330 2552 divina
1359 2498 1754 2564 enuntiantur;
1786 2511 1966 2567 neque
1991 2494 2155 2551 unius

570 2608 820 2665 personae
848 2595 1069 2664 prepria
1104 2602 1256 2649 sunt.

640 2688 803 2760 [5.25
822 2687 964 2743 Sunt
994 2700 1123 2742 vero
1155 2687 1321 2742 etiam
1354 2688 1583 2743 nomina
1615 2685 1834 2758 propria
1855 2702 1950 2742 seu
1978 2685 2157 2757 hypo-

573 2781 799 2847 Ittatira;
825 2789 885 2835 ut
914 2779 1096 2841 Pater,
1123 2775 1321 2844 Filius,
1349 2780 1596 2850 Spiritus
1629 2789 1874 2835 sanctus.
1901 2778 1977 2832 Ex
2001 2792 2156 2832 com-

571 2871 836 2927 munibus
868 2854 1206 2937 nominibus,
1239 2887 1362 2941 quaa
1397 2872 1466 2927 de
1502 2880 1699 2925 natura
1750 2870 2154 2941 prazdicanutr,

570 2951 678 3018 hoc
707 2963 949 3033 quidem,
996 2961 1157 3026 Deus,
1192 2962 1340 3017 Patri
1394 2962 1751 3027 attribuitur,
1799 2962 1962 3032 eique
2018 2977 2159 3031 quo-

572 3052 865 3106 dammodo
908 3054 1189 3122 peculiare
1239 3054 1459 3120 evasit;
1513 3054 1642 3122 quia
1693 3061 1778 3107 est
1821 3052 2155 3122 principium

573 3140 694 3196 Filii
722 3150 776 3196 ct
811 3141 1056 3212 Spiritus
1082 3145 1373 3210 sancti,'et
1418 3144 1486 3199 ad
1521 3144 1675 3198 illum
1722 3143 2059 3198 referuntur.
2090 3144 2161 3197 At

576 3235 855 3300 Dominus,
902 3234 1038 3290 Filio
1077 3236 1337 3292 similiter
1382 3236 1730 3300 attribuitur,
1786 3246 2008 3292 sanctus
2036 3234 2159 3306 Spi-

573 3330 732 3392 ritus,
781 3329 1036 3398 Spiritui.
1073 3331 1216 3384 Hinc
1254 3330 1513 3401 apostoli,
1564 3339 1620 3386 et
1658 3332 1917 3386 universa
1963 3346 2160 3402 prope—
2187 3350 2231 3411 ο

574 3420 796 3475 modum
823 3420 1129 3492 Scriptura,
1152 3423 1373 3493 quando
1406 3423 1770 3492 pronuntiant
1800 3438 1987 3477 vocem
2016 3422 2159 3478 Deus

575 3516 802 3585 praecise
838 3522 893 3570 et
915 3512 1230 3589 inlini'te,et
1252 3525 1311 3569 ut
1341 3514 1640 3584 plurimum
1670 3530 1794 3568 cum
1822 3513 2078 3575 articulo,
2109 3524 2162 3569 et

574 3607 782 3676 absque
814 3608 1089 3678 personali
1133 3606 1467 3678 proprietate
1495 3649 1510 3674 ,
1558 3605 1774 3662 Patrem
1827 3605 2158 3676 signiﬁcant.

575 3690 823 3768 Exempli
851 3701 1025 3770 gratia
1056 3718 1070 3755 :

651 3807 670 3841 ι
711 3789 913 3845 Paulus
942 3808 1139 3847 servus
1164 3792 1295 3848 Jesu
1330 3791 1563 3857 Christi,
1599 3800 1828 3846 vocatus
1857 3792 2163 3861 apostolus,

576 3893 894 3953 segregatus
917 3885 969 3938 in
1006 3885 1358 3957 Evangelium
1383 3885 1475 3940 Dei
1504 3894 1555 3951 Β,
1588 3903 1607 3937 t
1654 3885 1769 3940 sive
1812 3882 2012 3940 Patris.
2062 3884 2166 3940 lte-

576 3988 699 4028 rum
730 3991 743 4028 :
784 3995 803 4027 ι
833 3975 1189 4031 Multifariatn
1220 3978 1518 4048 multisque
1556 3977 1734 4032 modis
1766 3977 2003 4046 loquens
2035 3977 2164 4030 olim

577 4067 826 4136 patribus
850 4066 1080 4138 Deush,t
1106 4071 1325 4135 hocest,
1350 4068 1531 4124 Pater.
1561 4068 1629 4139 Et
1653 4067 1977 4140 Symbolum
2000 4067 2123 4122 ﬁdei
2150 4084 2163 4121 ι

584 4179 605 4212 ι
636 4158 813 4216 Credo
844 4161 900 4216 in
934 4179 1104 4217 unum
1140 4162 1332 4229 Deum,
1359 4182 1379 4216 ι
1415 4164 1522 4218 hoc
1544 4171 1648 4231 est,
1684 4160 1932 4228 Patrem,
1968 4181 1986 4213 ι
2023 4170 2077 4217 et
2111 4163 2166 4216 in

581 4269 749 4339 unum
781 4254 1094 4322 Dominum,
1125 4277 1143 4310 ι
1188 4257 1289 4312 hoc
1314 4265 1421 4321 est,
1462 4254 1680 4311 Filium.
1726 4254 1788 4310 Et
1817 4255 2112 4324 Apostolus
2151 4273 2166 4311 :

588 4365 606 4399 ι
638 4347 746 4402 Etsi
773 4356 903 4403 sunt
920 4350 1013 4419 qui
1036 4350 1290 4404 dicantur
1311 4349 1414 4414 dii,
1440 4348 1598 4402 nobis
1616 4357 1797 4402 tamen
1823 4364 1970 4403 unus
1999 4344 2167 4413 Deus,

582 4438 742 4497 Pater
774 4442 816 4498 ί.
848 4463 867 4494 ι
906 4442 971 4497 Et
1002 4461 1015 4499 :
1046 4463 1063 4496 ι
1098 4443 1362 4512 Quamvis
1423 4443 1576 4497 multi
1616 4438 1855 4509 Domini,
1898 4441 2059 4497 nobis
2089 4449 2170 4494 ta-

582 4551 705 4590 men
731 4552 875 4592 unus
901 4546 986 4591 est
1019 4535 1286 4590 Dominus
1308 4579 1322 4602 ,
1355 4530 1548 4589 Filius.
1589 4553 1607 4586 ι
1660 4530 1802 4589 Deus
1833 4547 1963 4588 vero
2002 4548 2173 4602 pecu-

583 4627 703 4681 liari
728 4629 942 4683 ratione
961 4630 1267 4700 appellatur
1283 4627 1478 4697 Pater;
1499 4644 1623 4684 cum
1648 4618 1766 4697 ipse
1787 4621 2082 4679 Trinitatis
2102 4623 2173 4676 sit

2326 2025 2518 2077 Ἔστιν
2555 2023 2801 2093 ὀνόματα
2831 2020 2987 2075 κοινὰ
3020 2018 3112 2081 διὰ
3142 2019 3244 2089 τῆς
3274 2016 3448 2088 ἁγίας
3478 2016 3697 2087 Τριάδος
3740 2017 3800 2071 δι.

2252 2119 2481 2191 ήκοντα,
2512 2115 2597 2179 ὡς
2619 2115 2714 2168 ἐπὶ
2738 2115 2838 2184 τῆς
2869 2112 3058 2183 θεῖκῆς
3088 2112 3299 2174 οὐσίας,
3311 2110 3624 2181 λεγόμενα’
3643 2102 3736 2162 οἷον
3758 2110 3800 2164 τὸ

2251 2210 2409 2274 Θεὸς,
2437 2208 2498 2261 τὸ
2532 2208 2787 2279 Κύριος,¹
2813 2205 3038 2275 ἀγαθὸς,
3071 2203 3282 2269 δίκαιος
3303 2246 3317 2272 ,
3357 2202 3526 2272 σοφὸς
3551 2241 3569 2267 ,
3605 2202 3799 2266 δυνατὸς,

2252 2300 2541 2367 Βασιλεὺς,
2576 2299 2882 2369 Δεσπότης,
2929 2296 3315 2368 Δημιουργὸς,
3363 2294 3689 2366 προνοητὴς,
3719 2294 3801 2347 Σω-

2252 2395 2379 2465 τὴρ,
2411 2394 2586 2461 ἅγιος,
2620 2393 2717 2445 καὶ
2745 2391 2848 2445 ὅσα
2879 2389 3111 2444 τοιαῦτα
3160 2388 3364 2452 κοινῶς
3410 2388 3510 2441 ἐπὶ
3551 2388 3645 2456 τῆς
3690 2387 3800 2450 οείας

2253 2487 2475 2557 φύσεως
2504 2484 2785 2556 τιθέμενα,
2815 2483 2912 2538 καὶ
2941 2484 3041 2537 οὐκ
3066 2481 3181 2535 ἔστι
3220 2482 3353 2565 ρίιᾶς
3379 2478 3686 2545 ἰδιαζόντως
3707 2480 3801 2533 ὐπο-

2259 2582 2526 2644 στάσεως.

2332 2678 2491 2731 Ἐστι
2520 2675 2577 2729 δὲ
2609 2676 2706 2729 καὶ
2742 2673 2907 2740 ἰδικά,
2935 2674 3105 2744 ιἢγουν
3136 2670 3521 2725 ὑποστατικὼ
3554 2661 3661 2721 οἷον
3683 2666 3805 2721 6H1-

2256 2770 2384 2841 τὴρ,
2411 2770 2562 2833 Υἱὸς,
2592 2769 2748 2838 ἅγιον
2775 2766 3021 2838 Πνεῦμα.
3058 2763 3487 2841 Τούτωνᾼὸντων
3517 2760 3698 2814 κοινῶν
3723 2761 3807 2812 ὀνο·

2263 2838 2468 2931 μόιτων,
2499 2859 2609 2912 τῶν
2657 2858 2751 2912 ἐπὶ
2781 2856 2883 2926 τῆς
2928 2855 3117 2917 οὐσίας
3167 2838 3490 2923 λεγομένων
3540 2849 3727 2920 ἐλήφθη
3765 2848 3805 2901 τὸ

2263 2954 2383 3023 μὲν,
2415 2953 2582 3017 Θεός,
2606 2950 2699 3003 ἐπὶ
2726 2950 2823 3004 τοῦ
2853 2948 3091 3020 Πατρὸς,
3114 2947 3211 3000 καὶ
3239 2946 3468 3011 ἐγένετο
3497 2942 3641 3012 αῦτῷ
3660 2941 3806 3008 ὥσπερ

2260 3045 2539 3116 ἐξαίρετον
2562 3062 2577 3075 ο
2610 3044 2745 3096 διότι
2774 3041 2945 3104 αἴτιος
2985 3038 3152 3103 Υἱοῦ,
3209 3041 3305 3093 καὶ
3358 3036 3706 3106 Πνεῦματος,
3737 3032 3807 3086 καὶ

2261 3138 2339 3198 εἰς
2371 3136 2537 3189 αὐτὸν
2568 3134 2957 3205 ἀναφέρονται.
2981 3132 3056 3186 Τὸ
3080 3131 3159 3197 δὲ,
3196 3132 3443 3199 Κύριος,
3474 3129 3569 3182 ἐπὶ
3596 3126 3684 3181 τοῦ
3708 3124 3807 3177 ficti

2261 3227 2527 3292 ὡσαύτως
2552 3244 2564 3258 ·
2596 3227 2657 3281 τὸ
2680 3226 2759 3291 δὲ,
2782 3225 2956 3296 ἅγιον
2974 3224 3241 3291 Πνεῦμα.
3274 3224 3371 3276 ἐπὶ
3393 3222 3491 3275 τοῦ
3519 3218 3804 3286 Πνεῦματος.

2264 3319 2430 3374 Ὅθεν
2461 3320 2511 3373 οἱ
2541 3318 2833 3372 ἀπόστολοι
2859 3357 2874 3383 ,
2902 3317 2999 3370 καὶ
3034 3318 3189 3369 πᾶσα
3219 3313 3410 3384 σχεδὸν
3437 3314 3472 3384 ἡ
3497 3311 3613 3365 θεία
3635 3305 3804 3377 Γραφὴ,

2267 3415 2346 3469 ὅτ’
2371 3413 2439 3468 ἂν
2470 3414 2601 3483 εἴπῃ
2635 3415 2666 3465 ό
2706 3411 2872 3478 Θεὸς,
2915 3408 3092 3471 οὕτως
3131 3405 3453 3470 ἀπολύτως,
3483 3406 3577 3458 καὶ
3599 3400 3805 3471 ἀπροσδι-

2266 3506 2522 3578 ορίστως,
2554 3504 2650 3557 καὶ
2669 3503 2744 3566 ὡς
2767 3501 2973 3555 ἐπίπαν
3004 3501 3102 3553 σὺν
3133 3500 3345 3570 ἀρθρῳ,
3388 3497 3487 3551 καὶ
3510 3496 3667 3567 χωρὶς
3701 3491 3807 3545 ἰδιώ-

2274 3612 2442 3669 ματος
2475 3590 2859 3659 ὑποστατικοῦ,
2885 3591 2979 3645 τὸν
3008 3589 3231 3661 Πατέρα
3260 3587 3437 3660 δηλοῖ.
3471 3581 3613 3641 υἷον·

2348 3793 2369 3827 ι
2405 3772 2616 3836 Παῦλος
2658 3770 2844 3834 δοῦλος
2883 3765 3060 3838 Ἰησοῦ
3088 3762 3352 3838 Χριστοῦ,
3395 3763 3598 3834 κλητὸς
3626 3762 3807 3815 ἀπόστο-

2272 3870 2385 3933 λος,
2421 3864 2806 3937 ἀφωρισμένος
2852 3865 2932 3925 εἱς
2975 3858 3312 3928 Εὐαγγέλιον
3351 3856 3516 3919 Θεοῦ,
3566 3875 3585 3907 ι
3616 3848 3807 3925 ἦτοιτοῦ

2273 3961 2510 4031 Πατρός.
2543 3959 2654 4013 Καὶ
2686 3955 2850 4011 πάλιν
2879 3971 2892 3984 ο
2930 3971 2948 4003 t
2984 3949 3344 4021 Πολυμερῶς,
3379 3949 3479 4003 καὶ⁵
3510 3945 3809 4015 πολυτρόπως

2276 4053 2447 4108 πάλαι
2481 4054 2510 4106 6
2541 4050 2675 4113 Θεὸς
2702 4047 2943 4118 λαλήσας
2975 4047 3088 4108 τοῖς
3117 4041 3419 4112 πατράσιν,
3457 4060 3475 4092 ι
3508 4040 3665 4110 ἧγουν
3687 4034 3812 4088 ὁΠα-

2275 4148 2403 4219 τήρ.
2419 4143 2606 4212 Καιτὸ
2619 4141 2683 4196 σύ
2694 4141 2891 4211 μὸολον
2911 4137 3013 4208 τῆς
3034 4136 3271 4198 πίστεως
3300 4153 3318 4184 ι
3341 4128 3642 4205 [Πιστεύω]
3663 4128 3729 4188 εἰς
3742 4124 3817 4219 ἕνα

2276 4217 2430 4303 Θεὸν,
2453 4258 2471 4291 ι
2494 4239 2614 4309 ἤτοι
2629 4236 2719 4299 τὸν
2734 4232 3007 4302 Πατέρα,‹
3034 4229 3223 4291 καὶείς
3244 4226 3344 4280 ἕνα
3360 4226 3616 4297 Κύριονρ
3633 4217 3814 4292 {paulo

2279 4333 2429 4387 Υἱόν.
2462 4308 2572 4385 Καὶ
2598 4329 2627 4381 6
2669 4325 2992 4386 Ἀπόστολος
3029 4337 3043 4352 ο
3086 4339 3105 4372 ι
3146 4320 3327 4389 Εἴπερ
3354 4319 3468 4389 γάρ
3525 4316 3625 4368 εισι
3673 4308 3815 4364 πολλοὶ

2280 4425 2392 4481 θεοὶ
2413 4423 2480 4489 ’⁸,
2499 4420 2612 4475 ἀλλ’
2642 4420 2776 4489 ἡμῖν
2817 4411 2898 4477 εἷς
2939 4414 3073 4476 Θεὸς
3095 4415 3122 4466 ὁ
3153 4410 3368 4481 Πατήρ.
3410 4428 3429 4462 ι
3462 4407 3570 4462 Καί
3591 4423 3603 4435 ο
3638 4423 3655 4456 ι
3685 4402 3813 4467 Εἴπερ

2281 4519 2387 4573 εἰσὶ
2410 4515 2589 4585 κύριοι
2620 4502 2829 4573 πολλοὶ,
2873 4506 2988 4563 ἀλλ’
3023 4507 3155 4577 ἡμῖν
3198 4496 3281 4566 εἷς
3332 4502 3541 4573 Κύριος
3594 4501 3620 4552 6
3648 4495 3767 4555 Υἱός.
3796 4508 3808 4539 t

2281 4615 2414 4677 Θεὸς
2444 4612 2502 4666 δὲ
2530 4609 2828 4681 ἐξαιρέτως
2881 4604 3106 4671 λέγεται
3126 4616 3140 4632 ο
3201 4598 3395 4670 ἐπειδὴ
3435 4600 3468 4667 ἡ
3499 4597 3694 4655 ἓνωσις,
3725 4588 3811 4681 ἥξω

584 4719 758 4773 unitio
798 4721 918 4776 sive
967 4722 1269 4791 explicatio
1326 4730 1379 4775 et
1420 4721 1579 4789 quasi
1629 4734 1865 4781 summa,
1924 4723 1983 4770 ut
2036 4715 2162 4769 dixit

2276 4704 2600 4770 ἀνάπτυξις,
2632 4680 2728 4755 διαὶ
2760 4693 3248 4764 ἀνακεφαλαίωσις
3286 4690 3386 4760 τῆς
3415 4680 3812 4791 Τριάδος,νόἐ1ῗ·

587 4804 903 4882 TheOIOgus
933 4831 946 4865 ι
981 4830 1000 4864 ι
1027 4813 1200 4869 Nobis
1243 4828 1375 4866 vero
1408 4785 1553 4867 unus
1608 4810 1753 4866 Deus
1801 4809 1986 4872 Pater,
2040 4806 2162 4878 ‘quiz

2278 4799 2385 4868 τήρ
2415 4799 2586 4857 ἐστιν,
2611 4791 2689 4854 ὡς
2722 4786 2877 4843 εἴπεν
2902 4790 2929 4841 6
2961 4785 3227 4852 Θεολόγος

587 4918 697 4961 una
749 4904 1009 4961 divinitas
1060 4904 1108 4960 1'.
1140 4923 1158 4957 ι
1213 4903 1473 4959 Rursus:
1524 4922 1542 4955 ι
1590 4900 1745 4958 Unus
1779 4896 1923 4956 Deus
1974 4901 2180 4956 retine-

3248 4798 3263 4814 ο
3303 4801 3321 4834 ι
3360 4782 3526 4850 Ἡμῖν
3558 4778 3611 4830 δὲ
3630 4770 3697 4837 εἷς
3715 4769 3812 4826 Θεὸς

2279 4858 2542 4959 ὁΠατὴρ,
2576 4886 2660 4938 ὅτι
2717 4881 2814 4953 μία
2868 4878 3083 4947 θεότης.
3128 4894 3147 4928 ι
3196 4875 3310 4928 Καὶ
3358 4873 3560 4945 πάλιν·
3614 4887 3631 4919 ι
3672 4858 3812 4963 Εἱςέῗ

589 4996 758 5062 bitur,
795 4997 840 5050 si
881 4994 947 5051 ad
985 5012 1151 5051 unum
1190 4997 1529 5068 principium
1570 4994 1909 5056 referamus,
1938 5008 2047 5049 non
2081 5008 2162 5045 au-

2281 4983 2456 5038 αἴτιον
2483 4978 2578 5033 τοῦ
2614 4975 2771 5041 Υἱοῦ,
2813 4973 2909 5028 καὶ
2944 4969 3265 5041 Πνεῦματος
3311 4960 3732 5035 ἀναφερομένων,
3767 4960 3808 5001 οὐ

2779 5067 2786 5068 “
2807 5065 2841 5068 ““
3049 5061 3062 5068 ⁸
3264 5058 3277 5068 ·
3516 5055 3555 5068 Ir
3595 5051 3610 5068 ι
3665 5044 3808 5068 ...ῑὶηιι

590 5098 698 5143 tem
730 5104 1128 5159 componamus
1178 5098 1274 5145 aut
1310 5090 1775 5146 commisceamus
1802 5086 1852 5139 ι.
1889 5105 1907 5137 ι
1935 5085 2136 5141 lterum
2163 5104 2176 5139 :

601 5196 620 5231 ι
657 5172 821 5234 Pater
853 5180 1030 5234 unitio
1063 5188 1169 5239 est.
1201 5195 1269 5234 ex
1294 5194 1404 5250 quo
1439 5187 1493 5233 et
1529 5174 1593 5230 ad
1641 5191 1803 5246 quem
1836 5171 2175 5237 referuntur,

597 5271 691 5341 qui
718 5286 786 5327 ex
826 5272 946 5343 ipso
980 5281 1128 5336 sunt,
1158 5270 1331 5327 Filius
1362 5281 1417 5326 et
1437 5270 1676 5342 Spiritus
1701 5263 1993 5323 sanctusl.
2036 5284 2054 5316 ι
2088 5263 2179 5317 Εῑι

602 5361 711 5417 lius
741 5380 978 5435 namque
1006 5374 1059 5420 et
1081 5362 1324 5435 Spiritus
1361 5365 1619 5418 dicuntur
1651 5360 1848 5424 Patris,
1880 5374 1985 5413 non
2016 5354 2182 5412 Pater

2284 5071 2710 5144 συντιθεμένων,
2736 5065 2859 5120 οὐδὲ
2910 5058 3414 5131 συναλειφομένων.
3454 5075 3475 5108 ι
3514 5051 3617 5132 Κέιὶ
3661 5044 3809 5144 milvi:

2290 5189 2308 5223 ι
2345 5131 2578 5229 Ἔνωσις
2609 5164 2637 5216 ὁ
2665 5159 2877 5229 Πατὴρ,
2909 5156 2967 5224 ἐξ
2995 5150 3056 5210 οὗ
3092 5154 3229 5225 πρὸς
3271 5151 3332 5205 ὃν
3360 5147 3676 5219 ἀναφέρεται
3698 5137 3750 5191 τὰ

2287 5260 2495 5320 αὐτοῦί
2528 5227 2773 5324 ιἐπειδὴ
2807 5227 3013 5315 ιΥιδς,
3051 5248 3145 5301 και
3171 5245 3231 5299 τὸ
3268 5242 3495 5313 Πνεῦμα
3524 5236 3612 5292 τοῦ
3650 5227 3810 5324 uno}

2289 5352 2560 5421 λέγονται,
2618 5346 2740 5417 οὐχὶ
2770 5347 2796 5398 ὁ
2827 5340 3015 5411 Πατὴρ
3066 5336 3272 5393 αὐτῶν.
3319 5329 3464 5388 Οἷον·
3507 5331 3562 5383 '0
3600 5326 3707 5386 Υἱὸς
3743 5334 3811 5370 του

719 5544 779 5597 τι
810 5542 936 5597 Cor.
966 5559 1079 5601 xui.
1113 5542 1198 5596 it).
1298 5543 1323 5581 ε
1354 5540 1510 5593 lium.
1550 5555 1596 5601 ι,
1637 5539 1682 5592 l.
1762 5538 1789 5576 ιι
1829 5535 1998 5589 Hebr.
2027 5550 2069 5597 ι,
2109 5532 2154 5585 i.

2288 5528 2304 5581 Ι
2360 5526 2490 5582 Cor.
2535 5541 2653 5589 \‘lll,
2683 5523 2736 5586 5,
2778 5521 2833 5575 6.
2914 5518 2927 5570 i
2970 5520 3026 5575 S.
3067 5517 3230 5587 Gt'eg.
3268 5513 3407 5570 Naz.
3446 5510 3593 5567 Orat.
3624 5500 3680 5557 de
3708 5502 3813 5551 ςιαη

608 5614 992 5684 episcoporum.
1067 5612 1256 5668 ltibid.
1342 5610 1526 5665 1ibid.

1888 5738 2127 5809 VARI/Ii
2167 5735 2573 5799 LECTIONES.
2658 5791 2663 5797 ,

675 5848 723 5884 ⁸⁸
750 5846 789 5903 f.
820 5847 1007 5902 τοῦτον
1039 5847 1217 5916 χάριν.
1299 5846 1342 5879 ⁰³
1379 5842 1711 5915 Χριστιανοί.
1799 5842 1843 5875 9"
1877 5838 2168 5910 ὑπουργὸς.

2278 5837 2323 5871 ³⁸
2355 5833 2667 5904 λεγόμενοι.
