4000 6460
264 597 429 661 σιδεοῦ,
483 596 725 666 βραχξων
755 591 853 667 τοῦ
885 593 1044 656 Θεοῦ,
1073 591 1225 656 δεξιὰ
1279 589 1376 642 τοῦ
1427 589 1586 644 Θεοῦ.
1641 589 1756 642 Καὶ
1796 589 1859 641 τὸ

267 693 499 761 Πνεῦμα
533 688 826 751 ὡσαύτως·
857 685 1085 756 Πνεῦμα
1117 683 1210 738 τοῦ
1253 683 1412 745 Θεοῦ,
1458 682 1721 746 δάκτυλος
1761 683 1856 736 τοῦ

264 782 429 834 Θεοῦ.
459 782 550 842 lii;
590 778 755 833 αὐτὸν
797 772 890 832 οῦν
937 777 1030 830 τον
1061 775 1283 844 Πατέρα
1321 773 1708 845 ἀναφέρονται,
1735 774 1858 844 οὐχὶ

263 874 299 924 ὁ
329 873 518 942 Πατὴρ
549 873 628 934 εἰς
680 871 840 924 αὐτά.
879 871 941 923 ΕΞ
988 869 1043 920 δὲ
1102 869 1198 920 καὶ
1228 865 1398 937 εὕρῃς
1423 867 1483 918 τὸ
1511 869 1655 932 Θεὸς
1689 865 1861 936 ὄνομα

266 965 366 1020 ἐπὶ
397 962 490 1014 τοῦ
525 962 679 1022 Υἱοῦ,
706 961 803 1012 καὶ
827 958 887 1012 τὸ
914 959 1129 1024 Κύριος
1153 958 1244 1010 ἐπὶ
1270 956 1362 1009 τοῦ
1388 956 1620 1028 Πατρός,
1649 954 1859 1009 καὶτοῦ

265 1054 615 1124 Πνεύματος,
651 1053 744 1108 καὶ
795 1051 857 1104 τὺ
902 1051 1118 1119 Ἄγιος,
1153 1050 1248 1102 καὶ
1277 1047 1338 1102 τὸ
1370 1048 1614 1118 Πνεῦμα
1643 1048 1736 1102 ἐπὶ
1764 1047 1859 1101 τοῦ

266 1147 490 1216 Πατρός
513 1163 526 1178 ’
559 1145 637 1209 ὡς
665 1144 726 1197 τό
747 1161 759 1172 ·
801 1161 818 1194 ι
862 1144 1052 1210 ’Ἄγιος
1084 1145 1111 1196 ὁ
1141 1141 1294 1203 Θεὸς,
1334 1160 1352 1193 ι
1381 1141 1541 1207 δῆλον
1570 1143 1598 1194 ὁ
1632 1143 1822 1213 Πατήρ
1843 1157 1857 1172 ’

263 1240 364 1290 καὶ
392 1239 449 1292 τὸ
485 1257 502 1290 ι
549 1236 778 1306 Πνεῦμα
810 1237 838 1288 ὁ
867 1235 1029 1298 Θεόςο
1069 1253 1088 1287 ι
1135 1235 1308 1290 ταῦτα
1344 1236 1585 1306 ὀνόματα
1615 1235 1716 1304 τῆς
1759 1234 1862 1304 φύ-

267 1349 413 1394 σεως
465 1331 596 1386 ὄντα
639 1327 1077 1402 κατηγοροῦνταὶ
1129 1345 1263 1383 ποτε
1328 1327 1422 1380 καὶ
1463 1327 1573 1381 τῶν
1618 1326 1860 1382 ὑποστά-

268 1442 434 1481 σεων.

337 1603 744 1678 Κατηγορικῶς
777 1598 872 1658 οῦν
899 1603 964 1658 ἐκ
983 1603 1084 1672 τῆς
1115 1601 1333 1673 φύσεως
1362 1602 1582 1671 λέγεται
1613 1602 1709 1656 καὶ
1734 1601 1862 1666 Υἱὸς

264 1697 298 1751 ὁ
330 1697 476 1763 Θεός
496 1712 510 1726 ·
549 1697 646 1750 καὶ
676 1695 752 1760 ὡς
783 1693 879 1748 ἐπὶ
925 1693 987 1746 τὸ
1036 1693 1312 1773 πλεῖστον,
1338 1693 1510 1764 χωρὶς
1540 1692 1771 1764 ἄρθρου,
1813 1693 1862 1746 εἰ

271 1794 443 1862 μήπω
471 1789 763 1859 πρόκειται
788 1785 917 1858 περὶ
941 1783 1106 1838 αὑτοῦ
1129 1786 1158 1838 ὁ
1175 1785 1334 1854 λόγος
1362 1785 1547 1854 εξγοῦν
1571 1789 1604 1857 ἡ
1636 1786 1859 1856 φράσις.

1545 385 1642 448 DE
1684 385 2282 450 INCARNATIONE.
2352 426 2358 432 -

262 506 433 570 θεοῦ,
469 501 638 573 Σοφία
670 501 762 556 τοῦ
785 500 944 563 Θεοῦ,
975 499 1143 567 Λόγος
1174 497 1268 551 τοῦ
1299 495 1459 561 Θεοῦ,
1497 497 1734 567 Δύναμις
1757 496 1852 550 τοῦ

1967 497 2203 551 illorum.
2250 495 2414 551 Verbi
2447 497 2623 568 gratia
2667 514 2678 550 :

3422 389 3562 457 1609

2731 495 2906 554 Filius
2945 498 3065 563 Dei,
3111 497 3397 570 Sapientia
3439 504 3554 574 Dei,

1966 587 2210 644 Verbum
2246 589 2364 652 I)ei,
2395 588 2585 644 Virtus
2609 589 2726 656 Dei,
2751 592 3042 648 brachium
3072 591 3188 660 Dei,
3217 594 3415 652 dextra
3441 583 3563 656 Dei.

1962 681 2230 738 Similiter
2267 692 2321 740 et
2370 683 2612 756 Spiritus
2650 703 2664 742 :
2707 685 2953 758 Spiritus
2998 688 3127 756 Dei,
3188 691 3397 766 digitus
3435 693 3558 750 Dei.

1961 775 2042 832 Ad
2078 777 2299 831 Patrem
2365 777 2536 847 igitur
2593 779 2911 839 referuntur
2951 780 3092 851 (72);
3136 798 3245 837 non
3299 783 3459 840 Pater
3491 787 3560 842 ad

1965 869 2112 927 illos.
2154 870 2312 936 Quod
2383 872 2428 925 si
2485 887 2682 927 nomen
2728 873 2824 928 Dei
2879 874 3041 928 etiam
3101 874 3242 930 Filio
3285 879 3560 934 tributum

1963 954 2249 1024 reperias,
2303 961 2356 1008 et
2409 969 2606 1008 nomen
2671 953 2884 1012 Domini
2945 955 3094 1010 Patri
3152 967 3206 1012 et
3280 959 3559 1028 Spiritui,

1965 1046 2094 1100 item
2145 1061 2344 1100 nomen
2383 1045 2570 1100 Sancti
2605 1055 2660 1100 et
2695 1044 2948 1115 Spiritus,
2990 1047 3174 1118 Patri;
3217 1059 3278 1104 ut
3313 1052 3367 1106 in
3419 1055 3556 1110 illo:

1969 1155 1988 1186 ς
2021 1136 2260 1192 Sanctus
2305 1139 2549 1201 Deus"),
2611 1157 2650 1193 ›.
2682 1139 2773 1194 ubi
2828 1140 3178 1195 manifestum
3219 1153 3332 1210 est,
3380 1146 3559 1215 signi-

1967 1227 2118 1282 ﬁcari
2169 1227 2408 1290 Patrem,
2463 1237 2520 1281 et
2552 1229 2606 1282 iu
2645 1230 2740 1282 illo
2783 1247 2796 1282 :
2838 1249 2855 1280 ι
2894 1230 3137 1301 Spiritus
3163 1243 3246 1288 est
3277 1234 3422 1290 Deus
3453 1245 3500 1298 ιι,
3533 1254 3553 1288 ›

1964 1319 2188 1375 noveris
2236 1308 2448 1374 itth'el.
2485 1319 2539 1372 id
2593 1337 2768 1390 genus
2825 1323 2932 1377 alia
2971 1325 3190 1378 nomina
3242 1329 3310 1380 de
3358 1339 3559 1385 natura

1965 1410 2240 1466 enuntiari
2291 1412 2488 1476 solita,
2547 1413 2823 1468 enuntiari
2884 1416 3218 1488 quandoque
3259 1419 3429 1474 etiam
3489 1419 3560 1477 de

1965 1501 2381 1576 Itypostasihus.

2039 1594 2380 1668 Simpliciter
2420 1597 2592 1666 igitur
2640 1599 2714 1656 οἳ)
2773 1612 3026 1654 naturam
3079 1601 3290 1656 dicitur
3348 1602 3557 1669 Filius,

1967 1685 2110 1740 Deus
2137 1729 2151 1754 ,
2183 1697 2236 1742 et
2261 1689 2588 1760 plerumque
2610 1690 2731 1745 sine
2767 1692 3002 1746 articulo
3029 1709 3042 1758 ;
3072 1693 3180 1748 nisi
3207 1695 3408 1760 oratio,
3435 1711 3560 1766 quae

1967 1781 2275 1849 prtecessit,
2313 1781 2387 1836 sit
2429 1781 2498 1836 de
2543 1781 2665 1852 ipso
2714 1779 2874 1836 Filio.
2919 1784 3076 1840 Tunc
3122 1788 3268 1840 enim
3317 1786 3561 1844 refertur

263 1861 381 1936 καὶ
413 1880 719 1952 τηνικαῦτα
751 1876 1084 1948 ἀναφορικδν
1105 1877 1335 1948 γένηται
1358 1880 1436 1942 εἰς
1471 1879 1652 1942 αὑτὸν,
1680 1879 1755 1943 ὡς
1779 1880 1858 1944 εἰς

1967 1872 2237 1926 articulus
2269 1873 2336 1926 ad
2365 1871 2590 1936 Filium,
2632 1878 2895 1940 tanquam
2933 1874 2998 1928 ad
3029 1873 3141 1944 jam
3178 1877 3333 1946 prius
3361 1879 3559 1950 cogni-

263 1973 726 2046 προεγνωσμένον
757 1964 1069 2044 πρόσωπον,
1119 1969 1182 2022 τὸ
1245 1969 1468 2042 ἄρθρον,
1523 1972 1598 2034 ὡς
1627 1973 1740 2042 ἔχει
1773 1971 1854 2038 τὸ,

273 2085 292 2116 ι
345 2064 436 2129 Ἐξ
463 2059 536 2116 ἄν
562 2065 591 2116 ὁ
621 2061 857 2133 Χριστὸς
889 2059 949 2112 τὸ
975 2059 1119 2112 κατά
1150 2059 1348 2130 σάρκα,
1394 2079 1412 2112 ι
1448 2059 1541 2113 καί
1569 2077 1582 2091 υ
1629 2077 1649 2110 ι
1695 2059 1752 2111 Ὀ
1783 2057 1859 2112 ὢν

265 2158 364 2211 ἐπὶ
397 2159 615 2210 πάντων
649 2153 802 2217 Θεός.
843 2173 856 2206 ›
890 2156 1000 2208 Καὶ
1024 2153 1185 2208 τοῦτο
1207 2153 1263 2206 δὲ
1291 2153 1397 2224 χρὴ
1421 2152 1735 2221 γινώσκειν,
1774 2153 1858 2206 ὅτι

264 2251 421 2303 οἰδὲν
443 2250 551 2302 τῶν
590 2249 874 2320 ὀνομάτων
900 2248 1002 2318 τῆς
1034 2246 1228 2310 οὐσίας
1264 2245 1360 2299 τοῦ
1389 2245 1525 2298 Θεοῦ
1559 2246 1858 2317 δηλωτικόν

266 2345 445 2408 ἐστιν·
473 2341 664 2411 ὥσπερ
692 2340 789 2394 καὶ
814 2340 924 2394 τῶν
955 2339 1160 2394 λοιπῶν
1189 2337 1556 2411 πραγμάτιον.
1596 2337 1724 2390 Ἐὰν
1750 2337 1858 2409 γὰρ

265 2435 518 2505 εἴπωμεν
544 2433 714 2495 λίϐον,
753 2433 786 2504 ἢ
818 2433 1042 2505 χρυσὸν,
1078 2433 1110 2505 ἢ
1151 2430 1278 2502 βοῦν
1301 2471 1318 2498 ,
1349 2431 1382 2502 ἦ
1410 2431 1722 2500 ἄνθρωπον,
1761 2431 1860 2501 τὴν

265 2524 456 2577 οὐσίαν
487 2524 722 2576 ἑκάστου
750 2523 840 2578 διὰ
866 2522 962 2576 τοῦ
993 2522 1259 2594 ὀνόματος
1305 2520 1596 2592 δηλοῦμεν.
1649 2519 1773 2573 Ἐὰν
1803 2520 1860 2572 δὲ

267 2619 515 2684 εἴπωμεν
548 2615 702 2682 Θεὸν,
735 2615 770 2686 ἢ
819 2615 914 2668 καὶ
939 2613 1165 2685 Κύριον,
1205 2613 1240 2685 ἢ
1271 2613 1526 2674 Βασιλέα,
1557 2611 1857 2682 ἦΠατέρα,

265 2710 300 2779 ἦ
351 2708 553 2780 Υῐδν,ἧ
596 2705 983 2778 οἱονδηποτοῦν
1019 2707 1195 2776 ὄνομα
1231 2707 1326 2760 ἐπὶ
1353 2705 1514 2768 Θεοῦ,
1556 2705 1857 2778 ἐνέργειαν,

266 2802 300 2871 ἢ
345 2801 530 2869 σχέσιν
597 2797 968 2869 σημαίνομεν.
1024 2798 1160 2861 Θεδς
1219 2797 1319 2868 μὲν
1374 2796 1552 2868 γὰρῆ
1599 2799 1859 2867 ποιητὴς,

267 2890 557 2960 ἐνεργείας
582 2905 596 2920 ο
634 2889 901 2954 Βασιλεὺς
929 2888 1008 2954 δὲ,
1042 2891 1074 2960 ἢ
1112 2889 1414 2960 Δεσπότης.
1441 2889 1474 2959 ἢ
1502 2887 1712 2960 Πατὴρ,
1738 2887 1862 2958 σχέ-

207 3017 216 3023 -
270 2996 415 3040 σξως
447 2981 514 3035 ⁸⁸.

348 3106 386 3132 ”‘
425 3097 575 3154 Psal.
657 3111 842 3159 xcmt,
887 3095 919 3150 9
955 3104 1006 3149 et
1045 3097 1197 3149 alibi.
1273 3095 1485 3151 n.loan.
1514 3113 1589 3163 tv,
1627 3096 1719 3151 24.

1961 1973 2070 2018 tam
2114 1979 2405 2032 personam
2436 1980 2452 2031 ;
2512 1973 2573 2019 ut
2615 1965 2670 2020 in
2703 1965 2800 2019 illo
2834 1982 2847 2019 :
2885 1983 2904 2017 ι
2953 1965 3030 2020 Ex
3067 1968 3272 2038 quibus
3299 1969 3558 2026 Christus

1960 2057 2263 2112 Secundum
2290 2071 2510 2110 carnem
2536 2063 2583 2111 ο.
2636 2075 2655 2108 ι
2691 2056 2758 2111 Ει
2793 2075 2806 2110 :
2845 2075 2865 2108 ι
2911 2057 3014 2124 Qui
3056 2069 3141 2114 est
3175 2075 3342 2131 super
3370 2063 3558 2116 omnia

1960 2153 2105 2210 Deus
2146 2154 2472 2210 benedictus
2489 2163 2538 2208 ι’.
2566 2173 2585 2206 ι
2622 2153 2812 2228 Neque
2855 2154 2960 2209 hoc
3013 2155 3276 2224 ignorare
3315 2166 3555 2228 oportet,

1962 2249 2174 2302 nullum
2213 2261 2413 2302 nomen
2460 2247 2708 2302 divinam
2759 2247 3063 2303 essentiam
3105 2250 3418 2320 exprimere
3446 2291 3462 2318 ,
3497 2259 3558 2306 ut

1963 2335 2081 2390 ﬁeri
2128 2337 2268 2392 solet
2304 2335 2360 2390 in
2415 2335 2652 2390 aliarum
2701 2352 2888 2391 rerum
2929 2337 3274 2392 nominibus.
3309 2335 3365 2392 Si
3407 2341 3555 2395 enim

1960 2427 2315 2483 nominemus
2368 2427 2629 2497 lapidem,
2690 2441 2911 2492 aurum,
2967 2428 3196 2494 bovem,
3249 2429 3554 2495 hominem,

1967 2518 2332 2574 substantiam
2359 2518 2798 2590 uniuscujusque
2821 2520 3155 2576 indicamus.
3191 2523 3320 2576 Atsi
3349 2523 3416 2578 de
3446 2522 3558 2576 Deo

1971 2613 2228 2669 dicamus
2262 2630 2276 2667 :
2315 2611 2480 2678 Deus,
2510 2611 2799 2678 Dominus,
2833 2613 2974 2677 Rex,
3017 2611 3200 2676 Pater,
3236 2613 3430 2681 Filius,
3464 2624 3558 2670 aut

1965 2706 2114 2762 aliud
2139 2706 2443 2778 quidpiam,
2481 2705 2756 2761 actionem
2789 2707 2874 2762 vel
2924 2705 3302 2761 habitudinem
3345 2707 3558 2778 signiﬁ-

1966 2809 2180 2850 camus.
2220 2793 2364 2850 Deus
2411 2795 2558 2850 enim
2602 2795 2685 2850 vel
2745 2805 2998 2862 creator,
3034 2795 3258 2850 nomina
3301 2804 3431 2850 sunt
3462 2811 3559 2851 ac-

1966 2887 2172 2953 tionis;
2211 2885 2326 2942 Rex
2367 2899 2572 2953 autem,
2618 2887 2910 2954 Dominus,
2957 2889 3040 2943 vel
3096 2887 3292 2953 Pater,
3337 2887 3560 2944 habitu-

1970 2977 2133 3034 (linis.

1823 3106 1848 3132 ι’
1876 3095 2041 3152 Rom.
2077 3112 2156 3161 Ix,
2190 3095 2247 3152 5.
2323 3104 2351 3144 P
2387 3094 2521 3152 ibid.

1579 3215 1811 3299 vanus
1841 3214 2246 3274 LECTIONES.

374 3309 420 3340 ³³
453 3308 590 3364 alter
622 3306 692 3362 Μ.
730 3305 789 3362 5.
818 3307 1081 3377 σχέσεων.

360 3495 468 3567 (7‘2)
509 3496 624 3552 Nisi
671 3515 778 3570 qua
834 3497 1126 3554 relativum
1158 3493 1394 3550 refertur
1423 3491 1490 3549 ad
1529 3400 2289 3568 terminumlig’fp‘fincipium
2316 3489 2383 3551 a'd
2414 3495 2492 3563 id,
2523 3496 2670 3568 quod
2700 3514 2766 3554 ex
2796 3499 2941 3570 ipso.

280 3693 3554 3736 Μ

1068 3795 1883 4079 ΤΗΕΟΒΟΒΙ
1981 3864 2782 4002 ABUCAIUE

734 4126 902 4216 DE
1018 4123 1579 4219 UNIONE
1679 4125 1849 4215 ET
1957 4125 3114 4224 INCARNATIONE.

1167 4295 1467 4369 (GALLAND.
1515 4296 1626 4354 Vel.
1662 4295 1890 4353 Patrum
1914 4297 2173 4354 Biblioth.
2199 4296 2410 4368 LXIII,
2436 4314 2492 4370 p.
2526 4299 2678 4373 286.)

1867 4479 1939 4494 -η

278 4608 424 4685 Περὶ
469 4606 752 4685 ῥνώσεωςξ
803 4607 904 4664 καὶ
944 4605 1363 4685 ,σαρκῴοζεωςί
1407 4609 1508 4662 καὶ
1550 4608 1639 4685 ἱξτι
1686 4611 1725 4674 ἡ
1761 4608 1880 4685 μὲν
1905 4615 1950 4673 α
1987 4609 2066 4666 De
2108 4610 2304 4685 unione
2351 4619 2401 4685 et
2452 4612 2870 4685 incarnatione:
2901 4615 3144 4684 quodque
3181 4632 3410 4685 persona
3451 4623 3560 4678 sive

355 4681 700 4743 ὑπόστασις
729 4677 1064 4748 scrape/(bon,
1101 4682 1137 4746 ἡ
1171 4679 1234 4732 δὲ
1285 4679 1472 4747 φύσις
1520 4677 1631 4745 τῆς
1666 4684 1873 4744 θεότη-

353 4765 460 4815 τος
486 4749 687 4817 ἡτιτᾶιθη
715 4749 790 4816 τῇ
820 4752 1175 4820 ἀνθρωπίνῃ
1202 4751 1385 4819 φύσει
1417 4749 1488 4804 ἐν
1520 4749 1866 4805 ὑποστάσει

351 4822 460 4874 τοῦ
493 4821 644 4875 Θεοῦ
672 4822 890 4890 Λόγου.
1701 4831 1716 4842 ⁸

366 4931 432 4984 Ἦ
469 4931 566 5001 μὲν
600 4929 880 5000 σὰρκωσές
907 4931 1054 4985 ἐστιν
1081 4929 1516 5001 ἐνανθρὼπησις,
1539 4930 1634 4985 καὶ
1660 4932 1692 5002 ἡ
1720 4931 1872 4985 ὲναν·

283 5021 574 5094 Θρὼπησίς
627 5023 744 5076 ὲστι
797 5023 858 5076 τὺ
911 5023 1004 5076 τὸν
1049 5025 1553 5096 ἐνανορωπήσαντα
1587 5024 1872 5094 ἄνθρωπον

283 5114 704 5182 ἀπεργάσασθαι
722 5132 738 5148 ο
765 5115 824 5168 τὸ
847 5116 902 5169 δὲ
935 5117 1240 5187 ποιήσαντα
1260 5117 1350 5170 τὸν
1371 5117 1873 5189 ὲνανθρωπήσαντα

284 5203 596 5273 ἄνθρωπον,
627 5206 722 5258 ἐπὶ
754 5205 832 5277 τῷ
868 5208 1290 5278 κατηγορεῖσθαι
1322 5208 1414 5262 τὸν
1453 5209 1740 5280 ἄνθρωπον
1777 5205 1872 5262 τοῦ

286 5297 613 5368 ὲνανθρωπή
627 5316 832 5365 ταντος,
868 5301 963 5354 καὶ
984 5299 1240 5370 δέχεσθαι
1261 5303 1353 5354 τὸν
1379 5303 1877 5374 ἐνανθρωπήσαντα

287 5386 352 5440 τό
385 5405 446 5440 τε
478 5387 573 5440 τοῦ
606 5389 898 5460 ἀνθρώπου
931 5390 1102 5462 ὄνομα
1141 5393 1239 5446 καὶ
1271 5393 1364 5449 τὸν
1406 5395 1652 5465 ὁρισμὸν,
1688 5395 1880 5464 ὥσπερ

287 5479 400 5532 τῶν
423 5477 730 5550 ἀνθρώπων
761 5480 1013 5546 ἕκαστος.
1059 5483 1118 5536 '0
1163 5484 1220 5537 δὲ
1257 5483 1546 5554 ἄνθρωπος
1571 5487 1600 5539 ὁ
1643 5503 1884 5556 κατηγο·

293 5570 562 5643 ρούμενος
585 5571 804 5642 φύσεως
839 5573 1074 5646 ὑπάρχει
1105 5575 1274 5646 ὄνομα
1295 5618 1310 5641 ,
1343 5577 1438 5632 καὶ
1468 5579 1502 5649 ἡ
1537 5578 1701 5646 φύσις
1732 5576 1882 5631 ἐστὶν

2057 4683 2406 4738 subsistentia
2440 4683 2602 4752 fuerit
2655 4683 2979 4750 incuruata;
3019 4683 3200 4742 divina
3245 4700 3422 4745 autem
3462 4710 3562 4749 na-

2048 4762 2169 4808 tura
2194 4753 2443 4808 Itumanw
2481 4755 2658 4820 unita,
2689 4759 2743 4811 in
2774 4772 3001 4826 persona
3038 4757 3135 4814 Dei
3165 4761 3383 4830 Λόγου.

2048 4929 2370 4985 incarnatio
2421 4937 2507 4986 est
2560 4945 2850 4987 assumere
2903 4932 3342 4998 hurmuitatem,
3397 4945 3564 5008 atque

1977 5023 2094 5076 ha-c
2127 5024 2438 5092 assumptio
2475 5025 2843 5080 humanitatis
2873 5041 2997 5080 eum
3045 5026 3197 5082 sistit
3239 5027 3353 5097 jam
3386 5030 3566 5083 homi-

1978 5132 2126 5179 nem,
2158 5117 2254 5186 qui
2283 5117 2681 5171 humanitatem
2715 5119 3040 5188 assumpsit.
3082 5119 3276 5174 lstluec
3307 5136 3438 5176 vero
3475 5137 3563 5178 res

1979 5210 2238 5265 consiStit
2268 5210 2322 5263 in
2363 5225 2452 5274 eo,
2521 5217 2581 5265 ut
2620 5210 2715 5264 ille
2755 5211 2846 5281 qui
2901 5210 3300 5270 humanitatem
3345 5229 3564 5270 assum-

1981 5303 2112 5374 psit,
2163 5315 2327 5373 atquc
2359 5303 2524 5358 homo
2555 5303 2736 5360 factus
2783 5313 2888 5370 cst,
2924 5315 3188 5374 praeterea
3217 5309 3362 5376 quod
3401 5309 3566 5366 homo

1980 5395 2313 5465 praedicetur
2348 5397 2418 5450 de
2452 5413 2541 5462 eo,
2574 5397 2666 5463 qui
2701 5397 3096 5453 lmmauitatem
3124 5397 3176 5452 in
3205 5413 3266 5454 se
3295 5402 3566 5471 suscepit,

1984 5488 2123 5543 [erat
2147 5505 2368 5558 quoque
2405 5489 2648 5544 hominis
2689 5505 2889 5545 nomen
2919 5498 2971 5544 et
2996 5491 3398 5556 deﬁnitionem,
3443 5509 3566 5563 per-

1981 5581 2111 5635 inde
2143 5597 2205 5635 ac
2231 5581 2463 5651 quilibet
2504 5581 2740 5635 aliorum
2776 5581 3063 5636 hominum
3097 5600 3111 5636 :
3159 5583 3251 5652 qui
3299 5583 3568 5654 praedica-

292 5667 328 5735 ἡ
359 5665 819 5736 κατηγορουμένη
872 5667 972 5738 τῆς
1019 5668 1396 5733 ὑποστάσεως,
1456 5669 1582 5739 οὐχὶ
1633 5669 1690 5721 δὲ
1721 5667 1886 5739 φύσις
1984 5683 2072 5728 tur
2107 5673 2290 5734 homo,
2324 5681 2538 5726 natura?
2567 5680 2652 5726 est
2685 5673 2974 5738 terminus,
3007 5683 3319 5744 naturaque
3365 5675 3571 5745 νινε(ιί-

291 5757 438 5810 κατὰ
463 5756 698 5826 φύσεως.
724 5757 788 5810 Et
809 5757 966 5811 τοῦτο
990 5761 1174 5814 τοίνυν
1202 5759 1593 5833 ὁμολογοῦμεν,
1621 5760 1886 5825 ὡσαύτως
1985 5771 2146 5820 catur
2177 5763 2244 5819 de
2276 5763 2670 5828 subsistentia,
2716 5780 3065 5836 nequaquam
3125 5774 3305 5822 autem
3363 5779 3564 5826 natura

297 5848 412 5921 ἔχει
440 5848 686 5921 δηλονότι
717 5852 748 5922 ἡ
775 5851 1073 5916 ὑπόστασις
1101 5852 1650 5926 ήὲνανθρωπὴσασα,
1678 5851 1710 5926 ἢ
1739 5853 1768 5906 ὁ
1797 5853 1884 5908 ἀΐ-

1991 5857 2061 5914 de
2088 5865 2307 5914 natura.
2342 5856 2533 5927 igitur,
2591 5857 2637 5912 si
2688 5856 2988 5930 largiamur
3019 5858 3189 5928 istud,
3233 5861 3352 5934 pari
3402 5863 3567 5921 modo
