4000 6462
533 421 674 492 1603
1745 415 2143 478 THEODORI

2187 412 2563 475 ABUCARAE
3657 413 3763 478 1604

532 551 595 592 se
623 535 786 590 habet
815 531 1202 598 subsistentia,
1233 530 1350 586 sive
1399 543 1655 600 persona,
1707 545 1828 599 quae
1863 526 2118 581 Immani-

2236 528 2331 590 izoc
2359 526 2505 590 Υἱός.
2550 524 2610 577 '0
2639 523 2750 596 γὰρ
2775 524 2947 588 ἀΐδιος
2972 523 3122 588 Υἱὸς,
3147 522 3276 588 θεὶς
3297 524 3500 588 τέλειος
3526 524 3763 599 ὑπάρχων,

536 633 702 679 tatem
761 623 1087 693 assumpsit,
1147 630 1244 674 aut
1284 619 1457 674 Filius
1511 628 1776 674 aeternus.
1835 602 1934 673 llic
1971 619 2118 672 enim

537 713 811 784 perfectus
839 715 1115 768 exsistens
1144 710 1316 777 Dens,
1343 711 1506 764 homo
1533 709 1717 764 factus
1741 717 1827 764 est
1865 709 1984 762 sine
2015 708 2122 762 ulla

538 807 866 869 mutatione,
918 806 1085 875 inque
1117 819 1182 858 eo
1218 803 1338 874 ipso
1391 813 1476 858 est
1530 800 1812 874 perfectus
1869 799 2015 856 Deus
2069 808 2125 856 et

537 897 811 968 perfectus
835 898 1020 962 homo,
1052 895 1259 965 Deique
1290 910 1489 948 nomen
1523 893 1592 948 de
1635 894 1729 948 illo
1759 893 2120 964 praedicatur,

537 988 998 1058 quemadmodum
1032 989 1360 1057 praedicatur
1379 987 1446 1042 de
1473 987 1637 1043 Patre
1675 996 1730 1042 et
1756 986 1964 1057 Spiritu
1997 1002 2126 1041 san-

538 1091 628 1135 cto
657 1097 671 1135 :
706 1081 778 1134 ita
808 1081 974 1135 etiam
1009 1079 1251 1134 hominis
1282 1094 1480 1133 nomen
1536 1080 1604 1134 de
1635 1079 1756 1148 ipso
1789 1079 2035 1143 eﬂ‘ertur,
2069 1087 2129 1133 ut

559 1172 800 1226 solemus
841 1171 1036 1225 ellerre
1075 1173 1144 1225 de
1183 1186 1516 1241 quocunque
1544 1170 1765 1225 tandem
1818 1171 2126 1225 hominum.

543 1265 689 1319 Idem
719 1274 805 1320 est
837 1265 1041 1330 Filius,
1074 1273 1242 1334 atque
1277 1264 1420 1318 idem
1465 1263 1578 1333 ille,
1606 1263 1960 1330 incarnatus;
2003 1262 2128 1318 ideo

541 1363 724 1411 tamen
760 1372 871 1411 non
899 1355 1136 1411 dicimus
1167 1358 1415 1411 divinam
1455 1364 1715 1410 naturam
1762 1357 2131 1432 assumpsisse

539 1462 800 1513 carnem;
838 1447 1287 1518 quandoquidem
1321 1453 1431 1502 non
1458 1448 1587 1504 licet
1611 1449 1677 1503 de
1728 1450 1848 1521 ipsa
1878 1450 2042 1504 homo
2072 1459 2132 1504 ut

543 1539 873 1608 praedicetur
902 1538 1020 1594 sive
1066 1540 1229 1594 etiam
1284 1539 1524 1594 humana
1573 1550 1797 1607 natura,
1831 1548 1891 1596 ut
1922 1540 2132 1612 praal'ati

541 1646 758 1694 sumus,
801 1631 1048 1685 dicentes
1100 1631 1245 1700 quod
1295 1642 1488 1685 natura
1536 1632 1605 1686 de
1672 1640 1870 1687 natura
1906 1634 2132 1691 omnino

545 1736 652 1777 non
688 1723 1042 1791 praedicatur,
1077 1737 1412 1792 quocunque
1440 1721 1677 1795 denique
1716 1732 1997 1794 respectu.

618 1857 710 1913 Sic
739 1857 931 1928 itaque
952 1865 1332 1928 comparatum
1383 1866 1470 1914 est
1500 1872 1626 1914 cum
1668 1873 1910 1930 persona
1937 1857 2131 1914 aeterni

545 1950 694 2014 Filii,
729 1957 787 2003 ut
815 1948 1067 2019 exemplo
1091 1963 1207 2002 rem
1227 1948 1610 2016 ostendamus,
1642 1948 1803 2019 quasi
1826 1962 1950 2004 cum
1972 1962 2138 2003 amne

545 2041 800 2107 torrenti,
832 2041 926 2111 qui
971 2040 1196 2094 ﬂumina
1231 2040 1341 2096 duo
1387 2041 1614 2112 accipit,
1654 2040 1983 2110 ,diciturque
2015 2047 2133 2095 tor-

545 2151 676 2191 rens
736 2135 949 2203 cepisse
1007 2133 1099 2187 illa
1129 2133 1240 2188 duo
1286 2133 1540 2200 ﬂumina,
1599 2142 1798 2188 neutro
1845 2133 2132 2186 {luminum

545 2227 748 2282 ﬂumen
790 2227 1150 2282 absorbente.
1182 2225 1266 2279 Ad
1297 2225 1446 2280 hunc
1481 2224 1706 2280 modum
1757 2232 1998 2280 a-ternus
2042 2223 2133 2279 Fi-

548 2320 655 2372 lius
687 2317 778 2372 Dei
815 2332 1014 2372 nomen
1052 2325 1234 2387 portat
1265 2327 1318 2372 et
1347 2317 1761 2377 deﬁninionem,
1796 2316 1909 2370 Deo
1933 2332 2138 2386 nequa-

547 2426 715 2480 quam
750 2411 805 2463 in
835 2425 895 2465 se
924 2409 1225 2479 recipiente
1263 2423 1463 2464 nomen
1497 2409 1584 2464 vel
1614 2408 1991 2462 deﬁnitionem
2034 2408 2130 2462 ho-

549 2503 739 2568 minis,
772 2503 850 2556 uti
895 2517 997 2555 nee
1040 2503 1207 2555 homo
1244 2502 1394 2570 capit
1443 2510 1540 2554 aut
1573 2515 1772 2555 nomen
1797 2509 1891 2554 aut
1937 2498 2136 2553 delini-

552 2599 758 2650 tionem
797 2593 918 2648 Dei.
950 2591 1150 2647 Verum
1181 2607 1416 2662 persona
1467 2593 1658 2646 aeterni
1697 2590 1848 2655 Filii,
1899 2591 2133 2646 duarum

551 2695 903 2753 naturarum,
934 2685 1157 2751 divinat,
1187 2686 1437 2755 inquam,
1486 2693 1542 2738 et
1580 2684 1857 2748 humanae,
1899 2683 2138 2753 perfecte

551 2779 824 2848 planeque
875 2777 1077 2848 recipit
1129 2791 1326 2831 nomen
1372 2786 1426 2831 et
1477 2774 1850 2832 definitionem
1883 2793 1896 2830 :
1931 2779 2136 2846 itaque,

553 2872 680 2924 licet
711 2870 964 2924 dicamus
1014 2867 1163 2939 quod
1199 2869 1363 2924 homo
1392 2867 1541 2925 Deus
1568 2869 1640 2924 sit
1680 2869 1880 2932 factus,
1913 2883 2023 2924 non
2054 2867 2140 2923 di-

552 2964 732 3017 cimus
769 2963 973 3017 factum
1009 2977 1134 3017 esse
1182 2962 1373 3026 Deum,
1422 2963 1583 3032 quasi
1629 2961 1796 3017 homo
1839 2975 2040 3016 nomen
2085 2969 2141 3016 et

551 3053 926 3108 deﬁnitionem
992 3053 1091 3107 Dei
1151 3054 1480 3123 susceperit.
1538 3054 1596 3110 Si
1656 3053 1802 3109 enim
1856 3053 1931 3108 ita
1975 3052 2138 3121 foret,

550 3145 800 3210 ejusdem
862 3145 1188 3208 substantia:
1240 3151 1388 3200 esset
1432 3159 1556 3200 cum
1612 3145 1777 3201 Patre
1822 3154 1880 3201 et
1929 3146 2139 3217 Spiritu

552 3247 774 3305 saneto,
808 3254 917 3293 non
960 3252 1124 3295 secus
1163 3246 1330 3306 atque
1379 3245 1620 3293 aaternus
1651 3237 1848 3306 Filius,
1879 3240 1974 3310 qui
2009 3254 2140 3295 caro

555 3332 735 3385 factus
774 3340 878 3393 est,
935 3329 1189 3400 ejusdem
1248 3343 1376 3384 cum
1409 3329 1600 3385 nobis
1649 3338 1733 3385 est
1795 3332 2136 3387 substantiae.

556 3423 747 3492 Atqui,
780 3437 851 3476 ne
873 3423 1160 3478 commode
1188 3421 1416 3492 quidem
1461 3429 1646 3492 potest
1677 3424 1828 3494 tingi,
1863 3424 2140 3480 hominem

555 3515 758 3571 habere
794 3513 1040 3569 eamdem
1074 3514 1463 3582 substantiam,
1518 3529 1682 3583 quam
1737 3515 1937 3571 habent
1981 3515 2147 3571 Pater

554 3615 612 3660 et
641 3603 885 3676 Spiritus
936 3615 1210 3662 sanctus:
1262 3608 1605 3677 ca‘teroquin
1667 3607 1769 3663 hoc
1819 3618 1981 3679 pacto
2030 3611 2145 3680 ipse

552 3703 722 3755 homo
767 3706 914 3754 esset
959 3714 1218 3769 persona,
1274 3713 1338 3754 ac
1382 3699 1571 3755 divina
1622 3711 1819 3755 natura
1855 3703 1903 3757 ei
1939 3701 2145 3758 inesset

556 3803 656 3859 pro
686 3789 1071 3856 subsistentia,
1127 3799 1184 3844 et
1216 3791 1489 3845 exhausta
1517 3791 1587 3845 ab
1626 3791 1772 3862 ipso,
1806 3799 1863 3846 et
1903 3805 2147 3850 moveret

557 3885 721 3937 homo
753 3881 1036 3936 deitatem.
1071 3881 1634 3937 Animadvertendum
1667 3883 1837 3938 etiam
1860 3883 2005 3942 istud
2038 3895 2144 3952 est,

553 3971 705 4043 quod
747 3971 884 4026 nihil
921 3972 1183 4038 absolute
1237 3973 1569 4043 praedicetur
1600 3975 1668 4029 de
1702 3974 1892 4030 divina
1923 3987 2142 4045 natura,

551 4065 702 4136 quod
741 4080 849 4120 non
896 4065 1188 4135 aequaliter
1236 4065 1498 4120 eﬂ‘eratur
1545 4066 1613 4122 de
1661 4065 1845 4134 Patre,
1897 4067 2058 4134 Filio,
2095 4081 2149 4126 et

557 4156 769 4227 Spiritu
823 4165 1015 4211 sant-to
1062 4173 1077 4212 :
1127 4157 1364 4227 exempli
1414 4170 1607 4224 causa,
1659 4159 1794 4225 vita,
1859 4159 1975 4224 lux,
2027 4162 2149 4216 sine

555 4250 853 4322 principio,
890 4249 1279 4316 immutabilis,
1328 4252 1526 4321 hisque
1575 4253 1802 4317 similia,
1862 4254 1930 4310 de
1961 4253 2145 4321 Patro,

555 4341 721 4408 Filio,
744 4350 798 4396 et
829 4339 1039 4412 Spiritu
1070 4351 1264 4398 sancto
1295 4343 1695 4413 praedicantur.
1737 4343 1794 4399 Si
1827 4344 1942 4414 jam
1966 4346 2035 4402 de
2065 4345 2148 4400 di-

558 4424 686 4490 vina
755 4444 954 4490 natura
1003 4435 1402 4506 praedicaretur
1455 4437 1801 4507 incarnatio;
1859 4439 1927 4495 de
1986 4438 2150 4497 Patre

557 4542 778 4599 quoque
802 4539 857 4584 et
891 4527 1103 4599 Spiritu
1137 4539 1353 4595 sancto,
1396 4544 1551 4600 aeque
1591 4545 1654 4585 ac
1686 4530 1800 4595 illa,
1831 4547 1956 4601 qua:
1984 4535 2148 4588 modo

557 4619 915 4684 adduximus,
967 4618 1424 4690 praedicarentur.
1460 4621 1662 4677 Verum
1719 4623 1867 4678 istud
1923 4623 2144 4694 quidem

555 4716 642 4761 est
671 4706 1095 4779 perabsurdum,
1122 4715 1177 4762 et
1216 4709 1402 4763 tenuis
1443 4711 1759 4764 mortalium
1793 4713 2006 4782 species
2047 4713 2148 4766 ali-

554 4811 668 4865 qua
701 4797 898 4852 mentis
930 4807 985 4851 et
1014 4799 1144 4852 caeci
1177 4801 1439 4869 pectoris,
1477 4817 1764 4874 nunquam
1797 4820 1864 4859 ex
1903 4821 1998 4861 ore
2024 4821 2150 4877 pro-

559 4887 786 4942 terenda
815 4904 830 4943 :
862 4887 965 4941 hoc
991 4896 1095 4952 est,
1127 4904 1291 4946 nemo
1309 4891 1530 4960 dixerit,
1563 4895 1781 4952 Patrem
1804 4904 1859 4952 et
1881 4895 2148 4969 Spiritum

563 4989 821 5038 Sanctum
851 4977 1025 5037 fuisse
1057 4983 1396 5040 incarnatus.

638 5137 740 5194 Ubi
770 5151 906 5192 vero
951 5139 1168 5209 inquiat
1202 5154 1315 5195 non
1345 5154 1530 5207 nemo,
1558 5141 1706 5213 quod
1760 5145 1945 5198 omnia
1982 5145 2154 5200 abso-

566 5234 678 5288 lute
707 5231 766 5287 et
790 5232 1056 5302 primario
1083 5231 1152 5287 de
1177 5248 1414 5304 persona
1458 5235 1778 5306 prazdicata,
1837 5236 2152 5294 referantur

567 5325 900 5379 secundario
957 5325 1126 5379 etiam
1176 5326 1243 5380 ad
1286 5335 1541 5381 naturam
1579 5345 1593 5385 :
1632 5329 1713 5383 sic
1767 5339 2056 5400 postquam
2085 5333 2152 5385 de

566 5426 776 5474 interno
811 5415 975 5482 Filio,
1001 5417 1094 5487 qui
1126 5432 1359 5487 persona
1389 5427 1475 5476 est
1506 5421 1874 5476 sanctissima:
1910 5419 2149 5476 Trinita-

567 5512 659 5573 tis,
693 5509 1025 5581 praedicetur
1077 5510 1403 5577 incarnatio,
1448 5514 1698 5582 proxime
1745 5531 1966 5585 quoque
1998 5515 2148 5569 refe-

567 5605 794 5658 rendam
811 5618 940 5658 esse
965 5604 1398 5660 incarnationem
1419 5608 1484 5660 de
1502 5621 1739 5676 persona
1763 5609 1830 5676 ad
1855 5617 2110 5662 naturain
2133 5623 2148 5659 ι

568 5697 693 5750 talis
752 5695 917 5749 homo
983 5696 1279 5768 intelligat,
1333 5698 1481 5769 quod
1516 5714 1603 5762 ea,
1661 5715 1782 5770 quae
1837 5700 2154 5755 inferuntur

563 5786 900 5848 secundario
941 5803 970 5842 a
1003 5803 1238 5859 persona
1265 5791 1330 5845 ad
1385 5802 1661 5855 naturam,
1717 5794 1890 5848 multo
1947 5804 2074 5846 ante
2100 5793 2151 5845 in

567 5885 766 5934 natura
816 5881 1148 5935 exstiterunt
1205 5882 1474 5952 potentia,
1519 5882 1718 5938 deinde
1750 5899 1988 5955 persona
2025 5895 2150 5938 actu

2222 617 2451 685 γέγονεν
2485 614 2774 687 ἄνθρωπος
2804 617 3016 688 τροπῆς
3040 615 3218 678 ἐκτὸς,
3254 614 3346 668 καὶ
3375 615 3520 668 ἔστιν
3551 619 3602 669 ὲν
3621 621 3767 690 ταυτῷ

2223 707 2356 772 Θεὸς
2378 707 2590 772 τέλειος
2617 708 2712 760 καὶ
2745 707 3034 780 ἄνθρωπος
3072 708 3300 772 τέλειος,
3347 707 3445 760 καὶ
3490 716 3770 781 κατηγορεῖ-

2225 815 2314 852 ται
2343 797 2510 851 αὐτοῦ
2537 799 2595 851 τὸ
2625 799 2773 864 υεός
2797 798 2994 868 ὄνομα,
3026 795 3212 861 καθὼς
3243 799 3336 850 καὶ
3359 795 3456 850 τοῦ
3489 797 3682 868 Πατρὸς
3700 804 3773 854 καὶ

2225 891 2320 944 τοῦ
2352 891 2700 962 Πνεύματος,
2748 892 2846 945 καὶ
2883 891 2945 944 τὸ
2971 891 3260 963 ἄνθρωπος
3299 889 3462 944 πάλιν
3490 891 3658 956 καθὼς
3676 895 3776 946 Exi-

2203 1007 2214 1020 ·-
2228 1000 2356 1036 στου
2388 983 2499 1036 τῶν
2530 982 2737 1036 λοιπῶν
2771 983 3102 1056 ἀνθρώπων.
3133 985 3242 1038 Καὶ
3263 983 3414 1037 ἔστιν
3443 986 3472 1038 ὁ
3501 985 3652 1052 αὐτὸς
3678 989 3775 1054 Tib;

2228 1075 2324 1127 xui.
2355 1075 2778 1145 σεσαρκωμένος
2797 1091 2810 1104 ·
2844 1077 2876 1146 ἡ
2902 1075 2959 1128 δὲ
2983 1075 3103 1129 θεῖα
3134 1075 3295 1145 φύσις
3327 1075 3416 1128 διὰ
3433 1075 3586 1128 τοῦτο
3616 1094 3767 1150 σεσαρ-

2229 1167 2445 1221 κῶσθαι
2481 1167 2542 1220 οὑ
2570 1167 2829 1234 λέγεται,
2873 1167 3067 1238 ἐπειδὴ
3111 1169 3212 1220 οὑκ
3243 1168 3522 1238 ἐνδέχεται
3579 1185 3774 1237 κατηγο.

2233 1259 2449 1329 ρεῖσθαι
2485 1258 2657 1330 αὐτῆς
2684 1260 2775 1310 τὸν
2804 1257 3116 1330 ἄνθρωπον,
3154 1257 3253 1313 εἰτ’
3296 1253 3393 1312 οὗν
3427 1260 3524 1328 τὴν
3550 1259 3778 1330 ἀνθρωπεία

2230 1366 2330 1421 νην
2356 1349 2540 1419 φύσιν,
2566 1349 2642 1412 ὡς
2666 1348 2936 1419 ἐφθημεν,
2973 1351 3276 1421 εἰρηκότες,
3313 1349 3394 1403 ὅτι
3420 1349 3632 1418 φύσεως
3655 1350 3778 1420 φύσις

2231 1443 2292 1495 οὑ
2333 1443 2726 1512 κατηγορεῖται
2762 1442 3042 1509 παντελῶς
3069 1482 3084 1510 ,
3136 1443 3262 1502 οὑδὲ
3315 1441 3444 1496 καθ’
3472 1437 3581 1496 οἷον
3621 1443 3780 1514 δήποτε

2231 1540 2457 1612 τρόπον.

2305 1853 2538 1922 Γέγονεν
2567 1847 2683 1918 οὗν,
2709 1853 2788 1917 ὡς
2816 1854 2875 1906 ὲν
2905 1851 3274 1922 ὑποδείγματι
3296 1851 3490 1921 φάναι,
3526 1851 3560 1922 ἡ
3589 1851 3779 1906 61:63::-

2165 1921 2208 1976 Β
2238 1964 2324 2012 σις
2351 1921 2447 2000 τοῦ
2475 1947 2649 2000 ἀϊδίου
2708 1946 2863 2012 Υίυῦ,
2915 1945 3188 2017 καθάπερ
3219 1963 3306 2010 τις
3349 1921 3675 2016 χειμάρρους
3712 1947 3780 2000 δύο

2234 2040 2390 2104 τινὰς
2421 2038 2704 2109 ποταμοὺς
2734 2038 3044 2110 δεχόμενος,
3075 2039 3173 2092 καὶ
3195 2038 3421 2107 λέγεται
3450 2037 3681 2101 δεκτικὸς
3699 2039 3779 2090 τῶν

2234 2132 2328 2186 δύο
2355 2132 2618 2203 ποταμῶν
2661 2126 2803 2185 εἶναι
2837 2134 2867 2186 ὁ
2890 2133 3250 2206 χειμάρρους,
3287 2131 3553 2200 ἐκατέρου
3581 2130 3780 2201 ποταμοῦ

2240 2225 2314 2295 μὴ
2343 2223 2734 2295 ἐπιδεχομένου
2765 2223 2856 2276 τὸν
2887 2223 3100 2294 ἕτερον.
3127 2221 3332 2276 Τοῦτον
3364 2221 3432 2293 δὴ
3460 2221 3553 2274 τὸν
3579 2222 3781 2291 τρόπονὸ

2235 2319 2408 2382 ἀΐδιος
2459 2318 2590 2382 Υἱὸς
2642 2319 2861 2390 δέχεται
2911 2317 2974 2372 τδ
2999 2318 3094 2373 τοῦ
3143 2318 3286 2372 Θεοῦ
3326 2317 3507 2388 δνομά
3530 2332 3590 2369 τε
3615 2314 3779 2368 καὶτὸν

2235 2416 2385 2483 ὅρον,
2408 2411 2503 2466 τοῦ
2523 2411 2660 2467 Θεοῦ
2692 2411 2961 2484 μηδαμῶς
2983 2413 3372 2483 ἐπιδεχομένου
3401 2411 3463 2465 τὸ
3485 2409 3651 2480 ὄνομα
3670 2410 3697 2480 ἢ
3717 2410 3780 2462 τὶν

2236 2507 2361 2577 ὅρον
2389 2505 2483 2559 τοῦ
2519 2504 2831 2578 ἀνθρώπου,
2868 2506 2991 2578 μηδ’
3023 2506 3090 2560 ἂν
3125 2505 3223 2559 τοῦ
3251 2502 3546 2576 ἀνθρώπου
3567 2504 3624 2556 τὸ
3648 2503 3779 2572 δνομι

2237 2601 2271 2672 ἢ
2312 2601 2405 2654 τὸν
2432 2602 2559 2672 ὅρον
2587 2598 2680 2653 τοῦ
2707 2598 2844 2653 Θεοῦ
2871 2599 3282 2671 ἐπιδεχομένου.
3325 2597 3470 2654 Ἀλλ’
3511 2601 3544 2670 ἡ
3587 2598 3778 2650 ὑπόστα-

2241 2713 2326 2759 σις
2353 2695 2448 2747 τοῦ
2476 2694 2650 2749 ἀϊδίου
2689 2693 2820 2747 Υἰοῦ
2848 2693 3160 2763 ἐπιδέχεται
3191 2691 3304 2746 τῶν
3327 2690 3426 2746 δύο
3451 2690 3672 2760 φύσεων,
3690 2688 3779 2741 θεόη

2238 2785 2405 2856 τητός
2435 2786 2496 2840 τέ
2544 2802 2690 2857 φημι
2734 2785 2830 2840 καὶ⁵
2874 2782 3644 2856 ἀνθρωπὸτητος,ἀνελλιπῶς
3673 2781 3726 2835 τό
3740 2798 3781 2833 τε

2240 2875 2411 2947 ὄνομα
2439 2876 2534 2930 καὶ⁵
2558 2877 2650 2929 τὸν
2682 2878 2812 2949 ὅρον
2832 2892 2846 2909 ο
2878 2875 2974 2940 ὡς,
3001 2877 3052 2930 ει
3094 2876 3191 2931 καὶ
3226 2876 3452 2944 λέγεται
3490 2877 3518 2929 ὀ
3545 2873 3782 2943 ἄνθρωπος

2239 2969 2563 3051 τεθεῷσθαι,
2608 2970 2708 3041 οὑχ
2735 2969 2812 3036 ὡς
2839 2969 2935 3025 τοῦ
2965 2970 3258 3042 ἀνθρώπου
3299 2971 3365 3024 τὸ
3407 2969 3577 3042 ὄνομα
3616 2970 3696 3024 καὶ
3717 2969 3783 3020 τὸν

2239 3064 2470 3136 ὁρισμὸν
2493 3062 2589 3117 τοῦ
2619 3062 2757 3117 Θεοῦ
2787 3061 3183 3134 ἐπιδεξαμένου
3239 3062 3464 3133 λέγεται
3511 3060 3778 3116 τεθεῶσθαι.

2242 3154 2305 3208 Ei
2337 3150 2554 3228 γὰρ’ἧν
2601 3154 2797 3221 οὕτως,
2842 3156 3132 3228 ὀμοούσιος
3179 3155 3247 3210 ἂν
3295 3156 3512 3227 ὑπῆρχε
3549 3155 3621 3225 τῷ
3649 3154 3781 3222 [largi

2168 3267 2210 3326 ο
2243 3253 2339 3306 καὶ
2392 3251 2472 3322 τῷ
2508 3250 2819 3324 Πνεύματι,
2857 3250 3042 3314 καθὼς
3073 3252 3103 3306 ὁ
3141 3249 3312 3315 ἀΐδιος
3362 3251 3494 3315 Υῑδς
3533 3248 3780 3320 σαρκωθεῑς

2243 3344 2469 3414 γέγονεν
2499 3345 2636 3414 ἡμῖν
2661 3346 2968 3415 ὁμοούσιος.
2992 3343 3105 3397 Καὶ
3133 3343 3294 3398 τοῦτο
3346 3344 3474 3400 οὐδὲ
3503 3343 3686 3398 πλάσαι
3709 3342 3779 3412 ῥᾴ-

2243 3439 2376 3507 διον,
2415 3438 2477 3492 τὸ
2505 3437 2689 3508 λέγειν
2713 3437 2795 3490 ὅτι
2827 3435 3121 3508 ὁμοούσιος
3152 3435 3231 3507 τῷ
3253 3436 3438 3508 Πατρὶ
3469 3437 3557 3491 καὶ
3578 3435 3645 3506 τῷ
3660 3431 3778 3488 live-5-

2249 3549 2379 3602 ματι
2406 3531 2434 3584 δ
2463 3531 2782 3604 ἄνθρωπος’
2829 3529 3005 3594 ἄλλως
3034 3545 3117 3593 τε,
3160 3530 3212 3584 εί
3253 3524 3322 3602 ἦν
3347 3529 3545 3594 οὕτως,
3572 3529 3708 3589 αὐτὸς
3733 3525 3778 3578 ἂν

2245 3625 2273 3675 ὁ
2297 3621 2586 3692 ἄνθρωπος
2615 3620 2863 3691 ὑπῆρχεν
2883 3621 2918 3690 ἡ
2954 3620 3272 3684 ὑπόστασις,
3297 3619 3396 3674 καὶ
3425 3615 3493 3690 ἦν
3522 3620 3553 3690 η
3580 3619 3681 3672 θεία
3705 3617 3777 3685 φύε

2249 3732 2333 3781 σις
2364 3714 2729 3777 ὲνυπόστατος
2757 3712 2907 3784 αὑτῷ
2940 3713 3037 3766 καὶ
3063 3712 3370 3785 κενουμένη
3396 3714 3489 3771 ὑπ’
3523 3711 3689 3772 αὑτοῦ.
3714 3709 3779 3763 καὶ

2245 3803 2316 3881 ἦν
2343 3809 2372 3861 δ
2407 3807 2694 3878 ἄνθρωπος
2714 3806 2742 3858 δ
2770 3805 2938 3859 κινῶν
2974 3805 3074 3878 τὴν
3110 3804 3360 3876 θεότητα.
3411 3805 3600 3860 ’ἰστέον
3633 3803 3682 3857 δὲ
3713 3801 3778 3854 καὶ

2245 3900 2425 3966 τοῦτο,
2453 3900 2531 3965 ὡς
2555 3900 2656 3953 οὐκ
2683 3897 2800 3952 ἐστι
2825 3899 2926 3969 τῆς
2963 3899 3116 3962 θείας
3139 3898 3430 3963 ἀπολύτως
3452 3899 3571 3972 (sic)
3597 3912 3779 3966 κατηγο-

2248 3993 2450 4066 ροῦσαν
2486 3996 2724 4062 φύσεως,
2755 3991 2782 4045 δ
2820 3991 2896 4063 μὴ
2933 3992 3029 4046 τοῦ
3063 3993 3278 4064 Πατρδς
3318 3993 3416 4048 καὶ
3453 3993 3543 4047 τοῦ
3577 3989 3688 4046 Υίοῦ
3713 3989 3778 4042 καὶ

2245 4087 2340 4142 τοῦ
2384 4087 2550 4157 ἁγίου.
2606 4085 2928 4156 Πνεύματος
2985 4086 3184 4158 ἐπίσης
3236 4087 3656 4160 κατηγορεῖται·
3696 4076 3779 4135 οἷον

2248 4182 2382 4255 φέρε
2415 4186 2613 4250 εἰπεῖν,
2639 4184 2777 4256 ζωὴ,
2831 4185 2927 4239 καὶ
2961 4184 3100 4254 φῶς,
3137 4185 3232 4239 καὶ
3265 4183 3526 4258 ἄναρχος,
3551 4183 3635 4238 καὶ
3651 4179 3778 4235 ἀναλ-

2247 4277 2490 4341 λοίωτος,
2524 4277 2618 4331 καὶ
2653 4279 2722 4332 τά
2760 4276 2973 4344 τούτοις
3017 4277 3295 4348 συγγενῆ,
3337 4276 3436 4331 τοῦ
3477 4267 3668 4346 Πατρδς
3709 4272 3777 4326 καὶ

2245 4369 2339 4422 τοῦ
2371 4369 2498 4422 Υίοῦ
2530 4370 2626 4424 καὶ
2643 4369 2738 4424 τοῦ
2777 4370 2936 4438 ἁγίου
2964 4369 3286 4440 Πνεύματος
3330 4371 3706 4442 κατηγορεῖται.
3731 4365 3776 4416 El

2245 4457 2341 4514 οὖν
2363 4460 2396 4530 ἡ
2422 4461 2704 4532 σάρκωσις
2729 4460 2830 4531 τῆς
2858 4459 3010 4524 θείας
3043 4459 3263 4528 φύσεως
3313 4461 3678 4531 κατηγορεῖτο,
3707 4453 3775 4508 καὶ

2248 4552 2343 4606 τοῦ
2385 4553 2600 4623 Πατρδς
2627 4552 2726 4606 καὶ
2755 4551 2850 4605 τοῦ
2886 4551 3019 4606 Υίοῦ
3067 4552 3163 4607 καὶ
3193 4551 3293 4607 τοῦ
3326 4553 3488 4623 ἁγίου
3517 4549 3772 4620 Πνεύματος

2249 4648 2632 4716 κατηγορεῖτο,
2649 4643 2836 4709 καθὼς
2859 4647 2954 4701 καὶ
2977 4646 3049 4699 τά
3066 4647 3466 4719 προειρημένα.
3500 4645 3640 4700 Ἀλλά
3656 4639 3772 4696 τοῦτο

2249 4737 2433 4809 πάσης
2466 4737 2697 4801 ἀτοπίας
2739 4737 3048 4808 ἀνάμεστον
3091 4739 3186 4792 καὶ
3243 4740 3405 4810 μόνον
3431 4735 3770 4809 φανταζόμενον

2251 4831 2394 4884 κατὰ
2422 4829 2587 4901 ψιὶὴν
2627 4830 2900 4895 ἐπίνοιαν,
2939 4830 3014 4902 μὴ
3048 4830 3129 4885 ὃτι
3175 4831 3272 4885 καὶ
3321 4830 3624 4901 λεγόμενον,
3653 4839 3767 4876 τουτ-

2250 4920 2391 4984 έστι,
2443 4921 2506 4974 τὸ
2561 4921 2741 4988 λέγειν
2800 4919 3188 4992 σεσῳκῶσθαι
3239 4921 3331 4976 τὸν
3379 4920 3591 4991 Πατέρα
3632 4914 3706 4969 καὶ
3727 4911 3768 4962 τὸ

2252 5011 2479 5084 Πνεῦμα
2508 5011 2570 5066 τὸ
2595 5011 2771 5082 ἅγιον.

2177 4618 2224 4675 D

2323 5148 2386 5202 Εἰ
2411 5147 2466 5201 δέ
2495 5165 2578 5213 τις
2613 5147 2772 5219 φαίη,
2804 5149 2887 5203 ὅτι
2918 5149 3097 5204 πάντα
3119 5149 3189 5204 τὰ
3216 5149 3646 5223 κατηγορούμενα
3670 5144 3766 5196 ἀπο·

2250 5241 2428 5305 λύτως
2468 5241 2502 5313 ἢ
2534 5241 2740 5311 κυρίως
2779 5241 2880 5312 τῆς
2909 5242 3284 5308 ὑποστάσεως,
3332 5243 3640 5313 ἀναφέρεται
3662 5231 3766 5288 κατὰ

2251 5332 2506 5404 δεύτερον
2551 5332 2710 5402 λόγον
2745 5333 2837 5387 καὶ
2875 5335 2971 5387 ἐπὶ
3014 5334 3112 5406 τὴν
3152 5336 3336 5404 φύσιν,
3397 5337 3489 5390 καὶ
3522 5329 3678 5397 ἐπειδὴ
3697 5322 3764 5378 τού

2253 5425 2426 5480 ἀϊδίου
2474 5425 2627 5490 Υἰοῦ,
2672 5425 3021 5490 ὑποστάσεως
3063 5427 3212 5490 ὄντος
3265 5431 3330 5482 ὲκ
3371 5428 3466 5500 τῆς
3519 5421 3764 5478 πανσὲπτου

2255 5514 2504 5587 Τριάδος,
2576 5517 2969 5586 κατηγορεῖται
3029 5516 3062 5586 ἡ
3127 5516 3425 5586 σάρκωσις,
3483 5504 3765 5582 ἀνσφερέσυω

2255 5606 2362 5659 ἀπὸ
2403 5607 2503 5677 τῆς
2546 5607 2904 5670 ὑποστάσεως
2955 5606 3046 5659 ἐπὶ
3079 5606 3177 5678 τὴν
3209 5605 3371 5678 φύσιν
3399 5606 3530 5662 κατά
3568 5600 3764 5658 δεύτερον

2255 5699 2411 5766 λόγον
2443 5715 2454 5727 ·
2496 5698 2630 5751 ἵστω
2658 5699 2685 5749 ὁ
2734 5697 2998 5761 τοιοῦτος,
3046 5698 3128 5752 ὅτι
3171 5701 3239 5753 τὰ
3289 5697 3637 5769 ἀναφερόμενα
3664 5688 3763 5736 νά·τά

2255 5792 2505 5861 δεύτερον
2535 5792 2696 5859 λόγον
2725 5791 2833 5844 ἀπὸ
2864 5790 2963 5858 τῆς
3010 5791 3364 5854 ὑποστάσεως
3396 5792 3484 5842 ἐπὶ
3510 5786 3592 5858 τὴν
3621 5779 3758 5850 φάσιν,

2259 5881 2428 5934 ταῦτα
2470 5879 2605 5936 πολὺ
2639 5880 2906 5950 πρότερον
2937 5883 2992 5934 ὲν
3025 5883 3090 5952 τῇ
3126 5878 3286 5948 φύσει
3315 5879 3530 5950 δυνάμει
3554 5871 3755 5941 ὑπῆρχεν.
