4000 6458
213 398 349 463 1605
394 466 407 477 ,

1434 380 1533 442 DE
1577 343 2178 440 IxcaaNiTIONE.

3349 367 3487 434 1636

208 508 268 573 ιε
297 501 366 581 ἧς
395 503 440 536 θ’
492 504 525 570 ἡ
573 499 874 562 ὑπόστασις
931 494 1218 568 ἐνεργείας
1269 491 1753 565 κεκληρονόμηκεν
1791 507 1807 523 ·

1918 497 1997 546 est
2028 497 2323 545 consecuta
2352 506 2365 544 :
2394 487 2547 553 hinc,
2608 499 2731 558 qua:
2788 483 2939 556 prius
2974 482 3217 555 potentia
3262 482 3489 539 fuerunt

206 601 329 656 ὅθεν
380 593 619 662 εὐλόγως
668 591 780 645 ἀπὸ
820 589 921 660 τῆς
965 589 1321 652 ὑποστάσεως
1370 587 1462 639 ἐπὶ
1499 585 1598 656 τὴν
1636 583 1799 653 φύσιν

206 688 563 759 ἀναφέρεται,
596 684 692 738 ἅτε
735 681 976 753 προόντα
1018 680 1116 751 μὲν
1154 678 1382 747 δυνάμει
1413 680 1471 731 ὲν
1511 678 1579 748 τῇ
1614 675 1797 744 φύσει,

208 778 461 849 ὲνεργείᾳ
487 777 544 831 δὲ
576 778 635 830 ὲν
677 777 743 847 τῇ
779 773 1079 828 ὑποστάσει
1145 768 1534 841 εὑρισκόμενα.
1588 769 1801 838 Ὠσπερ

206 876 240 943 ἡ
280 870 547 941 διαίρεσις
576 866 688 920 τῶν
733 863 890 918 εἰδῶν
916 864 1145 933 δυνάμει
1171 858 1306 915 οῦσα
1329 863 1386 914 ὲν
1420 859 1498 931 τῷ
1525 859 1721 945 γένειη
1742 861 1802 911 ὲν

207 962 264 1017 δὲ
298 963 408 1023 τοῖς
437 958 634 1012 εῖδεσιν
664 955 939 1030 ἐνεργείᾳ,
976 954 1219 1022 εὐλόγως
1248 950 1357 1005 ἀπὸ
1377 951 1486 1004 τῶν
1516 949 1675 1003 είδῶν
1706 966 1803 1003 κα-

208 1053 275 1106 τὰ
307 1051 559 1122 δεύτερον
584 1048 744 1118 λόγον
770 1049 863 1101 ἐπὶ
887 1047 949 1100 τὸ
982 1046 1138 1115 γένος
1170 1043 1527 1114 ἀναφέρεται.
1558 1039 1703 1105 υἶον,
1741 1042 1803 1095 τὸ

210 1142 429 1211 λογικόν
454 1144 601 1193 ἐστιν
623 1142 683 1194 ἐν
714 1138 792 1209 τῷ
818 1137 945 1209 ζὼῳ
968 1137 1224 1206 δυνάμει,
1256 1137 1313 1189 ἐν
1340 1134 1398 1187 δὲ
1424 1133 1504 1204 τῷ
1532 1133 1804 1205 ἀνθρώπῳ

210 1235 495 1307 ἐνεργείας
524 1233 570 1267 ⁸⁸
601 1248 616 1263 ·
650 1232 746 1286 καὶ
766 1229 989 1299 λέγεται
1016 1228 1077 1282 τὸ
1107 1227 1244 1292 ζῶον
1275 1226 1494 1294 λογικὸν
1521 1224 1662 1279 κατὰ
1681 1224 1802 1276 δεύ-

211 1344 372 1399 τερον
426 1327 607 1395 λόγον,
657 1322 748 1378 διὰ
794 1323 857 1377 τὺ
902 1322 996 1377 τὸν
1041 1321 1332 1392 ἄνθρωπον
1373 1314 1517 1372 εἶναι
1563 1318 1801 1387 λογικόν.

211 1408 325 1474 Καὶ
352 1418 542 1487 ὥσπερ
580 1417 640 1471 αι
690 1416 836 1480 ἰδίως
874 1414 1133 1485 διαφοραὶ
1178 1412 1676 1484 χαρακτηριστικαὶ
1703 1409 1804 1481 τῆς

215 1513 451 1565 ἑκάστου
497 1510 606 1564 τῶν
638 1507 944 1581 ἀνθρώπων
991 1506 1346 1569 ὑποστάσεως
1372 1501 1552 1567 οὖσαι,
1577 1504 1808 1575 δυνάμει

220 1604 321 1674 μὲν
349 1604 407 1657 ὲν
436 1602 514 1672 τῷ
537 1601 815 1673 ἀνθρώπῳ
843 1597 1203 1675 θεωροῦνται,
1248 1600 1305 1651 ἐν
1334 1597 1390 1651 δὲ
1417 1596 1495 1669 τῷ
1525 1595 1808 1668 Σωκράτει

218 1697 314 1747 καὶ
370 1694 622 1747 Πλάτωνι
674 1694 926 1764 ἐνεργείᾳ
975 1690 1295 1759 πεφύκασι·
1347 1688 1645 1743 κάντεῦθεν
1700 1687 1809 1742 ἀπὸ

216 1788 320 1857 τῆς
350 1787 707 1848 ὑποστάσεως
735 1785 830 1838 ἐπὶ
865 1783 962 1856 τὴν
1001 1784 1164 1854 φύσιν
1186 1824 1199 1847 ,
1231 1782 1265 1854 ἢ
1299 1781 1407 1835 ἀπὸ
1447 1779 1544 1834 τοῦ
1584 1779 1809 1850 Σωκρά-

218 1895 345 1940 τους
377 1881 473 1931 ἐπὶ
512 1878 603 1930 τὸν
631 1877 923 1945 ἄνθρωπον
963 1875 1351 1946 ἀναφέρονται.
1388 1866 1534 1938 Οἷον,
1580 1871 1671 1925 τὸν
1699 1872 1812 1925 Σω-
1842 1865 1886 1923 Β

220 1971 435 2044 κράτην
455 1970 666 2041 γρυπὸν
700 1965 843 2022 εἷναί
875 1985 1080 2038 φαμεν,
1125 1967 1158 2039 ἢ
1191 1966 1488 2037 φαλακρὸν,
1519 1962 1664 2018 κατά
1691 1961 1814 2017 δεύ-

219 2081 379 2143 τερον
417 2063 475 2116 δὲ
523 2063 682 2131 λόγον
722 2061 822 2115 καὶ
860 2060 951 2115 τὸν
1015 2058 1305 2131 ἄνθρωπον
1358 2056 1572 2128 γρυπὸν
1625 2052 1814 2108 ὡσαύ-

219 2170 329 2216 τως
354 2152 453 2206 καὶ
478 2153 767 2224 ὑπάρχειν,
795 2151 829 2222 ἦ
860 2148 1143 2221 φαλακρὸν
1173 2148 1430 2218 λέγομεν,
1460 2145 1551 2200 διά
1580 2144 1674 2198 τὸν
1701 2144 1816 2197 Σω-

221 2246 434 2316 κράτην
454 2260 470 2277 ο
504 2244 698 2317 ὥσπερ
730 2242 959 2314 εῖπομεν
989 2244 1053 2297 ὲκ
1076 2242 1170 2299 τοῦ
1223 2239 1513 2312 ἀνθρώπου
1546 2238 1814 2310 κεκληρο-

222 2337 528 2408 νομηκέναι
584 2338 684 2407 τὴν
740 2335 1065 2407 γρυπότητα
1114 2336 1213 2389 καὶ
1267 2332 1367 2406 τὴν
1403 2333 1815 2403 φαλακρότητα.

222 2430 344 2483 Τῶν
372 2428 560 2484 τοίνυν
605 2430 707 2501 τὴν
747 2427 843 2482 τοῦ
874 2428 1009 2482 Θεοῦ
1038 2428 1214 2496 Λόγου
1256 2427 1560 2479 ὑπόστασιν
1588 2422 1697 2476 ἀπὸ
1722 2419 1819 2474 τοῦ

223 2519 568 2593 ἀνθρωπείου
600 2518 948 2591 φυράματος,
983 2518 1073 2573 διὰ
1094 2519 1194 2591 τὴν
1225 2516 1344 2571 καθ’
1370 2516 1669 2570 ὑπόστασιν
1687 2513 1822 2565 ἐνω-

225 2627 310 2663 σιν
345 2594 794 2682 δεδραμηκότων,
862 2610 1019 2665 οὐδὲν
1057 2610 1371 2665 παντάπασι
1413 2606 1539 2661 οὔτε
1567 2604 1820 2676 δυνάμει,

222 2702 350 2757 οῦτε
382 2705 641 2777 ἐνεργείᾳ
664 2705 722 2757 ἐν
744 2706 811 2775 τῇ
839 2702 1084 2775 ἀκτίστῳ
1115 2703 1212 2758 καὶ
1246 2701 1529 2772 ἀσωμάτῳ
1557 2701 1651 2754 καὶ
1675 2701 1823 2754 ἀπα-

226 2795 312 2849 θεῖ
346 2796 469 2867 θείᾳ
508 2794 669 2865 φύσει
709 2791 801 2867 ἦν.
836 2794 1045 2849 Τούτου
1093 2794 1152 2848 δὲ
1193 2794 1403 2848 εἵνεκεν
1445 2794 1474 2846 ὁ
1521 2791 1619 2863 μὲν
1652 2790 1823 2853 ἀΐδιος

228 2886 618 2957 σεσαρκῶσθαί
656 2902 717 2939 τε
755 2885 855 2938 καὶ
892 2880 1274 2956 ἐσταυρῶσθαι
1306 2881 1404 2936 καὶ
1447 2879 1701 2935 τεθνάναι
1730 2877 1822 2931 λέ-

226 2995 410 3048 γεται.
458 2978 523 3031 Ἦ
550 2977 608 3031 δὲ
650 2976 771 3031 θεία
802 2975 966 3047 φύσις
997 2974 1274 3048 οὑδαμῷς,
1310 2975 1359 3028 εί
1393 2971 1490 3027 καὶ
1520 2970 1823 3034 ὑπόστασις

228 3069 407 3139 αὑτῆς
432 3068 778 3140 καθέστηκεν
808 3063 967 3124 οὖσα.

1908 582 1961 637 in
1984 593 2205 648 natura,
2261 581 2428 651 inque
2459 594 2699 652 persona
2758 587 2888 633 actu
2922 576 3292 648 deprehensa,
3340 583 3492 633 recte

1908 690 1937 729 a
1964 689 2198 745 persona
2230 673 2296 727 ad
2314 684 2579 728 naturam
2631 670 2972 727 inferuntur.
3017 669 3172 724 Haud
3198 668 3491 726 dissimili-

1908 776 2011 833 ter,
2070 782 2196 822 cum
2223 766 2426 821 divisio
2458 767 2768 837 specierum
2809 764 2865 819 in
2888 777 3088 834 genere
3121 764 3193 819 sit
3223 763 3490 833 petentia,

1909 862 1966 916 in
2009 859 2307 931 speciebus
2353 874 2490 915 vero
2527 859 2640 929 jam
2694 868 2821 913 actu
2871 859 3016 929 ipso,
3073 857 3290 910 ratione
3346 854 3403 910 lit
3433 862 3494 910 ut

1909 968 1939 1008 a
1972 952 2262 1022 speciebus
2298 952 2365 1006 ad
2407 967 2582 1022 genus
2636 949 2934 1005 inferatur.
2969 949 3089 1016 Quo
3141 949 3324 1009 modo,
3367 961 3495 1002 cum

1907 1046 1971 1100 τὸ
2022 1045 2293 1100 rationale
2358 1045 2433 1101 sit
2474 1045 2531 1099 in
2581 1045 2806 1099 animali
2853 1042 3118 1114 potentia,
3158 1042 3214 1095 in
3273 1040 3496 1095 homine

1909 1153 2041 1193 vero
2104 1145 2265 1204 actu;
2304 1136 2543 1192 dicimus
2585 1136 2788 1191 animal
2817 1133 3088 1189 rationale
3139 1131 3491 1190 secundario.

1911 1231 2056 1302 quod
2091 1231 2252 1285 homo
2279 1229 2676 1285 sitrationalis.
2710 1230 2789 1281 Ad
2830 1229 2964 1292 haec,
3020 1224 3488 1296 quemadmodum

1911 1320 2233 1375 differentiae
2271 1320 2490 1391 proprie
2516 1319 3006 1385 characteristicae,
3043 1332 3167 1387 quae
3221 1316 3496 1387 cujuSque

1914 1410 2201 1466 hominum
2246 1421 2375 1466 sunt
2404 1425 2674 1481 personae,
2706 1409 2953 1481 potentia
3001 1409 3225 1481 quidem
3256 1422 3496 1464 cernuu-

1913 1512 2003 1560 tur
2046 1506 2103 1561 in
2158 1504 2412 1566 homine.
2444 1505 2499 1559 in
2532 1503 2759 1559 Socrate
2809 1517 2940 1559 vero
2988 1510 3042 1558 et
3090 1502 3321 1557 Platone
3375 1501 3497 1555 fuc-

1914 1607 2045 1656 ruut
2076 1608 2241 1666 actu;
2296 1610 2431 1653 tunc
2479 1613 2699 1669 quoque
2731 1610 3013 1667 apersona
3043 1596 3158 1651 sive
3188 1595 3494 1659 individuo,

1916 1700 2012 1748 aut
2045 1709 2073 1746 a
2107 1691 2334 1747 Socrate
2363 1691 2429 1749 ad
2465 1690 2741 1746 hominem
2770 1688 3107 1744 referuntur.
3175 1686 3267 1741 Sic
3301 1687 3491 1742 Soera-
3574 1693 3588 1705 ’

1918 1793 2024 1840 tem
2062 1782 2302 1841 dicimus
2349 1783 2554 1837 habere
2587 1797 2783 1837 nasum
2821 1781 3124 1846 aduncum,
3159 1787 3255 1834 aut
3280 1780 3496 1836 calvum

1917 1895 2076 1947 esse;
2103 1877 2435 1945 sccundario
2473 1884 2682 1943 autem,
2712 1888 2936 1947 propter
2968 1874 3282 1939 Socratem,
3313 1875 3496 1946 ipsum

1916 1973 2197 2027 hominem
2231 1986 2355 2028 esse
2380 1970 2501 2026 nasi
2535 1969 2733 2025 adunci
2754 1980 2848 2024 aut
2872 1969 3091 2025 calvum
3118 1968 3495 2039 perhibemus,

1916 2073 2078 2135 prout
2105 2066 2174 2119 ab
2196 2063 2418 2119 homine
2440 2063 2854 2117 enuntiavimus
2884 2061 3164 2133 accepisse
3198 2061 3344 2115 illam
3381 2061 3498 2113 ιλιιδὶ

1917 2155 2335 2221 aduncitatem,
2390 2155 2479 2210 vel
2529 2155 2678 2208 illam
2742 2153 3044 2208 calvitiem.
3103 2151 3498 2209 Verumtamen

1918 2252 2164 2309 omnium
2193 2251 2411 2317 borum,
2446 2262 2791 2320 quaecunque
2824 2247 2920 2303 Dei
2949 2247 3122 2317 Λόγου
3153 2260 3401 2317 personaa
3434 2245 3502 2299 ab

1918 2346 2162 2401 humana
2199 2359 2399 2409 massa,
2433 2350 2659 2413 propter
2709 2343 2964 2397 unionem
3017 2341 3384 2412 personalem,
3412 2354 3505 2395 ac-

1920 2447 2242 2494 cessserunt
2262 2475 2277 2497 .
2306 2435 2446 2490 nihil
2476 2449 2718 2505 unquam
2750 2435 3073 2506 quidquam,
3096 2449 3275 2505 neque
3307 2443 3504 2505 poten-

1924 2531 2024 2598 tia,
2078 2544 2257 2597 neque
2316 2538 2464 2591 actu,
2544 2527 2595 2581 iu
2657 2542 2765 2582 non
2800 2536 3007 2589 creata,
3073 2541 3181 2580 non
3216 2539 3505 2591 corporea,

1925 2637 2033 2677 non
2075 2620 2284 2692 patibili
2346 2627 2465 2673 erat
2509 2618 2697 2674 divina
2750 2628 2969 2674 natura.
2993 2616 3169 2689 Hujus
3205 2619 3280 2673 rei
3330 2619 3507 2688 gratia

1923 2724 2186 2768 reternum
2208 2727 2341 2768 sane
2362 2711 2564 2767 Filium
2593 2712 2830 2768 dicimus
2859 2726 3082 2768 carnem
3112 2711 3508 2782 assumpsisse,

1924 2806 2254 2861 cruciﬁxum
2282 2812 2336 2861 et
2375 2812 2655 2860 mortuum
2699 2819 2855 2871 esse;
2889 2804 3118 2859 minime
3168 2817 3319 2868 vero,
3347 2810 3510 2856 natu-

1926 2912 2042 2950 ram
2091 2894 2357 2961 divinam,
2393 2895 2647 2965 quamvis
2702 2894 2832 2948 talia
2870 2908 3122 2966 persona:
3151 2893 3272 2964 ejus
3299 2891 3510 2965 obtige~

1924 2988 2061 3043 rint.

302 3164 365 3216 Ei
390 3162 450 3217 δέ
472 3180 554 3225 τις
580 3162 774 3216 ἑαυτὸν
807 3160 968 3234 αίτιῷ
991 3159 1055 3216 τὸ
1082 3162 1129 3195 ⁸⁸
1162 3159 1333 3232 βραδὺ
1380 3161 1461 3227 είς
1494 3163 1815 3236 κατανόησιν

1998 3163 2154 3231 Quod
2186 3162 2231 3219 si
2256 3162 2497 3234 seipsum
2550 3161 2750 3234 aliquis
2795 3169 3023 3234 arguat,
3057 3176 3117 3218 se
3152 3176 3181 3216 a
3212 3159 3372 3215 nobis
3421 3161 3507 3215 di-

227 3249 504 3309 εἶναιτῶν
542 3252 877 3325 εἰρημένων,
909 3252 1117 3307 καὶτὸν
1154 3253 1387 3307 ἑκάστου
1413 3254 1538 3309 νοῦν
1570 3254 1717 3324 λέγοι
1748 3252 1815 3328 μὴ

1927 3264 2014 3312 cta
2038 3255 2252 3311 tardius
2285 3255 2529 3327 assequi,
2569 3265 2736 3325 atque
2764 3254 2928 3323 objici
2953 3272 2968 3323 ;
3001 3269 3065 3308 ac
3083 3270 3188 3308 non
3219 3253 3381 3308 facile
3410 3271 3511 3309 cu~

231 3344 665 3417 παραδέχεσθαι,
715 3345 876 3415 ὅπερ,
910 3345 945 3416 ή
986 3342 1109 3397 θεία
1150 3341 1313 3413 φύσις
1338 3339 1473 3398 οὖσα
1500 3346 1557 3399 ὲν
1585 3348 1653 3418 τῇ
1685 3347 1822 3398 ὑπο-

230 3438 421 3493 στάσει
469 3436 566 3490 τοῦ
599 3434 730 3489 Υίοῦ
761 3435 1165 3507 άμετακίνητός
1196 3452 1258 3488 τε
1289 3437 1388 3490 καὶ
1421 3436 1727 3509 άχώρητος,
1759 3437 1822 3491 οὑ

231 3530 573 3600 συμπάσχων
623 3528 762 3599 αὐτῇ
794 3527 1083 3601 πασχούσῃ
1118 3529 1212 3582 καὶ
1242 3529 1647 3599 ἀπογινομένου
1678 3529 1822 3594 τινὸς

229 3623 288 3673 εν
331 3624 397 3693 τῇ
428 3620 747 3684 ὑποστάσει,
782 3620 846 3674 οὑ
880 3619 1101 3689 λέγεται
1151 3619 1315 3674 τοῦτο
1352 3621 1445 3675 καὶ
1479 3623 1537 3675 ὲν
1561 3624 1629 3693 τῇ
1662 3621 1823 3691 φύσει

228 3716 540 3783 γεγονέναι,
582 3715 650 3784 τῇ
704 3713 780 3783 μὴ
824 3711 1149 3786 διισταμένῃ
1197 3714 1296 3784 τῆς
1324 3712 1683 3778 ὑποστάσεως
1727 3713 1822 3768 τοῦ

228 3806 400 3859 ἀϊδίου
455 3804 611 3857 Υίοῦ·
658 3805 822 3875 ἡμεῖς
876 3802 937 3856 τὸ
981 3803 1187 3874 ἄπορον
1233 3802 1626 3870 ὲπιλύσαντες,
1670 3804 1825 3877 ταχί-

231 3912 364 3967 στην
408 3895 562 3967 αύτῷ
604 3897 704 3966 τὴν
743 3894 1048 3967 θεραπείαν
1087 3894 1386 3964 ἐπάξομεν,
1431 3895 1499 3949 ὲκ
1537 3893 1647 3949 τῶν
1695 3912 1821 3948 συν-

228 3990 446 4061 τρόφων
496 3987 589 4045 καὶ
641 3988 751 4042 τῶν
780 3989 838 4041 ὲν
867 3988 1059 4059 χερσὶν
1101 3986 1399 4057 ὁρωμένων
1423 3986 1523 4059 τὴν
1547 3986 1821 4052 ἀπόδειξιν

229 4081 572 4149 ποιούμενοι.
595 4074 768 4133 Οἶσθα
793 4079 1034 4143 πάντως,
1074 4071 1119 4131 ὦ
1144 4070 1323 4146 οὗτος,
1345 4077 1421 4142 ὡς
1450 4078 1685 4142 ἕκαστος
1711 4079 1821 4133 τῶν

229 4170 541 4242 ἀνθρώπων
599 4172 665 4223 ὲκ
711 4169 893 4241 ψυχῆς
944 4169 1113 4224 ἀθλου
1179 4168 1277 4223 καὶ
1331 4169 1582 4240 σώματος
1631 4167 1818 4224 ὑλικοῦ

231 4262 545 4331 σύγκειται,
580 4262 882 4334 Σωκράτης
909 4299 926 4327 ,
953 4262 1085 4333 φέρε
1119 4263 1317 4327 εἰπεῖν,
1350 4262 1384 4334 ἢ
1415 4262 1644 4318 Πλάτων
1673 4279 1688 4295 ’
1722 4262 1821 4318 καὶ

230 4352 306 4416 ὡς
330 4354 544 4408 ἔνεστιν
576 4353 726 4424 αὐτῷ
768 4355 800 4425 ἠ
829 4352 977 4425 ψυχὴ
1006 4352 1100 4407 τοῦ
1129 4354 1480 4426 Σωκράτους,
1525 4357 1624 4411 ἀπ’
1649 4356 1817 4412 αὑτοῦ

230 4448 587 4518 χωρισθεῖσα,
636 4445 727 4500 τὸν
765 4445 1067 4517 Σωκράτην
1101 4446 1284 4517 μένειν
1327 4446 1613 4502 ἀδύνατον.
1652 4448 1819 4516 Λέγε-

1920 3350 2234 3424 juscunquc
2282 3347 2503 3405 tandem
2544 3363 2766 3420 .capcre
2815 3359 3076 3413 mentem,
3116 3362 3289 3418 quare
3320 3347 3510 3401 divina

1927 3451 2144 3510 natura,
2200 3456 2325 3496 cum
2381 3441 2437 3496 in
2497 3456 2736 3512 persona
2793 3439 2919 3495 Filii
2974 3440 3139 3494 fuerit
3178 3440 3401 3494 immota
3455 3448 3511 3499 ιιι

1925 3550 2035 3590 non
2071 3541 2325 3604 separata
2347 3574 2363 3597 ,
2413 3548 2520 3587 non
2585 3546 2746 3603 passa
2782 3531 2968 3599 fuerit,
3000 3547 3124 3587 cum
3152 3533 3256 3587 ista
3288 3539 3509 3603 patere-

1924 3635 2048 3694 tur;
2080 3640 2207 3680 cum
2276 3624 2483 3695 aliquid
2516 3625 2573 3679 in
2607 3639 2845 3696 persona
2903 3633 3315 3696 corrumpatur,
3361 3625 3508 3680 idem

1923 3728 2106 3774 tamen
2136 3720 2301 3774 etiam
2341 3733 2452 3773 non
2507 3717 2726 3772 dicatur
2767 3716 3023 3773 evenisse
3049 3717 3104 3771 in
3137 3726 3353 3782 natura,
3385 3731 3508 3786 quae

1923 3811 2058 3867 nihil
2097 3809 2370 3866 differata
2401 3824 2640 3879 persona
2681 3809 2874 3865 aeterni
2924 3807 3072 3864 Filii.
3116 3808 3230 3865 Nos
3278 3809 3507 3863 dubium

1923 3901 2271 3974 explicaturi,
2302 3900 2594 3956 confestim
2624 3900 2703 3956 illi
2736 3901 3036 3955 remedium
3097 3901 3505 3965 adhibebimus,
3576 3888 3581 3893 ’

1923 4009 2037 4050 rem
2095 3989 2527 4047 demonstraturi
2569 4003 2668 4060 per
2714 3989 3029 4054 familiaria,
3093 4004 3324 4060 quisque
3380 3997 3515 4048 antu

1920 4085 2112 4141 oculos
2169 4089 2478 4154 manusque
2511 4080 2795 4137 cernimus
2824 4081 3094 4152 quotidie.
3156 4081 3383 4136 Abunde
3407 4096 3512 4133 no.

1922 4177 2019 4241 sti,
2044 4176 2298 4247 quisquis
2332 4189 2416 4239 es,
2450 4173 2700 4227 homines
2744 4188 2936 4229 omnes
2967 4188 3034 4229 ex
3072 4174 3250 4227 anima
3309 4174 3511 4227 imma~

1921 4270 2125 4333 teriali,
2157 4275 2212 4324 et
2246 4282 2482 4338 corpore
2525 4266 2796 4321 matcriali
2840 4266 3137 4336 componi:
3174 4265 3325 4321 verbi
3387 4281 3517 4334 ειη,

1921 4363 1996 4418 tia
2049 4358 2363 4421 Socratem,
2417 4364 2517 4412 aut
2573 4354 2854 4411 Platonem
2889 4365 3019 4425 ;et,
3047 4356 3515 4427 quemadmodum

1921 4456 2002 4511 illi
2064 4455 2209 4509 inest
2252 4451 2437 4506 anima
2499 4449 2764 4515 Socratis,
2796 4451 2840 4506 si
2866 4458 3156 4521 separetur
3187 4450 3257 4505 ah
3288 4465 3375 4516 eo,
3408 4452 3510 4503 SO-e

226 4553 317 4592 ται
344 4539 402 4592 δὲ
430 4538 732 4610 Σωκράτης
788 4536 1119 4602 αὐξάνεσθαί
1151 4554 1210 4592 τε
1233 4538 1251 4570 ¹
1298 4539 1364 4592 ὲκ
1398 4539 1598 4611 μικροῦ
1649 4540 1815 4610 μέγας

1927 4551 2136 4600 cratem
2184 4553 2409 4596 manere
2463 4539 2807 4611 impossibile
2836 4549 2941 4595 est.
2977 4538 3176 4595 Dicunt
3224 4541 3509 4596 nihilomi-

228 4629 547 4698 γίγνεσθαι,
594 4629 892 4702 τέμνεσθαι
927 4629 961 4701 ἢ
991 4630 1268 4694 καίεσθαι,
1298 4630 1399 4702 τῆς
1439 4631 1614 4703 αὐτῆς
1641 4631 1824 4702 ψυχῆς

232 4723 399 4793 μηδὲν
423 4722 632 4776 τούτων
657 4723 1058 4796 ὑφισταμένης,
1089 4722 1167 4789 ὡς
1201 4724 1368 4779 πᾶσιν
1392 4721 1659 4795 εὔδηλον.
1686 4725 1850 4779 Τοῦ-⁸

229 4831 323 4870 τον
363 4811 459 4871 οὖν
503 4814 598 4868 τὸν
645 4814 848 4885 τρόπον
877 4817 1218 4887 κατηγορεῖ¹
1249 4816 1344 4871 τοῦ
1394 4816 1569 4871 ἀϊδίου
1596 4816 1731 4871 Υίοῦ
1760 4818 1823 4871 τδ

229 4907 567 4979 προκόπτειν
621 4906 788 4976 σαρκὶ
820 4906 919 4960 καὶ
968 4890 1321 4973 αύξάνεσθιίι,
1374 4910 1471 4963 καὶ
1518 4907 1573 4961 εϊ
1607 4925 1659 4962 τι
1692 4906 1822 4965 ἄλλο

230 4999 476 5053 τοιοῦτον
506 4996 870 5070 ἀνθρώπειον,
902 4997 1131 5068 μηᾶνὺς
1154 4999 1364 5053 τούτων
1406 5002 1475 5071 τῇ
1515 5000 1672 5073 θεϊκῇ
1718 4989 1822 5071 (ρύ-

233 5106 317 5144 σει
363 5088 857 5162 προσαπτομένου,
902 5089 1093 5160 ὥσπερ
1136 5089 1257 5144 οὑδὲ
1308 5090 1406 5144 τοῦ
1469 5093 1816 5164 Σωκράτους.

232 5179 421 5250 Πολλῷ
445 5180 648 5252 μᾶλλον
672 5178 846 5243 οὕτως
860 5178 985 5234 οὐδὲ
1008 5179 1108 5250 τῆς
1137 5180 1418 5253 ἀκηράτου
1444 5180 1659 5249 φύσεως
1684 5199 1819 5235 κατ-

231 5271 645 5343 ηγορηθήσεται
720 5272 789 5326 τὰ
838 5273 940 5326 ὅσα
988 5272 1272 5343 σαρκικῶς
1312 5270 1408 5325 τοῦ
1459 5273 1632 5327 ἀϊδίου
1687 5273 1818 5326 Υίοῦ

233 5361 321 5417 διὰ
349 5365 449 5437 τὴν
479 5364 787 5437 πρόσληψιν
820 5366 969 5418 ὲστιν
999 5364 1477 5435 κατηγορούμενα.
1520 5364 1733 5437 Ὥσπερ
1757 5366 1816 5419 δὲ

237 5451 503 5521 λεγόντων
529 5455 688 5529 ἡμῶν
717 5455 1025 5527 τετμῆσθαι
1057 5456 1380 5529 Σωκράτην,
1404 5458 1506 5510 οὑκ
1525 5457 1695 5529 αὐτὴν
1718 5455 1815 5510 τοῦ

234 5542 558 5616 Σωκράτους
594 5546 794 5619 ψυχὴν,
822 5548 957 5602 ἀλλά
984 5547 1048 5602 τδ
1079 5548 1240 5622 σῶμα
1281 5549 1629 5621 τετμημένον
1673 5546 1814 5603 εἶναι

1922 4650 2026 4690 nus
2086 4631 2366 4689 Socratem
2419 4646 2696 4699 crescere,
2726 4628 2793 4686 ex
2823 4646 2991 4703 parvo
3044 4631 3162 4688 fieri
3222 4649 3508 4705 magnum,

1921 4731 2122 4796 secari,
2153 4729 2271 4797 uri;
2310 4729 2498 4784 anima
2532 4729 2652 4800 ipsa
2707 4729 2849 4785 nihil
2871 4729 3145 4800 ejusmodi
3181 4731 3509 4798 sum-rente,

1922 4835 1980 4897 ut
2009 4820 2215 4879 nemini
2266 4820 2567 4877 obscurum
2605 4828 2712 4887 est,
2744 4837 2923 4893 neque
2952 4823 3368 4881 absconditum.
3394 4824 3511 4881 llae

1920 4917 2135 4972 ratione
2194 4915 2362 4987 igitur
2383 4918 2452 4971 de
2485 4923 2691 4971 aeterno
2757 4913 2899 4971 Filio
2947 4917 3300 4987 pradicatur,
3358 4920 3509 4988 quod

1920 5004 2200 5075 proficiat,
2249 5003 2399 5076 quod
2453 5018 2686 5075 corpore
2737 5003 3139 5063 incrementum
3188 5010 3394 5080 capiat,
3446 5023 3516 5076 et,

1918 5098 1965 5151 si
1990 5097 2120 5167 quid
2152 5097 2302 5152 aliud
2353 5098 2654 5152 humanum
2687 5108 2809 5166 est;
2845 5107 2906 5153 ut
2929 5099 3066 5154 nihil
3101 5116 3281 5155 rerum
3314 5103 3506 5161 talium

1920 5190 2198 5245 adhaereat
2243 5188 2697 5261 divinm‘naturae,
2732 5192 2896 5247 veluti
2928 5207 2995 5248 ne
3029 5201 3238 5249 naturae
3280 5195 3504 5265 quidem

1919 5279 2187 5335 Socratis.
2245 5278 2388 5347 Quin
2424 5280 2705 5351 potiusita
2729 5281 2797 5336 de
2822 5283 3115 5338 immortali
3174 5296 3370 5339 natura
3399 5289 3504 5340 mi-

1920 5369 2069 5425 nime
2104 5371 2268 5424 etiam
2303 5371 2769 5439 praedicabantur,
2800 5389 3146 5445 quaecunque
3205 5378 3504 5431 carnaliter

1919 5458 1989 5512 de
2019 5466 2225 5514 aeterno
2251 5458 2413 5526 Filio,
2435 5470 2658 5533 propter
2682 5464 3115 5535 assumptionem
3148 5467 3330 5521 carnis
3360 5482 3503 5538 prec

1920 5549 2200 5607 dicantur.
2252 5552 2426 5621 Sicut,
2458 5554 2680 5623 quando
2711 5554 2879 5611 verba
2910 5554 3146 5615 facimus
3176 5556 3244 5615 de
3274 5556 3507 5617 Socrate

1502 5703 1743 5762 VARhE
1785 5707 2194 5765 LECTIONES.

300 5818 344 5849 ⁹⁷
372 5815 532 5877 Forte
561 5823 709 5895 ἑξῆς.
769 5824 816 5856 ³⁸
849 5823 1013 5880 Forte
1045 5823 1318 5897 ἐνεργείᾳ.
1377 5826 1425 5859 ’θ
1458 5826 1702 5907 αἰτιῷτο.
1782 5829 1798 5861 ¹
1836 5828 1967 5902 Leg.
1999 5847 2057 5883 τε
2092 5830 2206 5885 καί.
2264 5834 2282 5864 ²
2316 5831 2443 5903 Leg.
2474 5838 2885 5907 κατηγορεῖται.
