4000 6468
524 354 664 430 1607

1753 346 1853 405 ΤΠ
1866 343 2148 405 ΕΟΒῡῐΠ
2191 346 2232 404 Α
2244 344 2562 407 ΒΠΕΑΠΔἘ

3654 351 3764 421 ιιος

523 467 734 533 saucio,
776 480 885 520 non
919 461 1181 526 animam,
1219 462 1314 518 sed
1340 476 1545 532 corpus
1571 461 1693 531 ejus
1723 461 1935 531 plagam
1992 476 2115 514 sus-

2238 461 2570 532 (ινὼσκομεν
2595 477 2609 492 ο
2664 459 2840 525 οὕτως
2913 461 3238 531 φασκόντων
3297 462 3453 534 ἡμῶν
3501 463 3588 518 τὸν
3631 467 3767 525 diem

523 559 761 614 tinnisse
794 557 1129 610 arbitramur
1153 573 1167 610 ε
1194 556 1265 609 i:a
1294 556 1536 633 quoque,
1569 554 1694 607 dum
1730 563 1994 607 aeternum
2026 551 2119 606 Fi-

526 652 660 705 lium
695 651 883 703 lancea
911 647 1247 718 perforatum
1281 646 1452 701 fuisse
1481 646 1744 707 dicimus,
1789 661 1897 699 non
1930 646 1994 699 ad
2019 662 2119 699 na-

525 748 706 797 turam
735 742 856 811 ejus
880 741 1146 804 divinam,
1182 739 1689 810 iucorruptibilem,
1719 738 1969 792 intet‘itui
2012 754 2118 792 non

527 835 821 890 obnoxiam
893 839 1218 901 penetrasse
1268 832 1528 895 vulnus;
1590 827 1686 885 sed
1757 828 1809 881 in
1866 843 2118 893 carnem,

528 944 651 996 quae
683 926 930 983 lacerari.
971 938 1094 993 quae
1139 924 1368 975 vulnera
1425 923 1710 990 suscipere
1769 921 1969 989 potuit,
2003 934 2153 988 per-I

530 1014 849 1067 suadetnnr.
904 1009 1058 1063 Novo
1098 1021 1430 1080 argumento
1469 1010 1908 1065 controversiam
1965 1008 2125 1063 solvi-

524 1122 671 1159 mus.
701 1105 851 1157 Meus
905 1112 1095 1157 nostra
1148 1118 1255 1157 una
1292 1111 1378 1157 est
1421 1102 1744 1171 eademque,
1776 1116 1839 1154 ac
1882 1117 1978 1173 per
2024 1101 2123 1157 bos

530 1198 751 1269 quidem
778 1197 970 1250 oculos
1005 1194 1245 1250 visibilia
1274 1195 1506 1263 recipit:
1542 1194 1708 1247 habet
1740 1201 1923 1247 tamen
1960 1194 2122 1246 aliam

531 1291 713 1342 adhuc
735 1288 1002 1341 visionem
1040 1287 1143 1342 sibi
1216 1286 1493 1356 pr0priam
1536 1286 1760 1356 (praater
1809 1286 1953 1338 illam
2004 1299 2126 1355 qua:

531 1381 593 1435 ﬁt
649 1395 744 1449 per
798 1379 1043 1431 membra
1096 1376 1467 1443 oculorum),
1524 1392 1806 1446 quamque
1852 1376 2125 1431 tbeoriam

532 1472 896 1541 appellamus.
942 1467 1000 1522 Si
1062 1470 1348 1539 contingat
1417 1468 1538 1522 laedi
1601 1468 1856 1539 corporis
1901 1466 2127 1522 videndi

532 1563 890 1626 facultatem,
945 1561 1262 1629 neutiquam
1313 1558 1698 1614 concludimus
1765 1562 1874 1613 non
1932 1559 2128 1613 videre

534 1665 793 1720 tuentem,
848 1655 976 1708 dum
1021 1654 1122 1722 ipsi
1189 1653 1338 1706 salva
1401 1660 1486 1706 est
1527 1650 1581 1706 et
1615 1651 1829 1722 integra
1859 1651 2128 1707 naturalis

534 1763 601 1804 ac
626 1747 1016 1821 intellectualis
1068 1745 1283 1800 videndi
1320 1742 1583 1801 facultas.
1612 1741 1671 1799 lu
1704 1744 1853 1799 hunc
1905 1743 2128 1801 modum

2223 553 2351 606 Υίδν
2403 551 2712 622 τετρῶσθαι
2762 555 2829 624 τῇ
2883 552 3079 626 λόγχῃ,
3128 554 3232 606 οὑκ
3281 555 3361 618 είς
3412 555 3594 627 θεῖκὴν
3632 558 3767 613 αὑτοῦ

2224 644 2459 718 [etiam],
2509 644 2609 715 τὴν
2639 644 2919 716 ἄφθαρτον
2948 646 3043 699 καὶ
3087 644 3400 717 ἀνόλεθρον,
3435 653 3771 720 κεχωρηκέναι

2220 736 2319 809 τὴν
2364 735 2590 807 τρῶσιν,
2648 737 2761 788 ἀλλ’
2801 738 2882 799 είς
2929 737 3031 808 τὴν
3078 736 3247 790 αὐτοῦ
3292 739 3494 809 σάρκα,
3524 741 3619 811 τὴν
3645 741 3775 810 δυνα-

2227 828 2395 898 μένην
2453 825 2857 899 τιτρώσκεσθαί
2908 847 2968 882 τε
3030 830 3125 883 καὶ
3191 831 3512 901 τέμνεσθαι,
3560 834 3775 904 νοοῦμεν.

2225 920 2335 972 Καὶ
2362 919 2584 974 ἄλλοθέν
2625 937 2707 974 σοι
2748 921 3059 991 παρέξομεν
3099 922 3199 992 τῆς
3231 922 3468 994 ἀπορίας
3528 923 3776 982 ἀπόλυσιν.

2236 1012 2296 1066 Ὀ
2328 1013 2596 1083 ἡμέτερος
2625 1012 2750 1077 νοῦς
2787 1014 2953 1077 αὐτὸς
2991 1014 3088 1085 ᾣν.
3125 1017 3153 1068 ὁ
3200 1014 3290 1068 διὰ
3325 1015 3440 1068 τῶν
3492 1018 3780 1087 σωματικῶν

2226 1102 2518 1172 ὀφθαλμῶν
2560 1104 2671 1157 τῶν
2714 1102 2968 1174 ὁρώντων
2990 1104 3559 1178 ἀντιλαμϐανόμενος,
3593 1111 3677 1160 καὶ
3708 1108 3777 1161 ἀλ-

2226 1195 2326 1265 λην
2363 1197 2554 1264 ὅρασιν
2583 1197 2896 1265 ἰδιάζουσαν
2923 1197 3057 1268 ἔχει,
3105 1198 3258 1271 παρὰ
3293 1185 3399 1270 τὴν
3420 1197 3489 1251 δι’
3528 1200 3780 1271 ὀφθαλμῶν
3814 1182 3849 1205 ﬂ

2226 1289 2614 1361 διαρθροῦσαν,
2683 1291 2748 1361 ἣν
2806 1274 2900 1344 καὶ
2964 1290 3201 1362 θεωρίαν
3253 1291 3551 1360 καλοῦμεν.
3609 1292 3665 1344 ΕΞ
3712 1294 3782 1346 οὑν

2230 1380 2474 1452 συμϐαίη
2511 1381 2877 1453 πεπηρῶσθαι
2922 1382 3021 1452 τὴν
3046 1382 3139 1436 τοῦ
3173 1383 3432 1450 σώματος
3478 1383 3695 1438 omnia:
3721 1386 3783 1440 δύο

2228 1491 2416 1544 ναμιν,
2463 1475 2525 1528 οὑ
2560 1474 2740 1545 φαμὲν
2783 1473 2877 1528 τὸν
2929 1473 3057 1528 νοῦν
3101 1474 3175 1545 μὴ
3214 1474 3463 1545 βλέπειν,
3514 1473 3785 1547 σωζομένης

2231 1565 2381 1636 αὐτῷ
2443 1557 2877 1639 ἀπαρατρέπτου
2939 1568 3036 1625 καὶ
3094 1567 3362 1631 εὑλαϐοῦς
3402 1569 3423 1601 ³
3459 1568 3559 1637 τῆς
3591 1571 3786 1641 φυσικῆς

2229 1656 2425 1727 νοερᾶς
2455 1655 2754 1727 βλεπτικῆς
2783 1657 3127 1720 διοπτασίας.
3154 1656 3344 1721 Οῦτως
3370 1657 3437 1728 δὴ
3472 1659 3566 1710 καὶ
3597 1661 3623 1710 ὁ
3652 1660 3785 1724 ἀΐδιος

2233 1744 2363 1810 Υἱὸς
2392 1747 2613 1816 λέγεται
2641 1747 2974 1802 πεπονθέναι
3006 1751 3072 1819 τῇ
3110 1748 3303 1819 σαρκὶ,
3346 1748 3452 1818 τῆς
3488 1747 3632 1814 θείας
3656 1750 3785 1807 αὑτοῦ

532 1852 773 1895 mternus
808 1837 979 1893 Filius
1014 1837 1193 1892 fertur
1237 1853 1439 1908 passus
1488 1851 1617 1892 esse
1662 1836 1973 1894 secundum
2002 1851 2129 1891 car-

2238 1836 2447 1908 φύσεως
2477 1839 2727 1903 ἀπαθοῦς
2760 1839 3116 1912 διαρκούσης.

535 1949 680 1995 neua,
705 1934 889 1985 divina
923 1931 1043 2001 ejus
1067 1942 1262 1986 natura
1295 1946 1405 1985 non
1432 1930 1700 2001 patiente.

607 2022 806 2077 Verum
865 2025 996 2094 quid
1047 2024 1137 2078 hic
1181 2024 1267 2079 vel
1325 2024 1481 2078 dictu
1517 2023 1601 2077 vel
1653 2021 1981 2092 factu-opus
2022 2031 2132 2086 est,

537 2116 629 2173 ubi
662 2117 745 2172 vel
771 2118 826 2170 in
867 2132 1122 2186 corpore,
1165 2117 1433 2186 qualitate
1462 2124 1517 2169 et
1547 2114 1809 2169 crassitie
1869 2110 2018 2167 istud
2047 2112 2137 2166 de-

537 2209 1042 2285 prelnenditur?An
1071 2216 1156 2265 est
1207 2210 1502 2279 quisquam
1547 2208 1641 2277 qui
1693 2207 1927 2276 ignoret,
1986 2203 2135 2275 quod

536 2319 694 2359 mens
723 2304 866 2358 videt
895 2303 1094 2368 oculis,
1128 2303 1476 2371 auribusque
1499 2300 1691 2365 audit;
1726 2299 1929 2353 insidet
1950 2305 2134 2351 autem

536 2396 768 2449 cerebro
802 2393 1022 2449 videndi
1048 2403 1098 2448 ct
1128 2394 1387 2448 audiendi
1420 2391 1682 2455 facultas,
1712 2392 1980 2445 alterutra
2005 2387 2138 2442 sub-

539 2488 774 2543 sistente
830 2488 953 2543 sine
1009 2487 1205 2550 altera,
1243 2486 1579 2557 quibuscum
1616 2484 1781 2538 etiam
1818 2483 1938 2553 ipsa
1980 2495 2137 2535 mens

541 2590 936 2639 cmnmoratnr.
995 2580 1123 2636 Ilaec
1158 2595 1285 2634 cum
1336 2582 1413 2634 ita
1444 2578 1859 2647 conjungantur
1886 2583 1941 2631 et
1969 2574 2140 2629 coha-

454 2718 462 2726 .
542 2672 720 2729 biteut
765 2673 819 2727 in
851 2672 1044 2726 eodem
1102 2672 1377 2740 subjecto,
1435 2685 1583 2740 saepe
1628 2669 1851 2723 evenire
1903 2666 2043 2723 solet
2081 2676 2141 2722 ut

542 2764 745 2819 visioni
804 2763 1088 2825 exteriori.
1147 2765 1230 2817 vel
1287 2761 1538 2822 auditui,
1599 2760 1682 2815 vel
1735 2760 1845 2835 ipsi
1897 2760 2139 2834 denique

543 2858 714 2911 menti
774 2855 982 2925 aliquid
1021 2855 1354 2909 incommodi
1391 2855 1649 2919 accidat;
1683 2859 1926 2912 attamen
1969 2844 2139 2910 unius

544 2956 936 3001 nucumeutum
984 2962 1093 3001 non
1144 2945 1291 3001 Ia:dit
1332 2946 1568 3015 reliqua,
1620 2945 1750 2999 dum
1785 2944 2007 3000 illarum
2049 2958 2143 3000 na-

543 3041 743 3095 turalis
793 3041 1054 3111 potentia:
1076 3051 1253 3095 status
1290 3050 1473 3094 manet
1511 3039 1832 3093 incolumis.
1869 3037 2004 3094 Post
2034 3038 2141 3095 hoc

2316 2021 2481 2078 Ἀλλὰ
2513 2022 2568 2077 τί
2594 2022 2659 2093 δὴ
2683 2021 2704 2055 ⁸
2732 2022 2827 2079 ἐπὶ
2856 2021 3069 2085 τούτοις
3097 2021 3352 2091 ἄγεσθαι,
3385 2022 3524 2077 ὅπου
3553 2039 3615 2091 γε
3641 2024 3692 2075 ἐν
3715 2024 3789 2075 σώ-

2237 2129 2368 2182 ματι
2428 2112 2522 2166 καὶ
2570 2111 2901 2184 πηλικότητι
2951 2111 3048 2171 καὶ
3092 2110 3370 2184 παχύτητι
3418 2112 3578 2166 τοῦτο
3611 2112 3789 2184 θεωρεῖ.

2234 2221 2364 2271 ται;
2414 2205 2603 2275 Ἴσμεν
2638 2204 2748 2281 γάρ
2780 2203 3042 2270 ἅπαντες,
3072 2202 3147 2266 ὡς
3177 2204 3206 2259 ὁ
3236 2203 3365 2267 νοῦς
3390 2202 3482 2257 διὰ
3507 2204 3611 2257 τῶν
3634 2205 3791 2272 ὀφθαλο

2240 2295 2358 2367 μῶν
2393 2297 2494 2369 ὁρᾷ
2520 2298 2612 2350 καὶ
2642 2295 2733 2349 διά
2756 2296 2865 2348 τῶν
2896 2295 3051 2351 ὢτων
3089 2295 3281 2350 ἀκούει
3307 2311 3322 2325 ·
3367 2294 3640 2367 ἐνίδρυται
3667 2297 3714 2350 δὲ
3736 2295 3791 2367 τῷ

2237 2388 2530 2460 ἐγκεφάλῳ
2580 2390 2615 2460 ἦ
2658 2405 2717 2441 τε
2765 2388 3002 2459 δρατικὴ
3058 2388 3156 2443 καὶ
3201 2389 3515 2459 ἀκουστικὴ
3565 2388 3789 2459 αἴσθησις,

2237 2483 2478 2551 ἑκατέρα
2524 2481 2678 2553 παρά
2726 2480 2826 2552 τὴν
2852 2480 3051 2552 ἑτέραν
3083 2481 3442 2551 ὑπάρχουσα,
3484 2480 3604 2551 μεθ’
3633 2475 3699 2534 ὧν
3724 2479 3793 2534 καὶ

2236 2576 2266 2627 ὁ
2297 2575 2422 2627 νοῦς
2464 2574 2770 2640 αὐλίζεται.
2809 2573 3030 2628 Τούτων
3054 2568 3148 2627 οῦν
3182 2573 3448 2643 ἀλλήλοις
3493 2576 3551 2625 ὲν
3581 2572 3657 2626 ἐνὶ
3695 2588 3792 2625 συνο

2240 2666 2511 2737 ημμένων
2574 2667 2668 2721 καὶ
2719 2663 3095 2736 διαιτωμένων
3139 2663 3219 2738 τῷ
3253 2664 3644 2735 ὑποκειμένῳ,
3687 2679 3793 2734 συμ-

2240 2758 2418 2814 ϐαίνει
2488 2758 2772 2826 πολλάκις,
2839 2759 2937 2830 τὴν
3008 2758 3333 2829 σωματικὴν
3392 2759 3583 2830 ὅρασιν
3644 2756 3673 2830 ἢ
3722 2758 3794 2827 τὴν

2240 2854 2434 2924 ἀκοὴν,
2468 2855 2501 2922 ἢ
2551 2854 2641 2910 τὸν
2670 2853 2794 2909 νοῦν
2834 2853 2998 2908 αὑτὸν
3037 2852 3302 2925 βλαϐῆναι
3337 2871 3353 2886 ·
3396 2855 3493 2907 καὶ
3524 2856 3557 2922 ἡ
3587 2853 3672 2907 τοῦ
3705 2854 3792 2917 ἐνὸς

2244 2947 2415 3021 βλάϐη
2450 2947 2512 3002 οὐ
2546 2946 2873 3017 λυμαίνεται
2915 2946 2981 3000 τὰ
3015 2947 3341 3015 λειπόμενα,
3378 2950 3483 3017 τῆς
3524 2946 3690 3005 αὐτῶν
3718 2965 3793 3014 φυ-

2244 3040 2407 3110 σικῆς
2462 3040 2745 3110 δυνάμεως
2792 3037 3070 3111 ἀϐλαϐοῦς
3112 3039 3499 3111 τηρουμένης.·
3532 3039 3618 3109 Μὴ
3652 3037 3789 3090 τοίνυν

544 3149 723 3203 usque
753 3134 892 3188 adeo
923 3134 1124 3191 mirum
1153 3148 1263 3186 non
1297 3139 1405 3195 est,
1445 3131 1491 3186 si
1523 3145 1759 3209 corpore
1788 3132 1984 3185 aeterni
2009 3129 2133 3186 Filii

2245 3130 2662 3201 καταπληκτέον
2687 3129 2852 3198 ἄγαν,
2883 3131 2933 3182 εἰ
2962 3128 3056 3183 τοῦ
3094 3130 3347 3200 σώματος
3377 3128 3475 3183 τοῦ
3512 3129 3667 3182 ἀϊδίου
3692 3125 3790 3180 Υἱοῦ

543 3229 808 3303 patiente,
828 3225 1189 3280 nihilominus
1206 3232 1404 3279 natura
1424 3225 1546 3295 eius
1572 3239 1680 3278 non
1712 3221 1983 3278 dissoluta
2012 3237 2140 3292 pas-

546 3317 702 3372 sione
764 3317 968 3382 caruit,
1022 3317 1368 3386 perstititque
1421 3316 1616 3379 illaesa,
1665 3331 1791 3385 quae
1851 3330 2018 3385 super
2050 3328 2141 3369 res

544 3420 737 3464 Omnes
802 3408 1116 3477 longissime
1164 3409 1309 3463 elata
1344 3392 1985 3477 nndique'dominatur,
2036 3417 2140 3462 nec

545 3499 835 3569 passiones
881 3500 992 3553 ullo
1022 3498 1182 3554 modo
1214 3500 1453 3557 suStinet
1475 3516 1490 3567 ;
1516 3500 1571 3553 in
1610 3513 1741 3569 qua,
1771 3499 1929 3567 juxta
1982 3497 2139 3568 prin-

546 3590 723 3659 cipem
758 3590 1154 3659 apostolo’rtnn,
1208 3606 1317 3644 non
1348 3600 1433 3645 est
1476 3590 1754 3651 alteratio,
1786 3602 1966 3658 neque
2029 3604 2142 3642 tnu-

546 3682 774 3735 tationis
825 3680 1044 3753 quidem
1095 3680 1467 3735 adumbratio.
1524 3682 1687 3741 Aliud
1718 3680 1819 3734 tibi
1857 3676 2136 3749 proferam

546 3774 889 3842 exemplum,
945 3789 1041 3842 per
1083 3772 1252 3845 quod,
1311 3783 1575 3848 tanquam
1640 3774 1698 3827 in
1759 3771 2006 3842 speculo,
2060 3770 2140 3824 vi-

547 3865 680 3918 deas
733 3879 842 3936 quo
876 3880 1056 3934 pacm,
1083 3866 1129 3919 si
1161 3865 1242 3919 vel
1287 3865 1472 3934 passio
1514 3864 1596 3920 vel
1669 3864 1957 3934 corruptio
1988 3861 2138 3929 acci-

549 3957 733 4011 derint
775 3957 953 4026 alicui
1019 3958 1423 4023 subsistentia',
1455 3958 1519 4011 ad
1555 3966 1807 4015 naturam
1868 3972 1974 4010 non
2013 3970 2141 4026 per-

551 4050 791 4119 tingant,
839 4052 1196 4127 quantumvis
1264 4051 1472 4106 nullam
1503 4052 1665 4104 aliam
1702 4050 1966 4109 habuerit
2009 4050 2142 4105 sub-

550 4142 885 4208 sistentiam,
938 4144 1044 4198 nisi
1087 4146 1304 4203 unicam
1362 4160 1519 4199 suam
1555 4152 1835 4197 naturam.
1898 4140 2029 4207 Fac,
2067 4144 2141 4198 mi

551 4236 768 4302 dilecte,
794 4251 862 4289 ex
884 4252 1020 4290 auro
1055 4238 1139 4289 vel
1166 4252 1276 4291 aere
1314 4235 1641 4291 formaveris
1679 4243 1922 4291 statuam
1977 4241 2144 4305 atque

550 4327 940 4389 elaboraveris,
970 4327 1014 4382 si
1044 4326 1245 4381 deinde
1294 4316 1491 4382 rursus
1550 4325 1827 4393 conﬂasti,
1860 4325 1958 4380 viri
2016 4326 2146 4379 ima-

551 4436 639 4489 go,
671 4434 795 4489 quae
843 4419 980 4472 nihil
1008 4427 1114 4482 est,
1159 4420 1338 4491 perit;
1372 4435 1570 4472 aurum
1636 4428 1820 4473 autem
1885 4418 2001 4473 sive
2038 4433 2138 4480 aes.

2246 3225 2568 3293 πάσχοντος,
2604 3221 2757 3276 οὐδὲν
2787 3215 3010 3294 ἧττονή
3055 3221 3435 3287 ἀδιάσπαστος
3475 3219 3791 3301 αὐτοῦκδιετίο

2236 3316 2366 3369 λεσε
2398 3314 2561 3391 φύσις
2587 3313 2804 3386 ἀπαθής
2841 3331 2900 3367 τε
2942 3315 3039 3367 κοιλ⁵
3061 3315 3415 3391 ἀπήμαντος,
3455 3314 3490 3386 ἡ
3538 3316 3701 3382 πάσης
3724 3312 3791 3364 οὖν

2243 3407 2365 3471 σίας
2395 3407 2779 3481 ὑπερηρμένη,
2815 3406 2911 3461 καὶ
2950 3409 3174 3461 πάντων
3204 3406 3574 3472 δεσπόζουσα,
3615 3405 3696 3459 καὶ
3713 3420 3790 3457 παι

2243 3497 2354 3552 θῶν
2376 3498 2662 3560 παντελῶς
2701 3498 3055 3562 ἀνεπίδεκτος
3084 3514 3097 3527 ⁶
3138 3500 3267 3569 παρ’
3293 3491 3349 3573 ᾗ,
3380 3498 3527 3552 κατά
3564 3498 3647 3551 τὸν
3668 3512 3788 3564 κορυ-

2244 3592 2534 3662 φαιότατον
2564 3590 2884 3659 ἀπόστολον,
2929 3592 3032 3644 οὐκ
3061 3590 3211 3645 ἔστιν
3237 3590 3587 3661 ἀλλοίωσιςῆ
3624 3589 3787 3659 τροπῆς

2243 3683 2619 3755 ἀποσκίασμα.
2661 3682 2963 3754 Τετέξομαι
2989 3682 3116 3755 (sic)
3153 3684 3212 3738 δέ
3248 3701 3331 3739 σοι
3366 3685 3465 3738 καὶ
3494 3684 3670 3756 ἕτερον
3688 3682 3786 3735 and.

2242 3777 2462 3849 δειγμα,
2493 3778 2559 3830 δι’
2589 3770 2652 3836 οῦ
2688 3776 3149 3848 κατοπτρίσεσθαι
3184 3777 3418 3852 δυνήσῃ,
3449 3777 3565 3845 πῶς
3606 3778 3675 3846 ῆ¹
3714 3773 3788 3827 πάι

2244 3867 2398 3942 θος”ἢ
2427 3869 2604 3940 φθορά
2631 3869 2814 3939 συμϐῇ
2846 3885 2954 3921 τινι
2980 3867 3304 3931 ὑποστάσει,
3337 3872 3438 3925 ἐπὶ
3464 3869 3561 3943 τὴν
3593 3868 3728 3937 φύσιν
3744 3866 3785 3917 οὺ

2242 3961 2534 4026 διαϐαίνει,
2579 3961 2685 4016 κᾶν
2715 3961 2858 4034 λάχῃ
2903 3961 2979 4033 μὴ
3027 3943 3226 4033 ἐχούσῃ
3271 3963 3403 4033 (sic)
3441 3962 3731 4024 ὑπόστασιν,
3753 3958 3788 4009 εξ

2246 4054 2322 4127 μὴ
2360 4053 2489 4125 μίαν
2549 4053 2733 4126 φύσιν.
2778 4054 2913 4109 Ἀπὸ
2943 4054 3150 4126 χρυσοῦ
3196 4055 3389 4125 τυχὸν,
3427 4048 3474 4108 ὦ
3521 4049 3788 4124 φιλότης.ἦ

2243 4146 2446 4217 χαλκοῦ
2478 4145 2917 4217 μορφωσάμενος
2940 4146 3238 4217 ἀνδριάντα
3273 4147 3370 4199 καὶ
3399 4144 3788 4204 κατασκευάσας,

2244 4240 2293 4291 εί
2322 4237 2484 4295 πάλιν
2518 4237 2687 4292 αὑτὸν
2716 4237 3131 4309 ἀναχωνεύσῃς,
3167 4238 3228 4291 τδ
3263 4238 3459 4311 μηδὲν,
3497 4235 3790 4309 ἀνδρείκελον

2245 4332 2545 4387 ἀπόλλυται
2587 4331 2863 4405 μόρφωμα
2889 4347 2902 4360 ·
2938 4331 3044 4383 ὁδὲ
3079 4331 3280 4401 χρυσὸς
3311 4331 3345 4404 ἢ
3382 4334 3411 4386 ὁ
3445 4331 3655 4402 χαλκὸς,
3677 4329 3788 4389 ὅστις

2244 4425 2322 4495 τῷ
2352 4425 2630 4496 ἀνδριάντι
2661 4423 2823 4493 φύσις
2874 4423 3144 4494 ὑπῆρχεν,
3182 4423 3430 4496 ἀϐλαϐής
3464 4442 3522 4477 τε
3563 4423 3697 4495 μένει
3720 4419 3788 4473 καὶ

551 4516 699 4583 quod
730 4521 925 4567 statua:
996 4514 1231 4581 praebuit
1260 4524 1542 4575 naturam,
1597 4512 1815 4569 salvum
1859 4519 2050 4566 manet
2086 4519 2137 4565 et

2245 4515 2507 4587 ἀφθορος.
2555 4514 2716 4569 Ἀλλά
2737 4531 2829 4586 μοι
2854 4515 2875 4546 ⁶
2898 4514 3019 4567 λίαν
3046 4518 3158 4579 τοῖς
3193 4516 3558 4586 ὑποδείγματι
3582 4514 3785 4583 πρόσεχε,

555 4605 850 4676 integrum.
886 4590 964 4660 De,
991 4606 1204 4676 reliquo
1244 4621 1377 4659 cave
1401 4603 1635 4659 secteris
1672 4603 1907 4657 nimium
1950 4619 2143 4658 exem-

556 4697 665 4767 pla,
698 4709 864 4766 atque
925 4697 1227 4767 prudenter
1281 4696 1680 4761 animadverte,
1731 4711 1841 4749 non
1900 4710 2144 4760 omnem,

554 4804 679 4859 qua:
735 4790 863 4843 inde
891 4789 992 4843 tibi
1023 4789 1255 4852 oriatur,
1314 4788 1495 4841 ideam
1548 4786 1827 4842 deducere
1858 4787 1924 4840 ad
1960 4787 2145 4840 divina

556 4881 835 4953 dogmata,
874 4881 970 4937 sed
1000 4881 1163 4936 rudes
1194 4896 1322 4953 esse
1373 4880 1829 4939 adumbrationes
1880 4881 2147 4949 quasdam

557 4986 612 5030 et
642 4976 803 5044 quasi
834 4976 1038 5029 ductus
1058 4975 1299 5044 aliquos,
1336 4973 1511 5027 solius
1547 4973 1778 5027 theorize
1804 4987 1993 5036 eausa,
2021 4988 2150 5044 pro-

558 5075 682 5138 pter
699 5082 860 5136 quam
883 5066 1082 5119 tradita
1117 5066 1439 5135 recipimus,
1464 5064 1557 5117 sed
1594 5054 1879 5133 analogice
1907 5071 2146 5119 tantum.

559 5159 699 5226 Quin
745 5162 855 5214 imo
906 5161 1167 5230 perlonge
1233 5159 1500 5214 submove
1531 5157 1601 5211 ab
1648 5154 1972 5210 hominibus
2017 5156 2152 5226 piis,

558 5258 613 5304 et
649 5250 741 5319 qui
784 5250 887 5303 sibi
936 5250 1109 5320 probe
1167 5257 1466 5314 constant,
1497 5246 1868 5318 quodcunque
1914 5243 2154 5301 alienum

558 5350 613 5397 et
659 5342 983 5413 discrepans
1028 5342 1303 5396 videatur.
1358 5340 1621 5394 Discerne
1658 5353 1877 5408 semper
1921 5342 2157 5401 similea

2243 4608 2509 4678 νουνεχῶς
2561 4608 2655 4663 καὶ
2706 4608 3000 4676 φυλάττου,
3048 4606 3123 4680 μὴ
3174 4608 3359 4661 πᾶσαν
3404 4608 3503 4678 τὴν
3548 4603 3603 4672 ἐξ
3647 4601 3785 4658 αὑτῶ)

2245 4700 2649 4764 ἀνατέλλουσάν
2680 4717 2762 4753 σοι
2800 4702 2976 4755 οἰκεῖα
2997 4701 3016 4731 ⁷
3053 4699 3315 4770 μετάγειν
3344 4700 3442 4751 ἐπὶ
3480 4700 3545 4751 τὰ
3570 4698 3675 4750 θεῖα
3693 4694 3784 4759 δότ·

2250 4808 2418 4863 ματα,
2445 4790 2580 4845 ἀλλὰ
2609 4791 2919 4861 παχήματά
2950 4808 3075 4844 τινα
3105 4791 3199 4845 καλ⁵
3228 4792 3522 4860 ἐμφάσεις,
3564 4782 3782 4859 ὀρμαζού·

2251 4902 2347 4948 σας
2369 4884 2391 4915 ⁸
2431 4885 2511 4946 είς
2544 4882 2802 4954 θεωρίαν,
2844 4877 2912 4955 ἦς
2940 4870 3151 4936 εἵνεκεν
3189 4882 3690 4953 παραλαμϐάνονται
3716 4873 3784 4943 μόη

2248 4995 2340 5032 νον
2391 4975 2689 5042 ἀναλόγως.
2758 4976 2874 5039 Πᾶς
2922 4977 3347 5045 ἀπεπεμφαῖνον
3375 4977 3396 5007 ⁹
3446 4977 3537 5028 καὶ
3581 4968 3782 5028 amomi»;

2251 5068 2723 5137 ἀποπεμπόμενος
2767 5065 2843 5130 ὡς
2898 5066 3159 5121 ἀποτάτω
3213 5068 3409 5138 φρεσὶν
3455 5064 3683 5119 εὐσεϐέσι
3717 5057 3783 5110 καὶ

2256 5158 2544 5233 σταθεραίς
2570 5197 2584 5222 ,
2631 5157 2926 5229 διακρίνων
2960 5159 3048 5211 ἀεὶ
3106 5158 3201 5212 τοῦ
3249 5160 3440 5229 ὁμοίου
3464 5158 3522 5211 τὸ
3560 5156 3778 5222 ἀνόμοιονν

2254 5244 2344 5303 οἷά
2366 5267 2448 5313 τις
2480 5250 2775 5321 λικμήτωρ
2807 5249 3205 5321 ἀκριϐέστατος
3232 5252 3339 5305 τοῦ.
3361 5250 3510 5306 σίτου
3533 5249 3588 5305 τὸ
3615 5240 3783 5317 ἀκυρῶ-

2256 5342 2342 5406 δες
2377 5339 2819 5413 ἐκλικμώμενος.

560 5432 838 5498 dissimili,
872 5436 936 5489 ad
982 5437 1292 5506 exemplum
1356 5434 1705 5490 ventilatoris
1762 5435 2005 5490 maxime
2066 5434 2347 5500 industrii,
2382 5437 2474 5505 qui
2514 5442 2739 5506 separat
2786 5449 2814 5488 a
2867 5433 3164 5501 frmnento,
3219 5432 3482 5505 quidquid
3526 5431 3604 5487 vel
3657 5424 3784 5499 μῑθε

560 5527 794 5597 speciem
826 5526 1015 5582 refert.

1858 5706 2095 5763 VARIAE
2144 5705 2552 5761 LECTIONES.

623 5798 644 5830 ³
685 5798 977 5866 ἀϐλαϐοῦς.
1056 5802 1077 5834 ⁵
1108 5802 1207 5858 δεῖ.
1282 5804 1302 5833 ³
1336 5804 1438 5875 leg.
1471 5805 1539 5855 εἰ.
1614 5811 1633 5842 ⁸
1666 5802 1798 5855 ἀλλὰ
1834 5804 1929 5877 μή.

2010 5804 2029 5834 ⁷
2060 5803 2225 5856 ζδέαν.
2301 5804 2320 5833 ⁸
2348 5804 2455 5874 leg.
2486 5802 2865 5874 ἁρμοζούσας.

2971 5804 2991 5836 9
3032 5801 3516 5875 ἀποπεμπόμενον.
