4000 6452
242 367 394 435 1609

1504 365 1601 430 DE
1662 365 2253 431 INCARNATIONE.

3372 360 3512 428 1610

333 488 401 542 Ἥ
424 486 608 559 μέντοι
628 488 738 543 τῶν
757 488 850 544 δύο
868 486 1085 560 φύσεων
1110 490 1326 553 ἓνωσις,
1351 489 1450 560 τῆς
1468 489 1723 559 θεότητὸς
1746 506 1829 553 τε,

2007 481 2249 540 Duarum
2279 491 2625 548 naturarum,
2644 481 2973 547 divinitatis,
2996 481 3241 554 inquam,
3256 490 3309 536 et
3326 481 3514 535 bitum-

235 578 416 647 φημὶ,
442 578 537 630 καὶ
580 578 1021 649 ἀνθρωπότητος,
1049 579 1222 642 οὕτως
1248 582 1305 631 ὲν
1326 581 1392 650 τῇ
1418 580 1709 633 ὑποστάσει
1735 578 1829 631 τοῦ

238 666 580 735 μονογενοῦς
600 664 695 721 τοῦ
727 669 897 723 ἀϊδίου
927 667 1055 722 Υίοῦ
1079 668 1173 722 τοῦ
1199 669 1335 721 Θεοῦ
1361 668 1581 737 λέγεται
1611 668 1834 737 γεγονὲ-

235 773 362 823 ναι,
395 757 520 828 δίχα
550 760 755 829 τροπῆς
788 761 883 814 καὶ
914 759 1132 831 φυρμοῢ
1163 759 1255 813 καὶ
1281 760 1629 828 συγχύσεως·
1661 759 1736 821 ὡς
1765 754 1831 828 ἦν

240 846 356 916 μὲν
384 848 413 900 ὁ
447 850 782 920 συνάναρχος
809 850 888 921 τῷ
916 852 1093 919 Πατρὶ
1126 852 1220 904 καὶ
1253 851 1540 914 συναῖδιος,
1577 850 1651 920 μὴ
1692 850 1854 921 ἔχων,

236 937 306 990 ὲν
342 942 411 1009 τῇ
458 939 680 1011 ἰδιότητι
709 941 875 995 αὐτοῦ
929 941 1092 1010 φύσιν
1126 941 1320 1012 ἑτέραν
1350 941 1839 1011 κατηγορουμένην.

234 1029 418 1083 αὑτοῦ
455 1031 606 1101 παρὰ
654 1031 752 1102 τὴν
802 1033 952 1087 θείαν
999 1034 1297 1103 πατρικὴν,
1344 1033 1441 1102 τὴν
1471 1032 1724 1086 ἀκτιστόν
1773 1048 1831 1082 τε

236 1119 344 1170 καὶ
375 1119 791 1189 ἀπερίγραπτον
810 1136 824 1149 ⁸
855 1119 942 1173 διὰ
983 1120 1037 1172 δὲ
1085 1119 1291 1189 πλῆθος
1323 1118 1506 1180 ἐλέους
1534 1117 1629 1171 καὶ
1653 1117 1836 1185 φιλαν-

235 1207 500 1279 θρωπίαν
540 1210 766 1278 ἄφατον,
811 1210 881 1262 δι’
922 1210 1199 1280 ἡμετέραν
1245 1208 1517 1278 σωτηρίαν
1559 1206 1647 1260 ἐπ’
1676 1207 1834 1277 ἐσχά-

234 1315 361 1352 των
389 1300 497 1353 τῶν
534 1301 761 1371 ἡμερῶν
786 1300 1166 1371 κατεληλυθὼς
1204 1299 1262 1365 ἐξ
1296 1298 1547 1370 οὐρανοῦ,
1577 1299 1699 1352 ὃθεν
1734 1299 1834 1349 οὐκ

237 1391 472 1461 ἀπέστη
499 1394 564 1463 τῇ
597 1395 777 1447 πάντα
807 1392 1089 1464 πληρούσῃ
1127 1394 1362 1463 θειότητι,
1399 1393 1494 1447 καὶ
1532 1390 1835 1463 σαρκωθεὶς

233 1483 307 1535 ἐκ
355 1483 675 1553 Πνεύματος
718 1484 877 1552 ἁγίου
906 1483 1126 1553 καὶτῆς
1175 1485 1520 1554 παναμώμου
1566 1483 1661 1536 καὶ
1692 1482 1833 1534 Ἀει-

236 1572 525 1640 παρθένου
567 1575 808 1643 Μαρίας,
855 1574 1013 1644 ἔσχεν
1038 1576 1096 1627 ὲν
1129 1574 1278 1644 αὐτῷ
1319 1572 1529 1627 τελείαν
1558 1572 1652 1625 καὶ
1681 1572 1838 1625 ἀνελ-

234 1664 385 1736 λιπῆ
418 1665 516 1737 τὴν
552 1668 778 1735 κτιστὴν
826 1667 924 1719 καὶ
948 1667 1198 1737 παθητὴν
1247 1666 1343 1719 καὶ
1381 1664 1721 1735 ἀνθρώπειον
1743 1665 1835 1717 οὐ-

235 1752 399 1817 σίαν,
431 1754 918 1827 κατηγορουμένην
949 1754 1138 1818 αὑτοῦ,
1180 1754 1360 1818 καθὼς
1389 1756 1482 1807 καὶ
1510 1755 1543 1824 ὴ
1574 1753 1693 1807 θεία
1734 1755 1837 1823 φύ·

1950 577 2143 631 uitatis
2174 577 2326 640 unio,
2361 577 2415 630 in
2442 589 2676 643 persona
2730 574 2999 645 unigeniti
3029 574 3217 628 attenti
3256 571 3378 626 Filii
3415 572 3510 624 l).-i
3560 598 3571 605 -

1937 668 2017 723 sic
2046 668 2188 722 facta
2210 683 2333 723 esse
2351 667 2645 732 dicitur,ut
2669 667 2817 719 nulla
2846 666 2982 720 foret
3003 681 3103 719 nec
3129 665 3382 730 mutatio,
3411 682 3511 718 nec

1934 758 2187 822 mistura,
2216 774 2314 812 nec
2340 757 2623 821 confusio;
2643 766 2790 811 esset
2815 757 2933 811 sine
2958 756 3228 826 principio
3247 767 3304 810 ut
3326 754 3509 819 Pater,

1938 855 1993 901 et
2023 855 2329 901 coaeternus
2357 844 2564 914 Filius;
2622 860 2820 916 neque,
2845 848 2890 901 si
2949 851 3338 917 proprietatem
3389 848 3514 916 ejus

1938 946 2171 1005 spectes,
2200 937 2385 991 aliade
2406 937 2524 1005 ipso
2553 938 2942 1007 praedicaretur
2966 946 3182 1003 natura,
3216 953 3380 1007 quam
3421 936 3513 995 di—

1937 1028 2060 1080 vina
2092 1038 2344 1097 paterna,
2377 1044 2485 1082 nun
2516 1037 2720 1089 eteata,
2749 1044 2858 1082 non
2897 1030 3336 1100 circumscripta.
3381 1028 3513 1082 Pro-

1937 1127 2057 1188 pter
2096 1119 2487 1174 misericordiae
2533 1135 2659 1173 vero
2683 1120 3134 1190 magnitudinem,
3172 1129 3225 1174 et
3253 1121 3511 1175 buntauio

1940 1214 2103 1259 tatem
2162 1206 2309 1259 nulla
2368 1206 2661 1261 verborum
2721 1209 2880 1278 copia
2927 1210 3362 1280 exprimendam,
3420 1225 3516 1280 per

1937 1298 2053 1353 dies
2079 1298 2326 1363 ultimos,
2365 1307 2425 1353 ut
2456 1301 2688 1355 salutem
2723 1302 2883 1358 nobis
2939 1303 3248 1375 largiretur,
3275 1305 3509 1360 descen-

1936 1388 2015 1441 dit
2041 1404 2074 1443 e
2097 1391 2261 1454 cauo,
2295 1390 2440 1446 unde
2470 1392 2672 1447 deitate
2696 1407 2794 1447 sua
2824 1395 3008 1446 omnia
3063 1395 3322 1464 implente
3362 1413 3506 1451 nun-

1938 1493 2101 1548 quam
2128 1478 2325 1543 abfuit,
2354 1482 2518 1535 homo
2543 1480 2719 1539 factus
2741 1494 2826 1538 est
2849 1501 2944 1554 per
2968 1486 3228 1556 Spiritum
3253 1496 3506 1544 sanctqu

1938 1579 1991 1623 et
2023 1568 2431 1625 inuuaculatam
2474 1587 2798 1644 semperque
2825 1571 3107 1647 Virginem
3144 1577 3392 1642 Mariam,
3432 1590 3509 1634 te.

1940 1660 2060 1713 nuit
2086 1660 2412 1729 perfecmm,
2434 1670 2486 1717 et
2511 1664 2598 1717 cui
2629 1663 2767 1726 nihil
2794 1664 2969 1729 deest,
3000 1667 3292 1721 humanam
3325 1683 3512 1723 essen-

1942 1750 2093 1815 tiam,
2141 1766 2262 1819 qua:
2287 1751 2356 1808 de
2379 1752 2496 1822 ipso
2557 1752 2892 1821 praedicatur
2956 1757 3182 1825 perinde
3221 1772 3284 1812 ac
3316 1765 3511 1812 natura

236 1862 353 1909 σις.
405 1846 559 1898 Ἐπεὶ
595 1840 688 1899 οὖν
718 1848 774 1899 ὲν
810 1845 961 1916 αὐτῷ
986 1845 1248 1916 συνῆλθον
1277 1848 1333 1900 αἱ
1357 1846 1452 1899 δύο
1485 1847 1702 1915 φύσεις,
1743 1847 1835 1900 καὶ

1940 1840 2148 1896 divina.
2194 1842 2464 1908 Quoniam
2500 1859 2632 1914 ergo
2664 1846 2718 1898 in
2740 1860 2808 1900 eo
2837 1854 3216 1901 convenerunt
3266 1849 3385 1903 duze
3410 1864 3510 1903 na.

232 1934 384 2004 ἐμοῦ
415 1933 538 1986 κατ’
563 1933 729 1987 αὐτοῦ
776 1935 1231 2006 κατηγοροῦνται,
1280 1936 1421 2006 μετά
1468 1936 1686 1989 πάντων
1728 1936 1835 1989 τῶν

236 2026 501 2094 φυσικῶν
527 2027 707 2080 αὐτῶν
735 2027 1064 2097 ἰδιωμάτων,
1096 2027 1185 2081 διὰ
1209 2027 1369 2080 τοῦτο
1397 2027 1644 2097 λέγονται
1669 2028 1836 2099 ἄμφω
1864 2036 1867 2037 ⁷

232 2120 296 2171 ἐν
356 2117 622 2188 ἀλλήλαις
678 2121 734 2172 ὲν
781 2119 929 2189 αὑτῷ
975 2119 1238 2189 ἡνῶσθαι,
1295 2119 1581 2189 ἀτρέπτως
1606 2132 1688 2172 ’τε
1742 2120 1835 2172 καὶ

233 2209 579 2278 ἀσυγχύτως
631 2209 728 2263 καὶ
777 2210 1186 2273 ἀναλλοιώτως·
1238 2212 1377 2264 κατά
1430 2211 1557 2281 μίαν
1588 2211 1697 2281 γὰρ
1741 2214 1835 2264 καὶ

232 2301 343 2369 τὴν
398 2303 574 2372 αὐτὴν
602 2302 694 2355 τοῦ
739 2302 910 2355 ἀϊδίου
958 2303 1089 2356 Υἱοῦ
1120 2305 1415 2357 ὑπόστασιν
1466 2304 1750 2374 ἠνώθησαν
1779 2304 1833 2356 αί

234 2393 337 2445 δύο
370 2393 587 2462 φύσεις.
628 2393 789 2447 Ὅθεν
819 2395 914 2447 καὶ
938 2395 966 2446 ὁ
1001 2393 1163 2457 αὐτὸς
1195 2394 1364 2458 ἀΐδιος
1396 2394 1521 2457 Υἱὸς
1552 2395 1827 2465 κεχρημά-

233 2501 401 2538 τικεν
435 2484 838 2555 ἀριθμούμενος
863 2485 1007 2539 κατὰ
1043 2486 1140 2555 τὴν
1193 2486 1342 2539 θείαν
1376 2485 1537 2553 φύσιν
1574 2487 1709 2556 μετὰ
1738 2484 1833 2538 τοῦ

240 2575 473 2645 Πατρδς
526 2576 622 2628 καὶ
671 2575 765 2627 τοῦ
810 2575 1144 2644 Πνεύματος,
1195 2578 1288 2629 καὶ
1338 2577 1457 2645 μεθ’
1486 2576 1645 2647 ἡμῶν
1693 2574 1835 2629 κατὰ

237 2670 349 2739 τὴν
384 2669 663 2738 ἡμετέραν
691 2667 1036 2739 ἀνθρωπείαν
1063 2665 1224 2737 φύσιν
1254 2669 1282 2721 ὁ
1308 2667 1471 2731 αὐτὸς
1495 2667 1835 2739 ἀριθμούμε-

242 2776 365 2823 νος,
401 2758 498 2823 καὶ
546 2757 691 2810 κατὰ
725 2757 886 2810 τοῦτο
929 2758 958 2809 ὁ
997 2757 1159 2817 αὐτὸς
1209 2757 1304 2810 καὶ
1352 2757 1492 2828 μετὰ
1523 2759 1621 2829 τὴν
1668 2759 1834 2813 αὑτοῦ

241 2847 697 2917 ὲνανθρὼπησιν,
743 2848 838 2899 καὶ
881 2847 979 2915 τὴν
1023 2847 1298 2917 ἄφραστον
1339 2848 1449 2901 τῶν
1483 2848 1678 2902 ἑαυτοῦ
1711 2867 1834 2903 συν-

242 2936 583 3011 δραμουσῶν
628 2936 723 2990 δύο
778 2932 993 3005 ῐρύσεων
1036 2938 1242 3007 ἀφυρόν
1293 2954 1353 2990 τε
1392 2940 1489 2990 καὶ
1530 2940 1835 3010 ἀσύγχυτον

240 3030 473 3092 ἱνωσιν,
506 3024 583 3092 εἷς
618 3029 734 3081 ἐστι
757 3028 867 3083 τῶν
905 3027 1226 3096 ἀνθρώπων,
1262 3029 1361 3082 οὐκ
1390 3028 1519 3082 ἄλλο
1567 3030 1661 3084 καί⁵
1683 3030 1831 3093 ἄλλο,

238 3120 316 3172 δι’
360 3112 428 3171 οὗ
474 3117 817 3188 σεσώσμεθα,
867 3118 962 3173 καὶ
996 3120 1074 3179 εἰς
1109 3118 1207 3186 τὴν
1233 3118 1468 3189 ἀρχαίαν
1521 3118 1834 3190 ὲκλήθημεν

246 3209 665 3281 μακαριότητα,
703 3209 791 3262 διὰ
830 3209 937 3262 τῶν
969 3210 1252 3281 σωτηρίων
1282 3209 1447 3264 αὐτοῦ
1476 3209 1835 3281 παθημάτων,

243 3299 347 3354 τοῦ
383 3315 446 3352 τε
478 3299 746 3363 ζωοποιοῦ
783 3300 1017 3355 θανάτου
1060 3302 1156 3355 καὶ
1195 3300 1295 3369 τῆς
1338 3301 1641 3371 τριημέρου
1675 3300 1840 3354 αὐτοῦ

242 3393 470 3462 ταφῆς,
518 3392 613 3444 καὶ
663 3392 877 3462 νεκρῶν
924 3393 1308 3460 ἀναστάσεως,
1356 3392 1839 3457 ἀθανατισθέντες,

245 3484 349 3537 καὶ
383 3482 871 3553 ἀφθαρτισθέντες,
983 3485 1132 3550 δόξα,
1181 3485 1315 3556 τιμὴ
1350 3485 1443 3538 καὶ
1485 3487 1705 3556 κράτος,
1743 3487 1840 3539 σὺν

246 3574 334 3646 τῷ
356 3574 583 3645 ἀνάρχῳ
614 3575 775 3628 αὑτοῦ
799 3578 996 3648 Πατρὶ,
1023 3577 1119 3630 καὶ
1140 3575 1217 3646 τῷ
1248 3576 1505 3647 παναγίῳ
1535 3576 1838 3646 Πνεύματι,

242 3668 328 3729 εἰς
368 3666 499 3729 τοὺς
535 3665 736 3730 αίῶνας
769 3667 877 3720 τῶν
913 3667 1146 3721 αίώνων.
1190 3668 1381 3737 Ἀμήν.

262 3856 751 3887 =—=—————

1941 1941 2097 1998 turze,
2140 1943 2193 1987 et
2240 1933 2400 1987 simul
2432 1934 2499 1989 de
2527 1949 2593 1988 co
2632 1936 3024 2004 praedicantur,
3078 1953 3201 1992 cum
3256 1940 3511 1994 omnibus

1940 2013 2641 2094 ipsarum'proprietatibus
2664 2028 3027 2094 naturalibus,
3058 2028 3319 2084 dicuntur
3344 2039 3512 2085 utra:-

1937 2106 2179 2182 qne'sibi
2216 2116 2447 2169 invicem
2470 2116 2522 2168 in
2547 2132 2612 2171 eo
2637 2118 2805 2182 uniri,
2832 2118 3253 2175 immutabiliter
3303 2128 3510 2187 tamen,

1939 2204 2231 2258 inconiuse
2253 2214 2307 2259 et
2330 2206 2748 2263 inaltcrabiliter
2779 2228 2790 2262 :
2816 2209 2971 2277 juxta
3001 2227 3163 2265 unam
3193 2213 3336 2266 enim
3359 2229 3510 2268 eam-

1938 2296 2175 2365 demque
2202 2311 2495 2365 personam
2558 2301 2748 2352 aeterni
2778 2298 2898 2353 Filii
2937 2302 3101 2357 unita:
3128 2314 3255 2357 sunt
3277 2302 3357 2357 ita:
3390 2304 3513 2359 dua:

1938 2396 2169 2441 naturae.
2232 2388 2374 2442 Hinc
2430 2388 2573 2444 idem
2609 2390 2696 2445 ille
2751 2398 2988 2447 αξιοι-ηυξ
3017 2392 3187 2449 Filius
3210 2398 3509 2450 secundum

1940 2480 2181 2534 divinam
2216 2492 2470 2534 naturam
2505 2493 2831 2537 numeratur
2867 2500 2989 2538 eum
3041 2484 3197 2540 Patre
3221 2495 3275 2540 et
3307 2485 3513 2555 Spiritu

1940 2582 2158 2637 saneto,
2198 2580 2249 2627 et
2276 2575 2562 2627 nobiscum
2599 2576 2762 2629 etiam
2795 2586 3115 2632 numeratur
3141 2578 3295 2647 juxta
3323 2579 3516 2633 buma.
3604 2638 3613 2645 η

1939 2678 2065 2718 nam
2117 2673 2385 2728 nostram,
2443 2676 2833 2735 prnpzereaque
2860 2666 2945 2720 vel
2969 2676 3093 2735 post
3128 2676 3379 2722 naturam
3405 2668 3509 2721 bu-

1942 2769 2155 2811 manam
2188 2763 2549 2824 assumptam,
2587 2765 2639 2808 et
2672 2756 3111 2826 inexplicabilem
3140 2757 3372 2811 duarum
3392 2758 3514 2827 ejus

1939 2854 2257 2900 naturarum
2288 2848 2734 2900 concurrentium
2760 2863 2869 2901 non
2914 2849 3131 2902 mistam
3183 2865 3360 2918 neque
3381 2865 3513 2904 eon-

1937 2937 2113 2990 fusam
2149 2936 2430 3001 unionem,
2461 2936 2602 2991 idem
2625 2948 2705 2992 est
2738 2953 2880 2992 unus
2907 2940 3298 2994 sacratissime
3322 2938 3505 2994 Trini-

1948 3028 2098 3091 tatis,
2148 3036 2312 3097 atque
2364 3028 2529 3082 etiam
2576 3028 2715 3082 idem
2761 3043 2903 3084 unus
2931 3039 3016 3083 est
3047 3030 3353 3092 hominum,
3403 3047 3514 3084 non

1942 3118 2087 3173 aliud
2120 3119 2395 3188 aliudque,
2452 3120 2543 3189 qui
2592 3134 2694 3174 nos
2760 3122 2999 3175 servavit
3037 3132 3092 3175 et
3130 3122 3182 3176 in
3215 3122 3509 3191 pristinam

1942 3210 2191 3264 evocavit
2216 3210 2544 3275 libertatem,
2575 3211 2667 3279 qui
2693 3224 2789 3280 per
2814 3213 3086 3268 salutares
3109 3211 3329 3266 dolores
3358 3228 3512 3275 suos,

1940 3315 2036 3370 per
2073 3307 2301 3354 mortem
2356 3299 2766 3365 vivificantem,
2824 3315 2919 3370 per
2957 3301 3122 3354 trium
3169 3299 3387 3356 dierum
3430 3315 3517 3356 se-

1938 3392 2239 3462 pulturam,
2272 3407 2369 3461 per
2416 3393 2879 3447 resurrectionem
2911 3404 2941 3444 a
2969 3392 3222 3459 mortuis,
3260 3407 3358 3447 nos
3393 3393 3519 3447 red—

1939 3481 2079 3538 didit
2133 3483 2473 3538 immortales
2515 3490 2567 3536 et
2621 3483 3065 3553 incorruptibiles
3097 3523 3112 3549 ,
3167 3482 3255 3538 cui
3308 3484 3514 3554 gloria,

1944 3575 2118 3629 honor
2143 3584 2197 3630 et
2226 3582 2489 3642 potestas,
2520 3590 2643 3629 cum
2672 3573 2832 3630 Patre
2856 3575 2977 3644 ejus
3003 3574 3121 3629 sine
3152 3576 3443 3644 principio,
3462 3586 3519 3629 et

1944 3665 2293 3723 sanctissimo
2324 3666 2528 3736 Spiritu
2549 3704 2566 3730 ,
2596 3666 2650 3720 in
2682 3666 2877 3722 saicuIa
2925 3666 3273 3721 saeculorum.
3323 3665 3514 3729 Amen.

2966 3858 3492 3893 rm

928 4015 1032 4074 EX
1055 4014 1443 4077 CHRONICO
1488 4017 1808 4079 SYRIACO
1847 4016 2186 4080 DIONYSII
2275 4016 2806 4082 TELMARENSIS

1454 4187 2322 4278 FRAGMEN'I‘UM.

1288 4382 1451 4452 (Aug.
1474 4380 1602 4447 Mar,
1624 4382 1877 4453 Spiciteg.
1915 4381 2063 4440 Rom.
2094 4392 2134 4440 t.
2172 4400 2224 4452 ι,
2252 4401 2305 4456 p.
2337 4384 2493 4456 2‘23.)

332 4539 527 4595 Placet
556 4538 707 4617 nobis
763 4553 983 4617 vacuam
1037 4537 1187 4617 forte
1210 4539 1461 4617 paginam
1512 4554 1768 4617 occupare
1788 4541 2205 4617 narratiapcjuta
2223 4544 2663 4617 _de_imprudettt_e
2684 4543 2909 4613 quodam
2954 4540 3145 4601 Pltoca'
3177 4545 3520 4617 imperatoris

262 4611 450 4679 jussu,
484 4612 574 4680 qui
624 4611 861 4663 salutare
893 4610 1152 4680 baptismi
1182 4611 1493 4680 mysterium
1548 4610 1830 4680 sacrilegio
1854 4619 1907 4662 et
1927 4612 2167 4680 perﬁdia:
2217 4614 2505 4667 invitorum
2530 4610 2869 4677 Judmorum,
2902 4627 3090 4670 contra
3120 4610 3318 4670 marem
3364 4616 3524 4672 Chri-

256 4676 456 4753 stiana:
487 4676 1369 4753 Ecclesiw,polluendum_ob_rulit.
1400 4676 1543 4753 Bent
1562 4678 1699 4753 hanc
1725 4676 1950 4753 quinque
1978 4676 2184 4753 tanaim
2216 4682 2383 4737 verbis
2406 4685 2663 4753 attigerat
2690 4676 3012 4739 Auentanus
3044 4687 3183 4740 Bibl.
3217 4685 3432 4741 Oriettt.
3459 4685 3520 4749 ll,

251 4765 304 4872 ρ
338 4750 490 4803 102ε
526 4748 740 4802 Phocas
777 4747 1083 4818 imperator
1125 4747 1347 4804 Iudaeos
1400 4748 1665 4817 baptizari
1706 4747 2393 4823 cemp’ulit..Verumtamen
2444 4747 2647 4823 integer
2691 4753 2939 4824 Dionysii
2977 4766 3147 4810 textus
3198 4757 3253 4810 in
3284 4747 3522 4810 nostram

272 4821 496 4872 inauam
523 4832 806 4871 conversus
836 4819 915 4871 ita
948 4834 1002 4871 se
1019 4818 1173 4871 habet
1211 4832 1225 4871 :

272 4836 287 4870 1

296 4836 496 4890 nguam
523 4832 806 4871 conversus
836 4819 915 4871 ita
948 4834 1002 4871 se
1019 4818 1173 4871 habet
1211 4832 1225 4871 :

326 4933 488 4986 Anno
512 4928 824 4984 Grzteorum
883 4930 987 4986 928
1014 4930 1237 5003 (Christi
1269 4930 1585 5003 617)jussit
1627 4928 1838 5003 Bhocas
1873 4936 1915 4991 Ι)
1945 4952 1974 4990 e
2023 4939 2359 5006 primoribus
2413 4956 2585 5008 unus,
2648 4941 2874 4995 nomine
2923 4940 3135 5007 Nunus,
3186 4944 3467 5015 respondit
3502 4963 3516 4999 :

252 5025 561 5095 imperator
578 5030 636 5075 ut
663 5036 855 5076 omnes
879 5021 1074 5075 ditioni
1105 5037 1218 5077 sua:
1251 5023 1486 5092 subjecti
1510 5022 1681 5078 Judaei
1707 5022 1840 5093 bap-

254 5119 595 5178 tizarentur;
631 5111 893 5181 misitque
932 5111 1370 5185 Hierosolymam
1418 5122 1583 5183 atque
1617 5114 1671 5167 in
1712 5114 1840 5167 uni-

254 5221 477 5260 versam
498 5203 842 5258 Paltestinam
867 5202 1160 5274 Georgium
1185 5204 1481 5274 provincia:
1495 5203 1837 5273 praefectum,

266 5304 321 5348 ut
353 5296 529 5349 Judwi
582 5296 764 5349 cuncti
819 5296 874 5348 in
898 5309 961 5348 ea
985 5295 1212 5349 civitate
1270 5295 1635 5366 ﬁnitimisque
1695 5285 1838 5351 iocis

260 5396 543 5440 morantes
588 5385 654 5440 ad
710 5386 1043 5456 baptismum
1075 5387 1445 5455 adigerentur.
1488 5385 1539 5441 Is
1564 5386 1835 5456 primores

262 5476 483 5531 illorum
508 5478 614 5533 sibi
646 5486 888 5533 astantes
918 5479 1302 5550 interrogavit.
1332 5495 1460 5533 num
1487 5480 1628 5535 servi
1661 5478 1836 5548 impe-

267 5569 468 5624 rataris
502 5569 728 5624 essent?
757 5568 969 5636 Quibus
1001 5570 1421 5630 aﬂirmautibus.
1456 5569 1532 5622 ait
1571 5587 1584 5622 :
1621 5567 1841 5622 Mandat

266 5665 428 5713 terra:
442 5658 723 5729 dominus,
744 5671 805 5716 ut
823 5663 1156 5733 baptismum
1190 5661 1517 5717 admittatis.
1537 5659 1837 5716 Silentibus

278 5746 433 5820 ipsis,
457 5751 615 5817 Qltldt
640 5754 678 5820 i,
711 5754 889 5823 inquit
917 5751 1225 5827 praefectus,
1258 5748 1646 5823 respendetis?
1680 5747 1833 5802 Tunc

562 5873 835 5945 PA'rvtoL.
872 5875 987 5933 (ia.
1032 5871 1277 5932 XCV”.

1944 5028 2218 5098 Quidquid
2251 5030 2703 5084 terrm’dominus
2727 5030 2985 5097 jusserit,
3036 5032 3324 5088 confestim
3358 5050 3520 5090 exse-

1943 5137 2196 5191 quemur,
2225 5121 2326 5175 boc
2358 5137 2466 5176 uno
2517 5133 2770 5190 excepto,
2832 5121 2976 5191 quod
3022 5135 3282 5193 prastare
3319 5126 3522 5194 nequi-

1946 5230 2088 5279 mus,
2111 5215 2240 5282 quia
2260 5214 2507 5268 nondum
2536 5214 2871 5282 suscipiendi
2906 5216 3051 5269 sacri
3091 5215 3347 5286 baptismi
3379 5225 3521 5271 tem-

1945 5320 2047 5373 pus
2094 5305 2335 5358 advenit.
2388 5305 2505 5359 Hoe
2558 5304 2784 5371 audito,
2832 5321 3166 5376 magnopere
3225 5308 3523 5363 excanduit

1944 5398 2257 5467 pt'ml'ectus,
2294 5411 2633 5468 surgensque
2659 5399 2871 5467 alapam
2902 5396 3059 5451 Nuno
3086 5400 3261 5453 iulixit
3292 5399 3517 5456 dicens:

1944 5490 2044 5555 Qui
2081 5491 2223 5544 servi
2282 5490 2439 5553 estis,
2485 5490 2586 5543 cur
2631 5498 2817 5544 vestro
2870 5489 3095 5543 domino
3159 5504 3367 5545 morem
3413 5506 3519 5545 non

1943 5581 2176 5651 geritis?
2229 5580 2619 5650 Mandavitque
2669 5596 2763 5634 eos
2816 5580 3085 5649 baptizari
3155 5599 3168 5636 :
3228 5591 3393 5651 atque
3447 5584 3523 5640 ita

1948 5675 2190 5730 volentes
2215 5676 2462 5730 uoientes
2494 5672 2757 5744 baptizati
2782 5688 2973 5728 omnes
2989 5671 3240 5728 fuerunt.

3135 5861 3203 5924 δι
