4056 6136
405 289 513 355 535

1691 290 2012 354 JOANNIS
2035 288 2359 352 MALAL/E

3563 289 3667 355 535

475 399 635 456 Circa
663 399 855 457 eadem
890 402 1005 456 haec
1038 409 1283 471 tempora
1306 397 1690 464 Alexandrini,
1715 400 1980 471 episcopo

2155 398 2292 451 Κατ’
2321 383 2529 453 ἐκεῖνον
2566 398 2622 455 δὲ
2650 398 2743 453 τδν
2794 400 2987 472 καιρὸν
3036 401 3360 475 παρρησίαν
3410 388 3680 457 λαδόντις

408 508 512 548 suo
550 492 699 557 freti,
732 493 1011 549 licentiam
1047 492 1268 563 quidvis
1308 490 1504 562 agendi
1537 490 1643 547 sibi
1675 496 1980 555 sumentes,

412 583 740 656 Hypatiam,
799 592 1108 639 matronam
1157 585 1544 655 grandzevam,
1596 582 1979 654 philosmpham

409 676 706 746 insignem,
734 667 1094 744 cluniumque
1123 690 1218 731 ore
1243 675 1767 739 celebratissimam,
1798 673 1978 729 vivam

408 768 631 823 crcmiis
688 769 1136 824 combusserunt.
1179 767 1357 841 Hujus
1395 769 1559 824 etiam
1584 767 1690 824 sub
1748 767 1983 838 imperio

408 858 652 913 divinam
678 857 824 912 iram
850 874 1012 929 passa
1043 867 1130 916 est
1159 859 1321 916 Creta
1362 859 1569 925 insula,
1602 874 1725 931 qua:
1759 867 1981 914 centum

408 951 462 1002 in
494 949 675 1004 medio
704 950 845 1004 mari
893 951 1101 1020 positas
1132 951 1301 1008 urbes
1356 951 1586 1018 habuit;
1638 949 1717 1004 uti
1763 949 1833 1005 de
1877 949 1983 1004 hac

404 1041 537 1095 olim
571 1041 752 1096 insula
782 1044 983 1098 cecinit
1023 1045 1469 1115 sapientissimus
1505 1044 1816 1116 Euripides.
1873 1041 1980 1098 Sed

404 1144 459 1188 et
486 1135 860 1205 quodcunque
892 1138 941 1191 ei
979 1136 1032 1190 in
1064 1136 1301 1191 circuitu
1342 1145 1617 1192 terrarum
1664 1134 1980 1206 adjacebat,

403 1232 837 1293 conquassatum
868 1232 989 1292 est;
1023 1235 1318 1281 corrueute
1351 1241 1574 1296 quoque
1622 1224 1812 1282 eodem
1840 1232 1984 1279 tem-

404 1330 539 1385 pore
561 1316 759 1372 balneo
787 1318 1035 1388 publico,
1072 1318 1217 1388 quod
1256 1320 1619 1375 Cretensibus
1650 1319 1707 1372 in
1737 1315 1981 1387 Gortyna

409 1409 694 1478 metropoli
735 1418 1085 1465 exstruxerat
1110 1408 1292 1466 Julius
1328 1410 1534 1466 Caesar.
1570 1409 1756 1464 Baluei
1792 1409 1981 1479 hujus,

404 1500 632 1554 unicum
658 1500 787 1556 licet
813 1510 963 1557 esset
983 1501 1300 1568 aediﬁcium,
1323 1502 1615 1557 duodecim
1649 1510 1833 1557 tamen
1867 1501 1978 1557 tho-

402 1590 490 1647 los
525 1590 691 1664 360
724 1593 1039 1657 distinctos,
1073 1592 1141 1647 ad
1160 1594 1506 1664 singulorum
1530 1593 1802 1649 mensium
1821 1607 1981 1646 usum

403 1681 714 1738 destinatos
743 1683 1018 1753 singulos,
1049 1683 1212 1738 unica
1248 1692 1432 1737 tamen
1487 1680 1717 1737 fornace
1753 1680 1978 1752 (mirum

404 1775 680 1845 speetatu)
719 1775 1013 1831 universos
1069 1773 1397 1841 ealel'actos,
1431 1773 1575 1828 intra
1616 1788 1675 1828 se
1726 1773 1981 1828 contine-

406 1865 522 1918 bat.
555 1863 765 1918 llorum
795 1878 927 1919 vero
960 1864 1240 1919 tholorum
1270 1878 1389 1927 sex,
1419 1863 1475 1917 in
1502 1863 1799 1932 utriusque
1834 1861 1983 1915 lava-

406 1955 599 2019 tionis,
636 1954 897 2025 [tybernae
929 1954 1144 2009 scilicet
1181 1962 1237 2008 et
1283 1953 1490 2010 :cstivae
1522 1967 1706 2019 usum,
1743 1951 1987 2021 petenti-

407 2048 513 2102 bus
572 2046 819 2102 civitatis
881 2045 1130 2117 ejusdem
1191 2044 1560 2115 primoribus,
1632 2043 1986 2098 remdilicavit

406 2139 760 2196 Theodosius
788 2139 1111 2210 imperator.
1152 2136 1398 2191 Plurima
1437 2137 1601 2191 etiam
1638 2134 1812 2191 eidem
1859 2134 1984 2190 urbi

407 2234 716 2304 insulaeque
746 2231 1114 2287 resarciendre
1149 2230 1295 2283 ultro
1327 2230 1561 2298 largitus
1593 2234 1700 2282 est.

481 2324 765 2380 Exstruxit
795 2323 960 2378 etiam
982 2321 1281 2391 imperator
1313 2317 1616 2374 Antiochia!
1650 2332 1864 2388 magna!
1890 2316 1983 2372 ba-

407 2416 645 2481 silicam,
680 2430 711 2470 e
738 2413 966 2484 regione
994 2412 1101 2467 loci
1141 2411 1431 2465 Athlorum
1466 2410 1669 2474 vocati,
1705 2408 1983 2481 ingentem

407 2508 559 2563 illam
605 2517 659 2562 et
689 2504 1201 2578 splendidissimam
1256 2500 1727 2573 pratlucidamque
1763 2518 1778 2555 :
1820 2515 1983 2570 quam

408 2610 467 2654 ct
501 2598 832 2654 Antiochcni
869 2595 1110 2651 Anatolii
1141 2595 1430 2650 basilicam
1458 2601 1673 2648 vocant.
1692 2591 1987 2647 Anatolius

408 2694 580 2758 enim,
641 2691 906 2761 magister
954 2689 1189 2743 militum
1238 2685 1486 2741 Orientis
1525 2685 1596 2740 ab
1650 2685 1986 2755 imperatore

410 2785 776 2846 constitutus,
805 2780 1049 2851 acceptis
1075 2779 1144 2834 ab
1166 2793 1233 2834 eo
1258 2777 1532 2848 pecuniis,
1559 2777 1854 2832 aedilicium
1883 2776 1986 2830 hoc

410 2878 644 2949 urgebat
679 2875 831 2946 operi
880 2874 1214 2946 praepositus
1268 2890 1283 2925 :
1325 2870 1418 2927 cui
1457 2870 1625 2927 etiam
1670 2870 1740 2925 ad
1778 2871 1983 2926 exitum

410 2967 702 3040 perducto,
735 2966 972 3023 inscribi
1005 2965 1221 3021 curavit
1247 2963 1375 3033 (nec
1418 2961 1715 3033 immerito)
1748 2961 1986 3016 artiﬁcio

410 3056 720 3114 musivario
754 3057 1017 3111 inaurato
1053 3072 1068 3110 :
1127 3052 1272 3124 Opus
1306 3051 1587 3107 Theodosii
1621 3053 1982 3120 imperatoris.
2012 3076 2057 3137 ο

412 3150 659 3218 Desuper
692 3155 881 3203 autem
929 3147 1350 3202 collocabantur
1394 3146 1762 3216 imperatores
1798 3146 1980 3211 ambo,

410 3240 759 3296 Theodosius
794 3249 848 3294 et
893 3245 1163 3308 cognatus
1205 3237 1330 3307 ejus
1372 3236 1819 3302 Valentinianus,
1885 3237 1983 3307 qui

413 3333 602 3386 Romae
664 3331 935 3402 regnavit.
1001 3328 1146 3387 Idem
1200 3328 1548 3387 Theodosius
1625 3330 1985 3401 Daphneticze

407 3436 582 3494 porta:
613 3424 798 3479 valvas
825 3437 997 3479 mreas
1039 3437 1176 3485 auro
1228 3421 1647 3492 superinduxit,
1701 3421 1769 3476 ad
1810 3423 1987 3478 instar

408 3519 531 3586 cjus
555 3533 678 3590 quae
702 3517 1184 3587 Constantinopoli
1219 3517 1288 3572 ab
1328 3516 1452 3586 ipso
1486 3516 1773 3580 deaurata,
1804 3515 1983 3570 Aurea

360 3600 365 3606 ’
410 3610 590 3665 adhuc
621 3615 778 3680 porta
807 3615 1040 3663 vocatur
1072 3626 1086 3661 :
1117 3620 1229 3677 quo
1262 3607 1490 3661 nomine
1522 3608 1688 3662 etiam
1741 3607 1983 3676 appella-

412 3713 504 3757 tur
553 3702 668 3757 bazc
698 3699 1073 3767 Antiochena,
1130 3699 1197 3753 ad
1236 3698 1385 3753 hunc
1418 3714 1596 3769 usque
1622 3699 1790 3767 diem,
1824 3716 1988 3770 quam

411 3808 549 3847 auro
574 3792 737 3849 etiam
770 3791 1029 3856 obduxit,
1060 3798 1292 3845 curante
1318 3791 1422 3845 hoc
1458 3790 1508 3845 ei
1552 3788 1984 3862 Nymphidiano,

414 3884 538 3937 viro
577 3883 857 3939 consulari
890 3903 903 3939 :
934 3897 1049 3954 quo
1082 3893 1329 3952 tempore
1353 3882 1523 3937 etiam
1561 3883 1817 3937 nuntium
1853 3883 1988 3937 alla-

410 3984 526 4027 tum
561 3973 683 4040 fuit,
709 3974 1008 4029 Maximum
1039 3981 1375 4038 senatorem,
1411 3974 1599 4030 occiso
1622 3988 1753 4046 rege
1782 3973 1984 4030 Valen-

410 4068 644 4135 tiniano,
677 4067 998 4125 Occidentis
1024 4068 1320 4141 imperium
1352 4067 1648 4124 invasisse.

2085 488 2189 543 ὑπὸ
2209 488 2304 543 τοῦ
2331 490 2632 545 ἐπισκόπου
2663 493 2712 545 οί
2760 491 3132 563 Ἀλεξανδρεῖς
3182 492 3421 547 ἔκαυσαν
3466 494 3680 567 φρυγά-

2082 598 2195 645 νοις
2225 580 2662 653 αὑθεντήσαντες
2706 584 2973 639 ’Υπατίαν
3005 587 3048 617 ⁷¹
3076 584 3178 658 τὴν
3228 586 3564 657 περιϐόητον
3592 605 3680 659 φι-

2081 673 2313 743 λόσοφον
2337 674 2383 744 (Ι
2399 675 2471 745 ἰ),
2496 677 2626 748 περί
2655 671 2724 749 ἧς
2758 677 2972 746 μεγάλα
2996 678 3225 750 ἐφέρετο
3246 695 3262 709 ο
3298 674 3367 751 ἦν
3391 678 3446 732 δὲ
3471 679 3682 735 παλαια

2082 769 2240 839 γυνή.
2285 769 2375 822 Ἐν
2401 768 2458 822 δὲ
2482 771 2548 839 τῇ
2578 769 2746 823 αὑτοῦ
2786 769 3038 842 βασιλείᾳ
3089 770 3292 824 ἔπαθεν
3326 770 3432 825 ὑπὸ
3475 771 3683 843 θεομη-

2081 859 2203 921 νίας
2241 861 2274 930 ἡ
2304 860 2493 931 Κρήτη
2529 860 2715 931 νῆσος,
2748 862 2874 933 ἥτις
2925 856 3075 931 εἶχεν
3103 862 3163 913 ὲν
3218 862 3370 932 μέσῳ
3400 860 3682 932 θαλάσσης

2084 950 2438 1022 ὑπαρχούσας
2456 952 2639 1016 πόλεις
2668 953 3017 1024 ἑκατὸνῌῖ),
3061 951 3180 1024 [61]
3202 951 3389 1017 καθὼς
3420 955 3550 1021 περὶ
3578 954 3682 1023 τῆς

2083 1043 2256 1112 αὐτῆς
2283 1044 2449 1112 νήσου
2476 1042 2693 1111 ἐξέθετο
2721 1046 2749 1098 ό
2775 1043 3089 1114 σοφώτατος
3117 1046 3163 1076 ⁷¹
3199 1046 3504 1117 Εὐριπίδης
3534 1047 3671 1112 ιίδ).

2086 1135 2297 1188 Ἐπαθε
2333 1134 2390 1187 δὲ
2416 1135 2511 1188 καὶ
2543 1136 2693 1190 πᾶσα
2727 1137 2761 1207 ἠ
2796 1136 3107 1207 περίχωρος
3134 1136 3325 1207 αὐτῆς.
3365 1137 3578 1191 Ἐπεσε
3619 1137 3677 1191 δὲ

2082 1224 2143 1276 ὲν
2172 1226 2239 1294 τῇ
2287 1222 2427 1294 αὑτῇ
2458 1224 2652 1296 Κρήτῃ
2709 1225 2771 1278 τὸ
2819 1224 3087 1296 δημόσιον
3124 1227 3225 1296 τῆς
3284 1227 3679 1298 μητροπόλεως

2082 1316 2357 1388 Γορτύνης
2380 1316 2441 1369 τὸ
2464 1316 2682 1370 κτισθὲν
2708 1316 2815 1370 ὑπὸ
2850 1315 2947 1370 τοῦ
2977 1317 3259 1388 Καίσαρος
3291 1318 3535 1382 Ἰουλίου,
3555 1319 3681 1389 ἔχον

2087 1405 2357 1471 ἰδιάζοντα
2381 1406 2508 1460 θόλα
2527 1406 2593 1478 ιβ’
2616 1407 2751 1479 (14),
2768 1408 2862 1461 καὶ
2879 1408 2935 1460 ὲν
2950 1408 3170 1479 ἑκάστῳ
3199 1410 3331 1479 μηνὶ
3356 1409 3454 1480 μία
3470 1410 3682 1480 διοίκη-

2086 1516 2168 1563 σις
2196 1499 2363 1552 θόλων
2397 1502 2659 1571 παρεῖχεν
2687 1499 2821 1572 (15).
2854 1495 2964 1553 Ἦν
2993 1500 3051 1554 δὲ
3074 1500 3133 1554 τὸ
3155 1501 3418 1572 δημόσιον
3441 1502 3677 1565 τέλειον,

2084 1591 2190 1643 ὑπὸ
2231 1590 2289 1644 δὲ
2326 1590 2467 1655 ,ἐνὸς
2506 1592 2765 1661 καμινίου
2820 1591 2983 1663 μόνου
3013 1591 3128 1663 (16)
3182 1592 3251 1646 τά
3303 1591 3514 1646 δώδεκα
3545 1595 3681 1647 Θόλα

2085 1683 2435 1738 ὑπεκαίοντο.
2472 1686 2580 1738 Καὶ
2600 1681 2667 1757 ἦν
2696 1685 2824 1738 ἰδεῖν
2849 1684 2997 1750 ξένον
3024 1683 3225 1754 θέαμα.
3253 1686 3362 1739 Καὶ
3382 1687 3679 1758 ἀνήγειρεν

2086 1774 2146 1840 ἒξ
2168 1775 2394 1830 αὑτῶνό
2421 1776 2674 1846 βασιλεὺς
2706 1777 2986 1842 Θεοδόσιος
3004 1819 3020 1844 ,
3058 1778 3087 1830 ὃ
3111 1780 3227 1831 ἐστι
3260 1777 3358 1832 δύο
3414 1783 3678 1851 σχήματα

2085 1867 2179 1921 τοῦ
2209 1867 2491 1938 δημοσίου,
2523 1868 2740 1941 θερινοῦ
2768 1869 2863 1923 καί
2891 1871 3226 1941 χειμερινοῦ,
3253 1869 3364 1924 τῶν
3392 1871 3677 1943 κτητόρων

2085 1954 2187 2025 τῆς
2227 1956 2399 2026 αὐτῆς
2424 1957 2633 2021 πόλεως
2659 1958 3002 2029 αἰτησάντων
3022 1958 3210 2014 αὐτόν.
3232 1946 3482 2032 Παρέσχε
3507 1962 3565 2015 δὲ
3583 1963 3678 2015 καὶ

2086 2046 2230 2117 λόγῳ
2259 2049 2575 2119 κτισμάτων
2602 2049 2744 2120 ὑπὲρ
2773 2049 2873 2120 τῆς
2898 2049 3108 2113 πόλεως
3149 2050 3243 2105 καὶ
3268 2050 3455 2125 χώρας
3478 2051 3676 2108 πολλά.

2161 2317 2385 2372 Ἔκτισε
2417 2317 2474 2372 δὲ
2501 2317 2596 2372 καὶ
2628 2320 2685 2373 ἐν
2708 2318 3011 2392 Ἀντιοχείᾳ
3038 2323 3104 2392 τῇ
3140 2322 3354 2396 μεγάλῃ
3384 2322 3683 2399 βασιλικὴν

2086 2411 2354 2480 διάφωτον
2381 2410 2645 2483 μεγάλην,
2680 2413 2823 2467 πάνυ
2849 2414 3125 2484 εὐπρεπῆ.
3183 2415 3473 2469 κατέναντι
3503 2412 3678 2471 οὖσαν

2086 2504 2193 2557 τῶν
2223 2504 2532 2574 Λεγομένων
2565 2503 2800 2566 Ἀθλων,
2831 2506 3025 2576 ἥντινα
3045 2506 3097 2558 οἰ
3130 2506 3427 2577 Ἀντιοχεῖς
3445 2506 3678 2562 καλοῦσι

2084 2595 2184 2665 τὴν
2220 2595 2551 2650 Ἀνατολίου.
2604 2595 2748 2649 Διότι
2791 2595 3095 2661 Ἀνατόλιος
3138 2590 3521 2670 στρατηλάτης
3576 2597 3679 2653 ἑπο

2087 2688 2217 2758 ἐστη
2235 2686 2311 2758 τῷ
2339 2686 2619 2756 κτίσματι,
2666 2683 2849 2739 λαϐὼν
2870 2686 2938 2741 τὰ
2967 2686 3231 2758 χρήματα
3262 2686 3372 2740 ἀπὸ
3391 2685 3488 2740 τοῦ
3515 2687 3678 2757 βασι-

2086 2780 2242 2843 λέως,
2256 2780 2345 2832 ὅτε
2369 2779 2589 2847 ἐγένετο
2602 2779 2732 2849 παρ’
2750 2777 2915 2832 αὑτοῦ
2942 2778 3324 2850 στρατηλάτης
3354 2778 3674 2849 Ἀνατολῆςσ

2086 2871 2175 2925 διὰ
2202 2869 2360 2923 τοῦτο
2397 2871 2490 2924 καὶ
2521 2870 2610 2923 ὅτε
2638 2870 2930 2941 ἐπλήρωσε
2960 2870 3022 2922 τὸ
3073 2870 3207 2923 αὑτὸ
3240 2869 3399 2940 ἔργον
3434 2869 3535 2939 τῆς
3572 2869 3677 2941 βα-

2090 2963 2323 3034 σιλικῆς.
2369 2960 2682 3033 ἐπέγραψεν
2709 2960 2767 3013 ὲν
2815 2960 2951 3033 αὐτῇ
2983 2959 3075 3013 διά
3102 2960 3334 3031 χρυσέου
3367 2960 3675 3032 μουσαρίου

2086 3055 2294 3109 ταῦτα’
2331 3055 2552 3122 Ἔργον
2611 3052 2935 3107 Θεοδοσίου
2956 3051 3268 3119 ,βασιλέως
3295 3050 3410 3124 [62]
3431 3067 3445 3082 ο
3477 3051 3676 3123 ὥσπερ

2091 3146 2258 3212 ἄξιον.
2288 3146 2506 3199 Ἐπάνω
2532 3145 2590 3199 δὲ
2613 3140 2756 3216 ἦσαν
2783 3144 3026 3215 βασιλεῖς
3061 3144 3158 3197 δύο
3186 3144 3470 3209 Θεοδόσιος
3501 3146 3597 3199 καὶ
3641 3146 3676 3198 ό

2092 3240 2360 3315 συγγενὴς
2387 3240 2551 3295 αὑτοῦ
2575 3239 2981 3304 Βαλεντινιανὸς
3007 3243 3034 3294 ό
3057 3241 3315 3316 ὲνῬὼμῃ
3347 3241 3669 3313 βασιλεύων.

2105 3335 2166 3391 Ὀ
2201 3335 2257 3389 δὲ
2282 3333 2444 3397 αὑτὸς
2465 3332 2746 3396 Θεοδόσιος
2771 3333 3050 3404 ὲχρύσωσε
3086 3334 3181 3388 καὶ
3210 3335 3306 3405 τῆς
3324 3335 3676 3407 Δαφνητικῆς

2088 3429 2295 3499 πόρτας
2321 3426 2417 3481 δύο
2455 3425 2626 3498 θύρας
2678 3425 2777 3489 τὰς
2821 3427 3030 3496 χαλκᾶς
3087 3426 3209 3480 καθ’
3264 3427 3563 3498 ὁμοιότητα
3602 3421 3676 3502 ἧς

2088 3520 2368 3593 ὲχρύσωσε
2406 3518 2614 3590 πόρτας
2648 3519 2706 3570 ὲν
2751 3517 3348 3583 Κωνσταντινουπόλει,
3401 3517 3525 3589 ἣτις
3570 3534 3675 3571 κα-

2085 3609 2385 3671 λεῖταιὲως
2413 3608 2539 3678 ἄρτι
2570 3610 2603 3678 ή
2629 3608 2851 3679 Χρυσὲα
2884 3607 3060 3679 πόρτα
3079 3624 3092 3637 ’
3137 3607 3341 3678 ὁμοίως
3387 3607 3444 3661 δὲ
3474 3608 3568 3661 καὶ
3612 3609 3676 3661 ὲν

2100 3700 2399 3773 Ἀντιοχείᾳ
2411 3703 2477 3773 τῇ
2499 3700 2727 3774 Μεγάλῃ
2756 3701 2999 3754 καλεῖται
3018 3702 3123 3765 ἕως
3148 3702 3248 3772 τῆς
3271 3700 3367 3755 νῦν
3394 3701 3675 3773 ήΧρυσέα

2088 3794 2283 3864 πόρτα,
2317 3790 2663 3863 χρυσωθείσα
2723 3790 2814 3845 διὰ
2845 3790 3223 3862 Νυμφιδιανοῦ
3276 3791 3551 3845 ὑπατικοῦ
3614 3793 3678 3847 ἐν

2086 3876 2132 3953 ᾧ
2161 3883 2342 3954 χρόνῳ
2375 3880 2697 3953 ἀπηγγέλθη
2746 3880 2775 3932 ό
2807 3880 3039 3946 θάνατος
3085 3881 3503 3936 Βαλεντινιανοῦ
3556 3881 3676 3953 (17)

2088 3975 2353 4047 βασιλέως
2378 3973 2620 4043 Ῥώμης,
2643 3970 2942 4041 σφαγέντος
2959 3973 3069 4027 ὑπὸ
3102 3973 3359 4044 Μαξίμου
3389 3973 3676 4042 συγκλητι-

2091 4065 2190 4120 κοῦ
2220 4065 2313 4119 καὶ
2350 4064 2723 4134 κρατήσαντος
2756 4062 2852 4115 καὶ
2891 4062 3318 4133 βασιλεύσαντος
3352 4064 3413 4117 ὲν
3461 4063 3671 4138 Ῥώμῃ.

1682 4180 1917 4238 VARIE
1956 4178 2358 4239 LECTIO'NES.

477 4279 521 4311 τι
567 4277 865 4332 Ὗπατείαν
901 4278 1003 4333 Ox.
1058 4278 1128 4360 ,τ’
1163 4277 1481 4402 Εὐριπίδης.
1522 4276 1862 4334 Cretensium
1916 4278 2112 4333 fabula:
2136 4277 2300 4343 verba
2338 4275 2562 4344 Κρήτης
2659 4272 3188 4345 ἑκατομπτολιέθρου
3238 4274 3479 4344 respicit.
3514 4272 3672 4341 Quod

481 4358 596 4402 tare
628 4357 842 4402 notcrat
867 4348 1146 4402 Bentleius
1170 4364 1224 4402 ι).
1268 4348 1359 4402 ‘23.
1439 4349 1491 4401 5.

404 4358 596 4405 nutare
628 4357 842 4418 poterat
867 4348 1146 4404 Bentleius
1170 4364 1224 4417 p.
1244 4348 1359 4414 ⁷⁸25,

1601 4442 1712 4496 ED.
1743 4440 2123 4497 ClilLMEADl
2165 4435 2401 4496 NOTAE.

476 4536 522 4603 (Ι
541 4533 587 4601 1)
659 4532 991 4605 Ὑπατεέαν,
1024 4532 1124 4603 τὴν
1164 4533 1487 4605 περιβόητον
1534 4532 1844 4605 φιλόσοφον,
1875 4542 1983 4588 etc.
2020 4541 2061 4594 D
2088 4532 2425 4605 enumeratis
2447 4530 2628 4605 addit:
2654 4531 2762 4605 είσί
2784 4531 2960 4605 δὲκαὶ
2983 4529 3138 4605 ᾄλλαι
3161 4531 3349 4605 πόλεις
3371 4525 3672 4605 ὲν-Κρήτῃλ

403 4602 651 4661 Theonis
700 4604 995 4660 Alexandri
1034 4602 1344 4673 pltiluSOphi
1402 4604 1505 4657 tilia
1544 4604 1660 4658 hwc
1691 4602 1813 4666 fuit,
1859 4619 1979 4672 qua:

402 4679 475 4730 ub
500 4676 717 4730 eximiae
738 4690 853 4729 sua:
876 4689 1055 4744 rerum
1080 4674 1572 4728 astronomicarum
1602 4673 1815 4744 peritiae
1837 4674 1979 4726 invi-

404 4748 570 4808 diam,
621 4746 687 4798 ah
738 4743 1127 4813 Alexandrinis
1170 4744 1445 4813 discerpta
1493 4743 1709 4813 cst,’uti
1744 4751 1980 4797 testatur

404 4814 711 4870 ilesvchius
734 4816 986 4875 illustris,
1012 4812 1086 4866 De
1122 4814 1223 4867 vir.
1250 4812 1386 4867 clar.
1419 4813 1505 4867 his
1539 4812 1720 4867 verbis
1753 4832 1765 4867 :
1806 4813 1979 4867 Ὑπα-

400 4875 570 4954 τίαΪὴ
611 4885 821 4947 Θέωνος
844 4884 1095 4954 θυγάτηρ
1114 4882 1208 4936 τοῦ
1248 4882 1645 4954 Ἂλεξανδρέως
1665 4882 1976 4954 ιριλοκσόφου,

402 4955 500 5009 καὶ
532 4952 670 5024 αὐτὴ
712 4952 1370 5024 φιλόσοφος,⁷διεσπάσοη
1553 4952 1976 5024 Ἀλεξανδρέων,

401 5026 498 5079 καὶ
515 5027 574 5077 τὸ
601 5021 762 5096 σῶμα
789 5026 961 5096 αὑτῆς
988 5023 1318 5096 ὲνιρῦρισθῖ-τν⁸
1337 5022 1458 5096 καθῖ
1480 5021 1609 5096 ὅλης
1640 5021 1979 5096 τῇς-πόλεως

400 5091 696 5167 διεσπάρη.
731 5095 901 5167 Τοῦτο
921 5091 987 5147 δὲ
1012 5091 1267 5167 πέπονθε,
1297 5091 1507 5167 διά-την
1534 5091 1980 5167 ὑπερϐάλλουσαν

403 5160 617 5236 σοφίαν,
660 5160 756 5219 καὶ
806 5164 1042 5234 μάλιστα
1062 5164 1235 5236 είςτὰ
1281 5163 1411 5232 περί
1451 5160 1836 5236 ἀστρονομίας.
1870 5160 1975 5236 Sed

400 5232 528 5306 vide
561 5238 724 5291 etiam
754 5232 1042 5306 socratam
1095 5235 1191 5287 li‘b.
1230 5249 1323 5306 vn,
1354 5247 1476 5306 cap.
1508 5232 1597 5297 15,
1625 5232 1714 5287 ubi
1759 5232 1980 5306 plenior

403 5305 651 5378 llypatim
676 5307 866 5378 lmjus_
880 5305 1047 5378 emdis
1074 5303 1322 5378 narratio
1354 5302 1606 5378 habetur.

477 5370 590 5447 (l2)
623 5370 785 5440 Ἤτις
814 5372 963 5446 εἶχεν
997 5376 1055 5426 ὲν
1111 5372 1572 5447 μέσῳ-θαλάσσης
1626 5370 1982 5447 ὑπαρχούσας

403 5443 588 5508 πόλεις
622 5448 836 5501 ἑκατόν.
868 5443 1207 5514 Pomponius
1237 5444 1393 5501 Mela.
1426 5443 1500 5500 De
1529 5443 1621 5499 sit.
1650 5443 1769 5498 orb’.
1800 5444 1896 5497 lib.
1921 5459 1980 5499 ll.

404 5533 528 5585 cap.
560 5516 591 5569 7
625 5535 639 5569 :
686 5515 856 5584 Super
892 5533 982 5571 eos
1027 5515 1145 5584 jam
1179 5516 1233 5569 in
1287 5515 1456 5569 medio
1474 5514 1653 5585 Amori,
1687 5515 1899 5585 ingens.
1926 5521 1976 5565 et

404 5582 609 5640 rentum
632 5582 895 5655 quondam
920 5582 1136 5640 urbibus
1164 5585 1429 5647 habitata.
1454 5582 1606 5641 Crete
1626 5583 1695 5636 ad
1726 5582 1975 5655 orientem

404 5653 816 5721 promontorium
851 5658 1161 5713 Samom'um
1182 5657 1250 5709 ad
1270 5657 1588 5709 occidentem
1622 5653 1776 5722 κριοῦ
1798 5654 1974 5722 μέτω-

408 5727 817 5796 πον-ὁιηηιέηἱί.
877 5737 981 5780 etc.
1031 5726 1227 5796 Scylax
1279 5727 1444 5796 etiam
1478 5722 1976 5796 Caryandens._de

409 5796 514 5851 hac
533 5793 709 5849 insula
733 5797 896 5850 verba
928 5793 1134 5852 habens
1152 5835 1165 5859 ,
1185 5806 1237 5851 et
1254 5793 1729 5866 quibusdamejus
1746 5793 1975 5849 urbibus

3169 4599 3327 4656 Unde

2088 4603 2305 4672 λέγεται
2375 4600 2433 4654 δὲ
2495 4600 2635 4654 εἶναι
2679 4600 3094 4670 Ἑκατόμπολις.
3169 4600 3327 4656 Unde
3398 4600 3675 4657 Homerus

2087 4671 2242 4727 ΙΙὶεἰιΙ.
2276 4671 2344 4727 β’.

2090 4671 2306 4796 Et;on
2330 4711 2382 4795 ἓν
2418 4739 2476 4795 οἳ
2509 4739 2750 4807 Κρήτην
2788 4740 3195 4807 ἑκατόμπολιν
3227 4740 3671 4810 ἀμφενέμοντο.

2161 4810 2271 4882 (15)
2322 4810 2523 4883 καθὼς
2552 4810 2682 4883 περὶ
2728 4810 3035 4883 αὑτῆς
3066 4812 3232 4879 νήσου
3262 4810 3481 4883 ἐξέθετο
3506 4814 3546 4883 ό
3578 4829 3671 4864 σο-

2087 4878 2332 4951 φώτατος
2368 4878 2701 4952 Εὐριπίδης.
2763 4878 2849 4952 Nil
2882 4878 3003 4952 tale
3039 4878 3268 4951 apparet
3310 4878 3458 4952 apud
3503 4881 3671 4937 Euri.

2083 4949 2265 5021 [iidem
2291 4949 2749 5021 quetn‘habeinus
2785 4949 2972 5021 hodie.

2154 5021 2268 5091 (14)
2296 5021 2460 5089 Ἕχον
2494 5018 2765 5091 ἰδιάζοντα
2789 5018 2922 5073 θόλα
2954 5020 3040 5091 ιβ’.
3067 5021 3142 5074 Τὸ
3172 5021 3351 5087 θόλον,
3383 5029 3669 5082 neutrum,

2083 5089 2231 5145 haud
2252 5089 2467 5146 temere
2501 5089 2625 5143 alibi
2659 5091 2927 5145 invenies.
2971 5089 3185 5147 Tholus
3213 5107 3341 5156 vero
3372 5092 3672 5146 aedilicium

2082 5172 2167 5216 est
2211 5163 2384 5215 forma
2415 5159 2648 5215 rotunda
2674 5170 3041 5221 exstructum.
3076 5170 3131 5216 et
3172 5163 3230 5217 in
3256 5173 3479 5216 acutum
3511 5160 3670 5215 fasti-

2078 5234 2227 5301 gium
2254 5230 2538 5285 desinens.
2573 5227 2883 5300 Hesychius
2911 5247 2925 5283 :
2954 5231 3121 5294 Θόλος
3153 5273 3169 5295 ,
3211 5230 3671 5303 στρογγυλοειδὴς

2080 5297 2249 5366 οἶκος,
2282 5299 2352 5352 δι’
2407 5300 2693 5370 ὀστράκων
2738 5299 3092 5370 εἰλημμένος.
3139 5302 3408 5357 (laterum
3464 5301 3533 5355 de
3582 5302 3671 5355 lus

2122 5342 2249 5425 lur‘a’
2314 5370 2413 5424 tibi
2470 5342 3587 5439 suppeditabit‘rfexiéonwi‘itruvianum
3638 5342 3667 5425 5

2116 5456 2293 5495 oauue
2321 5440 2389 5494 de
2425 5440 2558 5495 Laet
2589 5454 2784 5495 recens
2822 5441 3055 5495 editum.

2156 5512 2268 5581 (15)
2303 5510 2418 5581 Μία
2445 5510 2713 5581 διοίκησις
2759 5510 2932 5564 θόλων
2961 5513 3244 5581 παρεῖχεν.
3282 5512 3462 5567 Locus
3512 5525 3672 5567 men-

2085 5579 2256 5653 dcans
2288 5598 2301 5641 ;
2334 5579 2479 5653 forte
2518 5580 2803 5653 legendum
2826 5622 2840 5645 ,
2877 5581 3006 5652 μίαν
3039 5579 3445 5653 διοίκησιν,ειο.

2156 5651 2265 5718 (16)
2309 5650 2455 5713 Ἐνὸς
2494 5651 2750 5722 καμινίου
2795 5650 2981 5720 μόνου.
3018 5650 3289 5722 Κάμινος,
3323 5652 3555 5721 καμίνη.
3610 5661 3664 5708 ct

2084 5722 2225 5789 apud
2255 5729 2502 5789 nostru_m
2536 5721 2811 5789 καμίνιον,
2844 5723 3084 5775 caminus
3115 5721 3199 5775 est
3224 5763 3238 5781 .
3272 5724 3389 5776 sive
3441 5722 3659 5777 (ιιι-ηας.

2154 5792 2267 5865 (17)
2300 5791 2388 5845 Ἐν
2428 5784 2471 5860 ᾧ
2518 5784 2695 5863 χρόνῳ
2742 5792 3066 5864 ἀπηγγέλθη
3113 5793 3139 5842 ὁ
3181 5793 3410 5857 θάνατος
3453 5792 3659 5846 Bai/.m-
