4056 6136
394 230 499 296 559

1652 225 1974 290 JOANNIS
2012 226 2334 288 MALALZE

3550 228 3660 291 560

392 350 691 412 utrumque
748 340 980 411 patricia
1026 340 1292 411 dignitate
1323 347 1375 394 et
1416 337 1707 408 praesentis
1756 337 1962 392 militiae

2081 336 2322 408 Ἰσαυρον
2379 336 2473 390 τὸν
2508 336 2551 367 ¹⁸
2579 333 2879 390 Κοδισσέον
2911 334 3029 408 [8-1]
3050 352 3062 366 ·
3118 336 3213 389 καὶ
3260 336 3521 409 ἐποίησεν
3549 339 3661 408 ἀμ.-

395 431 720 504 praal‘ectura
760 430 1088 487 lionestavit.
1122 429 1427 486 Masculum
1459 443 1591 485 vero
1625 427 1966 499 primogeni-

395 532 511 593 tum
552 523 723 579 edidit
768 521 1144 578 illustrissima
1193 521 1463 588 Ariadna,
1498 535 1666 592 quam
1723 520 1967 577 Leonem

392 614 607 671 vocavit
637 632 650 668 :
679 613 989 669 clarissima
1022 613 1172 669 enim
1215 613 1451 671 Leontia
1482 613 1721 670 feminas
1749 618 1965 672 tantum

273 696 289 708 ’
394 704 681 776 produxit.

462 796 576 851 Leo
603 794 811 850 Jnmon
842 811 953 850 ιιιι».
996 825 1068 837 -
1097 795 1209 852 Leo
1235 805 1418 867 autem
1456 796 1760 868 imperator
1800 809 1969 865 nepo-

393 897 501 943 tem
534 902 718 951 suum,
769 884 1012 942 Leonem
1044 885 1351 956 Juniorem,
1399 887 1643 943 Zenonis
1682 887 1879 951 ﬁlium,
1911 885 1969 940 in

392 979 611 1051 imperii
646 979 994 1035 consortium
1040 981 1369 1049 assumpsit,
1403 996 1567 1052 quem
1601 987 1657 1035 et
1688 977 1970 1034 Constan-

394 1067 623 1138 tinopoli
656 1067 965 1123 diademate
994 1068 1160 1140 376
1204 1069 1513 1141 insignivit.
1545 1067 1732 1125 Caesar
1782 1069 1971 1139 itaque

394 1157 576 1212 factus
609 1158 720 1214 Leo
766 1158 968 1226 Minor,
997 1159 1351 1214 consulatum
1384 1160 1582 1226 inibat,
1635 1174 1824 1214 mense
1877 1156 1973 1213 Ja-

395 1249 593 1303 nuario
617 1249 938 1306 indictionis
963 1265 1064 1314 xu,
1082 1264 1206 1306 erae
1228 1250 1598 1306 Antiochenaa
1622 1265 1770 1305 anno
1789 1264 1968 1304 nxxu.

397 1341 693 1411 Sequentis
722 1351 903 1398 autem
935 1341 1227 1398 Februarii
1255 1342 1345 1398 die
1378 1358 1439 1397 ιιι
1468 1342 1582 1397 Leo
1624 1341 1858 1411 Magnus
1903 1358 1973 1399 ex

396 1432 711 1505 dysenteria
754 1440 1010 1490 mortuus
1038 1440 1144 1499 est,
1172 1434 1355 1490 aetatis
1384 1448 1534 1488 anno
1566 1448 1762 1487 Lxuu.

468 1522 652 1580 Leone
702 1522 901 1597 Magno
955 1525 1267 1589 demortuo,
1318 1525 1609 1595 imperium
1656 1526 1835 1581 tenuit
1866 1524 1976 1582 Leo

399 1614 598 1670 Junior
622 1630 827 1670 annum
865 1631 883 1670 ι
912 1623 969 1671 et
1002 1616 1123 1671 dies
1148 1629 1306 1669 χχιιι.
1354 1614 1477 1681 Hic,
1504 1629 1629 1669 cum
1665 1630 1805 1685 puer
1833 1623 1978 1671 esset

2069 425 2333 496 φοτέρους
2368 425 2750 500 στρατηλάτας
2777 426 3107 495 πραισέντου
3158 424 3256 478 καὶ
3310 423 3661 495 πατρικίους.

2072 518 2269 571 ’Έτεκε
2310 518 2367 572 δὲ
2405 519 2439 588 ἡ
2501 517 2943 588 περιφανεστάτη
3010 517 3271 589 Ἀριάδνη
3310 517 3665 588 πρωτότοκον

2051 605 2293 677 -ἄρρενα,
2326 605 2386 659 ὃν
2407 606 2709 660 ὲπεκάλεσε
2734 607 2942 661 Λέοντα
2961 622 2975 637 ο
3010 609 3043 677 ή
3085 605 3198 678 γὰρ
3226 605 3456 660 Λεοντίαι
3487 608 3521 677 ἡ
3563 607 3666 675 ἐμ·

2071 698 2383 770 φανεστάτη
2414 698 2637 770 θηλείας
2668 698 2795 769 ἔσχε
2825 699 3008 769 μόνον.

2148 791 2209 844 '0
2239 791 2293 843 δὲ
2324 790 2577 861 βασιλεὺς
2600 792 2753 844 Λέων
2786 789 3016 859 ἔστεψεν
3046 792 3105 843 ὲν
3139 786 3667 841 Κωνσταντινουπό-

2071 884 2153 937 λει
2198 883 2405 938 Λέοντα
2455 884 2548 936 τὸν
2573 881 2788 953 Μικρὸν
2812 881 2906 934 τδν
2935 881 3159 950 ἔγγονον
3200 878 3396 943 αὐτοῦ,
3441 878 3556 930 υἱὸν
3605 876 3667 928 δὲ

2073 974 2343 1044 Ζήνωνος,
2410 974 2644 1044 ποιήσας
2684 972 2850 1026 αὐτὸν
2911 970 3140 1042 βασιλέα
3181 970 3299 1038 ἅμα
3329 969 3500 1040 αὐτῷ.
3553 970 3667 1022 Καὶ

2074 1065 2350 1136 προῆλθεν
2377 1063 2584 1129 ὕπατος
2606 1067 2634 1118 6
2658 1064 2821 1127 αὐτὸς
2851 1066 3073 1133 Καῖσαρ
3114 1062 3268 1116 Λέων
3296 1062 3326 1115 6
3350 1060 3566 1131 Μικρὸς
3590 1059 3668 1130 τῷ

2086 1157 2400 1229 Ἰανουαρίῳ
2431 1158 2475 1190 ¹⁶
2508 1158 2638 1229 μηνὶ
2671 1157 2770 1227 τῆς
2801 1157 3120 1226 δωδεκάτης
3154 1155 3541 1225 ὲπινεμὴσεως
3570 1152 3668 1206 τοῦ

2076 1248 2203 1320 (px?!
2233 1248 2387 1311 ἔτους
2417 1250 2563 1301 κατὰ
2619 1248 2975 1318 Ἀντιόχειαν.
3005 1246 3098 1318 Τῷ
3130 1247 3187 1300 δὲ
3217 1248 3337 1317 μετ’
3372 1245 3536 1299 αὐτὸν
3565 1246 3673 1297 Φε-

2079 1340 2356 1411 ϐρουαρίῳ
2394 1339 2528 1411 μηνὶ
2560 1336 2609 1407 γ’
2640 1339 2784 1410 νόσῳ
2818 1339 3043 1411 βληθεὶς
3086 1339 3115 1390 6
3148 1337 3404 1407 βασιλεὺς
3454 1336 3608 1391 Λέων
3641 1337 3675 1388 6

2078 1433 2269 1500 Μέγας
2297 1432 2340 1462 ¹⁷
2367 1432 2717 1502 δυσεντερίας
2751 1432 2864 1503 (75)
2892 1431 3125 1501 τελευτᾷ
3147 1428 3223 1484 ὢν
3248 1427 3515 1483 ἐνιαυτῶν
3534 1433 3638 1495 ογ’.

2151 1523 2306 1577 Μετὰ
2332 1523 2389 1577 δὲ
2423 1525 2523 1595 τὴν
2554 1523 2839 1594 βασιλείαν
2869 1523 3104 1587 Λέοντος
3120 1522 3217 1575 τοῦ
3247 1520 3505 1590 Μεγάλου
3536 1518 3643 1574 ὲῦα

2085 1616 2300 1668 σίλευσε
2353 1616 2508 1670 Λέων
2531 1618 2560 1669 6
2588 1616 2802 1686 Μικρὸς
2831 1615 2951 1680 ἔτος
2983 1622 3032 1669 α’
3069 1616 3162 1669 καὶ
3207 1614 3426 1685 ἡμέρας
3465 1615 3641 1667 εἰκοσι

402 1705 657 1772 tenellus,
678 1706 875 1761 matris
894 1721 1009 1762 suae
1039 1707 1437 1764 illustrissimre
1454 1706 1711 1763 Ariadnae
1745 1708 1976 1774 monitu,

2083 1710 2231 1778 τρεῖς
2250 1725 2265 1740 υ
2298 1704 2366 1779 ἦν
2391 1708 2449 1761 δὲ
2474 1708 2687 1762 παιδίον
2722 1708 2942 1779 μικρόν.
2985 1704 3307 1778 ’Υπεϐλήθη
3337 1706 3398 1779 δὲ
3441 1704 3546 1758 ὐπὸ
3572 1703 3663 1773 τῆ,

402 1798 577 1867 patris
627 1797 715 1853 sui
765 1796 1042 1862 Zenonis,
1092 1798 1325 1853 militum
1361 1798 1613 1870 magistri
1648 1806 1704 1853 et
1757 1800 1982 1868 patricii

406 1888 559 1959 (dum
589 1887 793 1958 ipsum,
824 1901 923 1944 ceu
949 1888 1340 1958 imperatorem
1374 1890 1782 1961 veneraretur),
1814 1891 1983 1962 capiti

407 1980 616 2050 regium
643 1979 897 2035 diadema
918 1979 1205 2051 imposuit,
1230 1980 1519 2039 Februarii
1543 1999 1622 2052 ix,
1640 1984 1834 2040 indict.
1868 1998 1981 2048 xu;

404 2072 684 2144 simulque
712 2072 969 2144 deinceps
1001 2084 1333 2145 regnarunt.

475 2332 623 2389 Zeno
656 2349 772 2388 utr.
794 2363 865 2374 —
890 2333 1192 2406 Imperator
1213 2335 1401 2406 itaque
1421 2334 1571 2391 Zeno
1596 2333 1848 2399 lsaurus,
1878 2334 1988 2390 Co-

404 2423 647 2491 disseus,
676 2440 799 2481 cum
831 2425 945 2481 lilio
981 2441 1083 2483 suo
1111 2426 1318 2495 Leone,
1357 2429 1427 2484 ad
1478 2429 1643 2484 breve
1688 2429 1819 2484 licet
1847 2437 1989 2483 tem-

409 2514 878 2585 pus,imperavit.
935 2515 1362 2574 Sacratissimus
1417 2517 1563 2571 enim
1610 2516 1723 2573 Leo
1764 2516 1986 2581 Junior,

410 2618 536 2659 cum
567 2607 924 2661 consulatum
960 2622 1125 2661 suum
1161 2608 1417 2664 inivisset
1457 2623 1605 2662 anno
1637 2623 1763 2664 aera:
1791 2609 1989 2665 Antio-

410 2696 600 2751 chenae
628 2711 805 2761 nxxn,
832 2696 1030 2752 indict.
1059 2714 1162 2761 ιιι,
1195 2698 1528 2754 consulatus
1561 2699 1646 2755 sui
1679 2715 1865 2756 mense
1895 2717 1952 2755 ιιι
1973 2741 1989 2766 ,

410 2789 466 2842 in
517 2788 770 2843 morbum
810 2789 1090 2855 incidens,
1133 2804 1165 2846 e
1194 2788 1332 2845 vivis
1360 2789 1623 2855 excessit,
1655 2806 1849 2848 mense
1882 2791 1993 2847 No—

410 2878 644 2945 vembri,
672 2879 863 2935 indict.
889 2894 1011 2945 ml,
1048 2894 1193 2935 anno
1232 2895 1358 2935 aera:
1388 2879 1753 2937 Antiochenaa
1791 2897 1989 2948 nxxm,

2086 1800 2223 1864 ιδίας
2246 1798 2411 1854 αὐτοῦ
2454 1799 2661 1870 μητρὸς
2714 1799 2815 1868 τῆς
2856 1798 3301 1868 ἐπιφανεστάτης
3348 1795 3660 1867 Ἀριάδνης

2084 1890 2180 1944 καὶ
2210 1890 2286 1949 ὡς
2319 1892 2617 1960 προσκυνεῖ
2647 1890 2811 1943 αὐτὸν
2845 1888 2921 1954 ὼς
2945 1887 3176 1959 βασιλέα
3197 1888 3386 1958 Ζήνων
3415 1887 3444 1939 6
3475 1901 3681 1955 στρατ-

2086 1979 2314 2049 ηλάτης,
2354 1978 2383 2029 ὁ
2426 1977 2738 2048 πατρίκιος,
2782 1978 2811 2030 6
2840 1974 3008 2029 αὑτοῦ
3038 1973 3224 2044 πατὴρ
3255 1971 3368 2042 (74)
3389 2010 3406 2035 ,
3434 1968 3681 2040 ἐπέθηκε

2087 2072 2353 2140 στέφανον
2411 2068 2693 2138 βασιλικὸν
2762 2068 2857 2121 ἐπὶ
2910 2067 3012 2138 τὴν
3087 2063 3332 2135 κεφαλὴν
3382 2059 3575 2124 αὑτοῦ,
3612 2063 3681 2131 τῇ

2086 2164 2254 2234 ἐνάτῃ
2286 2162 2330 2194 ³⁸
2372 2160 2471 2215 τοῦ
2532 2160 2789 2231 Περιτίου
2828 2158 2943 2228 (75)
3004 2156 3176 2228 μηνὸς
3220 2156 3320 2225 τῆς
3366 2150 3686 2222 δωδεκάτης

2101 2253 2484 2323 ἔπινεμήσεως
2506 2268 2519 2283 ο
2549 2252 2647 2305 καὶ
2673 2249 3031 2304 ἐϐασίλευσαν
3063 2249 3203 2318 ἅμα.

2171 2343 2523 2397 Ἐὃασίλευσε
2550 2342 2666 2415 [85]
2690 2344 2749 2396 δὲ
2772 2344 2800 2396 6
2821 2340 2986 2405 αὐτὸς
3015 2338 3270 2410 βασιλεὺς
3301 2336 3489 2407 Ζήνων
3517 2337 3546 2389 6
3579 2335 3690 2395 Κο-

2087 2435 2304 2499 δισσέος
2339 2433 2414 2507 (y)
2453 2437 2482 2489 6
2511 2437 2765 2506 ’Ίσαυρος
2826 2433 2965 2504 μετὰ
2997 2431 3110 2485 ’τοῦ
3157 2430 3293 2484 ίδίου
3348 2427 3516 2482 αὐτοῦ
3563 2426 3686 2480 υἱοῦ

2090 2527 2320 2589 Λέοντος
2339 2527 2519 2595 ὀλίγον
2546 2527 2757 2597 χρόνον.
2777 2526 2888 2579 Καὶ
2910 2523 3183 2593 προῆλθεν
3207 2521 3411 2583 ὕπατος
3429 2520 3458 2572 6
3474 2518 3689 2572 θειότα-

2089 2635 2182 2681 τος
2210 2618 2362 2672 Λέων
2389 2619 2418 2671 6
2444 2619 2661 2689 Μικρὸς
2686 2617 2841 2680 ἔτους
2883 2616 3025 2670 κατὰ
3064 2614 3399 2684 Ἀντιόχειαν
3424 2610 3572 2681 φιβ’,
3605 2611 3687 2664 ιν-

2089 2706 2374 2770 δικτιῶνος
2416 2707 2764 2778 δωδεκάτης·
2800 2708 2897 2760 καὶ
2953 2705 3031 2776 τῷ
3081 2704 3357 2772 ἑνδεκάτῳ
3404 2701 3537 2771 μηνὶ
3582 2692 3683 2759 τῆς

2093 2797 2262 2852 αὐτοῦ
2299 2799 2568 2862 ὑπατείας
2593 2799 2923 2871 ἡρρώστησε
2955 2797 3050 2852 καὶ
3081 2795 3314 2866 τελευτᾷ
3344 2794 3372 2846 6
3399 2791 3690 2851 θειότατος

2095 2889 2248 2943 Λέων
2275 2891 2304 2943 6
2330 2891 2543 2961 Μικρὸς
2563 2892 2695 2961 μηνὶ
2712 2889 3011 2961 Νοεμϐρίῳ
3041 2886 3377 2948 ίνδικτιῶνος
3407 2889 3497 2952 ιγ’,
3526 2882 3688 2945 ἔτους

412 2986 617 3026 annum
665 2986 836 3043 agens
891 2972 1187 3043 septimum
1223 2989 1240 3040 ;
1271 2971 1436 3028 sicuti
1471 2972 1734 3042 scriptum
1772 2975 1976 3045 reliqui]

2095 2980 2530 3050 χρηματίζοντος
2580 2982 2721 3035 κατὰ
2779 2980 3112 3050 Ἀντιόχειαν
3174 2984 3325 3047 φκγ¹,
3373 2974 3450 3029 ὢν
3501 2974 3689 3027 ἐνιαυ-

410 3059 800 3125 Nestorianus.
855 3064 1315 3134 sapientissimus
1364 3062 1857 3134 chronograpbus;
1890 3069 1976 3137 qui

2286 3040 2421 3140 (Ὶθ),
2449 3040 2630 3133 καθὼς
2662 3040 3042 3142 συνεγράψατο
3071 3040 3483 3135 Νεστοριανὸςὸ
3507 3062 3689 3131 σοφώ-

414 3151 715 3208 Historiam
744 3168 899 3209 suam
935 3154 1005 3210 ad
1044 3144 1282 3212 Leonem
1323 3169 1501 3226 usque
1539 3153 1825 3212 JuniOrem
1865 3173 1992 3228 per-

415 3241 596 3297 duxit.
1936 3242 1940 3247 “

2097 3172 2258 3221 τατος
2291 3159 2668 3230 χρονογράφος
2707 3159 2814 3223 ἔως
2845 3159 3074 3222 Λέοντος
3098 3155 3192 3211 τοῦ
3228 3152 3469 3225 Μικροῦ.

1725 3359 1960 3417 vanu:
1998 3345 2403 3419 LECTIONES.

426 3512 528 3566 Ox.

493 3440 537 3472 ⁸⁸
570 3440 683 3500 1ιηο
717 3444 1038 3502 Κοδισσαῐον
1066 3444 1157 3502 hic
1185 3452 1239 3502 et
1266 3445 1433 3501 infra.
1512 3447 1555 3479 ¹⁶
1591 3447 1937 3521 ’Ῑαννουαρίῳ
1960 3447 2065 3507 Ox.

2169 3450 2213 3482 "
2238 3438 2588 3520 δυσεντερίας
2609 3448 2737 3514 CIL,
2775 3446 3159 3520 δυσεντερείας
3185 3446 3293 3505 Ox.
3410 3448 3456 3481 ¹⁸
3484 3446 3688 3518 ἐννάτῃ

1678 3601 1790 3658 ED.
1823 3601 2200 3665 CHILMEADI
2230 3608 2463 3666 NOTIE.

494 3694 607 3768 ('73)
639 3693 1050 3768 Auceyrspelag.
1082 3692 1203 3768 ξιον.
1232 3691 1609 3768 δυσεντερίαςἶ
1645 3696 1719 3751 De
1747 3697 1852 3753 hoc
1869 3712 2002 3756 vero

422 3762 625 3827 Leonis
649 3765 843 3820 morbo
867 3762 1165 3834 sltupendo,
1193 3762 1320 3834 vide
1349 3762 1479 3834 quae
1500 3764 1785 3821 Cedrenus
1814 3768 1999 3824 habet.

440 3854 445 3857 ·
494 3837 608 3908 (74)
659 3834 717 3888 Ὀ
747 3832 1151 3908 αὐτρῦοπατὴρ.
1183 3832 1317 3908 Ωιι-τ.
1355 3832 1517 3889 Alex.
1549 3834 1748 3908 habet,
1779 3838 1808 3890 6
1837 3836 2001 3908 afatoﬁ

422 3902 668 3970 πάππος,
693 3903 962 3977 mendose
993 3920 1008 3959 :
1041 3902 1153 3959 non
1182 3902 1332 3959 enim
1365 3917 1523 3971 avus,
1552 3905 1648 3963 sed
1679 3913 1836 3977 pater
1867 3906 2005 3965 Leo—

424 3979 510 4033 nis
549 3983 666 4030 erat
693 3973 863 4029 Zeno.

492 4046 605 4117 (75)
639 4042 914 4117 n_eptﬂ00.
948 4041 1416 4117 ξοτκΠεριττίου.

495 4110 609 4187 (76)
646 4110 737 4187 εον
764 4112 1047 4187 ἐνιαυτῶν,
1069 4110 1143 4187 ζ’.
1190 4110 1483 4187 Quomodo
1512 4114 1617 4170 hoc
1646 4128 1771 4171 esse
1800 4119 1998 4187 potuit,

425 4182 571 4244 haud
605 4185 762 4240 video
794 4200 807 4236 :
848 4183 982 4239 Chr.
1022 4182 1288 4239 Alexand.
1313 4193 1496 4241 tamen
1522 4199 1697 4241 annos
1728 4182 1838 4241 xvii
1871 4182 1996 4243 eum

424 4258 630 4314 vixisse
659 4255 859 4310 asserit
891 4269 906 4306 :
932 4263 1162 4324 uterque
1183 4254 1565 4325 proculdubio
1587 4255 1749 4319 falso;
1772 4267 2000 4328 uterque

2105 3711 2291 3760 tamen
2324 3702 2714 3759 Nestorianum
2749 3702 3001 3758 eumdem
3028 3710 3313 3758 auctorem
3347 3700 3531 3758 habet.
3554 3700 3693 3757 Pro—

2108 3776 2302 3843 copius
2335 3774 2483 3855 enim
2511 3789 2663 3838 eum,
2699 3773 2845 3855 [laud
2871 3773 3086 3855 multos.
3105 3772 3225 3855 dies
3252 3780 3466 3855 natum,
3518 3772 3694 3855 impe-

2106 3841 2346 3899 ratorem
2375 3844 2671 3900 salutatum
2697 3841 2889 3906 fuisse,
2917 3842 3149 3897 scribit:
3175 3841 3614 3910 Τελευτήσαντος
3634 3842 3693 3895 δὲ

2105 3915 2203 3967 καὶ
2238 3913 2468 3976 Λέοντος
2518 3915 2577 3966 ἔν
2631 3911 2932 3981 Βυζαντίῳ,
2974 3910 3254 3980 παρέλαϐε
3278 3910 3379 3981 τὴν
3409 3911 3694 3981 βασιλείαν

2106 3982 2308 4065 Λέωνδ
2336 3983 2583 4065 Ζήνωνός
2610 4000 2671 4065 τε
2702 3982 2803 4065 καῇζ
2824 3981 3135 4065 ,Ἀριάδνης
3149 3980 3502 4065 τῆςΙΛέοιντος
3524 3980 3697 4065 θυγα-

2107 4054 2259 4122 τρὸς,
2292 4055 2351 4124 ὲᾼς
2388 4050 2617 4124 ἡμερῶν
2644 4052 2726 4106 ἔτι
2754 4050 2954 4119 ὀλίγων
2978 4050 3088 4104 που
3112 4050 3331 4124 ἠλικίαν
3365 4051 3547 4124 ἥκωνἶ
3580 4053 3697 4124 Λιι-

2107 4119 2229 4177 ctor
2255 4119 2640 4191 etiani'noster
2672 4135 2861 4191 supra,
2887 4135 3013 4175 eum
3040 4119 3255 4191 παιδίον
3287 4119 3484 4191 μικρὸν
3522 4119 3699 4175 fuisse

2108 4187 2379 4262 testatur;
2410 4190 2704 4262 imperium
2741 4187 2871 4262 vero
2900 4190 3083 4262 tenuit
3111 4205 3218 4244 non
3246 4187 3528 4245 anno'toto
3562 4204 3675 4243 uno

2103 4260 2338 4332 Procop.
2377 4263 2452 4318 De
2482 4260 2611 4318 bell.
2641 4260 2875 4316 Vandal.
2899 4260 2999 4314 lib.
3031 4276 3069 4314 ι.

1825 4367 2015 4425 HODII
2054 4370 2282 4429 NOTAE.

1505 4370 1508 4373 ’
1825 4370 2015 4425 HODII
2084 4372 2099 4398 τ
2268 4413 2282 4429 .

500 4459 577 4534 (εί)
608 4455 918 4534 Κοδισσρος.
958 4455 1238 4534 Siepaulo
1266 4464 1396 4513 ante
1429 4472 1484 4528 p.
1511 4458 1639 4515 575.
1685 4459 1752 4513 15
1800 4459 1862 4514 C.
1885 4370 2262 4529 manci:ng
2277 4466 2368 4521 ubi
2418 4464 2770 4526 Κουκουσεὺς
2830 4463 3062 4534 corrigit.
3128 4461 3476 4531 Holstenius,
3557 4471 3703 4531 quo-

429 4526 590 4586 modo
628 4530 697 4583 ab
725 4527 852 4583 aliis
887 4526 1214 4598 appellatur.
