  <div class='ocr_page' id='page_1' title='image "/cluster/home/n/w/nwhite01/storage/ocr_20150623/97/mdp.39015041892756/284.png"; bbox 0 0 3988 6136; ppageno 0'>
   <div class='ocr_carea' id='block_1_1' title="bbox 297 316 400 380">
    <p class='ocr_par' dir='ltr' id='par_1_1' title="bbox 297 316 400 380">
     <span class='ocr_line' id='line_1_1' title="bbox 297 316 400 380; baseline -0.01 0"><span class='ocrx_word' id='word_1_1' title='bbox 297 316 400 380; x_wconf 57' lang='grc' dir='ltr'><strong>ως</strong></span> 
     </span>
    </p>
   </div>
   <div class='ocr_carea' id='block_1_2' title="bbox 1393 315 2477 382">
    <p class='ocr_par' dir='ltr' id='par_1_2' title="bbox 1393 315 2477 382">
     <span class='ocr_line' id='line_1_2' title="bbox 1393 315 2477 382; baseline 0.005 -5"><span class='ocrx_word' id='word_1_2' title='bbox 1393 315 1747 378; x_wconf 72' lang='lat' dir='ltr'><strong>CHRONOG</strong></span> <span class='ocrx_word' id='word_1_3' title='bbox 1759 320 2067 381; x_wconf 75' lang='lat' dir='ltr'><strong>RAPHIA.</strong></span> <span class='ocrx_word' id='word_1_4' title='bbox 2086 343 2152 354; x_wconf 78' lang='grc'><strong>-·</strong></span> <span class='ocrx_word' id='word_1_5' title='bbox 2175 321 2322 382; x_wconf 86' lang='lat' dir='ltr'><strong>LIB.</strong></span> <span class='ocrx_word' id='word_1_6' title='bbox 2357 323 2477 382; x_wconf 79' lang='lat' dir='ltr'><strong>XV.</strong></span> 
     </span>
    </p>
   </div>
   <div class='ocr_carea' id='block_1_3' title="bbox 3457 320 3565 387">
    <p class='ocr_par' dir='ltr' id='par_1_3' title="bbox 3457 320 3565 387">
     <span class='ocr_line' id='line_1_3' title="bbox 3457 320 3565 387; baseline -0.019 0"><span class='ocrx_word' id='word_1_7' title='bbox 3457 320 3565 387; x_wconf 79' lang='lat'><strong>576</strong></span> 
     </span>
    </p>
   </div>
   <div class='ocr_carea' id='block_1_4' title="bbox 369 414 1880 500">
    <p class='ocr_par' dir='ltr' id='par_1_4' title="bbox 369 414 1876 500">
     <span class='ocr_line' id='line_1_4' title="bbox 369 414 1876 500; baseline -0.001 -18"><span class='ocrx_word' id='word_1_8' title='bbox 369 427 497 482; x_wconf 67' lang='grc' dir='ltr'><strong>Ἐπὶ</strong></span> <span class='ocrx_word' id='word_1_9' title='bbox 538 426 594 479; x_wconf 82' lang='grc' dir='ltr'>δὲ</span> <span class='ocrx_word' id='word_1_10' title='bbox 644 426 744 496; x_wconf 79' lang='grc' dir='ltr'><strong>τῆς</strong></span> <span class='ocrx_word' id='word_1_11' title='bbox 788 425 954 480; x_wconf 77' lang='grc' dir='ltr'>αὐτοῦ</span> <span class='ocrx_word' id='word_1_12' title='bbox 1005 424 1280 495; x_wconf 75' lang='grc' dir='ltr'><strong>βασιλείας</strong></span> <span class='ocrx_word' id='word_1_13' title='bbox 1324 427 1645 500; x_wconf 84' lang='grc' dir='ltr'>Θευδερίχος</span> <span class='ocrx_word' id='word_1_14' title='bbox 1693 429 1722 481; x_wconf 87' lang='grc' dir='ltr'><strong>ὁ</strong></span> <span class='ocrx_word' id='word_1_15' title='bbox 1768 414 1876 482; x_wconf 71' lang='grc' dir='ltr'><strong>άπὸ</strong></span> 
     </span>
    </p>
   </div>
   <div class='ocr_carea' id='block_1_5' title="bbox 1981 414 3563 500">
    <p class='ocr_par' dir='ltr' id='par_1_5' title="bbox 2052 428 3563 500">
     <span class='ocr_line' id='line_1_5' title="bbox 2052 428 3563 500; baseline 0.003 -17"><span class='ocrx_word' id='word_1_16' title='bbox 2052 429 2256 485; x_wconf 86' lang='lat' dir='ltr'><strong>Eodem</strong></span> <span class='ocrx_word' id='word_1_17' title='bbox 2282 433 2610 500; x_wconf 70' lang='lat' dir='ltr'><strong>imperante,</strong></span> <span class='ocrx_word' id='word_1_18' title='bbox 2639 428 3060 486; x_wconf 87' lang='lat' dir='ltr'><strong>Tbeuderichus</strong></span> <span class='ocrx_word' id='word_1_19' title='bbox 3085 429 3329 499; x_wconf 88' lang='lat' dir='ltr'><strong>quidam,</strong></span> <span class='ocrx_word' id='word_1_20' title='bbox 3354 446 3563 488; x_wconf 80' lang='lat' dir='ltr'><strong>excon-</strong></span> 
     </span>
    </p>
   </div>
   <div class='ocr_carea' id='block_1_6' title="bbox 303 518 1877 589">
    <p class='ocr_par' dir='ltr' id='par_1_6' title="bbox 303 518 1877 589">
     <span class='ocr_line' id='line_1_6' title="bbox 303 518 1877 589; baseline 0 -16"><span class='ocrx_word' id='word_1_21' title='bbox 303 520 545 583; x_wconf 83' lang='grc' dir='ltr'>ὑπάτων,</span> <span class='ocrx_word' id='word_1_22' title='bbox 569 521 598 572; x_wconf 85' lang='grc' dir='ltr'>ὁ</span> <span class='ocrx_word' id='word_1_23' title='bbox 635 519 754 582; x_wconf 83' lang='grc' dir='ltr'>υίὸς</span> <span class='ocrx_word' id='word_1_24' title='bbox 789 518 1138 589; x_wconf 84' lang='grc' dir='ltr'>Οὑαλέμερος</span> <span class='ocrx_word' id='word_1_25' title='bbox 1167 518 1303 589; x_wconf 86' lang='grc'>(89),</span> <span class='ocrx_word' id='word_1_26' title='bbox 1338 520 1396 573; x_wconf 82' lang='grc' dir='ltr'>ἐν</span> <span class='ocrx_word' id='word_1_27' title='bbox 1434 520 1877 575; x_wconf 84' lang='grc' dir='ltr'>Κωνσταντινου-</span> 
     </span>
    </p>
   </div>
   <div class='ocr_carea' id='block_1_7' title="bbox 299 607 1877 680">
    <p class='ocr_par' dir='ltr' id='par_1_7' title="bbox 299 607 1877 680">
     <span class='ocr_line' id='line_1_7' title="bbox 299 607 1877 680; baseline -0.001 -16"><span class='ocrx_word' id='word_1_28' title='bbox 299 611 451 664; x_wconf 80' lang='grc' dir='ltr'>πόλει</span> <span class='ocrx_word' id='word_1_29' title='bbox 493 609 830 677; x_wconf 69' lang='grc' dir='ltr'><strong>ἀνατραφεὶς</strong></span> <span class='ocrx_word' id='word_1_30' title='bbox 882 609 977 660; x_wconf 74' lang='grc' dir='ltr'><strong>καὶ</strong></span> <span class='ocrx_word' id='word_1_31' title='bbox 1026 608 1325 676; x_wconf 76' lang='grc' dir='ltr'>ἀναγνοὺς,</span> <span class='ocrx_word' id='word_1_32' title='bbox 1374 609 1753 680; x_wconf 79' lang='grc' dir='ltr'><strong>στρατηλάτης</strong></span> <span class='ocrx_word' id='word_1_33' title='bbox 1801 607 1877 662; x_wconf 82' lang='grc' dir='ltr'><strong>ὢν</strong></span> 
     </span>
    </p>
   </div>
   <div class='ocr_carea' id='block_1_8' title="bbox 300 698 1877 774">
    <p class='ocr_par' dir='ltr' id='par_1_8' title="bbox 300 698 1877 774">
     <span class='ocr_line' id='line_1_8' title="bbox 300 698 1877 774; baseline -0.003 -17"><span class='ocrx_word' id='word_1_34' title='bbox 300 703 624 774; x_wconf 83' lang='grc' dir='ltr'>πραισέντου</span> <span class='ocrx_word' id='word_1_35' title='bbox 668 700 765 753; x_wconf 76' lang='grc' dir='ltr'><strong>καὶ</strong></span> <span class='ocrx_word' id='word_1_36' title='bbox 814 698 1075 770; x_wconf 78' lang='grc' dir='ltr'>ἑωρακὼς</span> <span class='ocrx_word' id='word_1_37' title='bbox 1107 699 1159 752; x_wconf 82' lang='grc' dir='ltr'>τί</span> <span class='ocrx_word' id='word_1_38' title='bbox 1187 698 1395 769; x_wconf 82' lang='grc' dir='ltr'><strong>ὑπέστη</strong></span> <span class='ocrx_word' id='word_1_39' title='bbox 1424 700 1699 769; x_wconf 80' lang='grc' dir='ltr'>Ἀρμᾶτος</span> <span class='ocrx_word' id='word_1_40' title='bbox 1720 742 1735 764; x_wconf 87' lang='grc'><strong>,</strong></span> <span class='ocrx_word' id='word_1_41' title='bbox 1780 717 1877 768; x_wconf 83' lang='grc' dir='ltr'><strong>φο-</strong></span> 
     </span>
    </p>
   </div>
   <div class='ocr_carea' id='block_1_9' title="bbox 301 789 1878 867">
    <p class='ocr_par' dir='ltr' id='par_1_9' title="bbox 301 789 1878 867">
     <span class='ocr_line' id='line_1_9' title="bbox 301 789 1878 867; baseline -0.003 -20"><span class='ocrx_word' id='word_1_42' title='bbox 301 794 483 867; x_wconf 68' lang='grc' dir='ltr'>ϐηθεὶς</span> <span class='ocrx_word' id='word_1_43' title='bbox 534 793 628 846; x_wconf 75' lang='grc' dir='ltr'><strong>τὸν</strong></span> <span class='ocrx_word' id='word_1_44' title='bbox 678 790 906 863; x_wconf 78' lang='grc' dir='ltr'><strong>βασιλέα</strong></span> <span class='ocrx_word' id='word_1_45' title='bbox 955 791 1206 861; x_wconf 81' lang='grc' dir='ltr'>Ζήνωνα,</span> <span class='ocrx_word' id='word_1_46' title='bbox 1237 789 1397 843; x_wconf 76' lang='grc' dir='ltr'>ἔλαϐε</span> <span class='ocrx_word' id='word_1_47' title='bbox 1447 790 1545 859; x_wconf 82' lang='grc' dir='ltr'>τὴν</span> <span class='ocrx_word' id='word_1_48' title='bbox 1584 791 1722 844; x_wconf 82' lang='grc' dir='ltr'>ἰδίαν</span> <span class='ocrx_word' id='word_1_49' title='bbox 1753 790 1878 861; x_wconf 76' lang='grc' dir='ltr'><strong>βοή-</strong></span> 
     </span>
    </p>
   </div>
   <div class='ocr_carea' id='block_1_10' title="bbox 301 882 1876 952">
    <p class='ocr_par' dir='ltr' id='par_1_10' title="bbox 301 882 1876 952">
     <span class='ocr_line' id='line_1_10' title="bbox 301 882 1876 952; baseline -0.002 -13"><span class='ocrx_word' id='word_1_50' title='bbox 301 885 449 940; x_wconf 84' lang='grc' dir='ltr'>θειαν</span> <span class='ocrx_word' id='word_1_51' title='bbox 478 884 578 938; x_wconf 69' lang='grc' dir='ltr'><strong>καὶ</strong></span> <span class='ocrx_word' id='word_1_52' title='bbox 602 884 824 952; x_wconf 72' lang='grc' dir='ltr'><strong>ἐξῆλθεν</strong></span> <span class='ocrx_word' id='word_1_53' title='bbox 852 882 962 936; x_wconf 82' lang='grc' dir='ltr'>ἀπὸ</span> <span class='ocrx_word' id='word_1_54' title='bbox 992 882 1636 944; x_wconf 70' lang='grc' dir='ltr'>Κωνσταντινουπὸλεως,</span> <span class='ocrx_word' id='word_1_55' title='bbox 1656 882 1748 934; x_wconf 73' lang='grc' dir='ltr'>ἐπὶ</span> <span class='ocrx_word' id='word_1_56' title='bbox 1774 883 1876 936; x_wconf 85' lang='grc' dir='ltr'><strong>Σα-</strong></span> 
     </span>
    </p>
   </div>
   <div class='ocr_carea' id='block_1_11' title="bbox 296 972 1871 1048">
    <p class='ocr_par' dir='ltr' id='par_1_11' title="bbox 296 972 1871 1048">
     <span class='ocr_line' id='line_1_11' title="bbox 296 972 1871 1048; baseline -0.002 -19"><span class='ocrx_word' id='word_1_57' title='bbox 296 977 527 1048; x_wconf 75' lang='grc' dir='ltr'>λαΰρίαν</span> <span class='ocrx_word' id='word_1_58' title='bbox 550 974 730 1029; x_wconf 83' lang='grc' dir='ltr'>ἀπιὼν</span> <span class='ocrx_word' id='word_1_59' title='bbox 755 974 843 1028; x_wconf 87' lang='grc' dir='ltr'><strong>διὰ</strong></span> <span class='ocrx_word' id='word_1_60' title='bbox 869 975 996 1035; x_wconf 81' lang='grc' dir='ltr'>τοὺς</span> <span class='ocrx_word' id='word_1_61' title='bbox 1019 975 1139 1025; x_wconf 77' lang='grc' dir='ltr'>ἐκεῖ</span> <span class='ocrx_word' id='word_1_62' title='bbox 1160 972 1560 1043; x_wconf 81' lang='grc' dir='ltr'><strong>καθεζομένους</strong></span> <span class='ocrx_word' id='word_1_63' title='bbox 1582 973 1871 1044; x_wconf 78' lang='grc' dir='ltr'>ἀριθμούς.</span> 
     </span>
    </p>
   </div>
   <div class='ocr_carea' id='block_1_12' title="bbox 297 1062 1877 1137">
    <p class='ocr_par' dir='ltr' id='par_1_12' title="bbox 297 1062 1877 1137">
     <span class='ocr_line' id='line_1_12' title="bbox 297 1062 1877 1137; baseline -0.003 -16"><span class='ocrx_word' id='word_1_64' title='bbox 297 1069 407 1121; x_wconf 70' lang='grc' dir='ltr'><strong>Καὶ</strong></span> <span class='ocrx_word' id='word_1_65' title='bbox 443 1067 790 1137; x_wconf 80' lang='grc' dir='ltr'><strong>τυραννήσας</strong></span> <span class='ocrx_word' id='word_1_66' title='bbox 835 1064 1115 1133; x_wconf 80' lang='grc' dir='ltr'>παρέλαϐε</span> <span class='ocrx_word' id='word_1_67' title='bbox 1151 1062 1249 1134; x_wconf 72' lang='grc' dir='ltr'><strong>τὴν</strong></span> <span class='ocrx_word' id='word_1_68' title='bbox 1281 1064 1504 1135; x_wconf 81' lang='grc' dir='ltr'>Θρᾴκην</span> <span class='ocrx_word' id='word_1_69' title='bbox 1531 1067 1739 1117; x_wconf 77' lang='grc' dir='ltr'>πᾶσαν·</span> <span class='ocrx_word' id='word_1_70' title='bbox 1778 1065 1877 1118; x_wconf 78' lang='grc' dir='ltr'><strong>καὶ</strong></span> 
     </span>
    </p>
   </div>
   <div class='ocr_carea' id='block_1_13' title="bbox 299 1155 1877 1231">
    <p class='ocr_par' dir='ltr' id='par_1_13' title="bbox 299 1155 1877 1231">
     <span class='ocr_line' id='line_1_13' title="bbox 299 1155 1877 1231; baseline -0.001 -18"><span class='ocrx_word' id='word_1_71' title='bbox 299 1155 428 1231; x_wconf 75' lang='grc' dir='ltr'><strong>ἦλθε</strong></span> <span class='ocrx_word' id='word_1_72' title='bbox 451 1158 595 1214; x_wconf 84' lang='grc' dir='ltr'>κατὰ</span> <span class='ocrx_word' id='word_1_73' title='bbox 622 1158 717 1211; x_wconf 83' lang='grc' dir='ltr'><strong>τοῦ</strong></span> <span class='ocrx_word' id='word_1_74' title='bbox 759 1156 1021 1227; x_wconf 80' lang='grc' dir='ltr'>βασιλέως</span> <span class='ocrx_word' id='word_1_75' title='bbox 1064 1158 1312 1227; x_wconf 84' lang='grc' dir='ltr'>Ζήνωνος</span> <span class='ocrx_word' id='word_1_76' title='bbox 1339 1156 1444 1219; x_wconf 76' lang='grc' dir='ltr'>ἕως</span> <span class='ocrx_word' id='word_1_77' title='bbox 1474 1157 1665 1211; x_wconf 84' lang='grc' dir='ltr'>Συκῶν</span> <span class='ocrx_word' id='word_1_78' title='bbox 1703 1158 1877 1229; x_wconf 82' lang='grc' dir='ltr'>πέραν</span> 
     </span>
    </p>
   </div>
   <div class='ocr_carea' id='block_1_14' title="bbox 301 1244 1875 1316">
    <p class='ocr_par' dir='ltr' id='par_1_14' title="bbox 301 1244 1875 1316">
     <span class='ocr_line' id='line_1_14' title="bbox 301 1244 1875 1316; baseline -0.002 -13"><span class='ocrx_word' id='word_1_79' title='bbox 301 1248 583 1303; x_wconf 81' lang='grc' dir='ltr'>κατέναντι</span> <span class='ocrx_word' id='word_1_80' title='bbox 613 1244 1260 1309; x_wconf 66' lang='grc' dir='ltr'>Κωνσταντινουπόλεως,</span> <span class='ocrx_word' id='word_1_81' title='bbox 1280 1245 1455 1315; x_wconf 74' lang='grc' dir='ltr'>κόψας</span> <span class='ocrx_word' id='word_1_82' title='bbox 1481 1247 1574 1298; x_wconf 76' lang='grc' dir='ltr'><strong>καὶ</strong></span> <span class='ocrx_word' id='word_1_83' title='bbox 1606 1248 1696 1300; x_wconf 74' lang='grc' dir='ltr'><strong>τὸν</strong></span> <span class='ocrx_word' id='word_1_84' title='bbox 1727 1248 1875 1316; x_wconf 82' lang='grc' dir='ltr'><strong>ἀγω-</strong></span> 
     </span>
    </p>
   </div>
   <div class='ocr_carea' id='block_1_15' title="bbox 302 1338 1919 1411">
    <p class='ocr_par' dir='ltr' id='par_1_15' title="bbox 302 1338 1919 1411">
     <span class='ocr_line' id='line_1_15' title="bbox 302 1338 1919 1411; baseline -0.002 -16"><span class='ocrx_word' id='word_1_85' title='bbox 302 1342 392 1410; x_wconf 76' lang='grc' dir='ltr'><strong>γὸν</strong></span> <span class='ocrx_word' id='word_1_86' title='bbox 437 1344 538 1411; x_wconf 80' lang='grc' dir='ltr'>τῆς</span> <span class='ocrx_word' id='word_1_87' title='bbox 586 1339 813 1400; x_wconf 78' lang='grc' dir='ltr'>πόλεως.</span> <span class='ocrx_word' id='word_1_88' title='bbox 850 1339 962 1392; x_wconf 76' lang='grc' dir='ltr'>Καὶ</span> <span class='ocrx_word' id='word_1_89' title='bbox 1002 1339 1236 1408; x_wconf 83' lang='grc' dir='ltr'><strong>ποιήσας</strong></span> <span class='ocrx_word' id='word_1_90' title='bbox 1269 1338 1485 1410; x_wconf 81' lang='grc' dir='ltr'>ἡμέρας</span> <span class='ocrx_word' id='word_1_91' title='bbox 1529 1338 1753 1402; x_wconf 84' lang='grc' dir='ltr'>πολλὰς,</span> <span class='ocrx_word' id='word_1_92' title='bbox 1781 1340 1877 1392; x_wconf 76' lang='grc' dir='ltr'>καὶ</span> <span class='ocrx_word' id='word_1_93' title='bbox 1916 1398 1919 1401; x_wconf 96' lang='lat'><em>_</em></span> 
     </span>
    </p>
   </div>
   <div class='ocr_carea' id='block_1_16' title="bbox 303 1426 1873 1502">
    <p class='ocr_par' dir='ltr' id='par_1_16' title="bbox 303 1426 1873 1502">
     <span class='ocr_line' id='line_1_16' title="bbox 303 1426 1873 1502; baseline -0.002 -18"><span class='ocrx_word' id='word_1_94' title='bbox 303 1432 375 1502; x_wconf 77' lang='grc' dir='ltr'>μὴ</span> <span class='ocrx_word' id='word_1_95' title='bbox 402 1428 652 1498; x_wconf 79' lang='grc' dir='ltr'>δυνηθεὶς</span> <span class='ocrx_word' id='word_1_96' title='bbox 683 1426 884 1497; x_wconf 66' lang='grc' dir='ltr'>βλάψαι</span> <span class='ocrx_word' id='word_1_97' title='bbox 916 1426 1009 1479; x_wconf 79' lang='grc' dir='ltr'>τὸν</span> <span class='ocrx_word' id='word_1_98' title='bbox 1044 1427 1265 1496; x_wconf 77' lang='grc' dir='ltr'>βασιλέα</span> <span class='ocrx_word' id='word_1_99' title='bbox 1286 1466 1302 1489; x_wconf 88' lang='grc'><strong>,</strong></span> <span class='ocrx_word' id='word_1_100' title='bbox 1337 1427 1685 1498; x_wconf 81' lang='grc' dir='ltr'><strong>ἀνεχώρησεν</strong></span> <span class='ocrx_word' id='word_1_101' title='bbox 1730 1431 1873 1482; x_wconf 76' lang='grc' dir='ltr'>ἐκεῖ-ο</span> 
     </span>
    </p>
   </div>
   <div class='ocr_carea' id='block_1_17' title="bbox 302 1517 1877 1593">
    <p class='ocr_par' dir='ltr' id='par_1_17' title="bbox 302 1517 1877 1593">
     <span class='ocr_line' id='line_1_17' title="bbox 302 1517 1877 1593; baseline -0.001 -19"><span class='ocrx_word' id='word_1_102' title='bbox 302 1523 387 1574; x_wconf 81' lang='grc' dir='ltr'><strong>Θεν</strong></span> <span class='ocrx_word' id='word_1_103' title='bbox 414 1521 666 1593; x_wconf 84' lang='grc' dir='ltr'><strong>ὁρμήσας</strong></span> <span class='ocrx_word' id='word_1_104' title='bbox 699 1518 791 1570; x_wconf 68' lang='grc' dir='ltr'><strong>ἐπὶ</strong></span> <span class='ocrx_word' id='word_1_105' title='bbox 817 1518 915 1589; x_wconf 82' lang='grc' dir='ltr'><strong>τὴν</strong></span> <span class='ocrx_word' id='word_1_106' title='bbox 950 1518 1169 1587; x_wconf 83' lang='grc' dir='ltr'>Ῥώμην</span> <span class='ocrx_word' id='word_1_107' title='bbox 1194 1517 1329 1587; x_wconf 85' lang='grc'>(90),</span> <span class='ocrx_word' id='word_1_108' title='bbox 1353 1518 1474 1571; x_wconf 85' lang='grc' dir='ltr'>τότε</span> <span class='ocrx_word' id='word_1_109' title='bbox 1504 1520 1877 1590; x_wconf 81' lang='grc' dir='ltr'><strong>κατεχομένην</strong></span> 
     </span>
    </p>
   </div>
   <div class='ocr_carea' id='block_1_18' title="bbox 302 1607 1876 1680">
    <p class='ocr_par' dir='ltr' id='par_1_18' title="bbox 302 1607 1876 1680">
     <span class='ocr_line' id='line_1_18' title="bbox 302 1607 1876 1680; baseline -0.003 -14"><span class='ocrx_word' id='word_1_110' title='bbox 302 1612 403 1665; x_wconf 74' lang='grc' dir='ltr'><strong>ὑπὸ</strong></span> <span class='ocrx_word' id='word_1_111' title='bbox 431 1610 527 1665; x_wconf 83' lang='grc' dir='ltr'>τοῦ</span> <span class='ocrx_word' id='word_1_112' title='bbox 558 1609 1059 1680; x_wconf 53' lang='lat' dir='ltr'><strong>ﬂaminem-4.91116;</strong></span> <span class='ocrx_word' id='word_1_113' title='bbox 1080 1608 1189 1660; x_wconf 83' lang='grc' dir='ltr'><strong>τῶν</strong></span> <span class='ocrx_word' id='word_1_114' title='bbox 1220 1607 1543 1678; x_wconf 78' lang='grc' dir='ltr'>Βαρϐάρων.</span> <span class='ocrx_word' id='word_1_115' title='bbox 1574 1610 1681 1661; x_wconf 82' lang='lat' dir='ltr'><strong>Ka‘t</strong></span> <span class='ocrx_word' id='word_1_116' title='bbox 1713 1610 1876 1662; x_wconf 82' lang='grc' dir='ltr'>πολε-</span> 
     </span>
    </p>
   </div>
   <div class='ocr_carea' id='block_1_19' title="bbox 305 1698 1863 1773">
    <p class='ocr_par' dir='ltr' id='par_1_19' title="bbox 305 1698 1863 1773">
     <span class='ocr_line' id='line_1_19' title="bbox 305 1698 1863 1773; baseline -0.004 -17"><span class='ocrx_word' id='word_1_117' title='bbox 305 1706 478 1773; x_wconf 83' lang='grc' dir='ltr'>μήσας</span> <span class='ocrx_word' id='word_1_118' title='bbox 511 1701 661 1771; x_wconf 81' lang='grc' dir='ltr'>αὐτῷ</span> <span class='ocrx_word' id='word_1_119' title='bbox 691 1702 833 1755; x_wconf 77' lang='grc' dir='ltr'>κατὰ</span> <span class='ocrx_word' id='word_1_120' title='bbox 863 1699 1089 1770; x_wconf 78' lang='grc' dir='ltr'>γνώμην</span> <span class='ocrx_word' id='word_1_121' title='bbox 1141 1700 1234 1753; x_wconf 83' lang='grc' dir='ltr'>κα¹ι</span> <span class='ocrx_word' id='word_1_122' title='bbox 1285 1699 1574 1767; x_wconf 80' lang='grc' dir='ltr'>προδοσίαν</span> <span class='ocrx_word' id='word_1_123' title='bbox 1606 1698 1706 1769; x_wconf 80' lang='grc' dir='ltr'><strong>τῆς</strong></span> <span class='ocrx_word' id='word_1_124' title='bbox 1741 1716 1863 1766; x_wconf 77' lang='grc' dir='ltr'>συγο</span> 
     </span>
    </p>
   </div>
   <div class='ocr_carea' id='block_1_20' title="bbox 1979 519 3564 590">
    <p class='ocr_par' dir='ltr' id='par_1_20' title="bbox 1979 519 3564 590">
     <span class='ocr_line' id='line_1_20' title="bbox 1979 519 3564 590; baseline 0.004 -18"><span class='ocrx_word' id='word_1_125' title='bbox 1979 520 2089 584; x_wconf 89' lang='lat' dir='ltr'><strong>sul,</strong></span> <span class='ocrx_word' id='word_1_126' title='bbox 2112 519 2415 575; x_wconf 79' lang='lat' dir='ltr'><strong>Valemeris</strong></span> <span class='ocrx_word' id='word_1_127' title='bbox 2447 522 2594 575; x_wconf 83' lang='lat' dir='ltr'><strong>tilius</strong></span> <span class='ocrx_word' id='word_1_128' title='bbox 2632 522 2747 590; x_wconf 84' lang='lat' dir='ltr'><strong>(qui</strong></span> <span class='ocrx_word' id='word_1_129' title='bbox 2778 522 3258 590; x_wconf 91' lang='lat' dir='ltr'><strong>Constantinopoli</strong></span> <span class='ocrx_word' id='word_1_130' title='bbox 3290 524 3564 580; x_wconf 76' lang='lat' dir='ltr'><strong>enutritus</strong></span> 
     </span>
    </p>
   </div>
   <div class='ocr_carea' id='block_1_21' title="bbox 1979 610 3565 685">
    <p class='ocr_par' dir='ltr' id='par_1_21' title="bbox 1979 610 3565 685">
     <span class='ocr_line' id='line_1_21' title="bbox 1979 610 3565 685; baseline 0.004 -22"><span class='ocrx_word' id='word_1_131' title='bbox 1979 610 2288 681; x_wconf 82' lang='lat' dir='ltr'><strong>litterisque</strong></span> <span class='ocrx_word' id='word_1_132' title='bbox 2314 611 2560 685; x_wconf 76' lang='lat' dir='ltr'><strong>imbutus</strong></span> <span class='ocrx_word' id='word_1_133' title='bbox 2582 612 2784 677; x_wconf 82' lang='lat' dir='ltr'><strong>fuerat,</strong></span> <span class='ocrx_word' id='word_1_134' title='bbox 2812 622 2867 668; x_wconf 90' lang='lat' dir='ltr'><strong>et</strong></span> <span class='ocrx_word' id='word_1_135' title='bbox 2894 613 3185 683; x_wconf 70' lang='lat' dir='ltr'><strong>przcsentis</strong></span> <span class='ocrx_word' id='word_1_136' title='bbox 3212 614 3419 668; x_wconf 69' lang='lat' dir='ltr'><strong>militiae</strong></span> <span class='ocrx_word' id='word_1_137' title='bbox 3445 625 3565 668; x_wconf 85' lang='lat' dir='ltr'><strong>tau-</strong></span> 
     </span>
    </p>
   </div>
   <div class='ocr_carea' id='block_1_22' title="bbox 1977 702 3561 775">
    <p class='ocr_par' dir='ltr' id='par_1_22' title="bbox 1977 702 3561 775">
     <span class='ocr_line' id='line_1_22' title="bbox 1977 702 3561 775; baseline 0.003 -20"><span class='ocrx_word' id='word_1_138' title='bbox 1977 702 2100 757; x_wconf 86' lang='lat' dir='ltr'><strong>dem</strong></span> <span class='ocrx_word' id='word_1_139' title='bbox 2133 703 2398 771; x_wconf 85' lang='lat' dir='ltr'><strong>magister</strong></span> <span class='ocrx_word' id='word_1_140' title='bbox 2426 703 2812 775; x_wconf 88' lang='lat' dir='ltr'><strong>constitutus),</strong></span> <span class='ocrx_word' id='word_1_141' title='bbox 2841 719 2965 757; x_wconf 88' lang='lat' dir='ltr'><strong>eum</strong></span> <span class='ocrx_word' id='word_1_142' title='bbox 2984 704 3195 758; x_wconf 76' lang='lat' dir='ltr'><strong>Armati</strong></span> <span class='ocrx_word' id='word_1_143' title='bbox 3222 703 3392 758; x_wconf 86' lang='lat' dir='ltr'><strong>fatum</strong></span> <span class='ocrx_word' id='word_1_144' title='bbox 3417 707 3561 775; x_wconf 87' lang='lat' dir='ltr'><strong>apud</strong></span> 
     </span>
    </p>
   </div>
   <div class='ocr_carea' id='block_1_23' title="bbox 1979 796 3560 865">
    <p class='ocr_par' dir='ltr' id='par_1_23' title="bbox 1979 796 3560 865">
     <span class='ocr_line' id='line_1_23' title="bbox 1979 796 3560 865; baseline 0.003 -18"><span class='ocrx_word' id='word_1_145' title='bbox 1979 808 2042 847; x_wconf 88' lang='lat' dir='ltr'><strong>se</strong></span> <span class='ocrx_word' id='word_1_146' title='bbox 2070 803 2404 863; x_wconf 81' lang='lat' dir='ltr'><strong>reputasset,</strong></span> <span class='ocrx_word' id='word_1_147' title='bbox 2440 807 2690 849; x_wconf 85' lang='lat' dir='ltr'><strong>metuens</strong></span> <span class='ocrx_word' id='word_1_148' title='bbox 2721 797 2825 850; x_wconf 82' lang='lat' dir='ltr'><strong>sibi</strong></span> <span class='ocrx_word' id='word_1_149' title='bbox 2857 797 2925 849; x_wconf 89' lang='lat' dir='ltr'><strong>ab</strong></span> <span class='ocrx_word' id='word_1_150' title='bbox 2959 797 3287 865; x_wconf 81' lang='lat' dir='ltr'><strong>imperatore</strong></span> <span class='ocrx_word' id='word_1_151' title='bbox 3315 796 3560 860; x_wconf 86' lang='lat' dir='ltr'><strong>Zenone,</strong></span> 
     </span>
    </p>
   </div>
   <div class='ocr_carea' id='block_1_24' title="bbox 1978 882 3563 957">
    <p class='ocr_par' dir='ltr' id='par_1_24' title="bbox 1978 882 3563 957">
     <span class='ocr_line' id='line_1_24' title="bbox 1978 882 3563 957; baseline 0.004 -21"><span class='ocrx_word' id='word_1_152' title='bbox 1978 882 2170 936; x_wconf 87' lang='lat' dir='ltr'><strong>relicta</strong></span> <span class='ocrx_word' id='word_1_153' title='bbox 2193 882 2704 953; x_wconf 80' lang='lat' dir='ltr'><strong>Constantinopoli,</strong></span> <span class='ocrx_word' id='word_1_154' title='bbox 2742 892 2796 938; x_wconf 84' lang='lat' dir='ltr'><strong>et</strong></span> <span class='ocrx_word' id='word_1_155' title='bbox 2821 885 3127 954; x_wconf 86' lang='lat' dir='ltr'><strong>assumptis</strong></span> <span class='ocrx_word' id='word_1_156' title='bbox 3161 901 3351 940; x_wconf 89' lang='lat' dir='ltr'><strong>secum</strong></span> <span class='ocrx_word' id='word_1_157' title='bbox 3385 888 3563 957; x_wconf 80' lang='lat' dir='ltr'><strong>copiis</strong></span> 
     </span>
    </p>
   </div>
   <div class='ocr_carea' id='block_1_25' title="bbox 1979 969 3563 1038">
    <p class='ocr_par' dir='ltr' id='par_1_25' title="bbox 1979 969 3563 1038">
     <span class='ocr_line' id='line_1_25' title="bbox 1979 969 3563 1038; baseline 0.006 -14"><span class='ocrx_word' id='word_1_158' title='bbox 1979 971 2121 1034; x_wconf 92' lang='lat' dir='ltr'><strong>suis,</strong></span> <span class='ocrx_word' id='word_1_159' title='bbox 2150 971 2204 1025; x_wconf 92' lang='lat' dir='ltr'><strong>in</strong></span> <span class='ocrx_word' id='word_1_160' title='bbox 2234 969 2541 1026; x_wconf 88' lang='lat' dir='ltr'><strong>Salabriam</strong></span> <span class='ocrx_word' id='word_1_161' title='bbox 2578 974 2819 1038; x_wconf 82' lang='lat' dir='ltr'><strong>devenit,</strong></span> <span class='ocrx_word' id='word_1_162' title='bbox 2854 975 2926 1028; x_wconf 91' lang='lat' dir='ltr'><strong>ob</strong></span> <span class='ocrx_word' id='word_1_163' title='bbox 2971 991 3259 1031; x_wconf 85' lang='lat' dir='ltr'><strong>numeros</strong></span> <span class='ocrx_word' id='word_1_164' title='bbox 3292 977 3563 1033; x_wconf 78' lang='lat' dir='ltr'><strong>militares</strong></span> 
     </span>
    </p>
   </div>
   <div class='ocr_carea' id='block_1_26' title="bbox 1978 1060 3562 1135">
    <p class='ocr_par' dir='ltr' id='par_1_26' title="bbox 1978 1060 3562 1135">
     <span class='ocr_line' id='line_1_26' title="bbox 1978 1060 3562 1135; baseline 0.004 -21"><span class='ocrx_word' id='word_1_165' title='bbox 1978 1060 2054 1114; x_wconf 87' lang='lat' dir='ltr'><strong>ibi</strong></span> <span class='ocrx_word' id='word_1_166' title='bbox 2094 1061 2413 1117; x_wconf 89' lang='lat' dir='ltr'><strong>collocatos.</strong></span> <span class='ocrx_word' id='word_1_167' title='bbox 2470 1060 2842 1133; x_wconf 88' lang='lat' dir='ltr'><strong>Tyrannidem</strong></span> <span class='ocrx_word' id='word_1_168' title='bbox 2869 1078 3000 1119; x_wconf 86' lang='lat' dir='ltr'><strong>vero</strong></span> <span class='ocrx_word' id='word_1_169' title='bbox 3040 1065 3353 1135; x_wconf 78' lang='lat' dir='ltr'><strong>abripiens,</strong></span> <span class='ocrx_word' id='word_1_170' title='bbox 3384 1066 3562 1122; x_wconf 85' lang='lat' dir='ltr'><strong>Thra-</strong></span> 
     </span>
    </p>
   </div>
   <div class='ocr_carea' id='block_1_27' title="bbox 1978 1150 3561 1224">
    <p class='ocr_par' dir='ltr' id='par_1_27' title="bbox 1978 1150 3561 1224">
     <span class='ocr_line' id='line_1_27' title="bbox 1978 1150 3561 1224; baseline 0.006 -21"><span class='ocrx_word' id='word_1_171' title='bbox 1978 1150 2121 1204; x_wconf 83' lang='lat' dir='ltr'><strong>ciam</strong></span> <span class='ocrx_word' id='word_1_172' title='bbox 2150 1152 2467 1207; x_wconf 81' lang='lat' dir='ltr'><strong>universam</strong></span> <span class='ocrx_word' id='word_1_173' title='bbox 2503 1155 2795 1222; x_wconf 89' lang='lat' dir='ltr'><strong>occupavit</strong></span> <span class='ocrx_word' id='word_1_174' title='bbox 2830 1173 2844 1208; x_wconf 91' lang='lat'><strong>:</strong></span> <span class='ocrx_word' id='word_1_175' title='bbox 2885 1155 3020 1224; x_wconf 90' lang='lat' dir='ltr'><strong>quin</strong></span> <span class='ocrx_word' id='word_1_176' title='bbox 3056 1165 3113 1209; x_wconf 89' lang='lat' dir='ltr'><strong>et</strong></span> <span class='ocrx_word' id='word_1_177' title='bbox 3152 1164 3345 1211; x_wconf 89' lang='lat' dir='ltr'><strong>contra</strong></span> <span class='ocrx_word' id='word_1_178' title='bbox 3376 1155 3561 1212; x_wconf 83' lang='lat' dir='ltr'><strong>Zeno-</strong></span> 
     </span>
    </p>
   </div>
   <div class='ocr_carea' id='block_1_28' title="bbox 1965 1244 3565 1319">
    <p class='ocr_par' dir='ltr' id='par_1_28' title="bbox 1965 1244 3565 1319">
     <span class='ocr_line' id='line_1_28' title="bbox 1965 1244 3565 1319; baseline 0.004 -23"><span class='ocrx_word' id='word_1_179' title='bbox 1965 1257 2101 1312; x_wconf 39' lang='lat' dir='ltr'><strong>.nem</strong></span> <span class='ocrx_word' id='word_1_180' title='bbox 2150 1244 2539 1314; x_wconf 85' lang='lat' dir='ltr'><strong>imperatorem</strong></span> <span class='ocrx_word' id='word_1_181' title='bbox 2574 1260 2729 1300; x_wconf 87' lang='lat' dir='ltr'><strong>arma</strong></span> <span class='ocrx_word' id='word_1_182' title='bbox 2756 1262 3022 1310; x_wconf 86' lang='lat' dir='ltr'><strong>movens,</strong></span> <span class='ocrx_word' id='word_1_183' title='bbox 3062 1246 3129 1300; x_wconf 90' lang='lat' dir='ltr'><strong>ad</strong></span> <span class='ocrx_word' id='word_1_184' title='bbox 3165 1263 3339 1317; x_wconf 88' lang='lat' dir='ltr'><strong>usque</strong></span> <span class='ocrx_word' id='word_1_185' title='bbox 3396 1248 3565 1319; x_wconf 84' lang='lat' dir='ltr'><strong>Syce-</strong></span> 
     </span>
    </p>
   </div>
   <div class='ocr_carea' id='block_1_29' title="bbox 1977 1332 3557 1407">
    <p class='ocr_par' dir='ltr' id='par_1_29' title="bbox 1977 1332 3557 1407">
     <span class='ocr_line' id='line_1_29' title="bbox 1977 1332 3557 1407; baseline 0.006 -23"><span class='ocrx_word' id='word_1_186' title='bbox 1977 1345 2109 1384; x_wconf 90' lang='lat' dir='ltr'><strong>num</strong></span> <span class='ocrx_word' id='word_1_187' title='bbox 2162 1332 2457 1400; x_wconf 89' lang='lat' dir='ltr'><strong>trajectum</strong></span> <span class='ocrx_word' id='word_1_188' title='bbox 2480 1374 2493 1396; x_wconf 93' lang='lat'><strong>,</strong></span> <span class='ocrx_word' id='word_1_189' title='bbox 2529 1334 3009 1407; x_wconf 81' lang='lat' dir='ltr'><strong>ConstantinOpoli</strong></span> <span class='ocrx_word' id='word_1_190' title='bbox 3049 1352 3080 1390; x_wconf 91' lang='lat' dir='ltr'><strong>e</strong></span> <span class='ocrx_word' id='word_1_191' title='bbox 3105 1338 3327 1407; x_wconf 78' lang='lat' dir='ltr'><strong>regione</strong></span> <span class='ocrx_word' id='word_1_192' title='bbox 3363 1339 3557 1404; x_wconf 78' lang='lat' dir='ltr'><strong>situm,</strong></span> 
     </span>
    </p>
   </div>
   <div class='ocr_carea' id='block_1_30' title="bbox 1979 1423 3560 1492">
    <p class='ocr_par' dir='ltr' id='par_1_30' title="bbox 1979 1423 3560 1492">
     <span class='ocr_line' id='line_1_30' title="bbox 1979 1423 3560 1492; baseline 0.006 -21"><span class='ocrx_word' id='word_1_193' title='bbox 1979 1423 2317 1489; x_wconf 76' lang='lat' dir='ltr'><strong>penetravit;</strong></span> <span class='ocrx_word' id='word_1_194' title='bbox 2375 1425 2711 1492; x_wconf 67' lang='lat' dir='ltr'><strong>aquaeductu</strong></span> <span class='ocrx_word' id='word_1_195' title='bbox 2741 1425 2911 1480; x_wconf 88' lang='lat' dir='ltr'><strong>etiam</strong></span> <span class='ocrx_word' id='word_1_196' title='bbox 2956 1426 3111 1481; x_wconf 91' lang='lat' dir='ltr'><strong>urbis</strong></span> <span class='ocrx_word' id='word_1_197' title='bbox 3141 1429 3351 1482; x_wconf 83' lang='lat' dir='ltr'><strong>exciso.</strong></span> <span class='ocrx_word' id='word_1_198' title='bbox 3389 1427 3560 1492; x_wconf 45' lang='lat' dir='ltr'><strong>Cum:</strong></span> 
     </span>
    </p>
   </div>
   <div class='ocr_carea' id='block_1_31' title="bbox 1946 1506 3560 1582">
    <p class='ocr_par' dir='ltr' id='par_1_31' title="bbox 1946 1506 3560 1582">
     <span class='ocr_line' id='line_1_31' title="bbox 1946 1506 3560 1582; baseline 0.006 -18"><span class='ocrx_word' id='word_1_199' title='bbox 1946 1518 1959 1531; x_wconf 83' lang='lat'>‘</span> <span class='ocrx_word' id='word_1_200' title='bbox 1980 1528 2090 1581; x_wconf 88' lang='lat' dir='ltr'><strong>que</strong></span> <span class='ocrx_word' id='word_1_201' title='bbox 2118 1528 2215 1582; x_wconf 82' lang='lat' dir='ltr'><strong>per</strong></span> <span class='ocrx_word' id='word_1_202' title='bbox 2255 1514 2460 1569; x_wconf 89' lang='lat' dir='ltr'><strong>multos</strong></span> <span class='ocrx_word' id='word_1_203' title='bbox 2492 1513 2614 1571; x_wconf 88' lang='lat' dir='ltr'><strong>dies</strong></span> <span class='ocrx_word' id='word_1_204' title='bbox 2648 1516 2772 1571; x_wconf 83' lang='lat' dir='ltr'><strong>urbi</strong></span> <span class='ocrx_word' id='word_1_205' title='bbox 2803 1506 3168 1582; x_wconf 71' lang='lat' dir='ltr'><strong>incubuisset,</strong></span> <span class='ocrx_word' id='word_1_206' title='bbox 3204 1518 3341 1571; x_wconf 85' lang='lat' dir='ltr'><strong>nihil</strong></span> <span class='ocrx_word' id='word_1_207' title='bbox 3375 1527 3560 1573; x_wconf 88' lang='lat' dir='ltr'><strong>tamen</strong></span> 
     </span>
    </p>
   </div>
   <div class='ocr_carea' id='block_1_32' title="bbox 1980 1603 3563 1676">
    <p class='ocr_par' dir='ltr' id='par_1_32' title="bbox 1980 1603 3563 1676">
     <span class='ocr_line' id='line_1_32' title="bbox 1980 1603 3563 1676; baseline 0.006 -21"><span class='ocrx_word' id='word_1_208' title='bbox 1980 1603 2371 1671; x_wconf 86' lang='lat' dir='ltr'><strong>imperatorem</strong></span> <span class='ocrx_word' id='word_1_209' title='bbox 2409 1605 2608 1660; x_wconf 73' lang='lat' dir='ltr'><strong>lzedere</strong></span> <span class='ocrx_word' id='word_1_210' title='bbox 2662 1606 2941 1676; x_wconf 87' lang='lat' dir='ltr'><strong>potuerit;</strong></span> <span class='ocrx_word' id='word_1_211' title='bbox 2998 1607 3127 1662; x_wconf 88' lang='lat' dir='ltr'><strong>inde</strong></span> <span class='ocrx_word' id='word_1_212' title='bbox 3155 1623 3408 1671; x_wconf 87' lang='lat' dir='ltr'><strong>movens,</strong></span> <span class='ocrx_word' id='word_1_213' title='bbox 3452 1611 3563 1664; x_wconf 83' lang='lat' dir='ltr'><strong>Ro-</strong></span> 
     </span>
    </p>
   </div>
   <div class='ocr_carea' id='block_1_33' title="bbox 1979 1696 3563 1773">
    <p class='ocr_par' dir='ltr' id='par_1_33' title="bbox 1979 1696 3563 1773">
     <span class='ocr_line' id='line_1_33' title="bbox 1979 1696 3563 1773; baseline 0.005 -24"><span class='ocrx_word' id='word_1_214' title='bbox 1979 1711 2122 1750; x_wconf 89' lang='lat' dir='ltr'><strong>mam</strong></span> <span class='ocrx_word' id='word_1_215' title='bbox 2146 1698 2338 1762; x_wconf 89' lang='lat' dir='ltr'><strong>tendit,</strong></span> <span class='ocrx_word' id='word_1_216' title='bbox 2365 1696 2629 1766; x_wconf 88' lang='lat' dir='ltr'><strong>Odoacri,</strong></span> <span class='ocrx_word' id='word_1_217' title='bbox 2653 1700 3024 1754; x_wconf 87' lang='lat' dir='ltr'><strong>Barbarorum</strong></span> <span class='ocrx_word' id='word_1_218' title='bbox 3059 1702 3196 1771; x_wconf 76' lang='lat' dir='ltr'><strong>regi,</strong></span> <span class='ocrx_word' id='word_1_219' title='bbox 3220 1712 3336 1756; x_wconf 89' lang='lat' dir='ltr'><strong>tum</strong></span> <span class='ocrx_word' id='word_1_220' title='bbox 3365 1719 3563 1773; x_wconf 84' lang='lat' dir='ltr'><strong>paren-</strong></span> 
     </span>
    </p>
   </div>
   <div class='ocr_carea' id='block_1_34' title="bbox 302 1777 1880 1864">
    <p class='ocr_par' dir='ltr' id='par_1_34' title="bbox 302 1790 1878 1864">
     <span class='ocr_line' id='line_1_34' title="bbox 302 1790 1878 1864; baseline -0.003 -17"><span class='ocrx_word' id='word_1_221' title='bbox 302 1794 497 1864; x_wconf 78' lang='grc' dir='ltr'>κλήτου</span> <span class='ocrx_word' id='word_1_222' title='bbox 530 1793 772 1863; x_wconf 83' lang='grc' dir='ltr'>Ῥώμης,</span> <span class='ocrx_word' id='word_1_223' title='bbox 805 1790 1114 1860; x_wconf 73' lang='grc' dir='ltr'>παρέλαϐεν</span> <span class='ocrx_word' id='word_1_224' title='bbox 1147 1790 1569 1859; x_wconf 79' lang='grc' dir='ltr'><strong>ἀνεπηρεάστως</strong></span> <span class='ocrx_word' id='word_1_225' title='bbox 1587 1791 1627 1821; x_wconf 86' lang='grc'><strong>³¹</strong></span> <span class='ocrx_word' id='word_1_226' title='bbox 1658 1792 1758 1860; x_wconf 74' lang='grc' dir='ltr'><strong>τὴν</strong></span> <span class='ocrx_word' id='word_1_227' title='bbox 1777 1790 1878 1842; x_wconf 81' lang='grc' dir='ltr'><strong>αὐ-</strong></span> 
     </span>
    </p>
   </div>
   <div class='ocr_carea' id='block_1_35' title="bbox 1981 1777 3559 1864">
    <p class='ocr_par' dir='ltr' id='par_1_35' title="bbox 1983 1788 3559 1861">
     <span class='ocr_line' id='line_1_35' title="bbox 1983 1788 3559 1861; baseline 0.006 -22"><span class='ocrx_word' id='word_1_228' title='bbox 1983 1794 2112 1841; x_wconf 90' lang='lat' dir='ltr'><strong>tem.</strong></span> <span class='ocrx_word' id='word_1_229' title='bbox 2146 1788 2381 1854; x_wconf 88' lang='lat' dir='ltr'><strong>Quicum</strong></span> <span class='ocrx_word' id='word_1_230' title='bbox 2418 1790 2559 1845; x_wconf 91' lang='lat' dir='ltr'><strong>inito</strong></span> <span class='ocrx_word' id='word_1_231' title='bbox 2585 1792 2802 1861; x_wconf 72' lang='lat' dir='ltr'><strong>praelia,</strong></span> <span class='ocrx_word' id='word_1_232' title='bbox 2837 1806 2902 1845; x_wconf 82' lang='lat' dir='ltr'><strong>ex</strong></span> <span class='ocrx_word' id='word_1_233' title='bbox 2933 1799 3254 1845; x_wconf 87' lang='lat' dir='ltr'><strong>senatorum</strong></span> <span class='ocrx_word' id='word_1_234' title='bbox 3286 1808 3559 1848; x_wconf 87' lang='lat' dir='ltr'><strong>consensu</strong></span> 
     </span>
    </p>
   </div>
   <div class='ocr_carea' id='block_1_36' title="bbox 300 1880 1880 1956">
    <p class='ocr_par' dir='ltr' id='par_1_36' title="bbox 300 1880 1880 1956">
     <span class='ocr_line' id='line_1_36' title="bbox 300 1880 1880 1956; baseline -0.003 -18"><span class='ocrx_word' id='word_1_235' title='bbox 300 1885 393 1956; x_wconf 76' lang='grc' dir='ltr'><strong>τὴν</strong></span> <span class='ocrx_word' id='word_1_236' title='bbox 424 1884 642 1954; x_wconf 88' lang='grc' dir='ltr'>Ῥώμην</span> <span class='ocrx_word' id='word_1_237' title='bbox 673 1884 768 1936; x_wconf 68' lang='grc' dir='ltr'><strong>κα)⁸</strong></span> <span class='ocrx_word' id='word_1_238' title='bbox 794 1883 886 1935; x_wconf 80' lang='grc' dir='ltr'>τὸν</span> <span class='ocrx_word' id='word_1_239' title='bbox 920 1881 1209 1952; x_wconf 85' lang='grc' dir='ltr'>Ὀδοάκρον</span> <span class='ocrx_word' id='word_1_240' title='bbox 1252 1880 1395 1949; x_wconf 79' lang='grc' dir='ltr'><strong>ρῆγα</strong></span> <span class='ocrx_word' id='word_1_241' title='bbox 1416 1896 1430 1909; x_wconf 84' lang='lat'><strong><em>°</em></strong></span> <span class='ocrx_word' id='word_1_242' title='bbox 1465 1882 1559 1934; x_wconf 73' lang='grc' dir='ltr'>καὶ</span> <span class='ocrx_word' id='word_1_243' title='bbox 1592 1881 1880 1950; x_wconf 79' lang='grc' dir='ltr'>ἐφόνευσεν</span> 
     </span>
    </p>
   </div>
   <div class='ocr_carea' id='block_1_37' title="bbox 300 1970 1881 2043">
    <p class='ocr_par' dir='ltr' id='par_1_37' title="bbox 300 1970 1881 2043">
     <span class='ocr_line' id='line_1_37' title="bbox 300 1970 1881 2043; baseline -0.003 -14"><span class='ocrx_word' id='word_1_244' title='bbox 300 1976 456 2029; x_wconf 75' lang='grc' dir='ltr'>αὑτὸν</span> <span class='ocrx_word' id='word_1_245' title='bbox 488 1976 581 2029; x_wconf 73' lang='grc' dir='ltr'>καὶ</span> <span class='ocrx_word' id='word_1_246' title='bbox 611 1974 847 2043; x_wconf 83' lang='grc' dir='ltr'>κατέσχε</span> <span class='ocrx_word' id='word_1_247' title='bbox 870 1973 972 2042; x_wconf 84' lang='grc' dir='ltr'><strong>τῆς</strong></span> <span class='ocrx_word' id='word_1_248' title='bbox 1009 1970 1250 2042; x_wconf 81' lang='grc' dir='ltr'>Ῥώμης,</span> <span class='ocrx_word' id='word_1_249' title='bbox 1279 1970 1396 2043; x_wconf 81' lang='lat'><strong>[95]</strong></span> <span class='ocrx_word' id='word_1_250' title='bbox 1438 1972 1728 2041; x_wconf 83' lang='grc' dir='ltr'>γενόμενος</span> <span class='ocrx_word' id='word_1_251' title='bbox 1754 1973 1881 2025; x_wconf 78' lang='grc' dir='ltr'><strong>ἀντ’</strong></span> 
     </span>
    </p>
   </div>
   <div class='ocr_carea' id='block_1_38' title="bbox 300 2061 1883 2137">
    <p class='ocr_par' dir='ltr' id='par_1_38' title="bbox 300 2061 1883 2137">
     <span class='ocr_line' id='line_1_38' title="bbox 300 2061 1883 2137; baseline -0.001 -18"><span class='ocrx_word' id='word_1_252' title='bbox 300 2066 460 2120; x_wconf 76' lang='grc' dir='ltr'>αὐτοῦ</span> <span class='ocrx_word' id='word_1_253' title='bbox 498 2066 600 2137; x_wconf 81' lang='grc' dir='ltr'><strong>ρὴξ</strong></span> <span class='ocrx_word' id='word_1_254' title='bbox 630 2069 687 2119; x_wconf 75' lang='grc' dir='ltr'>ἐν</span> <span class='ocrx_word' id='word_1_255' title='bbox 732 2065 870 2134; x_wconf 81' lang='grc' dir='ltr'><strong>αὐτῇ</strong></span> <span class='ocrx_word' id='word_1_256' title='bbox 914 2064 1008 2135; x_wconf 76' lang='grc' dir='ltr'>ἔτη</span> <span class='ocrx_word' id='word_1_257' title='bbox 1054 2061 1137 2133; x_wconf 82' lang='grc' dir='ltr'><strong>μζ¹</strong></span> <span class='ocrx_word' id='word_1_258' title='bbox 1169 2065 1301 2133; x_wconf 77' lang='grc'>(91).</span> <span class='ocrx_word' id='word_1_259' title='bbox 1343 2063 1453 2116; x_wconf 77' lang='lat' dir='ltr'><strong>Kai.</strong></span> <span class='ocrx_word' id='word_1_260' title='bbox 1480 2063 1742 2133; x_wconf 80' lang='grc' dir='ltr'>ὲφιλιώθη</span> <span class='ocrx_word' id='word_1_261' title='bbox 1773 2064 1883 2133; x_wconf 83' lang='grc' dir='ltr'><strong>Ζή-</strong></span> 
     </span>
    </p>
   </div>
   <div class='ocr_carea' id='block_1_39' title="bbox 300 2152 1883 2225">
    <p class='ocr_par' dir='ltr' id='par_1_39' title="bbox 300 2152 1883 2225">
     <span class='ocr_line' id='line_1_39' title="bbox 300 2152 1883 2225; baseline -0.003 -17"><span class='ocrx_word' id='word_1_262' title='bbox 300 2173 422 2208; x_wconf 60' lang='grc' dir='ltr'>νωνι</span> <span class='ocrx_word' id='word_1_263' title='bbox 449 2158 587 2225; x_wconf 77' lang='grc' dir='ltr'>μετὰ</span> <span class='ocrx_word' id='word_1_264' title='bbox 623 2152 798 2207; x_wconf 85' lang='grc' dir='ltr'>ταῦτα</span> <span class='ocrx_word' id='word_1_265' title='bbox 823 2155 902 2222; x_wconf 84' lang='grc' dir='ltr'>τῷ</span> <span class='ocrx_word' id='word_1_266' title='bbox 937 2153 1163 2223; x_wconf 81' lang='grc' dir='ltr'>βασιλεῖ,</span> <span class='ocrx_word' id='word_1_267' title='bbox 1188 2154 1284 2206; x_wconf 79' lang='grc' dir='ltr'>καὶ</span> <span class='ocrx_word' id='word_1_268' title='bbox 1312 2152 1499 2206; x_wconf 80' lang='grc' dir='ltr'>πάντα</span> <span class='ocrx_word' id='word_1_269' title='bbox 1522 2153 1621 2205; x_wconf 85' lang='grc' dir='ltr'><strong>ὅσα</strong></span> <span class='ocrx_word' id='word_1_270' title='bbox 1645 2152 1883 2222; x_wconf 72' lang='grc' dir='ltr'>ἔπραττε</span> 
     </span>
    </p>
   </div>
   <div class='ocr_carea' id='block_1_40' title="bbox 298 2244 1881 2321">
    <p class='ocr_par' dir='ltr' id='par_1_40' title="bbox 298 2244 1881 2321">
     <span class='ocr_line' id='line_1_40' title="bbox 298 2244 1881 2321; baseline -0.001 -21"><span class='ocrx_word' id='word_1_271' title='bbox 298 2248 438 2302; x_wconf 70' lang='grc' dir='ltr'>κατὰ</span> <span class='ocrx_word' id='word_1_272' title='bbox 468 2247 697 2321; x_wconf 72' lang='grc' dir='ltr'>γνώμην</span> <span class='ocrx_word' id='word_1_273' title='bbox 727 2245 893 2298; x_wconf 78' lang='grc' dir='ltr'>αὑτοῦ</span> <span class='ocrx_word' id='word_1_274' title='bbox 918 2285 932 2309; x_wconf 89' lang='grc'><strong>,</strong></span> <span class='ocrx_word' id='word_1_275' title='bbox 971 2246 1062 2296; x_wconf 70' lang='grc' dir='ltr'>καὶ</span> <span class='ocrx_word' id='word_1_276' title='bbox 1091 2246 1220 2307; x_wconf 80' lang='grc' dir='ltr'>τοὺς</span> <span class='ocrx_word' id='word_1_277' title='bbox 1250 2245 1493 2308; x_wconf 83' lang='grc' dir='ltr'><strong>ὑπάτους</strong></span> <span class='ocrx_word' id='word_1_278' title='bbox 1523 2244 1881 2316; x_wconf 76' lang='grc' dir='ltr'><strong>χρηματίζων</strong></span> 
     </span>
    </p>
   </div>
   <div class='ocr_carea' id='block_1_41' title="bbox 297 2336 1882 2406">
    <p class='ocr_par' dir='ltr' id='par_1_41' title="bbox 297 2336 1882 2406">
     <span class='ocr_line' id='line_1_41' title="bbox 297 2336 1882 2406; baseline -0.003 -14"><span class='ocrx_word' id='word_1_279' title='bbox 297 2338 920 2400; x_wconf 68' lang='grc' dir='ltr'>Κωνσταντινουπόλεως</span> <span class='ocrx_word' id='word_1_280' title='bbox 964 2336 1057 2390; x_wconf 73' lang='grc' dir='ltr'>καὶ</span> <span class='ocrx_word' id='word_1_281' title='bbox 1088 2337 1218 2398; x_wconf 85' lang='grc' dir='ltr'>τοὺς</span> <span class='ocrx_word' id='word_1_282' title='bbox 1257 2336 1531 2406; x_wconf 83' lang='grc' dir='ltr'>ἐπάρχους</span> <span class='ocrx_word' id='word_1_283' title='bbox 1578 2338 1685 2389; x_wconf 82' lang='grc' dir='ltr'><strong>τῶν</strong></span> <span class='ocrx_word' id='word_1_284' title='bbox 1721 2354 1882 2406; x_wconf 80' lang='grc' dir='ltr'>πραι-</span> 
     </span>
    </p>
   </div>
   <div class='ocr_carea' id='block_1_42' title="bbox 298 2423 1880 2497">
    <p class='ocr_par' dir='ltr' id='par_1_42' title="bbox 298 2423 1880 2497">
     <span class='ocr_line' id='line_1_42' title="bbox 298 2423 1880 2497; baseline 0.001 -21"><span class='ocrx_word' id='word_1_285' title='bbox 298 2426 544 2497; x_wconf 83' lang='grc' dir='ltr'>τωρίων,</span> <span class='ocrx_word' id='word_1_286' title='bbox 579 2428 672 2480; x_wconf 74' lang='grc' dir='ltr'>καὶ</span> <span class='ocrx_word' id='word_1_287' title='bbox 720 2427 788 2478; x_wconf 82' lang='grc' dir='ltr'><strong>τὰ</strong></span> <span class='ocrx_word' id='word_1_288' title='bbox 836 2424 1152 2477; x_wconf 85' lang='grc' dir='ltr'>κωδικίλλια</span> <span class='ocrx_word' id='word_1_289' title='bbox 1173 2425 1216 2455; x_wconf 85' lang='grc'><strong>³³</strong></span> <span class='ocrx_word' id='word_1_290' title='bbox 1254 2423 1364 2491; x_wconf 72' lang='lat'><strong>(9‘2)</strong></span> <span class='ocrx_word' id='word_1_291' title='bbox 1417 2425 1515 2493; x_wconf 86' lang='grc' dir='ltr'><strong>μὲν</strong></span> <span class='ocrx_word' id='word_1_292' title='bbox 1555 2424 1666 2477; x_wconf 82' lang='grc' dir='ltr'>τῶν</span> <span class='ocrx_word' id='word_1_293' title='bbox 1714 2425 1880 2478; x_wconf 81' lang='grc' dir='ltr'>αὐτοῦ</span> 
     </span>
    </p>
   </div>
   <div class='ocr_carea' id='block_1_43' title="bbox 300 2513 1880 2587">
    <p class='ocr_par' dir='ltr' id='par_1_43' title="bbox 300 2513 1880 2587">
     <span class='ocr_line' id='line_1_43' title="bbox 300 2513 1880 2587; baseline 0 -18"><span class='ocrx_word' id='word_1_294' title='bbox 300 2517 573 2587; x_wconf 83' lang='grc' dir='ltr'><strong>ἀρχόντων</strong></span> <span class='ocrx_word' id='word_1_295' title='bbox 602 2517 712 2569; x_wconf 81' lang='grc' dir='ltr'><strong>τῶν</strong></span> <span class='ocrx_word' id='word_1_296' title='bbox 746 2515 1000 2584; x_wconf 76' lang='grc' dir='ltr'>μεγάλων</span> <span class='ocrx_word' id='word_1_297' title='bbox 1045 2513 1154 2568; x_wconf 75' lang='grc' dir='ltr'><strong>ἀπὸ</strong></span> <span class='ocrx_word' id='word_1_298' title='bbox 1195 2514 1290 2567; x_wconf 80' lang='grc' dir='ltr'>τοῦ</span> <span class='ocrx_word' id='word_1_299' title='bbox 1336 2514 1600 2583; x_wconf 79' lang='grc' dir='ltr'>βασιλέως</span> <span class='ocrx_word' id='word_1_300' title='bbox 1635 2516 1880 2586; x_wconf 87' lang='grc' dir='ltr'>Ζήνωνος</span> 
     </span>
    </p>
   </div>
   <div class='ocr_carea' id='block_1_44' title="bbox 301 2601 1880 2673">
    <p class='ocr_par' dir='ltr' id='par_1_44' title="bbox 301 2601 1880 2673">
     <span class='ocr_line' id='line_1_44' title="bbox 301 2601 1880 2673; baseline 0.001 -19"><span class='ocrx_word' id='word_1_301' title='bbox 301 2602 531 2673; x_wconf 79' lang='grc' dir='ltr'>ἐδέχετο,</span> <span class='ocrx_word' id='word_1_302' title='bbox 568 2603 792 2672; x_wconf 83' lang='grc' dir='ltr'>μηνύων</span> <span class='ocrx_word' id='word_1_303' title='bbox 826 2601 976 2671; x_wconf 71' lang='grc' dir='ltr'>αὐτῷ</span> <span class='ocrx_word' id='word_1_304' title='bbox 1021 2601 1143 2655; x_wconf 86' lang='grc' dir='ltr'>τίνα</span> <span class='ocrx_word' id='word_1_305' title='bbox 1181 2601 1340 2672; x_wconf 70' lang='grc' dir='ltr'>ἤθελε</span> <span class='ocrx_word' id='word_1_306' title='bbox 1377 2603 1753 2673; x_wconf 64' lang='grc' dir='ltr'>προαχθῆναν</span> <span class='ocrx_word' id='word_1_307' title='bbox 1786 2606 1880 2658; x_wconf 80' lang='grc' dir='ltr'><strong>καὶ</strong></span> 
     </span>
    </p>
   </div>
   <div class='ocr_carea' id='block_1_45' title="bbox 301 2692 1881 2765">
    <p class='ocr_par' dir='ltr' id='par_1_45' title="bbox 301 2692 1881 2765">
     <span class='ocr_line' id='line_1_45' title="bbox 301 2692 1881 2765; baseline 0.003 -21"><span class='ocrx_word' id='word_1_308' title='bbox 301 2694 421 2756; x_wconf 79' lang='grc' dir='ltr'>τοὺς</span> <span class='ocrx_word' id='word_1_309' title='bbox 451 2695 756 2764; x_wconf 83' lang='grc' dir='ltr'>σκηπίονας</span> <span class='ocrx_word' id='word_1_310' title='bbox 783 2695 837 2746; x_wconf 84' lang='grc' dir='ltr'>δὲ</span> <span class='ocrx_word' id='word_1_311' title='bbox 869 2694 977 2746; x_wconf 84' lang='grc' dir='ltr'>τῶν</span> <span class='ocrx_word' id='word_1_312' title='bbox 1005 2694 1226 2747; x_wconf 84' lang='grc' dir='ltr'>ὑπάτων</span> <span class='ocrx_word' id='word_1_313' title='bbox 1252 2692 1362 2764; x_wconf 78' lang='grc'>(95)</span> <span class='ocrx_word' id='word_1_314' title='bbox 1386 2696 1478 2746; x_wconf 76' lang='grc' dir='ltr'>ἐπὶ</span> <span class='ocrx_word' id='word_1_315' title='bbox 1497 2694 1590 2747; x_wconf 80' lang='grc' dir='ltr'><strong>τοῦ</strong></span> <span class='ocrx_word' id='word_1_316' title='bbox 1616 2695 1881 2765; x_wconf 80' lang='grc' dir='ltr'>βασιλέως</span> 
     </span>
    </p>
   </div>
   <div class='ocr_carea' id='block_1_46' title="bbox 299 2786 893 2857">
    <p class='ocr_par' dir='ltr' id='par_1_46' title="bbox 299 2786 893 2857">
     <span class='ocr_line' id='line_1_46' title="bbox 299 2786 893 2857; baseline 0 -18"><span class='ocrx_word' id='word_1_317' title='bbox 299 2787 459 2839; x_wconf 75' lang='grc' dir='ltr'>αὐτοῦ</span> <span class='ocrx_word' id='word_1_318' title='bbox 494 2786 806 2857; x_wconf 77' lang='grc' dir='ltr'>ἐλάμϐανεν</span> <span class='ocrx_word' id='word_1_319' title='bbox 826 2787 893 2840; x_wconf 81' lang='grc'><strong>³³.</strong></span> 
     </span>
    </p>
   </div>
   <div class='ocr_carea' id='block_1_47' title="bbox 368 2877 1884 2948">
    <p class='ocr_par' dir='ltr' id='par_1_47' title="bbox 368 2877 1884 2948">
     <span class='ocr_line' id='line_1_47' title="bbox 368 2877 1884 2948; baseline -0.001 -16"><span class='ocrx_word' id='word_1_320' title='bbox 368 2879 438 2932; x_wconf 86' lang='grc' dir='ltr'><strong>Ἦ</strong></span> <span class='ocrx_word' id='word_1_321' title='bbox 476 2877 637 2948; x_wconf 87' lang='grc' dir='ltr'>μόνον</span> <span class='ocrx_word' id='word_1_322' title='bbox 665 2878 722 2932; x_wconf 81' lang='grc' dir='ltr'>δὲ</span> <span class='ocrx_word' id='word_1_323' title='bbox 753 2877 856 2947; x_wconf 79' lang='grc' dir='ltr'><strong>ρὴξ</strong></span> <span class='ocrx_word' id='word_1_324' title='bbox 884 2878 1101 2946; x_wconf 78' lang='grc' dir='ltr'>ἐγένετο</span> <span class='ocrx_word' id='word_1_325' title='bbox 1121 2880 1149 2930; x_wconf 85' lang='grc' dir='ltr'>ὁ</span> <span class='ocrx_word' id='word_1_326' title='bbox 1177 2877 1341 2940; x_wconf 75' lang='grc' dir='ltr'>αὐτὸς</span> <span class='ocrx_word' id='word_1_327' title='bbox 1361 2877 1701 2948; x_wconf 78' lang='grc' dir='ltr'>Θευδερίχος,</span> <span class='ocrx_word' id='word_1_328' title='bbox 1720 2895 1884 2948; x_wconf 80' lang='grc' dir='ltr'>προσ-</span> 
     </span>
    </p>
   </div>
   <div class='ocr_carea' id='block_1_48' title="bbox 297 2950 1879 3040">
    <p class='ocr_par' dir='ltr' id='par_1_48' title="bbox 297 2950 1879 3040">
     <span class='ocr_line' id='line_1_48' title="bbox 297 2950 1879 3040; baseline 0 -17"><span class='ocrx_word' id='word_1_329' title='bbox 297 2969 455 3038; x_wconf 77' lang='grc' dir='ltr'>ῆλθεν</span> <span class='ocrx_word' id='word_1_330' title='bbox 489 2968 641 3040; x_wconf 83' lang='grc' dir='ltr'><strong>αὐτῷ</strong></span> <span class='ocrx_word' id='word_1_331' title='bbox 673 2950 793 3039; x_wconf 43' lang='grc' dir='ltr'>μία.</span> <span class='ocrx_word' id='word_1_332' title='bbox 806 2971 971 3039; x_wconf 84' lang='grc' dir='ltr'>χήρα,</span> <span class='ocrx_word' id='word_1_333' title='bbox 1005 2968 1344 3039; x_wconf 79' lang='grc' dir='ltr'>συγκλητικὴ</span> <span class='ocrx_word' id='word_1_334' title='bbox 1378 2968 1622 3038; x_wconf 83' lang='grc' dir='ltr'>Ῥώμης,</span> <span class='ocrx_word' id='word_1_335' title='bbox 1656 2969 1879 3039; x_wconf 84' lang='grc' dir='ltr'>ὀνόματι</span> 
     </span>
    </p>
   </div>
   <div class='ocr_carea' id='block_1_49' title="bbox 298 3056 1876 3132">
    <p class='ocr_par' dir='ltr' id='par_1_49' title="bbox 298 3056 1876 3132">
     <span class='ocr_line' id='line_1_49' title="bbox 298 3056 1876 3132; baseline 0.001 -20"><span class='ocrx_word' id='word_1_336' title='bbox 298 3056 652 3125; x_wconf 74' lang='grc' dir='ltr'>Ἰουῦεναλία,</span> <span class='ocrx_word' id='word_1_337' title='bbox 701 3059 1031 3113; x_wconf 85' lang='grc' dir='ltr'>διδάσκουσα</span> <span class='ocrx_word' id='word_1_338' title='bbox 1059 3059 1245 3122; x_wconf 83' lang='grc' dir='ltr'>αὐτὸν,</span> <span class='ocrx_word' id='word_1_339' title='bbox 1282 3060 1747 3130; x_wconf 78' lang='grc' dir='ltr'><strong>ὄτι’1“ριάκοντα³’⁶</strong></span> <span class='ocrx_word' id='word_1_340' title='bbox 1781 3060 1876 3132; x_wconf 79' lang='grc' dir='ltr'>ἔτη</span> 
     </span>
    </p>
   </div>
   <div class='ocr_carea' id='block_1_50' title="bbox 296 3150 1882 3222">
    <p class='ocr_par' dir='ltr' id='par_1_50' title="bbox 296 3150 1882 3222">
     <span class='ocr_line' id='line_1_50' title="bbox 296 3150 1882 3222; baseline 0.001 -18"><span class='ocrx_word' id='word_1_341' title='bbox 296 3151 401 3221; x_wconf 73' lang='grc' dir='ltr'>ἔχω</span> <span class='ocrx_word' id='word_1_342' title='bbox 430 3151 767 3222; x_wconf 77' lang='grc' dir='ltr'>δικαζομένη</span> <span class='ocrx_word' id='word_1_343' title='bbox 811 3152 949 3220; x_wconf 78' lang='grc' dir='ltr'>μετὰ</span> <span class='ocrx_word' id='word_1_344' title='bbox 994 3150 1089 3204; x_wconf 79' lang='grc' dir='ltr'><strong>τοῦ</strong></span> <span class='ocrx_word' id='word_1_345' title='bbox 1140 3150 1437 3220; x_wconf 73' lang='grc' dir='ltr'>πατρικίου</span> <span class='ocrx_word' id='word_1_346' title='bbox 1467 3152 1675 3222; x_wconf 83' lang='grc' dir='ltr'>Φίρμου</span> <span class='ocrx_word' id='word_1_347' title='bbox 1702 3168 1715 3181; x_wconf 83' lang='lat'><strong><em>°</em></strong></span> <span class='ocrx_word' id='word_1_348' title='bbox 1746 3153 1882 3205; x_wconf 81' lang='grc' dir='ltr'><strong>ἀλλὰ</strong></span> 
     </span>
    </p>
   </div>
   <div class='ocr_carea' id='block_1_51' title="bbox 296 3230 1885 3316">
    <p class='ocr_par' dir='ltr' id='par_1_51' title="bbox 296 3230 1885 3316">
     <span class='ocr_line' id='line_1_51' title="bbox 296 3230 1885 3316; baseline 0.003 -22"><span class='ocrx_word' id='word_1_349' title='bbox 296 3243 598 3297; x_wconf 75' lang='grc' dir='ltr'>εὐλύτωσόν</span> <span class='ocrx_word' id='word_1_350' title='bbox 640 3260 728 3313; x_wconf 90' lang='grc' dir='ltr'>με.</span> <span class='ocrx_word' id='word_1_351' title='bbox 760 3243 868 3295; x_wconf 88' lang='lat' dir='ltr'><strong>Kal.</strong></span> <span class='ocrx_word' id='word_1_352' title='bbox 896 3243 1139 3310; x_wconf 70' lang='grc' dir='ltr'>ἐνεγκὼν</span> <span class='ocrx_word' id='word_1_353' title='bbox 1164 3244 1292 3306; x_wconf 81' lang='grc' dir='ltr'>τοὺς</span> <span class='ocrx_word' id='word_1_354' title='bbox 1326 3244 1635 3312; x_wconf 84' lang='grc' dir='ltr'>δικολόγους</span> <span class='ocrx_word' id='word_1_355' title='bbox 1665 3230 1753 3316; x_wconf 82' lang='grc' dir='ltr'>(ἱ)</span> <span class='ocrx_word' id='word_1_356' title='bbox 1778 3246 1885 3299; x_wconf 85' lang='grc' dir='ltr'>τῶν</span> 
     </span>
    </p>
   </div>
   <div class='ocr_carea' id='block_1_52' title="bbox 298 3329 1888 3407">
    <p class='ocr_par' dir='ltr' id='par_1_52' title="bbox 298 3329 1888 3407">
     <span class='ocr_line' id='line_1_52' title="bbox 298 3329 1888 3407; baseline 0 -19"><span class='ocrx_word' id='word_1_357' title='bbox 298 3336 619 3405; x_wconf 72' lang='grc' dir='ltr'>ἀμφοτέρων</span> <span class='ocrx_word' id='word_1_358' title='bbox 657 3333 840 3407; x_wconf 82' lang='grc' dir='ltr'>μερῶν</span> <span class='ocrx_word' id='word_1_359' title='bbox 880 3329 1034 3387; x_wconf 85' lang='grc' dir='ltr'>εἶπεν</span> <span class='ocrx_word' id='word_1_360' title='bbox 1072 3334 1281 3397; x_wconf 77' lang='grc' dir='ltr'>αὐτοῖς’</span> <span class='ocrx_word' id='word_1_361' title='bbox 1333 3336 1397 3387; x_wconf 78' lang='grc' dir='ltr'><strong>Εἰ</strong></span> <span class='ocrx_word' id='word_1_362' title='bbox 1435 3335 1510 3406; x_wconf 81' lang='grc' dir='ltr'>μὴ</span> <span class='ocrx_word' id='word_1_363' title='bbox 1538 3336 1625 3390; x_wconf 76' lang='grc' dir='ltr'>διὰ</span> <span class='ocrx_word' id='word_1_364' title='bbox 1654 3338 1754 3406; x_wconf 80' lang='grc' dir='ltr'><strong>τῆς</strong></span> <span class='ocrx_word' id='word_1_365' title='bbox 1791 3337 1888 3389; x_wconf 69' lang='lat' dir='ltr'><strong>a6-</strong></span> 
     </span>
    </p>
   </div>
   <div class='ocr_carea' id='block_1_53' title="bbox 300 3423 1887 3496">
    <p class='ocr_par' dir='ltr' id='par_1_53' title="bbox 300 3423 1887 3496">
     <span class='ocr_line' id='line_1_53' title="bbox 300 3423 1887 3496; baseline 0.001 -19"><span class='ocrx_word' id='word_1_366' title='bbox 300 3441 413 3495; x_wconf 86' lang='grc' dir='ltr'>ριον</span> <span class='ocrx_word' id='word_1_367' title='bbox 442 3425 539 3478; x_wconf 63' lang='grc' dir='ltr'><strong>κα)⁵</strong></span> <span class='ocrx_word' id='word_1_368' title='bbox 564 3425 663 3494; x_wconf 82' lang='grc' dir='ltr'><strong>τῆς</strong></span> <span class='ocrx_word' id='word_1_369' title='bbox 700 3425 817 3478; x_wconf 77' lang='grc' dir='ltr'>μετ’</span> <span class='ocrx_word' id='word_1_370' title='bbox 837 3424 1007 3494; x_wconf 76' lang='grc' dir='ltr'>αὐτῆς</span> <span class='ocrx_word' id='word_1_371' title='bbox 1026 3424 1069 3456; x_wconf 81' lang='grc'>⁸³</span> <span class='ocrx_word' id='word_1_372' title='bbox 1104 3423 1307 3477; x_wconf 90' lang='grc' dir='ltr'>δώσετε</span> <span class='ocrx_word' id='word_1_373' title='bbox 1323 3425 1389 3456; x_wconf 73' lang='grc'><strong>³⁸⁸</strong></span> <span class='ocrx_word' id='word_1_374' title='bbox 1421 3425 1609 3487; x_wconf 79' lang='grc' dir='ltr'>αὐτοῖς</span> <span class='ocrx_word' id='word_1_375' title='bbox 1642 3424 1732 3478; x_wconf 82' lang='grc' dir='ltr'><strong>τὸν</strong></span> <span class='ocrx_word' id='word_1_376' title='bbox 1762 3426 1887 3496; x_wconf 78' lang='grc' dir='ltr'>ὅρον</span> 
     </span>
    </p>
   </div>
   <div class='ocr_carea' id='block_1_54' title="bbox 296 3516 1887 3587">
    <p class='ocr_par' dir='ltr' id='par_1_54' title="bbox 296 3516 1887 3587">
     <span class='ocr_line' id='line_1_54' title="bbox 296 3516 1887 3587; baseline 0.001 -18"><span class='ocrx_word' id='word_1_377' title='bbox 296 3517 386 3569; x_wconf 72' lang='grc' dir='ltr'>καὶ</span> <span class='ocrx_word' id='word_1_378' title='bbox 429 3516 774 3579; x_wconf 78' lang='grc' dir='ltr'>ἀπαλλάξετε</span> <span class='ocrx_word' id='word_1_379' title='bbox 818 3518 1017 3580; x_wconf 78' lang='grc' dir='ltr'>αὐτοὺς</span> <span class='ocrx_word' id='word_1_380' title='bbox 1038 3517 1106 3579; x_wconf 72' lang='grc'><strong>³⁸,</strong></span> <span class='ocrx_word' id='word_1_381' title='bbox 1140 3516 1533 3585; x_wconf 78' lang='grc' dir='ltr'>άποκεφαλίζω</span> <span class='ocrx_word' id='word_1_382' title='bbox 1566 3517 1730 3587; x_wconf 82' lang='grc' dir='ltr'>ὑμᾶς.</span> <span class='ocrx_word' id='word_1_383' title='bbox 1778 3517 1887 3570; x_wconf 84' lang='lat' dir='ltr'><strong>Kal.</strong></span> 
     </span>
    </p>
   </div>
   <div class='ocr_carea' id='block_1_55' title="bbox 296 3601 1887 3676">
    <p class='ocr_par' dir='ltr' id='par_1_55' title="bbox 296 3601 1887 3676">
     <span class='ocr_line' id='line_1_55' title="bbox 296 3601 1887 3676; baseline 0.001 -17"><span class='ocrx_word' id='word_1_384' title='bbox 296 3606 619 3670; x_wconf 81' lang='grc' dir='ltr'>καθίσαντες</span> <span class='ocrx_word' id='word_1_385' title='bbox 660 3605 748 3659; x_wconf 75' lang='grc' dir='ltr'><strong>διὰ</strong></span> <span class='ocrx_word' id='word_1_386' title='bbox 788 3606 898 3660; x_wconf 85' lang='grc' dir='ltr'><strong>τῶν</strong></span> <span class='ocrx_word' id='word_1_387' title='bbox 945 3606 1040 3659; x_wconf 84' lang='grc' dir='ltr'><strong>δύο</strong></span> <span class='ocrx_word' id='word_1_388' title='bbox 1086 3605 1314 3676; x_wconf 84' lang='grc' dir='ltr'>ἡμερῶν</span> <span class='ocrx_word' id='word_1_389' title='bbox 1341 3601 1503 3660; x_wconf 81' lang='grc' dir='ltr'>εἶπαν</span> <span class='ocrx_word' id='word_1_390' title='bbox 1531 3608 1599 3659; x_wconf 83' lang='grc' dir='ltr'><strong>τὰ</strong></span> <span class='ocrx_word' id='word_1_391' title='bbox 1627 3606 1887 3660; x_wconf 79' lang='grc' dir='ltr'>δοκοῦντα</span> 
     </span>
    </p>
   </div>
   <div class='ocr_carea' id='block_1_56' title="bbox 298 3697 1889 3769">
    <p class='ocr_par' dir='ltr' id='par_1_56' title="bbox 298 3697 1889 3769">
     <span class='ocr_line' id='line_1_56' title="bbox 298 3697 1889 3769; baseline 0.003 -22"><span class='ocrx_word' id='word_1_392' title='bbox 298 3699 406 3759; x_wconf 86' lang='grc' dir='ltr'>τοῖς</span> <span class='ocrx_word' id='word_1_393' title='bbox 438 3698 648 3767; x_wconf 83' lang='grc' dir='ltr'>νόμοις,</span> <span class='ocrx_word' id='word_1_394' title='bbox 673 3697 972 3761; x_wconf 88' lang='grc' dir='ltr'>δεδωκότες</span> <span class='ocrx_word' id='word_1_395' title='bbox 999 3697 1185 3759; x_wconf 79' lang='grc' dir='ltr'>αὐτοῖς</span> <span class='ocrx_word' id='word_1_396' title='bbox 1204 3698 1331 3769; x_wconf 81' lang='grc' dir='ltr'>ὅρον</span> <span class='ocrx_word' id='word_1_397' title='bbox 1352 3698 1447 3751; x_wconf 72' lang='grc' dir='ltr'>καὶ</span> <span class='ocrx_word' id='word_1_398' title='bbox 1477 3697 1889 3764; x_wconf 80' lang='grc' dir='ltr'>ἀπαλλάξαντες</span> 
     </span>
    </p>
   </div>
   <div class='ocr_carea' id='block_1_57' title="bbox 298 3787 1885 3862">
    <p class='ocr_par' dir='ltr' id='par_1_57' title="bbox 298 3787 1885 3862">
     <span class='ocr_line' id='line_1_57' title="bbox 298 3787 1885 3862; baseline 0.003 -23"><span class='ocrx_word' id='word_1_399' title='bbox 298 3787 511 3852; x_wconf 82' lang='grc' dir='ltr'>αὐτούς.</span> <span class='ocrx_word' id='word_1_400' title='bbox 550 3788 663 3841; x_wconf 83' lang='grc' dir='ltr'><strong>Καὶ</strong></span> <span class='ocrx_word' id='word_1_401' title='bbox 700 3788 889 3858; x_wconf 74' lang='grc' dir='ltr'>ἅψασα</span> <span class='ocrx_word' id='word_1_402' title='bbox 915 3788 1121 3860; x_wconf 87' lang='grc' dir='ltr'>κηροὺς</span> <span class='ocrx_word' id='word_1_403' title='bbox 1153 3787 1247 3860; x_wconf 87' lang='lat' dir='ltr'><strong>(j)</strong></span> <span class='ocrx_word' id='word_1_404' title='bbox 1276 3788 1607 3843; x_wconf 81' lang='grc' dir='ltr'>Ἰουϐεναλία</span> <span class='ocrx_word' id='word_1_405' title='bbox 1643 3791 1885 3862; x_wconf 78' lang='grc' dir='ltr'>προσῆλ-</span> 
     </span>
    </p>
   </div>
   <div class='ocr_carea' id='block_1_58' title="bbox 1981 1880 3561 1951">
    <p class='ocr_par' dir='ltr' id='par_1_58' title="bbox 1981 1880 3561 1951">
     <span class='ocr_line' id='line_1_58' title="bbox 1981 1880 3561 1951; baseline 0.004 -18"><span class='ocrx_word' id='word_1_406' title='bbox 1981 1886 2035 1933; x_wconf 91' lang='lat' dir='ltr'><strong>et</strong></span> <span class='ocrx_word' id='word_1_407' title='bbox 2072 1880 2409 1949; x_wconf 85' lang='lat' dir='ltr'><strong>proditione</strong></span> <span class='ocrx_word' id='word_1_408' title='bbox 2437 1882 2629 1936; x_wconf 87' lang='lat' dir='ltr'><strong>urbem</strong></span> <span class='ocrx_word' id='word_1_409' title='bbox 2668 1882 2898 1936; x_wconf 82' lang='lat' dir='ltr'><strong>Romam</strong></span> <span class='ocrx_word' id='word_1_410' title='bbox 2930 1882 3226 1951; x_wconf 89' lang='lat' dir='ltr'><strong>ipsumque</strong></span> <span class='ocrx_word' id='word_1_411' title='bbox 3254 1883 3561 1939; x_wconf 76' lang='lat' dir='ltr'><strong>Odoacrem</strong></span> 
     </span>
    </p>
   </div>
   <div class='ocr_carea' id='block_1_59' title="bbox 1981 1969 3559 2041">
    <p class='ocr_par' dir='ltr' id='par_1_59' title="bbox 1981 1969 3559 2041">
     <span class='ocr_line' id='line_1_59' title="bbox 1981 1969 3559 2041; baseline 0.004 -20"><span class='ocrx_word' id='word_1_412' title='bbox 1981 1970 2133 2023; x_wconf 90' lang='lat' dir='ltr'><strong>nullo</strong></span> <span class='ocrx_word' id='word_1_413' title='bbox 2178 1972 2399 2040; x_wconf 81' lang='lat' dir='ltr'><strong>negotio</strong></span> <span class='ocrx_word' id='word_1_414' title='bbox 2430 1973 2599 2040; x_wconf 85' lang='lat' dir='ltr'><strong>cepit.</strong></span> <span class='ocrx_word' id='word_1_415' title='bbox 2634 1972 2754 2034; x_wconf 87' lang='lat' dir='ltr'><strong>Quo</strong></span> <span class='ocrx_word' id='word_1_416' title='bbox 2802 1969 3013 2035; x_wconf 82' lang='lat' dir='ltr'><strong>occiso,</strong></span> <span class='ocrx_word' id='word_1_417' title='bbox 3066 1972 3186 2041; x_wconf 88' lang='lat' dir='ltr'><strong>ipse</strong></span> <span class='ocrx_word' id='word_1_418' title='bbox 3248 1971 3559 2028; x_wconf 82' lang='lat' dir='ltr'><strong>Romanum</strong></span> 
     </span>
    </p>
   </div>
   <div class='ocr_carea' id='block_1_60' title="bbox 1980 2062 3562 2132">
    <p class='ocr_par' dir='ltr' id='par_1_60' title="bbox 1980 2062 3562 2132">
     <span class='ocr_line' id='line_1_60' title="bbox 1980 2062 3562 2132; baseline 0.003 -18"><span class='ocrx_word' id='word_1_419' title='bbox 1980 2076 2209 2130; x_wconf 78' lang='lat' dir='ltr'><strong>regnum</strong></span> <span class='ocrx_word' id='word_1_420' title='bbox 2235 2063 2340 2116; x_wconf 86' lang='lat' dir='ltr'><strong>sibi</strong></span> <span class='ocrx_word' id='word_1_421' title='bbox 2374 2063 2701 2125; x_wconf 82' lang='lat' dir='ltr'><strong>vindicavit,</strong></span> <span class='ocrx_word' id='word_1_422' title='bbox 2751 2062 3111 2132; x_wconf 81' lang='lat' dir='ltr'><strong>reguavitque</strong></span> <span class='ocrx_word' id='word_1_423' title='bbox 3156 2063 3231 2117; x_wconf 88' lang='lat' dir='ltr'><strong>ibi</strong></span> <span class='ocrx_word' id='word_1_424' title='bbox 3276 2079 3562 2131; x_wconf 77' lang='lat' dir='ltr'><strong>per-annos</strong></span> 
     </span>
    </p>
   </div>
   <div class='ocr_carea' id='block_1_61' title="bbox 1980 2153 3559 2224">
    <p class='ocr_par' dir='ltr' id='par_1_61' title="bbox 1980 2153 3559 2224">
     <span class='ocr_line' id='line_1_61' title="bbox 1980 2153 3559 2224; baseline 0.001 -18"><span class='ocrx_word' id='word_1_425' title='bbox 1980 2168 2150 2207; x_wconf 72' lang='lat' dir='ltr'><strong>uvn.</strong></span> <span class='ocrx_word' id='word_1_426' title='bbox 2209 2153 2629 2209; x_wconf 80' lang='lat' dir='ltr'><strong>Thetiderichus</strong></span> <span class='ocrx_word' id='word_1_427' title='bbox 2678 2163 2884 2218; x_wconf 91' lang='lat' dir='ltr'><strong>autem,</strong></span> <span class='ocrx_word' id='word_1_428' title='bbox 2933 2153 3180 2223; x_wconf 63' lang='lat' dir='ltr'><strong>posthaec</strong></span> <span class='ocrx_word' id='word_1_429' title='bbox 3233 2154 3289 2207; x_wconf 93' lang='lat' dir='ltr'><strong>in</strong></span> <span class='ocrx_word' id='word_1_430' title='bbox 3323 2155 3559 2224; x_wconf 83' lang='lat' dir='ltr'><strong>gratiam</strong></span> 
     </span>
    </p>
   </div>
   <div class='ocr_carea' id='block_1_62' title="bbox 1981 2244 3563 2314">
    <p class='ocr_par' dir='ltr' id='par_1_62' title="bbox 1981 2244 3563 2314">
     <span class='ocr_line' id='line_1_62' title="bbox 1981 2244 3563 2314; baseline -0.001 -15"><span class='ocrx_word' id='word_1_431' title='bbox 1981 2259 2106 2299; x_wconf 90' lang='lat' dir='ltr'><strong>cum</strong></span> <span class='ocrx_word' id='word_1_432' title='bbox 2139 2244 2359 2299; x_wconf 90' lang='lat' dir='ltr'><strong>Zenone</strong></span> <span class='ocrx_word' id='word_1_433' title='bbox 2399 2244 2646 2307; x_wconf 89' lang='lat' dir='ltr'><strong>rediens,</strong></span> <span class='ocrx_word' id='word_1_434' title='bbox 2675 2245 2859 2299; x_wconf 88' lang='lat' dir='ltr'><strong>omnia</strong></span> <span class='ocrx_word' id='word_1_435' title='bbox 2913 2244 2980 2297; x_wconf 91' lang='lat' dir='ltr'><strong>ad</strong></span> <span class='ocrx_word' id='word_1_436' title='bbox 3020 2251 3259 2297; x_wconf 85' lang='lat' dir='ltr'><strong>mentem</strong></span> <span class='ocrx_word' id='word_1_437' title='bbox 3291 2244 3412 2313; x_wconf 85' lang='lat' dir='ltr'><strong>ejus</strong></span> <span class='ocrx_word' id='word_1_438' title='bbox 3444 2245 3563 2314; x_wconf 79' lang='lat' dir='ltr'><strong>agi-</strong></span> 
     </span>
    </p>
   </div>
   <div class='ocr_carea' id='block_1_63' title="bbox 1981 2334 3561 2405">
    <p class='ocr_par' dir='ltr' id='par_1_63' title="bbox 1981 2334 3561 2405">
     <span class='ocr_line' id='line_1_63' title="bbox 1981 2334 3561 2405; baseline 0.001 -18"><span class='ocrx_word' id='word_1_439' title='bbox 1981 2335 2177 2388; x_wconf 86' lang='lat' dir='ltr'><strong>tabat:</strong></span> <span class='ocrx_word' id='word_1_440' title='bbox 2234 2336 2497 2391; x_wconf 88' lang='lat' dir='ltr'><strong>consules</strong></span> <span class='ocrx_word' id='word_1_441' title='bbox 2522 2336 2690 2391; x_wconf 89' lang='lat' dir='ltr'><strong>etiam</strong></span> <span class='ocrx_word' id='word_1_442' title='bbox 2740 2337 2859 2403; x_wconf 89' lang='lat' dir='ltr'><strong>ipse</strong></span> <span class='ocrx_word' id='word_1_443' title='bbox 2903 2334 3561 2405; x_wconf 86' lang='lat' dir='ltr'><strong>Constantinopolitanos</strong></span> 
     </span>
    </p>
   </div>
   <div class='ocr_carea' id='block_1_64' title="bbox 1980 2425 3562 2503">
    <p class='ocr_par' dir='ltr' id='par_1_64' title="bbox 1980 2425 3562 2503">
     <span class='ocr_line' id='line_1_64' title="bbox 1980 2425 3562 2503; baseline 0 -22"><span class='ocrx_word' id='word_1_444' title='bbox 1980 2425 2147 2497; x_wconf 65' lang='lat'><strong>384</strong></span> <span class='ocrx_word' id='word_1_445' title='bbox 2176 2437 2230 2481; x_wconf 93' lang='lat' dir='ltr'><strong>et</strong></span> <span class='ocrx_word' id='word_1_446' title='bbox 2261 2428 2524 2503; x_wconf 62' lang='lat' dir='ltr'><strong>prmtorio</strong></span> <span class='ocrx_word' id='word_1_447' title='bbox 2560 2425 2850 2503; x_wconf 73' lang='lat' dir='ltr'><strong>praefectos</strong></span> <span class='ocrx_word' id='word_1_448' title='bbox 2881 2427 3222 2498; x_wconf 81' lang='lat' dir='ltr'><strong>designans;</strong></span> <span class='ocrx_word' id='word_1_449' title='bbox 3279 2442 3310 2480; x_wconf 91' lang='lat' dir='ltr'><strong>a</strong></span> <span class='ocrx_word' id='word_1_450' title='bbox 3339 2425 3562 2481; x_wconf 86' lang='lat' dir='ltr'><strong>Zenone</strong></span> 
     </span>
    </p>
   </div>
   <div class='ocr_carea' id='block_1_65' title="bbox 1981 2499 3565 2586">
    <p class='ocr_par' dir='ltr' id='par_1_65' title="bbox 1981 2499 3565 2586">
     <span class='ocr_line' id='line_1_65' title="bbox 1981 2499 3565 2586; baseline 0 -18"><span class='ocrx_word' id='word_1_451' title='bbox 1981 2517 2313 2585; x_wconf 86' lang='lat' dir='ltr'><strong>imperatore</strong></span> <span class='ocrx_word' id='word_1_452' title='bbox 2365 2499 2552 2571; x_wconf 84' lang='lat' dir='ltr'><strong>itidem</strong></span> <span class='ocrx_word' id='word_1_453' title='bbox 2594 2499 3015 2586; x_wconf 76' lang='lat' dir='ltr'><strong>magistratuum</strong></span> <span class='ocrx_word' id='word_1_454' title='bbox 3075 2532 3304 2571; x_wconf 89' lang='lat' dir='ltr'><strong>suorum</strong></span> <span class='ocrx_word' id='word_1_455' title='bbox 3361 2517 3565 2585; x_wconf 89' lang='lat' dir='ltr'><strong>prima-</strong></span> 
     </span>
    </p>
   </div>
   <div class='ocr_carea' id='block_1_66' title="bbox 1980 2605 3562 2670">
    <p class='ocr_par' dir='ltr' id='par_1_66' title="bbox 1980 2605 3562 2670">
     <span class='ocr_line' id='line_1_66' title="bbox 1980 2605 3562 2670; baseline -0.004 -9"><span class='ocrx_word' id='word_1_456' title='bbox 1980 2607 2190 2661; x_wconf 86' lang='lat' dir='ltr'><strong>riorum</strong></span> <span class='ocrx_word' id='word_1_457' title='bbox 2225 2609 2468 2661; x_wconf 91' lang='lat' dir='ltr'><strong>omnium</strong></span> <span class='ocrx_word' id='word_1_458' title='bbox 2505 2607 2823 2670; x_wconf 89' lang='lat' dir='ltr'><strong>codicillos,</strong></span> <span class='ocrx_word' id='word_1_459' title='bbox 2877 2606 3171 2661; x_wconf 91' lang='lat' dir='ltr'><strong>consulum</strong></span> <span class='ocrx_word' id='word_1_460' title='bbox 3224 2605 3388 2659; x_wconf 88' lang='lat' dir='ltr'><strong>etiam</strong></span> <span class='ocrx_word' id='word_1_461' title='bbox 3450 2605 3562 2659; x_wconf 87' lang='lat' dir='ltr'><strong>sci-</strong></span> 
     </span>
    </p>
   </div>
   <div class='ocr_carea' id='block_1_67' title="bbox 1979 2695 3559 2769">
    <p class='ocr_par' dir='ltr' id='par_1_67' title="bbox 1979 2695 3559 2769">
     <span class='ocr_line' id='line_1_67' title="bbox 1979 2695 3559 2769; baseline -0.003 -16"><span class='ocrx_word' id='word_1_462' title='bbox 1979 2699 2172 2769; x_wconf 90' lang='lat' dir='ltr'><strong>piones</strong></span> <span class='ocrx_word' id='word_1_463' title='bbox 2203 2700 2485 2769; x_wconf 85' lang='lat' dir='ltr'><strong>(indicatis</strong></span> <span class='ocrx_word' id='word_1_464' title='bbox 2518 2702 2693 2768; x_wconf 89' lang='lat' dir='ltr'><strong>prius,</strong></span> <span class='ocrx_word' id='word_1_465' title='bbox 2731 2713 2871 2767; x_wconf 85' lang='lat' dir='ltr'><strong>quos</strong></span> <span class='ocrx_word' id='word_1_466' title='bbox 2911 2698 2980 2753; x_wconf 85' lang='lat' dir='ltr'><strong>ad</strong></span> <span class='ocrx_word' id='word_1_467' title='bbox 3023 2697 3351 2769; x_wconf 76' lang='lat' dir='ltr'><strong>dignitatem</strong></span> <span class='ocrx_word' id='word_1_468' title='bbox 3406 2695 3559 2749; x_wconf 88' lang='lat' dir='ltr'><strong>illam</strong></span> 
     </span>
    </p>
   </div>
   <div class='ocr_carea' id='block_1_68' title="bbox 1980 2791 2927 2862">
    <p class='ocr_par' dir='ltr' id='par_1_68' title="bbox 1980 2791 2927 2862">
     <span class='ocr_line' id='line_1_68' title="bbox 1980 2791 2927 2862; baseline -0.002 -17"><span class='ocrx_word' id='word_1_469' title='bbox 1980 2801 2275 2861; x_wconf 79' lang='lat' dir='ltr'><strong>provectas</strong></span> <span class='ocrx_word' id='word_1_470' title='bbox 2307 2794 2423 2862; x_wconf 85' lang='lat' dir='ltr'><strong>ipse</strong></span> <span class='ocrx_word' id='word_1_471' title='bbox 2450 2792 2660 2859; x_wconf 88' lang='lat' dir='ltr'><strong>vellet),</strong></span> <span class='ocrx_word' id='word_1_472' title='bbox 2693 2791 2927 2860; x_wconf 87' lang='lat' dir='ltr'><strong>accepit.</strong></span> 
     </span>
    </p>
   </div>
   <div class='ocr_carea' id='block_1_69' title="bbox 2050 2870 3562 2952">
    <p class='ocr_par' dir='ltr' id='par_1_69' title="bbox 2050 2870 3562 2952">
     <span class='ocr_line' id='line_1_69' title="bbox 2050 2870 3562 2952; baseline -0.003 -15"><span class='ocrx_word' id='word_1_473' title='bbox 2050 2882 2151 2938; x_wconf 78' lang='lat' dir='ltr'><strong>Jus</strong></span> <span class='ocrx_word' id='word_1_474' title='bbox 2189 2899 2321 2938; x_wconf 84' lang='lat' dir='ltr'><strong>vero</strong></span> <span class='ocrx_word' id='word_1_475' title='bbox 2360 2884 2570 2952; x_wconf 80' lang='lat' dir='ltr'><strong>regium</strong></span> <span class='ocrx_word' id='word_1_476' title='bbox 2598 2882 2744 2952; x_wconf 89' lang='lat' dir='ltr'><strong>apud</strong></span> <span class='ocrx_word' id='word_1_477' title='bbox 2773 2879 3217 2935; x_wconf 88' lang='lat' dir='ltr'><strong>Theuderiehum</strong></span> <span class='ocrx_word' id='word_1_478' title='bbox 3256 2870 3445 2934; x_wconf 75' lang='lat' dir='ltr'><strong>solum</strong></span> <span class='ocrx_word' id='word_1_479' title='bbox 3471 2893 3562 2933; x_wconf 51' lang='lat' dir='ltr'><strong>re.</strong></span> 
     </span>
    </p>
   </div>
   <div class='ocr_carea' id='block_1_70' title="bbox 1981 2970 3558 3040">
    <p class='ocr_par' dir='ltr' id='par_1_70' title="bbox 1981 2970 3558 3040">
     <span class='ocr_line' id='line_1_70' title="bbox 1981 2970 3558 3040; baseline -0.007 -9"><span class='ocrx_word' id='word_1_480' title='bbox 1981 2975 2207 3031; x_wconf 88' lang='lat' dir='ltr'><strong>tnansit.</strong></span> <span class='ocrx_word' id='word_1_481' title='bbox 2242 2975 2469 3029; x_wconf 84' lang='lat' dir='ltr'><strong>Accedit</strong></span> <span class='ocrx_word' id='word_1_482' title='bbox 2505 2980 2689 3027; x_wconf 90' lang='lat' dir='ltr'><strong>autem</strong></span> <span class='ocrx_word' id='word_1_483' title='bbox 2740 2973 2807 3027; x_wconf 87' lang='lat' dir='ltr'><strong>ad</strong></span> <span class='ocrx_word' id='word_1_484' title='bbox 2855 2987 2980 3026; x_wconf 92' lang='lat' dir='ltr'><strong>eum</strong></span> <span class='ocrx_word' id='word_1_485' title='bbox 3024 2970 3259 3040; x_wconf 89' lang='lat' dir='ltr'><strong>patricia</strong></span> <span class='ocrx_word' id='word_1_486' title='bbox 3308 2970 3558 3039; x_wconf 65' lang='lat' dir='ltr'><strong>quaedam</strong></span> 
     </span>
    </p>
   </div>
   <div class='ocr_carea' id='block_1_71' title="bbox 1982 3061 3562 3133">
    <p class='ocr_par' dir='ltr' id='par_1_71' title="bbox 1982 3061 3562 3133">
     <span class='ocr_line' id='line_1_71' title="bbox 1982 3061 3562 3133; baseline -0.004 -13"><span class='ocrx_word' id='word_1_487' title='bbox 1982 3067 2254 3133; x_wconf 82' lang='lat' dir='ltr'><strong>Romana,</strong></span> <span class='ocrx_word' id='word_1_488' title='bbox 2316 3067 2539 3121; x_wconf 87' lang='lat' dir='ltr'><strong>nomine</strong></span> <span class='ocrx_word' id='word_1_489' title='bbox 2591 3063 2907 3130; x_wconf 80' lang='lat' dir='ltr'><strong>Juvenalia,</strong></span> <span class='ocrx_word' id='word_1_490' title='bbox 2963 3064 3170 3118; x_wconf 79' lang='lat' dir='ltr'><strong>femina</strong></span> <span class='ocrx_word' id='word_1_491' title='bbox 3226 3061 3416 3127; x_wconf 87' lang='lat' dir='ltr'><strong>vidua,</strong></span> <span class='ocrx_word' id='word_1_492' title='bbox 3474 3061 3562 3114; x_wconf 88' lang='lat' dir='ltr'><strong>Itis</strong></span> 
     </span>
    </p>
   </div>
   <div class='ocr_carea' id='block_1_72' title="bbox 1985 3151 3564 3225">
    <p class='ocr_par' dir='ltr' id='par_1_72' title="bbox 1985 3151 3564 3225">
     <span class='ocr_line' id='line_1_72' title="bbox 1985 3151 3564 3225; baseline -0.004 -14"><span class='ocrx_word' id='word_1_493' title='bbox 1985 3155 2166 3211; x_wconf 83' lang='lat' dir='ltr'><strong>verbis</strong></span> <span class='ocrx_word' id='word_1_494' title='bbox 2217 3170 2342 3210; x_wconf 89' lang='lat' dir='ltr'><strong>eum</strong></span> <span class='ocrx_word' id='word_1_495' title='bbox 2407 3155 2808 3224; x_wconf 89' lang='lat' dir='ltr'><strong>interpellans:</strong></span> <span class='ocrx_word' id='word_1_496' title='bbox 2862 3155 3119 3215; x_wconf 86' lang='lat' dir='ltr'><strong>Causam,</strong></span> <span class='ocrx_word' id='word_1_497' title='bbox 3173 3151 3229 3225; x_wconf 90' lang='grc' dir='ltr'>[ο</span> <span class='ocrx_word' id='word_1_498' title='bbox 3261 3151 3407 3221; x_wconf 82' lang='lat' dir='ltr'><strong>rex,]</strong></span> <span class='ocrx_word' id='word_1_499' title='bbox 3442 3168 3564 3222; x_wconf 77' lang='lat' dir='ltr'><strong>quae</strong></span> 
     </span>
    </p>
   </div>
   <div class='ocr_carea' id='block_1_73' title="bbox 1984 3244 3562 3316">
    <p class='ocr_par' dir='ltr' id='par_1_73' title="bbox 1984 3244 3562 3316">
     <span class='ocr_line' id='line_1_73' title="bbox 1984 3244 3562 3316; baseline -0.004 -15"><span class='ocrx_word' id='word_1_500' title='bbox 1984 3246 2120 3302; x_wconf 90' lang='lat' dir='ltr'><strong>mihi</strong></span> <span class='ocrx_word' id='word_1_501' title='bbox 2153 3263 2277 3301; x_wconf 86' lang='lat' dir='ltr'><strong>eum</strong></span> <span class='ocrx_word' id='word_1_502' title='bbox 2316 3247 2551 3316; x_wconf 91' lang='lat' dir='ltr'><strong>patricio</strong></span> <span class='ocrx_word' id='word_1_503' title='bbox 2576 3244 2767 3301; x_wconf 90' lang='lat' dir='ltr'><strong>Firmo</strong></span> <span class='ocrx_word' id='word_1_504' title='bbox 2798 3246 3115 3301; x_wconf 90' lang='lat' dir='ltr'><strong>intercessit</strong></span> <span class='ocrx_word' id='word_1_505' title='bbox 3152 3246 3289 3299; x_wconf 84' lang='lat' dir='ltr'><strong>totis</strong></span> <span class='ocrx_word' id='word_1_506' title='bbox 3312 3244 3425 3312; x_wconf 91' lang='lat' dir='ltr'><strong>jam</strong></span> <span class='ocrx_word' id='word_1_507' title='bbox 3455 3259 3562 3296; x_wconf 75' lang='lat' dir='ltr'><strong>xxx</strong></span> 
     </span>
    </p>
   </div>
   <div class='ocr_carea' id='block_1_74' title="bbox 1985 3335 3559 3408">
    <p class='ocr_par' dir='ltr' id='par_1_74' title="bbox 1985 3335 3559 3408">
     <span class='ocr_line' id='line_1_74' title="bbox 1985 3335 3559 3408; baseline -0.002 -17"><span class='ocrx_word' id='word_1_508' title='bbox 1985 3337 2180 3403; x_wconf 89' lang='lat' dir='ltr'><strong>annis,</strong></span> <span class='ocrx_word' id='word_1_509' title='bbox 2247 3349 2303 3391; x_wconf 90' lang='lat' dir='ltr'><strong>tu</strong></span> <span class='ocrx_word' id='word_1_510' title='bbox 2352 3338 2486 3391; x_wconf 89' lang='lat' dir='ltr'><strong>mihi</strong></span> <span class='ocrx_word' id='word_1_511' title='bbox 2540 3337 2757 3408; x_wconf 86' lang='lat' dir='ltr'><strong>expedi.</strong></span> <span class='ocrx_word' id='word_1_512' title='bbox 2797 3336 3105 3393; x_wconf 86' lang='lat' dir='ltr'><strong>Accersitis</strong></span> <span class='ocrx_word' id='word_1_513' title='bbox 3138 3337 3325 3403; x_wconf 85' lang='lat' dir='ltr'><strong>itaque</strong></span> <span class='ocrx_word' id='word_1_514' title='bbox 3354 3335 3559 3388; x_wconf 84' lang='lat' dir='ltr'><strong>utrius-</strong></span> 
     </span>
    </p>
   </div>
   <div class='ocr_carea' id='block_1_75' title="bbox 1984 3426 3563 3501">
    <p class='ocr_par' dir='ltr' id='par_1_75' title="bbox 1984 3426 3563 3501">
     <span class='ocr_line' id='line_1_75' title="bbox 1984 3426 3563 3501; baseline -0.003 -18"><span class='ocrx_word' id='word_1_515' title='bbox 1984 3443 2093 3497; x_wconf 91' lang='lat' dir='ltr'><strong>que</strong></span> <span class='ocrx_word' id='word_1_516' title='bbox 2140 3430 2317 3499; x_wconf 86' lang='lat' dir='ltr'><strong>partis</strong></span> <span class='ocrx_word' id='word_1_517' title='bbox 2363 3429 2665 3484; x_wconf 88' lang='lat' dir='ltr'><strong>causidicis</strong></span> <span class='ocrx_word' id='word_1_518' title='bbox 2701 3449 2715 3484; x_wconf 92' lang='lat'><strong>:</strong></span> <span class='ocrx_word' id='word_1_519' title='bbox 2751 3427 2870 3484; x_wconf 84' lang='lat' dir='ltr'><strong>Nisi</strong></span> <span class='ocrx_word' id='word_1_520' title='bbox 2902 3430 3112 3499; x_wconf 88' lang='lat' dir='ltr'><strong>(inquit</strong></span> <span class='ocrx_word' id='word_1_521' title='bbox 3140 3428 3245 3501; x_wconf 91' lang='lat' dir='ltr'><strong>eis)</strong></span> <span class='ocrx_word' id='word_1_522' title='bbox 3279 3426 3563 3495; x_wconf 39' lang='lat' dir='ltr'><strong>intra‘bi-</strong></span> 
     </span>
    </p>
   </div>
   <div class='ocr_carea' id='block_1_76' title="bbox 1984 3517 3563 3590">
    <p class='ocr_par' dir='ltr' id='par_1_76' title="bbox 1984 3517 3563 3590">
     <span class='ocr_line' id='line_1_76' title="bbox 1984 3517 3563 3590; baseline -0.003 -15"><span class='ocrx_word' id='word_1_523' title='bbox 1984 3521 2153 3575; x_wconf 89' lang='lat' dir='ltr'><strong>dttutn</strong></span> <span class='ocrx_word' id='word_1_524' title='bbox 2212 3521 2405 3577; x_wconf 89' lang='lat' dir='ltr'><strong>litibus</strong></span> <span class='ocrx_word' id='word_1_525' title='bbox 2442 3521 2567 3576; x_wconf 88' lang='lat' dir='ltr'><strong>istis</strong></span> <span class='ocrx_word' id='word_1_526' title='bbox 2621 3521 2689 3576; x_wconf 90' lang='lat' dir='ltr'><strong>ad</strong></span> <span class='ocrx_word' id='word_1_527' title='bbox 2720 3520 2927 3575; x_wconf 79' lang='lat' dir='ltr'><strong>exitum</strong></span> <span class='ocrx_word' id='word_1_528' title='bbox 2971 3518 3284 3590; x_wconf 89' lang='lat' dir='ltr'><strong>perductis,</strong></span> <span class='ocrx_word' id='word_1_529' title='bbox 3333 3517 3563 3572; x_wconf 88' lang='lat' dir='ltr'><strong>clientes</strong></span> 
     </span>
    </p>
   </div>
   <div class='ocr_carea' id='block_1_77' title="bbox 1985 3608 3566 3681">
    <p class='ocr_par' dir='ltr' id='par_1_77' title="bbox 1985 3608 3566 3681">
     <span class='ocr_line' id='line_1_77' title="bbox 1985 3608 3566 3681; baseline -0.004 -16"><span class='ocrx_word' id='word_1_530' title='bbox 1985 3611 2154 3667; x_wconf 89' lang='lat' dir='ltr'><strong>hosce</strong></span> <span class='ocrx_word' id='word_1_531' title='bbox 2173 3611 2517 3674; x_wconf 87' lang='lat' dir='ltr'><strong>dimiseritis,</strong></span> <span class='ocrx_word' id='word_1_532' title='bbox 2550 3613 2731 3681; x_wconf 90' lang='lat' dir='ltr'><strong>capite</strong></span> <span class='ocrx_word' id='word_1_533' title='bbox 2762 3627 2860 3667; x_wconf 92' lang='lat' dir='ltr'><strong>vos</strong></span> <span class='ocrx_word' id='word_1_534' title='bbox 2894 3611 3151 3680; x_wconf 88' lang='lat' dir='ltr'><strong>plectam.</strong></span> <span class='ocrx_word' id='word_1_535' title='bbox 3211 3611 3397 3665; x_wconf 83' lang='lat' dir='ltr'><strong>Causa</strong></span> <span class='ocrx_word' id='word_1_536' title='bbox 3463 3608 3566 3659; x_wconf 88' lang='lat' dir='ltr'><strong>ita-</strong></span> 
     </span>
    </p>
   </div>
   <div class='ocr_carea' id='block_1_78' title="bbox 1986 3697 3563 3773">
    <p class='ocr_par' dir='ltr' id='par_1_78' title="bbox 1986 3697 3563 3773">
     <span class='ocr_line' id='line_1_78' title="bbox 1986 3697 3563 3773; baseline -0.007 -15"><span class='ocrx_word' id='word_1_537' title='bbox 1986 3717 2096 3768; x_wconf 88' lang='lat' dir='ltr'><strong>que</strong></span> <span class='ocrx_word' id='word_1_538' title='bbox 2125 3718 2221 3773; x_wconf 87' lang='lat' dir='ltr'><strong>per</strong></span> <span class='ocrx_word' id='word_1_539' title='bbox 2249 3703 2476 3759; x_wconf 85' lang='lat' dir='ltr'><strong>biduum</strong></span> <span class='ocrx_word' id='word_1_540' title='bbox 2504 3705 2736 3773; x_wconf 81' lang='lat' dir='ltr'><strong>agitata,</strong></span> <span class='ocrx_word' id='word_1_541' title='bbox 2768 3698 3038 3758; x_wconf 81' lang='lat' dir='ltr'><strong>causidici</strong></span> <span class='ocrx_word' id='word_1_542' title='bbox 3057 3697 3563 3767; x_wconf 83' lang='lat' dir='ltr'><strong>sententiamjuxta</strong></span> 
     </span>
    </p>
   </div>
   <div class='ocr_carea' id='block_1_79' title="bbox 1991 3786 3562 3864">
    <p class='ocr_par' dir='ltr' id='par_1_79' title="bbox 1991 3786 3562 3864">
     <span class='ocr_line' id='line_1_79' title="bbox 1991 3786 3562 3864; baseline -0.006 -18"><span class='ocrx_word' id='word_1_543' title='bbox 1991 3791 2141 3864; x_wconf 75' lang='lat' dir='ltr'><strong>leges</strong></span> <span class='ocrx_word' id='word_1_544' title='bbox 2181 3791 2432 3849; x_wconf 86' lang='lat' dir='ltr'><strong>ferebant</strong></span> <span class='ocrx_word' id='word_1_545' title='bbox 2460 3801 2515 3848; x_wconf 90' lang='lat' dir='ltr'><strong>et</strong></span> <span class='ocrx_word' id='word_1_546' title='bbox 2553 3793 2835 3863; x_wconf 81' lang='lat' dir='ltr'><strong>litigantes</strong></span> <span class='ocrx_word' id='word_1_547' title='bbox 2874 3792 3229 3847; x_wconf 84' lang='lat' dir='ltr'><strong>dimiserunt.</strong></span> <span class='ocrx_word' id='word_1_548' title='bbox 3271 3786 3562 3843; x_wconf 83' lang='lat' dir='ltr'><strong>Juvenalia</strong></span> 
     </span>
    </p>
   </div>
   <div class='ocr_carea' id='block_1_80' title="bbox 1573 3903 2243 3965">
    <p class='ocr_par' dir='ltr' id='par_1_80' title="bbox 1573 3903 2243 3965">
     <span class='ocr_line' id='line_1_80' title="bbox 1573 3903 2243 3965; baseline 0.007 -6"><span class='ocrx_word' id='word_1_549' title='bbox 1573 3903 1799 3960; x_wconf 67' lang='lat' dir='ltr'><strong>VARUS</strong></span> <span class='ocrx_word' id='word_1_550' title='bbox 1828 3904 2243 3965; x_wconf 81' lang='lat' dir='ltr'><strong>LECTIONES.</strong></span> 
     </span>
    </p>
   </div>
   <div class='ocr_carea' id='block_1_81' title="bbox 366 3993 3557 4067">
    <p class='ocr_par' dir='ltr' id='par_1_81' title="bbox 366 3993 3557 4067">
     <span class='ocr_line' id='line_1_81' title="bbox 366 3993 3557 4067; baseline -0.001 -18"><span class='ocrx_word' id='word_1_551' title='bbox 366 3996 411 4028; x_wconf 85' lang='grc'><strong>³¹</strong></span> <span class='ocrx_word' id='word_1_552' title='bbox 437 3993 1018 4067; x_wconf 65' lang='grc' dir='ltr'>άνεπηρεάστωςβιιη</span> <span class='ocrx_word' id='word_1_553' title='bbox 1044 3996 1465 4067; x_wconf 71' lang='grc' dir='ltr'>ᾁνεπερεάστως</span> <span class='ocrx_word' id='word_1_554' title='bbox 1487 3995 1589 4052; x_wconf 84' lang='lat' dir='ltr'><strong>Ox.</strong></span> <span class='ocrx_word' id='word_1_555' title='bbox 1666 3997 1711 4029; x_wconf 83' lang='grc'><strong>³²</strong></span> <span class='ocrx_word' id='word_1_556' title='bbox 1741 3998 2098 4053; x_wconf 81' lang='grc' dir='ltr'>κωδικιάλλια</span> <span class='ocrx_word' id='word_1_557' title='bbox 2143 3998 2270 4060; x_wconf 72' lang='grc' dir='ltr'><strong>Οτ..</strong></span> <span class='ocrx_word' id='word_1_558' title='bbox 2314 3999 2629 4052; x_wconf 63' lang='lat' dir='ltr'><strong>mancam</strong></span> <span class='ocrx_word' id='word_1_559' title='bbox 2665 3998 2766 4052; x_wconf 92' lang='lat' dir='ltr'><strong>Ch.</strong></span> <span class='ocrx_word' id='word_1_560' title='bbox 2846 3998 2892 4029; x_wconf 82' lang='grc'><strong>³³</strong></span> <span class='ocrx_word' id='word_1_561' title='bbox 2917 3996 3242 4067; x_wconf 71' lang='grc' dir='ltr'>ἐλάμβανεν.</span> <span class='ocrx_word' id='word_1_562' title='bbox 3277 3995 3557 4067; x_wconf 24' lang='grc' dir='ltr'>Ἢλμδνον.</span> 
     </span>
    </p>
   </div>
   <div class='ocr_carea' id='block_1_82' title="bbox 301 4064 2699 4140">
    <p class='ocr_par' dir='ltr' id='par_1_82' title="bbox 301 4064 2699 4140">
     <span class='ocr_line' id='line_1_82' title="bbox 301 4064 2699 4140; baseline 0 -22"><span class='ocrx_word' id='word_1_563' title='bbox 301 4064 985 4140; x_wconf 41' lang='grc' dir='ltr'><strong>ξὶιάμὸᾳινεξξμόνον-ΩΧ.Δ</strong></span> <span class='ocrx_word' id='word_1_564' title='bbox 1006 4136 1018 4140; x_wconf 86' lang='lat'>_</span> <span class='ocrx_word' id='word_1_565' title='bbox 1036 4065 1083 4098; x_wconf 75' lang='grc'><strong>³⁸</strong></span> <span class='ocrx_word' id='word_1_566' title='bbox 1110 4064 1408 4140; x_wconf 69' lang='grc' dir='ltr'>τριάκοντα</span> <span class='ocrx_word' id='word_1_567' title='bbox 1438 4066 1556 4140; x_wconf 69' lang='grc' dir='ltr'>ξτη.</span> <span class='ocrx_word' id='word_1_568' title='bbox 1599 4067 1800 4140; x_wconf 41' lang='lat' dir='ltr'><strong>(Chr,</strong></span> <span class='ocrx_word' id='word_1_569' title='bbox 1826 4069 1982 4122; x_wconf 84' lang='lat' dir='ltr'><strong>Alex.</strong></span> <span class='ocrx_word' id='word_1_570' title='bbox 2021 4070 2201 4140; x_wconf 83' lang='lat' dir='ltr'><strong>habet,</strong></span> <span class='ocrx_word' id='word_1_571' title='bbox 2228 4069 2368 4140; x_wconf 75' lang='grc' dir='ltr'>τρία</span> <span class='ocrx_word' id='word_1_572' title='bbox 2387 4069 2507 4137; x_wconf 82' lang='grc' dir='ltr'>ἔτη.</span> <span class='ocrx_word' id='word_1_573' title='bbox 2535 4088 2569 4140; x_wconf 13' lang='grc' dir='ltr'><strong>ξ»</strong></span> <span class='ocrx_word' id='word_1_574' title='bbox 2597 4069 2699 4122; x_wconf 83' lang='lat' dir='ltr'><strong>Ch.</strong></span> 
     </span>
    </p>
   </div>
   <div class='ocr_carea' id='block_1_83' title="bbox 2794 4063 3563 4136">
    <p class='ocr_par' dir='ltr' id='par_1_83' title="bbox 2794 4063 3563 4136">
     <span class='ocr_line' id='line_1_83' title="bbox 2794 4063 3563 4136; baseline -0.009 -16"><span class='ocrx_word' id='word_1_575' title='bbox 2794 4068 2837 4099; x_wconf 84' lang='grc'><strong>³³</strong></span> <span class='ocrx_word' id='word_1_576' title='bbox 2876 4066 2992 4136; x_wconf 77' lang='grc' dir='ltr'>μετ’</span> <span class='ocrx_word' id='word_1_577' title='bbox 3018 4067 3206 4135; x_wconf 79' lang='grc' dir='ltr'>αὐτῆς.</span> <span class='ocrx_word' id='word_1_578' title='bbox 3245 4063 3363 4133; x_wconf 86' lang='grc' dir='ltr'>μετ’</span> <span class='ocrx_word' id='word_1_579' title='bbox 3379 4063 3563 4133; x_wconf 75' lang='grc' dir='ltr'>αὐτὴν</span> 
     </span>
    </p>
   </div>
   <div class='ocr_carea' id='block_1_84' title="bbox 298 4134 2615 4208">
    <p class='ocr_par' dir='ltr' id='par_1_84' title="bbox 298 4134 2615 4208">
     <span class='ocr_line' id='line_1_84' title="bbox 298 4134 2615 4208; baseline 0 -18"><span class='ocrx_word' id='word_1_580' title='bbox 298 4134 405 4190; x_wconf 85' lang='lat' dir='ltr'><strong>Ch.</strong></span> <span class='ocrx_word' id='word_1_581' title='bbox 473 4137 541 4168; x_wconf 68' lang='grc'><strong>³⁸⁸</strong></span> <span class='ocrx_word' id='word_1_582' title='bbox 573 4134 775 4191; x_wconf 74' lang='grc' dir='ltr'>δώσετε</span> <span class='ocrx_word' id='word_1_583' title='bbox 802 4135 931 4201; x_wconf 89' lang='lat' dir='ltr'><strong>Cb.,</strong></span> <span class='ocrx_word' id='word_1_584' title='bbox 952 4134 1268 4191; x_wconf 57' lang='lat' dir='ltr'><strong>Massam.</strong></span> <span class='ocrx_word' id='word_1_585' title='bbox 1335 4136 1381 4168; x_wconf 78' lang='lat'>“</span> <span class='ocrx_word' id='word_1_586' title='bbox 1405 4134 1569 4200; x_wconf 73' lang='grc' dir='ltr'>αὐτὸς</span> <span class='ocrx_word' id='word_1_587' title='bbox 1593 4136 1720 4205; x_wconf 82' lang='lat' dir='ltr'><strong>Cb.,</strong></span> <span class='ocrx_word' id='word_1_588' title='bbox 1740 4136 1949 4193; x_wconf 87' lang='lat' dir='ltr'><strong>Chron.</strong></span> <span class='ocrx_word' id='word_1_589' title='bbox 1994 4154 2050 4208; x_wconf 90' lang='lat' dir='ltr'><strong>p.</strong></span> <span class='ocrx_word' id='word_1_590' title='bbox 2081 4134 2279 4205; x_wconf 73' lang='lat' dir='ltr'><strong>527C,</strong></span> <span class='ocrx_word' id='word_1_591' title='bbox 2313 4134 2494 4201; x_wconf 82' lang='grc' dir='ltr'>αὐτοῖς</span> <span class='ocrx_word' id='word_1_592' title='bbox 2516 4138 2615 4193; x_wconf 85' lang='lat' dir='ltr'><strong>0x.</strong></span> 
     </span>
    </p>
   </div>
   <div class='ocr_carea' id='block_1_85' title="bbox 1525 4252 2325 4311">
    <p class='ocr_par' dir='ltr' id='par_1_85' title="bbox 1525 4252 2325 4311">
     <span class='ocr_line' id='line_1_85' title="bbox 1525 4252 2325 4311; baseline 0.006 -5"><span class='ocrx_word' id='word_1_593' title='bbox 1525 4252 1636 4309; x_wconf 90' lang='lat' dir='ltr'><strong>ED.</strong></span> <span class='ocrx_word' id='word_1_594' title='bbox 1682 4252 2057 4309; x_wconf 79' lang='lat' dir='ltr'><strong>CHILMEADI</strong></span> <span class='ocrx_word' id='word_1_595' title='bbox 2094 4254 2325 4311; x_wconf 75' lang='lat' dir='ltr'><strong>NOTJE.</strong></span> 
     </span>
    </p>
   </div>
   <div class='ocr_carea' id='block_1_86' title="bbox 301 4348 1874 4421">
    <p class='ocr_par' dir='ltr' id='par_1_86' title="bbox 301 4348 1874 4421">
     <span class='ocr_line' id='line_1_86' title="bbox 301 4348 1874 4421; baseline 0.002 -19"><span class='ocrx_word' id='word_1_596' title='bbox 301 4349 440 4421; x_wconf 84' lang='lat' dir='ltr'><strong>litari</strong></span> <span class='ocrx_word' id='word_1_597' title='bbox 459 4357 708 4421; x_wconf 66' lang='lat' dir='ltr'><strong>tantum,</strong></span> <span class='ocrx_word' id='word_1_598' title='bbox 729 4357 815 4421; x_wconf 85' lang='lat' dir='ltr'><strong>est</strong></span> <span class='ocrx_word' id='word_1_599' title='bbox 843 4357 898 4421; x_wconf 90' lang='lat' dir='ltr'><strong>et</strong></span> <span class='ocrx_word' id='word_1_600' title='bbox 922 4349 1012 4404; x_wconf 93' lang='lat' dir='ltr'><strong>ubi</strong></span> <span class='ocrx_word' id='word_1_601' title='bbox 1042 4349 1311 4421; x_wconf 79' lang='lat' dir='ltr'><strong>alterutro</strong></span> <span class='ocrx_word' id='word_1_602' title='bbox 1329 4363 1558 4404; x_wconf 88' lang='lat' dir='ltr'><strong>munere</strong></span> <span class='ocrx_word' id='word_1_603' title='bbox 1586 4348 1874 4421; x_wconf 74' lang='lat' dir='ltr'><strong>fungendo</strong></span> 
     </span>
    </p>
   </div>
   <div class='ocr_carea' id='block_1_87' title="bbox 301 4419 1868 4488">
    <p class='ocr_par' dir='ltr' id='par_1_87' title="bbox 301 4419 1868 4488">
     <span class='ocr_line' id='line_1_87' title="bbox 301 4419 1868 4488; baseline 0.001 -16"><span class='ocrx_word' id='word_1_604' title='bbox 301 4419 650 4488; x_wconf 85' lang='lat' dir='ltr'><strong>interdictum</strong></span> <span class='ocrx_word' id='word_1_605' title='bbox 688 4419 809 4483; x_wconf 89' lang='lat' dir='ltr'><strong>fuit,</strong></span> <span class='ocrx_word' id='word_1_606' title='bbox 847 4420 1105 4488; x_wconf 86' lang='lat' dir='ltr'><strong>frequens</strong></span> <span class='ocrx_word' id='word_1_607' title='bbox 1133 4419 1277 4488; x_wconf 89' lang='lat' dir='ltr'><strong>apud</strong></span> <span class='ocrx_word' id='word_1_608' title='bbox 1315 4428 1571 4474; x_wconf 88' lang='lat' dir='ltr'><strong>auctores</strong></span> <span class='ocrx_word' id='word_1_609' title='bbox 1617 4419 1868 4474; x_wconf 84' lang='lat' dir='ltr'><strong>occurrit</strong></span> 
     </span>
    </p>
   </div>
   <div class='ocr_carea' id='block_1_88' title="bbox 301 4487 1870 4557">
    <p class='ocr_par' dir='ltr' id='par_1_88' title="bbox 301 4487 1870 4557">
     <span class='ocr_line' id='line_1_88' title="bbox 301 4487 1870 4557; baseline -0.001 -15"><span class='ocrx_word' id='word_1_610' title='bbox 301 4491 525 4544; x_wconf 88' lang='lat' dir='ltr'><strong>mentio.</strong></span> <span class='ocrx_word' id='word_1_611' title='bbox 575 4487 776 4543; x_wconf 82' lang='lat' dir='ltr'><strong>Noster</strong></span> <span class='ocrx_word' id='word_1_612' title='bbox 820 4487 982 4541; x_wconf 82' lang='lat' dir='ltr'><strong>etiam</strong></span> <span class='ocrx_word' id='word_1_613' title='bbox 1039 4487 1205 4557; x_wconf 81' lang='lat' dir='ltr'><strong>supra</strong></span> <span class='ocrx_word' id='word_1_614' title='bbox 1244 4490 1357 4543; x_wconf 78' lang='lat' dir='ltr'><strong>haec</strong></span> <span class='ocrx_word' id='word_1_615' title='bbox 1393 4490 1578 4552; x_wconf 77' lang='lat' dir='ltr'><strong>habet,</strong></span> <span class='ocrx_word' id='word_1_616' title='bbox 1608 4489 1665 4542; x_wconf 90' lang='lat' dir='ltr'><strong>in</strong></span> <span class='ocrx_word' id='word_1_617' title='bbox 1719 4488 1870 4543; x_wconf 82' lang='lat' dir='ltr'><strong>Mar-</strong></span> 
     </span>
    </p>
   </div>
   <div class='ocr_carea' id='block_1_89' title="bbox 302 4557 1874 4628">
    <p class='ocr_par' dir='ltr' id='par_1_89' title="bbox 302 4557 1874 4628">
     <span class='ocr_line' id='line_1_89' title="bbox 302 4557 1874 4628; baseline 0.001 -16"><span class='ocrx_word' id='word_1_618' title='bbox 302 4560 480 4622; x_wconf 88' lang='lat' dir='ltr'><strong>ciano,</strong></span> <span class='ocrx_word' id='word_1_619' title='bbox 513 4559 609 4626; x_wconf 88' lang='lat' dir='ltr'><strong>qui</strong></span> <span class='ocrx_word' id='word_1_620' title='bbox 646 4558 1041 4628; x_wconf 85' lang='lat' dir='ltr'><strong>tumultuantes</strong></span> <span class='ocrx_word' id='word_1_621' title='bbox 1062 4557 1329 4628; x_wconf 80' lang='lat' dir='ltr'><strong>Prasinos</strong></span> <span class='ocrx_word' id='word_1_622' title='bbox 1364 4573 1526 4628; x_wconf 77' lang='lat' dir='ltr'><strong>poma</strong></span> <span class='ocrx_word' id='word_1_623' title='bbox 1554 4558 1874 4628; x_wconf 89' lang='lat' dir='ltr'><strong>_hujusmodi</strong></span> 
     </span>
    </p>
   </div>
   <div class='ocr_carea' id='block_1_90' title="bbox 304 4626 1872 4695">
    <p class='ocr_par' dir='ltr' id='par_1_90' title="bbox 304 4626 1872 4695">
     <span class='ocr_line' id='line_1_90' title="bbox 304 4626 1872 4695; baseline -0.001 -13"><span class='ocrx_word' id='word_1_624' title='bbox 304 4628 590 4682; x_wconf 86' lang='lat' dir='ltr'><strong>coercuit:</strong></span> <span class='ocrx_word' id='word_1_625' title='bbox 628 4629 819 4690; x_wconf 84' lang='grc' dir='ltr'>Ὅστις</span> <span class='ocrx_word' id='word_1_626' title='bbox 854 4627 950 4680; x_wconf 77' lang='grc' dir='ltr'>καὶ</span> <span class='ocrx_word' id='word_1_627' title='bbox 990 4627 1231 4691; x_wconf 81' lang='grc' dir='ltr'>διάταξιν</span> <span class='ocrx_word' id='word_1_628' title='bbox 1277 4626 1442 4681; x_wconf 79' lang='grc' dir='ltr'>αὑτοῦ</span> <span class='ocrx_word' id='word_1_629' title='bbox 1482 4626 1872 4695; x_wconf 14' lang='grc' dir='ltr'>Θείανήὲξεφώ-</span> 
     </span>
    </p>
   </div>
   <div class='ocr_carea' id='block_1_91' title="bbox 303 4696 1872 4767">
    <p class='ocr_par' dir='ltr' id='par_1_91' title="bbox 303 4696 1872 4767">
     <span class='ocr_line' id='line_1_91' title="bbox 303 4696 1872 4767; baseline 0 -17"><span class='ocrx_word' id='word_1_630' title='bbox 303 4714 428 4761; x_wconf 85' lang='grc' dir='ltr'>νησε</span> <span class='ocrx_word' id='word_1_631' title='bbox 460 4698 731 4767; x_wconf 86' lang='grc' dir='ltr'>(ταραχῆς</span> <span class='ocrx_word' id='word_1_632' title='bbox 772 4697 1070 4767; x_wconf 62' lang='grc' dir='ltr'>γενομένης</span> <span class='ocrx_word' id='word_1_633' title='bbox 1119 4697 1269 4767; x_wconf 78' lang='grc' dir='ltr'>παρά</span> <span class='ocrx_word' id='word_1_634' title='bbox 1309 4696 1419 4749; x_wconf 82' lang='grc' dir='ltr'>τῶν</span> <span class='ocrx_word' id='word_1_635' title='bbox 1464 4696 1560 4749; x_wconf 82' lang='grc' dir='ltr'><strong>τοῦ</strong></span> <span class='ocrx_word' id='word_1_636' title='bbox 1601 4697 1872 4767; x_wconf 85' lang='grc' dir='ltr'>Πρασίνου</span> 
     </span>
    </p>
   </div>
   <div class='ocr_carea' id='block_1_92' title="bbox 1980 4338 3569 4415">
    <p class='ocr_par' dir='ltr' id='par_1_92' title="bbox 1980 4338 3569 4415">
     <span class='ocr_line' id='line_1_92' title="bbox 1980 4338 3569 4415; baseline -0.008 -10"><span class='ocrx_word' id='word_1_637' title='bbox 1980 4352 2154 4406; x_wconf 88' lang='lat' dir='ltr'><strong>tenuit</strong></span> <span class='ocrx_word' id='word_1_638' title='bbox 2178 4351 2462 4405; x_wconf 87' lang='lat' dir='ltr'><strong>Odoacer:</strong></span> <span class='ocrx_word' id='word_1_639' title='bbox 2495 4362 2600 4415; x_wconf 90' lang='lat' dir='ltr'><strong>qua</strong></span> <span class='ocrx_word' id='word_1_640' title='bbox 2637 4353 2758 4414; x_wconf 91' lang='lat' dir='ltr'><strong>post</strong></span> <span class='ocrx_word' id='word_1_641' title='bbox 2789 4343 3128 4415; x_wconf 75' lang='lat' dir='ltr'><strong>triennalem</strong></span> <span class='ocrx_word' id='word_1_642' title='bbox 3164 4339 3380 4415; x_wconf 78' lang='lat' dir='ltr'><strong>tandem</strong></span> <span class='ocrx_word' id='word_1_643' title='bbox 3413 4338 3569 4415; x_wconf 85' lang='lat' dir='ltr'><strong>_obsi-</strong></span> 
     </span>
    </p>
   </div>
   <div class='ocr_carea' id='block_1_93' title="bbox 1978 4410 3558 4489">
    <p class='ocr_par' dir='ltr' id='par_1_93' title="bbox 1978 4410 3558 4489">
     <span class='ocr_line' id='line_1_93' title="bbox 1978 4410 3558 4489; baseline -0.008 -15"><span class='ocrx_word' id='word_1_644' title='bbox 1978 4422 2196 4475; x_wconf 89' lang='lat' dir='ltr'><strong>dionem</strong></span> <span class='ocrx_word' id='word_1_645' title='bbox 2229 4429 2407 4489; x_wconf 87' lang='lat' dir='ltr'><strong>capta,</strong></span> <span class='ocrx_word' id='word_1_646' title='bbox 2436 4410 2816 4489; x_wconf 77' lang='lat' dir='ltr'><strong>Theodericus</strong></span> <span class='ocrx_word' id='word_1_647' title='bbox 2846 4412 3149 4489; x_wconf 62' lang='lat' dir='ltr'><strong>Odoacrem</strong></span> <span class='ocrx_word' id='word_1_648' title='bbox 3181 4453 3218 4489; x_wconf 85' lang='lat'><strong>,_</strong></span> <span class='ocrx_word' id='word_1_649' title='bbox 3245 4410 3370 4489; x_wconf 64' lang='lat' dir='ltr'><strong>dolo</strong></span> <span class='ocrx_word' id='word_1_650' title='bbox 3413 4411 3558 4489; x_wconf 73' lang='lat' dir='ltr'><strong>licet,</strong></span> 
     </span>
    </p>
   </div>
   <div class='ocr_carea' id='block_1_94' title="bbox 1981 4478 3562 4551">
    <p class='ocr_par' dir='ltr' id='par_1_94' title="bbox 1981 4478 3562 4551">
     <span class='ocr_line' id='line_1_94' title="bbox 1981 4478 3562 4551; baseline -0.007 -8"><span class='ocrx_word' id='word_1_651' title='bbox 1981 4490 2259 4545; x_wconf 89' lang='lat' dir='ltr'><strong>interemit</strong></span> <span class='ocrx_word' id='word_1_652' title='bbox 2286 4478 2488 4551; x_wconf 67' lang='lat' dir='ltr'><strong>tamen,</strong></span> <span class='ocrx_word' id='word_1_653' title='bbox 2547 4486 2622 4538; x_wconf 90' lang='lat' dir='ltr'><strong>ttti</strong></span> <span class='ocrx_word' id='word_1_654' title='bbox 2654 4492 2929 4538; x_wconf 85' lang='lat' dir='ltr'><strong>testantur</strong></span> <span class='ocrx_word' id='word_1_655' title='bbox 2992 4482 3305 4551; x_wconf 70' lang='lat' dir='ltr'><strong>Procopius</strong></span> <span class='ocrx_word' id='word_1_656' title='bbox 3323 4478 3562 4533; x_wconf 85' lang='lat' dir='ltr'><strong>Gotthic.</strong></span> 
     </span>
    </p>
   </div>
   <div class='ocr_carea' id='block_1_95' title="bbox 1981 4548 3563 4625">
    <p class='ocr_par' dir='ltr' id='par_1_95' title="bbox 1981 4548 3563 4625">
     <span class='ocr_line' id='line_1_95' title="bbox 1981 4548 3563 4625; baseline -0.006 -13"><span class='ocrx_word' id='word_1_657' title='bbox 1981 4560 2078 4613; x_wconf 90' lang='lat' dir='ltr'><strong>lib.</strong></span> <span class='ocrx_word' id='word_1_658' title='bbox 2108 4576 2159 4625; x_wconf 89' lang='lat' dir='ltr'><strong>t;</strong></span> <span class='ocrx_word' id='word_1_659' title='bbox 2200 4560 2353 4613; x_wconf 86' lang='lat' dir='ltr'><strong>Paul.</strong></span> <span class='ocrx_word' id='word_1_660' title='bbox 2398 4548 2620 4611; x_wconf 86' lang='lat' dir='ltr'><strong>Diacon.</strong></span> <span class='ocrx_word' id='word_1_661' title='bbox 2659 4556 2753 4608; x_wconf 89' lang='lat' dir='ltr'><strong>lib.</strong></span> <span class='ocrx_word' id='word_1_662' title='bbox 2792 4569 2922 4618; x_wconf 80' lang='lat' dir='ltr'><strong>xvi;</strong></span> <span class='ocrx_word' id='word_1_663' title='bbox 2972 4548 3242 4606; x_wconf 81' lang='lat' dir='ltr'><strong>Jornand.</strong></span> <span class='ocrx_word' id='word_1_664' title='bbox 3278 4548 3354 4602; x_wconf 90' lang='lat' dir='ltr'><strong>De</strong></span> <span class='ocrx_word' id='word_1_665' title='bbox 3399 4550 3563 4603; x_wconf 87' lang='lat' dir='ltr'><strong>rebus</strong></span> 
     </span>
    </p>
   </div>
   <div class='ocr_carea' id='block_1_96' title="bbox 1980 4627 2479 4697">
    <p class='ocr_par' dir='ltr' id='par_1_96' title="bbox 1980 4627 2479 4697">
     <span class='ocr_line' id='line_1_96' title="bbox 1980 4627 2479 4697; baseline -0.004 -14"><span class='ocrx_word' id='word_1_666' title='bbox 1980 4628 2206 4688; x_wconf 86' lang='lat' dir='ltr'><strong>Getieis.</strong></span> <span class='ocrx_word' id='word_1_667' title='bbox 2237 4644 2358 4697; x_wconf 88' lang='lat' dir='ltr'><strong>cap.</strong></span> <span class='ocrx_word' id='word_1_668' title='bbox 2390 4627 2479 4697; x_wconf 65' lang='lat'><strong>5&#39;1.</strong></span> 
     </span>
    </p>
   </div>
   <div class='ocr_carea' id='block_1_97' title="bbox 2004 4695 3564 4778">
    <p class='ocr_par' dir='ltr' id='par_1_97' title="bbox 2004 4695 3564 4778">
     <span class='ocr_line' id='line_1_97' title="bbox 2004 4695 3564 4778; baseline -0.012 -21"><span class='ocrx_word' id='word_1_669' title='bbox 2004 4748 2014 4758; x_wconf 84' lang='lat'><strong>.</strong></span> <span class='ocrx_word' id='word_1_670' title='bbox 2056 4699 2166 4768; x_wconf 88' lang='grc'>(91)</span> <span class='ocrx_word' id='word_1_671' title='bbox 2206 4695 2342 4768; x_wconf 59' lang='lat' dir='ltr'><strong>&quot;Ern</strong></span> <span class='ocrx_word' id='word_1_672' title='bbox 2378 4695 2501 4778; x_wconf 53' lang='lat' dir='ltr'><strong>pf:</strong></span> <span class='ocrx_word' id='word_1_673' title='bbox 2541 4695 2789 4778; x_wconf 76' lang='lat' dir='ltr'><strong>Triginta</strong></span> <span class='ocrx_word' id='word_1_674' title='bbox 2832 4701 3043 4778; x_wconf 70' lang='lat' dir='ltr'><strong>tantum</strong></span> <span class='ocrx_word' id='word_1_675' title='bbox 3080 4703 3255 4742; x_wconf 90' lang='lat' dir='ltr'><strong>annos</strong></span> <span class='ocrx_word' id='word_1_676' title='bbox 3278 4703 3419 4778; x_wconf 29' lang='lat' dir='ltr'><strong>“cum</strong></span> <span class='ocrx_word' id='word_1_677' title='bbox 3476 4704 3564 4769; x_wconf 76' lang='lat' dir='ltr'><strong>re-</strong></span> 
     </span>
    </p>
   </div>
   <div class='ocr_carea' id='block_1_98' title="bbox 308 4759 3559 4839">
    <p class='ocr_par' dir='ltr' id='par_1_98' title="bbox 308 4759 3559 4839">
     <span class='ocr_line' id='line_1_98' title="bbox 308 4759 3559 4839; baseline -0.001 -19"><span class='ocrx_word' id='word_1_678' title='bbox 308 4759 526 4839; x_wconf 62' lang='grc' dir='ltr'>μᾷρους)</span> <span class='ocrx_word' id='word_1_679' title='bbox 554 4759 1036 4839; x_wconf 57' lang='grc' dir='ltr'>μὴ”πολιξτεύέσοαί</span> <span class='ocrx_word' id='word_1_680' title='bbox 1067 4759 1547 4839; x_wconf 73' lang='grc' dir='ltr'>Πρασίνους,μήτε</span> <span class='ocrx_word' id='word_1_681' title='bbox 1577 4759 1875 4837; x_wconf 75' lang='grc' dir='ltr'>στρατεύε-</span> <span class='ocrx_word' id='word_1_682' title='bbox 1911 4759 1954 4813; x_wconf 89' lang='lat' dir='ltr'><strong>D</strong></span> <span class='ocrx_word' id='word_1_683' title='bbox 1977 4759 2180 4839; x_wconf 59' lang='lat' dir='ltr'><strong>gnat-ise</strong></span> <span class='ocrx_word' id='word_1_684' title='bbox 2220 4759 2419 4822; x_wconf 77' lang='lat' dir='ltr'><strong>asserit</strong></span> <span class='ocrx_word' id='word_1_685' title='bbox 2447 4759 2806 4826; x_wconf 16' lang='lat' dir='ltr'><strong>iJorna’ndes,</strong></span> <span class='ocrx_word' id='word_1_686' title='bbox 2871 4764 2945 4816; x_wconf 85' lang='lat' dir='ltr'><strong>De</strong></span> <span class='ocrx_word' id='word_1_687' title='bbox 2990 4776 3144 4828; x_wconf 77' lang='lat' dir='ltr'><strong>regn.</strong></span> <span class='ocrx_word' id='word_1_688' title='bbox 3203 4771 3451 4812; x_wconf 75' lang='lat' dir='ltr'><strong>success.</strong></span> <span class='ocrx_word' id='word_1_689' title='bbox 3504 4759 3559 4810; x_wconf 77' lang='lat' dir='ltr'><strong>in</strong></span> 
     </span>
    </p>
   </div>
   <div class='ocr_carea' id='block_1_99' title="bbox 306 4836 850 4906">
    <p class='ocr_par' dir='ltr' id='par_1_99' title="bbox 306 4836 850 4906">
     <span class='ocr_line' id='line_1_99' title="bbox 306 4836 850 4906; baseline 0.002 -18"><span class='ocrx_word' id='word_1_690' title='bbox 306 4836 444 4895; x_wconf 78' lang='grc' dir='ltr'>σθαι.</span> <span class='ocrx_word' id='word_1_691' title='bbox 469 4839 562 4889; x_wconf 70' lang='grc' dir='ltr'>ἐπὶ</span> <span class='ocrx_word' id='word_1_692' title='bbox 585 4838 681 4906; x_wconf 76' lang='grc' dir='ltr'><strong>ἐτη</strong></span> <span class='ocrx_word' id='word_1_693' title='bbox 699 4836 850 4906; x_wconf 88' lang='grc' dir='ltr'>τρία.</span> 
     </span>
    </p>
   </div>
   <div class='ocr_carea' id='block_1_100' title="bbox 373 4904 1878 4975">
    <p class='ocr_par' dir='ltr' id='par_1_100' title="bbox 373 4904 1878 4975">
     <span class='ocr_line' id='line_1_100' title="bbox 373 4904 1878 4975; baseline 0 -15"><span class='ocrx_word' id='word_1_694' title='bbox 373 4906 483 4971; x_wconf 82' lang='lat'><strong>(89)</strong></span> <span class='ocrx_word' id='word_1_695' title='bbox 547 4907 607 4959; x_wconf 89' lang='lat'>&#39;0</span> <span class='ocrx_word' id='word_1_696' title='bbox 662 4904 776 4975; x_wconf 64' lang='grc' dir='ltr'>υἰδς</span> <span class='ocrx_word' id='word_1_697' title='bbox 825 4905 1188 4975; x_wconf 75' lang='grc' dir='ltr'>Οὐαλέμερος.</span> <span class='ocrx_word' id='word_1_698' title='bbox 1241 4904 1696 4975; x_wconf 73' lang='lat' dir='ltr'><strong>Thetidetjichus,</strong></span> <span class='ocrx_word' id='word_1_699' title='bbox 1761 4906 1878 4960; x_wconf 85' lang='lat' dir='ltr'><strong>sive</strong></span> 
     </span>
    </p>
   </div>
   <div class='ocr_carea' id='block_1_101' title="bbox 306 4972 1876 5039">
    <p class='ocr_par' dir='ltr' id='par_1_101' title="bbox 306 4972 1876 5039">
     <span class='ocr_line' id='line_1_101' title="bbox 306 4972 1876 5039; baseline -0.001 -11"><span class='ocrx_word' id='word_1_700' title='bbox 306 4972 702 5038; x_wconf 85' lang='lat' dir='ltr'><strong>Theodericus,</strong></span> <span class='ocrx_word' id='word_1_701' title='bbox 731 4972 1107 5029; x_wconf 78' lang='lat' dir='ltr'><strong>Theodemiris</strong></span> <span class='ocrx_word' id='word_1_702' title='bbox 1135 4985 1253 5028; x_wconf 90' lang='lat' dir='ltr'><strong>erat</strong></span> <span class='ocrx_word' id='word_1_703' title='bbox 1278 4976 1452 5039; x_wconf 83' lang='lat' dir='ltr'><strong>filius;</strong></span> <span class='ocrx_word' id='word_1_704' title='bbox 1480 4973 1717 5027; x_wconf 83' lang='lat' dir='ltr'><strong>Valemir</strong></span> <span class='ocrx_word' id='word_1_705' title='bbox 1751 4991 1876 5029; x_wconf 85' lang='lat' dir='ltr'><strong>vero</strong></span> 
     </span>
    </p>
   </div>
   <div class='ocr_carea' id='block_1_102' title="bbox 305 5043 1875 5169">
    <p class='ocr_par' dir='ltr' id='par_1_102' title="bbox 305 5043 1875 5169">
     <span class='ocr_line' id='line_1_102' title="bbox 305 5043 1875 5115; baseline 0.001 -18"><span class='ocrx_word' id='word_1_706' title='bbox 305 5046 422 5113; x_wconf 90' lang='lat' dir='ltr'><strong>ejus</strong></span> <span class='ocrx_word' id='word_1_707' title='bbox 455 5055 683 5115; x_wconf 83' lang='lat' dir='ltr'><strong>patruus</strong></span> <span class='ocrx_word' id='word_1_708' title='bbox 705 5055 843 5100; x_wconf 91' lang='lat' dir='ltr'><strong>erat.</strong></span> <span class='ocrx_word' id='word_1_709' title='bbox 867 5043 1006 5097; x_wconf 78' lang='lat' dir='ltr'><strong>Vide</strong></span> <span class='ocrx_word' id='word_1_710' title='bbox 1052 5044 1210 5097; x_wconf 87' lang='lat' dir='ltr'><strong>Paul.</strong></span> <span class='ocrx_word' id='word_1_711' title='bbox 1242 5043 1392 5099; x_wconf 88' lang='lat' dir='ltr'><strong>Diac.</strong></span> <span class='ocrx_word' id='word_1_712' title='bbox 1428 5044 1522 5098; x_wconf 72' lang='grc' dir='ltr'><strong>ιιι).</strong></span> <span class='ocrx_word' id='word_1_713' title='bbox 1553 5060 1638 5097; x_wconf 76' lang='lat' dir='ltr'><strong>xvr</strong></span> <span class='ocrx_word' id='word_1_714' title='bbox 1671 5054 1725 5099; x_wconf 90' lang='lat' dir='ltr'><strong>et</strong></span> <span class='ocrx_word' id='word_1_715' title='bbox 1748 5043 1875 5098; x_wconf 85' lang='lat' dir='ltr'><strong>Jor-</strong></span> 
     </span>
     <span class='ocr_line' id='line_1_103' title="bbox 308 5114 1166 5169; baseline 0.001 -2"><span class='ocrx_word' id='word_1_716' title='bbox 308 5116 473 5169; x_wconf 87' lang='lat' dir='ltr'><strong>nand.</strong></span> <span class='ocrx_word' id='word_1_717' title='bbox 509 5115 584 5167; x_wconf 83' lang='lat' dir='ltr'><strong>De</strong></span> <span class='ocrx_word' id='word_1_718' title='bbox 611 5117 729 5169; x_wconf 89' lang='lat' dir='ltr'><strong>reb.</strong></span> <span class='ocrx_word' id='word_1_719' title='bbox 759 5115 883 5169; x_wconf 88' lang='lat' dir='ltr'><strong>Cet.</strong></span> <span class='ocrx_word' id='word_1_720' title='bbox 910 5128 1038 5169; x_wconf 83' lang='lat' dir='ltr'><strong>can.</strong></span> <span class='ocrx_word' id='word_1_721' title='bbox 1077 5114 1166 5168; x_wconf 76' lang='lat'><strong>52.</strong></span> 
     </span>
    </p>
   </div>
   <div class='ocr_carea' id='block_1_103' title="bbox 308 5116 1876 5255">
    <p class='ocr_par' dir='ltr' id='par_1_103' title="bbox 308 5116 1876 5255">
     <span class='ocr_line' id='line_1_104' title="bbox 308 5116 1166 5181; baseline 0.001 -14"><span class='ocrx_word' id='word_1_722' title='bbox 308 5116 473 5169; x_wconf 87' lang='lat' dir='ltr'><strong>nand.</strong></span> <span class='ocrx_word' id='word_1_723' title='bbox 509 5116 584 5167; x_wconf 85' lang='lat' dir='ltr'><strong>De</strong></span> <span class='ocrx_word' id='word_1_724' title='bbox 611 5117 729 5170; x_wconf 89' lang='lat' dir='ltr'><strong>reb.</strong></span> <span class='ocrx_word' id='word_1_725' title='bbox 759 5116 883 5169; x_wconf 87' lang='lat' dir='ltr'><strong>Cet.</strong></span> <span class='ocrx_word' id='word_1_726' title='bbox 910 5128 1038 5181; x_wconf 89' lang='lat' dir='ltr'><strong>cap.</strong></span> <span class='ocrx_word' id='word_1_727' title='bbox 1077 5116 1166 5168; x_wconf 77' lang='grc'><strong>52.</strong></span> 
     </span>
     <span class='ocr_line' id='line_1_105' title="bbox 371 5181 1876 5255; baseline -0.002 -16"><span class='ocrx_word' id='word_1_728' title='bbox 371 5186 485 5255; x_wconf 80' lang='grc'>(91))</span> <span class='ocrx_word' id='word_1_729' title='bbox 538 5185 824 5255; x_wconf 86' lang='grc' dir='ltr'>Ὀρμήσας</span> <span class='ocrx_word' id='word_1_730' title='bbox 882 5185 975 5255; x_wconf 74' lang='grc' dir='ltr'>ἐπὶ</span> <span class='ocrx_word' id='word_1_731' title='bbox 1036 5184 1138 5252; x_wconf 82' lang='grc' dir='ltr'><strong>τὴν</strong></span> <span class='ocrx_word' id='word_1_732' title='bbox 1198 5181 1437 5255; x_wconf 84' lang='grc' dir='ltr'>Ῥώμην.</span> <span class='ocrx_word' id='word_1_733' title='bbox 1483 5184 1602 5255; x_wconf 61' lang='lat' dir='ltr'><strong>_lsta</strong></span> <span class='ocrx_word' id='word_1_734' title='bbox 1659 5198 1688 5234; x_wconf 69' lang='grc' dir='ltr'><strong>τι</strong></span> <span class='ocrx_word' id='word_1_735' title='bbox 1748 5199 1876 5237; x_wconf 85' lang='lat' dir='ltr'><strong>vero</strong></span> 
     </span>
    </p>
   </div>
   <div class='ocr_carea' id='block_1_104' title="bbox 303 5252 1870 5316">
    <p class='ocr_par' dir='ltr' id='par_1_104' title="bbox 303 5252 1870 5316">
     <span class='ocr_line' id='line_1_106' title="bbox 303 5252 1870 5316; baseline -0.001 -10"><span class='ocrx_word' id='word_1_736' title='bbox 303 5252 476 5310; x_wconf 78' lang='lat' dir='ltr'><strong>aliena</strong></span> <span class='ocrx_word' id='word_1_737' title='bbox 518 5252 651 5311; x_wconf 80' lang='lat' dir='ltr'><strong>sunt</strong></span> <span class='ocrx_word' id='word_1_738' title='bbox 684 5252 715 5307; x_wconf 72' lang='grc' dir='ltr'>ε’</span> <span class='ocrx_word' id='word_1_739' title='bbox 756 5269 865 5307; x_wconf 91' lang='lat' dir='ltr'><strong>non</strong></span> <span class='ocrx_word' id='word_1_740' title='bbox 921 5253 1145 5306; x_wconf 66' lang='lat' dir='ltr'><strong>Romam</strong></span> <span class='ocrx_word' id='word_1_741' title='bbox 1179 5253 1349 5316; x_wconf 91' lang='lat' dir='ltr'><strong>cnim,</strong></span> <span class='ocrx_word' id='word_1_742' title='bbox 1401 5252 1493 5306; x_wconf 82' lang='lat' dir='ltr'><strong>sed</strong></span> <span class='ocrx_word' id='word_1_743' title='bbox 1548 5252 1870 5305; x_wconf 80' lang='lat' dir='ltr'><strong>Ravennam</strong></span> 
     </span>
    </p>
   </div>
   <div class='ocr_carea' id='block_1_105' title="bbox 1979 4836 3565 4977">
    <p class='ocr_par' dir='ltr' id='par_1_105' title="bbox 1979 4836 3565 4977">
     <span class='ocr_line' id='line_1_107' title="bbox 1979 4836 3565 4977; baseline -0.011 -14"><span class='ocrx_word' id='word_1_744' title='bbox 1979 4836 2318 4977; x_wconf 38' lang='lat' dir='ltr'><strong>Lézggiekat</strong></span> <span class='ocrx_word' id='word_1_745' title='bbox 2347 4906 2415 4977; x_wconf 75' lang='grc' dir='ltr'><strong>τά</strong></span> <span class='ocrx_word' id='word_1_746' title='bbox 2451 4901 2828 4977; x_wconf 52' lang='grc' dir='ltr'>κωδικιάὶλιατ</span> <span class='ocrx_word' id='word_1_747' title='bbox 3034 4896 3375 4960; x_wconf 55' lang='lat' dir='ltr'><strong>mamma,</strong></span> <span class='ocrx_word' id='word_1_748' title='bbox 3405 4894 3565 4947; x_wconf 83' lang='grc' dir='ltr'>κωδι-</span> 
     </span>
    </p>
   </div>
   <div class='ocr_carea' id='block_1_106' title="bbox 1978 4971 3008 5039">
    <p class='ocr_par' dir='ltr' id='par_1_106' title="bbox 1978 4971 3008 5039">
     <span class='ocr_line' id='line_1_108' title="bbox 1978 4971 3008 5039; baseline -0.008 -10"><span class='ocrx_word' id='word_1_749' title='bbox 1978 4971 2189 5039; x_wconf 72' lang='grc' dir='ltr'>κέλλος,</span> <span class='ocrx_word' id='word_1_750' title='bbox 2220 4984 2274 5029; x_wconf 87' lang='lat' dir='ltr'><strong>ct</strong></span> <span class='ocrx_word' id='word_1_751' title='bbox 2302 4974 2666 5035; x_wconf 81' lang='grc' dir='ltr'>κωδικίλλιον,</span> <span class='ocrx_word' id='word_1_752' title='bbox 2706 4971 3008 5026; x_wconf 81' lang='lat' dir='ltr'><strong>codicillus.</strong></span> 
     </span>
    </p>
   </div>
   <div class='ocr_carea' id='block_1_107' title="bbox 2056 5037 3561 5116">
    <p class='ocr_par' dir='ltr' id='par_1_107' title="bbox 2056 5037 3561 5116">
     <span class='ocr_line' id='line_1_109' title="bbox 2056 5037 3561 5116; baseline -0.011 -16"><span class='ocrx_word' id='word_1_753' title='bbox 2056 5037 2169 5116; x_wconf 81' lang='grc'>(95)</span> <span class='ocrx_word' id='word_1_754' title='bbox 2207 5045 2321 5098; x_wconf 75' lang='grc' dir='ltr'><strong>Καὶ</strong></span> <span class='ocrx_word' id='word_1_755' title='bbox 2365 5046 2492 5116; x_wconf 79' lang='grc' dir='ltr'>τοὺς</span> <span class='ocrx_word' id='word_1_756' title='bbox 2529 5043 2835 5116; x_wconf 15' lang='grc' dir='ltr'>σκηγπίονας</span> <span class='ocrx_word' id='word_1_757' title='bbox 2884 5042 2939 5092; x_wconf 84' lang='grc' dir='ltr'>δὲ</span> <span class='ocrx_word' id='word_1_758' title='bbox 2980 5037 3089 5090; x_wconf 83' lang='grc' dir='ltr'>τῶν</span> <span class='ocrx_word' id='word_1_759' title='bbox 3130 5037 3376 5116; x_wconf 64' lang='grc' dir='ltr'>ὑπατων.</span> <span class='ocrx_word' id='word_1_760' title='bbox 3427 5051 3561 5116; x_wconf 81' lang='grc' dir='ltr'>σκη-</span> 
     </span>
    </p>
   </div>
   <div class='ocr_carea' id='block_1_108' title="bbox 1976 5108 3564 5180">
    <p class='ocr_par' dir='ltr' id='par_1_108' title="bbox 1976 5108 3564 5180">
     <span class='ocr_line' id='line_1_110' title="bbox 1976 5108 3564 5180; baseline -0.008 -13"><span class='ocrx_word' id='word_1_761' title='bbox 1976 5108 2221 5177; x_wconf 72' lang='grc' dir='ltr'>πίών,’θῑ</span> <span class='ocrx_word' id='word_1_762' title='bbox 2261 5114 2518 5175; x_wconf 86' lang='grc' dir='ltr'>σκιπίων,</span> <span class='ocrx_word' id='word_1_763' title='bbox 2561 5108 2736 5180; x_wconf 82' lang='lat' dir='ltr'><strong>scipio</strong></span> <span class='ocrx_word' id='word_1_764' title='bbox 2771 5121 2888 5175; x_wconf 82' lang='lat' dir='ltr'><strong>est;</strong></span> <span class='ocrx_word' id='word_1_765' title='bbox 2929 5125 3039 5177; x_wconf 86' lang='lat' dir='ltr'><strong>quo</strong></span> <span class='ocrx_word' id='word_1_766' title='bbox 3068 5108 3334 5180; x_wconf 81' lang='lat' dir='ltr'><strong>vocabqu</strong></span> <span class='ocrx_word' id='word_1_767' title='bbox 3368 5113 3564 5180; x_wconf 69' lang='lat' dir='ltr'><strong>auctor</strong></span> 
     </span>
    </p>
   </div>
   <div class='ocr_carea' id='block_1_109' title="bbox 1977 5174 3564 5254">
    <p class='ocr_par' dir='ltr' id='par_1_109' title="bbox 1977 5174 3564 5254">
     <span class='ocr_line' id='line_1_111' title="bbox 1977 5174 3564 5254; baseline -0.008 -16"><span class='ocrx_word' id='word_1_768' title='bbox 1977 5174 2307 5254; x_wconf 83' lang='lat' dir='ltr'><strong>symbolum,</strong></span> <span class='ocrx_word' id='word_1_769' title='bbox 2354 5185 2470 5239; x_wconf 83' lang='lat' dir='ltr'><strong>sive</strong></span> <span class='ocrx_word' id='word_1_770' title='bbox 2506 5174 2736 5252; x_wconf 60' lang='lat' dir='ltr'><strong>insigne</strong></span> <span class='ocrx_word' id='word_1_771' title='bbox 2795 5174 3094 5234; x_wconf 65' lang='lat' dir='ltr'><strong>consulare</strong></span> <span class='ocrx_word' id='word_1_772' title='bbox 3149 5177 3370 5245; x_wconf 74' lang='lat' dir='ltr'><strong>signare</strong></span> <span class='ocrx_word' id='word_1_773' title='bbox 3410 5174 3564 5228; x_wconf 84' lang='lat' dir='ltr'><strong>vidc-</strong></span> 
     </span>
    </p>
   </div>
   <div class='ocr_carea' id='block_1_110' title="bbox 1981 5263 2093 5308">
    <p class='ocr_par' dir='ltr' id='par_1_110' title="bbox 1981 5263 2093 5308">
     <span class='ocr_line' id='line_1_112' title="bbox 1981 5263 2093 5308; baseline 0.018 -2"><span class='ocrx_word' id='word_1_774' title='bbox 1981 5263 2093 5308; x_wconf 90' lang='lat' dir='ltr'><strong>tur.</strong></span> 
     </span>
    </p>
   </div>
   <div class='ocr_carea' id='block_1_111' title="bbox 1705 5360 2153 5424">
    <p class='ocr_par' dir='ltr' id='par_1_111' title="bbox 1705 5360 2153 5424">
     <span class='ocr_line' id='line_1_113' title="bbox 1705 5360 2153 5424; baseline 0.02 -9"><span class='ocrx_word' id='word_1_775' title='bbox 1705 5360 1888 5416; x_wconf 83' lang='lat' dir='ltr'>HODII</span> <span class='ocrx_word' id='word_1_776' title='bbox 1922 5363 2153 5424; x_wconf 67' lang='lat' dir='ltr'><strong>NOTAE.</strong></span> 
     </span>
    </p>
   </div>
   <div class='ocr_carea' id='block_1_112' title="bbox 368 5452 1880 5527">
    <p class='ocr_par' dir='ltr' id='par_1_112' title="bbox 368 5452 1880 5527">
     <span class='ocr_line' id='line_1_114' title="bbox 368 5452 1880 5527; baseline -0.001 -19"><span class='ocrx_word' id='word_1_777' title='bbox 368 5455 431 5527; x_wconf 78' lang='grc' dir='ltr'>(ἱ)</span> <span class='ocrx_word' id='word_1_778' title='bbox 464 5453 815 5527; x_wconf 54' lang='grc' dir='ltr'>Δεκοξὸγους.</span> <span class='ocrx_word' id='word_1_779' title='bbox 840 5452 1155 5527; x_wconf 73' lang='lat' dir='ltr'><strong>Causidicos</strong></span> <span class='ocrx_word' id='word_1_780' title='bbox 1176 5452 1342 5527; x_wconf 82' lang='lat' dir='ltr'><strong>vertit</strong></span> <span class='ocrx_word' id='word_1_781' title='bbox 1361 5453 1635 5527; x_wconf 71' lang='lat' dir='ltr'><strong>interpres</strong></span> <span class='ocrx_word' id='word_1_782' title='bbox 1662 5461 1880 5527; x_wconf 81' lang='lat' dir='ltr'><strong>noster:</strong></span> 
     </span>
    </p>
   </div>
   <div class='ocr_carea' id='block_1_113' title="bbox 301 5522 1879 5587">
    <p class='ocr_par' dir='ltr' id='par_1_113' title="bbox 301 5522 1879 5587">
     <span class='ocr_line' id='line_1_115' title="bbox 301 5522 1879 5587; baseline -0.003 -8"><span class='ocrx_word' id='word_1_783' title='bbox 301 5522 467 5580; x_wconf 56' lang='lat' dir='ltr'><strong>Lair&#39;et</strong></span> <span class='ocrx_word' id='word_1_784' title='bbox 513 5524 886 5587; x_wconf 85' lang='lat' dir='ltr'><strong>Dufresnius;</strong></span> <span class='ocrx_word' id='word_1_785' title='bbox 940 5538 1065 5576; x_wconf 86' lang='lat' dir='ltr'><strong>nam</strong></span> <span class='ocrx_word' id='word_1_786' title='bbox 1114 5523 1157 5577; x_wconf 92' lang='lat' dir='ltr'><strong>si</strong></span> <span class='ocrx_word' id='word_1_787' title='bbox 1194 5522 1469 5585; x_wconf 73' lang='lat' dir='ltr'><strong>advocati,</strong></span> <span class='ocrx_word' id='word_1_788' title='bbox 1528 5522 1725 5585; x_wconf 80' lang='lat' dir='ltr'><strong>inquit,</strong></span> <span class='ocrx_word' id='word_1_789' title='bbox 1781 5538 1879 5576; x_wconf 83' lang='lat' dir='ltr'><strong>St&#39;ll</strong></span> 
     </span>
    </p>
   </div>
   <div class='ocr_carea' id='block_1_114' title="bbox 299 5592 1882 5663">
    <p class='ocr_par' dir='ltr' id='par_1_114' title="bbox 299 5592 1882 5663">
     <span class='ocr_line' id='line_1_116' title="bbox 299 5592 1882 5663; baseline -0.003 -14"><span class='ocrx_word' id='word_1_790' title='bbox 299 5597 574 5651; x_wconf 84' lang='lat' dir='ltr'><strong>causidici</strong></span> <span class='ocrx_word' id='word_1_791' title='bbox 603 5596 725 5648; x_wconf 84' lang='lat' dir='ltr'><strong>sive</strong></span> <span class='ocrx_word' id='word_1_792' title='bbox 752 5593 996 5663; x_wconf 82' lang='lat' dir='ltr'><strong>patroni,</strong></span> <span class='ocrx_word' id='word_1_793' title='bbox 1035 5608 1155 5660; x_wconf 52' lang='lat' dir='ltr'><strong>qua).</strong></span> <span class='ocrx_word' id='word_1_794' title='bbox 1177 5593 1259 5663; x_wconf 87' lang='lat' dir='ltr'><strong>vis</strong></span> <span class='ocrx_word' id='word_1_795' title='bbox 1290 5601 1375 5663; x_wconf 86' lang='lat' dir='ltr'><strong>est</strong></span> <span class='ocrx_word' id='word_1_796' title='bbox 1408 5593 1681 5653; x_wconf 78' lang='lat' dir='ltr'><strong>vorabuli,</strong></span> <span class='ocrx_word' id='word_1_797' title='bbox 1724 5592 1882 5645; x_wconf 87' lang='lat' dir='ltr'><strong>intel-</strong></span> 
     </span>
    </p>
   </div>
   <div class='ocr_carea' id='block_1_115' title="bbox 300 5662 1880 5733">
    <p class='ocr_par' dir='ltr' id='par_1_115' title="bbox 300 5662 1880 5733">
     <span class='ocr_line' id='line_1_117' title="bbox 300 5662 1880 5733; baseline -0.003 -15"><span class='ocrx_word' id='word_1_798' title='bbox 300 5667 567 5733; x_wconf 71' lang='lat' dir='ltr'><strong>ligantur,</strong></span> <span class='ocrx_word' id='word_1_799' title='bbox 596 5666 632 5717; x_wconf 86' lang='lat' dir='ltr'><strong>ii</strong></span> <span class='ocrx_word' id='word_1_800' title='bbox 670 5662 779 5717; x_wconf 84' lang='lat' dir='ltr'><strong>non</strong></span> <span class='ocrx_word' id='word_1_801' title='bbox 814 5664 1095 5730; x_wconf 70' lang='lat' dir='ltr'><strong>judicant;</strong></span> <span class='ocrx_word' id='word_1_802' title='bbox 1133 5662 1180 5733; x_wconf 83' lang='lat' dir='ltr'><strong>si</strong></span> <span class='ocrx_word' id='word_1_803' title='bbox 1210 5662 1425 5733; x_wconf 74' lang='lat' dir='ltr'><strong>juiliees</strong></span> <span class='ocrx_word' id='word_1_804' title='bbox 1464 5663 1587 5726; x_wconf 75' lang='lat' dir='ltr'><strong>ipsi,</strong></span> <span class='ocrx_word' id='word_1_805' title='bbox 1620 5677 1880 5713; x_wconf 81' lang='lat' dir='ltr'><strong>numerus</strong></span> 
     </span>
    </p>
   </div>
   <div class='ocr_carea' id='block_1_116' title="bbox 300 5731 1879 5799">
    <p class='ocr_par' dir='ltr' id='par_1_116' title="bbox 300 5731 1879 5799">
     <span class='ocr_line' id='line_1_118' title="bbox 300 5731 1879 5799; baseline -0.001 -12"><span class='ocrx_word' id='word_1_806' title='bbox 300 5731 521 5791; x_wconf 82' lang='lat' dir='ltr'><strong>videtur</strong></span> <span class='ocrx_word' id='word_1_807' title='bbox 543 5735 846 5799; x_wconf 85' lang='lat' dir='ltr'><strong>obsistere,</strong></span> <span class='ocrx_word' id='word_1_808' title='bbox 876 5733 1092 5787; x_wconf 84' lang='lat' dir='ltr'><strong>tametsi</strong></span> <span class='ocrx_word' id='word_1_809' title='bbox 1131 5731 1166 5785; x_wconf 90' lang='lat' dir='ltr'><strong>ii</strong></span> <span class='ocrx_word' id='word_1_810' title='bbox 1209 5732 1344 5786; x_wconf 84' lang='lat' dir='ltr'><strong>satis</strong></span> <span class='ocrx_word' id='word_1_811' title='bbox 1394 5732 1710 5784; x_wconf 66' lang='lat' dir='ltr'><strong>indicantur</strong></span> <span class='ocrx_word' id='word_1_812' title='bbox 1748 5745 1879 5785; x_wconf 75' lang='lat' dir='ltr'><strong>voce</strong></span> 
     </span>
    </p>
   </div>
   <div class='ocr_carea' id='block_1_117' title="bbox 1522 5920 1559 5971">
    <p class='ocr_par' dir='ltr' id='par_1_117' title="bbox 1522 5920 1559 5971">
     <span class='ocr_line' id='line_1_119' title="bbox 1522 5920 1559 5971; baseline 0 0"><span class='ocrx_word' id='word_1_813' title='bbox 1522 5920 1559 5971; x_wconf 75' lang='grc' dir='ltr'><em>Ι</em></span> 
     </span>
    </p>
   </div>
   <div class='ocr_carea' id='block_1_118' title="bbox 1994 5455 3421 5523">
    <p class='ocr_par' dir='ltr' id='par_1_118' title="bbox 1994 5455 3421 5523">
     <span class='ocr_line' id='line_1_120' title="bbox 1994 5455 3421 5523; baseline 0.004 -12"><span class='ocrx_word' id='word_1_814' title='bbox 1994 5459 2340 5518; x_wconf 79' lang='grc' dir='ltr'>καθίσαντες.</span> <span class='ocrx_word' id='word_1_815' title='bbox 2370 5456 2503 5509; x_wconf 88' lang='lat' dir='ltr'><strong>Eum</strong></span> <span class='ocrx_word' id='word_1_816' title='bbox 2542 5455 2683 5508; x_wconf 79' lang='lat' dir='ltr'><strong>vide.</strong></span> <span class='ocrx_word' id='word_1_817' title='bbox 3141 5518 3203 5523; x_wconf 18' lang='lat' dir='ltr'><strong>__A</strong></span> <span class='ocrx_word' id='word_1_818' title='bbox 3260 5468 3269 5471; x_wconf 80' lang='lat'>&#39;</span> <span class='ocrx_word' id='word_1_819' title='bbox 3327 5519 3338 5523; x_wconf 89' lang='lat'>_</span> <span class='ocrx_word' id='word_1_820' title='bbox 3416 5518 3421 5523; x_wconf 63' lang='grc'><strong>,</strong></span> 
     </span>
    </p>
   </div>
   <div class='ocr_carea' id='block_1_119' title="bbox 2064 5517 3562 5597">
    <p class='ocr_par' dir='ltr' id='par_1_119' title="bbox 2064 5517 3562 5597">
     <span class='ocr_line' id='line_1_121' title="bbox 2064 5517 3562 5597; baseline -0.007 -17"><span class='ocrx_word' id='word_1_821' title='bbox 2064 5528 2130 5596; x_wconf 86' lang='lat' dir='ltr'><strong>(j)</strong></span> <span class='ocrx_word' id='word_1_822' title='bbox 2172 5517 2409 5597; x_wconf 85' lang='grc' dir='ltr'>Κηρούς,</span> <span class='ocrx_word' id='word_1_823' title='bbox 2440 5524 2582 5597; x_wconf 73' lang='lat' dir='ltr'><strong>Cum</strong></span> <span class='ocrx_word' id='word_1_824' title='bbox 2622 5523 2872 5577; x_wconf 84' lang='lat' dir='ltr'><strong>accensis</strong></span> <span class='ocrx_word' id='word_1_825' title='bbox 2921 5523 3100 5597; x_wconf 79' lang='lat' dir='ltr'><strong>cereis</strong></span> <span class='ocrx_word' id='word_1_826' title='bbox 3141 5517 3562 5597; x_wconf 48' lang='lat' dir='ltr'><strong>&#39;Ijhcodoricuﬁt</strong></span> 
     </span>
    </p>
   </div>
   <div class='ocr_carea' id='block_1_120' title="bbox 1991 5591 3562 5661">
    <p class='ocr_par' dir='ltr' id='par_1_120' title="bbox 1991 5591 3562 5661">
     <span class='ocr_line' id='line_1_122' title="bbox 1991 5591 3562 5661; baseline -0.008 -10"><span class='ocrx_word' id='word_1_827' title='bbox 1991 5591 2518 5651; x_wconf 71' lang='lat' dir='ltr'><strong>convenitsenatrix</strong></span> <span class='ocrx_word' id='word_1_828' title='bbox 2544 5596 2654 5657; x_wconf 86' lang='lat' dir='ltr'><strong>illa,</strong></span> <span class='ocrx_word' id='word_1_829' title='bbox 2688 5591 3147 5661; x_wconf 78' lang='lat' dir='ltr'><strong>qtloatupliorcm</strong></span> <span class='ocrx_word' id='word_1_830' title='bbox 3171 5591 3434 5643; x_wconf 88' lang='lat' dir='ltr'><strong>honorem</strong></span> <span class='ocrx_word' id='word_1_831' title='bbox 3466 5604 3562 5640; x_wconf 80' lang='lat' dir='ltr'><strong>ex-</strong></span> 
     </span>
    </p>
   </div>
   <div class='ocr_carea' id='block_1_121' title="bbox 1994 5661 3563 5735">
    <p class='ocr_par' dir='ltr' id='par_1_121' title="bbox 1994 5661 3563 5735">
     <span class='ocr_line' id='line_1_123' title="bbox 1994 5661 3563 5735; baseline -0.005 -14"><span class='ocrx_word' id='word_1_832' title='bbox 1994 5668 2227 5723; x_wconf 78' lang='lat' dir='ltr'><strong>hiberet.</strong></span> <span class='ocrx_word' id='word_1_833' title='bbox 2276 5666 2346 5722; x_wconf 83' lang='lat' dir='ltr'><strong>De</strong></span> <span class='ocrx_word' id='word_1_834' title='bbox 2379 5682 2488 5735; x_wconf 85' lang='lat' dir='ltr'><strong>quo</strong></span> <span class='ocrx_word' id='word_1_835' title='bbox 2524 5680 2674 5718; x_wconf 80' lang='lat' dir='ltr'><strong>inore</strong></span> <span class='ocrx_word' id='word_1_836' title='bbox 2703 5665 2954 5717; x_wconf 73' lang='lat' dir='ltr'><strong>videatur</strong></span> <span class='ocrx_word' id='word_1_837' title='bbox 2986 5662 3239 5715; x_wconf 76' lang='lat' dir='ltr'><strong>littfrrsn.</strong></span> <span class='ocrx_word' id='word_1_838' title='bbox 3270 5661 3331 5712; x_wconf 84' lang='lat' dir='ltr'><strong>ad</strong></span> <span class='ocrx_word' id='word_1_839' title='bbox 3361 5661 3563 5713; x_wconf 83' lang='lat' dir='ltr'><strong>locum.</strong></span> 
     </span>
    </p>
   </div>
  </div>
