3988 6136
329 368 540 435 .575

1694 362 2018 424 JOANNIS
2058 359 2385 422 MALAL/E

3596 352 3697 415 578

432 496 505 535 an
537 486 618 544 ut,
669 476 889 533 sublato
918 476 1037 531 viro
1075 481 1190 540 luo,
1226 473 1613 544 imperatorem
1643 476 1812 529 alium
1861 474 2011 530 suni-

2116 471 2354 542 Βηρῖναν
2383 468 2471 521 ἵνα
2495 465 2741 538 ἀπολυθῇ
2768 482 2779 495 ·
2817 467 2909 520 καὶ
2943 464 3042 518 οὐκ
3067 460 3296 533 ἐπείσθη
3320 439 3545 529 Ἰλλοῦς,
3567 461 3699 515 ἀλλά

431 570 581 624 ciat?
606 567 846 621 Ariadna
879 568 1063 636 itaque
1098 564 1492 634 imperatorem
1529 579 1727 621 rursus
1764 565 2011 633 compel-

433 654 557 708 lans
598 670 612 706 :
644 652 879 723 Ergone,
912 653 1112 720 inquit,
1145 650 1276 707 lllus
1318 653 1445 719 iste,
1497 668 1566 707 an
1598 669 1700 723 ego
1726 653 1918 723 potius
1956 652 2011 706 in

434 745 638 815 palatio
666 743 961 799 dominor?
989 742 1349 813 Respondens
1375 744 1426 799 ei
1469 745 1776 814 imperator
1805 762 1818 797 :
1873 744 2009 815 Age,

430 834 589 898 dixit,
626 833 672 889 si
706 832 839 902 quid
871 834 1075 901 possis,
1101 833 1230 900 quid
1257 834 1532 889 moraris?
1562 835 1676 903 Ego
1708 842 1836 889 tuus
1867 848 2010 889 sum.

431 924 645 982 Exinde
677 925 845 995 igitur
864 924 1107 980 Ariadne
1128 925 1230 979 Illo
1257 924 1491 980 insidias
1511 929 1715 993 struit;
1746 926 2016 981 circensi-

433 1017 535 1071 bus
549 1025 733 1069 autem
760 1015 1077 1080 celebratis,
1106 1016 1235 1070 dum
1267 1014 1336 1069 ad
1363 1014 1646 1070 Decimum
1676 1032 1771 1086 per
1794 1016 2013 1087 Pulpita

434 1104 702 1158 transiret
753 1102 907 1169 lllus,
955 1103 1255 1174 Sporacius
1283 1105 1505 1174 quidam
1565 1107 1903 1170 scholarius,
1946 1107 2015 1161 ad

433 1193 537 1248 hoc
567 1193 897 1256 conductus,
932 1195 1113 1263 gladio
1138 1202 1306 1264 caput
1338 1195 1459 1264 ejus
1500 1195 1795 1266 impetivit,
1829 1197 2016 1252 animo

432 1301 559 1339 cum
590 1302 687 1355 per
719 1285 959 1340 medium
988 1287 1325 1341 dissecandi.
1356 1287 1455 1342 lllo
1479 1298 1663 1343 autem
1685 1288 2014 1358 Spatharius

435 1378 578 1431 forte
607 1377 818 1442 astitit;
854 1378 946 1446 qui
982 1377 1466 1447 supervenientem
1499 1377 1741 1448 gladium
1766 1379 2019 1433 animad—

434 1484 681 1536 verteris,
703 1471 896 1526 dextra
924 1487 1087 1524 manu
1121 1471 1289 1526 ictum
1320 1470 1441 1539 ejus
1456 1471 1672 1541 excepit
1702 1489 1715 1525 :
1745 1470 1906 1539 cujus
1931 1478 2015 1524 ta-

436 1576 561 1615 men
592 1576 809 1626 mucro,
838 1562 962 1632 ipso
998 1562 1053 1615 in
1085 1561 1352 1617 descensu
1388 1561 1457 1616 ad
1493 1561 1579 1615 llli
1607 1570 1772 1631 caput
1796 1561 2014 1630 allisus,

436 1649 689 1704 dextram
746 1651 796 1704 ei
834 1666 1024 1705 aurem
1058 1650 1343 1720 praecidit;
1390 1651 1711 1706 scholarius
1748 1659 1933 1707 autem
1985 1668 2017 1706 e

437 1738 672 1808 vestigio
696 1737 1020 1794 interfectus
1040 1747 1145 1795 est.
1162 1742 1227 1793 At
1253 1756 1384 1796 vero
1408 1740 1564 1795 Illum
1587 1741 1851 1798 satellites
1869 1742 2013 1811 ejus,

2114 562 2262 631 λέγει
2294 562 2453 631 αὐτῇ·
2484 559 2550 613 Τί
2579 558 2748 630 αὐτὴν
2783 557 2999 628 ζητεῖςς
3040 557 3131 609 ἵνα
3178 555 3383 624 ποιήσῃ
3413 552 3575 607 πάλιν
3608 553 3699 607 ἀλο

2114 655 2205 707 λον
2242 651 2467 723 βασιλέα
2495 651 2639 705 κατά
2672 650 2766 704 τοῦ
2799 650 2893 703 σοῦ
2926 648 3158 719 ἀνδρός;
3205 646 3315 699 Καὶ
3354 645 3520 699 πάλιν
3548 640 3699 698 εἶπεν

2113 749 2146 817 ὴ
2173 744 2432 815 Ἀριάδνη
2464 742 2540 812 τῷ
2570 741 2781 812 βασιλεί
2818 742 3049 810 Ζήνωνι,
3076 740 3159 793 ὅτι
3181 737 3384 800 Ὶλλοῦς
3427 739 3578 791 ἐστιν
3620 738 3702 800 εἰς

2068 902 2075 913 ⁸
2113 838 2175 890 τὸ
2209 837 2472 891 παλὰτιον
2513 835 2546 906 ἢ
2583 834 2723 904 ἐγὼ;
2760 833 2868 888 Kal
2901 832 3051 901 λέγει
3077 832 3214 901 αὐτῇ
3242 833 3270 892 6
3303 828 3584 900 βασιλεὺς,
3619 828 3702 880 ὅτι

2116 928 2183 981 Et
2226 946 2276 980 τι
2326 926 2492 1001 δύνῃ,
2526 927 2769 997 πρᾶξον·
2822 923 2935 993 ἐγώ
2986 940 3045 977 σε
3094 922 3254 976 θέλω.
3292 921 3405 974 Kal
3451 919 3641 973 λοιπον
3669 921 3703 989 η

2129 1019 2383 1090 Ἀριάδνη
2412 1019 2785 1073 κατεσκεύασε
2810 1017 2903 1070 τοῦ
2933 1016 3193 1086 φονεῦσαι
3228 1014 3321 1067 τὸν
3345 1012 3549 1066 Ἰλλοῦν
3571 1030 3584 1042 ·
3609 1012 3706 1064 καὶ

2118 1110 2343 1163 ἱππικοῦ
2375 1109 2678 1178 ἀγομένου,
2707 1109 2782 1171 ὡς
2810 1108 3099 1177 ἀνέρχεται
3130 1104 3215 1158 διά
3244 1104 3353 1156 τῶν
3387 1101 3706 1155 πουλπιτῶν

2117 1205 2209 1258 ἐπὶ
2250 1207 2310 1256 τ’)
2355 1204 2609 1273 Δέκιμον,
2652 1200 2803 1274 [100]
2840 1200 3102 1272 ἔκρουσεν
3133 1195 3344 1267 aia-tif)"
3389 1197 3417 1248 6
3465 1210 3709 1263 προτρα-

2119 1294 2240 1357 πεὶς
2271 1292 2554 1362 σχολὰριος
2582 1289 2695 1361 (98)
2725 1288 2941 1358 σπαθίῳ
2966 1287 3110 1341 κατὰ
3144 1285 3244 1355 τῆς
3283 1281 3551 1353 κεφαλῆς,
3584 1281 3705 1334 ὀνό-

2122 1403 2249 1456 ματι
2296 1384 2626 1453 Σποράκιος,
2673 1381 2996 1452 βουλόμενος
3034 1378 3116 1440 είς
3148 1375 3239 1429 δύο
3282 1375 3447 1429 αὐτὸν
3494 1372 3665 1442 κόψαι
3690 1390 3703 1402 ·

2118 1476 2214 1529 καὶ
2258 1474 2459 1545 εὑρέθη
2494 1474 2522 1525 ὁ
2563 1471 2866 1542 σπαθάρὶος
2913 1468 3007 1522 τοῦ
3036 1466 3202 1521 Ίλλοῦ
3234 1465 3346 1536 (99)
3379 1464 3571 1532 ἐγγὺς,
3614 1463 3711 1516 καὶ

2120 1563 2518 1634 προσεσχηκὼς
2542 1561 2602 1615 τὸ
2628 1562 2783 1631 ξίφος
2821 1559 3225 1629 κατερχόμενον
3254 1559 3321 1626 τῇ
3357 1554 3507 1624 δεξιᾷ
3536 1552 3709 1612 αὑτοῦ

2120 1654 2264 1725 χειρὶ
2305 1653 2555 1717 ἐδέξατο·
2608 1654 2701 1706 καὶ
2745 1649 3083 1705 κατελθοῦσα
3122 1650 3156 1718 ἡ
3191 1646 3336 1717 ἀρχὴ
3382 1644 3477 1699 τοῦ
3518 1644 3712 1713 ξίφους

2120 1747 2201 1808 εἰς
2233 1744 2332 1815 τὴν
2366 1743 2609 1814 κεφαλὴν
2653 1741 2820 1797 αὑτοῦ
2867 1740 3034 1811 ἔκοψε
3087 1740 3148 1793 τὺ
3191 1739 3352 1792 ὠτίον
3395 1737 3491 1791 τοῦ
3541 1735 3709 1790 αὑτοῦ

436 1831 687 1885 humeris
713 1831 831 1884 suis
856 1830 1117 1897 levatum,
1145 1831 1366 1885 domum
1394 1832 1777 1901 deportabant.
1834 1833 2011 1902 Impe-

2131 1835 2296 1888 Ἰλλοῦ
2327 1835 2388 1887 τὸ
2414 1834 2624 1897 δεξιόνο
2673 1832 2770 1886 καὶ
2814 1833 3031 1901 ἐσφάγη
3077 1833 3105 1884 6
3141 1829 3430 1900 σχολάριος
3474 1828 3568 1880 ἐπὶ
3614 1826 3712 1878 τὸν

435 1931 588 1977 rator
641 1931 845 1986 autem,
907 1924 990 1979 his
1046 1924 1272 1989 auditis,
1327 1923 1536 1995 juravit
1568 1940 1629 1979 se
1679 1925 1913 1980 istarum
1955 1928 2012 1981 in

429 2012 589 2068 Illum
623 2012 951 2068 insidiarum
998 2014 1238 2069 inscium
1272 2029 1395 2071 esse
1421 2030 1436 2067 :
1467 2017 1561 2071 sed
1592 2015 1753 2071 [idem
1791 2017 1841 2071 ei
1879 2016 2012 2072 lllus

434 2106 737 2175 derogavit.
779 2105 947 2176 388
994 2104 1204 2161 Exinde
1257 2106 1446 2176 itaque
1499 2107 1549 2162 ei
1582 2108 1855 2173 infensus,
1887 2109 2012 2163 vin-

432 2196 639 2251 dictam
671 2197 972 2251 meditatus
1008 2205 1096 2253 est
1133 2215 1148 2253 :
1195 2199 1394 2255 melius
1415 2214 1548 2256 vero
1579 2201 1866 2271 aliquanto
1890 2217 2011 2258 sese

430 2289 663 2352 habens,
700 2288 879 2342 sinum
911 2290 1165 2358 trajecit,
1209 2288 1429 2346 facinus
1477 2292 1703 2363 aliquod
1757 2295 2007 2363 patrandi

429 2380 635 2433 animo.
676 2380 753 2432 Ad
790 2389 1098 2435 extremum
1144 2397 1274 2436 vero
1307 2398 1429 2436 cum
1466 2383 1678 2455 integer
1723 2395 1906 2450 esset,
1956 2394 2011 2440 et

430 2471 635 2523 vulnus
660 2469 771 2536 jam
804 2471 1065 2525 cicatrice
1082 2471 1380 2526 obductum
1414 2481 1583 2536 esset,
1621 2474 2007 2544 imperatorem

430 2560 588 2625 adiit,
647 2561 702 2613 in
755 2558 1037 2615 Orientem
1071 2561 1138 2615 ad
1172 2569 1391 2630 tempus
1441 2563 1661 2632 aliqum]
1718 2566 2007 2620 secedendi

430 2651 712 2704 licentiam
734 2652 1063 2720 impetraus,
1084 2667 1280 2720 nempe
1298 2653 1370 2707 ob
1394 2654 1567 2718 aeris,
1590 2663 1648 2708 ut
1672 2657 1789 2723 ipse
1813 2673 1930 2727 pra:
1949 2674 2007 2715 se

431 2741 662 2805 ferebat,
699 2743 1061 2796 mutationem
1100 2761 1116 2796 :
1148 2744 1390 2798 nondum
1415 2745 1584 2810 enim,
1605 2747 1768 2813 dixit,
1792 2751 1927 2803 satis
1950 2765 2011 2805 se

431 2846 460 2883 a
492 2830 715 2886 vulnere
748 2832 1067 2888 revaluisse.
1109 2832 1415 2903 Imperator
1449 2844 1654 2900 autem,
1707 2841 1848 2893 votis
1910 2855 2008 2894 an-

432 2935 632 2983 nuens,
663 2922 911 2993 magistri
940 2936 1064 2977 eum
1085 2938 1313 2977 munere
1348 2923 1624 2986 liberavit,
1659 2926 2008 2999 militumque

433 3016 488 3071 in
520 3015 749 3070 Oriente
778 3014 1100 3083 magistrum
1129 3015 1448 3082 constituit,
1479 3024 1743 3083 potestate
1775 3021 1822 3074 ei
1855 3022 2004 3076 omni

431 3118 718 3159 concessa.
750 3103 1025 3158 Praeterea
1073 3119 1293 3175 quoque
1325 3104 1459 3161 lllus
1490 3106 1779 3163 Leontium
1831 3114 2008 3180 patri-

431 3197 578 3251 cium
599 3195 843 3249 Paulinae
865 3196 1035 3249 lilium
1058 3196 1176 3250 dari
1200 3197 1309 3251 sibi
1337 3198 1596 3253 comitem
1614 3200 1791 3269 petiit;
1814 3216 2009 3271 nempe

431 3286 521 3338 cui
556 3282 812 3338 Verinam
842 3284 1172 3353 Augustam,
1207 3286 1463 3341 Ariadna:
1495 3288 1868 3358 imperatricis
1896 3306 2014 3344 ma-

433 3386 614 3440 trem,
676 3375 925 3429 traderet
985 3377 1533 3448 Coustantinopolim
1602 3381 2007 3451 deducendam,

434 3462 577 3529 Quin
614 3472 667 3518 et
701 3466 768 3516 ab
791 3465 1123 3533 imperatore
1146 3467 1311 3521 etiam
1340 3469 1618 3525 licentiam
1655 3472 1870 3540 petivit,
1926 3474 2013 3527 iti-

433 3554 585 3608 neris
608 3555 839 3609 comites
863 3556 1024 3619 alios,
1061 3573 1199 3627 quos
1224 3558 1341 3626 ipse
1375 3559 1571 3625 voluit,
1601 3576 1663 3615 ex
1693 3571 1886 3616 senatu
1914 3563 2013 3617 de-

434 3644 672 3714 legeudi.
716 3644 832 3698 Hoc
867 3645 1032 3699 etiam
1079 3646 1129 3700 ei
1178 3648 1461 3702 concessit
1500 3650 1821 3718 imperator.
1879 3651 2013 3709 lllus

433 3738 641 3806 itaque,
674 3739 950 3807 adjunctis
983 3739 1089 3794 sibi
1123 3740 1359 3795 Leontio
1390 3742 1639 3812 patricio
1672 3745 1906 3815 aliisque
1945 3762 2013 3801 ex

432 3831 805 3894 senatoribus,
834 3831 1185 3886 Antiochiam
1210 3833 1456 3901 Magnam
1478 3836 1758 3894 conteudit
1788 3854 1801 3888 :
1828 3837 1917 3891 ubi
1944 3836 2011 3890 ad

432 3929 649 3991 tempus
701 3922 961 3991 exiguum
1008 3935 1426 3990 commoratus,
1472 3925 1755 3995 multaque
1794 3926 2013 3981 civibus

433 4014 687 4083 largitus.
721 4013 849 4069 inde
877 4015 931 4068 in
969 4014 1234 4069 Isauriam
1272 4014 1425 4071 ducit
1452 4017 1577 4071 iter.
1612 4017 1713 4073 Ubi
1748 4016 2010 4072 Vcrinam

433 4105 736 4175 Augustam
761 4121 827 4160 ex
867 4117 1053 4160 castro
1094 4107 1360 4170 educens,
1398 4108 1585 4161 statim
1620 4108 1727 4163 hoc
1770 4108 1819 4162 ei
1846 4122 2014 4177 nego-

430 4196 567 4250 tium
584 4196 760 4258 dedit,
805 4196 880 4248 uti
920 4195 1210 4250 Leontium
1245 4197 1537 4266 patricium
1573 4198 1758 4267 (quem
1785 4198 1851 4252 ad
1882 4198 2009 4260 hoc,

433 4296 617 4358 utpote
643 4288 819 4341 virum
853 4288 1112 4354 liberum,
1159 4287 1487 4359 adduxerat)
1518 4288 1836 4344 diademate
1876 4290 2012 4344 insi-

432 4380 632 4447 gniret.
666 4377 826 4441 Quod
855 4387 911 4430 et
959 4377 1165 4430 factum
1194 4387 1300 4438 est,
1336 4379 1401 4430 ad
1427 4378 1688 4447 templum
1729 4378 1791 4431 Ι).
1839 4379 2007 4442 Petri,

2119 1924 2381 1979 τόπον.⁹Ο
2431 1921 2710 1985 δὲ’ῐλλοῦς
2757 1922 3073 1990 κουφισθεὶς
3101 1920 3207 1974 ὑπὸ
3249 1921 3359 1973 τῶν
3398 1919 3710 1990 ἀνθρώπων

2120 2015 2285 2069 αὐτοῦ
2328 2012 2610 2083 ἀπηνέχθη
2642 2014 2723 2076 είς
2750 2013 2844 2065 τὸν
2875 2013 3005 2066 ῐδιον
3036 2009 3203 2065 αὐτοῦ
3235 2007 3384 2064 οἶκον
3436 2009 3711 2080 βασταζό-

2124 2125 2303 2180 μενος.
2322 2106 2380 2159 ὐ
2400 2107 2456 2159 δέ
2478 2107 2663 2176 Ζήνων
2686 2104 2924 2167 ἀκούσας
2949 2103 3275 2174 ἐπωμόσατο
3293 2102 3469 2169 λέγων
3490 2101 3715 2169 ἀγνοεῖν

2119 2198 2217 2270 τὴν
2263 2197 2401 2251 κατά
2425 2195 2623 2249 ’1λλοῦν
2643 2195 2690 2227 ⁸ο
2724 2195 3099 2265 κατασκευὴν,
3132 2193 3226 2247 καὶ
3272 2192 3373 2245 οὐκ
3416 2190 3650 2259 ἐπείσθη
3686 2191 3718 2242 6

2132 2288 2360 2353 Ἰλλοῦς,
2404 2287 2540 2342 ἀλλά
2590 2287 2730 2360 ἔχων
2777 2287 2875 2357 τὴν
2924 2287 3102 2357 λύπην
3156 2283 3558 2355 περιωδεύετο’
3614 2284 3718 2335 καὶ

2118 2380 2398 2435 κάλλιον⁸ι
2452 2379 2702 2451 ἐσχηκὼς
2749 2377 2962 2446 ἀπῆλθε
3008 2376 3224 2448 πέραν,
3276 2373 3604 2445 βουλόμενός
3656 2390 3716 2425 τι

2118 2473 2358 2543 πρᾶξαι·
2409 2474 2489 2535 είς
2534 2472 2741 2524 τέλειον
2782 2471 2842 2529 δὲ
2886 2471 3116 2538 ὑγιάνας
3168 2468 3386 2537 ἔμεινεν
3434 2466 3577 2536 ἔχων
3606 2464 3716 2533 τῆς

2118 2562 2335 2631 πληγῆς
2361 2561 2460 2632 τὴν
2485 2561 2734 2630 ὠτειλήν.
2764 2560 2872 2613 Kal
2899 2556 3157 2611 εἰσελθὼν
3187 2558 3323 2627 πρὸς
3353 2555 3444 2609 τὸν
3481 2552 3714 2624 βασιλέα

2119 2653 2347 2722 Ζήνωνα
2367 2652 2574 2723 ⁴ᾔτησεν
2607 2651 2769 2704 αὐτὸν
2799 2651 2890 2702 ἐπὶ
2920 2651 3021 2719 τὴν
3044 2648 3335 2718 Ἀνατολὴν
3361 2646 3714 2715 ἀπολυθῆναι

2116 2743 2254 2809 πρὸς
2287 2744 2466 2812 ὀλίγον
2493 2744 2684 2815 χρόνον
2711 2743 2798 2795 διὰ
2830 2742 2891 2795 τὸ
2925 2743 3052 2803 τοὺς
3086 2741 3277 2811 ἀέρας,
3311 2740 3502 2808 φησιν,
3536 2738 3716 2794 ἀλλά-

2117 2835 2227 2901 ξαι,
2258 2835 2447 2906 ἐπειδὴ
2476 2835 2695 2905 ἠσθένει
2728 2834 2834 2887 ἀπὸ
2864 2833 2965 2903 τῆς
2995 2832 3312 2901 πληγῆς.ὐ
3348 2831 3407 2883 δὲ
3451 2830 3716 2901 βασιλεὺς

2118 2926 2300 2996 Ζήνων
2346 2924 2590 2987 πεισθεὶς
2632 2923 2904 2989 διεδέξατο
2940 2924 3103 2976 αὐτὸν
3152 2924 3218 2976 ἐκ
3266 2921 3367 2991 τῆς
3402 2924 3579 2992 ἀρχῆς
3607 2922 3716 2976 τοῦ

2121 3017 2423 3087 μαγίστρου
2456 3016 2548 3069 καὶ
2577 3015 2833 3085 ἐποίησεν
2879 3015 3039 3067 αὑτὸν
3078 3013 3459 3084 στρατηλάτην
3480 3013 3716 3067 Ἀνατο-

2117 3109 2237 3177 λῆς,
2275 3109 2397 3171 δοὺς
2426 3107 2575 3178 αὐτῷ
2611 3108 2791 3160 πᾶσαν
2836 3106 3108 3171 ἐξουσίαν.
3148 3107 3260 3159 Kal
3299 3104 3463 3168 αὐτὸς
3501 3105 3558 3157 δὲ
3599 3104 3718 3157 Ἰλ-

2113 3196 2238 3260 λοῦς
2266 3196 2468 3266 ᾔτησεν
2507 3195 2671 3248 αὐτὸν
2711 3194 2898 3248 λαϐεῖν
2945 3193 3284 3263 μεθ’ὲαυτοῦ
3337 3193 3479 3262 πρὸς
3535 3193 3716 3261 θερα-

2112 3288 2272 3340 πείαν
2304 3286 2454 3358 [101]
2499 3288 2599 3357 τῆς
2628 3287 2949 3354 Αὐγούστας
2985 3286 3077 3339 τὸν
3118 3286 3409 3356 πατρίκιον
3456 3285 3720 3338 Λεόντιον

2110 3379 2203 3432 τὸν
2233 3379 2526 3448 Παυλίνης,
2556 3380 2636 3442 εἰς
2668 3371 2731 3431 τό
2758 3377 2943 3431 δοῦναι
2972 3378 3122 3447 αὐτῷ
3150 3379 3249 3447 τὴν
3277 3378 3563 3430 δέσποιναν
3594 3378 3720 3446 Βη-

2114 3475 2266 3543 ρῖναν
2314 3472 2411 3541 τὴν
2461 3471 2674 3541 μητέρα
2717 3469 2818 3541 τῆς
2867 3469 3187 3540 βασιλίσσης
3231 3470 3561 3540 Ἀριάδνης.
3615 3469 3722 3523 ἵνα

2112 3554 2365 3633 ἁναγάγη
2395 3561 2565 3629 αὐτὴν
2595 3562 2651 3612 ἐν
2681 3559 3504 3629 Κωνσταντινουπόλει.”ῌτησε
3532 3558 3592 3610 δὲ
3615 3558 3722 3612 τὸν

2114 3652 2336 3722 βασιλέα
2365 3655 2392 3706 6
2427 3652 2588 3715 αὐτὸς
2613 3650 2813 3714 Ἰλλοῦς
2841 3651 3030 3705 λαϐεῖν
3057 3652 3151 3704 καὶ
3180 3650 3375 3713 ἀλλους
3403 3650 3718 3718 συγκλητι-

2111 3744 2241 3805 κοὺς
2278 3741 2411 3811 πρὸς
2443 3742 2579 3796 ίδίαν
2614 3742 2886 3813 ὑπόληψιν
2908 3758 2921 3771 ·
2955 3743 3048 3796 καὶ
3078 3743 3354 3813 παρέσχεν
3390 3740 3561 3808 αὐτῷ.
3592 3741 3720 3795 Kal

2111 3833 2380 3902 κατῆλθεν
2413 3835 2442 3885 6
2475 3835 2764 3904 πατρίκιος
2787 3832 2988 3896 Ἰλλοῦς
3017 3833 3113 3903 (1),
3147 3831 3327 3885 λαϐὼν
3365 3831 3483 3900 μεθ’
3504 3830 3718 3883 ἐαυτοῦ

2109 3925 2202 3978 τὸν
2249 3926 2536 3995 πατρίκιον
2586 3925 2839 3978 Λεόντιον
2882 3927 2977 3977 καὶ
3018 3926 3148 3987 τοὺς
3180 3924 3373 3987 ἄλλους
3407 3922 3717 3990 συγκλητι-

2111 4016 2241 4079 κούς
2260 4031 2273 4045 °
2306 4017 2402 4069 καὶ
2432 4016 2700 4085 κατῆλθεν
2732 4017 2790 4068 ἐν
2810 4016 3115 4087 Ἀντιοχείᾳ
3139 4018 3202 4085 τῇ
3233 4013 3496 4084 Μεγάλῃ.
3542 4016 3720 4084 ποιή-

2112 4121 2211 4167 σας
2241 4103 2418 4171 ὀλίγον
2450 4105 2661 4174 χρόνον,
2697 4104 3062 4175 χαρισάμενος
3107 4104 3292 4165 αὐτοῖς
3334 4103 3562 4157 πολλά⁹¹
3610 4101 3715 4167 ἐξ-

2110 4193 2273 4264 ῆλθεν
2309 4195 2404 4246 ἐπὶ
2446 4196 2546 4264 τὴν
2580 4195 2860 4265 Ἰσαυρίαν
2884 4210 2901 4227 ·
2939 4196 3036 4249 καὶ
3089 4192 3423 4262 καταγαγὼν
3471 4192 3570 4263 τὴν
3617 4191 3715 4246 δέ-

2113 4301 2341 4336 σποιναν
2370 4284 2606 4354 Βηρῖναν
2633 4285 2741 4338 ἀπὸ
2769 4284 2864 4336 τοῦ
2893 4284 3215 4337 καστελλίου
3245 4283 3505 4354 ἐποίησεν
3530 4283 3714 4352 αὐτὴν

2114 4374 2307 4444 στέψαι
2331 4375 2555 4444 βασιλέα
2585 4376 2665 4437 εἰς
2679 4375 2774 4428 τὸν
2793 4375 2986 4444 Ἀγιον
3006 4374 3213 4444 Πέτρον
3242 4374 3347 4439 ἔξω
3373 4376 3471 4444 τῆς
3493 4373 3713 4436 πόλεως

434 4476 589 4519 extra
625 4465 858 4518 Tarsum
889 4464 1095 4519 Ciliciae
1130 4466 1322 4519 situm.
1347 4465 1492 4530 Quin
1526 4475 1581 4518 et
1628 4463 1856 4533 Veriua,
1888 4468 2009 4521 edi-

2116 4466 2333 4537 Ταρσοῦ
2358 4466 2456 4536 τῆς
2479 4467 2734 4529 Κιλικίας
2764 4467 2856 4520 τὸν
2886 4467 3176 4538 πατρίκιον
3206 4467 3477 4531 Λεόντιον,
3509 4465 3711 4529 πείσας

434 4557 542 4611 ctis
575 4555 945 4626 imperatoriis
992 4557 1281 4625 sacrisque
1337 4556 1539 4625 ubique
1575 4570 1670 4625 per
1714 4556 2007 4625 imperium

432 4647 674 4712 emissis,
697 4662 727 4699 a
745 4643 1022 4714 przel'ectis
1040 4646 1291 4715 undique
1308 4656 1362 4700 et
1393 4646 1663 4700 militibus
1690 4647 2009 4715 postulavit,

435 4738 515 4793 uti
550 4738 686 4791 nihil
712 4738 880 4808 389
912 4739 1254 4803 obnitentes,
1290 4738 1579 4793 Leontium
1621 4740 2010 4808 imperatorem

434 4845 595 4886 suum
625 4837 1008 4902 agnoscerent.
1039 4828 1146 4884 Sed
1174 4838 1228 4884 et
1254 4844 1467 4884 sacram
1502 4824 1668 4885 etiam
1694 4829 2009 4901 quamdam,

2120 4560 2284 4612 αὐτὸν
2315 4558 2635 4627 στεφθῆναι,
2663 4558 2794 4611 ὄντα
2823 4558 2995 4628 ἄνδρα
3035 4557 3345 4628 ἐλεύθερον.
3372 4557 3484 4609 Kal
3512 4555 3710 4625 ἐποίη-

2122 4667 2213 4703 σεν
2238 4653 2271 4721 ἡ
2300 4650 2438 4721 αὑτὴ
2467 4650 2673 4720 Βηρῖνα
2719 4648 2871 4712 θείας
2916 4649 3195 4711 κελεύσεις
3241 4648 3385 4701 κατά
3416 4647 3573 4699 πόλιν
3611 4648 3709 4701 καὶ

2123 4743 2334 4812 σάκρας
2366 4741 2503 4812 πρὸς
2530 4741 2657 4803 τοὺς
2685 4741 2952 4811 ἄρχοντας
2979 4740 3073 4809 καὶ
3117 4739 3252 4808 πρὸς
3275 4738 3401 4802 τοὺς
3431 4737 3707 4807 στρατιώ-

2121 4851 2220 4897 τας
2245 4833 2385 4887 ὦστε
2416 4831 2673 4898 δέξασθαι
2697 4833 2861 4886 αὐτὸν
2892 4833 2987 4886 καλ⁵
3022 4831 3098 4903 μὴ
3131 4830 3526 4900 ἐναντιωθῆναί
3557 4847 3705 4894 τινα,

1839 5006 2075 5060 ιἈῐιιΑς
2120 5004 2522 5060 LECTIONES.

505 5106 552 5138 υ
582 5104 750 5175 αὐτῷ.
787 5105 950 5159 αὑτὸν
974 5105 1079 5159 Ch.
1177 5106 1222 5136 ⁵ο
1258 5103 1482 5157 Ἰλλοῦν.
1513 5102 1667 5158 Fert.
1704 5103 1895 5156 Ἰλλοῦ.

437 5177 629 5231 πολλά.
667 5196 686 5228 ι
706 5174 822 5229 καὶ
845 5175 928 5230 vel
955 5176 1013 5228 δέ
1042 5175 1244 5229 alicubi
1278 5174 1581 5230 desiderari
1610 5175 1851 5229 videtur.
1893 5193 1912 5224 ι

2006 5105 2049 5136 ⁸³
2074 5104 2296 5158 κάλλιον
2323 5102 2448 5166 Ch.,
2496 5094 2733 5156 καλλίων
2765 5103 2867 5155 Ox.

2984 5102 3030 5133 ⁵¹
3085 5101 3459 5172 χαρισάμενος
3521 5101 3706 5161 αὐτοῖς

1668 5312 1776 5365 ED.
1820 5307 2202 5366 CHILMEADI
2245 5307 2487 5364 ΝΟΤᾸΞ.

507 5412 984 5485 (98),Ἕκροέ³⁶ἷεν,
1021 5409 1171 5485 αξδτῷ
1224 5412 1251 5463 ὁ
1309 5412 1659 5485 προτραπεὶς
1708 5411 2012 5485 σχολᾴριος.

439 5479 568 5552 Leu.
600 5479 789 5535 αὑτόνζ
825 5479 1132 5536 Scltolart'os
1173 5496 1323 5542 vero,
1356 5479 1477 5552 sive
1514 5479 1781 5535 scholarcs
1838 5482 2017 5535 dit-tos

442 5550 616 5608 fuisse
640 5552 870 5604 militum
897 5551 1209 5621 manipulos
1235 5550 1525 5620 quosdam,
1550 5555 1614 5604 ad
1668 5552 2020 5619 imperatoris

440 5633 497 5681 et
527 5623 711 5691 palatii
750 5620 1061 5675 custodiam
1100 5622 1429 5686 destinatos,
1468 5637 1574 5675 non
1612 5630 1718 5679 est.
1755 5630 1878 5691 pust
1905 5630 2014 5673 tam

444 5690 649 5745 multas
673 5691 960 5745 doctorum
992 5690 1236 5745 virorqu
1272 5692 1336 5745 dc
1362 5692 1463 5744 hac
1499 5707 1555 5745 rc
1579 5690 2015 5751 obscrt'atioues,

447 5761 593 5831 quod
626 5774 725 5826 ego
756 5760 844 5812 hic
873 5775 1173 5813 monerem.

2193 5408 2307 5488 (99)
2444 5405 2747 5488 σπαθάριος
2767 5405 2862 5488 τοῦ
2907 5406 3089 5488 ’δίλλοί
3121 5406 3334 5488 Erga-0r).
3363 5413 3419 5458 et
3445 5403 3697 5488 σπαθίον,

2121 5478 2335 5547 spatha,
2370 5480 2484 5531 sive
2538 5475 2679 5531 ensis
2724 5485 2855 5530 est:
2915 5477 3039 5530 inde
3077 5476 3411 5545 σπαθάριος,
3469 5475 3699 5542 ensi/cr,

2122 5547 2335 5601 satelles
2378 5563 2394 5600 :
2444 5548 2649 5614 ubique
2699 5548 2944 5601 ocrurrit
2994 5548 3138 5615 apud
3195 5548 3536 5600 rccctttiorcs
3584 5557 3699 5595 tum

2121 5618 2363 5679 Gru‘cos,
2397 5627 2509 5669 lllltl
2549 5617 2794 5670 Latinos.

2194 5691 2269 5757 (1)
2312 5689 2418 5739 Καὶ
2462 5687 2735 5757 κατῆλθεν
2784 5689 2810 5738 6
2844 5685 3130 5757 πατρίκιος
3182 5683 3400 5746 mlo-3;.

2124 5759 2214 5810 καὶ
2245 5757 2509 5826 ἀπῆλθεν.

3458 5683 3700 5746 Mallem,
