3988 6136
382 320 489 386 683

460 429 844 487 Divinissituus
891 436 1070 483 autem
1126 428 1427 497 imperator
1469 425 1800 485 Anastasius
1858 425 1961 477 lri-
1992 431 2035 485 Α

392 518 582 574 Ιῑιιιιιιιι
614 536 840 575 aureum
863 559 877 585 ,
915 535 1014 589 pro
1048 518 1283 589 singulis
1322 518 1472 589 jugis
1506 534 1604 587 per
1644 518 1959 585 imperium,

388 613 731 681 pendendum
782 612 1052 666 instituit:
1094 626 1162 665 ne
1212 611 1427 667 scilicet
1456 611 1526 664 ab
1566 609 1958 670 exactoribus,

389 703 444 754 in
481 702 681 771 specie,
736 701 1003 755 militibus
1070 701 1127 755 in
1168 702 1370 755 victum
1429 699 1766 771 erogandum
1803 697 1958 753 colli-

383 798 622 860 geretur.

454 880 655 935 Eodem
716 882 1058 951 imperante,
1124 883 1215 951 qui
1271 898 1336 938 ex
1380 881 1632 936 Prasinis
1693 888 1855 935 erant
1902 880 1958 934 in

382 973 583 1040 populo
633 970 1293 1041 Constantinopolitano,
1348 971 1529 1041 ipsum
1567 971 1712 1025 inter
1737 971 1957 1024 circen-

378 1063 457 1117 sia
484 1073 778 1133 rogarunt,
834 1065 915 1118 uti
946 1065 1042 1134 qui
1085 1065 1156 1118 ob
1202 1065 1412 1133 lapides
1461 1064 1517 1117 in
1545 1064 1694 1118 circo
1715 1063 1896 1133 jactos
1926 1076 1957 1115 a

381 1154 636 1223 praefecto
730 1154 882 1209 urbis
957 1156 1345 1224 comprehensi
1408 1154 1663 1220 fuerant,
1722 1153 1958 1207 vinculis

378 1246 772 1300 liberarentur.
825 1247 1148 1316 Imperator,
1192 1248 1336 1302 votis
1391 1262 1581 1301 eorum
1647 1247 1792 1300 haud
1857 1262 1959 1299 au-

381 1352 586 1398 nuens.
614 1340 781 1391 etiam
822 1339 905 1393 eis
962 1339 1329 1403 irascebatur;
1360 1336 1641 1407 jussitque
1689 1338 1766 1391 uti
1799 1338 1956 1392 miles

376 1441 473 1481 eos
532 1425 866 1482 adoriretur.
926 1426 1165 1482 Coortus
1216 1427 1343 1482 inde
1391 1428 1584 1497 ingens
1638 1427 1693 1481 in
1754 1429 1955 1498 populo

378 1520 683 1585 tumultus;
723 1520 994 1590 turbaque
1039 1522 1302 1574 adversus
1342 1522 1696 1576 excubitores
1721 1521 1955 1576 descen-

375 1611 568 1674 dente,
625 1611 717 1663 ubi
777 1612 843 1665 ad
907 1611 1088 1666 sedem
1154 1613 1563 1682 imperatoriam
1624 1622 1952 1681 perventum

376 1700 598 1765 fuisset,
634 1704 687 1757 in
722 1705 1319 1774 imperatoremipsum
1352 1705 1492 1774 lapis
1521 1706 1808 1761 immissus
1844 1714 1951 1761 est.

1686 316 2004 378 JOANNIS
2044 317 2369 376 MALALJ‘I

2115 238 2143 270 ι

2150 423 2206 475 Ὀ
2235 422 2291 475 δὲ
2314 419 2465 493 [108]
2506 421 2782 484 θειότατος
2814 417 3440 491 βασιλεὺςἈναστάσιος
3463 417 3659 490 ἐποίη-

2073 531 2132 564 σε
2155 514 2539 585 χρυσοτέλειαν
2576 514 2686 566 τῶν
2718 512 2914 582 ίούγων
2959 515 3069 585 (15)
3114 516 3229 576 τοῖς
3275 512 3661 576 συντελεσταϊς

2072 608 2206 659 πᾶσι
2235 607 2324 660 διὰ
2348 605 2409 658 τὸ
2436 606 2510 675 μὴ
2530 604 2888 659 ἀπαιτεῖσθαι
2911 605 2979 659 τὰ
3006 605 3124 669 εἴδη
3149 605 3249 659 καὶ⁹
3267 603 3659 673 διατρέφεσθαι

2071 698 2176 751 ὑπὸ
2208 699 2316 753 τῶν
2344 698 2692 777 στρατιωτῶν
2734 697 2868 768 (14).

2151 879 2276 932 Ἐπὶ
2304 879 2361 932 δὲ
2398 880 2496 950 τῆς
2517 880 2681 932 αὐτοῦ
2715 878 2992 950 βασιλείας
3020 880 3069 931 oi
3102 876 3264 949 δῆμοι
3301 877 3657 931 Κωνσταντι-

2069 970 2373 1035 νουπόλεως
2424 971 2533 1024 τῶν
2570 972 2857 1042 Πρασίνων
2901 968 3128 1023 ἱππικοῦ
3194 968 3465 1038 ἀγομένου
3506 986 3655 1040 παρ-

2070 1062 2300 1116 εκάλουν
2326 1064 2418 1115 τὸν
2450 1061 2672 1132 βασιλέα
2720 1061 3054 1131 ἀπολυθῆναί
3089 1076 3238 1123 τινας
3289 1058 3657 1131 συσχεθέντας

2069 1153 2224 1225 παρὰ
2249 1154 2343 1208 τοῦ
2365 1154 2602 1225 ἐπάρχου
2626 1155 2727 1222 τῆς
2759 1152 2966 1215 πόλεως
2984 1153 3059 1214 ὡς
3091 1149 3545 1221 λιθοϐολῆσαντας
3585 1148 3653 1180 διο

2069 1246 2164 1299 καὶ
2191 1246 2252 1299 οὐ
2286 1246 2609 1317 παρεκλήθη
2640 1244 2747 1297 ὑπὸ
2774 1243 2865 1296 τοῦ
2901 1244 3077 1313 δήμου
3118 1244 3146 1296 6
3170 1242 3334 1305 αὐτὸς
3375 1240 3653 1311 βασιλεὺς,

2067 1339 2204 1392 ἀλλὰ
2250 1340 2640 1411 ἀγανακτήσας
2687 1337 2972 1390 ἐκέλευσεν
3004 1335 3159 1406 ἆρμα
3192 1336 3289 1405 (m)
3319 1336 3438 1389 κατ’
3468 1334 3656 1387 αὐτῶν

2066 1429 2302 1495 ἐξελθεῖν
2335 1431 2470 1500 (15),
2514 1431 2607 1483 καὶ
2630 1428 2847 1497 ἐγένετο
2878 1427 3091 1497 μεγάλη
3132 1425 3348 1493 ἀταξία.
3382 1425 3493 1478 Καὶ
3522 1442 3662 1478 κατ-

2065 1523 2229 1591 ῆλθον
2267 1525 2316 1575 oi
2345 1523 2508 1594 δῆμοι
2536 1522 2677 1576 κατὰ
2707 1520 2815 1574 τῶν
2847 1518 3240 1590 ὲξκουϐιτόρων
3278 1519 3374 1572 καὶ
3404 1518 3656 1580 ἐλθόντες

2063 1616 2158 1668 ἐπὶ
2186 1616 2244 1668 τὸ
2270 1614 2515 1684 κάθισμα
2544 1612 2775 1684 ἔρριψαν
2803 1610 3004 1683 [λίθους
3021 1611 3067 1642 ⁶⁴
3081 1610 3221 1663 κατὰ
3254 1609 3350 1661 τοῦ
3384 1608 3655 1678 βασιλέως

2078 1706 2455 1770 Ἀναστασίοά,
2489 1707 2546 1757 ἐν
2575 1701 2658 1767 οἷς
2684 1699 2763 1768 είς
2809 1702 3037 1774 Μαῦρος
3066 1699 3285 1774 ἔρριψε]
3323 1701 3473 1753 λίθον
3506 1700 3655 1754 κατὰ

378 1793 626 1862 Surgens
667 1803 851 1847 autem
893 1795 1213 1864 imperator,
1276 1795 1448 1848 ictum
1503 1796 1818 1851 declinavit.
1860 1796 1956 1851 Vi-

2074 1796 2153 1850 τοῦ
2187 1797 2472 1867 βασιλέως·
2508 1797 2603 1849 καὶ
2638 1796 2878 1857 ἀναστάς
2917 1797 2945 1847 6
2986 1794 3240 1864 βασιλεὺς
3272 1793 3506 1861 ἐξέφυγε
3558 1792 3653 1844 τὸν

377 1886 571 1940 dentes
616 1888 800 1953 itaque
833 1886 1192 1941 excubitores
1229 1886 1465 1941 hominis
1491 1888 1780 1942 audaciam
1804 1930 1820 1956 ,
1852 1890 1950 1958 im-

378 1986 505 2045 petu
538 1977 592 2030 in
628 1977 783 2030 illum
836 1975 1004 2040 facto,
1041 1978 1395 2032 membratim
1427 1980 1789 2036 conciderunt
1816 1998 1832 2049 ;
1861 1983 1954 2052 qui

377 2069 458 2123 sic
485 2068 723 2122 animam
782 2069 975 2123 edidit.
1029 2066 1290 2138 Popellus
1350 2082 1531 2125 autem
1585 2071 1639 2125 in
1673 2074 1958 2140 angustias

378 2156 662 2222 redactus,
698 2157 851 2227 ignes
905 2157 958 2210 in
1002 2156 1135 2210 circi
1181 2155 1479 2225 Chalcam,
1522 2175 1687 2229 quam
1721 2172 1941 2227 vocant,

376 2247 598 2315 injecit;
636 2247 779 2300 unde
808 2246 1056 2316 porticus
1092 2260 1266 2313 usque
1306 2248 1372 2298 ad
1420 2249 1604 2301 sedem
1659 2250 1958 2319 imperato-

375 2338 513 2390 riam
566 2336 941 2407 conllagravit.
994 2335 1254 2392 Porticus
1299 2337 1429 2392 item
1481 2339 1644 2410 395
1696 2343 1952 2410 publica,

377 2427 715 2498 llexaippum
770 2443 943 2496 usque
993 2437 1048 2480 et
1098 2426 1454 2483 Constantini
1505 2429 1709 2497 forum,
1756 2442 1868 2487 tota
1897 2435 1956 2488 in

373 2522 588 2577 eineres
630 2536 812 2588 versa,
870 2519 1119 2583 corruit,
1174 2519 1418 2575 caedibus
1468 2523 1711 2591 undique
1770 2524 1954 2580 factis.

375 2613 634 2669 Plurimis
689 2621 871 2666 autem
922 2611 1341 2680 comprehensis
1400 2621 1455 2664 et
1506 2614 1733 2680 punitis,
1795 2617 1954 2671 turba

376 2705 597 2760 demum
632 2702 988 2771 conquievit:
1023 2710 1078 2753 at
1106 2716 1217 2754 non
1242 2741 1257 2764 ,
1290 2701 1395 2756 nisi
1432 2702 1658 2758 Platone
1690 2707 1952 2775 quodam,

376 2794 735 2848 Prasiaorum
788 2801 1062 2862 patrono,”
1103 2789 1171 2842 ad
1213 2792 1366 2847 urbis
1412 2792 1793 2860 praefecturam
1823 2812 1958 2866 pro-

375 2892 554 2951 vecto.

443 2976 648 3033 Eodem
703 2980 1048 3048 imperante,
1099 2981 1303 3052 prodiit
1354 2980 1660 3035 Antiochiae
1709 2980 1955 3039 Joannes

373 3071 595 3138 quidam
651 3072 943 3139 lsthmeus,
990 3072 1308 3128 Amidensis
1363 3073 1643 3127 ehemista
1681 3082 1731 3129 et
1773 3076 1954 3144 impo-

2059 1890 2227 1943 λίθον.
2280 1890 2388 1942 Καὶ
2424 1888 2753 1958 θεασάμενοι
2792 1889 2843 1940 οἱ
2881 1886 3263 1957 ἐξκουὸίτορες
3292 1884 3391 1956 τὴν
3427 1885 3524 1938 τοῦ
3556 1886 3654 1938 άνο

2059 1978 2187 2050 δρὸς
2234 1978 2440 2049 τόλμαν
2473 1972 2608 2049 (16),
2638 1977 2905 2049 ὥρμησαν
2942 1977 3066 2033 κατ’
3095 1976 3262 2029 αὑτοῦ
3308 1976 3401 2029 καὶ
3442 1974 3652 2044 ἔκοψαν

2060 2071 2222 2124 αὐτὸν
2269 2070 2411 2122 κατὰ
2446 2069 2629 2139 μέλος·
2666 2070 2761 2123 καὶ
2807 2067 2983 2131 οὕτως
3028 2067 3279 2120 ἀπέδωκε
3308 2066 3407 2137 τὴν
3439 2067 3650 2137 ψυχήν.

2062 2160 2210 2232 [109]
2258 2159 2316 2211 '0
2355 2159 2409 2211 δὲ
2449 2159 2620 2228 δῆμος
2659 2157 2946 2219 στενωθεὶς
2984 2157 3029 2189 ⁶⁵
3072 2156 3233 2209 ἕδαλε
3265 2155 3379 2226 πῦρ
3412 2157 3491 2218 εἰς
3546 2155 3650 2224 τὴν

2059 2253 2363 2323 λεγομένην
2387 2238 2433 2283 έθ
2465 2251 2689 2320 Χαλκῆν
2724 2251 2802 2321 (η)
2845 2249 2941 2303 τοῦ
2977 2248 3229 2315 ἱππικοῦ,
3270 2250 3365 2302 καὶ
3409 2250 3439 2301 6
3475 2246 3650 2318 ἐμϐοο-

2058 2348 2148 2412 λος
2180 2347 2386 2417 ἐκαύθη
2425 2346 2532 2409 ἓως
2583 2344 2681 2397 τοῦ
2730 2343 3012 2414 βασιλικοῦ
3069 2342 3430 2412 καθίσματος,
3476 2340 3576 2394 καὶ
3620 2341 3652 2392 6

2059 2438 2286 2510 ἐμϐολος
2312 2438 2383 2509 (ο)
2414 2437 2472 2489 δέ
2525 2438 2553 2489 6
2595 2435 2856 2505 δημόσιος
2904 2433 3011 2496 ἕως
3062 2430 3156 2485 τοῦ
3208 2428 3531 2493 Ἐξαῖππίου
3569 2427 3649 2497 (ρ)

2059 2530 2153 2584 καὶ
2180 2528 2275 2583 τοῦ
2306 2529 2474 2597 φόρου
2506 2525 2580 2597 (q)
2615 2524 3033 2579 Κωνσταντίνου
3069 2524 3215 2585 ἅπας
3247 2520 3474 2581 καυθεὶς
3508 2537 3650 2572 κατ-

2057 2618 2285 2688 ηνέχθη,
2318 2616 2572 2686 πανταχῆ
2611 2614 2891 2667 διακοπῶν
2944 2614 3275 2682 γενομένων.
3322 2609 3540 2663 Πολλῶν
3584 2608 3649 2662 δὲ

2060 2711 2432 2782 συσχεθέντων
2495 2708 2592 2761 καὶ
2659 2705 3082 2776 τιμωρηθέντων
3130 2704 3354 2772 ἐγένετο
3419 2702 3644 2773 ἡσυχία,

2058 2801 2429 2874 προαχθέντος
2489 2799 2733 2868 ἐπάρχου
2783 2798 2992 2859 πόλεως
3054 2796 3167 2867 (17)
3220 2795 3531 2862 Πλάτωνος,
3583 2794 3648 2859 ὃς

2059 2895 2269 2965 ὑπῆρχε
2295 2893 2518 2962 πάτρων
2542 2888 2636 2943 τοῦ
2666 2889 2936 2959 Πρασίνου
2982 2889 3206 2959 μέρους.

2141 2985 2267 3039 Ἐπὶ
2292 2985 2349 3037 δὲ
2377 2983 2480 3053 τῆς
2521 2981 2688 3035 αὐτοῦ
2722 2979 2999 3051 βασιλείας
3028 2979 3271 3049 ἀνεφάνη
3302 2995 3390 3042 τις
3419 2977 3561 3049 ἀνὴρ
3584 2978 3646 3030 ἐν

2071 3075 2373 3145 Ἀντιοχείᾳ
2397 3077 2464 3145 τῇ
2489 3073 2741 3144 Μεγάλῃ,
2773 3070 2849 3124 ὢν
2871 3070 2979 3124 ἀπὸ
3013 3069 3223 3133 πόλεως
3259 3069 3506 3140 Ἀμίδης,
3524 3070 3646 3123 ὀνό-

372 3171 489 3216 stor
546 3162 806 3233 insignis.
868 3163 1037 3219 Val‘re
1088 3164 1178 3218 hic
1219 3163 1656 3233 argentariorum
1703 3164 1949 3221 ollicinas

2074 3188 2186 3223 ιατι
2224 3168 2478 3239 Ἰωάννης
2539 3165 2805 3236 Ἰσθμέος,
2859 3162 3157 3233 χειμευτὴς
3210 3162 3473 3231 ὑπάρχων
3527 3162 3642 3231 (18)

373 3255 680 3325 ingressus,
713 3256 912 3311 obtulit
949 3257 1057 3312 illis
1088 3265 1396 3313 statuarum
1444 3271 1641 3311 manus
1672 3258 1951 3328 pedesque

2074 3264 2148 3316 ια).
2183 3260 2417 3332 φοϐερὸς
2448 3258 2728 3326 ἐπιθέτης·
2762 3258 2857 3310 κα)⁴
2898 3256 3074 3326 λάθρα
3118 3255 3410 3326 εἰσήρχετο
3440 3255 3522 3318 εἰς
3572 3255 3644 3308 τὰ

372 3356 520 3403 totos
571 3364 802 3419 aureos;
855 3351 1237 3422 imagunculas
1279 3351 1446 3405 etiam
1487 3352 1663 3416 alias;
1715 3351 1948 3407 dicendo

2074 3351 2471 3423 ιργυροπρατία
2493 3350 2537 3382 ⁸⁷
2577 3350 2674 3404 καὶ
2705 3348 3060 3402 ὑπεδείκυνεν
3089 3342 3280 3411 αὑτοῖς
3311 3349 3504 3419 χεῖρας
3540 3347 3642 3400 άν-

1643 3505 1875 3564 νΑιιιλΕ
1900 3507 2304 3565 LECTIONES.

439 3647 486 3679 ⁸³
510 3645 1121 3719 λιθοϐολίιονιιιντες(ξίι.Ρ
1156 3643 1585 3719 λιθοϐολίᾼσαντες
1608 3644 1710 3699 Ox.
1788 3645 1836 3719 “_
1863 3645 2044 3710 λίθους
2062 3677 2132 3689 -
2156 3646 2349 3717 ἔρριψε
2372 3647 2523 3702 addit
2544 3647 2751 3719 Chron.
2829 3648 2876 3681 ⁸⁵
2910 3646 3201 3719 στενωθεὶς
3234 3602 3373 3712 Ch.,
3400 3645 3638 3711 Chrom,

372 3718 645 3782 σθενοθεὶς
679 3715 782 3775 0i.
862 3719 908 3750 ⁵⁸
937 3715 1160 3787 Χαλκὴν
1196 3719 1298 3769 Ux.
1377 3716 1420 3746 ⁸⁷
1455 3716 1896 3788 ἁργυροπρατία.
1939 3715 2396 3789 άργυροτὲρατεῖα
2448 3718 2799 3774 scribendum
2857 3718 3102 3773 videtur.

1580 3851 1689 3906 eo.
1721 3850 2105 3909 ClllLMEADI
2128 3853 2362 3911 NOTAE.
2470 3813 2509 3853 ⁸

2126 3969 2240 4039 (15)
2291 3969 2616 4042 Ἐκέλευσεν
2667 3969 2987 4042 ἆρμαίκατ⁹
3044 3970 3225 4024 αὐτῶν
3260 3968 3523 4042 ἐξελθεῖν.
3561 3973 3639 4027 Τὸ

2050 4039 2204 4112 ᾇρμα.
2234 4049 2288 4109 et
2313 4041 2623 4112 τὰάρματα
2656 4039 2853 4109 plurali
2879 4056 3110 4096 numero
3127 4040 3273 4110 apud
3296 4041 3638 4112 recentiores

2051 4109 2509 4179 frequentissime
2562 4120 2867 4183 occurrunt
2903 4131 2916 4165 :
2954 4113 3061 4183 hoc
3099 4109 3284 4183 tamen
3324 4111 3445 4165 loco
3476 4111 3639 4183 ἅρμα

2051 4194 2151 4249 pro
2176 4183 2433 4247 exercitu,
2459 4195 2557 4236 seu
2602 4180 2861 4235 militibus
2895 4181 3060 4236 armis
3110 4182 3415 4243 instructis.
3474 4180 3636 4252 poni-

2052 4259 2161 4303 Ull‘.

2124 4317 2238 4391 (16)
2269 4318 2381 4392 Τὴν
2410 4319 2504 4392 τοῦ
2534 4321 2728 4392 ἀνδρὸς
2753 4321 2979 4392 τόλμαν.
3017 4320 3197 4376 Unum
3241 4322 3476 4391 reliquis
3512 4338 3635 4377 om-

2052 4389 2226 4445 nibus
2275 4389 2650 4445 audaciorem
2682 4393 2773 4446 hic
2828 4389 3061 4447 iimuere
3121 4392 3342 4445 videtur
3368 4389 3633 4450 auctor:

2052 4470 2106 4515 et
2135 4459 2356 4529 quidem
2425 4459 2678 4516 Maurum
2749 4461 2897 4516 hunc
2948 4461 3270 4529 dietum_ait
3300 4461 3459 4529 _Chr.
3503 4466 3637 4518 Ale-

2053 4525 2320 4603 gan'drini
2347 4540 2563 4603 auctor,
2583 4531 2695 4603 _b_is
2739 4533 2924 4603 verbis
2966 4551 2980 4586 :
3024 4533 3116 4585 Ἐν
3143 4525 3226 4603 οἷς
3269 4526 3351 4595 εἷς
3403 4530 3637 4603 Μαῦρος

2050 4599 2274 4674 ἔρριψεν
2306 4599 2494 4674 ἐπάνω
2515 4600 2610 4654 τοῦ
2638 4601 2902 4674 βασιλέως
2926 4617 2941 4632 ο
2970 4604 3064 4656 καὶ
3105 4601 3283 4674 ἐξεφ.,
3317 4612 3426 4657 etc.
3452 4619 3467 4669 ;
3504 4599 3636 4674 qua

2050 4669 2220 4724 verba
2255 4671 2397 4739 apud
2420 4669 2680 4725 Nostrum
2713 4673 3017 4727 (lesiderari
3039 4669 3318 4726 videntur.

2124 4740 2236 4807 (l7)
2302 4739 2677 4812 Προαχθέντος
2736 4744 2981 4812 ἐπάρχου
3004 4742 3235 4804 πόλεως.
3263 4742 3632 4799 Alexandrini

2050 4810 2324 4881 interpres
2356 4810 2362 4811 ⁷
2388 4811 2506 4865 haec
2532 4813 2714 4874 vertit,
2748 4810 3004 4879 producto
3040 4811 3161 4865 urbi
3186 4813 3459 4881 praefecto,
3489 4822 3628 4878 εις..

2053 4882 2219 4934 male.
2249 4879 2524 4934 Caeterum
2569 4892 2750 4936 textus
2783 4882 2957 4950 ipsius
2986 4879 3195 4938 lacuna
3215 4879 3406 4938 cxhoc
3437 4881 3631 4939 Nostri

440 3969 554 4042 (13)
573 3969 833 4042 Ἐποίησε
886 3968 1268 4042 χρυσοτέλειαν
1313 3968 1424 4042 τῶν
1485 3968 1702 4042 ίούγων.
1741 3969 1952 4038 Χρυσο-

368 4039 550 4095 τέλεια
598 4041 707 4093 τῶν
758 4039 955 4107 ίούγων
1011 4041 1130 4093 auri
1191 4041 1474 4107 quantitas
1520 4041 1812 4108 quaedam.
1848 4055 1949 4108 pro

363 4111 579 4182 jugeris
612 4111 856 4182 singulis
891 4110 1301 4182 perimperium
1336 4110 1947 4182 avectjgalibuspensa

369 4177 539 4236 fuisse
565 4177 803 4235 videtur.
841 4180 912 4233 De
941 4177 1146 4234 tribuio
1178 4181 1304 4241 hoc,
1340 4180 1466 4233 vide
1492 4177 1692 4249 Evagr.
1734 4177 1943 4234 Histor.

365 4254 566 4307 eccles.
601 4252 697 4305 lib.
721 4266 804 4312 ιιι,
836 4264 964 4320 cap.
988 4251 1078 4313 4‘2,
1111 4259 1165 4304 et
1190 4249 1485 4318 NiCt'pilOl‘.
1521 4250 1758 4320 lib.xv1,
1819 4264 1940 4319 cap.

366 4323 456 4378 ιιι.
488 4320 784 4375 Justiniani
831 4319 1172 4388 temporibus
1221 4321 1552 4387 quandoque
1611 4319 1667 4372 in
1733 4320 1940 4387 specie,

367 4392 700 4461 quandoque
734 4400 893 4453 aur‘o,
936 4405 1036 4458 pro
1065 4390 1172 4443 loci
1202 4389 1474 4461 cujusque
1493 4390 1900 4461 consuetudine
1925 4408 1940 4445 :

367 4457 847 4531 pendebaturzut
887 4457 1116 4531 apparet
1164 4474 1229 4531 ex
1260 4459 1509 4531 ejusdem
1563 4457 1774 4531 Novell.
1831 4459 1941 4515 l7:

380 4532 739 4599 Ἀναγκάσεις
762 4528 819 4583 δὲ
841 4528 971 4592 τοὺς
1010 4528 1302 4599 δημοσίους
1331 4530 1650 4598 πράκτορας
1672 4528 1791 4599 ἢτοι
1818 4532 1946 4592 τοὺς

364 4598 695 4671 ἀπαιτητὰς,
738 4602 795 4671 ἐν
821 4603 940 4661 ταῖς
994 4598 1203 4671 ἑαυτῶν
1241 4600 1492 4671 ἀποχαῖς.
1531 4598 1742 4671 φανερὰ
1770 4601 1943 4671 ποιεῖν

366 4665 582 4725 ἅπαντα
605 4672 690 4734 ἐφ’
713 4665 795 4732 οἷς
841 4671 1008 4731 αὑτὰς
1061 4669 1287 4731 διδόασι,
1319 4665 1565 4722 τουτέστι
1616 4665 1739 4722 τότε
1780 4669 1944 4723 ποσὸν

362 4741 473 4794 τῶν
507 4740 973 4810 ζυγοκεφάλων,ἢ
1009 4739 1224 4810 ἱούγων,
1257 4740 1290 4810 ἢ
1328 4739 1634 4806 ίουγαλίων,
1669 4739 1702 4810 ἦ
1766 4739 1946 4791 ὁπωσ-

362 4812 655 4884 δήποτείᾶν
686 4812 826 4884 αὐτὰ
879 4808 1024 4884 κατὰ
1047 4808 1232 4884 χώραν
1279 4808 1526 4884 ἠξιαλοῖεν.
1560 4811 1655 4862 καὶ
1692 4808 1946 4884 ξὺπὲρτί-

362 4879 471 4936 νων
527 4881 666 4935 αὐτὰ
696 4882 792 4934 καὶ
848 4881 1019 4935 ποίων
1043 4879 1261 4950 χωρίων
1285 4881 1597 4943 ἀπαιτοῦσι,
1629 4880 1803 4937 καὶτὸ
1833 4879 1944 4930 τῶν

361 4952 665 5021 δεδομένων
724 4953 912 5015 ποσὸν,
971 4949 1082 5003 εἴτε
1133 4949 1198 5002 ἐν
1252 4950 1484 5015 εἴδεσιν,
1536 4949 1648 5002 εἴτε
1704 4951 1764 5002 ἐν
1811 4966 1943 5019 χρυ·
1976 4949 2019 4967 ⁸“’
2051 4950 2442 5021 locoisuppleri
2470 4959 2671 5020 potest.

365 5020 517 5093 atqu
596 5092 601 5093 γ
651 5092 705 5093 η
861 5091 869 5093 _
992 5089 1006 5093 _
1105 5090 1117 5093 _
1175 5088 1185 5093 _
1262 5088 1286 5093 _
1628 5089 1652 5093 _
1734 5087 1774 5093 __
2097 5020 2234 5093 _(l8)
2284 5021 2609 5093 Xetusurijc‘
2646 5022 2926 5093 ὑπάρχων.
2992 5020 3070 5076 lta
3122 5022 3632 5085 ctiam,Cedrenus

434 5087 672 5163 (μυκαὶ
688 5089 1077 5163 διατρέφεσθαι
1096 5088 1200 5143 ὑπὸ
1217 5088 1327 5140 τῶν
1344 5089 1713 5163 στρατιωτιῖιν,
1732 5087 1940 5163 Novum
2048 5089 2170 5142 τότε
2188 5087 2321 5163 ἐνκαὶ
2368 5087 2510 5162 ἁνήρ
2550 5087 2649 5163 ’τις
2702 5087 3022 5162 χείέὶευτὴς.
3055 5095 3119 5146 ἐκ
3146 5093 3257 5145 τῶν
3292 5093 3395 5163 τῆς
3424 5093 3632 5163 χείμης

362 5158 593 5231 prorsus
643 5158 937 5233 locutionis
973 5176 1173 5233 genus;
1220 5174 1357 5233 pro,
1384 5164 1495 5233 ,καὶ
1540 5159 1941 5233 ’ἀναλίσκεσθαι
2047 5158 2271 5233 τεχνῶν,
2295 5158 2753 5233 θιαηιιιιόιιίηιιᾼιξ
2771 5158 2927 5233 perat
2957 5158 3386 5233 diphthongum.
3411 5158 3631 5217 Salina-

362 5228 604 5304 61:61th
631 5228 1007 5304 στρατιωτῶν⁹
1044 5232 1180 5291 sive,
1221 5228 1342 5283 ήκαὶ
1370 5231 1465 5304 ἀπ’
1494 5230 1673 5304 αρτῶν
1736 5228 1941 5299 διατρὲ-
2051 5228 2388 5304 sius_tamen
2421 5228 2677 5304 Plinianf
2699 5228 2945 5289 Eiercit.
2984 5228 3038 5287 in
3070 5228 3260 5288 Solin:
3302 5248 3399 5304 per
3429 5234 3631 5300 τίθει-ῖς

362 5301 558 5371 φεσθαι
590 5299 718 5365 τοὺς
756 5300 1119 5372 στρατιώτας,
1151 5309 1245 5354 aut
1268 5317 1379 5369 quo
1412 5300 1605 5354 simili.
2052 5299 2289 5354 beudum
2315 5301 2622 5356 contendit.

1770 5453 1961 5509 HODII
1998 5452 2232 5511 NOTAE.

433 5549 530 5620 (γη)
566 5549 781 5619 ’Δρμα.
813 5547 902 5620 Sic
940 5547 1003 5620 β,
1033 5548 1123 5602 ubi
1174 5546 1491 5620 Holsteuiu‘s
1534 5546 1699 5620 α’ᾃτὸν
1742 5561 1938 5620 ρονιιιξτ

360 5616 480 5672 ram
513 5616 823 5740 suibs‘t'ituit,
846 5618 1177 5677 Dufresnius
1209 5619 1417 5673 mavult
1444 5618 1729 5687 ἁρμάτους
1755 5634 1768 5646 ·
1797 5616 1935 5669 mhil

365 5697 576 5741 mutam
601 5704 712 5741 um.

435 5756 515 5826 (η)
553 5757 793 5828 Χαλκήν.
844 5757 984 5814 Vide
1031 5757 1246 5813 Dufres.
1301 5757 1408 5812 Cl‘.
1462 5756 1690 5822 Christ.,
1721 5757 1816 5811 lib.
1871 5762 1978 5825 u,‘

2048 5555 2186 5602 SI‘CL
2217 5549 2271 5612 4,
2302 5566 2355 5602 n.
2388 5549 2443 5601 2.

2119 5619 2191 5689 (ο)
2232 5621 2520 5689 Ἔμϐολος.
2558 5620 2619 5675 V.
2659 5623 2789 5678 ibid.
2824 5633 2961 5677 seel.
2990 5625 3044 5686 5,
3072 5640 3124 5677 η.
3148 5623 3204 5677 2.

2120 5688 2197 5757 (ρ)
2241 5688 2584 5755 Ἐξαῖππίου.
2621 5692 2687 5746 V.
2712 5694 2850 5746 ibid.
2882 5704 3021 5749 sect.
3048 5694 3135 5759 16,
3166 5711 3221 5748 ιι.
3255 5692 3346 5746 46.

2116 5758 2189 5832 ((1)
2228 5759 2401 5831 Φόρου
2434 5763 2501 5817 Κ.
2546 5762 2609 5819 γ.
2643 5764 2778 5819 ibid.
2811 5774 2951 5820 sect.
2981 5764 3076 5834 24,
3106 5758 3163 5820 n.
3193 5763 3243 5829 l,
3278 5773 3390 5818 etc.
