3988 6136
375 321 484 384 ειθῖ

1420 316 2101 382 CHRONOGRAPHIA.
2132 345 2200 358 -
2239 318 2387 380 LIB.

3524 324 3624 390 598

377 437 474 490 καὶ
501 431 886 504 ἀπέρχεται,ἢ
925 432 1084 500 μόνον
1125 431 1364 502 πέμψεις
1389 437 1511 488 κατ’
1559 437 1728 492 αὐτοῦ
1781 455 1956 500 τινας.

2072 436 2288 495 facienti
2326 441 2563 507 astabat,
2589 441 2666 494 uti
2701 440 2818 510 ipse
2841 437 3196 502 Vitalianum,
3232 439 3322 508 qui
3351 454 3380 495 e
3409 441 3636 510 regione

379 528 488 582 Καὶ
514 526 716 588 εὐθέως
735 527 764 578 6
794 523 1050 595 βασιλεὺὲ
1087 526 1440 590 Ἀναστάσιος
1469 521 1592 581 εἷπε
1619 531 1852 600 Μαρίνῳ
1880 529 1958 600 τῷ

379 617 534 686 Σύρῳ
558 614 636 684 τῷ
675 613 784 668 άπὸ
813 615 1096 690 ἐπάρχων,
1144 615 1338 668 ἑστῶτι
1387 615 1620 684 πλησίον
1665 619 1752 672 ὅτε
1787 619 1960 672 διελέ-

376 725 506 778 γετο
533 711 562 760 6
619 707 872 776 βασιλεὺς
905 693 982 776 τῷ
1023 708 1304 780 φιλοσόφῳ
1333 711 1582 782 Πρόκλῳ.
1633 713 1959 768 ὁπλίσασθαι

377 805 518 857 κατά
549 801 648 854 τοῦ
677 799 842 854 αὐτοῦ
883 799 1227 864 Βιταλιανοῦ,
1251 801 1368 856 ὄντι
1413 805 1492 866 είς
1517 803 1578 856 τὸ
1607 804 1780 875 πέραν
1811 807 1962 860 Κων-

376 892 896 955 σταντινουπόλεως.
959 893 1072 944 Καὶ
1138 893 1286 960 λέγει
1347 894 1590 963 Πρόκλος
1649 897 1677 948 ὀ
1747 897 1962 966 φιλόσο-

377 1003 474 1055 φο;
501 983 654 1055 [121]
679 983 991 1054 ἔμπροσθεν
1018 983 1110 1038 τοῦ
1139 983 1401 1054 βασιλέως
1431 987 1662 1056 Μαρίνῳ
1682 987 1759 1057 τῷ
1781 984 1960 1058 Σύρῳ·

381 1079 449 1131 ὐ
473 1079 666 1144 δίδωμί
695 1094 776 1129 σοι
799 1077 954 1138 λάϐε,
979 1079 1074 1130 καὶ
1103 1077 1286 1144 ἔξελθε
1315 1078 1459 1130 κατὰ
1482 1078 1576 1130 τοῦ
1608 1079 1772 1133 αὐτοῦ
1799 1081 1961 1134 Βιτα-

378 1168 584 1223 λιανοῦ.
615 1169 728 1221 Καὶ
755 1167 1047 1222 ἐκέλευσεν
1073 1170 1101 1222 6
1141 1169 1304 1232 αὐτὸς
1334 1170 1629 1238 φιλόσοφος
1675 1171 1962 1240 ἐνεχθῆναι

380 1261 440 1316 τὸ
483 1261 782 1328 λεγόμενον
841 1259 982 1312 θεῖον
1023 1259 1234 1329 ἄπυρον
1283 1259 1444 1324 πολὺ,
1493 1261 1664 1315 είπὼν
1708 1261 1964 1336 τριϐἦναι

381 1353 514 1406 αὐτὸ
559 1352 636 1414 ὡς
688 1353 768 1414 εἰς
811 1354 990 1420 μῖγμα
1029 1351 1247 1414 λεπτὸν,
1301 1353 1397 1406 καὶ
1443 1353 1644 1406 δέδωκε
1694 1355 1772 1424 τῷ
1815 1355 1963 1424 αὑτῷ

381 1437 630 1507 Μαρίνῳ,
667 1437 904 1510 εἰρηκὼς
935 1439 1106 1508 αὐτῷ,
1140 1441 1224 1494 ὄτι
1270 1441 1447 1494 Ὅπου
1495 1441 1672 1512 ῥίψεις
1713 1442 1772 1508 te
1799 1443 1964 1496 αὐτοῦ

382 1529 489 1581 εἴτε
523 1529 606 1591 εἰς
642 1527 788 1582 οἷκον
813 1528 924 1582 εἴτε
955 1531 1014 1584 ὲν
1040 1531 1234 1602 πλοίῳ,
1278 1532 1418 1601 μετά
1461 1531 1521 1586 τὸ
1564 1534 1842 1586 ἀνατεῖλαι
1873 1531 1964 1601 τὸν

381 1619 558 1690 ἣλιον,
595 1620 800 1682 εὐθέως
834 1621 1067 1676 ἀπτεται
1101 1624 1130 1674 ὀ
1158 1617 1308 1685 οἷκος
1337 1623 1370 1692 ἢ
1419 1623 1482 1675 τὸ
1511 1622 1694 1678 πλοῖον
1741 1625 1835 1678 καὶ
1860 1625 1965 1678 ὑπὸ

386 1711 557 1781 πυρὸς
588 1712 962 1768 ἀναλίσκεται.
1005 1713 1062 1766 '0
1095 1713 1153 1766 δὲ
1195 1715 1440 1784 Μαρῖνος
1484 1716 1828 1784 παρεκάλεσε
1875 1717 1964 1769 τδν

385 1804 614 1873 βασιλέα
672 1805 758 1858 ἵνα
807 1805 904 1858 ἕνα
959 1805 1066 1859 τῶν
1115 1809 1505 1878 στρατηλατῶν
1557 1805 1722 1864 αὐτοῦ
1773 1809 1965 1880 πέμψῃ

385 1896 740 1964 λαμϐάνοντα
770 1898 832 1950 τὸ
864 1897 1120 1968 βοήθημα
1146 1916 1160 1930 ·
1205 1899 1300 1952 καὶ
1333 1900 1538 1963 εὐθέως
1587 1889 1970 1972 μετεστείλατο

387 1989 415 2040 6
441 1987 701 2056 βασιλεὺς
729 1989 1024 2058 Πατρίκιον
1049 1991 1140 2043 τὸν
1178 1991 1390 2061 Φρύγα,
1421 1991 1514 2046 τὸν
1562 1995 1965 2064 στρατηλάτην,

391 2078 484 2132 καὶ
529 2079 787 2148 Ἰωάννην
815 2079 906 2132 τὸν
929 2079 1286 2150 Βαλεριανῆς,
1315 2081 1410 2133 καὶ
1437 2077 1588 2134 εἷπεν
1607 2083 1792 2146 αὐτοῖς
1818 2083 1970 2138 ὁπλί-

389 2167 584 2222 σασθαι
633 2169 778 2222 κατά
823 2169 918 2222 τοῦ
965 2169 1134 2224 αὑτοῦ
1193 2171 1516 2227 Βιταλιανοῦ
1543 2174 1624 2236 είς
1673 2174 1737 2226 τὸ
1769 2175 1962 2245 πέραν,

387 2259 770 2328 λαμϐάνοντας
830 2259 992 2313 πλοῖα
1044 2261 1406 2332 δρομώνων⁹¹
1461 2263 1556 2317 καὶ
1609 2264 1966 2335 στρατιώτας.

389 2351 498 2404 Καὶ
529 2349 738 2403 ἔπεσαν
764 2352 858 2403 ἐπὶ
889 2353 1016 2414 τοὺς
1049 2352 1214 2414 πόδας
1250 2353 1346 2406 τοῦ
1390 2353 1676 2424 βασιλέως,
1719 2355 1970 2424 λέγοντες

389 2443 468 2496 ὅτι
497 2444 612 2496 Καὶ
651 2441 816 2496 αὑτοῦ
861 2445 956 2496 καὶ
1003 2443 1100 2495 τοῦ
1132 2445 1341 2515 πατρδς
1391 2446 1558 2498 αὑτοῦ
1587 2447 1639 2498 oi
1686 2445 1782 2499 δύο
1805 2449 1972 2517 ἡμεῖς

393 2533 534 2602 φίλοι
565 2534 750 2605 ἥμεθα
780 2549 794 2562 ·
847 2535 940 2588 καὶ
986 2535 1062 2606 μὴ
1097 2537 1280 2608 συμϐῇ
1319 2554 1442 2590 τινα
1489 2539 1789 2608 ἀποτυχίαν
1815 2539 1970 2607 γενέ-

393 2624 536 2687 σθαι,
583 2625 680 2678 καὶ⁸
710 2625 1098 2695 ὐπονοηθῶμεν
1127 2625 1201 2689 ὡς
1238 2626 1519 2697 προδόται.
1569 2628 1680 2681 Καὶ
1727 2629 1973 2696 ἀγανακ-

393 2717 563 2788 τήσας
591 2717 716 2768 κατ’
744 2717 922 2770 αὐτῶν
942 2717 970 2769 6
999 2717 1252 2787 βασιλεὺς
1291 2719 1484 2772 ἔϐαλεν
1517 2719 1714 2782 αὐτοὺς
1743 2718 1848 2784 ἔξω
1880 2719 1971 2772 τοῦ

397 2808 688 2872 παλατίου,
737 2811 842 2862 καὶ·
885 2809 1148 2872 κελεύσας
1201 2809 1430 2880 Μαρίνῳ
1473 2809 1554 2880 τῷ
1591 2809 1750 2879 Σύρῳ
1789 2809 1974 2862 λαϐεῖν

394 2902 520 2964 τοὺς
555 2901 843 2970 δρόμωνας
874 2901 972 2952 καὶ
1001 2899 1064 2953 τδ
1093 2899 1233 2952 θεῖον
1272 2899 1484 2969 ἄπυρον
1519 2899 1615 2953 καὶ
1651 2899 1751 2970 τὴν
1807 2917 1972 2970 στρα-

395 2995 656 3066 τιωτικὴν
695 2994 950 3064 βοήθειαν
992 2993 1387 3064 ὁπλισαμένην,
1441 2995 1536 3048 καὶ
1559 2993 1795 3057 ἐξελθεῖν
1832 2993 1974 3048 κατά

2062 531 2572 604 Constantinopolis
2589 547 2714 587 cum
2736 531 2912 600 copiis
2933 530 3050 585 suis
3071 531 3418 596 consederat,
3441 530 3628 585 adori-

2062 631 2240 678 retur.
2306 599 2538 680 Proelus
2603 599 3191 692 autemiphilosomtus
3233 621 3502 677 Marinum
3531 621 3640 694 Sy-
3689 599 3704 612 ί

2061 728 2207 779 rum,
2261 727 2448 770 coram
2506 715 2859 784 imperatore,
2892 713 2946 765 in
2982 713 3129 765 hunc
3169 711 3393 767 modum
3427 713 3640 767 allocu-

2063 813 2196 860 tus:
2241 805 2345 870 Tu,
2380 806 2580 876 inquit,
2624 803 2958 858 Vitalianum
2997 803 3310 869 adorturus,
3337 803 3484 872 quod
3537 804 3638 860 tibi

2062 896 2226 959 dabo,
2259 898 2426 952 modo
2445 911 2632 952 sumas
2662 895 2846 949 velim.
2873 893 3047 949 Jussit
3066 895 3254 964 itaque
3282 894 3640 964 philosophus

2064 987 2256 1057 ingens
2283 987 2392 1040 vivi
2429 985 2711 1055 sulphuris
2733 983 2952 1054 pondus
2982 983 3176 1037 adduci
3203 1001 3218 1049 ;
3248 983 3392 1052 quod
3431 983 3483 1037 in
3507 999 3640 1052 par-

2065 1085 2148 1133 tes
2205 1076 2605 1132 minutissimas
2661 1075 2986 1139 contritum,
3031 1072 3244 1150 Marino
3265 1072 3420 1126 dedit
3451 1089 3464 1126 :
3500 1069 3636 1135 Hoc,

2065 1170 2338 1240 inquiens,
2397 1169 2832 1239 quibuscunque
2867 1177 2923 1220 tu
2955 1168 3113 1222 tectis
3153 1176 3246 1220 aut
3285 1166 3519 1236 navigiis
3548 1179 3642 1219 su-

2064 1261 2457 1330 perinjeceris,
2513 1276 2574 1316 ea
2630 1261 2816 1316 statim
2876 1259 2946 1313 ab
2991 1265 3184 1312 exortu
3225 1257 3359 1312 solis
3406 1271 3656 1311 accensa.

2065 1355 2407 1423 conﬂagrare
2467 1352 2703 1416 videbis,
2755 1351 3004 1420 adeoque
3033 1349 3102 1404 ab
3143 1349 3360 1420 ignibus
3397 1349 3636 1404 absumi.

2067 1444 2175 1499 Sed
2207 1444 2452 1498 Marinus
2503 1459 2724 1513 quoque
2747 1444 3132 1511 imperatorem
3183 1441 3503 1494 adhortatus
3534 1447 3640 1502 est,

2067 1537 2144 1592 uti
2197 1537 2434 1604 aliquem
2485 1551 2550 1590 ex
2597 1534 2884 1605 magistris
2943 1533 3206 1596 militum,
3238 1541 3446 1587 armata
3479 1529 3664 1603 404.

2069 1641 2234 1681 manu
2265 1627 2623 1691 instructum,
2667 1623 2797 1680 belli
2850 1625 3063 1680 socium
3097 1625 3202 1680 sibi
3226 1625 3402 1679 daret.
3443 1624 3640 1678 Accer—

2069 1719 2189 1773 sitis
2219 1720 2404 1788 itaque
2435 1716 2678 1771 Patricio
2721 1715 2956 1786 Phryge,
3007 1715 3242 1768 militum
3277 1716 3556 1788 magistro,
3591 1725 3644 1766 et

2070 1807 2298 1870 Joanne,
2333 1807 2640 1862 Valerianaa
2681 1806 2813 1871 lilio,
2848 1805 3016 1860 edixit
3055 1805 3170 1859 illis
3208 1805 3527 1873 imperator,
3563 1806 3642 1858 uti

2069 1915 2195 1954 cum
2239 1900 2471 1954 militum
2505 1905 2560 1953 et
2589 1897 2934 1966 navigiorum
2980 1903 3245 1965 apparatu
3279 1895 3641 1960 trajicientes,

2071 1991 2410 2046 Vitalianum
2470 1989 2852 2045 adorirentur.
2899 1988 2979 2042 Ad
3023 1967 3186 2058 pedes
3219 1987 3405 2056 itaque
3433 1987 3553 2055 ejus
3589 1988 3645 2040 hi

2070 2081 2422 2151 procidentes
2450 2097 2466 2133 :
2497 2079 2630 2142 Nos,
2684 2077 2966 2147 inquiunt,
3004 2077 3084 2130 tui
3137 2077 3314 2146 ipsius
3357 2075 3646 2145 patrisque

2070 2173 2151 2228 tui
2191 2171 2524 2226 amicissimi
2562 2183 2784 2239 semper
2813 2168 3022 2223 fuimus
3051 2187 3063 2221 ε
3091 2165 3386 2240 [veremur
3421 2163 3646 2236 autem}

2071 2281 2162 2332 ne,
2185 2265 2232 2320 si
2266 2265 2396 2334 quid
2423 2263 2608 2318 secius
2633 2261 2923 2324 acciderit,
2959 2275 3062 2314 nos
3095 2257 3429 2330 proditionis
3451 2267 3644 2328 postu-

2070 2358 2266 2412 lemur.
2325 2354 2436 2410 Sed
2498 2353 2792 2407 movebant
2855 2351 2970 2405 haec
3044 2349 3360 2419 imperatori
3437 2359 3646 2404 stoma-

2071 2453 2236 2505 chum
2267 2466 2282 2502 :
2317 2448 2502 2517 itaque
2540 2445 2752 2501 duobus
2785 2445 2898 2499 illis
2931 2459 2996 2498 ex
3039 2443 3245 2515 palatio
3276 2441 3493 2510 ejectis,
3528 2439 3644 2493 Ma-

2073 2543 2196 2596 rino
2227 2541 2364 2612 Syro
2417 2535 2698 2608 negotium
2774 2535 2968 2600 dedit,
3026 2534 3104 2588 uti
3139 2519 3144 2524 ’
3177 2532 3543 2588 dromonibus
3592 2539 3648 2586 et

2073 2643 2284 2687 armata
2332 2645 2499 2684 manu
2557 2628 2832 2697 acceptis,
2886 2633 2940 2680 et
2992 2634 3277 2694 assumpto
3312 2638 3496 2679 secum
3523 2623 3648 2677 vivo

2074 2721 2359 2792 sulphure,
2395 2719 2728 2774 Vitalianum
2760 2716 2877 2784 ipse
2899 2714 3313 2785 aggrederetur.
3335 2711 3654 2767 Vitalianus

2074 2819 2255 2868 autem
2297 2812 2390 2867 ubi
2447 2809 2702 2865 audierat
2747 2807 3017 2862 Marinum
3046 2844 3061 2868 ,
3103 2805 3280 2875 copiis
3309 2805 3526 2874 magnis
3565 2804 3650 2858 in—

2077 2913 2374 2968 structum,
2406 2904 2508 2959 sibi
2541 2899 3272 2975 imminereadversarium;
3303 2897 3648 2968 navigiorum

2076 2995 2444 3066 quodcunque
2475 2993 2653 3062 potuit
2677 2989 2913 3045 corrasit
2947 3007 2959 3044 :
2991 2988 3198 3058 quibus
3217 2987 3466 3042 Gothicis
3495 2987 3650 3042 Hun-
3753 3057 3759 3064 ι

397 3087 491 3140 τοῦ
530 3087 700 3140 αὐτοῦ
739 3084 1080 3138 Βιταλιανοῦ.
1143 3084 1411 3148 Ἀκούσας
1447 3085 1504 3137 δὲ
1549 3085 1866 3150 Βιταλιανὸς
1889 3088 1970 3140 ὅτι

2077 3087 2328 3156 nicisque
2367 3085 2542 3154 copiis
2586 3081 2830 3147 onustis,
2872 3079 3414 3148 Constantinopolim
3473 3078 3650 3147 ipsam

403 3179 538 3248 μετᾶ
597 3177 799 3244 πολλῆς
857 3176 1110 3247 βοηθείας
1155 3175 1439 3245 ἐξέρχεται
1483 3179 1511 3230 6
1561 3179 1804 3247 Μαρῖνος
1851 3179 1974 3231 κατ’

401 3268 588 3332 αὑτοῦ,
618 3269 718 3322 ὅσα
749 3263 875 3338 εὗρε
903 3269 1066 3322 πλοῖα
1095 3269 1368 3338 ἐκράτησε
1399 3269 1492 3320 καὶ
1521 3269 1804 3339 ἑγόμωσεν
1838 3271 1978 3323 αὐτὰ

401 3361 670 3429 θύννικὴν
721 3361 817 3412 καὶ
872 3359 1136 3428 Γοτθικὴν
1184 3363 1342 3428 χεῖρα
1393 3359 1545 3430 [1‘22]
1579 3360 1973 3429 ὡπλισμένους.

401 3438 509 3506 Καὶ.
534 3451 794 3521 ὥρμησεν
821 3451 1084 3504 εἰσελθεῖν
1109 3453 1188 3514 είς
1219 3451 1816 3515 Κωνσταντινούπολιν,
1848 3452 1978 3524 θαρ-

403 3544 510 3614 ῥιῶν
541 3543 626 3596 ὅτι
680 3543 898 3606 πάντως
949 3543 1118 3612 αὐτὴν
1159 3542 1450 3612 λαμϐάνει,
1500 3545 1593 3595 καὶ
1639 3545 1882 3610 Μαρῖνον
1922 3547 1978 3598 δὲ

401 3633 730 3688 ἀπαντῶντα
757 3633 1040 3686 ἀναλίσκει
1075 3633 1192 3702 μεθ’
1237 3631 1304 3704 ἦς
1340 3635 1452 3704 ἔχει
1501 3633 1775 3703 βοηθείας.
1834 3635 1892 3687 Ὀ
1920 3635 1978 3691 δὲ

401 3724 645 3793 Μαρῖνος
693 3723 991 3793 ἐρῤόγευσε
1017 3724 1062 3756 θ’
1107 3723 1168 3776 τὺ
1217 3722 1640 3792 θεῖον-ἄπυρον,
1690 3723 1720 3776 6
1779 3725 1978 3778 ἔδωκεν

404 3813 552 3884 αὐτῷ
593 3815 632 3866 6'
652 3813 964 3882 φιλόσοφος,
1000 3815 1080 3875 εἰς
1108 3814 1206 3866 ὅλα
1237 3813 1306 3866 τὰ
1335 3813 1498 3866 πλοῖα
1529 3813 1635 3866 τῶν
1662 3814 1975 3886 δρομώνων,

405 3903 642 3974 είρηκὼς
691 3905 802 3966 τοῖς
845 3903 1072 3966 ναύταις
1101 3905 1194 3956 καὶ
1237 3907 1350 3966 τοῖς
1390 3904 1752 3974 στρατιώταις
1784 3906 1866 3959 ὅτι
1903 3907 1976 3960 Οὐ

404 3996 564 4064 χρεία
590 3997 792 4058 ὃπλων,
821 3996 935 4048 ἀλλ’
961 3995 1048 4048 ἵνα
1074 3997 1291 4062 ῥίπτετε
1323 3995 1432 4064 (55)
1463 3998 1527 4048 ὲκ
1557 3995 1746 4048 τούτου
1789 3999 1870 4060 είς
1911 3998 1979 4051 τὰ

406 4086 679 4156 ἐρχόμενα
725 4085 1014 4138 κατέναντι
1055 4085 1210 4154 ὑμῶν
1256 4085 1417 4138 πλοῖα
1465 4087 1560 4139 καὶ¹
1593 4087 1860 4142 καίονται.
1919 4087 1979 4142 Et

403 4179 462 4232 δὲ
511 4177 688 4248 πέραν
717 4176 1044 4246 ἀπέλθωμεν
1095 4179 1174 4236 είς
1209 4177 1340 4240 τοὺς
1369 4178 1572 4240 οἴκους,
1607 4177 1735 4230 ἔνθα
1764 4179 1902 4232 εἰσὶν
1929 4182 1981 4234 oi

407 4268 590 4338 ἐχθροὶ
633 4265 730 4318 τοῦ
776 4265 1060 4334 βασιλέως,
1116 4268 1232 4319 ἐκεῖ
1279 4267 1491 4336 ῥίψατε.
1533 4269 1590 4320 Ὀ
1621 4267 1678 4321 δὲ
1715 4269 1978 4339 Μαρῖνος,

407 4355 594 4418 καθὼς
641 4353 793 4407 εἶπεν
825 4353 974 4424 αὐτῷ
1000 4357 1028 4408 6
1070 4356 1360 4422 φιλόσοφος
1399 4357 1480 4410 ὅτι
1513 4357 1846 4411 ἀνάπτονται
1876 4361 1982 4412 ὑπὸ

2075 3177 2300 3248 aggredi
2337 3177 2390 3230 in
2447 3177 2629 3230 animo
2663 3174 2894 3241 habuit;
2924 3173 3070 3226 inani
3116 3171 3329 3225 scilicet
3349 3185 3444 3241 spe
3473 3169 3654 3224 fretus

2079 3270 2250 3338 ipsam
2305 3267 2632 3335 occupandi,
2665 3265 3050 3333 Marinumque
3087 3261 3306 3317 obviam
3338 3261 3443 3316 sibi
3477 3259 3650 3330 prod-

2075 3369 2292 3414 euntem
2324 3399 2339 3424 ,
2381 3373 2505 3412 cum
2548 3355 2724 3426 copiis
2771 3355 2892 3425 ejus
2938 3355 3220 3416 omnibus,
3276 3351 3648 3422 opprimendi.

2078 3448 2327 3503 Marinus
2385 3458 2566 3502 autem
2617 3447 2694 3516 de.
2738 3446 2864 3499 vivo
2921 3445 3021 3499 illo
3077 3445 3370 3512 sulphure,
3434 3440 3580 3512 quod
3618 3457 3652 3494 a

2051 3539 2408 3609 philosopho
2438 3545 2751 3608 acceperat,
2792 3535 3028 3606 navigiis
3053 3535 3299 3603 undique
3327 3531 3654 3593 distribuit;

2077 3632 2265 3686 nautis
2293 3632 2517 3700 insuper
2543 3630 2796 3683 indicans
2815 3639 2866 3685 et
2893 3627 3184 3692 militibus,
3217 3627 3292 3679 nil
3313 3625 3482 3678 armis
3511 3637 3654 3692 opus

2078 3740 2233 3788 esse;
2287 3723 2449 3778 modo
2512 3732 2570 3776 ut
2606 3721 2674 3776 de
2733 3723 2856 3774 vivo
2895 3721 2986 3773 illo
3027 3719 3298 3787 sulphure
3335 3714 3654 3784 acciperent

2073 3813 2712 3884 jussit,navibusquein
2757 3811 3046 3865 adversum
3077 3795 3499 3863 oc'currentibus
3546 3804 3654 3857 im-
3721 3877 3736 3893 ι

2081 3911 2392 3975 mitterent;
2415 3925 2535 3980 quae
2560 3910 2760 3965 exinde
2786 3909 2972 3963 statim
2997 3907 3422 3977 conﬂagratum
3440 3913 3652 3961 essent.

2082 4001 2240 4066 Quod
2258 4001 2303 4055 si
2323 3999 2638 4054 ulteriorem
2662 4000 2830 4054 etiam
2856 3999 3031 4068 ripam
3055 3987 3325 4066 occupare
3352 3996 3650 4062 potuerint,

2083 4092 2189 4146 hoc
2245 4091 2426 4160 ipsum
2463 4090 2626 4144 tectis
2679 4089 2918 4144 hostium
2952 4088 3300 4157 imperatoris
3329 4086 3411 4140 uti
3453 4086 3652 4154 injice-

2081 4187 2226 4248 rent,
2265 4181 2319 4235 in
2349 4179 2625 4234 mandatis
2663 4178 2834 4234 dedit.
2865 4179 3111 4234 Marinus
3147 4178 3352 4248 itaque,
3387 4176 3484 4230 ubi
3516 4191 3656 4245 prte-

2082 4279 2321 4341 ceptum,
2367 4270 2529 4342 505
2573 4269 2721 4340 quod
2771 4285 2802 4325 a
2845 4269 3176 4341 philosopho
3219 4276 3533 4338 acceperat,
3586 4267 3656 4322 de

2086 4363 2322 4441 navigiis
2381 4363 2484 4417 hoc
2541 4361 2705 4416 modo
2756 4360 3183 4425 comburendis,
3234 4357 3658 4427 vectoribusque

407 4447 500 4499 τού
537 4445 712 4516 πυρὸς
737 4445 806 4498 τὰ
845 4445 1005 4498 πλοῖα
1050 4447 1146 4498 καὶ
1177 4444 1520 4509 ποντίζονται
1547 4446 1819 4518 αὔτανδρα
1845 4449 1970 4520 (56),

2087 4457 2532 4527 submergendis,
2573 4455 2845 4510 militibus
2888 4454 3006 4508 suis
3043 4451 3390 4516 tradidisset,
3427 4449 3660 4504 ulterio-

410 4537 778 4609 παρήγγειλεν
823 4537 1006 4600 αὐτοῖς
1058 4536 1273 4606 ῥίπτειν
1301 4555 1314 4568 ·
1358 4537 1452 4590 καὶ
1507 4537 1768 4609 ὥρμησεν
1815 4543 1895 4604 είς
1925 4542 1984 4595 τὸ

409 4627 582 4698 πέραν
627 4626 773 4680 κατά
817 4627 1136 4680 Βιταλιανοῢ
1170 4627 1266 4681 καὶ
1304 4627 1416 4680 τῶν
1455 4627 1759 4699 ἀνθρώπων
1791 4631 1983 4686 αὑτοῦ.

411 4718 520 4773 Καὶ
564 4720 910 4792 κατήντησαν
940 4721 1033 4773 καὶ
1060 4718 1127 4774 τὰ
1173 4719 1333 4772 πλοῖα
1372 4715 1718 4786 Βιταλιανοῦ,
1755 4724 1849 4776 καὶ
1892 4723 1984 4776 εύ-

2084 4563 2198 4603 rem
2229 4548 2498 4615 trajectus
2529 4548 2702 4616 ripam
2735 4547 2887 4616 petit,
2911 4544 3249 4597 Vitalianum
3273 4555 3653 4612 aggressurus.

2089 4637 2195 4692 Sed
2223 4647 2278 4692 et
2314 4637 2630 4692 Vitalianus
2674 4649 2894 4706 quoque
2929 4633 3138 4688 Marino
3171 4647 3296 4688 sese
3325 4633 3540 4686 obviam
3568 4630 3657 4684 de-

2086 4730 2204 4797 dit;
2249 4729 2584 4799 pr0piusque
2620 4729 2733 4796 jam
2775 4743 2803 4780 a
2839 4742 2898 4782 se
2930 4725 3168 4780 invicem
3214 4723 3424 4780 classes
3463 4719 3660 4778 abfue-

1671 4855 1906 4913 VARIA‘I
1945 4861 2246 4920 LECTIO‘N
2255 4863 2358 4920 ES.

481 4947 524 4981 "
557 4944 870 5017 δρομώνων.
897 4946 1174 5019 δρομόνων
1205 4945 1308 5002 Ox.
1342 4946 1433 5004 Sic
1462 4959 1590 5004 etv.
1624 4949 1710 5005 17.
1789 4951 1836 4982 “
1864 4954 2164 5024 ὲρῥόγευσε
2187 4959 2314 5020 CIL,
2345 4957 2608 5028 ἐρόγευσε
2647 4955 2748 5008 0x.

507 5149 596 5220 55)
628 5147 908 5220 Time-cs.
937 5147 1057 5220 Ser.
1087 5149 1338 5220 ρίπτητε.

505 5215 598 5288 56)
625 5219 743 5290 Kat
778 5215 1114 5290 ποντίζονται
1153 5215 1443 5290 αὔτανδρα.
1491 5215 1794 5290 Hesychius
1832 5240 1844 5276 :
1873 5223 1982 5276 Αὖ-

413 5287 660 5363 τανδρον,
698 5287 997 5363 οῖον-αὐτοῖς
1051 5291 1161 5363 τοῖς
1203 5287 1480 5363 ἀνδράσιν.
1692 5289 1979 5363 Βυθάριον.

417 5359 679 5427 Evagrius
707 5359 774 5410 de
806 5359 906 5410 hac
930 5359 1104 5410 navali
1139 5374 1314 5480 gugna
1346 5359 1512 5412 verba
1529 5359 1762 5420 habens.
1781 5359 1872 5416 lib.
1899 5378 1982 5428 lii,

417 5444 533 5480 can.
569 5427 657 5480 45.
707 5428 815 5479 Καὶ
861 5427 1055 5480 πρῶτα
1109 5445 1146 5480 ιι
1181 5447 1206 5479 ν
1256 5427 1620 5480 ἀνεκὼγευεν.
1673 5425 1794 5480 εἶτα
1845 5437 1982 5480 μετὰ

415 5444 533 5498 cap.
569 5427 815 5498 ᾇόηίὶαὶ
861 5427 1055 5495 πρῶτα
1108 5445 1146 5496 μ

415 5495 541 5568 τοῦς
570 5495 802 5558 ἔκπλους
831 5497 924 5568 καὶ
962 5499 1086 5560 τοὺς
1110 5495 1566 5568 ἀκροϐολισμοὺς
1629 5495 1854 5568 μεταξύ
1874 5503 1986 5554 τοῖν

414 5567 557 5640 δυοῖν
605 5567 1356 5640 στρατοπέδοιν,-ναυμαχίας
1395 5567 1672 5640 καρτερᾶς
1712 5571 1984 5640 συστάσης

419 5637 545 5710 περὶ
573 5637 646 5710 τά
669 5635 982 5705 καλούμενα
1011 5635 1502 5710 βυθάρια,μφεύγεί
1542 5635 1642 5710 μὲν
1672 5635 1983 5710 προτροπά-

421 5703 514 5774 δην
543 5705 801 5776 πρύμναν
823 5703 1197 5776 κρουσάμενος
1219 5709 1246 5760 ὁ
1272 5703 1604 5774 Βίταλίανός,
1625 5703 1734 5765 ειεζ
1754 5703 1980 5780 Bgthias

1181 5425 1620 5500 ν’ἀνεκὼχευεν,
1673 5425 1795 5500 εἶτα
1843 5425 1983 5500 μετά

1573 5059 1682 5116 ED.
1713 5061 2085 5120 CHILMEADI
2127 5066 2360 5122 NOTAE.

2083 5163 2247 5214 etiam
2279 5162 2460 5216 dictus
2488 5166 2570 5212 est
2601 5157 2754 5210 locus
2791 5157 2916 5213 iste.
2977 5163 3036 5208 ut
3067 5170 3132 5208 cx
3176 5154 3420 5225 Dionysii
3442 5155 3656 5224 Anapio

2085 5245 2186 5283 nos
2225 5231 2386 5284 docet
2411 5228 2556 5280 Petr.
2618 5226 2828 5294 Gyllius
2885 5225 2958 5279 De
3010 5225 3170 5294 Bosp.
3205 5225 3404 5278 Thrac.
3459 5226 3552 5278 Iih.
3598 5241 3658 5288 tt,

2085 5314 2209 5368 cap.
2243 5299 2278 5353 9
2314 5317 2326 5352 :
2357 5296 2556 5351 Deinde
2575 5307 2650 5368 est
2669 5293 2950 5368 Calamus,
2973 5305 3022 5346 et
3038 5293 3274 5368 _Bythias
3297 5310 3315 5346 :
3337 5294 3428 5368 itte
3453 5311 3484 5347 α
3507 5296 3659 5348 cata-

2089 5363 2298 5420 morum
2335 5367 2696 5424 multitudine,
2735 5363 2818 5416 hic
2878 5367 2941 5416 ab
2993 5363 3110 5416 alia
3163 5365 3484 5432 proiectione
3531 5380 3660 5430 pro-

2083 5439 2467 5490 muntoriorum
2520 5435 3050 5502 circumsurgemimn
3123 5438 3450 5486 nominatur.
3513 5432 3659 5487 Idem

2108 5519 2286 5561 tamen
2347 5507 2430 5562 sui
2494 5505 2718 5559 oblitus.
2778 5503 2852 5556 lle
2919 5505 3240 5571 topograph.
3305 5505 3659 5558 'tlonstantiu.

2091 5577 2188 5631 lib.
2233 5593 2306 5641 tv,
2329 5591 2450 5644 cap.
2484 5573 2572 5644 10,
2610 5572 2848 5625 Vitharia
2883 5573 3060 5644 locum
3091 5575 3237 5628 hunc
3276 5583 3455 5636 vorat,
3511 5572 3649 5628 Vita-

2089 5646 2220 5702 iiani
2255 5641 2528 5716 proﬂigati
2566 5643 2847 5700 historiam
2883 5657 2947 5698 ex
2977 5641 3208 5714 Evagrio
3242 5644 3499 5699 recitatis.
