3988 6136
361 311 464 376 601

1459 319 2138 387 CHRONOGRAPHIA.
2171 353 2238 366 --
2267 329 2420 390 LIB.
2459 329 2617 390 XVI.

3517 339 3692 402 602'

369 425 652 486 παδοκίις,
683 423 778 477 καὶ
811 423 1236 495 πραιδεύσαντες
1263 427 1434 499 αὐτὴν
1479 433 1572 484 καὶ
1626 433 1756 498 ὅσας
1801 455 1925 508 παρ.

2049 437 2118 494 iis
2166 437 2332 494 etiam
2373 438 2652 502 omnibus,
2688 452 2826 509 quas
2879 440 3259 506 praeteribant,
3305 445 3624 515 regionibus

369 518 530 588 ἦλθον
579 517 764 588 χώρας
805 515 1094 584 Ῥωμαίων
1117 557 1133 582 ,
1189 517 1286 572 καί⁵
1338 520 1638 590 ἐφόνευσαν
1669 526 1898 591 πολλοὺς
1923 566 1940 592 ,

367 609 465 662 καὶ
485 608 724 661 ἔκαυσαν
750 605 820 660 τὰ
841 607 1124 676 κτήματα,
1161 609 1256 662 καὶ
1285 609 1540 678 λαϐόντες
1563 615 1942 685 αἰχμαλωσίαν

366 698 564 768 πολλὴν
607 695 986 768 ἀνεχώρησαν.
1023 693 1228 752 Ἦλθον
1279 701 1338 754 δὲ
1384 703 1434 756 οί
1468 705 1578 758 άπὸ
1627 707 1730 777 τῆς
1773 709 1940 779 αἰχμ-

363 789 604 852 αλωσίας
639 789 1077 859 πραιδευθέντες,
1111 792 1204 844 καὶ
1235 792 1406 848 πολλὰ
1427 797 1704 867 παρέσχεν
1727 801 1754 852 ό
1785 799 1941 868 βασι-

363 882 484 945 λεὺς
538 879 690 954 [1231
761 883 872 946 τοῖς
934 883 1340 950 πραιδευθεῖσιν
1409 887 1650 959 ἑκάστης
1704 892 1936 956 πόλεως.

367 974 594 1026 Ἐκτισε
622 971 682 1025 δὲ
719 971 816 1024 καὶ
847 971 1000 1044 τείχη
1051 975 1172 1038 ταῖς
1211 977 1478 1044 μεγάλαις
1519 978 1734 1049 κώμαις
1782 983 1940 1036 Καπ.

365 1065 628 1126 παδοκίας
659 1063 756 1117 καὶ
787 1065 1126 1133 ἠσφαλίσατο
1153 1066 1252 1130 τὰς
1281 1068 1374 1121 δύο
1399 1071 1825 1136 Καππαδοκίας·
1846 1076 1940 1129 καὶ

366 1155 712 1226 συνεχώρησε
747 1155 954 1219 πάσαις
993 1159 1114 1220 ταῖς
1159 1159 1602 1228 πραιδευθείσαις
1646 1163 1940 1236 ἐπαρχίαις

362 1247 458 1311 τὰς
483 1247 798 1311 συντελείας
825 1248 906 1311 εἰς
935 1247 1142 1302 τέλειον
1169 1249 1263 1304 ἐπὶ
1295 1250 1390 1320 ἔτη
1429 1250 1500 1321 γ’.

439 1427 566 1482 Ἐπὶ
593 1427 652 1479 δέ
679 1426 780 1496 τῆς
805 1426 971 1480 αὑτοῦ
995 1426 1272 1497 βασιλείας
1293 1428 1496 1484 ἔπαθεν
1521 1431 1628 1484 ὑπὸ
1649 1431 1938 1504 θεομηνίας

362 1522 394 1591 ή
435 1520 618 1584 Ῥόδος
645 1522 810 1592 νῆσος
838 1520 900 1573 τὸ
935 1521 1120 1592 τρίτον
1149 1522 1321 1593 αὐτῆς
1343 1523 1516 1587 πάθος
1560 1527 1754 1590 νυκτός
1773 1544 1786 1559 ο
1841 1528 1937 1582 καὶ

361 1611 527 1665 πολλὰ
553 1612 738 1675 αὐτοῖς
767 1614 880 1676 τοῖς
915 1613 1342 1683 περιλειφθεῖσιν
1390 1617 1684 1690 ἐχαρίσατο
1729 1620 1822 1673 καὶ
1866 1623 1932 1692 τῇ

359 1703 508 1756 πόλει
539 1703 686 1774 λόγῳ
717 1703 1055 1772 κτισμάτων.

2045 527 2418 584 Romanorum
2439 527 2844 598 depraedantes,
2879 532 3322 600 quamplurimos
3355 537 3624 596 occisioni

2043 618 2316 674 dederunt
2342 635 2357 674 :
2383 625 2438 674 et
2469 619 2918 688 possessionibus
2956 635 3150 674 eorum
3194 621 3420 692 ignibus
3459 626 3624 689 deva:

2043 709 2226 773 statis,
2259 723 2383 762 cum
2419 709 2598 777 praeda
2639 709 2844 779 ingenti
2897 719 3264 766 recesserunt.
3295 715 3623 770 Accedenti-

2041 799 2146 854 bus
2174 800 2358 867 itaque
2389 799 2454 852 ad
2495 799 2876 868 imperatorem
2913 814 2945 854 a
2973 800 3208 870 singulis
3245 803 3362 858 suis
3391 805 3622 862 urbibus

2041 890 2136 960 qui
2173 889 2334 946 bonis
2361 890 2478 946 suis
2505 890 2656 944 exuti
2688 889 2927 956 fuerant,
2958 891 3175 946 abunde
3199 893 3280 947 eis
3307 894 3622 964 suppedita-

2042 989 2158 1034 tum
2207 990 2312 1035 est.
2367 981 2511 1047 Quin
2575 991 2628 1036 et
2678 983 3002 1050 grandiores
3045 981 3406 1052 Cappadocia
3453 1003 3620 1058 pagos

2042 1070 2342 1138 imperator
2377 1071 2652 1126 moenibus
2699 1073 2910 1138 cinxit;
2957 1071 3360 1143 Cappadociam
3401 1092 3620 1145 quoque

2040 1169 2334 1232 utramque
2377 1164 2810 1232 propugnaculis
2844 1165 3099 1230 munivit,
3147 1167 3412 1236 spoliatas
3451 1169 3616 1224 etiam

2040 1253 2355 1320 provincias
2385 1267 2416 1306 a
2445 1253 2670 1309 tributis
2700 1255 3126 1326 quibuscunque
3178 1257 3498 1326 peudendis:
3513 1273 3616 1328 per

2041 1341 2334 1396 triennium
2395 1343 2666 1398 immunes
2693 1359 2816 1400 esse
2833 1345 3026 1414 jussit.

2107 1431 2312 1486 Eodem
2357 1432 2688 1502 imperante,
2727 1435 2948 1490 tertiam
2981 1439 3227 1494 calcatis
3269 1440 3363 1494 irae
3389 1441 3614 1496 vicissi-

2037 1518 2282 1574 tudinem
2320 1529 2594 1577 nocturno
2635 1529 2880 1592 tempore
2925 1540 3088 1594 passa
3120 1533 3206 1580 est
3261 1525 3490 1584 Rhodus
3529 1530 3616 1582 in-

2037 1611 2154 1666 sula
2190 1629 2204 1664 :
2237 1609 2302 1664 ad
2331 1625 2494 1682 quam
2522 1613 2954 1679 resarciendam,
2987 1618 3377 1685 superstitibus
3417 1619 3612 1676 incolis

2039 1701 2337 1769 imperator
2367 1702 2602 1771 plurima
2637 1703 2872 1772 largitus
2901 1715 3004 1760 est.

435 1793 525 1846 Ἑν
552 1793 610 1847 δὲ
638 1795 702 1864 τῇ
751 1793 915 1847 αὑτοῦ
979 1793 1225 1866 βασιλείᾳ
1252 1795 1469 1864 ἐγένετο
1514 1798 1782 1871 δημοτικὴ
1831 1803 1925 1855 ἐπε

2105 1793 2364 1860 Ejusdem
2413 1795 2520 1848 sub
2563 1795 2814 1864 imperio,
2843 1797 3112 1852 tumultus
3141 1801 3196 1852 in
3245 1801 3452 1869 populo
3499 1801 3609 1872 By-

359 1887 644 1948 ανάστασις
668 1887 799 1956 περὶ
814 1885 909 1940 τοῦ
935 1887 1326 1957 Χριστιανικοῦ
1351 1888 1624 1956 δόγματος
1654 1891 1806 1962 παρά
1819 1891 1930 1947 τῶν

357 1977 666 2040 Βπαντίων
711 1979 770 2030 ἐν
811 1978 1408 2042 Κωνσταντινουπόλει,
1459 1980 1535 2043 ὡς
1579 1980 1930 2050 βουληθέντος

355 2067 442 2120 τοῦ
481 2067 650 2120 αὐτοῦ
681 2067 948 2137 βασιλέως
979 2068 1296 2138 προσθεῖναι
1321 2072 1402 2132 εἰς
1422 2070 1486 2122 τὸ
1515 2071 1812 2140 Τρισάγιος
1839 2073 1922 2136 τὸ,

365 2157 423 2210 '0
468 2159 836 2226 σταυρωθείς
881 2157 957 2212 δι’
999 2158 1158 2227 ἡμᾶς
1207 2159 1356 2230 (60),
1401 2161 1696 2230 Ἐλέησον
1743 2161 1925 2232 ἡμᾶς,

353 2248 528 2312 καθὼς
557 2251 618 2302 ἐν
643 2251 766 2313 ταῖς
789 2251 1136 2314 άνατολικαῖς
1165 2251 1354 2304 πόλεσι
1389 2251 1626 2321 λέγουσι.
1665 2255 1774 2307 Καὶ
1803 2272 1927 2308 συν-

351 2340 634 2410 αθροισθὲν
659 2341 720 2392 τὸ
777 2341 982 2410 πλῆθος
1027 2341 1128 2410 τῆς
1173 2343 1384 2406 πόλεως
1414 2345 1742 2398 ἐστασίασαν
1765 2347 1926 2400 δυνα-

349 2429 471 2494 τῶς,
513 2429 590 2492 ὥς
620 2447 768 2492 τινος
805 2431 1118 2501 παραξένου
1165 2432 1594 2502 προστιθεμένου
1648 2435 1714 2503 τῇ
1745 2433 1924 2488 πίστει

348 2519 452 2571 τῶν
477 2519 848 2588 Χριστιανῶν.
898 2521 1009 2572 Kal
1037 2520 1232 2590 θρύλος
1253 2523 1298 2553 ⁰⁵
1329 2523 1546 2590 ἐγένετο
1575 2524 1634 2574 ἐν
1665 2521 1812 2593 [ιεθ]
1845 2523 1924 2593 τῷ

349 2610 612 2680 παλατίῳ,
645 2609 786 2662 ὥστε
817 2610 910 2662 τὸν
942 2609 1184 2683 ἔπαρχον
1219 2613 1316 2682 τῆς
1345 2613 1554 2675 πόλεως
1583 2615 1628 2645 ³⁸
1663 2615 1922 2668 Πλάτωνα

348 2701 714 2772 είσδραμὸντα
743 2703 936 2769 φυγεῖν
965 2703 1062 2754 καὶ
1087 2703 1468 2772 άποκρυϐἦναι
1505 2703 1605 2773 τὴν
1631 2703 1722 2756 τοῦ
1749 2705 1920 2774 δήμου

346 2785 532 2861 ὀργήν.
569 2791 844 2862 Ἐκραζον
887 2793 996 2862 γὰρ
1023 2793 1430 2858 στασιάζοντες,
1472 2794 1666 2848 Ἀλλον
1700 2795 1921 2864 βασιλέα

345 2886 407 2954 τῇ
452 2885 768 2955 Ῥωμανίᾳί
817 2886 914 2939 καὶ
949 2886 1278 2948 ἀπελθόντες
1305 2888 1386 2949 είς
1426 2887 1494 2940 τὰ
1533 2887 1778 2958 Μαρίνου
1825 2887 1918 2942 τοῦ

347 2973 518 3045 Σύρου
571 2974 665 3027 τοῦ
700 2975 810 3028 ἀπὸ
852 2975 1112 3046 ἐπάρχων
1143 2976 1386 3030 ἔκαυσαν
1417 2977 1510 3030 τὸν
1553 2974 1700 3032 οἷκον
1753 2979 1916 3034 αὐτοῦ

2033 1885 2280 1953 zantino,
2312 1885 2598 1954 religionis
2634 1901 2826 1950 causa,
2875 1887 3038 1958 407
3077 1888 3203 1944 inde
3249 1897 3475 1948 coortus
3501 1901 3608 1956 est,

2031 1975 2175 2046 quod
2211 1977 2506 2044 imperator
2537 1976 2740 2046 hymno
2773 1975 3028 2047 Trisagio
3053 1978 3220 2048 adjici
3249 1983 3422 2036 voluit
3456 1983 3608 2037 clau-

2031 2067 2208 2120 sulam
2241 2067 2386 2120 hanc
2418 2084 2430 2119 :
2460 2065 2568 2131 Qui
2603 2067 2891 2135 cruciﬁxus
2925 2083 2978 2121 es
3015 2084 3108 2136 pro
3145 2070 3322 2135 nobis,
3358 2069 3607 2128 miserere

2029 2157 2220 2220 nostri,
2271 2157 2326 2210 in
2377 2159 2630 2212 ecclesiis
2665 2155 3040 2214 Orientalibus
3087 2161 3312 2214 recitari
3360 2164 3602 2218 solitam.

2027 2247 2232 2302 Coacta
2277 2248 2462 2316 itaque
2505 2247 2560 2301 in
2609 2263 2778 2301 unum
2835 2249 3208 2313 multitudine,
3259 2254 3604 2321 perturbatio

2027 2353 2210 2392 rerum
2235 2339 2426 2408 ingens
2447 2339 2592 2392 laeta
2621 2347 2726 2400 est,
2751 2351 2814 2392 ac
2844 2339 2889 2393 si
2912 2339 3420 2410 novitiumaliquod
3442 2343 3604 2397 Chri-

2027 2427 2218 2484 stianae
2249 2426 2368 2480 lidei
2403 2437 2650 2482 assutum
2674 2435 2842 2481 esset.
2875 2425 2934 2478 In
2959 2426 3158 2494 palatio
3186 2429 3352 2482 etiam
3387 2432 3598 2484 tumul-

2025 2523 2112 2572 tus
2139 2523 2257 2572 erat
2273 2515 2408 2572 adeo
2429 2517 2633 2586 gravis,
2659 2525 2718 2569 ut
2739 2515 2912 2576 Plato,
2937 2515 3090 2569 urbis
3120 2515 3436 2585 praefectus,
3475 2519 3602 2588 luga

2025 2605 2130 2660 sibi
2167 2606 2488 2670 consulens,
2523 2607 2761 2660 latebras
2811 2599 3123 2673 quaesierit,
3174 2607 3268 2660 ubi
3327 2623 3360 2660 a
3419 2609 3602 2666 furore

2023 2696 2209 2764 populi
2238 2701 2390 2750 tutus
2409 2693 3040 2762 delitescerel._Populus
3067 2695 3214 2748 enim
3250 2699 3600 2754 tumultuans

2022 2786 2413 2855 imperatorem
2445 2786 2610 2838 alium
2645 2785 2925 2838 Romanis:
2957 2787 3238 2854 poscebat.
3275 2787 3422 2850 Quin
3447 2798 3500 2842 et
3535 2790 3590 2844 in

2020 2878 2162 2932 aedes
2197 2877 2394 2932 Marini
2444 2877 2587 2948 Syri,
2620 2875 2954 2946 expraafecti,
2987 2877 3284 2940 irruentes,
3313 2878 3493 2949 ignem
3523 2889 3602 2936 te-

2019 2971 2126 3024 ctis
2169 2967 2510 3038 injiciebant,
2561 2969 2814 3036 bonaque
2855 2967 2976 3036 ejus
3007 2967 3340 3036 diripiebant
3389 2971 3596 3026 omnia.

345 3067 436 3116 καὶ
467 3065 832 3134 ἐπραίδευσαν
884 3063 954 3117 τὰ
997 3065 1164 3118 αὐτοῦ
1219 3065 1396 3118 πάντα
1421 3081 1436 3098 ο
1485 3067 1795 3138 αὐτὸνγὰρ
1821 3071 1918 3139 οὺχ

2030 3059 2132 3116 Sed
2171 3069 2226 3116 et
2265 3061 2458 3114 aeraria
2501 3074 2721 3131 quoque
2747 3059 2868 3128 ejus
2900 3059 3232 3128 expilabaut,
3281 3070 3597 3131 argentum-

345 3147 519 3226 εὖρον.
579 3155 850 3218 Ἀκούσας
905 3156 1014 3225 γάρ
1075 3155 1156 3208 ὅτι
1207 3159 1288 3219 είς
1321 3157 1414 3210 τὸν
1469 3157 1636 3210 αὐτοῦ
1693 3160 1756 3210 τὸ
1783 3160 1917 3212 πολὺ

345 3246 546 3316 πλῆθος
573 3245 668 3299 τοῦ
706 3247 880 3316 δήμου
931 3245 1170 3316 ἔρχεται,
1206 3245 1408 3314 ἔφυγεν
1434 3265 1448 3278 ·
1485 3247 1670 3315 ἔλεγον
1698 3250 1804 3318 γὰρ
1837 3251 1919 3302 ὅτι

343 3333 415 3396 ὡς
447 3333 766 3396 άνατολικὺς
797 3334 961 3398 αὐτὸς
989 3334 1068 3404 τῷ
1117 3334 1332 3404 βασιλεῖ
1383 3337 1623 3390 ὑπέϐαλε
1665 3337 1920 3405 λέγεσθαι

341 3423 518 3480 τοῦτο.
570 3423 684 3477 Kal
729 3425 1160 3495 πραιδεύσαντες
1215 3425 1286 3478 τὰ
1331 3425 1498 3480 αὐτοῦ
1541 3427 1778 3497 δημόσια
1805 3429 1916 3500 (61)

340 3515 429 3565 τὺν
466 3513 710 3583 ἄργυρον
757 3512 922 3566 αὐτοῦ
975 3517 1054 3578 εἰς
1101 3515 1290 3580 ἀξίνας
1325 3515 1554 3568 ἔκοπτον
1592 3517 1685 3568 καὶ
1728 3518 1918 3588 ἐμερί-

339 3601 512 3666 ζοντο.
546 3596 722 3671 Εὗρον
747 3601 802 3654 δὲ
833 3603 916 3666 είς
949 3602 1042 3658 τὸν
1071 3599 1220 3656 οἷκον
1249 3602 1414 3656 αὑτοῦ
1453 3604 1752 3674 μονάζοντα
1782 3605 1912 3658 ἀνα-

339 3691 576 3762 τολικὸν,
616 3692 716 3745 καὶ
749 3691 940 3746 τοῦτον
961 3693 1008 3725 ’⁷
1067 3692 1427 3758 συλλαϐόντες
1471 3695 1790 3762 ἐφόνευσαν,
1821 3695 1914 3748 καὶ

339 3789 434 3858 τὴν
457 3787 702 3856 κεφαλὴν
729 3786 895 3841 αὐτοῦ
925 3788 1006 3850 είς
1043 3787 1233 3841 κοντὸν
1273 3787 1632 3858 βαστάζοντες
1657 3787 1910 3858 ἔκραζον,

340 3877 505 3947 Οὗτός
532 3885 682 3936 ἐστιν
715 3882 746 3934 ὁ
787 3880 1072 3944 ἐπίϐουλος
1100 3881 1198 3952 τῆς
1228 3881 1480 3952 Τριάδος.
1520 3882 1632 3935 Kal
1669 3882 1916 3946 ἐλθόντες

339 3974 418 4038 είς
465 3973 534 4026 τὰ
605 3971 902 4038 Ἰουλιανῆς
965 3972 1066 4040 τῆς
1123 3972 1564 4041 ἐπιφανεστάτης
1622 3971 1916 4040 πατρικίας

341 4062 568 4135 ἔκραζον
612 4065 701 4116 διὰ
747 4063 837 4115 τὸν
892 4061 1062 4133 ἄνδρα
1109 4063 1280 4131 αὐτῆς
1321 4063 1657 4133 Ἀρεόϐινδον
1693 4061 1914 4131 βασιλέα

341 4156 404 4225 τῇ
433 4154 746 4226 Ῥωμανίᾳ·
793 4153 888 4222 καὶ
915 4151 1116 4221 ἔφυγεν
1155 4152 1489 4222 Ἀρεόϐινδος
1540 4153 1598 4205 ἐν
1627 4151 1915 4221 περάματι

2021 3169 2128 3222 que
2173 3154 2311 3208 inibi
2349 3155 2650 3214 inventum,
2689 3153 2982 3208 securibus
3027 3153 3368 3208 dissecantes
3412 3154 3598 3210 distri—

2020 3244 2282 3298 buebant.
2333 3243 2604 3298 Marinum
2644 3259 2776 3298 vero
2835 3245 3014 3312 ipsum
3049 3259 3157 3298 non
3219 3245 3595 3316 invenerunt;

2021 3337 2221 3404 quippe
2253 3334 2365 3396 hic,
2404 3334 2547 3388 fama
2601 3333 2775 3388 turbat
2824 3334 3226 3389 nuinerosioris
3281 3339 3422 3391 aedes
3464 3352 3594 3393 suas

2021 3426 2300 3500 adorturus
2351 3433 2596 3494 accepta,
2645 3423 2982 3480 subduxerat
3031 3439 3174 3480 sese.
3237 3425 3596 3481 Existimabat

2020 3517 2166 3572 enim
2237 3515 2486 3584 popellus
2539 3514 2836 3580 Marinum,
2880 3515 3028 3584 quod
3081 3515 3378 3572 Orientalis
3425 3527 3593 3582 esset,

2019 3606 2284 3663 clausula:
2333 3607 2500 3670 hujus
2549 3605 2804 3676 Trisagio
2870 3605 3215 3674 adjiciendae,
3275 3607 3596 3676 imperatori

2019 3705 2301 3750 auctorem
2335 3695 2518 3750 fuisse.
2553 3695 2876 3750 Monachum
2919 3711 3048 3748 vero
3087 3693 3439 3760 Orientalem,
3462 3696 3596 3750 tedi-

2019 3788 2123 3842 bus
2165 3787 2358 3840 Marini
2389 3794 2688 3854 repertum,
2729 3783 3259 3854 comprehendentes
3304 3785 3594 3840 intereme-

2022 3887 2184 3942 runt;
2219 3885 2490 3946 contoque
2526 3876 2742 3930 aliixum
2785 3885 2952 3944 caput
2986 3874 3466 3940 circumferentes,
3501 3891 3596 3931 ex-

2021 3969 2331 4022 clamabant
2373 3985 2386 4021 :
2449 3965 2590 4021 Ecce
2661 3967 2950 4020 Trinitatis
3003 3965 3400 4020 insidiatorem.
3452 3965 3592 4021 Tum

2023 4073 2152 4114 vero
2185 4055 2418 4112 Julianaa
2453 4057 2812 4112 nobilissima:
2850 4057 3094 4126 patriciae
3122 4056 3267 4111 aedes
3298 4056 3594 4112 advenien-

2021 4155 2124 4212 tes,
2152 4148 2332 4202 virum
2379 4147 2500 4218 ejus
2545 4147 2916 4202 Areobindum
2963 4145 3350 4216 imperatorem
3387 4145 3592 4200 Roma-

1655 4245 1914 4320 nam}.
1953 4263 2376 4320 LECTIONES.

406 4361 450 4394 "
469 4357 700 4430 θρύλλος
724 4355 828 4411 0x.
905 4356 952 4388 ⁹⁶
979 4355 1180 4420 πόλιως
1228 4355 1330 4412 0x.
1428 4359 1476 4394 '7
1529 4357 1718 4410 κόντον
1769 4356 1874 4410 0x.

1508 4487 1616 4542 ΕΙ).
1651 4487 2032 4544 CHILMEADI
2063 4487 2297 4546 NOTIE.

405 4583 516 4654 (60)
544 4582 612 4654 _'O
641 4578 978 4654 σταυρωθεὶς
1005 4581 1074 4633 δι’
1098 4580 1272 4654 ἡμᾶς,
1301 4579 1520 4654 ἐλέησον
1542 4581 1709 4654 ἡμᾶς..
1740 4582 1907 4654 Τρισ-
1939 4585 1985 4639 D
2019 4580 2308 4654 Passienus
2357 4595 2452 4654 eos
2493 4587 2650 4654 vocat
2701 4578 3048 4654 llarcellinus
3089 4597 3121 4654 :_
3135 4579 3228 4654 _Die
3285 4580 3584 4654 Dominum,

339 4648 511 4722 άγίος,
543 4648 908 4722 hymnusest,
935 4648 1700 4722 GraecaEcclesia’decantari
1723 4648 1905 4705 solita.

337 4718 510 4780 Vérba
541 4718 731 4790 autem?
754 4727 912 4790 erant
943 4719 1056 4773 halt:
1079 4719 1302 4790 ξ’ᾊγιος
1337 4719 1368 4770 ὁ
1389 4718 1542 4782 θεὸς,
1567 4718 1906 4790 ἂγιοςᾼίσχυ-

339 4793 450 4916 ἕὸς,
499 4791 654 4858 ἅγιος
713 4788 1000 4870 ἀθάνατος,
1056 4789 1280 4858 ἐλέησον
1350 4790 1527 4910 ἡμᾶς·
1595 4790 1678 4870 his
1711 4788 1906 4871 Petrus

381 4861 511 4916 ullo.
573 4859 832 4914 Ecclesiae
863 4857 1218 4912 Antiochense
1250 4856 1353 4911 sub
1431 4873 1568 4912 eone
1597 4873 1726 4916 nmo.
1765 4867 1906 4914 antt.

381 4856 511 4924 ullo,
551 4856 832 4914 Ecclesia:
863 4856 1218 4912 Antiochense
1250 4856 1353 4911 sub
1387 4856 1568 4912 Leone
1596 4859 1726 4926 imp.
1765 4861 1908 4914 anti-

338 4940 468 4990 stes.
501 4929 814 4996 clausulam
841 4929 982 4982 hanc
1011 4938 1134 4996 post
1157 4927 1627 4996 ἂγιοςάθάνατος,
1655 4927 1862 4982 addidit
1888 4947 1902 4983 :

336 4995 864 5080 xptot§_@aat7tsﬁ,.6
881 4995 1214 5080 atauptnOsl;
1265 4995 1332 5080 sv
1363 4998 1535 5080 ἡμᾶς·
1569 5007 1754 5080 postea
1782 5013 1910 5054 vero

339 5066 398 5125 in
421 5066 683 5124 exsilium
741 5067 952 5135 pulsus,
1009 5066 1132 5120 cum
1167 5067 1384 5120 tandem
1415 5067 1596 5121 denuo
1635 5081 1663 5119 a
1693 5066 1910 5124 Zenone

337 5137 680 5209 episcopatui
703 5151 808 5191 suo
825 5138 1114 5190 restitutus
1133 5135 1348 5196 luisset,
1375 5135 1459 5190 his
1497 5137 1742 5202 omissis,
1773 5139 1908 5209 Χρι-

339 5211 428 5262 στέ
449 5207 940 5278 βασιλεῦηιειὶίιιιε
966 5205 1238 5278 retinuit,
1265 5219 1472 5278 nempe
1490 5207 1532 5278 ⁸ᾧ
1571 5207 1908 5278 σταυρῳοεὶς

339 5225 428 5262 στε
449 5225 695 5268 βασιλευ,
729 5225 940 5268 rettqua
985 5225 1238 5268 Γειιιιιιιι,

339 5221 428 5262 ste
449 5221 695 5278 βασιλευ,
729 5221 940 5274 rettqua
985 5221 1238 5268 retinuit,
1277 5221 1472 5273 nempe
1504 5221 1532 5257 ο
1571 5221 1906 5274 σταυρωυεις

337 5278 402 5332 δι’
421 5275 893 5348 ἠμᾶςλζρᾱζοιιιιε
922 5291 934 5326 :
965 5276 1236 5348 Πρότερον
1256 5276 1321 5348 δὲ.
1334 5275 1640 5348 προσέθηκε
1675 5275 1906 5347 [Πέτρος

335 5349 364 5400 ό
381 5343 660 5415 κναφεὺς]
682 5344 762 5413 τῷ
779 5343 1086 5415 Τρισαγίῳ,
1115 5343 1329 5413 Χριστὲ
1342 5345 1626 5415 βασιλεῦ,
1660 5343 1694 5400 ὁ
1720 5343 1907 5402 arav-

333 5412 536 5484 ρωθεὶζ-
571 5412 858 5484 sr'ayac,
901 5412 1125 5484 ὕστερον
1159 5412 1238 5467 ίδὲ
1277 5413 1470 5480 ἐλθὼν,
1538 5415 1778 5484 περιεῖλε
1821 5415 1904 5482 τὸ,

339 5485 552 5553 Χριστὲ
593 5483 880 5554 βασιλεῦ.
934 5483 1219 5554 Deinceps
1241 5485 1424 5554 itaque
1451 5483 1711 5554 clausula:
1745 5486 1906 5554 hujus

337 5551 526 5624 addito
553 5555 700 5624 apud
733 5551 1154 5624 Antiochenses,
1183 5551 1566 5623 Ecclesiasque
1590 5551 1902 5610 Orientales

339 5621 652 5688 obtinebat;
701 5622 846 5692 unde
885 5635 912 5674 a
957 5621 1598 5692 Constantinopolitanis,
1636 5635 1687 5678 ct
1740 5624 1901 5679 Occi-

343 5692 676 5761 dentalibus,
739 5691 1150 5760 Theopaschitw,
1217 5691 1346 5752 dicti
1405 5701 1534 5751 sunt
1571 5693 1898 5750 Orientales.

2015 4650 2142 4704 dum
2160 4650 2379 4718 jubente
2399 4649 2680 4703 Anastasio
2709 4649 2921 4704 Cazsare
2959 4665 3049 4716 per
3081 4649 3359 4709 Platonem
3393 4653 3445 4704 in
3475 4653 3582 4708 Ec-

2015 4722 2178 4774 clesia
2203 4721 2405 4787 pulpito
2429 4720 2758 4774 insistentem
2810 4719 3144 4788 inhymnum
3181 4718 3461 4774 Trinitatis
3493 4725 3587 4778 Dei

2013 4789 2402 4844 Passianorum
2440 4789 2784 4858 quaternitas
2811 4787 3048 4846 additur.
3081 4789 3234 4858 inulti
3263 4791 3586 4848 orthodoxa-

2013 4875 2132 4912 rum
2163 4860 2390 4926 pristina
2443 4857 2562 4912 uoce
2595 4859 2900 4926 psallentes,
2951 4857 3282 4928 perﬁdosque
3315 4877 3582 4928 prmcones

2014 4928 2337 4982 clamoribus
2369 4928 2724 4999 objurgantcs,
2757 4929 2809 4981 in
2841 4927 3076 4999 ejusdem
3116 4927 3347 4984 ecclesia:
3367 4935 3584 4999 ‘gremio

2011 4999 2140 5052 εωεὲ
2168 5008 2310 5052 sunt.
2350 4997 2480 5052 Vide
2520 4998 2834 5066 Evagrium,
2881 4997 2975 5050 lib.
3009 5009 3090 5060 ιιι,
3129 5011 3247 5066 cap.
3283 4999 3350 5051 4t
3381 4997 3399 5064 ξ
3427 4999 3584 5056 Nice-

2012 5069 2242 5138 phorum
2277 5069 2369 5121 lib.
2399 5085 2508 5128 m,
2535 5083 2656 5134 cap.
2680 5069 2788 5134 4'5;
2847 5067 3116 5138 Victorem
3157 5075 3212 5119 et
3247 5068 3580 5124 (chrenum.

2082 5137 2658 5219 (61)Πραιδεύσαντες
2708 5138 2776 5189 τὰ
2832 5135 2997 5219 αὐτου
3027 5136 3283 5216 δημόσια.
3337 5139 3581 5219 Antidota

2011 5205 2101 5262 hic
2131 5205 2326 5263 etruria
2363 5209 2625 5262 vertimus
2661 5225 2673 5260 :
2706 5205 3046 5276 τρακτευτὴς
3099 5207 3266 5268 enim,
3317 5215 3370 5262 et
3399 5205 3582 5276 ⁷’λογο-

2011 5277 2192 5346 θέτης,
2221 5277 2274 5330 id
2311 5284 2415 5340 est,
2473 5277 3120 5346 publicaruntrationum
3171 5277 3436 5338 minister,
3468 5279 3582 5331 sive

2017 5345 2360 5416 vectigalium
2393 5357 2629 5416 curator,
2669 5356 2784 5400 erat
2804 5345 3079 5416 Marinus,
3119 5347 3196 5398 uti
3252 5355 3446 5416 auctor
3481 5364 3580 5400 no-

2016 5427 2130 5471 ster
2164 5415 2326 5482 supra
2355 5433 2366 5468 :
2402 5417 2462 5468 '0
2489 5415 2546 5467 δὲ
2576 5417 2736 5478 αὐτὸς
2797 5415 3048 5484 βασιλεὺς
3097 5415 3364 5484 κουφίσας
3400 5417 3581 5469 Ἰωάν-

2011 5503 2110 5556 νην
2135 5487 2224 5556 τὸν
2245 5485 2571 5556 Παφλαγόνα
2624 5487 2694 5556 ἐκ
2724 5487 2816 5556 τοῦ
2865 5485 3188 5556 τράκτεύειν
3237 5487 3312 5556 τά
3345 5485 3584 5556 δημόσια

2010 5553 2322 5626 χαρτίατοῦ
2360 5555 2694 5626 πραιτωρίου
2725 5555 2832 5626 τῶν
2881 5553 3138 5626 ἐπάρχων
3194 5553 3449 5624 ἐποίησεν
3481 5555 3614 5608 αῡ-“

2009 5624 2100 5696 τὸν
2130 5624 2238 5696 άπὸ
2265 5624 2530 5696 Αὐῗπάτων,
2581 5624 2697 5678 ἀντ’
2734 5624 2916 5696 αὐτοῦ
2963 5625 3196 5694 ποιήσας
3242 5627 3582 5696 τρακτευτὴν

2013 5694 2418 5766 καὶ,).ογοοἐτην
2445 5697 2681 5764 Μειρῖνον
2701 5695 2788 5748 τὸν
2821 5694 3010 5762 Σύροι).
