3988 6136
433 255 539 319 615

1669 267 1993 329 JOANNIS
2048 269 2372 333 MALALE

3570 280 3668 344 616

433 372 762 443 accepisset,
799 381 991 430 contra
1031 374 1230 431 Persas
1261 375 1609 433 sollicitatus.
1645 377 1780 443 lmo,
1820 379 1998 450 inquit

2101 387 2331 453 τραπεὶς
2360 388 2501 441 κατὰ
2529 387 2789 460 Περσῶν;
2817 388 2924 442 Kal
2954 383 3106 444 εἷπεν
3133 391 3163 443 6
3192 389 3433 459 Ζιλγιϐὶς
3459 391 3520 445 τὸ
3542 393 3670 461 ἀλη-

434 463 687 536 Zilgihis,
711 482 797 521 me
818 468 1100 536 accepisse
1128 467 1323 522 fateor.
1351 468 1431 523 Ad
1463 469 1577 524 haec
1609 470 1782 527 iratus
1813 470 2001 527 Persa-

434 572 558 611 rum
598 573 716 621 rex,
756 558 1097 627 credensque
1136 558 1391 614 llunnum
1428 576 1524 630 per
1549 561 1735 617 dolum
1758 564 1997 628 venisse,

433 648 640 703 occidit
668 648 849 715 illum;
875 650 1078 704 multos
1097 650 1263 704 etiam
1286 666 1350 705 ex
1369 653 1615 707 exercitu
1641 653 1763 723 ejus
1790 670 1885 724 per
1902 669 2003 711 no-

431 753 574 796 ctem
608 743 928 810 interfecit,
965 745 1130 814 plane
1155 746 1540 802 nescientibus
1576 746 1794 803 Hunnis
1834 749 1939 803 hoc
1969 764 2000 802 a

428 833 718 889 Persarum
783 851 907 907 rege
968 839 1281 907 provenire,
1315 839 1412 895 sed
1450 847 1711 911 tanquam
1769 841 1839 896 ab
1895 840 2001 894 alia

428 926 686 995 quapiam
721 927 942 996 regione
989 930 1043 983 in
1083 945 1142 985 se
1185 945 1478 1000 regemque
1523 947 1688 986 suum
1735 931 1999 1001 impetum

429 1019 631 1074 factum
667 1020 844 1077 fuisse
868 1023 1340 1078 existimantibus.
1374 1021 1475 1089 Qui
1515 1038 1647 1078 vero
1676 1039 1705 1077 a
1741 1023 1889 1079 caede
1913 1038 2002 1079 re-

429 1110 565 1181 liqui
611 1111 837 1168 fuerunt
885 1113 1107 1178 Hunni,
1164 1114 1552 1184 profugerunt.
1599 1114 1739 1169 Tum
1778 1115 1997 1170 demum

428 1203 594 1257 Coadi
635 1204 746 1274 regi
804 1205 984 1258 visum
1018 1214 1105 1259 est
1146 1204 1214 1260 de
1257 1205 1413 1273 pacis
1446 1205 1856 1261 conditionibus
1887 1213 2001 1259 tra-

428 1302 601 1357 ctare,
635 1294 820 1350 missis
854 1297 957 1350 hac
1007 1295 1075 1350 de
1124 1311 1183 1351 re
1213 1298 1412 1353 litteris
1439 1314 1532 1363 per
1562 1299 1823 1367 legatum,
1892 1296 1999 1350 La-

426 1381 644 1437 broium
692 1384 934 1450 nomine,
977 1386 1043 1439 ad
1090 1385 1372 1442 Justinum
1413 1387 1722 1442 Romanum
1757 1388 1998 1457 impera-

429 1481 625 1529 torem.
1258 1490 1271 1502 "

496 1564 659 1619 Circa
690 1565 796 1622 hoc
837 1576 1051 1637 tempus
1072 1568 1305 1629 Paulus,
1343 1565 1665 1637 patriarcha
1697 1564 1998 1619 Antioche-

427 1669 553 1722 nus,
591 1670 621 1710 e
651 1656 790 1711 vivis
837 1661 1074 1713 excessit
1106 1677 1118 1713 :
1150 1658 1316 1728 416
1349 1657 1510 1725 cujus
1544 1656 1601 1710 in
1641 1655 1827 1710 locum
1886 1655 1996 1709 Eu—

428 1714 691 1814 phrasius
745 1714 1594 1818 Hierosolymitgius'suti‘cctus
1631 1752 1717 1800 est
1766 1762 1781 1798 :
1813 1744 1911 1815 qui
1941 1752 1996 1800 et
2028 1714 2071 1774 Β

427 1836 767 1903 ονιΙιοάθποε,
793 1853 932 1908 quos
974 1846 1198 1903 vocant,
1239 1836 1481 1906 graviter
1535 1848 1860 1906 persecutus
1888 1842 1995 1899 est,

429 1928 680 1996 plurimis
708 1944 898 1983 eorum
935 1929 1100 1984 etiam
1129 1928 1251 1982 neci
1281 1927 1524 1982 traditis.

502 2019 698 2074 Iisdem
741 2020 1086 2090 temporibus
1127 2018 1335 2074 Veneta
1384 2018 1553 2074 factio
1603 2019 1999 2075 commotiones

435 2109 636 2178 ubique
664 2124 761 2179 per
783 2110 947 2165 urbes
976 2110 1274 2171 excitabat,
1311 2108 1767 2191 lapidationibus,
1797 2108 2000 2163 tumul-

430 2199 601 2263 tibus,
620 2201 992 2271 cacdibusque,
1015 2200 1479 2256 omniamiscens.
1499 2198 1642 2265 Quin
1665 2206 1720 2254 et
1736 2198 2000 2255 adversus

428 2280 646 2344 urbium
686 2291 848 2343 etiam
896 2288 1187 2358 praefectos
1231 2289 1438 2358 ubique
1469 2288 1834 2358 insurgebant
1865 2285 1999 2359 [Ve-

424 2378 586 2452 neti,]
622 2381 843 2434 initium
904 2381 1227 2437 rebellionis
1282 2397 1313 2435 a
1362 2380 1844 2457 Constantinopoli
1900 2396 1998 2437 su-

427 2481 665 2528 mentes.
715 2473 827 2528 Nec
872 2473 1158 2528 desierunt
1198 2474 1617 2540 tumultuantes,
1659 2488 1835 2543 usque
1866 2472 1997 2528 dum

425 2564 766 2629 Theodotus,
799 2579 1057 2618 excomes
1086 2564 1352 2627 Orientis,
1385 2566 1511 2620 urbi
1544 2563 1842 2633 praefectus
1866 2579 2002 2619 con-

427 2654 653 2708 stitutus
685 2652 873 2719 fuerit,
900 2653 1046 2722 quod
1095 2652 1297 2707 factum
1333 2665 1416 2708 est
1468 2653 1770 2711 indictione
1800 2654 1996 2722 prima.

426 2740 528 2799 Hic
549 2745 735 2813 itaque
758 2743 1219 2813 insurrectionem
1248 2743 1431 2812 populi
1466 2742 1751 2814 Byzantini
1776 2757 1999 2811 compe-
2027 2786 2035 2794 .

425 2837 595 2900 seuit,
642 2836 1035 2893 seditiosorum
1067 2835 1382 2906 permultis,
1424 2828 1778 2904 imperatoris
1821 2834 1999 2903 ipsius

424 2909 700 2999 ex‘jussu,
757 2929 811 2983 in
873 2929 1205 2998 supplicium
1239 2925 1472 2981 adactis.
1508 2927 1658 2979 inter
1698 2940 1840 2995 quos
1871 2940 1997 2980 cum

2102 477 2193 541 θὲς
2221 479 2317 532 καὶ
2333 478 2673 551 ὡμολόγησε.
2698 481 2808 534 Kal
2831 481 3080 553 ὠργίσθη
3106 485 3134 536 6
3165 482 3417 553 βασιλεὺς
3448 483 3670 555 Περσῶν

2100 564 2352 636 Κωάδης,
2389 568 2484 621 καὶ
2516 569 2805 637 ἐφόνευσεν
2844 569 3030 637 αὐτὸν,
3061 560 3373 642 ὑπονοήσας
3408 573 3491 626 ὅτι
3538 573 3672 644 δόλῳ

2098 648 2229 723 ἦλθε
2261 653 2396 725 πρὸς
2411 655 2595 720 αὐτὸν,
2614 657 2709 709 καὶ
2738 658 2967 723 πολλοὺς
2996 658 3089 711 τοῦ
3110 659 3268 729 ὄχλου
3299 659 3460 713 αὑτοῦ
3482 663 3672 727 νυκτὸς

2100 745 2300 808 ἀνεῖλε,
2332 745 2554 816 πέμψας
2573 748 2695 800 κατ’
2714 747 2891 801 αὐτῶν
2922 748 3125 819 πλῆθος
3154 749 3310 815 πολὺ,
3338 750 3672 818 ἀγνοούντων

2099 837 2185 889 ὅτι
2212 837 2319 891 ἀπὸ
2356 837 2451 891 τοῦ
2490 837 2754 908 βασιλέως
2791 839 3016 911 Περσῶν
3041 840 3297 911 ἐπέμφθη
3339 843 3460 895 κατ’
3495 842 3673 897 αὐτῶν

2094 929 2161 998 τὸ
2193 928 2415 999 πλῆθος,
2453 928 2587 982 ἀλλὰ
2615 929 2690 994 ὡς
2722 930 2832 984 ἀπὸ
2858 930 3023 1001 ἄλλης
3061 931 3281 1000 χώραςί
3300 932 3487 1002 φησὶν,
3517 933 3675 986 ἐπελ-

2102 1019 2300 1073 θόντων
2335 1021 2447 1082 τοῖς
2472 1019 2696 1083 Οὖννοις
2725 1020 2817 1074 καὶ
2844 1020 2923 1089 τῷ
2945 1022 3076 1091 ρηγὶ
3104 1020 3282 1075 αὐτῶν
3299 1037 3312 1050 ’
3337 1023 3384 1074 οί
3413 1023 3471 1074 δὲ
3497 1022 3675 1077 λοιποὶ⁵

2098 1111 2207 1165 τῶν
2243 1110 2458 1166 Οθννων
2479 1115 2527 1164 οί
2567 1111 2958 1182 περισωθέντες
2992 1111 3211 1181 ἔφυγον.
3248 1113 3359 1166 Kal
3386 1111 3533 1177 ἔδοξε
3561 1113 3674 1167 λοι-

2102 1203 2202 1255 πὸν
2223 1204 2252 1254 6
2277 1201 2529 1272 βασιλεὺς
2553 1203 2785 1272 Κωάδης
2813 1202 2996 1255 λαλεῖν
3021 1204 3150 1271 περὶ
3175 1202 3397 1256 πάκτων
3426 1204 3674 1273 εἰρήνης.

2099 1292 2345 1362 δηλώσας
2380 1292 2468 1347 διά
2507 1292 2775 1363 Λαϐροτου
2822 1293 2899 1363 (lt)
2940 1294 3278 1365 πρεσϐευτοῦ
3314 1292 3425 1364 (95)
3467 1295 3543 1364 τῷ
3577 1294 3679 1364 βα-

2103 1383 2241 1436 σιλεῖ
2274 1382 2560 1453 Ῥωμαίων
2593 1370 2884 1454 ἰουστίνῳ.

2180 1559 2269 1612 Ἐν
2299 1550 2343 1625 ᾧ
2372 1559 2548 1629 χρόνῳ
2593 1559 2819 1630 τελευτᾷ
2861 1559 3071 1624 Παῦλος
3108 1563 3137 1615 6
3180 1562 3521 1633 πατριάρχης
3552 1563 3680 1616 Ἀν-

2098 1649 2355 1719 τιοχείας,
2382 1651 2477 1704 καὶ
2507 1650 2728 1719 ἐγένετο
2759 1651 2875 1705 ἀντ’
2905 1651 3070 1705 αὑτοῦ
3102 1652 3413 1727 saepem;
3447 1655 3475 1706 6
3505 1653 3677 1725 Ἰεροο

2100 1740 2412 1812 σολυμίτης,
2447 1742 2596 1805 ὅστις
2631 1743 2805 1811 μέγαν
2834 1743 3060 1814 ἐποίησε
3106 1742 3346 1814 διωγμὸν
3384 1744 3525 1798 κατὰ
3561 1745 3679 1799 τῶν

2098 1831 2402 1903 λεγομένων
2428 1832 2743 1904 όρθοδόξων,
2772 1835 3001 1899 πολλοὺς
3030 1837 3316 1905 φονεύσας.

2183 1923 2270 1978 Ἐν
2316 1923 2373 1976 δέ
2414 1927 2530 1989 τοῖς
2574 1926 2758 1992 αὐτοῖς
2802 1928 3016 1998 χρόνοις
3059 1927 3120 1982 τὸ
3162 1929 3385 1983 Βένετον
3422 1932 3586 2001 μέρος
3615 1932 3681 1985 ἐν

2100 2014 2304 2079 πάσαις
2334 2017 2456 2078 ταῖς
2484 2016 2705 2071 πόλεσιν
2736 2017 2887 2091 [159]
2922 2020 3147 2090 ὴτάκτει
3167 2060 3183 2087 ,
3225 2021 3322 2074 καὶ
3368 2022 3681 2101 ἐτάρασσον

2098 2103 2198 2168 τὰς
2226 2104 2409 2168 πόλεις
2458 2104 2748 2178 λιθασμοῖς
2780 2110 2877 2164 καὶ
2924 2111 3286 2176 καταϐασίαις
3325 2114 3420 2167 καὶ
3452 2114 3678 2184 φόνοις·

2099 2194 2398 2264 ἐπήρχοντο
2426 2196 2535 2265 γὰρ
2576 2196 2672 2248 καὶ
2700 2199 2812 2261 τοῖς
2845 2198 2988 2253 κατὰ
3022 2200 3173 2253 πόλιν
3193 2201 3471 2272 ἄρχουσιν,
3502 2204 3683 2273 ἀρξά-

2103 2298 2255 2352 μενοι
2284 2283 2393 2337 ἀπὸ
2419 2283 2515 2336 τοῦ
2547 2285 2866 2349 Βυζαντίου.
2895 2288 3081 2343 Ταῦτα
3113 2290 3171 2344 δέ
3206 2293 3541 2365 ἐπράττοντο
3567 2295 3686 2360 ἓως

2098 2371 2197 2443 τῆς
2223 2373 2521 2444 γενομένης
2550 2379 2880 2449 προαγωγῆς
2900 2379 3000 2450 τῆς
3026 2380 3083 2434 ἐν
3104 2381 3685 2437 Κωνσταντινουπόλει

2099 2464 2394 2534 γενομένου
2422 2466 2467 2497 ³³
2499 2466 2759 2522 Θεοδότου
2815 2455 3063 2541 ύπάρχου
3098 2471 3145 2503 ’⁸
3170 2472 3379 2537 πόλεως
3411 2466 3543 2545 (94),
3575 2475 3683 2528 τοῦ

2099 2554 2207 2607 ἀπὸ
2233 2555 2488 2625 κομήτων
2515 2556 2563 2588 ³⁸
2585 2556 2684 2627 τῆς
2712 2556 3034 2629 ’Δνατολῆς·
3057 2559 3207 2623 ὅστις
3230 2560 3545 2634 προεϐλήθη
3578 2564 3684 2617 ἐπὶ

2098 2646 2197 2716 τῆς
2247 2645 2473 2718 πρώτης
2524 2646 2880 2716 ίνδικτιῶνος,
2925 2650 3022 2703 καὶ
3070 2651 3530 2707 κατεδυνάστευσε
3570 2654 3684 2725 τῆς

2096 2737 2470 2809 δημοκρατίας
2485 2737 2593 2791 τῶν
2617 2737 2946 2806 Βυζαντίων,
2962 2743 3423 2813 τιμωρησάμενος
3444 2743 3684 2811 πολλοὺς

2096 2830 2203 2883 τῶν
2233 2830 2485 2884 ἀτάκτων
2508 2831 2647 2884 κατὰ
2671 2831 2919 2885 κέλευσιν
2933 2833 3028 2886 τοῦ
3059 2832 3325 2904 βασιλέως
3357 2835 3678 2893 Ἰουστίνου.

2098 2920 2188 2974 Ἐν
2206 2916 2287 2984 οἷς
2309 2920 2633 2974 συνελάϐετο
2655 2920 2934 2975 Θεοδόσιόν
2954 2939 3096 2989 τινα,
3126 2923 3218 2977 τὸν
3250 2923 3484 2995 ἐπίκλην
3507 2927 3681 2980 Ζτικ-

426 3017 796 3074 Theodosium
826 3019 1143 3088 quemdam,
1168 3018 1496 3089 cognomine
1517 3016 1788 3082 Zticeam,
1814 3018 1993 3071 virum

2101 3010 2224 3078 κὰν,
2251 3012 2399 3076 ὅστις
2426 3012 2484 3066 ἐν
2514 3010 2683 3082 πολλῇ
2712 3013 2944 3083 εὐπορίᾳ
2964 3012 3199 3083 ὑπῆρχε,
3230 3014 3325 3067 καὶ
3347 3018 3414 3085 τῇ
3440 3016 3566 3087 ἀξίᾳ
3599 3017 3683 3072 ὣν

425 3108 923 3179 locupletissimum
967 3118 1021 3165 et
1047 3110 1312 3180 dignitate
1355 3110 1648 3173 illustrem,
1688 3123 1719 3163 a
1753 3124 1813 3164 se
1841 3124 1996 3163 com-

424 3201 786 3270 prehensum,
817 3214 925 3253 non
956 3207 1278 3269 exspectato
1322 3198 1677 3268 imperatoris
1713 3198 1995 3262 mandato,

423 3291 545 3360 ipse
574 3289 910 3344 auctoritate
938 3290 1161 3360 propria
1191 3290 1366 3345 fretus
1391 3329 1406 3355 ,
1441 3289 1562 3344 neci
1594 3288 1859 3355 dedisset,
1891 3287 1997 3342 hoc

425 3379 483 3434 in
512 3393 578 3434 eo
606 3393 714 3433 non
749 3378 932 3434 ferens
961 3380 1287 3455 imperator,
1323 3378 1653 3447 magistratu
1681 3390 1807 3431 eum
1838 3375 1993 3430 abdi-

422 3471 592 3534 cavit,
627 3478 681 3525 et
728 3471 1037 3526 honoribus
1072 3478 1324 3535 exutum,
1355 3470 1413 3524 in
1455 3468 1738 3523 Orientem
1770 3466 1994 3535 ablega-

423 3561 523 3616 vit.
557 3561 679 3628 Quo
710 3577 835 3617 cum
889 3562 1230 3624 advenisset,
1265 3561 1333 3616 de
1362 3560 1543 3617 salute
1601 3572 1702 3614 sua
1759 3558 1991 3614 necdum

423 3655 560 3710 satis
589 3669 843 3718 securus,
882 3654 1067 3724 fugam
1115 3651 1243 3707 inde
1272 3652 1537 3721 capessit,
1572 3649 1880 3705 indictione
1911 3665 1990 3714 Ill,

421 3754 478 3800 et
513 3744 948 3818 Hierosolymam
982 3743 1233 3809 veniens,
1274 3741 1351 3796 ibi
1406 3740 1650 3797 delituit.
1686 3738 1748 3794 In
1807 3739 1992 3795 locum

423 3850 556 3890 vero
587 3836 770 3902 istius,
806 3833 1132 3891 Theodorus
1163 3832 1454 3897 exconsnl,
1487 3836 1853 3901 cognomento
1886 3829 1993 3885 Te-

421 3925 687 3998 ganistes,
728 3926 854 3982 urbi
900 3926 1197 3996 praefectus
1247 3923 1587 3979 constitutus
1633 3929 1740 3978 est.
1792 3921 1990 3977 Antio-

420 4013 562 4069 ebie
613 4029 744 4070 vero
773 4013 1067 4085 praefectus
1100 4020 1185 4069 est
1230 4012 1596 4082 Ephrazmius,
1627 4009 1930 4067 Amidenus
1970 4029 1987 4068 :

418 4103 514 4173 qui
544 4100 876 4158 Venetarum
899 4102 1137 4174 partium
1172 4100 1503 4156 tumultibus
1533 4098 1751 4153 obviam
1781 4100 1985 4168 eundo,

2100 3102 2455 3174 ίλλούστριος,
2488 3102 2581 3156 καὶ
2610 3104 2797 3157 τοῦτον
2825 3103 3166 3176 αὑθεντήσας
3229 3106 3427 3170 ἀνεῖλε,
3468 3107 3544 3179 μὴ
3577 3109 3683 3162 ἀν-

2094 3193 2320 3263 αγαγὼν
2349 3193 2428 3264 τῷ
2452 3192 2678 3264 βασιλεῖ.
2706 3193 2818 3247 Καὶ
2840 3194 3238 3265 ἀγανακτηθεὶς
3263 3193 3370 3248 ὑπὸ
3381 3195 3478 3249 τοῦ
3513 3196 3680 3266 βασι-

2093 3287 2230 3349 λέως
2273 3287 2487 3357 ἐπαύθη
2516 3286 2618 3357 τῆς
2651 3286 2831 3357 ἀρχῆς
2868 3287 2963 3341 καὶ⁵
3009 3285 3303 3359 ἀπεζὼσθη
3341 3291 3442 3359 τῆς
3479 3289 3676 3358 ἀξίας,

2094 3378 2403 3458 κελευσθεὶς
2431 3377 2668 3443 ἐξελθεῖν
2692 3378 2786 3432 ἐπὶ
2806 3378 2906 3450 τὴν
2932 3378 3374 3450 ’Δνατολήν(95).
3392 3381 3502 3437 Kal
3532 3382 3681 3451 μετὰ

2093 3469 2157 3523 τδ
2186 3467 2514 3523 καταλαϐεῖν
2556 3468 2718 3521 αὐτὸν
2758 3467 2858 3538 τὴν
2882 3467 3172 3537 ’Δνατολὴν
3204 3467 3374 3537 ἔφυγε
3409 3469 3679 3539 φοϐηθεὶς

2096 3564 2156 3616 ἐν
2183 3564 2249 3632 τῇ
2274 3562 2435 3633 τρίτῃ
2459 3560 2770 3625 ίνδικτιῶνι,
2803 3559 3136 3631 προσφυγὼν
3156 3562 3213 3613 ἐν
3249 3559 3676 3631 Ἱεροσολύμοις,

2095 3654 2191 3707 καὶ
2220 3651 2507 3723 ἀπεκρύϐη
2532 3654 2648 3706 ἐκεῖ
2665 3669 2681 3685 ο
2708 3653 2803 3707 xal
2821 3652 2936 3708 ἀντ’
2961 3652 3127 3707 αὑτοῦ
3148 3652 3398 3725 προήχθη
3423 3653 3679 3727 ἔπαρχος

2094 3744 2303 3809 πόλεως
2331 3744 2607 3814 Θεόδωρος
2647 3745 2676 3797 6
2712 3744 2822 3799 ἀπὸ
2864 3745 3108 3811 ὑπάτων,
3152 3747 3181 3798 6
3227 3745 3456 3817 ἐπίκλην
3481 3747 3676 3816 Τηγα-

2093 3838 2302 3908 νιστής.
2329 3835 2586 3907 Προήχθη
2611 3836 2668 3890 δέ
2701 3837 2759 3889 ἐν
2775 3836 3078 3907 Ἀντιοχείᾳ
3109 3836 3432 3908 Ἐφρατμιος
3459 3837 3489 3890 ὁ
3510 3837 3672 3907 Ἀμι.

2096 3929 2286 4000 δηνός·
2318 3929 2470 3996 ὅστις
2517 3927 2824 3996 ἠγωνίσατο
2850 3927 2993 3982 κατὰ
3023 3927 3132 3981 τῶν
3174 3926 3672 3998 δημοκρατούντων

2095 4022 2336 4075 Βενέτων
2360 4036 2375 4051 ·
2424 4018 2519 4073 καὶ
2562 4018 2746 4072 λοιπὸν
2794 4017 3067 4088 ἡσύχασεν
3110 4018 3144 4087 ἡ
3182 4016 3523 4088 δημοκρατία
3567 4018 3669 4073 τοῦ

2094 4115 2322 4169 Βενέτου
2353 4112 2553 4184 μέρους
2583 4111 2632 4182 [1
2642 4109 2733 4181 40]
2760 4109 2852 4163 τοῦ
2885 4110 3058 4161 ποιεῖν
3077 4109 3136 4161 ἐν
3162 4111 3285 4173 ταῖς
3312 4109 3505 4164 πόλεσι
3524 4126 3540 4142 ο
3568 4109 3671 4164 καλ

419 4202 595 4259 usque
633 4189 769 4245 adeo
792 4191 1039 4246 coercuit
1076 4204 1193 4256 eos,
1226 4198 1286 4244 ut
1311 4187 1727 4258 acquiescentes
1762 4188 1983 4243 demum

2101 4205 2415 4284 ἐπήρθησαν
2446 4202 2516 4255 τὰ
2558 4199 2780 4271 θεώρια,
2823 4201 2919 4253 καὶ
2953 4201 3004 4252 ot
3047 4199 3319 4270 ὀρχησταὶ
3357 4200 3406 4232 ⁸³
3446 4202 3514 4254 ἐκ
3565 4203 3672 4271 τῆς

348 4318 351 4323 ς
416 4279 580 4352 417
615 4279 803 4336 Veneti
835 4281 1305 4336 commotionibus
1334 4279 1562 4335 omnino
1619 4278 1987 4336 abstinerent.

421 4370 531 4427 Sed
569 4379 623 4427 et
648 4382 761 4426 tum
791 4387 1013 4442 quoque
1055 4372 1369 4443 spectacula
1401 4370 1678 4441 prohibita
1732 4369 1991 4439 fuerunt;

421 4469 480 4516 et
509 4460 807 4516 saltatores
831 4476 896 4514 ex
932 4459 1158 4516 Oriente
1201 4468 1338 4526 toto,
1377 4465 1607 4529 excepta
1655 4458 1995 4517 Alexandria

422 4567 618 4626 magna
652 4554 707 4607 in
740 4553 999 4627 Egypto,
1027 4553 1187 4624 ejecti
1221 4561 1371 4610 sunt.

496 4645 642 4700 Idem
676 4646 979 4716 imperator
1010 4646 1172 4702 etiam
1206 4646 1509 4702 certamina
1549 4646 1831 4719 Olympica
1861 4661 1989 4718 pro-

418 4737 599 4793 bibuit
646 4753 715 4795 ne
753 4739 1015 4810 deinceps
1069 4740 1396 4808 Antiochiae,
1433 4740 1501 4796 ab
1534 4740 1837 4797 indictione
1865 4756 1981 4807 Juv,

2092 4289 2408 4365 Ἀνατολῆς,
2433 4295 2528 4346 καὶ
2558 4293 2758 4354 πάντες
2780 4289 3175 4361 ἐξωρίσθησαν,
3200 4289 3323 4360 δίχα
3354 4290 3541 4360 μέντοι
3564 4291 3669 4362 τῆς

2095 4386 2341 4460 μεγάλης
2368 4384 2775 4455 Ἀλεξανδρείας
2796 4382 2898 4455 τῆς
2933 4382 3071 4456 πρὸς
3098 4382 3396 4451 Αἴγυπτον.

2179 4650 2238 4704 Ὀ
2283 4650 2338 4704 δὲ
2384 4650 2546 4713 αὐτὸς
2593 4647 2848 4719 βασιλεὺς
2896 4647 3137 4702 ἐκώλυσε
3185 4646 3274 4701 τδν
3318 4646 3510 4715 ἀγῶνα
3556 4643 3668 4698 τῶν

2093 4740 2407 4813 Ὀλυμπίων
2460 4740 2595 4812 πρὸς
2645 4739 2709 4793 τὸ
2750 4740 2824 4812 μὴ
2863 4737 3225 4794 ἐπιτελεῖσθαι
3261 4739 3322 4791 ἐν
3357 4735 3666 4806 ’Δντιοχείᾳ

1698 4873 1932 4930 ἾΑΒΙΛΕ
1970 4874 2381 4938 LECTIONES.

489 4966 535 4998 ”
556 4967 851 5037 γενομένου
884 4967 1172 5022 delendum
1208 4965 1448 5022 videtur.
1522 4968 1570 5000 "
1596 4967 1865 5038 ὑπάρχου.
1896 4969 2137 5042 ἐπάρχου
2164 4970 2268 5026 Ch.
2342 4969 2390 5003 ’⁸
2420 4972 2699 5044 κομήτων.
2728 4972 2985 5045 κομητῶν
3010 4971 3114 5029 0x.
3189 4972 3236 5005 ⁸⁸
3268 4969 3520 5042 ὀρχισταὶ
3559 4972 3657 5028 Ox.

1608 5084 1720 5140 ED.
1759 5086 2135 5144 CHILMEADI
2194 5086 2428 5144 NOTAE.

487 5174 601 5246 (93)
633 5176 899 5253 ᾼηλώσας
958 5179 1379 5253 διὰᾼᾹιπιϐροῖουΔ
1432 5182 1796 5253 πρεσϐευτοῦ.
1854 5184 1987 5239 Chr.

415 5245 568 5321 gica.
631 5245 1000 5321 Baderianum
1064 5245 1249 5313 habet,
1307 5250 1395 5304 διὰ
1454 5245 1646 5321 Βρίου·
1705 5254 1851 5308 Scal.
1902 5254 1991 5307 διὰ

418 5314 608 5383 Βροίου
640 5317 789 5394 nubi
851 5320 1014 5373 etiam
1049 5320 1421 5392 πρεσϐυτέρου
1472 5314 1734 5394 corrupte
1770 5324 1988 5394 legitur,

417 5399 518 5453 pro
550 5385 878 5453 πρεσϐύτου.

490 5452 606 5525 (94)
660 5455 914 5510 Θεοδότου
959 5457 1207 5529 ὑπάρχου
1256 5460 1485 5518 πόλεως.
1540 5461 1753 5519 Mallem
1817 5462 1994 5532 ἐπάρ-

2122 5203 2183 5238 ου
2211 5181 2227 5214 θ’
2263 5186 2340 5261 De
2370 5185 2654 5261 Theodoto
2678 5204 2814 5261 vero
2854 5189 2977 5254 hoc,
3022 5191 3176 5245 urbis
3213 5191 3504 5261 praefecto,
3534 5194 3657 5248 vide

2134 5256 2442 5329 recepium,
2474 5256 2917 5329 ArcanJHistor.
2951 5274 3074 5329 pag.
3113 5261 3203 5315 65.

2162 5325 2275 5406 (Q5)
2304 5325 2633 5406 Keleuglial;
2675 5327 2913 5406 ἐξελθεῖν
2941 5325 3047 5406 Evr}:
3059 5331 3158 5398 τὴν
3179 5332 3494 5406 ’Δνατολίμ
3522 5332 3653 5406 Bro-

2090 5395 2285 5517 golpilns
2308 5410 2434 5450 eum
2472 5394 2906 5467 Hierosolymam
2945 5394 3245 5471 relegatum
3278 5394 3495 5469 scribit,
3542 5402 3657 5457 loco

2125 5478 2195 5516 ia
2263 5502 2278 5517 .

2125 5478 2278 5517 nato.

1758 5553 1851 5609 ΗΟ
1860 5554 1947 5608 υιι
1986 5552 2219 5610 NOTAE.

488 5637 566 5707 (Ir)
590 5637 876 5708 Δαϐροίου.
903 5641 965 5697 C.
990 5641 1203 5713 Βροίου.
