3988 6136
336 350 437 416 621

1382 355 2061 417 CIIRONUGRAPHIA.
2094 382 2163 390 --
2190 355 2339 417 LIB.
2376 357 2561 420 XVII.

3504 363 3610 428 622

345 485 446 523 σαν
469 483 487 496 ⁸
516 466 607 520 ἐπί
627 465 685 519 δὲ
711 466 810 537 τῆς
838 467 1009 537 αὐτῆς
1039 466 1329 538 θεομηνίας
1360 469 1574 541 ἐδείχθη
1621 471 1796 525 καὶτὸ
1817 471 1924 525 τῶν

2038 469 2258 537 tionem,
2311 469 2625 542 frequentia
2680 469 2885 527 ibidem
2940 466 3062 528 erat
3115 464 3455 530 advenarum
3493 493 3610 532 ma-

346 560 579 615 πολιτῶν
608 559 812 631 πλῆθος
842 559 1042 614 ὁπόσον
1067 561 1302 632 ὑπῆρχε.
1352 563 1550 617 Πολλοὶ
1596 562 1656 615 δέ
1683 563 1790 616 τῶν
1817 581 1924 633 χω-

347 653 578 707 σθέντων
613 651 882 724 ζήσαντες
927 651 1066 722 μετὰ
1090 652 1150 706 τὸ
1176 652 1532 724 ἀνενεχθῆναι
1564 655 1761 718 αὐτοὺς
1790 654 1926 720 ζῶν-

341 761 441 810 τας
465 743 757 798 ἀπέθανον.
791 743 949 806 Τινὲς
979 743 1037 796 δὲ
1060 747 1125 797 ἐκ
1155 744 1266 797 τῶν
1294 745 1528 799 πολιτῶν
1562 747 1671 800 τῶν
1723 746 1927 800 σωθέν-

342 852 471 897 των,
503 833 558 886 εί
585 850 641 885 τι
671 831 1041 903 ἠδυνήθησαν,
1082 833 1378 902 ἀφείλαντο
1406 838 1502 888 καὶ
1537 835 1766 905 ἔφευγον
1787 852 1801 866 ο
1832 837 1927 889 καλ⁸

345 926 618 995 ύπήντουν
655 926 698 955 ³⁷
727 925 912 988 αὐτοῖς
955 925 1193 996 γεωργοὶ
1225 926 1324 996 (8),
1358 926 1457 979 καὶ
1491 926 1756 980 ἀπέσπων
1795 927 1928 995 παρ’

344 1017 524 1071 αὐτῶν
553 1016 1111 1086 φονεύοντεςαύτούς.
1148 1016 1398 1088 Ἐδείχθη
1422 1016 1479 1071 δὲ
1499 1017 1594 1071 καὶ
1618 1019 1676 1070 ἐν
1694 1016 1868 1086 τούτῳ
1894 1017 1927 1086 ἡ

341 1106 438 1160 τοῦ
484 1104 621 1158 Θεοῦ
672 1104 1088 1176 φιλανθρωπία·
1122 1104 1239 1158 ὅσοι
1285 1104 1394 1177 γὰρ
1431 1106 1698 1160 ἀπέσπων
1727 1106 1792 1171 ³⁸,
1818 1108 1932 1161 ἁπ-

346 1197 605 1268 έθνησκον
639 1197 853 1267 βιαίως,
882 1198 932 1249 οί
967 1198 1066 1267 μὲν
1092 1197 1411 1269 σηπόμενοι,
1446 1198 1498 1251 οἱ
1534 1197 1592 1252 δὲ
1619 1197 1930 1269 τυφλούμε-

346 1306 446 1353 νοι,
465 1291 514 1342 οἱ
531 1288 589 1343 δέ
599 1288 972 1360 χειρουργίαις
985 1289 1335 1360 κοπτόμενοι,
1352 1289 1447 1343 καὶ
1457 1289 1847 1359 ὁμολογοῦντες
1862 1289 1931 1342 τὰ

349 1382 797 1452 πλημμελήματα
823 1380 1033 1435 ἑαυτῶν
1063 1380 1385 1453 παρεδίδουν
1407 1381 1507 1444 τὰς
1524 1380 1702 1452 ψυχάς
1715 1421 1727 1436 .
1744 1380 1833 1434 Ἐν
1849 1376 1931 1444 οἷς

347 1469 416 1544 ἦν
445 1474 504 1526 ἐν
535 1473 687 1544 αὐτῷ
701 1472 778 1544 τῷ
795 1473 974 1545 καιρῷ
1000 1474 1224 1545 ἁρπαγῇ
1247 1475 1595 1545 χρησάμενος
1623 1473 1828 1545 Θωμᾶς
1846 1491 1932 1536 τις

346 1565 726 1636 σιλεντιάριος,
751 1566 902 1629 ὅστις
928 1564 1120 1635 ἐξῆλθε
1150 1564 1367 1635 φεύγων
1397 1566 1463 1618 ἐκ
1482 1566 1583 1636 τῆς
1615 1563 1930 1635 θεομηνίας,

348 1658 443 1711 καὶ
463 1656 572 1721 ἔξω
607 1657 705 1727 τῆς
742 1657 948 1721 πόλεως
977 1657 1055 1720 ὡς
1097 1657 1206 1712 ἀπὸ
1257 1657 1452 1727 μιλίων
1504 1657 1674 1728 τριῶν
1708 1657 1803 1710 ἐπὶ
1834 1659 1933 1728 τὴν

349 1750 556 1821 πόρταν
591 1749 691 1820 τὴν
716 1750 1015 1821 λεγομένην
1043 1749 1139 1803 τοῦ
1179 1749 1338 1818 άγίου
1375 1748 1664 1803 Ἰουλιανοῦ
1679 1748 1830 1821 [145]
1854 1749 1932 1803 οί-

2028 561 2197 617 xima.
2234 560 2311 617 Et
2344 562 2448 618 hac
2496 572 2684 620 autem
2729 563 2986 621 Numinis
3017 564 3099 619 ira
3131 564 3415 636 conjicere
3454 567 3608 630 licet,

2027 667 2192 723 quam
2220 669 2556 712 numerosus
2588 648 2717 712 erat
2767 657 3011 727 populus
3049 657 3466 715 Antiochensis.
3502 657 3611 715 Sed

2028 755 2083 799 et
2100 748 2413 816 complures
2430 744 2619 812 etiam,
2649 747 2744 819 qui
2774 747 3070 805 ruderibus
3098 748 3309 817 obruti,
3335 750 3446 806 vivi
3475 749 3613 807 οσο-

2028 836 2344 904 diebantur,
2376 839 2681 909 derepente
2712 840 2971 910 spiritum
3026 840 3305 895 etilabant.
3355 841 3498 908 Quin
3555 851 3612 898 et

2031 927 2237 980 civium
2270 944 2491 999 quoque
2512 929 2605 999 qui
2651 930 2980 1000 eripuerant
3017 946 3162 995 sese,
3202 932 3477 998 nonnulli,
3513 933 3611 988 bo-

2032 1035 2230 1075 norum
2261 1037 2514 1087 suorum,
2539 1025 2583 1080 si
2609 1022 2742 1091 quid
2768 1032 3045 1093 poterant,
3069 1023 3455 1092 corradentes,
3482 1023 3611 1095 fuga

2029 1112 2196 1167 rebus
2228 1113 2350 1168 suis
2377 1114 2786 1169 consuluerunt
2819 1129 2832 1165 :
2873 1114 2969 1170 sed
3003 1128 3031 1167 a
3067 1116 3316 1178 rusticis,
3370 1115 3428 1169 in
3468 1130 3609 1186 quos

2032 1216 2130 1271 per
2165 1202 2308 1256 viam
2370 1203 2719 1268 inciderant,
2767 1205 2998 1275 expilati
3049 1204 3230 1270 bonis,
3273 1206 3438 1261 etiam
3497 1205 3610 1260 vita

2031 1292 2436 1360 spoliabantur.
2471 1295 2742 1350 Caeterum
2770 1295 2898 1352 inde
2929 1296 3023 1352 Dei
3058 1313 3185 1368 erga
3221 1297 3473 1353 homines
3507 1298 3613 1351 mi-

2032 1380 2340 1435 sericordia
2394 1383 2671 1452 apparuit.
2735 1382 2938 1439 Eorum
2992 1387 3164 1450 cnim,
3232 1386 3325 1457 qui
3388 1388 3612 1457 rapinas

2034 1468 2201 1522 hasce
2231 1478 2614 1534 exercuerant,
2650 1472 2904 1527 nonnulli
2937 1473 2991 1527 in
3039 1473 3390 1542 putredinem
3419 1473 3610 1534 Inltlli,

2034 1563 2289 1615 occmcati
2322 1564 2443 1624 alii,
2501 1565 2604 1618 sub
2649 1565 3040 1635 chirurgorum
3076 1566 3445 1622 incisionibus
3494 1565 3613 1629 alii,

2033 1653 2330 1710 infeliciter
2356 1670 2572 1720 omnes,
2607 1656 2976 1724 interierunt;
3017 1667 3073 1712 et
3112 1658 3354 1714 facinora
3387 1673 3489 1714 sua
3517 1658 3616 1731 dc-

2035 1757 2353 1814 precantes,
2376 1747 2740 1804 reddiderunt
2756 1750 2993 1806 animas.
3015 1750 3093 1805 Ex
3118 1766 3353 1821 quorum
3384 1765 3617 1805 numero

348 1858 431 1895 κει
460 1842 529 1908 υ,
564 1842 659 1895 καὶ
689 1843 911 1895 ἀπέσπα
937 1842 1117 1895 πάντα
1142 1844 1207 1894 ἐκ
1240 1841 1350 1894 τῶν
1374 1844 1685 1911 φευγόντων
1713 1842 1800 1896 διὰ
1825 1841 1936 1894 τῶν

2038 1835 2225 1890 eodem
2258 1846 2504 1906 tempore
2534 1847 2657 1892 erat
2690 1837 2935 1895 Thomas
2961 1840 3210 1910 quidam,
3239 1839 3614 1895 silentiarius.
3676 1864 3681 1869 ι

347 1929 574 1985 οἰκετῶν
599 1930 789 1984 αὐτοῦ.
812 1930 985 1984 Τοῦτο
1024 1931 1081 1984 δὲ
1104 1929 1436 2001 διεπράξατο
1467 1932 1563 1985 ἐπὶ
1592 1931 1807 2003 ἡμέρας
1822 1932 1936 1985 τέσ⁴

348 2037 522 2093 σαρας
542 2040 554 2052 ·
589 2022 685 2074 καὶ
704 2020 780 2084 ὼς
805 2020 1128 2090 λυμαίνεται
1153 2023 1327 2075 πάντα
1348 2063 1363 2087 ,
1394 2021 1657 2091 ἐξαίφνης
1683 2021 1842 2089 ὑγιὴς
1861 2019 1937 2071 ὢν

346 2112 668 2182 ἐτελεύτησε
690 2128 705 2142 ·
769 2113 863 2170 καὶ
918 2111 1122 2175 πάντες
1168 2112 1419 2180 ἐδόξαζον
1462 2113 1554 2167 τὸν
1583 2112 1739 2166 Θεόν.
1783 2112 1848 2165 Ἦ
1881 2111 1936 2164 δὲ

347 2203 513 2256 αὑτοῦ
544 2203 836 2274 περιουσία
858 2203 1171 2273 ἁρπαγεῖσα
1197 2204 1447 2258 ἀπώλετο
1473 2217 1485 2231 ’
1518 2204 1612 2258 καὶ
1635 2206 1691 2256 ἐν
1721 2196 1765 2270 ᾧ
1788 2203 1938 2271 τόπῳ

347 2293 703 2364 ἐτελεύτησεν
726 2331 743 2358 ,
769 2294 887 2347 ἐκεῖ
920 2296 1017 2348 καὶ
1049 2295 1246 2364 ἐτάφη.
1275 2294 1520 2365 Ἐδείχθη
1553 2294 1663 2364 γὰρ
1694 2295 1788 2347 καὶ
1803 2293 1939 2347 ἄλλα

346 2388 471 2441 τινὰ
495 2386 775 2457 μυστήρια
814 2385 908 2439 τοῦ
960 2385 1345 2457 φιλανθρώπου
1396 2385 1568 2439 Θεοῦ·
1608 2384 1797 2454 ἔγκυοι
1831 2384 1940 2455 γὰρ

349 2478 608 2544 γυναῖκες
637 2474 706 2528 δι’
734 2475 939 2528 εῐκοσιν
960 2476 1005 2507 ⁵ο
1029 2473 1251 2548 ἡμερῶν
1279 2476 1312 2547 ἦ
1337 2477 1434 2530 καὶ
1458 2476 1752 2547 τριάκοντα
1785 2475 1943 2544 ἀνῆλ-

350 2569 442 2623 θον
464 2569 533 2622 ἐκ
553 2567 664 2621 τῶν
692 2567 1013 2637 χωσθέντων
1046 2570 1222 2637 ὑγιεῖς
1242 2586 1255 2597 ·
1289 2567 1488 2621 πολλαὶ
1517 2568 1575 2621 δὲ
1603 2568 1940 2637 γεννήσασαι

350 2662 430 2726 είς
442 2662 546 2730 τὴν
567 2659 677 2729 γῆν
693 2660 844 2713 κάτω
872 2660 980 2713 ὑπὸ
1002 2659 1072 2713 τὰ
1099 2658 1328 2730 χώματα
1350 2659 1581 2730 ἀνῆλθον
1610 2661 1707 2713 σὺν
1728 2659 1942 2729 νηπίοις

351 2754 607 2816 ἀϐλαϐεῖς
639 2753 734 2806 καὶ⁴
766 2751 969 2824 ἔζησαν
1027 2752 1170 2824 μετά
1192 2752 1300 2807 τῶν
1327 2751 1629 2822 τεχθέντων
1661 2749 1722 2816 ἐξ
1739 2751 1940 2806 αὐτῶν.

354 2844 461 2899 Καὶ
483 2844 620 2898 ἄλλα
645 2843 703 2896 δὲ
728 2842 916 2896 παιδία
947 2842 1211 2906 ὡσαύτως
1257 2841 1598 2912 διεσώθησαν
1650 2840 1770 2911 μεθ’
1804 2841 1942 2911 ἡμέ-

357 2952 452 3007 ρας
483 2937 530 2989 λ¹
550 2951 566 2965 ⁸
602 2936 699 2988 καὶ
748 2934 922 2989 πολλὰ
970 2934 1323 3005 φοϐερώτερα
1354 2934 1561 2987 τούτων
1589 2934 1830 3000 ἐγένετο.
1862 2934 1942 3004 Τῇ

351 3028 410 3082 δέ
438 3028 601 3099 τρίτῃ
632 3027 819 3098 ἡμέρᾳ
848 3027 986 3098 μετὰ
1014 3027 1114 3094 τὴν
1168 3025 1376 3079 πτῶσιν
1429 3026 1603 3096 ἐφάνη
1653 3026 1711 3077 ἐν
1744 3025 1821 3093 τῷ
1855 3026 1944 3077 ού·-

2039 1924 2139 1979 Hic
2172 1941 2200 1978 a
2231 1925 2489 1982 Numinis
2540 1928 2620 1982 ira
2660 1944 2866 1985 cavens
2892 1930 3024 1996 sibi,
3080 1930 3407 2000 aufugerat;
3454 1937 3511 1983 et
3549 1927 3619 1981 ad

2037 2019 2285 2080 tertium,
2327 2021 2408 2074 vel
2460 2035 2527 2076 eo
2557 2023 2805 2089 circiter,
2839 2024 2909 2077 ab
2966 2025 3105 2080 urbe
3153 2024 3411 2092 lapidem,
3458 2022 3620 2090 juxta

2041 2110 2218 2165 sancti
2249 2109 2455 2166 Juliani
2478 2130 2644 2182 quam
2674 2124 2871 2170 vocant
2900 2123 3113 2185 portam
3139 2114 3366 2170 sedibus
3396 2113 3619 2183 positis.

2043 2220 2140 2273 per
2162 2205 2449 2260 ministros
2482 2206 2555 2261 ibi
2598 2222 2755 2270 suos,
2791 2208 2934 2263 bona
2969 2222 3160 2262 eorum
3193 2192 3293 2275 qui
3324 2210 3623 2260 evaserant

2040 2295 2198 2368 42],
2234 2298 2418 2352 omnia
2471 2297 2727 2367 diripuit.
2788 2297 2896 2352 Ubi
2959 2313 3093 2352 vero
3155 2312 3253 2366 per
3297 2295 3419 2349 dies
3474 2307 3620 2363 qua-

2044 2398 2170 2443 tuor
2204 2390 2427 2460 rapinas
2451 2390 2613 2445 hasce
2637 2389 3004 2453 exercuisset,
3053 2388 3238 2443 omnia
3270 2387 3621 2457 depraedans,

2043 2487 2222 2559 morte
2251 2479 2410 2544 obiit,
2444 2480 2598 2534 nullo
2636 2481 2803 2535 etiam
2839 2479 3243 2535 interveniente
3278 2478 3498 2538 morbo,
3533 2491 3626 2530 re-

2045 2572 2287 2641 pentina.
2344 2573 2490 2627 Laus
2524 2572 2651 2626 inde
2700 2570 2811 2626 Deo
2843 2571 2915 2626 ab
2957 2570 3220 2625 omnibus
3257 2568 3468 2624 tributa
3517 2577 3621 2622 est.

2044 2660 2276 2731 Quoque
2312 2662 2364 2716 in
2412 2663 2535 2716 loco
2590 2671 2868 2724 mortuus,
2909 2661 3106 2716 eodem
3132 2669 3187 2716 et
3218 2661 3466 2729 sepultus
3497 2664 3620 2721 est;

2045 2752 2277 2818 direptis
2309 2752 2502 2817 etiam,
2529 2766 2655 2822 qua:
2697 2759 3034 2815 corraserat,
3087 2749 3253 2805 bonis
3284 2748 3406 2819 ejus
3439 2746 3622 2801 omni-

2045 2842 2172 2895 bus.
2199 2838 2306 2894 Sed
2332 2849 2386 2895 et
2408 2838 2646 2896 verenda
2670 2840 2848 2909 magis
2896 2840 3080 2894 adhuc
3113 2839 3315 2893 divinae
3344 2852 3476 2908 erga
3518 2835 3624 2889 ho-

2046 2930 2224 2984 mines
2264 2928 2661 2984 misericordiae
2703 2931 3039 2984 exstiterunt
3066 2928 3309 2991 iudicia;
3359 2927 3622 2980 uitiliercs

2045 3020 2250 3073 etenim
2285 3031 2660 3090 praegnantes,
2710 3037 2779 3074 xx
2814 3030 2960 3092 post,
3007 3021 3095 3075 vel
3125 3021 3292 3075 etiam
3327 3034 3436 3074 xxx
3481 3019 3622 3083 dies,

358 3119 501 3190 ρανῷ
536 3121 566 3172 ὁ
592 3119 776 3189 τίμιος
806 3118 1040 3188 σταυρὸς
1067 3116 1160 3171 διὰ
1178 3118 1407 3187 νεφέλης
1433 3118 1573 3170 κατὰ
1602 3118 1664 3169 τὸ
1693 3116 1937 3188 άρκτῷον

2048 3113 2232 3168 ἰιιωεῑε
2256 3127 2322 3166 ex
2352 3113 2646 3167 ruderibus
2690 3113 3095 3168 eﬂ'odiebantur
3127 3130 3142 3166 :
3181 3129 3413 3182 quarum
3447 3112 3624 3181 βιῳ-ἱ-

359 3182 521 3282 μέρος
564 3182 664 3279 τῆς
710 3207 881 3278 αὐτῆς
928 3182 1171 3271 πόλεως’
1209 3182 1305 3261 καὶ
1352 3182 1555 3270 πάντες
1608 3182 1936 3275 θεασάμενοι

2044 3222 2143 3258 mzn
2166 3220 2407 3277 quoque,
2449 3207 2646 3261 solutis
2694 3207 3072 3261 corruentium
3109 3205 3467 3261 aediﬁciorum
3516 3203 3622 3259 sub

357 3303 516 3356 αὐτὸν
573 3301 802 3372 ἔμειναν
858 3300 1136 3363 κλαίοντες
1199 3299 1293 3353 καὶ
1327 3300 1612 3369 εὐχόμενοι
1668 3300 1763 3352 ἐπὶ
1810 3301 1937 3368 μίαν

355 3393 524 3465 ὤραν.
572 3393 851 3461 Ἐγένοντο
875 3391 933 3444 δὲ
962 3393 1100 3462 μετὰ
1117 3392 1214 3461 τὴν
1246 3390 1452 3444 πτῶσιν
1479 3392 1579 3462 τῆς
1616 3392 1824 3456 πόλεως
1846 3394 1939 3447 καὶ

358 3485 508 3539 ἄλλοι
538 3485 756 3554 σεισμοὶ
780 3484 966 3537 πολλοὶ
1000 3484 1075 3548 ώς
1100 3485 1195 3537 ἐπὶ
1220 3484 1413 3556 χρόνον
1435 3482 1681 3537 ἐνιαυτοῦ
1704 3485 1799 3537 καὶ
1832 3503 1942 3556 μη-

358 3577 462 3631 νῶν
484 3575 569 3642 ἒε.
604 3575 928 3639 Σελευκείας
959 3575 1017 3628 δὲ
1049 3575 1143 3629 καλ⁵
1176 3575 1392 3647 Δάφνης
1423 3575 1501 3635 ὡς
1529 3576 1623 3628 ἐπὶ
1683 3575 1836 3645 μίλια
1863 3574 1944 3626 εί-

359 3684 479 3721 κοσι
507 3666 717 3730 πτῶσις
738 3666 955 3735 ἐγένετο
969 3683 982 3696 ·
1019 3665 1190 3719 πολλὰ
1209 3666 1266 3719 δὲ
1287 3666 1547 3738 χρήματα
1568 3666 1812 3738 παρέσχε
1828 3668 1947 3728 ταῖς

359 3757 663 3820 παθούσαις
694 3757 915 3809 πόλεσιν
936 3758 965 3809 ὀ
991 3755 1153 3819 αὐτὸς
1199 3755 1472 3826 βασιλεύς.
1546 3755 1812 3820 Ἀκούσας
1834 3756 1945 3826 γὰρ

359 3848 460 3919 τὴν
507 3846 813 3918 γενομένην
850 3847 957 3899 ὑπὸ
986 3846 1138 3920 [146]
1172 3847 1268 3901 τοῦ
1323 3847 1459 3901 Θεοῦ
1515 3846 1946 3917 φιλανθρωπίαν,

360 3937 505 4009 λύπῃ
539 3936 826 4006 συσχεθεὶς
859 3937 920 3989 ού
950 3938 1124 4007 μικρᾷ
1142 3977 1159 4002 ,
1199 3935 1444 4009 θεωριῶν
1472 3936 1548 4007 μὴ
1577 3936 1863 4006 ἀγομένων
1893 3937 1950 3989 ἐν

362 4027 666 4097 Βυζαντίῳ,
719 4029 815 4080 καὶ
870 4026 1035 4095 άγίας
1093 4027 1475 4098 Πεντηκοστῆς
1516 4025 1948 4098 καταλαὸούσης,

364 4119 485 4191 δίχα
511 4119 846 4190 διαδήματος
873 4117 1119 4187 εἰσῆλθεν
1158 4119 1216 4171 ἐν
1244 4121 1310 4188 τῇ
1345 4117 1612 4188 ἐκκλησίᾳ
1643 4116 1782 4187 μετὰ
1809 4134 1950 4186 πορ-

367 4210 538 4284 φυροῦ
590 4209 816 4282 μαντίου
843 4209 1069 4272 κλαίων,
1107 4209 1204 4263 σὺν
1241 4209 1389 4279 αύτῷ
1417 4208 1475 4262 δὲ
1520 4209 1613 4263 καὶ
1648 4209 1848 4272 πάντες
1897 4209 1947 4261 οἱ

368 4303 725 4374 συγκλητικοὶ
752 4302 849 4356 καὶ
871 4304 1132 4373 πορφυρᾶ
1155 4301 1385 4372 ἐφόρουν
1410 4300 1509 4371 (9).

2000 3358 2005 3363 ,
2039 3297 2217 3352 ruinis
2235 3298 2518 3366 puerperii
2545 3299 2851 3361 doloribus,
2880 3314 2995 3353 una
3027 3312 3151 3353 cum
3178 3298 3486 3352 infantibus
3510 3296 3628 3352 suis

2041 3389 2225 3443 illaesa
2276 3396 2642 3458 emergentes,
2695 3388 2950 3445 Numinis
3003 3394 3100 3445 ira:
3165 3390 3622 3460 supervixcrunt.

2039 3478 2181 3546 Quin
2206 3488 2260 3534 et
2289 3480 2498 3549 pueruli
2530 3496 2752 3551 quoque
2779 3482 2894 3544 alii,
2931 3483 3278 3539 tricesimum
3305 3489 3431 3553 post
3451 3481 3622 3546 diem,

2044 3571 2351 3625 incolumes
2366 3571 2792 3640 reperiebantur
2812 3614 2824 3627 .
2847 3574 3127 3643 multaque
3148 3573 3235 3628 his
3261 3573 3625 3643 stupendiora

2046 3662 2418 3732 contigerunt.
2450 3662 2640 3718 Tertio
2669 3676 2853 3720 autem
2899 3674 3023 3735 post
3071 3665 3285 3720 cladem
3324 3666 3468 3718 hanc
3510 3665 3622 3728 die,

2048 3753 2373 3809 veneranda:
2403 3756 2588 3809 crucis
2623 3755 2805 3826 imago
2835 3756 2902 3810 de
2934 3757 3074 3811 coelo
3096 3756 3405 3825 comparuit
3435 3756 3488 3809 in
3520 3772 3628 3809 nu-

2047 3845 2228 3910 bibus,
2268 3847 2390 3901 ιηδὶ
2414 3846 2485 3901 ad
2516 3848 2924 3917 septentriones
2950 3847 3252 3904 imminens
3293 3866 3305 3899 :
3337 3864 3445 3917 qua
3482 3849 3622 3912 visa,

2052 3938 2107 3991 in
2142 3938 2422 4009 lacrymas
2454 3938 2622 3992 soluti
2665 3953 2880 4003 omnes,
2923 3954 3117 4008 preces
3164 3945 3325 3993 unius
3361 3940 3506 3994 ltortc
3532 3955 3627 4010 per

2050 4025 2683 4096 spatiutnefl‘undebant.
2713 4028 3048 4083 Acciderunt
3070 4036 3279 4094 autem,
3310 4036 3437 4099 post
3469 4030 3625 4084 urbis

2051 4133 2266 4183 casum,
2317 4118 2509 4188 plures
2546 4119 2712 4172 etiam
2759 4119 2853 4171 alii
2900 4126 3062 4173 terra
3092 4128 3301 4184 motus,
3348 4135 3446 4189 per
3494 4135 3626 4188 spa-

2052 4211 2188 4262 tium
2239 4209 2369 4263 anni
2411 4209 2578 4264 unius
2622 4217 2679 4263 et
2732 4225 2781 4263 νι
2827 4209 3100 4265 mensium
3153 4228 3166 4262 :
3209 4211 3412 4280 quibus
3459 4210 3628 4265 etiam

2052 4300 2323 4355 Seleuciae
2378 4300 2768 4373 Daphnesque,
2809 4318 3040 4373 quaeque
3065 4304 3132 4356 ad
3160 4303 3480 4359 vicesimum
3515 4302 3630 4357 fere

383 4395 619 4466 lapidem
702 4396 1007 4461 distabant,
1070 4394 1300 4451 adﬂicta
1382 4408 1654 4450 concussa
1714 4392 2070 4448 corruebant.
2137 4392 2380 4450 Urbibus
2440 4401 2644 4459 autem,
2690 4395 3031 4451 calamitates
3100 4395 3266 4452 hasce
3314 4395 3622 4465 perpessis,

394 4486 699 4556 imperator
740 4488 960 4542 abunde
1020 4480 1375 4556 pecuniarum
1419 4485 1818 4555 suppeditavit.
1866 4483 1957 4538 Dei
2013 4484 2159 4537 enim
2208 4492 2415 4554 quanta
2489 4499 2619 4556 erga
2677 4485 2931 4542 homines
2982 4486 3360 4543 misericordia
3406 4486 3622 4549 luisset,

392 4575 660 4643 edoctus,
713 4585 769 4632 et
814 4576 933 4645 ipse
993 4577 1176 4630 clades
1230 4576 1328 4630 has
1394 4574 1753 4630 acerbissime
1830 4575 1989 4641 tulit;
2056 4590 2158 4627 nec
2223 4574 2472 4648 Byzantii
2538 4592 2637 4648 pro
2679 4592 2832 4633 more
2883 4577 3030 4632 edita
3087 4587 3219 4641 sunt
3288 4580 3622 4648 spectacula.

398 4667 755 4727 Pentecostes
802 4670 966 4725 etiam
1012 4683 1171 4725 sacro
1206 4667 1349 4723 leslo
1379 4678 1494 4722 tum
1515 4669 1840 4731 exsistentc,
1875 4665 2183 4723 diademate
2215 4672 2417 4740 posito,
2487 4671 2627 4746 ipse,
2684 4681 3083 4743 senatoresque
3118 4686 3335 4740 omnes,
3382 4673 3630 4733 veSIibus

392 4762 555 4833 pullis
603 4763 808 4826 induti,
844 4762 1099 4830 templum
1141 4761 1507 4830 lacrymantes
1536 4761 1812 4828 petebant.

1656 4931 1743 4985 VA
1755 4933 1890 4988 RIIE
1932 4932 2342 4997 LECTIONES.

474 5055 518 5089 ³⁷
541 5056 844 5127 ὑπήντουν.
883 5053 1157 5123 ὴπήντουν
1184 5052 1286 5107 Ox.
1365 5051 1410 5083 ³⁸
1440 5051 1702 5105 ἀπέσπων
1731 5052 1861 5118 tllt.,
1883 5053 2132 5107 ἅπέσπον
2163 5052 2264 5109 0x.
2343 5053 2386 5087 ’9
2415 5054 2577 5110 οἴκει.
2614 5052 2749 5126 ᾧκει
2779 5053 2881 5110 Ch.
2961 5054 3006 5087 ⁸ο
3031 5056 3204 5110 εἴκοσι
3243 5055 3346 5111 0x.

1615 5203 1724 5259 ει).
1765 5203 2137 5277 animum
2169 5206 2403 5262 NOTAE.

449 5326 526 5397 (8)
556 5325 671 5381 Καὶ
696 5298 981 5395 ὴπήντουν
1023 5321 1207 5382 αὐτοῖς
1238 5316 1500 5386 γεωργοί.
1526 5314 1741 5379 Scribo,
1772 5303 1954 5387 ἀπήν-

378 5412 523 5538 τωῖέ)
552 5465 666 5538 [ἰαὶ
690 5462 905 5538 πάντες
932 5460 981 5512 oi
1009 5457 1362 5538 συγκλητικοὶ
1391 5456 1486 5536 καὶ
1531 5456 1792 5538 πορφυρᾷ
1820 5456 1951 5524 see.

378 5525 522 5608 ρούνί
550 5533 712 5608 Quod
761 5538 958 5608 noster
988 5525 1267 5608 ,πορφυρᾶ
1296 5525 1611 5608 φοροῦντες,
1657 5525 1951 5608 βοάνθιιιιε

377 5595 524 5671 dicit,
551 5595 725 5674 ᾧαιάν
759 5597 967 5674 στολὴνῇ
985 5595 1612 5674 ιγδύεέάρενσιίριιιιαιί,
1641 5596 1758 5651 sive
1788 5596 1952 5650 vesti.

376 5677 477 5734 bus
506 5664 927 5748 ni'gricantibus
954 5667 1150 5725 induti.
1189 5664 1440 5740 Purpura
1477 5664 1698 5737 quidem
1737 5679 1948 5736 regum,

2052 5329 2107 5371 et
2122 5318 2548 5394 magistratuum
2580 5315 2795 5387 insigne
2824 5321 3122 5394 est,_etiam
3148 5330 3202 5378 ct
3234 5323 3402 5377 luctui
3429 5338 3623 5394 appro-

2052 5388 2263 5462 priatus
2321 5388 2515 5462 color:
2568 5400 2764 5462 nempe
2813 5389 2959 5462 quod
3011 5392 3077 5462 ad
3132 5394 3347 5462 nigrum
3388 5388 3626 5450 colorem

2052 5459 2276 5525 propius
2307 5456 2550 5534 aqgedag
2564 5473 2587 5534 ε.
2607 5457 2698 5510 sed
2711 5466 2780 5534 et
2811 5456 3138 5534 quibusdam
3178 5456 3509 5534 ¹πορφύρεον,
3543 5467 3631 5519 ni-

2048 5523 2201 5606 grum
2221 5536 2326 5606 est.
2356 5523 3034 5606 Hes‘ychittsﬂlopipdpaov
3052 5523 3397 5604 πορφυρόύκῖ,
3432 5523 3622 5606 μέλαν·

2053 5593 2237 5666 Πορφύ
2247 5612 2351 5665 ρει,
2386 5593 2684 5666 μελανίζει.
