3988 6136
293 363 346 424 '0?
363 366 398 428 5

1223 375 1234 386 “
1328 378 1983 438 (ἹΠΒΟΝΟΘΒΑΡΙΙΙΛ
2021 405 2091 416 ν·-
2127 385 2273 444 LIB.
2309 387 2525 448 XVIII.

3443 397 3548 461 6&6

289 479 382 546 τὴν
414 479 654 548 ἐκχόῖσιν
672 478 724 510 ⁸⁵
757 480 853 535 τοῦ
887 482 1258 554 περισωθῆναι
1286 487 1412 548 τοὺς
1441 486 1598 550 ὄντας
1643 487 1747 538 ὑπὸ
1770 486 1847 557 τὴι

1977 488 2207 560 urbique
2234 493 2633 566 instaurandze,
2672 499 2904 572 ejucque
2936 499 3133 560 incolis
3165 503 3400 570 plurima
3433 509 3548 564 lar-

281 567 406 636 γῆν,
441 569 701 635 ὡσαύτως
731 572 786 626 δὲ
819 573 912 627 καὶ
942 575 1055 638 τοῖς
1099 573 1297 645 ζήσασι
1349 575 1443 628 καὶ
1475 579 1542 648 τῇ
1595 577 1746 630 πόλει
1786 578 1866 640 είς

279 659 601 716 ἀνανέωσιν.

357 750 418 804 ’0
441 751 498 804 δὲ
549 753 711 818 αὐτὸς
740 755 996 825 βασιλεὺς
1025 759 1292 812 άνενὲωσε
1337 759 1467 822 τοὺς
1511 761 1709 830 νόμους
1737 760 1865 824 τοὺς

281 841 343 892 ἐκ
377 839 486 892 τῶν
535 843 920 912 προλαϐόντων
975 845 1245 916 ⁴βασιλέων
1300 847 1690 914 θεσπισθὲντας
1717 889 1732 914 ,
1766 850 1864 903 καὶ

281 935 507 1004 ποιήσας
533 936 783 1006 Νεαροὺς
808 937 1030 1006 Νόμους
1061 937 1277 1008 ἔπεμψε
1303 939 1447 991 κατὰ
1499 938 1654 992 πόλιν
1679 980 1692 1004 ,
1719 939 1861 993 ὥστε

277 1027 366 1080 τὸν
391 1029 634 1098 ἄρχοντα
663 1033 720 1083 ἐν
745 1021 790 1097 ᾦ
819 1031 918 1101 τὴν
947 1033 1123 1102 ἀρχὴν
1155 1033 1268 1102 ἔχει
1302 1031 1378 1102 μὴ
1409 1030 1616 1097 κτίζειν
1650 1031 1799 1087 οἷκον
1827 1033 1859 1107 ἢ

279 1118 570 1190 ἀγοράζειν
603 1121 812 1192 κτῆμα,
847 1123 896 1176 εἰ
935 1125 1011 1192 μή
1050 1140 1136 1185 τις
1172 1126 1443 1192 συγγενὴς
1473 1125 1641 1178 αὑτοῦ
1677 1125 1859 1196 ὑπάρ-

251 1193 358 1282 ’χει
389 1210 562 1284 [169],
593 1211 684 1266 διά
710 1213 772 1265 τὸ
802 1213 878 1284 μὴ
907 1213 1188 1282 βιάζεσθαι
1219 1216 1346 1278 τοὺς
1379 1193 1860 1287 συγ-κεκτημένους

277 1301 308 1370 ἣ
332 1301 746 1369 ἀναγκάζεσθαι
764 1321 887 1356 τινα
916 1303 1005 1358 διὰ
1029 1305 1126 1376 τὴν
1151 1306 1390 1377 άρχικὴν
1409 1307 1748 1376 προστασίαν
1779 1311 1859 1373 εἰς

277 1393 435 1448 αὐτὸν
460 1393 828 1451 διατίθεσθαι.

349 1567 585 1638 Ὅμοίως
635 1569 692 1624 δὲ
723 1573 971 1644 καὶπερὶ
1024 1572 1134 1627 τῶν
1167 1576 1413 1645 φυσικῶν
1451 1577 1679 1644 παίδων,
1713 1579 1854 1634 ὥστε

272 1658 629 1731 κληρονομεῖν
656 1663 798 1717 κατά
829 1665 920 1717 τὸν
949 1667 1306 1721 Ἀναστασίου
1340 1669 1435 1722 τοῦ
1478 1671 1727 1741 βασιλέος
1764 1677 1851 1727 νό-

277 1767 388 1820 μον.

1971 580 2116 650 gitus
2142 591 2247 639 est.

2037 761 2183 818 Idem
2234 763 2608 836 Justinianus,
2658 775 2936 830 renovatis
2968 775 3414 832 antecedentium
3445 782 3550 834 im-

1966 861 2288 922 peratorum
2327 857 2575 926 legibus,
2618 859 2873 917 Novellas
2906 864 3070 918 etiam
3104 851 3547 922 Constitutiunes

1965 942 2088 1011 ipse
2135 944 2310 1000 edidit
2355 965 2368 1001 :
2403 963 2542 1017 quas
2579 950 2636 1005 in
2665 955 2830 1008 urbes
2864 953 3050 1009 emisit
3081 973 3094 1008 :
3138 957 3344 1024 quibus
3379 960 3545 1014 etiam

1963 1035 2108 1088 cavit
2143 1052 2155 1087 :
2193 1035 2269 1090 Ne
2297 1037 2680 1106 praefectorum
2724 1043 2948 1114 aliquis,
2976 1046 3122 1099 intra
3156 1046 3544 1116 praefecturam

1963 1139 2144 1190 suam,
2202 1128 2290 1184 vel
2339 1129 2560 1186 domum
2605 1142 2949 1204 exstrueret,
2980 1137 3067 1193 vel
3120 1155 3311 1210 agrum
3369 1142 3478 1197 nisi
3513 1159 3544 1196 ο

1961 1218 2217 1289 cognatis
2258 1222 2414 1289 suis,
2465 1224 2578 1278 sibi
2632 1227 2950 1296 acquireret
2995 1249 3009 1284 :
3051 1232 3266 1287 scilicet
3312 1248 3384 1288 ne
3435 1248 3546 1304 quo

1960 1307 2129 1362 modo
2157 1309 2498 1366 violarentur
2545 1329 2804 1384 agrorum
2839 1333 3227 1387 possessores;
3259 1323 3344 1377 vel
3385 1337 3545 1393 coge-

1957 1406 2114 1452 retur
2153 1399 2354 1472 aliquis
2377 1402 2605 1470 invitus,
2642 1408 2985 1476 praefectura,
3040 1411 3112 1466 ob
3141 1412 3542 1483 praefectoriam

1959 1488 2082 1558 ejus
2115 1494 2506 1550 auctoritatem
2539 1497 2810 1555 hatredem
2843 1502 3110 1559 scribere.

2030 1579 2296 1638 Similiter
2323 1586 2492 1640 etiam
2524 1587 2616 1656 jus
2637 1589 3053 1648 haereditarium
3089 1595 3279 1652 liberis
3306 1608 3540 1654 natura-

1957 1669 2102 1725 libus
2134 1677 2442 1742 concessit;
2472 1677 2630 1746 juxta
2664 1679 2834 1751 legem
2867 1683 2938 1737 ab
2973 1683 3273 1741 Anastasio
3301 1688 3540 1760 impera-

1957 1765 2074 1812 tore
2133 1759 2317 1814 latam.

339 1848 446 1900 Kal
477 1847 611 1917 περὶ
669 1846 762 1900 τοῦ
794 1848 1290 1922 κληρονομοῦντος,
1343 1852 1482 1906 ὥστε
1523 1854 1724 1922 ἐξεῖναι
1757 1857 1847 1912 αὑ-

2029 1847 2234 1904 Statuit
2267 1852 2459 1920 etiam,
2493 1855 2696 1911 hazredi
2725 1858 2898 1914 licere
2936 1869 3142 1916 sortem
3178 1879 3334 1920 suam
3365 1881 3540 1936 quan-

269 1937 341 2007 τῷ
392 1939 782 2008 παραιτεῖσθαι
816 1939 916 2010 τὴν
964 1942 1335 2014 κληρονομίαν
1362 1945 1450 1998 ὅτε
1486 1945 1533 1998 δ’
1560 1947 1627 2001 ἂν
1659 1947 1852 2021 βούλη-

267 2045 374 2092 ται,
406 2031 502 2084 καὶ
529 2031 607 2100 μὴ
631 2031 1021 2086 ἀποκλείεσθαι
1055 2033 1102 2066 ⁸⁸
1136 2036 1332 2106 χρόνῳ.

333 2119 470 2188 Περὶ
498 2119 555 2171 δὲ
585 2119 696 2172 τῶν
727 2123 1025 2193 μαρτύρων
1042 2125 1110 2196 (ε)
1130 2125 1271 2180 ὥστε
1288 2127 1694 2198 ἀναγκάζεσθαι
1722 2132 1850 2196 τοὺς

269 2209 483 2274 ἰδιώτας
515 2213 608 2264 καὶ
638 2214 870 2277 ἄκοντας
900 2219 1218 2287 μαρτυρεῖν.

343 2305 402 2357 ’0
421 2305 479 2358 δὲ
509 2305 674 2370 αὐτὸς
707 2307 966 2376 βασιλεὺς
990 2311 1306 2383 ἐδωρήσατο
1333 2314 1396 2367 τὸ
1425 2315 1686 2370 Γοτθικὺν
1725 2317 1846 2382 ξυλ-

263 2393 440 2448 ἑλαιον
473 2392 584 2466 (66)
612 2397 878 2466 κουφίσας
931 2398 1059 2462 τοὺς
1094 2400 1372 2467 ὑποτελεῖς
1409 2403 1474 2458 ὲκ
1499 2405 1592 2458 τοῦ
1622 2404 1843 2478 βάρους.

343 2485 470 2538 Ἐπὶ
503 2487 560 2540 δὲ
596 2487 698 2558 τῆς
734 2487 902 2543 αὐτοῦ
932 2487 1210 2560 βασιλείας
1255 2491 1350 2546 δύο
1381 2497 1681 2568 στρατηγοὶ
1709 2499 1846 2550 Οὕν-

259 2595 366 2630 νων
393 2579 790 2650 ὲπιρρίψαντες
819 2581 958 2650 μετὰ
984 2583 1223 2654 πλήθους
1246 2584 1356 2656 (67)
1375 2587 1454 2650 εἰς
1487 2587 1585 2658 τὴν
1611 2590 1844 2644 Σκυθίαν

261 2672 356 2723 καὶ
383 2671 486 2740 τὴν
517 2673 756 2737 Μυσίαν,
798 2673 952 2737 ὄντος
990 2677 1108 2728 ἐκεῖ
1139 2676 1510 2748 στρατηλάτου
1553 2679 1844 2750 Ῥωμαίων

261 2761 592 2833 Βαδουαρίου
643 2764 740 2816 καὶ
785 2763 1095 2834 Ἰουστίνου,
1151 2768 1246 2820 καὶ
1292 2769 1619 2835 ἐξελθόντων
1661 2773 1842 2828 αὐτῶν

258 2858 399 2909 κατὰ
460 2856 570 2908 τῶν
638 2855 859 2910 Οὗννων
892 2897 906 2920 ,
984 2860 1078 2912 καὶ
1157 2859 1436 2932 συμϐολῆς
1495 2865 1839 2935 γενομένης,

258 2949 474 3018 ἐσφάγη
505 2947 656 3020 [170]
685 2948 970 3014 Ἰουστῖνος
993 2951 1050 3002 ἐν
1082 2950 1161 3021 τῷ
1191 2951 1414 3024 πολέμῳ
1439 2968 1452 2982 ·
1503 2956 1596 3008 καὶ
1622 2956 1843 3024 ἐγένετο

255 3043 366 3094 ἀντ’
389 3041 559 3094 αὐτοῦ
586 3041 1024 3105 Κωνσταντίολος
1045 3045 1074 3096 6
1101 3043 1438 3115 Φλωρεντίου
1463 3047 1842 3120 στρατηλάτης

253 3135 350 3205 τῆς
381 3137 626 3200 Μυσίας.
675 3137 784 3190 Καὶ
817 3133 984 3208 ἦλθον
1011 3138 1060 3191 ot
1101 3131 1291 3193 Οὖννοι
1321 3141 1705 3208 πραιδεύοντες
1733 3143 1840 3207 ἕως
1865 3161 1907 3219 C

249 3229 348 3296 τῆς
369 3226 598 3298 Θρᾴκης
619 3246 631 3259 ·
669 3231 763 3282 καὶ
794 3229 1024 3295 ἐξελθὼν
1053 3231 1174 3284 κατ’
1205 3233 1384 3284 αὐτῶν
1409 3235 1437 3286 6
1467 3233 1846 3305 στρατηλάτης

249 3320 696 3385 Κωνσταντίολος
716 3323 811 3376 καὶ
829 3323 1052 3387 Γοδιλᾶς
1070 3325 1165 3378 καὶ
1177 3325 1310 3378 ὁτοῢ
1338 3323 1633 3396 Ἰλλυρικοῦ
1645 3343 1845 3396 στρατ-

249 3414 460 3484 ηλάτης
505 3415 750 3486 Ἀσκοὺμ
772 3418 800 3469 6
824 3411 994 3470 Οὗννο
1006 3435 1052 3484 ς,
1076 3417 1134 3471 ὃν
1157 3417 1416 3482 ἐδέξατοὸ
1435 3417 1687 3488 βασιλεὺς
1715 3415 1842 3471 Ἰου-

251 3504 522 3570 στινιανὸς
553 3507 610 3559 ὲν
651 3508 792 3578 ἁγίῳ
822 3507 1190 3580 βαπτίσματι,
1224 3509 1320 3562 καὶ
1357 3509 1839 3580 μεσολαϐηθέντων

249 3595 356 3650 τῶν
407 3597 628 3651 Οὓννων
657 3601 716 3651 ἐν
767 3599 844 3670 τῷ
874 3600 1116 3672 πολέμῳ,
1175 3603 1270 3655 καὶ
1301 3601 1512 3656 πολλῶν
1564 3601 1622 3670 ἐξ
1654 3602 1834 3656 αὐτῶν

249 3688 585 3752 πιπτόντων,
616 3690 898 3759 ἀπέφυγεν
930 3694 964 3761 ἡ
1000 3693 1204 3763 πραῖδα
1239 3694 1410 3756 πᾶσα,
1447 3693 1542 3746 καὶ
1583 3693 1834 3762 ἐγένοντο

259 3777 527 3845 Ῥωμαῖοι
566 3779 1038 3850 ἐπικρατέστεροι,
1074 3781 1436 3850 φονεύσαντες
1465 3781 1561 3835 καὶ
1585 3782 1714 3844 τοὺς
1743 3781 1834 3835 δύο

247 3867 450 3936 ρῆγας.
507 3867 619 3920 Καὶ
671 3867 747 3932 ὡς
794 3870 1250 3942 ὑποστρέφουσιν,
1303 3872 1696 3943 ὑπηντήθησαν
1729 3874 1834 3925 ὑπὸ

245 3957 424 4010 ἄλλων
483 3957 700 4012 Οὖννων
729 3976 748 3992 ο
785 3961 883 4013 καὶ
925 3961 1298 4032 συμϐαλόντες
1354 3963 1462 4016 ἀπὸ
1509 3965 1702 4029 κόπου,
1738 3963 1832 4016 καὶ

245 4047 629 4120 ἀσθενέστεροι
675 4051 830 4115 ὄντες
868 4052 918 4104 οἰ
960 4053 1252 4122 Ῥωμαίων
1307 4055 1628 4126 στρατηγοὶ,
1673 4054 1834 4106 δέδω-

245 4141 423 4192 καν⁸⁸
462 4141 610 4194 νῶτα
639 4160 652 4172 ·
694 4145 791 4196 καὶ
843 4143 1275 4212 καταδιώξαντες
1313 4149 1362 4200 οἱ
1389 4139 1582 4200 Οὖννοι
1615 4147 1836 4199 ὲσὸκευ-

245 4247 346 4282 σαν
365 4229 488 4262 ⁸⁷·δθ
523 4233 826 4301 φεύγοντας
858 4237 983 4300 τοὺς
1018 4237 1282 4307 ἐξάρχους
1324 4237 1630 4308 Ῥωμαίων.
1667 4239 1776 4290 Καὶ
1805 4240 1834 4291 6

246 4323 346 4392 μὲν
395 4323 622 4388 Γοδιλᾶς
667 4327 1000 4390 ἀποσπάσας
1049 4329 1110 4381 τὸ
1148 4329 1282 4382 ἴδιον
1329 4329 1480 4398 ξίφος
1539 4329 1700 4394 ἔκοψε
1741 4331 1832 4383 τὸν

1953 1938 2244 2012 docunque
2257 1943 2425 2000 vellet
2441 1944 2743 2017 deposcere
2763 1943 2893 2016 ;nec
2913 1959 3162 2024 tempore
3179 1957 3294 2011 ullo
3316 1959 3535 2013 excludi

1953 2026 2172 2083 debere.

2022 2119 2104 2173 Ad
2190 2123 2578 2180 testimonium
2649 2137 2836 2186 autem
2916 2132 3206 2193 ferendum
3263 2140 3532 2210 privatos,

1951 2211 2114 2265 etiam
2145 2213 2370 2282 invitos,
2401 2219 2523 2289 cogi
2549 2219 2744 2276 voluit.

2023 2301 2168 2356 Idem
2225 2307 2397 2386 etiam
2455 2310 2768 2380 imperator
2808 2315 3036 2373 donavit
3083 2319 3388 2392 Xylelaaum
3423 2324 3534 2381 σο-

1949 2391 2190 2462 thicum,
2217 2399 2521 2458 tributariis
2555 2405 2674 2461 suis
2707 2406 2810 2462 hoc
2838 2423 3009 2467 onere
3041 2391 3260 2472 levatis.

2019 2478 2222 2543 Eodem
2266 2490 2606 2560 imperante,
2661 2497 2772 2551 duo
2805 2497 3135 2556 Hunnorum
3171 2505 3362 2572 duces,
3403 2521 3530 2563 cum

1949 2594 2148 2651 magno
2170 2583 2443 2649 exercitu,
2482 2585 2765 2658 Scythiam
2793 2591 3133 2665 Mysiamque
3165 2596 3486 2655 invaserunt
3512 2621 3525 2655 :

1947 2673 2149 2740 quibus
2183 2687 2478 2730 occursum
2508 2677 2732 2733 iverunt
2776 2680 3109 2750 Baduarius,
3135 2688 3376 2743 militum
3412 2707 3530 2744 ma-

1948 2759 2119 2830 gister
2137 2771 2192 2817 et
2228 2761 2482 2821 Justinus
2525 2786 2538 2822 :
2577 2771 2881 2842 praelioque
2905 2779 3228 2845 commisso,
3266 2777 3526 2838 Justinus

1947 2851 2170 2907 occisus
2201 2861 2304 2908 est.
2357 2855 2543 2926 Itaque
2571 2858 2738 2930 438
2777 2861 2833 2917 in
2873 2863 2996 2934 ejus
3035 2867 3216 2922 locum
3261 2872 3526 2944 magister

1946 2943 2182 2999 militum
2211 2946 2263 2999 in
2297 2945 2467 3018 Mysia
2503 2951 2768 3009 sulfectus
2800 2963 2886 3011 est
2917 2955 3359 3029 Constantiolus,
3399 2965 3526 3020 Flo-

1943 3037 2106 3091 rentii
2139 3039 2303 3094 filius.
2348 3039 2617 3097 Caeterum
2649 3057 2974 3115 grassantes
3029 3053 3254 3108 interim
3309 3055 3520 3123 Hunni,

1945 3134 2194 3201 regiones
2235 3132 2479 3204 undique
2527 3137 2594 3191 ad
2633 3153 2811 3207 usque
2873 3141 3166 3198 Thraciam
3217 3147 3521 3218 depra'dati

1942 3230 2117 3276 sunt:
2157 3225 2420 3282 adversus
2447 3244 2588 3298 quos
2653 3233 2862 3301 egressi
2921 3247 3051 3290 sunt
3099 3238 3523 3298 Constantiolus

1941 3313 2176 3368 militum
2209 3317 2469 3384 magister
2501 3328 2555 3372 et
2602 3319 2847 3384 Godilas,
2899 3324 3218 3397 lllyricique
3254 3333 3522 3401 magister

1938 3401 2176 3456 militum
2195 3403 2423 3469 Ascum,
2456 3408 2714 3475 Hunnus,
2739 3426 2904 3480 quem
2956 3412 3305 3475 Justinianus
3347 3421 3521 3491 impc-

1937 3501 2091 3548 rator
2115 3510 2146 3550 e
2181 3511 2342 3552 sacro
2371 3498 2725 3569 baptismatis
2753 3505 2974 3562 lavacro
2995 3519 3334 3580 susceperat.
3369 3509 3522 3568 llun-

1937 3599 2135 3640 norum
2173 3587 2356 3660 itaque
2394 3593 2464 3645 ab
2512 3593 2599 3648 his
2639 3595 2885 3666 undique
2906 3597 3240 3669 cinctorum,
3293 3605 3518 3674 plurimi

1937 3678 1992 3732 in
2026 3679 2219 3749 praelia
2244 3681 2602 3754 ceciderunt;
2629 3687 2924 3761 praedaque
2951 3693 3135 3750 omnis
3160 3694 3373 3764 dilapsa
3393 3706 3476 3752 est
3500 3717 3515 3753 :

1936 3771 2244 3842 ducemque
2297 3788 2489 3829 eorum
2545 3785 2842 3850 utrumque
2886 3779 3143 3852 Romani,
3194 3789 3520 3857 superiores

1938 3863 2092 3926 facti,
2127 3863 2547 3922 interfecerunt.
2590 3869 2922 3930 Reversuris
2974 3885 3156 3933 autem
3209 3895 3334 3934 cum
3373 3897 3516 3937 nova

1934 3957 2016 4009 vis
2045 3955 2378 4012 Hunnorum
2405 3963 2853 4030 supervenisset,
2890 3965 3118 4024 Romani
3150 3970 3340 4037 duces,
3373 3975 3518 4042 jam-

1929 4047 2042 4116 jam
2076 4047 2289 4104 viribus
2341 4049 2554 4115 lassati,
2613 4069 2718 4108 nec
2773 4056 3004 4113 alterius
3036 4062 3209 4129 pratlii
3249 4064 3512 4133 impetum

1933 4140 2023 4209 qui
2060 4149 2250 4195 essent
2296 4143 2647 4210 sustinendo,
2687 4155 2839 4218 terga
2870 4149 3159 4206 dederunt.
3194 4153 3382 4210 Hunni
3413 4159 3513 4211 ita-

1933 4248 2040 4300 que
2079 4231 2347 4303 fugientes
2385 4233 2650 4304 insecuti,
2691 4237 3064 4297 Romanorum
3094 4244 3264 4301 duces
3301 4247 3514 4316 laqueis

1934 4323 2286 4393 implicantes
2345 4337 2630 4398 ceperunt.
2669 4328 2746 4384 Ex
2781 4335 2984 4402 quibus
3016 4334 3280 4404 Godilas,
3317 4341 3512 4396 stricto

1551 4487 1786 4542 VARUE
1823 4481 2231 4542 LECTIONES.

307 4574 356 4607 ⁸⁸
391 4575 952 4649 ὲκχόῖσιν.εκχᾴησιν
1010 4575 1111 4633 Ox.
1176 4579 1262 4633 hic
1320 4589 1372 4635 et
1426 4581 1486 4636 6|
1547 4582 1590 4634 B
1649 4581 1714 4635 V.
1765 4583 1872 4636 vol.
1947 4580 1985 4643 l,
2045 4595 2098 4649 p.
2129 4577 2200 4634 95
2250 4576 2616 4649 B._Mor_titum
2655 4580 2721 4635 tle
2747 4581 2878 4636 vitio
2903 4585 3067 4638 etiam
3101 4585 3169 4640 ab
3202 4587 3510 4646 editoribus

243 4643 514 4710 Stephani
549 4662 599 4697 e.
647 4643 824 4700 105578
850 4643 937 4700 'D.

237 4731 296 4784 p.
337 4716 406 4771 ⁸ῖο
433 4715 498 4767 Α.
559 4714 681 4747 ⁸⁷·⁸⁸
731 4716 1069 4771 ὲσσόκευσαν
1093 4717 1194 4773 0x.

1039 4649 1084 4681 ⁸⁵
1116 4649 1472 4704 ἀποκλεῖσθαι
1521 4651 1624 4706 Ox.
1699 4651 1744 4683 ⁸⁸
1773 4652 1993 4704 δέδωκε.
2045 4646 2262 4702 ἔδωκαν
2312 4646 2415 4703 Ch.
2447 4646 2690 4704 Debebat
2719 4651 2978 4720 δέδωκαν,
3005 4671 3126 4726 qua:
3165 4655 3341 4712 forma
3367 4663 3510 4716 redit

1499 4789 1614 4845 El).
1653 4787 2035 4844 CIIIIMEADI
2060 4785 2294 4842 ΝΟΤΛΕ.

467 4874 813 4964 Ἐδωρήσατο
843 4876 905 4956 τὸ
931 4877 1188 4964 ςοτθικόν
1225 4879 1522 4964 ξυλέλαιον.
1549 4880 1688 4964 Quid
1715 4884 1818 4964 hoc
1853 4887 1892 4940 υ
1922 4881 1974 4933 τί
1996 4881 2046 4933 οἱ
2079 4879 2266 4964 Γάτθοι
2293 4879 2534 4964 τοσαρτα
2566 4881 2672 4964 χρῇ
2683 4899 2828 4951 ματα
2863 4888 2994 4957 παρ’
3021 4887 3175 4958 ὑμῶν
3197 4889 3510 4964 λαμϐάνοι-

235 4941 518 5010 ξυλέλαιον
568 4941 676 5022 sit;
710 4946 1054 5022 ductim-ibus
1113 4941 1502 5022 inquirendqu
1549 4941 1817 5022 relinqui-

235 5032 360 5069 Inus
397 5034 410 5067 :
452 5031 554 5068 nos
585 5015 640 5067 in
665 5015 771 5068 hoc
795 5017 1070 5072 scrutinio
1107 5015 1311 5076 frustra
1343 5021 1526 5074 adhuc
1569 5015 1763 5078 sumus
1803 5041 1816 5076 :

232 5086 566 5160 stipendium
623 5085 918 5160 quoddam
945 5087 1130 5160 fuisse,
1161 5092 1378 5144 videtur
1423 5090 1635 5160 Gothis
1657 5095 1816 5160 pendi

231 5157 474 5229 solitum.
512 5153 674 5229 Certe
713 5153 1084 5229 Justinianum
1121 5159 1252 5229 imp.
1293 5162 1580 5229 imperium
1609 5153 1816 5216 Roma-

233 5241 362 5278 nnm
408 5224 1046 5299 Barbaris__tributarium
1081 5224 1300 5292 fecisse,
1331 5224 1526 5285 testem
1569 5233 1816 5299 locuple-

233 5307 340 5348 tent
377 5295 640 5374 habemus
671 5293 1000 5362 Procopiurn
1026 5337 1040 5358 ,
1081 5302 1285 5374 Arcana.
1326 5301 1458 5374 hist.
1499 5301 1670 5374 idque
1695 5293 1802 5356 Co-

231 5367 346 5418 this
375 5366 1006 5441 prmitipue,_ul'apparet
1039 5385 1104 5441 ex
1133 5368 1294 5423 Petro
1323 5372 1518 5441 patrie.
1545 5366 1818 5441 [ἔλθοι-ριν

233 5441 298 5490 de
329 5433 589 5510 legation.
627 5433 724 5510 _ubi
759 5433 1062 5510 Carporum
1098 5433 1486 5508 legatus'apud
1521 5433 1806 5510 MonophL

233 5453 298 5490 ue
329 5453 376 5490 te
417 5453 589 5488 attuu.
634 5453 724 5488 um
759 5453 1062 5503 κάπροι-ηιμ
1098 5453 1306 5508 legatus
1343 5453 1486 5508 apud
1521 5453 1806 5510 Menoph’b

231 5453 579 5576 utunﬁlysim
609 5503 832 5578 ducent,
883 5505 1179 5578 introducit
1227 5511 1294 5564 de
1333 5511 1434 5564 hac
1485 5527 1540 5566 re
1570 5529 1806 5578 queren-

235 5581 334 5640 lcs,
363 5573 622 5645 dictuque
655 5574 762 5628 sibi
788 5573 902 5627 lieri
927 5579 1294 5644 postulantes,
1320 5581 1406 5634 his
1433 5573 1615 5636 verbis
1651 5601 1662 5634 :
1705 5584 1806 5636 Διὰ

1923 4950 2160 5030 awkan
2194 4951 2352 5030 ἡμεῖς
2387 4952 2449 5000 οὐ
2475 4949 2869 5030 ).αμ6ἀνρμεν;
2913 4949 3019 5030 etc.
3049 4949 3098 5011 et
3135 4949 3298 5027 paulo
3331 4977 3452 5030 post
3489 4983 3503 5020 ;

1920 5023 2012 5073 καὶ
2041 5019 2349 5098 agnuam:
2377 5019 2652 5098 πῖοραῦτα*
2691 5019 2855 5098 ἡμεῖς
2881 5026 2989 5098 γὰρ
3018 5019 3505 5098 eameam.

1917 5109 2024 5144 νων
2065 5089 2255 5157 ἐσμέν.
2311 5088 2452 5154 Quid
2494 5088 2806 5156 autemfsi
2862 5088 3110 5150 συνέλεὸν
3154 5088 3504 5171 legeremus?

1997 5175 2076 5214 ηό
2104 5178 2151 5222 ς.

1917 5159 2580 5304 ἔλὶὲρῆφΈπξρῥίψαντ-ες
2625 5233 2766 5299 μετὰ
2813 5235 3073 5304 πλήθους.
3129 5239 3338 5296 Sensus
3395 5245 3500 5298 hoc

1915 5297 2039 5352 loco
2073 5297 2432 5382 itnperfeCIus
2467 5309 2550 5351 est
2587 5297 2776 5382 εἶρε-ιε
2826 5297 3114 5382 legendum
3139 5311 3446 5382 ἐπέρριψαν
3482 5297 3497 5346 ί

1917 5367 2311 5450 ὲπιρῤίψαχτες
2341 5369 2630 5450 euitn_nt_)n
2663 5373 2826 5450 habet
2846 5367 3094 5450 verbum
3117 5367 3380 5450 cum'qun
3407 5401 3500 5436 co-

1917 5437 2140 5493 lum-.0“.
2172 5439 2443 5520 Ceterum
2494 5437 2807 5520 hujusmodi
2835 5446 3132 5511 ἀσυνταξία
3169 5437 3312 5520 apud
3353 5454 3497 5509 hunc

1915 5513 2211 5564 Auctorem
2239 5507 2556 5576 frequenter
2591 5515 2856 5567 occurrit.

1651 5691 1834 5747 llODH
1867 5690 2098 5748 NOTIE.

301 5781 364 5854 (ε)
397 5782 540 5854 Περὶ
558 5784 615 5837 δὲ
650 5783 760 5837 τῶν
799 5800 962 5854 μαρτ.
1018 5781 1206 5836 Exstat
1235 5781 1336 5838 hoc
1376 5783 1656 5840 decretum
1689 5785 1827 5840 Cod.
1871 5785 1952 5840 tit.
1977 5785 2068 5852 (ΞΟ,
2109 5796 2156 5842 ct
2183 5787 2234 5843 in
2269 5789 2525 5844 Basilicis
2561 5787 2654 5841 lib.
2693 5801 2802 5849 XXI,
2849 5785 2935 5840 tit.
2967 5785 3090 5888 1,.1.
3128 5785 3217 5844 39.

689 5783 716 5796 ο
