3988 6136
276 237 368 301 δὶθ

1273 226 1950 292 CHRONOGRAPHIA.
1993 254 2059 265 -
2099 228 2248 289 LIB.
2290 226 2513 290 XVIII.

3421 227 3526 289 650

271 350 339 420 τῷ
363 344 518 418 αὑτῷ
566 343 779 416 βασιλεῖ
818 343 897 415 μὴ
927 341 1225 415 αὐταρκεῖν
1244 342 1291 374 ⁹⁰
1335 342 1405 396 τὰ
1430 341 1539 395 τῶν
1592 340 1844 412 ληγάτων

1974 340 2226 411 egatariis
2259 340 2551 395 sumciant.
2597 337 2696 395 Cui
2733 338 3068 408 imperator:
3119 335 3415 404 Quorsum,
3445 341 3528 395 in—

276 443 407 514 πρὸς
440 442 507 494 τά
531 440 629 509 τῆς
657 437 948 507 διαθήκης,
989 435 1292 506 ἐπέτρεψεν
1313 437 1341 487 ό
1365 434 1529 498 αὑτὸς
1561 434 1846 506 βασιλεὺς,

275 533 459 587 εἰπών’
484 530 550 583 Τί
581 547 647 600 με
675 528 907 591 κωλύεις
932 526 1275 581 ὑπεισελθεῖν
1298 528 1365 596 τῇ
1389 527 1745 598 κληρονομίᾳ,
1763 527 1846 579 εὑο

277 623 424 685 σεϐὲς
443 622 667 674 θέλοντα
687 621 910 689 ποιῆσαι
937 637 951 685 ;
976 617 1204 683 ἄπελθε,
1223 617 1623 687 ἀποπλήρωσον
1647 618 1856 680 πάντας

274 717 391 778 τοὺς
407 712 693 773 δανειστὰς
713 710 879 765 αὑτοῦ
900 712 992 762 καὶ
1014 710 1079 762 τὰ
1100 709 1313 778 ληγᾶτα
1328 709 1397 763 τὰ
1415 710 1503 762 ὑπ’
1523 708 1672 781 [175]
1688 707 1855 762 αὑτοῦ

275 801 683 857 διατυπωθέντα
709 817 722 828 ·
740 800 840 862 τὰς
861 799 917 852 δὲ
940 801 1086 869 τρεῖς
1106 797 1415 868 θυγατέρας
1433 796 1599 850 αὑτοῦ
1624 797 1857 868 ἀχθῆναι

278 895 480 949 κελεύω
503 894 657 959 παρὰ
677 896 744 963 τῇ
771 891 1057 961 Αύγούστᾳ⁴
1078 890 1331 961 Θεοδὼρᾳ
1358 888 1453 971 τρῖ)
1487 888 1856 959 φυλάττεσθαι

280 987 441 1048 αὑτὰς
452 988 510 1037 ἐν
525 984 602 1054 τῷ
612 982 915 1052 δεσποτικῷ
927 982 1057 1035 κουϐ
1065 981 1174 1034 ικλε
1185 982 1246 1051 ίῳ
1258 980 1414 1034 κελεύ
1423 999 1518 1045 σας
1532 980 1626 1035 τοῦ
1640 982 1861 1051 δοθῆναι

281 1077 522 1138 αὑταῖς⁹¹
540 1075 703 1145 χάριν
728 1073 951 1144 προικὸς
963 1072 1068 1125 ἀνὰ
1087 1072 1309 1142 χρυσίου
1331 1072 1532 1144 λιτρῶν
1549 1071 1746 1138 εἴκοσι,
1766 1072 1863 1126 καὶ

283 1171 460 1224 πᾶσαν
476 1167 574 1237 τὴν
593 1167 891 1219 ὑπόστασιν
908 1164 974 1235 ἣν
993 1165 1174 1217 εἴασεν
1196 1165 1387 1226 αὑταῖς
1403 1167 1429 1218 ὁ
1445 1164 1626 1239 αὑτῶν
1656 1165 1861 1234 πατὴρ.

361 1262 451 1312 Ἐν
500 1256 651 1326 αὐτῷ
691 1257 748 1308 δὲ
777 1254 855 1325 τῷ
889 1255 1068 1324 καιρῷ
1100 1256 1134 1324 ἠ
1174 1255 1405 1325 εὐσεϐὴς
1437 1255 1694 1325 Θεοδὼρα
1728 1257 1867 1325 μετὰ

287 1353 375 1406 καὶ
397 1351 509 1403 τῶν
537 1349 717 1403 ἄλλων
757 1347 930 1416 αὐτῆς
954 1347 1177 1414 ἀγαθῶν
1219 1347 1445 1417 ἐποίησε
1473 1347 1568 1400 καὶ
1591 1345 1771 1401 τοῦτο.
1803 1348 1864 1400 Οἱ

289 1448 393 1515 γὰρ
423 1441 819 1511 ὀνομαζόμενοι
870 1439 1229 1509 πορνοϐοσκοὶ
1253 1438 1522 1509 περιῆγον
1555 1440 1613 1491 ὲν
1652 1440 1868 1508 ἑκάστῳ

288 1539 434 1605 τόπῳ
496 1531 959 1603 περιϐλεπόμενοι
1003 1529 1245 1598 πένητας
1291 1529 1518 1598 ἔχοντας
1542 1530 1588 1561 ⁹²
1633 1527 1867 1595 θυγατέ-

294 1648 386 1701 ρας
414 1627 526 1697 (7|)
551 1625 647 1679 καὶ
665 1623 899 1685 διδόντες
923 1623 1132 1687 αὑτοῖς,
1151 1623 1339 1690 φησὶν,
1368 1622 1566 1691 ὅρκους
1589 1621 1687 1674 καὶ
1712 1622 1868 1687 ὀλίγα

1953 434 2089 504 quit,
2130 443 2183 487 tu
2220 448 2305 487 me
2340 432 2572 502 impedis
2632 430 2930 500 quominus
2972 429 3121 500 pium
3157 429 3262 484 hoc
3298 430 3531 486 haeredis

1952 523 2188 579 oliicium
2235 523 2510 594 perﬁciam
2552 523 2575 576 ?
2628 521 2740 591 Age
2785 536 2938 582 vero,
2993 521 3363 576 creditoribus
3411 521 3532 591 ejus

1954 618 2211 672 Omnibus
2244 616 2594 681 satisfacias;
2634 615 2922 684 legatoque
2950 614 3114 667 etiam
3170 616 3355 669 omnia
3413 632 3535 686 per-

1958 711 2161 765 solvas.
2188 708 2323 764 Tres
2357 715 2536 763 autem
2571 707 2696 761 tiliae
2724 706 2847 776 ejus
2877 706 3049 776 juch
3085 708 3151 762 ad
3187 708 3533 765 Theodoram

1958 803 2259 871 Augustam
2308 809 2366 855 ut
2396 800 2759 861 deducantur,
2807 797 3093 867 Augustali
3129 799 3390 854 cubiculo
3437 816 3538 856 cu-

1960 892 2279 954 stodiendaa,
2316 892 2520 962 quibus
2567 892 2731 945 etiam
2789 890 3043 960 singulis,
3095 890 3243 947 dotis
3289 895 3535 959 nomine,

1961 986 2130 1041 libras
2162 986 2282 1039 auri
2320 1000 2387 1039 xx
2434 983 2556 1038 dari
2588 974 2742 1049 volo;
2770 991 2824 1036 et
2852 991 3135 1051 praeterea,
3169 986 3540 1059 quodcunque

1962 1086 2047 1133 est
2081 1077 2402 1134 facultatum
2430 1089 2568 1146 quas
2598 1074 2840 1129 moriens
2868 1075 2977 1130 illis
3009 1076 3226 1147 legavit.

2034 1258 2237 1314 Eodem
2296 1264 2546 1327 tempore
2599 1254 3022 1327 religiosissima
3062 1254 3372 1322 Theodora,
3415 1258 3542 1314 aliis

1965 1349 2182 1417 egregie
2212 1363 2242 1401 a
2301 1362 2359 1401 se
2390 1347 2551 1401 factis
2586 1347 2750 1399 etiam
2782 1345 2884 1400 hoc
2936 1346 3156 1415 adjecit.
3191 1346 3292 1400 Per
3324 1348 3374 1402 id
3406 1356 3543 1403 tem-

1966 1456 2069 1510 pus
2099 1440 2322 1493 lenones
2353 1437 2446 1507 qui
2470 1445 2739 1491 vocantur
2764 1438 2965 1506 passim
2991 1439 3281 1507 per.urbes
3312 1441 3545 1507 agebant

1967 1530 2428 1596 circumforanei,
2486 1531 2871 1598 perquirentes
2928 1532 3172 1603 undique
3242 1550 3543 1605 pauperum

1972 1621 2143 1685 filias;
2174 1637 2311 1691 quas
2343 1637 2373 1675 a
2416 1621 2766 1690 parentibus,
2801 1623 3159 1692 stipulatione
3188 1639 3313 1678 cum
3344 1627 3427 1681 eis
3462 1626 3547 1680 fa-

290 1722 599 1790 νομίσματα
639 1716 943 1784 ἐλάμϐανον
987 1715 1177 1778 αὑτὰς,
1209 1713 1285 1777 ὡς
1340 1714 1433 1766 ἐπὶ
1480 1716 1864 1785 συγκροτήσει,

1974 1721 2054 1769 cta
2081 1712 2489 1781 nummulisque
2519 1712 2708 1781 paucis
2748 1713 2912 1777 datis,
2950 1724 3222 1783 acceptas,
3244 1731 3430 1771 secum
3452 1719 3549 1774 ab-

292 1815 383 1866 καὶ
446 1810 724 1881 προΐστων
776 1807 948 1869 αὑτὰς
992 1805 1249 1877 δημοσίᾳ,
1292 1806 1770 1875 κατακοσμοῦντες
1806 1809 1870 1859 ὲκ

290 1905 387 1973 τῆς
416 1901 601 1956 αὐτῶν
627 1900 876 1968 ἀτυχίας,
925 1897 1279 1966 κομιζόμενοι
1315 1898 1446 1968 παρ’
1482 1899 1660 1950 αὑτῶν
1686 1898 1747 1951 τὺ
1776 1897 1869 1951 τοῦ

294 1994 545 2063 σώματος
577 1989 755 2043 αὐτῶν
784 1989 1044 2058 δυστυχὲς
1067 1988 1276 2059 κέρδος,
1307 1990 1402 2040 καὶ
1430 1987 1740 2058 ἠνάγκαζον
1772 1989 1872 2041 αὑ-

294 2087 388 2150 τάς
442 2086 539 2137 τοῦ
578 2081 960 2154 προΐστασθαι.
994 2080 1101 2131 Καὶ
1134 2081 1257 2141 τοὺς
1301 2078 1580 2143 τοιούτους
1608 2078 1871 2149 πορνοϐο-

297 2179 458 2237 σκοὺς
512 2175 768 2227 ἐκέλευσε
812 2170 1136 2247 συσχεθῆναι
1195 2170 1332 2239 μετὰ
1367 2172 1542 2241 πάσης
1576 2171 1826 2240 ἀνάγκης
1857 2187 1872 2203 ·

295 2271 386 2322 καὶ
418 2268 696 2338 ἀχθέντων
722 2265 903 2318 αὑτῶν
955 2263 1094 2333 μετὰ
1122 2262 1230 2315 τῶν
1259 2263 1554 2332 κορασίων,
1587 2262 1876 2315 ἐκέλευσεν

296 2359 470 2410 εἰπεῖν
501 2356 732 2407 ἕκαστον
757 2352 935 2405 αὑτὼν
967 2350 1265 2421 μεθ’ὅρκου
1293 2351 1492 2413 δόσεως
1515 2349 1566 2401 τί
1597 2347 1875 2419 παρέσχον

296 2452 406 2511 τοῖς
473 2447 652 2501 αὐτῶν
720 2443 939 2522 γονεῦσι
970 2457 984 2471 ·
1044 2441 1139 2494 καὶ
1225 2437 1378 2494 εἶπον
1434 2440 1726 2493 δεδωκέναι
1774 2437 1879 2492 ἀνὰ

299 2541 462 2595 πέντε
484 2539 817 2609 νομίσματα.
854 2535 966 2589 Καὶ
998 2535 1216 2588 πάντων
1244 2532 1648 2586 ἐπιδεδωκότων
1672 2531 1880 2600 γνῶσιν

302 2633 420 2702 μεθ’
452 2634 622 2702 ὅρκου
648 2670 663 2694 ,
703 2628 966 2681 δεδωκυῖα
994 2626 1064 2679 τὰ
1097 2626 1358 2696 χρήματα
1402 2627 1435 2694 ἠ
1468 2625 1607 2693 αὑτὴ
1652 2623 1882 2694 εὐσεϐὴς

302 2723 596 2792 βασίλισσα
631 2717 1006 2788 ἠλευθέρωσεν
1033 2716 1202 2778 αὑτὰς
1232 2715 1326 2767 τοῦ
1354 2713 1517 2782 ζυγοῦ
1553 2715 1654 2783 τῆς
1683 2714 1881 2768 δυστυ-

299 2811 426 2882 χοῦς
461 2808 616 2883 [174]
641 2807 906 2871 δουλείας,
933 2806 1239 2860 κελεύσασα
1283 2805 1378 2859 τοῦ
1413 2805 1604 2858 λοιποῦ
1636 2805 1710 2876 μὴ
1740 2800 1881 2858 εἶναι

305 2901 724 2973 πορνοϐοσκοὺς,
760 2898 897 2951 ἀλλὰ
932 2896 1279 2967 χα-ρισαμένη
1307 2898 1427 2959 ταῖς
1468 2897 1660 2958 αὑταῖς
1690 2896 1880 2964 κόραις

302 2995 399 3064 τὴν
440 2992 537 3046 τοῦ
589 2990 843 3061 σώματος
891 2990 1104 3043 ἔνδυσιν
1134 2990 1227 3043 κοιλ⁹
1254 2988 1362 3042 ἀπὸ
1394 2988 1732 3059 νομίσματος
1763 2987 1883 3049 ἐνὸς

302 3086 575 3139 ἀπέλυσεν
609 3083 801 3144 αὑτάς.

386 3178 479 3231 Ἐν
526 3179 583 3229 δὲ
630 3179 697 3246 τῇ
735 3173 1128 3244 συμπληρώσει
1180 3176 1281 3245 τῆς
1328 3174 1499 3244 αὑτῆς
1553 3172 1887 3237 ίνδικτιῶνος

1970 1805 2276 1870 ducebant;
2304 1816 2637 1874 ornatasque
2680 1804 2898 1874 publice
2923 1807 3350 1874 prostituebant,
3382 1810 3547 1864 etiam

1972 1896 2212 1961 invitas;
2259 1897 2640 1965 turpissimum
2694 1897 2797 1950 hoc
2832 1897 3069 1962 lucrum,
3116 1914 3182 1953 ex
3213 1900 3435 1956 illarum
3468 1903 3549 1957 in-

1976 1988 2256 2051 fortnniis,
2281 1987 2383 2041 sibi
2420 1997 2825 2057 comparantes.
2863 1989 3192 2059 Ilnjusmodi
3224 2007 3357 2047 vero
3402 1993 3556 2049 leno-

1975 2092 2072 2131 nes
2104 2076 2419 2145 imperalrix
2450 2077 2617 2146 jussit
2650 2077 2884 2132 omnino
2913 2093 3106 2133 omnes
3136 2084 3551 2150 comprehendi;

1976 2174 2461 2237 comprensosque,
2516 2182 2640 2220 cum
2684 2169 2879 2236 puellis
2908 2184 3016 2223 una
3063 2187 3249 2226 coram
3310 2175 3551 2243 adduci;

1978 2256 2372 2324 adductosque,
2408 2256 2726 2325 juramento
2755 2258 3024 2325 adhibito,
3072 2260 3232 2333 441
3275 2264 3551 2334 profiteri,

1978 2348 2168 2418 quanti
2197 2347 2410 2416 puellas
2439 2362 2470 2400 a
2505 2347 2828 2415 parentibus
2864 2362 3214 2419 acceperant.
3258 2350 3556 2410 Nummos-

1978 2457 2085 2513 que
2105 2442 2358 2511 quinque
2393 2456 2493 2511 pro
2521 2442 2753 2512 singulis
2795 2442 2877 2498 eis
2905 2443 3125 2501 dedisse
3149 2461 3210 2502 se
3243 2447 3557 2518 juramento

1981 2533 2138 2589 [Idem
2197 2532 2545 2599 facientibus,
2596 2535 2862 2603 pecunias
2912 2535 3154 2592 reddidit
3216 2540 3557 2608 pientissima

1981 2625 2323 2695 imperatrix,
2376 2625 2635 2696 ipsasque
2667 2639 2697 2678 a
2730 2627 3015 2682 servitutis
3055 2631 3393 2698 turpissimae
3421 2634 3559 2706 jugo

1981 2718 2265 2783 liberavit;
2336 2718 2628 2788 prohibitis
2695 2719 2859 2773 etiam
2918 2720 2971 2775 in
3022 2731 3303 2790 posterum
3352 2726 3556 2783 lenoci-

1981 2811 2089 2865 niis
2122 2811 2561 2880 quibuscunque.
2620 2810 2765 2877 Quin
2823 2819 2877 2866 et
2924 2815 3126 2868 vestitu
3178 2815 3288 2870 illis
3344 2817 3559 2890 integro

1982 2905 2048 2959 de
2079 2904 2320 2974 propriis
2346 2905 2657 2974 sumptibus
2679 2903 3052 2976 suppeditato,
3091 2907 3303 2977 puellas
3335 2910 3556 2967 demum

1984 2997 2214 3051 ditnisit.

2021 3131 2321 3227 .Czeterum
2358 3171 2679 3228 indictionis
2716 3172 2882 3244 hujus
2935 3176 3039 3231 sub
3073 3180 3317 3247 exitum,
3372 3182 3559 3240 Theo-

307 3270 630 3341 ἐξώρμησεν
655 3273 688 3340 ἡ
724 3268 860 3338 αὐτὴ
887 3266 1174 3335 Αὕγουστα
1196 3266 1240 3297 ⁸³
1271 3265 1524 3335 Θεοδώρα
1554 3267 1633 3328 είς
1656 3267 1715 3318 τὸ
1737 3265 1861 3331 λεγό

1985 3263 2119 3317 dora
2156 3262 2424 3331 Angusta,
2462 3264 2733 3332 patriciis,
2761 3266 3124 3324 cubiculariis
3157 3280 3213 3325 et
3239 3288 3291 3327 IV
3314 3274 3560 3332 millibus

309 3378 472 3432 μενον
500 3362 546 3393 ’⁵
573 3360 772 3413 Πύθιον
801 3358 910 3428 (72)
961 3357 1102 3428 μετὰ
1132 3357 1436 3428 πατρικίων
1479 3357 1574 3410 καὶ
1606 3358 1864 3413 κουϐικου

1986 3354 2230 3407 virorum
2271 3355 2494 3421 stipata,
2545 3352 2802 3425 Pythium
2850 3358 3094 3427 profecta
3128 3370 3258 3417 est:
3314 3369 3561 3424 cunctis-

304 3452 535 3523 λαρίων,
564 3446 701 3503 οὖσα
734 3451 830 3502 σὺν
873 3448 1078 3518 χιλιάσι
1116 3446 1360 3517 τέτρασι,
1401 3447 1510 3499 Καὶ
1536 3445 1707 3499 πολλὰ
1734 3464 1868 3516 χαριι

1974 3462 2094 3527 que
2126 3446 2182 3498 in
2216 3461 2353 3513 quas
2383 3445 2671 3512 inciderat,
2709 3450 2960 3505 ecclesiis
2999 3454 3290 3523 magniﬁce
3317 3458 3558 3527 donatis,

309 3545 521 3614 σαμένη
568 3546 691 3605 ταῖς
715 3541 853 3594 κατὰ
899 3541 1065 3594 τόπον
1110 3539 1431 3610 ἐκκλησίαις
1459 3537 1802 3608 ὑπέστρεψεν
1835 3540 1868 3591 ὲπ

1974 3524 2521 3607 Constantinopolim
2554 3554 2774 3595 reversa
2801 3551 2905 3596 est.

308 3630 903 3686 Κωνσταντινουπόλει.

391 3726 481 3778 Ἐν
526 3723 676 3792 αὐτῷ
724 3723 783 3776 δὲ
826 3720 905 3792 τῷ
937 3722 1115 3791 χρόνῳ
1158 3719 1486 3792 ἀπηγγέλθη
1532 3720 1868 3775 Ἰουστινιανί

2053 3714 2255 3771 Eodem
2322 3723 2569 3787 tempore
2623 3717 2690 3772 ad
2747 3715 3122 3774 Justinianum
3174 3719 3560 3792 imperatorem

308 3811 384 3881 τῷ
414 3810 629 3882 βασιλεί
658 3811 740 3863 ὅτι
772 3810 1050 3879 συμϐολῆς
1079 3810 1381 3880 γενομένης
1413 3809 1619 3880 μεταξὺ
1669 3810 1868 3883 Περσῶ

1986 3810 2240 3863 nuntium
2294 3809 2521 3863 allatum
2554 3815 2641 3864 est
2686 3809 2753 3863 de
2783 3810 2974 3878 praelia
3018 3811 3162 3865 inter
3195 3808 3475 3870 Romanos
3509 3826 3565 3871 et

312 3904 401 3956 καὶ
442 3902 737 3972 Ῥωμαίων
769 3900 861 3956 ἐπὶ
889 3900 990 3970 τὴν
1023 3900 1455 3972 Μεσοποταμίαν
1489 3900 1866 3972 ἐπιρῤιψάντω

1983 3900 2187 3956 Persas
2244 3902 2575 3965 commisso;
2633 3901 2728 3969 qui
2769 3917 2879 3954 xxx
2936 3902 3181 3959 millibus
3226 3888 3562 3961 armatorum

311 3993 415 4045 τῶν
443 3993 675 4063 Περσῶν
729 3992 867 4060 μετὰ
905 3990 1159 4059 χιλιάδων
1192 3991 1238 4043 λ’
1265 3994 1359 4045 καὶ
1396 3989 1598 4063 Ξέρξου
1646 3993 1740 4046 τοῦ
1782 3996 1864 4046 υἱο

1988 3990 2242 4046 instructi
2264 4031 2278 4054 ,
2308 3988 2534 4058 Xerxis,
2563 3989 2764 4045 Coadis
2796 3991 3085 4045 Persarum
3120 3996 3265 4060 regis
3296 3997 3427 4060 ﬁlii,
3462 4000 3566 4053 sub

312 4084 405 4137 τοῦ
457 4084 729 4154 βασιλέως
783 4083 1052 4136 Κωάδου·
1099 4084 1128 4135 ό
1163 4083 1272 4155 γὰρ
1326 4085 1571 4154 Περόζης
1619 4087 1647 4138 ό
1698 4085 1868 4155 μείζω

1990 4082 2291 4150 auspiciis,
2366 4081 2818 4150 McSOpotamiam
2898 4084 3241 4139 invaserant.
3327 4088 3566 4144 Perozes

310 4176 486 4237 υίὸς⁸⁴⁵
514 4175 682 4227 αὑτοῦ
721 4175 833 4244 (75)
869 4175 961 4225 ἐπὶ
994 4175 1091 4243 τὴν
1122 4174 1364 4245 Λαζικὴν
1398 4176 1492 4227 καὶ
1512 4177 1611 4245 τὴν
1644 4177 1865 4248 Περσαρ

1996 4175 2184 4234 enim,
2236 4172 2438 4227 Coadis
2494 4172 2639 4227 filius
2689 4184 2818 4227 natu
2870 4173 3065 4243 major,
3099 4176 3288 4232 eodem
3322 4186 3569 4251 tempore

319 4266 502 4333 μενίαν
533 4265 792 4333 ἐπολέμει
839 4265 975 4333 μετὰ
1016 4264 1267 4333 βοηθείας
1312 4266 1540 4336 πολλῆς·
1571 4268 1598 4319 ό
1630 4268 1738 4337 γὰρ
1783 4286 1868 4320 πα‹

1999 4264 2250 4319 Lazicam
2301 4273 2355 4317 ct
2407 4263 2851 4319 Persarmeniam
2923 4282 3220 4324 numeroso
3251 4286 3375 4326 cum
3413 4290 3570 4330 excr-

312 4354 414 4425 τὴρ
455 4355 639 4409 αὐτῶν
689 4355 923 4424 Κωάδης
955 4357 1015 4407 ὲν
1061 4355 1211 4425 αὐτῷ
1256 4357 1332 4426 τῷ
1367 4357 1543 4429 καιρῷ
1581 4358 1679 4411 οὐκ
1730 4355 1868 4429 ἦλθε

1999 4358 2111 4410 citu
2141 4355 2401 4425 petebat;
2434 4370 2533 4410 nec
2583 4364 2736 4424 pater
2779 4356 2895 4424 ipse
2927 4356 3136 4413 Coades
3185 4360 3290 4416 hoc
3322 4370 3569 4434 tempore

1590 4499 1823 4554 VARUE
1861 4498 2270 4554 LECTIONES.

382 4592 428 4626 ”
452 4591 780 4664 αὐταρκεῖν.
813 4587 1272 4664 ιιηριάνταρκεῖνλ
1301 4588 1392 4664 Sic
1422 4597 1482 4664 et
1516 4606 1569 4660 p.
1599 4592 1667 4664 78
1690 4592 1753 4645 C.
1861 4593 1924 4664 9‘j
1944 4593 2134 4664 αὑταῖς
2167 4593 2289 4664 lib“
2319 4591 2488 4664 otiati:-
2517 4589 2621 4645 Ox.
2646 4592 2734 4664 ﬂ”
2757 4590 2984 4664 ἔχοντας
3041 4589 3167 4657 Cb.,
3204 4593 3436 4664 ἐχούσας
3465 4600 3566 4657 0x,

317 4660 362 4694 ”
393 4659 684 4729 Δύγούστα
721 4658 824 4713 Ox.
903 4658 949 4691 ⁸³
984 4657 1206 4713 Πύθιον.
1235 4658 1393 4714 Conl‘.
1422 4657 1788 4731 Theophanes
1820 4677 1873 4731 p.
1908 4661 2009 4717 158
2032 4663 2095 4717 C.
2173 4662 2217 4693 ⁸⁸
2246 4664 2273 4712 ὁ
2304 4662 2415 4725 υίὸς
2442 4659 2570 4725 Ox.,
2605 4661 2720 4724 υἱὸς
2747 4657 2847 4714 Cb.

1544 4775 1654 4828 ΕΙ).
1686 4776 2067 4832 CHILMEADI
2109 4776 2342 4844 ΝΟΤΛἝ,

384 4863 777 4939 (71)Πένητας
818 4865 1039 4934 ἔχοντας
1087 4867 1414 4939 θυγατέρας.
1470 4867 1545 4924 De
1601 4869 1704 4923 hoc
1732 4870 1902 4925 Justi-
1939 4877 1979 4928 Ι)
2009 4874 2202 4927 aulilic.
2236 4872 2327 4925 lib.
2361 4888 2424 4925 v:
2468 4870 2653 4939 Πηγαὶ
2684 4869 2740 4923 δὲ
2781 4869 3001 4939 θερμῶν
3042 4869 3202 4938 φύσει
3227 4872 3284 4923 ἐν
3318 4871 3566 4939 Βιθυνοῖς

315 4936 460 5015 niani
501 4937 1069 5015 etTheotlormjuip.
1103 4936 1251 4991 facto
1279 4936 1519 5015 fcipiose
1561 4938 1890 5015 ProCOpius,
1994 4946 2199 4999 ὑδάτων
2242 4936 2763 5015 μάναϐλυστάνουσιν,
2808 4936 3063 5012 ἐν’χώρῳ
3090 4943 3256 5011 ὅνπερ
3299 4936 3565 5015 ἐπονομὰξ

314 5008 389 5061 De
428 5008 639 5063 Justin.
682 5008 880 5076 :rdilic.
920 5007 1016 5059 lib.
1046 5023 1082 5071 ι,
1117 5023 1237 5076 cap.
1277 5010 1330 5062 5.
1359 5010 1461 5063 Sed
1510 5018 1564 5076 et
1609 5009 1890 5065 Novellam

311 5082 473 5132 etiam
515 5080 687 5133 eiliilll
720 5075 1085 5149 JII_stinia|_rus.
1122 5074 1248 5147 περὶ
1286 5078 1378 5129 τοῦ
1410 5079 1483 5149 μὴ
1508 5074 1649 5131 εἶναι
1693 5098 1891 5149 πορνο-

312 5149 540 5218 ϐοσκοὺς
591 5150 650 5200 ἐν
696 5147 888 5218 μηδενξι
923 5147 1071 5215 τόπῳ
1109 5150 1209 5215 τῆς
1263 5147 1550 5218 Ῥωμαίων
1593 5147 1887 5214 πολιτείας.

309 5216 403 5272 Est
440 5223 553 5272 bnzc
578 5219 806 5270 Novella
847 5216 1057 5269 decima
1086 5226 1302 5281 quarta.

382 5289 493 5358 :72)
527 5290 620 5350 Εἰς
667 5287 731 5339 τὸ
768 5287 1061 5359 λεγόμενον
1107 5288 1324 5339 Πύθιον.
1361 5285 1614 5354 Pythium
1667 5290 1889 5359 quidem

306 5355 646 5413 Macedoniae
685 5357 947 5425 oppidum
995 5366 1109 5419 est;
1176 5366 1234 5409 ut
1292 5373 1352 5411 ex
1398 5355 1889 5424 Stepliano'disci-

308 5443 433 5483 Inus
472 5448 486 5484 :
520 5443 706 5481 nonne
742 5428 906 5491 igitur
938 5435 1130 5478 auctor
1179 5428 1277 5479 hoc
1331 5429 1450 5481 loco
1480 5431 1720 5483 thermas
1764 5433 1887 5484 illas

306 5499 567 5569 intelligit
592 5498 800 5569 pol_ius,
829 5510 965 5565 quas
1014 5511 1178 5569 supra
1224 5499 1325 5569 lib.
1357 5515 1414 5551 ιιι
1452 5509 1636 5561 vocat,
1672 5500 1738 5569 τά
1773 5500 1884 5552 Πύ-

308 5566 631 5641 θια-θερμά.
662 5566 913 5641 ΤΙιειςιιιαε
940 5581 1064 5618 vero
1099 5567 1181 5619 ha:
1221 5568 1585 5641 in_liitbynia,_
1610 5583 1639 5621 a
1669 5567 1882 5641 Byzan-

304 5638 384 5693 tio
409 5636 557 5694 haud
612 5637 806 5707 procul
850 5644 970 5688 suae
1017 5645 1173 5688 erant
1218 5656 1230 5689 :
1283 5636 1518 5709 Procop.
1561 5638 1637 5693 De
1674 5636 1879 5694 Justin.

630 5729 907 5787 PATROL.
951 5725 1065 5785 GR.
1111 5725 1343 5790 XCVII.

1993 5017 2143 5082 ζουσι
2179 5013 2348 5066 Πύθια
2374 5028 2390 5082 ’ν
2437 5011 2639 5072 ταύτας
2676 5012 2872 5082 ἔχουσι
2913 5013 3256 5082 παραψυχὴν
3307 5011 3473 5068 ἄλλοι
3505 5034 3563 5068 τε

1993 5081 2198 5148 πολλοὶ,
2249 5084 2343 5136 καὶ
2376 5081 2741 5149 διαφερόντως
2782 5081 3087 5143 Βυζάντιοι,

2065 5157 2179 5223 (75)
2221 5152 2488 5223 Περόςης,
2528 5153 2556 5203 ὁ
2587 5150 2788 5220 μείζων
2819 5152 2986 5223 ὀᾳυὶὸς
3023 5150 3203 5203 αὑτοῦ.
3247 5151 3561 5223 Secundum

1991 5228 2018 5279 ό
2050 5219 2338 5280 redundat.
2363 5219 2633 5274 Ceterqu
2665 5222 2803 5272 inter
2836 5219 3061 5283 Coadis.
3091 5222 3204 5275 sive
3241 5222 3475 5279 Caliadis
3501 5226 3563 5278 fl-

1994 5299 2116 5356 liog,
2151 5308 2288 5359 quos
2317 5291 2618 5359 Procopius
2641 5297 2753 5342 tres
2779 5300 3067 5343 enumerat
3095 5331 3106 5351 ,
3141 5301 3334 5345 neuter
3365 5295 3558 5348 horum

1997 5371 2243 5434 apparet.
2272 5362 2375 5434 llic
2402 5362 2702 5434 cuiinnatu
2728 5363 2991 5434 majorem
3038 5362 3250 5434 Ka'tgsw
3282 5374 3461 5434 vocat,
3499 5368 3562 5418 li-

1997 5430 2127 5488 lium
2171 5431 2474 5503 secundum
2522 5430 2709 5498 Ζάμην
2735 5445 2749 5459 ·
2797 5431 3084 5503 minimum
3123 5432 3374 5503 Χοσρόην
3406 5451 3421 5466 ο
3450 5430 3563 5503 qui

1992 5506 2172 5626 ialm;
2211 5517 2380 5625 reglllo
2431 5500 2648 5555 Persico
2686 5501 2830 5569 patri
2890 5502 3183 5559 successit.
3215 5500 3449 5571 Procop.
3486 5500 3562 5565 ω

2032 5591 2061 5626 8
2089 5615 2104 5626 .
2178 5586 2287 5626 CI'S.
2339 5610 2353 5625 .
2392 5586 2428 5624 1.

1994 5576 2104 5631 bel.
2135 5576 2287 5626 Pcrs.
2317 5576 2353 5625 l.
2392 5586 2428 5624 ι.

3098 5725 3169 5789 21
