3988 6136
472 265 571 330 651

1765 267 2085 329 JOANNIS
2123 267 2442 329 MALALE

3626 270 3727 334 65?.

474 382 526 433 in
557 376 832 432 Romanas
884 375 1092 445 prodiit
1140 374 1403 432 ditiones.
1439 373 1609 430 Xerxi
1630 385 1811 430 autem
1847 384 1902 432 et
1932 379 2047 432 Meo

2153 377 2241 431 ἐπὶ
2269 378 2337 432 τά
2379 375 2668 447 Ῥωμαϊκά
2701 392 2713 405 ·
2747 372 2972 445 ἐξῆλθον
3015 374 3071 428 δὲ
3101 373 3241 429 κατὰ
3272 372 3367 428 τοῦ
3418 375 3608 446 Μέραν
3639 378 3730 431 καὶ

476 487 570 524 ran
608 469 662 523 in
711 480 1005 522 occursum
1060 467 1280 521 iverunt
1317 466 1565 523 Damasci
1591 465 1772 522 exdux
1812 467 2003 524 Cuztis
2026 508 2042 533 ,

479 560 735 615 V’italiani
781 560 925 613 filius
951 559 1034 611 vir
1069 558 1551 624 bellicosissimus,
1579 568 1635 614 et
1662 558 2043 625 Sebastianus,

474 653 647 723 copiis
706 649 961 705 lsauricis
994 649 1297 716 instructi;
1349 650 1650 706 Pbmniciae
1689 651 1853 706 etiam
1902 651 2046 716 dux,

474 744 817 801 Procliauus.
848 756 975 795 cum
1008 741 1216 796 Basilio
1243 742 1446 796 comite
1472 762 1486 794 :
1529 750 1726 811 praeter
1756 742 1857 796 hos
1882 743 2047 797 etiam

473 836 665 889 aderat
706 832 1006 890 Belisarius
1051 842 1106 887 et
1156 832 1319 904 442
1375 832 1665 904 Tapbaras
1725 834 2045 904 phylarcha.

472 928 755 998 'l'apbaras
796 940 929 981 vero
972 940 1115 995 equo
1172 925 1516 997 impingente
1558 941 1834 982 excussus
1879 926 2050 980 inter-

472 1022 649 1076 fectus
708 1026 829 1074 est:
886 1017 1054 1074 simili
1086 1017 1257 1072 etiam
1290 1016 1455 1072 modo
1489 1018 1655 1087 periit
1689 1026 1743 1072 et
1800 1015 2049 1070 Proelia-

472 1125 598 1165 nus.
664 1107 1033 1164 Sebastianus
1084 1118 1137 1161 et
1188 1106 1425 1162 Basilius
1480 1108 1549 1161 ab
1601 1107 1852 1163 hostibus
1905 1107 2050 1177 capti

476 1211 645 1258 sunt:
698 1200 892 1256 Cuztis
941 1199 1108 1255 etiam
1132 1237 1148 1262 ,
1180 1199 1409 1254 vulnere
1448 1206 1713 1267 accepto,
1743 1199 1798 1253 in
1857 1214 2052 1253 manus

478 1295 723 1352 hostium
749 1292 974 1349 devenit
1000 1308 1014 1345 :
1046 1297 1309 1347 caeterum
1350 1290 1655 1346 Belisarius
1694 1289 1820 1361 fuga
1851 1292 2050 1346 evasit.

476 1389 776 1458 imperator
821 1389 1005 1438 autem
1047 1380 1433 1446 Justinianus,
1479 1382 1573 1437 ubi
1618 1381 1737 1437 haec
1769 1380 2051 1444 audisset,

472 1477 682 1550 ingenti
717 1477 801 1531 ira
841 1482 1161 1531 commotus
1184 1481 1295 1531 est.
1332 1472 1441 1530 Sed
1471 1474 1641 1530 etiam
1666 1489 1735 1528 ex
1759 1473 2053 1530 Persarum

467 1585 692 1641 quoque
719 1567 957 1624 ducibus
986 1574 1043 1623 et
1064 1567 1315 1623 exercitu
1337 1606 1353 1631 ,
1399 1565 1724 1620 ceciderunt
1757 1565 2054 1636 quamplu-

469 1664 597 1718 rimi
623 1679 640 1729 ;
666 1660 885 1716 caeteris
911 1658 1196 1730 regionem
1223 1671 1381 1712 suam
1415 1656 1815 1727 repetentibus.

537 1725 716 1809 Porro
749 1725 1050 1821 imperator
1078 1762 1145 1805 ex
1172 1725 1504 1818 proceribus
1551 1748 1668 1804 suis
1703 1761 1734 1801 a
1778 1746 2051 1804 Constan-
2082 1725 2125 1781 Β

469 1845 702 1915 tinopoli
734 1844 790 1898 in
820 1841 1104 1897 Orientem
1132 1839 1321 1895 emisit
1348 1837 1619 1908 quosdam
1643 1876 1658 1902 ,
1694 1836 1785 1907 qui
1818 1835 2050 1891 urbibus

469 1938 544 1993 ibi
579 1935 961 2007 prospicerent
987 1950 1001 1988 :
1026 1948 1094 1988 ex
1116 1931 1322 2001 quibus
1349 1929 1546 1985 Amida
1575 1930 1814 1996 Platoni,
1842 1927 2048 1983 Edessa

469 2028 763 2085 Theodoro
788 2024 1080 2097 patriciis;
1110 2022 1423 2079 Alexandro
1460 2033 1666 2085 autem,
1704 2022 1876 2077 llierii
1913 2021 2046 2084 filio,

474 2123 702 2186 Bercta,
751 2118 1077 2188 ueterisque
1116 2117 1272 2180 aliis,
1319 2114 1586 2187 Surorum
1637 2114 1772 2169 urbs
1818 2123 1872 2168 et
1904 2113 2050 2167 Con-

472 2213 719 2269 stantina
752 2214 972 2269 tuendae
1016 2219 1332 2268 cesserunt.
1366 2210 1572 2266 Eodem
1608 2217 1862 2280 tempore
1885 2207 2048 2264 Pom-

472 2306 594 2375 pius
641 2304 805 2361 etiam
861 2303 1167 2375 patricius,
1227 2316 1355 2357 cum
1424 2302 1633 2373 ingenti
1691 2300 2043 2373 Illyriorum,

469 2396 805 2468 Scytharum
849 2435 865 2461 ,
934 2394 1253 2452 Isaurorum
1330 2393 1722 2463 Thracumque
1794 2392 2044 2447 exercitu

465 2489 706 2565 iniussus
753 2496 865 2552 est,
913 2487 1015 2543 scd
1058 2487 1130 2542 ob
1167 2485 1528 2558 gravissimas
1567 2499 1689 2555 quae
1714 2484 2047 2552 ingruebant

468 2582 705 2643 hiemes,
745 2595 811 2635 ex
844 2588 1008 2649 pacto
1038 2579 1321 2634 Romanos
1354 2578 1497 2633 inter
1521 2576 1831 2646 Persasque
1863 2578 2002 2631 inito
2026 2617 2041 2641 ,

470 2670 705 2727 inducite
735 2668 891 2725 facta:
924 2678 1076 2727 sunt.

537 2939 777 3011 Contigit
811 2948 996 2994 autem
1044 2950 1140 3006 per
1169 2935 1223 2991 id
1273 2944 1495 3005 tempus
1530 2932 1884 2987 Antiochiam
1918 2932 2041 2985 irati

467 3018 722 3086 Numinis
765 3026 1213 3084 vicissitudinem
1244 3034 1454 3080 sextam
1495 3022 1713 3089 subire,
1755 3037 1850 3091 per
1880 3024 2041 3076 unius

468 3126 618 3177 hora:
649 3120 892 3191 spatium
924 3128 1085 3174 terra:
1114 3116 1453 3172 tremoribus
1488 3128 1821 3169 concussam
1857 3131 1870 3167 :
1905 3129 2047 3182 quos
2074 3077 2117 3132 c

467 3214 632 3270 etiam
666 3212 884 3281 rugitus
913 3210 1109 3280 ingens
1158 3209 1448 3267 insecutus
1499 3214 1623 3270 est;
1656 3206 2047 3262 corruentibus

468 3305 685 3361 interim
709 3342 723 3368 ,
764 3318 884 3372 quae
913 3316 943 3356 a
999 3300 1277 3372 prioribus
1322 3306 1489 3354 terra:
1526 3298 1774 3353 motibus
1811 3298 1879 3351 de
1903 3313 2047 3352 novo

465 3398 708 3453 excitata
761 3394 1023 3461 fuerant,
1069 3392 1349 3456 aedificiis,
1394 3392 1648 3457 maniis,
1677 3390 1839 3463 ω
1872 3391 2049 3445 eche-

464 3488 677 3558 siisque
726 3484 1034 3542 nonnullis.
1087 3481 1267 3553 Hujus
1341 3497 1473 3537 vero
1524 3481 1702 3537 cladis
1755 3481 1899 3534 fama
1954 3495 2049 3550 per

466 3580 632 3635 urbes
701 3593 825 3633 sese
879 3586 1213 3646 spargente,
1282 3575 1534 3643 ingentes
1600 3587 1793 3627 omnes
1844 3571 2048 3625 litaniis

470 3670 641 3725 Deum
690 3666 1091 3737 propitiabant.
1126 3662 1374 3717 Divinam
1426 3661 1592 3716 etiam
1640 3661 1780 3715 iram
1810 3669 2050 3730 expertae

466 3770 597 3817 sunt
628 3766 814 3829 partes
848 3759 1038 3812 urbem
1069 3754 1569 3823 circumjacentes:
1597 3752 1879 3823 perierunt
1918 3766 2048 3806 vero

467 3854 536 3905 ah
591 3849 809 3906 excidio
866 3852 971 3903 hoc
1027 3846 1335 3901 animarum
1369 3845 1598 3899 vmillia
1648 3843 2049 3913 recipientibus

467 3958 590 3998 sese
612 3984 626 4007 ,
663 3942 756 4011 qui
802 3946 1160 4011 supererant,
1202 3938 1256 3992 in
1311 3937 1451 3991 alias
1480 3937 1648 3992 urbes
1674 3953 1688 3990 :
1718 3935 1814 3991 sed
1847 3943 1902 3990 et
1933 3936 2048 4005 plu-

465 4034 589 4091 rimi
621 4034 790 4088 ctiam
834 4040 1049 4087 montes
1092 4029 1465 4085 incoluerunt.
1519 4030 1651 4096 Quae
1679 4027 1898 4098 quidem
1932 4042 2052 4083 om-

464 4128 555 4182 nia
576 4169 591 4191 ,
625 4126 696 4181 ab
731 4125 1042 4196 Ephraemio
1071 4122 1391 4193 patriarcha
1421 4120 1741 4192 imperatori
1773 4123 2047 4188 nuntiata,

463 4218 752 4292 Byzantini
806 4216 1219 4287 quamprimum
1259 4215 1609 4285 accepissent
1634 4198 1667 4275 ,’
1690 4213 2049 4283 supplicatio-

464 4326 563 4368 nes
594 4312 709 4391 Deo
738 4310 940 4365 multos
967 4324 1068 4379 per
1101 4307 1222 4363 dies
1255 4305 1586 4361 fundebant.

535 4400 780 4470 Contigit
860 4406 1047 4453 autem
1121 4396 1313 4452 eodem
1390 4403 1635 4465 tempore
1704 4396 2045 4451 Laodicatam
2079 4408 2124 4462 1)

463 4498 630 4549 etiam
664 4499 824 4545 terr-.e
872 4488 1120 4542 motibus
1161 4496 1277 4541 tum
1312 4485 1552 4555 primum
1599 4487 1878 4557 trepidare
1903 4527 1918 4552 ,
1970 4487 2055 4542 di-

465 4561 630 4637 midia
662 4580 817 4636 urbis
850 4588 1006 4649 parte
1030 4576 1375 4640 collabente,
1419 4591 1528 4630 una
1583 4591 1708 4631 cum
1739 4573 2051 4632 Iudaeorum

463 4676 783 4747 synagogis.
838 4673 897 4727 in
948 4670 1053 4725 hac
1086 4667 1244 4725 clade
1294 4668 1577 4739 perierunt
1629 4685 1701 4725 vu
1734 4670 2051 4725 mortalium

464 4767 639 4820 millia
674 4780 802 4820 cum
857 4763 1092 4819 semisse
1121 4778 1136 4815 :
1188 4763 1334 4816 inter
1363 4777 1505 4831 quos
1537 4760 1889 4817 Hebraeorum
1923 4763 2047 4833 plu-

461 4860 629 4922 rimi,
667 4857 1119 4912 Christianorum
1152 4870 1371 4924 quoque
1408 4856 1656 4909 nonnulli
1690 4855 2043 4910 interierunt.

460 4950 903 5005 Christianorum
952 4962 1082 5003 vero
1132 4946 1419 5009 ecclesia},
1477 4956 1613 5000 nutu
1669 4946 1901 5009 divino,
1961 4946 2045 5000 in-

2148 468 2350 539 Ξέρξου
2385 470 2413 522 6
2441 467 2549 523 ἀπὸ
2572 466 2781 521 δουκῶν
2813 463 3107 536 Δαμασκοῦ
3133 464 3369 530 Κουζτὶς
3398 463 3551 538 [175]
3583 465 3613 518 6
3640 465 3729 519 Bt-

2147 562 2423 624 ταλιανοῦ,
2457 560 2595 630 ἀνὴρ
2631 558 3041 629 μαχιμώτατος,
3076 558 3171 613 καὶ
3204 557 3569 620 Σεϐαστιανδς
3596 559 3730 629 μετὰ

2147 657 2247 723 τῆς
2297 653 2606 723 ’ῐσαυρικῆς
2658 651 2844 720 χειρὸς
2886 650 2981 705 καὶ
3034 649 3409 721 Προκληῖανδς
3430 651 3476 682 ’⁸
3529 652 3557 704 6
3611 651 3731 718 ὃοὺξ

2151 744 2409 814 Φοινίκης
2431 744 2527 797 καὶ
2556 742 2831 804 Βασίλειος
2863 743 2891 794 6
2917 740 3114 811 κόμης.
3141 737 3250 794 Ἦν
3297 740 3354 795 δὲ
3384 741 3477 794 καὶ
3507 738 3732 794 Βελισά-

2152 856 2264 910 ριος
2312 838 2429 908 μετ’
2474 836 2656 890 αὐτῶν
2692 834 2788 887 καὶ
2831 833 3098 905 Ταφαρὰς
3131 835 3159 885 6
3194 831 3491 903 φύλαρχος.
3540 833 3649 886 Τοῦ
3678 832 3733 886 δὲ

2150 931 2320 983 ἵππου
2367 928 2601 1000 Ταφαρᾶ
2630 924 3041 999 προσκόψαντος
3073 924 3422 996 κατενεχθεὶς
3441 926 3487 957 ’⁷
3517 927 3612 979 ἐπὶ
3639 926 3734 996 τὴν

2150 1016 2256 1087 γῆν
2297 1017 2529 1086 ἐσφάγη,
2559 1015 2763 1087 ὁμοίως
2795 1014 2853 1067 δὲ
2885 1015 2978 1068 καὶ
3024 1014 3398 1086 Προκληῖανὸς
3419 1016 3466 1048 ⁸³
3492 1032 3507 1045 ·
3560 1016 3734 1071 Σεδα-

2152 1108 2366 1185 στιαχὸς
2422 1108 2477 1162 δὲ
2516 1108 2611 1162 καὶ
2660 1108 2940 1171 Βασίλειος
2994 1108 3308 1180 ἐλήφθησαν
3373 1109 3732 1179 αἰχμάλωτοι,

2150 1200 2385 1267 Κουζτὶς
2405 1201 2461 1255 δὲ
2488 1202 2762 1271 πληγᾶτος
2790 1202 3084 1272 γενόμενος
3127 1201 3478 1273 παρελήφθη,
3511 1202 3735 1256 Βελισά-

2155 1311 2268 1364 ριος
2311 1294 2369 1348 δὲ
2404 1298 2550 1366 φυγῇ
2587 1296 2934 1366 χρησάμενος
2973 1293 3230 1367 διεσώθη.
3262 1292 3373 1348 Καὶ
3413 1294 3737 1366 ἀπηγγέλθη

2150 1384 2219 1438 τὰ
2260 1386 2526 1454 γενόμενα
2557 1383 2635 1455 τῷ
2679 1382 2891 1455 βασιλεί
2933 1384 3320 1454 Ἰουστινιανῷ,
3348 1384 3443 1437 καὶ
3489 1383 3736 1455 ἐλυπήθη

2152 1476 2381 1546 σφόδρα.
2424 1477 2662 1531 Ἐπεσον
2703 1476 2762 1530 δὲ
2801 1477 2898 1530 καὶ
2930 1477 2996 1529 ὲκ
3039 1474 3150 1529 τῶν
3178 1475 3405 1546 Περσῶν
3437 1475 3733 1546 στρατηγοὶ

2156 1570 2295 1638 μετὰ
2328 1568 2583 1640 βοηθείας
2627 1568 2806 1622 αὐτῶν
2848 1567 3091 1637 πολλῆςσ
3143 1568 3240 1622 καὶ
3276 1566 3630 1639 ὑπέστρεψαν
3658 1568 3706 1619 ε’

2151 1661 2251 1731 τὴν
2287 1661 2423 1715 ίδίαν
2443 1660 2622 1717 αὐτῶν
2648 1661 2853 1732 χώραν.

2231 1753 2485 1824 Ἐπεμψε
2541 1752 2599 1808 δὲ
2641 1755 2670 1806 6
2702 1753 2863 1817 αὐτὸς
2898 1751 3152 1824 βασιλεὺς
3200 1752 3601 1824 συγκλητικοὺς
3630 1751 3743 1805 άπὸ

2106 1914 2111 1919 _
2156 1846 2782 1909 Κωνσταντινουπόλεως
2803 1845 3094 1915 φυλάττειν
3119 1843 3219 1908 τὰς
3246 1844 3431 1907 πόλεις
3460 1847 3562 1915 τῆς
3580 1844 3740 1898 Ἀνα-

2155 1938 2319 2008 τθλῆς
2349 1937 2488 2009 μετὰ
2515 1937 2616 2009 τῆς
2644 1937 2825 1993 αὐτῶν
2858 1936 3133 2008 βοηθείας,
3183 1936 3274 1991 τὸν
3320 1936 3421 2006 μὲν
3446 1935 3742 2010 πατρίκιον

2156 2029 2420 2084 Πλάτωνα
2447 2029 2505 2083 ὲν
2542 2029 2775 2100 ’Δμηδίᾳ
2797 2030 2863 2093 ὀ,
2908 2028 3000 2080 τὸν
3041 2026 3097 2080 δὲ
3124 2026 3398 2096 Θεόδωρον
3426 2025 3518 2079 τὸν
3544 2025 3747 2096 πατρί-

2155 2138 2274 2176 κιον
2302 2118 2588 2192 ὲνἘδέσῃ,
2628 2114 2979 2191 Ἀλέξανδρον
2999 2118 3057 2175 δὲ
3089 2120 3180 2174 τὸν
3214 2119 3405 2188 Ἰερίου
3434 2118 3494 2173 ὲν
3520 2119 3741 2190 Βεροίᾳ,

2155 2212 2251 2265 καὶ
2283 2210 2474 2274 ἄλλους
2499 2210 2556 2264 δὲ
2591 2209 2988 2281 συγκλητικοὺς
3018 2207 3113 2260 ἐπὶ
3144 2206 3205 2259 τὸ
3228 2206 3429 2275 Σοῦρον
3452 2206 3469 2238 ¹
3498 2205 3616 2274 (74)
3646 2206 3747 2257 καὶ

2153 2304 2573 2357 Κωνσταντϊναν
2612 2303 2692 2365 είς
2718 2300 2780 2355 τὸ
2821 2298 3114 2368 φυλάττειν
3140 2299 3239 2362 τὰς
3284 2296 3491 2359 πόλεις.
3533 2292 3747 2365 Ἐπέμ-

2154 2393 2264 2464 φθη
2296 2393 2352 2447 δὲ
2375 2388 2432 2446 ὲν
2456 2392 2607 2465 αὐτῷ
2639 2392 2718 2462 τῷ
2746 2391 2924 2462 καιρῷ
2951 2392 3043 2444 καὶ
3075 2391 3104 2444 6
3132 2387 3420 2455 πατρίκιος
3448 2387 3745 2456 Πόμπιος²

2156 2482 2293 2555 μετὰ
2341 2483 2543 2554 πολλῆς
2598 2478 2877 2553 βοηθείας,
2907 2480 3047 2553 ἔχων
3097 2479 3218 2551 μεθ’
3259 2476 3458 2533 ἑαυτοῦ
3504 2477 3741 2548 Ἰλλυρι-

2152 2577 2369 2640 κιανοὺς
2401 2577 2495 2629 καὶ
2517 2575 2731 2640 Σκύθας
2758 2575 2855 2629 καὶ
2887 2572 3167 2645 Ἰσαῠρους
3190 2571 3285 2625 καὶ
3312 2570 3460 2643 [176]
3487 2569 3740 2642 Θρᾷκαςο

2152 2666 2244 2719 καὶ
2277 2665 2481 2728 ἔνδοσις
2506 2665 2722 2734 ἐγένετο
2742 2661 2838 2717 τοῦ
2870 2663 3106 2733 πολέμου
3139 2661 3279 2715 κατὰ
3304 2659 3561 2725 σύνταξιν
3601 2658 3743 2713 Ῥω-

2154 2758 2330 2827 μαίων
2378 2773 2438 2810 τε
2483 2757 2579 2811 καὶ
2626 2755 2853 2828 Περσῶν
2902 2754 2991 2808 διὰ
3038 2752 3099 2808 τὸ
3150 2750 3407 2820 γενέσθαι
3455 2751 3743 2823 χειμῶνας

2151 2848 2359 2918 βαρεῖς.

2219 2936 2427 3008 Συνέση
2466 2936 2522 2991 δὲ
2547 2938 2605 2989 ὲν
2633 2934 2784 3004 αὐτῷ
2816 2932 2894 3005 τῷ
2942 2932 3120 3005 καιρῷ
3147 2933 3253 2987 ὑπὸ
3297 2931 3597 3004 θεομηνίας
3627 2950 3742 2986 πα-

2150 3031 2260 3083 θεῖν
2301 3029 2633 3099 Ἀντιόχειαν
2662 3029 2724 3081 τὸ
2755 3026 2916 3081 ἕκτον
2945 3026 3120 3096 αὐτῆς
3164 3026 3358 3090 πάθος.
3404 3025 3463 3077 Ὅ
3490 3024 3551 3078 δὲ
3580 3040 3745 3093 γεγο-

2149 3120 2253 3184 νὼς
2279 3120 2501 3189 σεισμὸς
2534 3120 2799 3191 κατέσχεν
2830 3119 2923 3173 ἐπὶ
2957 3118 3085 3188 μίαν
3114 3117 3286 3189 ὥραν,
3320 3116 3415 3171 καὶ
3451 3116 3594 3187 μετὰ
3614 3117 3745 3170 τού-

2148 3228 2241 3264 του
2267 3210 2510 3281 βρυγμὸς
2536 3209 2767 3282 φοϐερὸς
2795 3206 2936 3262 ὥστε
2960 3208 3028 3261 τὰ
3048 3207 3424 3261 άνανεωθέντα
3453 3205 3741 3276 κτίσματα

2149 3302 2255 3354 ὑπὸ
2278 3301 2387 3355 τῶν
2428 3301 2621 3371 πρώην
2670 3299 2985 3370 γενομένων
3033 3298 3214 3367 φόϐων
3252 3299 3590 3351 καταπεσεῖν
3641 3298 3741 3350 καὶ

2148 3390 2217 3443 τά
2252 3390 2406 3461 τείχη
2454 3388 2546 3441 καί
2593 3405 2747 3451 τινας
2794 3386 3093 3456 ἐκκλησίας
3117 3386 3160 3439 ³.
3216 3385 3298 3439 Τά
3339 3385 3397 3438 δὲ
3449 3385 3743 3456 συμϐάντα

2149 3479 2393 3550 ἠκούσθη
2419 3480 2514 3533 καὶ
2541 3481 2600 3531 ὲν
2635 3480 2754 3541 ταῖς
2791 3477 2983 3540 ἄλλαις
3006 3477 3217 3543 πόλεσι,
3260 3478 3358 3531 καὶ
3399 3478 3576 3530 πᾶσαι
3606 3493 3742 3531 πεν-

2150 3571 2340 3626 θοῦσαι
2367 3571 2698 3626 ὲλιτάνευον.
2738 3569 2951 3624 Ἔπαθε
3000 3569 3059 3622 δὲ
3093 3569 3187 3623 καὶ
3230 3569 3373 3640 μέρη
3425 3568 3537 3621 τῶν
3573 3568 3743 3640 πέριξ

2149 3666 2247 3734 τῆς
2273 3663 2482 3726 πόλεως
2511 3680 2526 3695 ο
2561 3661 2856 3716 τελευτῶσι
2888 3660 2947 3714 δὲ
2973 3663 3032 3714 ὲν
3064 3659 3214 3732 αὑτῷ
3251 3658 3330 3731 τῷ
3362 3659 3575 3731 σεισμῷ
3604 3660 3741 3732 ἄχρι

2148 3757 2336 3828 ψυχῶν
2378 3754 2856 3827 πεντακισχιλίων.
2905 3754 2969 3810 Οἱ
2996 3753 3056 3807 δὲ
3089 3754 3484 3825 περισωθέντες
3519 3754 3741 3809 πολῖται

2151 3853 2230 3914 είς
2286 3849 2385 3914 τὰς
2434 3847 2601 3913 ἄλλας
2656 3847 2866 3913 πόλεις,
2912 3846 3140 3917 φανεροὶ
3195 3845 3253 3899 δὲ
3303 3848 3361 3900 ὲν
3409 3848 3523 3910 τοῖς
3550 3847 3742 3917 ὄρεσιν

2149 3942 2346 4014 ᾤκουν.
2407 3941 2467 3996 Ὅ
2522 3941 2580 3995 δὲ
2634 3940 2988 4011 πατριάρχης
3060 3938 3387 4009 Ἐφρατμιος
3439 3939 3618 3993 πάντα
3667 3942 3740 3994 τὰ

2149 4036 2416 4106 γενόμενα
2444 4035 2688 4107 ἀνήγαγε
2711 4033 2791 4104 τῷ
2831 4032 3072 4103 βασιλεῖ’
3110 4031 3203 4084 καὶ
3237 4029 3571 4094 ἀκούσαντες
3595 4031 3647 4083 oi
3680 4033 3740 4084 ἐν

2149 4129 2228 4200 τῷ
2274 4129 2555 4199 Βυζαντίῳ
2595 4129 2663 4183 τά
2710 4125 2997 4197 συμϐάντα
3028 4125 3333 4179 ἐλιτάνευον
3380 4125 3474 4177 ἐπὶ
3519 4122 3739 4195 ἡμέρας

2153 4224 2364 4286 ἱκανάς.

2243 4401 2326 4454 Ἐν
2348 4399 2404 4453 δὲ
2424 4397 2504 4468 τῷ
2537 4396 2687 4468 αὐτῷ
2715 4395 2892 4467 χρόνῳ
2920 4395 3117 4466 συνέϐη
3146 4394 3339 4447 παθεῖν
3368 4392 3474 4447 ὑπὸ
3504 4389 3734 4459 σεισμοῦ

2153 4492 2477 4547 Λαοδίκειαν
2522 4489 2586 4542 τδ
2627 4488 2846 4558 πρῶτον
2899 4487 3073 4556 αὐτῆς
3105 4487 3277 4548 πάθος
3301 4503 3315 4517 ⁸
3374 4483 3690 4554 κατηνέχθη
3715 4483 3738 4515 δ

2151 4582 2209 4636 δὲ
2232 4581 2339 4634 ὑπὸ
2368 4579 2462 4633 τοῦ
2488 4578 2656 4649 φόϐου
2691 4579 2752 4632 τὸ
2780 4579 2952 4649 ἥμισυ
2979 4578 3080 4647 τῆς
3108 4578 3279 4646 αὐτῆς
3307 4575 3518 4639 πόλεως
3550 4575 3646 4629 καὶ
3680 4573 3738 4627 at

2152 4673 2470 4742 συναγωγαὶ
2493 4672 2603 4726 τῶν
2637 4672 2931 4726 Ἰουδαίων.
2973 4669 3280 4723 Ἀπὼλοντο
3300 4669 3359 4722 δὲ
3377 4668 3437 4722 ὲν
3465 4666 3618 4737 αὑτῷ
3658 4665 3737 4735 τῷ

2152 4764 2301 4836 φόϐῳ
2330 4764 2566 4835 χιλιάδες
2607 4762 2750 4817 ἑπτὰ
2789 4763 2962 4833 ἥμισυ
2995 4760 3149 4832 1177]
3197 4758 3465 4831 Ἐϐραίων
3491 4775 3553 4836 τε
3594 4756 3733 4825 πλῆ-

2159 4856 2250 4920 θος
2286 4857 2379 4910 καὶ
2408 4855 2754 4926 Χριστιανῶν
2787 4852 2957 4921 ὀλίγοι
2978 4868 2992 4882 ⁸
3026 4854 3082 4905 αἱ
3107 4852 3163 4905 δὲ
3190 4850 3482 4920 ἐκκλησίαι
3508 4835 3611 4917 τ’ἦς
3634 4847 3730 4900 αὖ·

2154 4946 2252 5015 τῆς
2296 4946 2505 5009 πόλεως
2556 4944 2779 5016 ἔμειναν
2835 4945 3124 5014 άρῤαγεῖς,
3186 4939 3580 5012 περισωθείσαι
3628 4936 3732 4990 ὑπὸ

1715 5103 1951 5159 VARle
1998 5104 2409 5162 LECTIO‘NES.

521 5221 569 5255 “
592 5216 957 5291 Προκλειανὺς
984 5214 1085 5291 ρκ.
1150 5216 1197 5291 "_’
1224 5217 1577 5291 κατενεχθεὶς
1598 5216 1724 5291 Ch”
1749 5220 2101 5291 κατενεγχεις
2122 5217 2227 5274 Ox.
2287 5222 2333 5253 9“
2355 5221 2720 5291 Προκλειανὸς
2744 5218 2849 5275 Ox.
2921 5220 2967 5291 ’ξ
3007 5214 3463 5291 ’ᾼμηᾷίᾳηίέοηΐτ
3484 5229 3540 5285 p.
3571 5213 3641 5269 ΒΞ

465 5282 720 5363 ίΣοῦρὸν.
752 5287 1124 5363 Σούρωνςιι.-
1173 5289 1194 5319 ²
1234 5282 1499 5360 Πόμπιὸς.
1534 5287 1647 5342 Ιιιιι)
1674 5282 2018 5360 Πομπήϊος’.”
2061 5282 2261 5355 ³’τινας
2294 5282 2595 5363 ἐκκλησίας
2621 5282 2749 5357 CIL,
2772 5305 2918 5354 τινες
2952 5282 3240 5357 ἐκκλησίαι
3269 5287 3374 5341 Ox.
3451 5282 3729 5355 δ’κατηνὲ-

467 5307 601 5344 ιδου
641 5308 720 5343 ον.
752 5307 1095 5357 ωυρωνωι.
1175 5307 1191 5319 -

462 5362 563 5433 χθη
597 5307 725 5424 δὴ..
757 5357 1059 5429 κατηνέχθε
1088 5358 1191 5412 0x.

1675 5445 1785 5501 El).
1826 5444 2199 5504 CHILMEADI
2231 5448 2461 5506 NOTIE.

531 5547 644 5616 (74)
687 5546 808 5622 Ἐπὶ
840 5543 1152 5622 τοΑΣοῦρον.
1189 5541 1414 5622 Scr._16
1457 5539 1680 5622 Σοιξρων
1708 5556 1906 5622 nempe
1950 5541 2050 5622 πότ

461 5610 630 5685 λισμα
684 5610 1049 5679 subauditur,
1095 5623 1152 5668 ut
1200 5629 1262 5667 et
1321 5610 1593 5685 Procopio
1629 5610 1917 5685 discimus,
1952 5613 2048 5685 qui

464 5681 652 5739 urbem
691 5687 832 5739 hanc
880 5702 1096 5754 semper
1133 5694 1289 5735 vocat
1316 5684 1376 5733 τὸ
1413 5681 1632 5750 Σούρων
1668 5681 1932 5753 πόλισμα,
1963 5681 2051 5735 vel

2157 5545 2314 5598 πόλιν
2343 5545 2584 5615 Σούρων,
2616 5544 2803 5615 Σύρων
2841 5543 2960 5600 sive
2992 5542 3280 5616 Σουρηνῶν
3319 5541 3475 5598 nullo
3514 5534 3732 5613 proprio

2160 5617 2381 5671 nomine
2406 5617 2584 5673 eidem
2620 5616 2896 5671 adhibito.
2964 5646 2983 5671 ε
