3988 6136
337 249 445 315 6ὂ3

1357 235 2032 306 (ΞΗΒΟΝΟῧΒΑΡἸΙΙΑ.
2064 261 2132 272 -
2170 232 2316 294 LIB.
2350 233 2549 294 XVIII

3490 223 3597 285 654

335 358 501 413 Θεοῦ.
541 358 602 412 '0
639 356 695 412 δὲ
737 354 898 421 αὐτὸς
937 356 1190 430 βασιλεὺς
1226 358 1518 429 ἐχαρίσατο
1567 356 1681 417 τοῖς
1723 352 1904 408 Λαοδι-

2045 360 2303 403 oneussaa
2350 347 2644 399 steterunt.
2713 337 2988 394 Caeterum
3045 333 3342 405 imperator
3400 331 3598 389 Laodi-

339 453 533 507 κεῦσιν
561 453 638 516 εἰς
665 452 906 523 ὲκχόῖσιν
936 453 957 484 ⁵
1007 452 1108 524 τῆς
1132 451 1315 506 αὐτῶν
1345 452 1553 514 πόλεως
1583 449 1916 519 κεντηνάρια

338 540 454 595 δύο.

423 630 514 683 Ἑν
574 627 725 698 αὐτῷ
776 628 837 681 δὲ
899 626 977 699 τῷ
1019 628 1196 700 χρόνῳ
1247 626 1556 698 μετεκλήοη
1620 626 1919 696 Ἀντιόχεια

339 719 638 783 Θεούπολις
667 719 780 790 (75)
807 718 949 771 κατὰ
976 720 1223 772 κέλευσιν
1250 719 1343 771 τοῦ
1377 718 1532 787 ἁγίου
1564 717 1788 789 Συμεὼν
1823 715 1918 769 τοῦ

336 811 773 881 Θαυματουργοῠ
809 809 830 840 ⁸
887 810 1023 881 (76).
1078 809 1290 880 Εὐρέθη
1348 810 1404 862 δὲ
1446 811 1540 862 καὶ
1583 810 1640 863 ἐν
1685 810 1751 879 τῇ
1781 810 1918 880 αὐτῇ

353 902 654 974 Ἀντιοχείᾳ
690 903 936 974 χρησμὸς
965 902 1476 973 ἀναγεγραμμένος,
1520 901 1793 972 περιέχων
1825 900 1921 954 οὔ·-

339 1010 446 1057 τως
478 1009 494 1023 ·
528 994 639 1046 Καὶ
672 993 759 1058 σὺ,
788 993 1016 1047 τάλαινα
1042 994 1217 1057 πόλις,
1258 993 1539 1063 Ἀντιόχου
1565 994 1624 1046 οὐ
1651 992 1918 1065 κληθήσῃ.

349 1083 594 1153 Ὁμοίως
641 1082 700 1135 δὲ
732 1082 827 1136 καὶ
877 1085 936 1136 ἐν
989 1086 1100 1145 τοῖς
1157 1083 1402 1153 χαρτίοις
1457 1082 1655 1155 εὑρέθη
1707 1084 1816 1136 τῶν
1854 1085 1923 1136 τὰ

344 1177 485 1231 ᾶκτα
511 1176 836 1246 γραφόντων
864 1177 962 1245 τῆς
986 1176 1158 1243 αὐτῆς
1183 1176 1391 1239 πόλεως
1422 1176 1503 1229 ὅτι
1533 1176 1763 1246 ἔκραζον
1793 1176 1924 1248 κλῃ-

345 1270 471 1324 δόνα
506 1268 778 1333 διδοῦντες
813 1272 892 1334 είς
921 1271 982 1324 τὸ
1016 1270 1425 1341 μετακληθῆναι
1474 1271 1573 1342 τὴν
1613 1272 1783 1341 αὐτὴν
1829 1270 1925 1324 πό-

345 1362 449 1416 λιν.
484 1362 599 1416 Καὶ
641 1362 913 1433 ἀνηνέχθη
959 1362 1133 1415 ταῦτα
1161 1361 1238 1434 τῷ
1269 1363 1416 1433 αὐτῷ
1454 1362 1663 1433 βασιλεῖ
1706 1364 1927 1415 Ἰουστι-

346 1451 533 1521 νιανῷ.
567 1451 679 1506 Καὶ
718 1451 1030 1522 ἐδωρήσατο
1055 1451 1205 1506 θείαν
1233 1451 1542 1523 φιλοτιμίαν
1571 1454 1682 1516 τοῖς
1723 1454 1924 1507 Ἀντιο-

348 1542 503 1613 χεῦσι
551 1544 647 1596 καὶ
694 1542 1023 1598 Λαοδικεῦσι
1063 1545 1158 1598 καὶ
1197 1544 1520 1598 Σελευκέσιν
1546 1545 1592 1610 ⁷,
1625 1542 1767 1597 ὥστε
1798 1560 1928 1597 κου-

351 1635 614 1704 φισθῆναι
639 1635 741 1704 τὴν
773 1635 951 1689 αὐτῶν
981 1634 1292 1689 συντέλειαν
1322 1632 1415 1688 ἐπὶ
1467 1634 1560 1707 ἔτη
1589 1637 1736 1706 τρία,
1771 1650 1928 1705 χαρι-

2024 452 2224 494 censes
2244 480 2257 504 ,
2286 437 2340 491 in
2378 436 2571 491 urbem
2600 448 2633 486 a
2658 424 2957 487 ruderibus
2982 420 3387 498 repurgandum
3412 465 3427 491 ,
3466 441 3599 480 cen-

2027 532 2256 585 tenariis
2283 529 2500 584 duolms
2526 525 2774 580 donarit.

2094 618 2297 674 Iisdem
2351 616 2696 686 temporibus
2726 610 3015 669 Antiochia
3036 653 3050 672 ,
3096 616 3308 663 mutato
3339 606 3601 668 nomine,

2027 706 2324 778 Tlieopolis
2358 720 2550 761 vocata
2578 715 2699 770 est;
2733 705 3048 773 imponente
3074 701 3176 754 hoc
3200 698 3379 754 eidem
3408 708 3605 753 sancto

2027 799 2297 871 Symeone
2348 797 2798 866 Thaumaturgo:
2852 804 3048 864 nempe
3098 792 3169 846 ob
3208 798 3486 861 repertum
3529 789 3604 841 ibi

2027 890 2347 956 oraculum,
2399 887 2544 958 quod
2602 888 2684 943 sic
2732 902 2792 942 se
2820 885 3035 940 habuit.
3068 882 3218 947 Erit,
3266 896 3391 937 cum
3428 889 3486 934 tu
3516 880 3602 932 in-

2029 980 2157 1035 felix
2212 983 2381 1044 urbs,
2430 980 2687 1034 Antiochi
2745 993 2855 1033 non
2901 975 3215 1033 vocaberis.
3262 973 3343 1026 Ad
3396 987 3604 1027 novum

2030 1086 2160 1126 vero
2192 1079 2391 1128 nomen
2413 1113 2428 1138 ,
2475 1071 2598 1126 urbi
2640 1071 2879 1126 inditum
2902 1111 2917 1135 ,
2951 1069 3337 1123 acclamarunt
3371 1065 3568 1120 incolae
3591 1106 3605 1127 ,

2030 1164 2171 1217 bene
2202 1162 2379 1217 eidem
2405 1162 2752 1216 ominantes:
2784 1160 2859 1214 uti
2881 1160 3155 1230 proditum
3182 1166 3268 1212 est
3307 1156 3376 1211 ab
3403 1156 3473 1210 iis
3515 1155 3608 1223 qui

2032 1267 2153 1309 acta
2196 1254 2419 1324 publica
2482 1255 2647 1323 hujus
2692 1250 2858 1325 444
2907 1250 3063 1306 urbis
3118 1249 3605 1318 conscripserunt.

2030 1344 2377 1402 Justinianus
2423 1354 2606 1399 autem
2662 1344 2732 1400 de
2766 1344 2851 1399 his
2878 1342 3136 1397 omnibus
3165 1339 3371 1394 certior
3407 1337 3608 1400 lactus,

2032 1440 2134 1511 pro
2192 1438 2376 1492 divina
2442 1451 2542 1492 sua
2578 1433 3027 1501 ,munilieentia,
3100 1428 3612 1493 Antiochensibus,

2033 1529 2392 1591 Laodicenis,
2443 1539 2499 1584 et
2568 1526 2996 1583 Seleucensibus
3068 1523 3275 1578 tributa
3308 1521 3490 1576 omnia
3557 1518 3615 1573 in

2035 1623 2335 1679 triennium
2390 1620 2651 1675 remisit:
2708 1619 2991 1674 concessis
3041 1618 3237 1680 etiam,
3274 1615 3329 1669 in
3392 1611 3614 1683 urbium

352 1727 589 1796 σάμενος
637 1728 761 1790 ταῖς
813 1729 1006 1790 αὑταῖς
1056 1728 1243 1782 πόλεσι
1290 1727 1479 1800 λίτρας
1528 1704 1809 1791 διακοσίας
1839 1704 1931 1780 καὶ

2045 1715 2231 1767 harum
2262 1709 2656 1784 [singularum]
2684 1709 3181 1773 instaurationem,
3216 1706 3378 1760 libris
3406 1704 3617 1759 ducen-

352 1822 463 1881 τοῖς
497 1820 795 1890 κτήτορσι.ν
820 1816 978 1884 ἀξίας
1007 1819 1376 1891 ίλλουστρίων.

436 1948 609 2029 Ἐνιδέ
635 1975 713 2045 τῷ
746 1975 894 2046 αὐτῷ
928 1976 1108 2047 χρόνῳ
1134 1975 1375 2045 ἀνεφάνη
1398 1976 1456 2028 ἐν
1486 1977 1600 2033 τοῖς
1632 1972 1928 2045 Περσικοῖς

359 2067 551 2137 μέρεσι
587 2068 764 2137 δόγμα
795 2066 944 2139 [178]
995 2067 1336 2136 ιιὶανιχαῖκόν
1365 2084 1380 2097 ·
1417 2067 1511 2119 κοιλ⁸
1547 2065 1734 2135 μαθὼν
1762 2067 1790 2119 ό
1827 2065 1935 2118 τῶν

359 2158 582 2230 Περσῶν
617 2158 871 2227 βασιλεὺς
905 2159 1291 2227 ἠγανάκτησεν
1315 2173 1329 2187 ⁸
1364 2157 1627 2221 ὡσαύτως
1659 2157 1717 2210 δὲ
1745 2157 1838 2209 καὶ
1885 2157 1934 2208 οι

354 2247 656 2318 ἀρχιμάγοι
700 2245 813 2298 τῶν
855 2247 1080 2316 Περσῶν
1106 2262 1120 2275 ·
1172 2242 1314 2315 ἦσαν
1358 2247 1470 2317 γὰρ
1516 2248 1846 2315 ποιήσαντες
1882 2245 1933 2297 οἱ

355 2340 515 2394 αὐτοὶ
543 2341 829 2408 Μανιχαίοι
852 2341 948 2391 καὶ
973 2340 1296 2403 ἐπίσκοπον,
1326 2339 1554 2408 ὀνόματι
1594 2336 1932 2407 Ἰνδαρὰξαρ.

367 2429 428 2485 '0
455 2432 512 2484 δὲ
549 2430 807 2501 βασιλεὺς
841 2430 1064 2501 Περσῶν
1090 2430 1353 2484 σιλέντιον
1380 2431 1636 2500 ποιήσας,
1666 2431 1760 2483 καὶ
1798 2430 1935 2482 πάν-

358 2540 457 2586 τας
489 2524 690 2585 αὐτοὺς
712 2521 1069 2592 κατεσχηκὼς
1100 2522 1194 2576 καὶ
1230 2521 1322 2575 τὸν
1350 2522 1652 2576 ἐπίσκοπον
1682 2521 1790 2573 τῶν
1815 2522 1941 2575 Μα-

358 2614 607 2686 νιχαίων,
638 2614 854 2668 κελεύει
882 2618 947 2684 τῇ
991 2614 1322 2686 παρεστὼσῃ
1355 2614 1505 2685 αὐτῷ
1535 2614 1744 2684 ἐνόπλῳ
1777 2630 1940 2685 στρα-

357 2709 466 2779 τιᾷ,
507 2710 608 2761 καὶ
643 2708 954 2777 κατέκοψαν
978 2707 1156 2775 ξίφεσι
1194 2710 1405 2771 πάντας
1443 2709 1570 2771 τοὺς
1606 2705 1941 2778 Μανιχαίους

359 2799 458 2853 καὶ
487 2798 580 2852 τὸν
612 2797 915 2852 ἐπίσκοπον
945 2796 1125 2849 αὐτῶν
1158 2798 1255 2850 σὺν
1280 2796 1359 2866 τῷ
1380 2796 1568 2867 κλήρῳ
1607 2795 1772 2848 αὐτοῦ
1800 2811 1814 2826 ο
1844 2795 1940 2848 καὶ

361 2889 732 2959 ἐφονεύθησαν
778 2888 982 2951 πάντες
1015 2889 1103 2941 ἐπ’
1155 2888 1311 2957 ὕψεσι
1342 2886 1437 2941 τοῦ
1474 2885 1641 2940 αὐτοῦ
1670 2885 1941 2957 βασιλέως

363 2981 582 3035 καὶτοῦ
613 2981 917 3034 ἐπισκόπου
968 2978 1077 3032 τῶν
1109 2978 1455 3051 Χριστιανῶν
1488 2979 1622 3047 (77).
1674 2976 1942 3048 Ἐδημεύ-

362 3074 538 3143 θησαν
566 3073 624 3125 δὲ
647 3073 741 3125 καὶ
770 3073 827 3124 αἱ
866 3046 1199 3132 ὑποστάσεις
1231 3069 1432 3132 αὐτῶν,
1483 3046 1583 3123 καλ
1607 3046 1942 3140 τάξέκκλη-
1967 3046 2011 3105 c

362 3168 488 3229 σίας
519 3165 701 3219 αὐτῶν
722 3164 925 3218 δέδωκε
946 3168 1059 3226 τοῖς
1086 3164 1454 3233 Χριστιανοϊς,
1474 3160 1765 3230 ἐκπέμψας
1795 3163 1947 3225 θείας

367 3261 535 3315 αὑτοῦ
564 3259 773 3329 σάκρας
802 3258 863 3310 ἐν
890 3260 956 3328 τῇ
987 3258 1077 3309 ὑπ’
1102 3255 1269 3309 αὑτοῦ
1297 3250 1647 3326 διοικουμένῃ
1678 3254 1944 3325 πολιτείᾳ,

364 3352 510 3405 ὥστε
570 3350 666 3403 τδν
745 3349 1141 3419 εὑρισκόμενον
1192 3346 1500 3415 Μανιχαῖον
1578 3345 1949 3412 πυρίκαυστον

365 3441 624 3511 γενέσθαι
646 3458 661 3470 ·
693 3442 787 3494 καὶ
812 3440 913 3502 τὰς
939 3438 1155 3509 βίϐλους
1184 3424 1241 3491 δέ
1270 3437 1449 3491 αὐτῶν
1476 3437 1654 3500 πάσας
1677 3435 1948 3488 κατέκαυ-

368 3553 480 3589 σεν.
514 3535 711 3588 Ἀτινα
755 3532 1051 3603 διηγήσατο
1099 3530 1480 3599 Βασταγάριος
1530 3527 1756 3600 Περσῶν
1810 3526 1946 3598 (78),

367 3629 517 3690 ὅστις
554 3624 874 3699 βαπτισθεὶς
913 3622 1221 3695 μετεκλήθη
1245 3621 1534 3692 Τιμόθεος.
1812 3688 1825 3701 1

447 3719 541 3772 Ἐν
581 3715 734 3784 αὐτῷ
764 3716 822 3769 δὲ
850 3715 932 3786 τῷ
974 3716 1154 3786 χρόνῳ
1197 3716 1225 3767 6
1257 3713 1541 3783 Ῥωμαίων
1587 3712 1839 3781 βασιλεὺς
1887 3712 1949 3765 τὸ

368 3810 607 3880 κάστρον
627 3808 688 3861 τὸ
715 3807 1007 3877 λεγόμενον
1045 3805 1379 3875 Ἀνάσαρθον
1402 3804 1730 3873 μετεκάλεσε
1749 3803 1950 3856 Θεοδω-

370 3901 531 3972 ριάδα
557 3901 641 3962 εἰς
670 3899 731 3951 τὸ
770 3899 942 3968 ὄνομα
971 3898 1075 3967 τῆς
1118 3895 1436 3964 Αὑγούστας
1472 3893 1625 3967 [179]
1671 3910 1949 3965 παρεσχηο

370 3996 479 4058 κὼς
522 3995 621 4047 καὶ
657 3993 842 4046 δίκαια
873 3992 1102 4055 πόλεως.
1152 3991 1386 4060 Ὁμοίως
1430 3989 1487 4043 δὲ
1518 3990 1581 4042 τὸ
1624 3990 1682 4042 ἐν
1726 3987 1946 4052 Σούσοις

370 4089 606 4159 κάστρον
634 4084 1024 4156 μετωνόμασεν
1062 4082 1618 4138 Ἰουστινιανούπολιν.

438 4176 532 4246 Τῷ
560 4176 620 4229 δὲ
653 4174 802 4243 αὐτῷ
829 4173 1008 4244 χρόνῳ
1028 4171 1464 4242 Ἀλαμούνδαρος
1496 4172 1524 4223 ὁ
1561 4169 1671 4225 τῶν
1720 4168 1949 4240 Περσῶν

371 4266 686 4338 Σαρακηνὺς
730 4264 901 4318 ἐλθὼν
939 4266 1077 4335 μετά
1106 4262 1382 4333 Περσικῆς
1425 4262 1519 4316 καὶ
1558 4262 1947 4336 Σαρακηνικῆς

371 4358 626 4430 βοηθείας
657 4355 983 4428 ἐπραίδευσε
1025 4356 1126 4427 τὴν
1172 4355 1399 4427 πρώτην
1444 4353 1646 4425 Συρίαν
1691 4352 1798 4417 ἕως
1838 4354 1948 4406 τῶν

2032 1806 2143 1871 tis;
2198 1804 2538 1876 primoribus
2597 1804 2768 1858 etiam
2824 1801 3042 1857 urbium
3097 1800 3438 1872 singularum
3493 1796 3618 1850 illu-

2034 1898 2231 1956 strium
2264 1896 2531 1968 dignitate
2556 1896 2753 1952 auctis.

2109 1988 2307 2045 Eodem
2345 2000 2591 2058 tempore
2628 1982 3055 2043 Manichaeorum
3094 1988 3331 2057 dogma,
3386 1984 3442 2039 in
3484 1982 3621 2038 Per-

2036 2084 2167 2143 sicis
2228 2082 2550 2152 regionibus
2602 2080 2983 2151 repullulans,
3041 2078 3261 2134 radices
3322 2093 3389 2133 eo
3441 2090 3621 2146 usque

2035 2182 2252 2245 egerat,
2287 2182 2345 2228 ut
2376 2175 2697 2243 episcopum
2750 2173 2917 2226 etiam
2954 2172 3097 2237 sibi,
3142 2171 3364 2227 nomine
3391 2170 3623 2226 lndara-
3710 2188 3711 2191 ‘

2038 2283 2151 2332 zar,
2195 2266 2617 2322 constituerent.
2658 2264 2815 2330 Quod
2853 2278 2952 2317 rex
2991 2261 3285 2317 Persarum
3320 2262 3412 2317 ubi
3448 2261 3621 2316 resei-

2038 2356 2239 2423 visset,
2298 2367 2352 2411 et
2383 2358 2501 2427 ipse
2530 2354 2966 2425 Archimagique
3031 2354 3152 2423 ejus
3213 2354 3291 2407 ira
3355 2354 3620 2408 commoti

2040 2453 2197 2502 sunt.
2254 2444 2370 2501 Rex
2401 2448 2613 2516 itaque,
2648 2445 2869 2500 silentio
2917 2454 3257 2508 convocato,
3292 2442 3623 2499 Manichzeos

2039 2553 2267 2603 omnes,
2311 2552 2421 2597 una
2466 2553 2591 2592 cum
2641 2536 2907 2607 episcopo
2933 2553 3036 2592 suo
3077 2536 3472 2606 comprehendi
3500 2538 3623 2607 jus-

2042 2630 2147 2685 sit:
2183 2629 2386 2697 quibus
2427 2644 2615 2683 coram
2647 2628 2907 2684 adductis
2928 2672 2943 2695 ,
2973 2629 3283 2692 exercitui,
3314 2629 3367 2682 in
3402 2630 3624 2699 procin-

2040 2732 2135 2779 ctu
2166 2723 2368 2777 astanti
2402 2723 2457 2777 in
2491 2722 2772 2777 mandatis
2805 2722 2988 2784 dedit,
3021 2721 3099 2777 uti
3129 2737 3229 2779 eos
3264 2723 3384 2777 neci
3410 2724 3622 2779 darent.

2041 2813 2245 2869 Milites
2297 2814 2485 2883 itaque
2545 2814 2876 2870 Manichteos
2935 2829 3128 2871 omnes
3182 2831 3306 2869 eum
3362 2817 3626 2886 episcopo

2043 2907 2302 2975 cleroque
2358 2908 2480 2976 ejus
2534 2906 2715 2976 gladio
2771 2913 3163 2977 peremerunt;
3220 2922 3347 2977 rege
3396 2908 3515 2977 ipso
3570 2916 3627 2964 et

2043 2994 2484 3051 Christianorum
2512 2997 2776 3067 episcopo
2815 2995 3221 3066 spectantibus.
3263 2993 3407 3062 Quin
3437 3003 3490 3049 et
3535 3012 3627 3066 pu-

2045 3084 2270 3140 blicatis
2321 3086 2485 3140 etiam
2545 3084 2905 3140 facultatibus
2948 3098 3141 3140 eorum
3167 3123 3182 3148 ,
3214 3083 3480 3154 librisque
3514 3086 3626 3156 igni

2045 3175 2306 3239 traditis,
2363 3174 2628 3229 ecclesias
2689 3189 2911 3244 quoque
2970 3171 3308 3227 Christianis
3366 3172 3623 3228 addixit:

2047 3265 2225 3320 sacris
2259 3264 2485 3333 insuper
2513 3264 2758 3335 undique
2796 3264 3193 3334 promulgatis;
3253 3265 3299 3320 si
3331 3266 3491 3334 quis,
3531 3281 3626 3336 per

2047 3355 2338 3424 imperium
2383 3353 2703 3422 Persicum,
2754 3354 3095 3411 Manichacus
3141 3355 3510 3417 inveniretur,
3547 3360 3626 3412 uti

2048 3448 2173 3518 igne
2224 3448 2615 3502 absumeretur
2644 3466 2657 3500 :
2690 3447 2856 3503 sicuti
2904 3447 3020 3503 haec
3046 3450 3298 3502 narravit
3330 3448 3624 3506 Persarum

2048 3537 2448 3609 Bastagarius,
2505 3539 2599 3609 qui
2654 3544 2782 3609 post
2852 3547 3170 3610 susceptum
3238 3537 3622 3611 Baptismum,

2047 3629 2369 3685 Timotheus
2398 3629 2582 3686 dictus
2615 3641 2722 3687 est.

2116 3720 2319 3777 Eodem
2376 3732 2622 3791 tempore
2670 3721 2955 3779 Romanus
3016 3724 3321 3794 imperator
3380 3736 3625 3779 castrum

2044 3812 2420 3868 Anasarthum
2444 3850 2460 3876 ,
2489 3814 2733 3869 civitatis
2759 3815 2889 3883 jure
2917 3814 3183 3869 donatum
3205 3856 3221 3880 ,
3266 3814 3334 3869 ab
3365 3815 3628 3886 Augusta:

2053 3902 2304 3968 nomine,
2338 3900 2768 3958 Theodoriadem
2811 3905 3049 3959 vocavit.
3079 3904 3460 3961 Consimiliter
3490 3922 3629 3975 quo—

2053 4007 2163 4061 que
2221 3992 2519 4047 Susianum
2561 4001 2806 4049 castrum
2845 3991 3332 4066 JustinianOpolim
3385 4000 3621 4051 vocavit.
3730 4022 3753 4053 ί

2111 4172 2273 4246 445
2321 4174 2535 4230 Eisdem
2595 4175 2970 4245 temporibus,
3019 4177 3430 4232 Alamunilarus
3459 4179 3626 4233 Sara-

2043 4279 2247 4332 cenus,
2279 4265 2573 4322 Persarum
2608 4267 2868 4340 [socius],
2901 4270 3078 4339 cepiis
3108 4270 3350 4325 Persicis
3376 4278 3430 4323 et
3461 4270 3623 4325 Sara-

2045 4355 2253 4409 cenicis
2305 4355 2650 4415 instructus.
2708 4356 2924 4430 Syriam
2990 4356 3231 4411 Primam
3279 4355 3622 4424 depraedatus

1627 4462 1865 4519 VARIAI
1891 4462 2300 4522 LECTIONES.

438 4564 462 4598 ⁸
488 4565 753 4636 ἐκχόῐσιν.
788 4560 855 4617 ν.
890 4558 956 4614 ad
980 4573 1037 4630 ι).
1072 4557 1140 4613 58
1161 4552 1225 4613 Β.
1300 4554 1322 4590 ⁸
1344 4556 1759 4627 θαυματούργου
1798 4558 1900 4613 Ox.

1996 4561 2017 4592 ⁷
2053 4561 2389 4615 Σελευκέσιν.
2427 4559 2494 4615 ν.
2532 4562 2599 4617 ad
2636 4578 2685 4633 p.
2723 4562 2790 4617 47
2816 4562 2878 4617 Β.

1586 4646 1694 4708 ED.
1730 4641 2104 4706 CHILMEADI
2126 4651 2361 4707 ΝΟΤᾸΕ.

442 4750 556 4821 ('75)
579 4746 912 4821 Μετεκλίὶθη
939 4745 1242 4821 ’ῥντιόχεια
1257 4734 1813 4821 ΘεούπολιςΑροίιΙίι-
1835 4751 1943 4795 ter-
1980 4747 2022 4798 D
2054 4741 2294 4821 traditis,
2324 4743 2487 4821 idque
2519 4749 2787 4821 praesente
2813 4742 3262 4821 9hristianorum
3300 4743 3562 4821 episc_opo
3600 4766 3615 4814 ;

374 4789 797 4876 m\;i‘l’(’)£l;;'is'l.e
819 4789 1284 4882 dustiniani‘imp.
1316 4827 1464 4866 anno
1495 4789 1554 4871 ll:
1597 4812 1949 4882 utilestatur

372 4890 665 4960 Evagrius.
698 4888 777 4943 lib
832 4904 907 4951 iv,
939 4900 1061 4954 cap.
1089 4885 1146 4940 7.
1187 4880 1463 4960 Qedrenus
1486 4882 1654 4960 etiam
1688 4881 1742 4935 in
1774 4880 1950 4960 Justi-

372 4951 540 5015 nianvo
589 4976 603 5012 :
642 4973 882 5027 quorum
921 4951 1264 5027 uterquede
1306 4951 1549 5008 nominis
1582 4953 1747 5006 etiam
1797 4953 1949 5008 urbis

373 5024 679 5084 mutatione
708 5027 1044 5082 mentionem
1078 5024 1229 5079 fecit.

320 5162 321 5165 η
441 5102 553 5169 (76)
575 5097 737 5169 Κατά
763 5096 1013 5150 κέλευσιν
1037 5095 1129 5169 τοῦ
1154 5093 1310 5169 ἁγίου
1332 5089 1562 5169 Συμεὼν
1577 5089 1672 5143 τοῦ
1691 5090 1946 5169 θαυματ-

370 5159 591 5241 cumq.
646 5166 960 5241 _SymeonAes
1015 5159 1301 5241 miraculis
1344 5159 1488 5241 clari
1532 5160 1641 5215 duo
1687 5159 1944 5241 fuerunt;

369 5226 509 5293 alter
540 5226 803 5305 Στυλίῖεης
847 5236 958 5305 ille,
996 5233 1336 5305 quiiLeonis
1380 5226 1451 5305 M_.
1484 5226 1631 5284 anno
1673 5247 1726 5305 ιν
1801 5226 1943 5305 diem

370 5311 541 5374 obiit;
591 5300 893 5360 alter'sub
925 5300 1239 5374 Iustiniano
1282 5300 1514 5374 ﬂoruit;
1544 5304 1706 5374 (“lem
1748 5302 1946 5374 auctor

370 5369 559 5435 noster
587 5378 694 5431 hoc
716 5377 850 5429 'loco
882 5373 1123 5428 indicare
1146 5374 1382 5429 videtur.
1417 5369 1551 5425 Vide
1580 5369 1778 5440 Evagr.
1803 5371 1839 5424 l.
1865 5386 1940 5433 ιν,

367 5464 487 5503 can.
521 5449 612 5503 55.

437 5466 708 5589 ἵῂῗῡιξαζ
760 5513 857 5565 τοῦ
913 5510 1213 5589 ἐπισκόπου
1259 5511 1367 5563 τῶν
1414 5509 1785 5589 δρέστιανῷν,
1839 5509 1941 5565 Μί-

366 5574 550 5643 renda,
576 5584 837 5656 profecto
882 5588 966 5656 est
1012 5581 1122 5656 haec
1148 5576 1449 5656 Bastagarii
1471 5574 1745 5656 :Persici,_
1770 5595 1935 5656 quam

365 5648 591 5729 ιιι-οἴοιτ’
631 5663 857 5715 auctor,
901 5648 1334 5706 Narratiuncula‘
1360 5650 1429 5705 de
1468 5648 1791 5705 Manichzeis
1824 5651 1934 5719 igni

2050 4812 2144 4865 sed
2195 4827 2293 4883 nec
2348 4810 2878 4883 ﬁderomningiulla
2943 4814 3106 4883 digna
3152 4810 3401 4868 videtur;
3440 4810 3622 4872 Persa:

2047 4882 2192 4954 enim
2236 4882 2585 4954 jamdudum
2608 4922 2659 4954 ,_
2694 4881 3026 4938 Theodosii'
3064 4883 3104 4936 ll
3136 4884 3266 4952 imp.
3339 4896 3618 4954 tempore,

2046 4950 2372 5007 Christianae
2408 4951 2692 5020 religionis
2720 4954 2907 5007 hostes
2939 4967 3062 5009 sese
3097 4950 3334 5022 professi
3363 4950 3618 5022 fuerant;

2047 5021 2184 5093 quin
2213 5030 2267 5077 et
2305 5022 2412 5077 hoc
2438 5023 2557 5092 ipso
2601 5032 2841 5090 tempore
2885 5039 3011 5078 cum
3056 5020 3371 5079 Manichaeis
3408 5027 3461 5077 in
3495 5020 3623 5093 quié

2045 5089 2283 5164 busdam
2325 5108 2421 5147 eos
2462 5089 2787 5164 conveniSSc
2833 5101 3067 5148 testatur
3112 5096 3406 5164 Agathias,
3454 5089 3619 5150 istius

2044 5162 2437 5234 mviseriptor,
2472 5162 2677 5234 quique
2713 5180 2776 5217 ex
2824 5164 3064 5218 archivis
3111 5162 3350 5220 Persicis
3381 5165 3621 5234 plurima

2042 5246 2100 5284 Se
2133 5230 2511 5303 desu_iiipsisse
2550 5232 2807 5303 al‘llrinat.
2845 5235 3044 5303 Agath.
3079 5235 3176 5288 lib.
3220 5251 3256 5287 ιι
3288 5243 3343 5289 et
3378 5230 3450 5288 iv.
3480 5234 3620 5289 Vide

2040 5303 2207 5376 etiam
2260 5300 2555 5371 NiCephor.
2610 5300 2748 5356 Hist.
2814 5300 2952 5356 οςιῖι.
3012 5305 3106 5358 lih.
3172 5321 3294 5367 xiv,
3362 5320 3484 5376 cap.
3555 5306 3618 5359 19

2111 5370 2231 5516 (27:31
2259 5440 2654 5516 ⁸Βασιξαγάριος
2687 5443 3271 5516 ῐζερσῶνερΒασταγὴ,
3308 5444 3455 5501 Onus
3487 5457 3571 5500 est
3598 5462 3613 5499 :

2036 5507 2363 5586 HeSychius.
2397 5507 2675 5586 Βασταγὴ,
2710 5507 2896 5586 βάρος.
2939 5512 3078 5586 Hinc
3106 5507 3494 5586 βαὸτάγάριος,
3523 5519 3619 5584 βα.-

2036 5580 2316 5656 σταγάρης
2367 5583 2483 5637 sive
2544 5580 2958 5654 βασταγιὰριος,
3038 5580 3398 5654 bastagariiis,
3460 5580 3616 5656 ba'ju-

2034 5650 2139 5704 lus.
