3988 6136
454 194 560 260 655

1761 202 2091 264 JOANNIS
2123 204 2449 266 ΜΑιΑιιΕ

3605 216 3709 278 656

449 321 555 375 est,
593 308 664 365 ad
697 325 872 382 usque
897 311 1202 369 Antiochia
1233 313 1370 370 lines
1390 313 1578 370 omnia
1609 323 1862 372 vastans.
1895 315 2014 372 Haec

2122 318 2265 391 ὅρων
2293 321 2653 393 Ἀντιοχείας,
2689 323 2900 390 καύσας
2929 323 3024 379 καὶ
3054 325 3252 390 τόπους
3285 325 3383 398 τῆς
3415 325 3590 398 αὐτῆς
3610 329 3713 400 χώ-

453 401 543 456 ubi
600 402 945 461 audivissent
986 405 1356 461 Romanorum
1407 405 1612 471 duces,
1663 416 1852 462 contra
1901 423 2026 464 eum

2136 430 2254 485 ρας.
2293 415 2406 470 Kal
2449 417 2788 482 ἀκούσαντες
2831 418 2902 474 τὰ
2949 421 3214 490 γεγινότα
3243 423 3293 475 οί
3323 419 3548 492 ἔξαρχοι
3581 423 3713 476 Ῥω-

370 509 378 518 ι
450 495 658 560 egressi
719 501 888 550 sunt:
943 511 1054 566 quo
1116 496 1381 566 cognito,
1439 497 1747 563 Saraceni,
1807 511 2014 572 arrepta

2132 505 2308 576 μαίων
2347 507 2572 578 ἐξῆλθον
2611 509 2733 563 κατ’
2764 511 2977 565 αὐτῶνθ
3011 511 3106 566 καὶ
3135 511 3356 581 γνόντες
3382 515 3433 566 οἱ
3463 507 3712 584 Σαρακη-

452 584 633 651 praeda
661 623 675 650 ,
707 599 804 654 per
829 585 1062 642 limitem
1092 587 1426 643 exteriorem
1457 597 1776 646 evaserunt.

518 761 720 817 Eorum
787 769 1037 834 tempore
1083 762 1435 822 Justinianus
1490 765 1792 837 imperator
1842 781 2012 838 aquae-

445 855 670 910 ductum
701 855 1044 912 Alexandriaa
1078 872 1290 928 magnae
1314 857 1670 914 instauravit.

512 1028 822 1100 imperator
867 1045 1001 1086 vero
1045 1031 1250 1086 certior
1303 1029 1480 1088 factus
1515 1031 1583 1088 de
1614 1032 2021 1088 Saracenorum

445 1122 869 1178 incursionibus
891 1161 906 1185 ,
952 1123 1312 1193 pedestribus
1355 1123 1531 1193 c0piis
1563 1124 1884 1194 ingentibus
1909 1124 2024 1179 col-

443 1214 601 1270 lectis
623 1230 690 1270 ει
725 1213 1000 1286 Phrygum
1033 1215 1524 1288 Lycocranitarum
1583 1216 1809 1286 regione
1834 1216 1979 1270 dicta
2003 1253 2020 1280 ,

440 1311 496 1362 in
531 1305 824 1363 Persarum
871 1316 927 1363 et
970 1309 1374 1365 Saracenorum
1436 1320 1620 1379 partes
1666 1324 1761 1364 eas
1791 1309 2018 1364 emittit.

443 1396 648 1451 Eodem
681 1404 929 1467 tempore
950 1439 964 1466 ,
991 1396 1228 1470 Hypatio
1255 1399 1493 1469 patricio
1514 1440 1529 1465 ,
1573 1398 1810 1453 militum
1847 1399 2021 1470 magi-

438 1497 598 1555 stro,
653 1488 924 1560 dignitate
975 1498 1180 1555 exuto,
1228 1488 1528 1546 Belisarius
1577 1489 1648 1544 ab
1680 1489 2018 1560 imperatore

438 1579 493 1636 in
519 1579 707 1636 locum
736 1581 860 1650 ejus
891 1580 1160 1637 suﬂ'ectus
1189 1589 1308 1645 est,
1351 1581 1445 1650 qui
1498 1579 1778 1636 exercitus
1811 1581 2016 1635 Roma-

2135 595 2230 660 θοι,
2266 597 2525 662 λαϐόντες
2568 601 2750 654 πᾶσαν
2794 601 2894 673 τὴν
2940 602 3290 674 πραῖδαν,διὰ
3321 601 3414 656 τοῦ
3443 603 3708 674 ἐξωτέρω

2128 685 2347 758 λιμίτου
2378 688 2604 760 ἔφυγον.

2197 781 2288 834 Ἐν
2318 781 2468 851 αὐτῷ
2495 783 2551 836 δέ
2579 782 2658 854 τῷ
2683 783 2863 854 καιρῷ
2889 783 2984 838 καὶ
3009 786 3036 839 6
3061 783 3276 852 ἀγωγὸς
3299 783 3709 858 ’Δλεξανδρείας

2123 873 2222 940 τῆς
2253 873 2497 943 μεγάλης
2529 873 2802 946 ἀνενεώθη
2829 875 2934 928 ὑπὸ
2968 875 3062 928 τοῦ
3095 875 3361 944 βασιλέως
3394 875 3710 932 Ἰούστινια-

2125 977 2215 1014 νου
2225 1001 2237 1014 .

2197 1051 2466 1118 Ἀκούσας
2492 1053 2550 1108 δέ
2569 1056 2596 1108 6
2619 1055 2786 1119 αὐτὸς
2813 1053 3068 1126 βασιλεὺς
3093 1054 3162 1108 τὰ
3183 1056 3453 1125 γενόμενα
3475 1056 3582 1110 ὑπὸ
3605 1057 3710 1110 τῶν

2124 1143 2493 1214 Σαρακηνῶν,
2529 1147 2755 1217 πέμψας
2789 1146 2890 1201 οὐκ
2936 1147 3127 1216 ὀλίγην
3177 1146 3430 1217 βοήθειαν
3475 1148 3710 1218 πεζικὴν

2121 1235 2186 1288 ἐκ
2219 1235 2318 1304 τῆς
2356 1237 2586 1308 Φρυγῶν
2615 1237 2822 1309 χώρας,
2853 1239 2980 1300 τοὺς
3007 1238 3336 1308 λεγομένους
3365 1239 3709 1311 Λυκοκρανί-

2119 1343 2216 1390 τας
2234 1327 2370 1398 (79),
2393 1327 2638 1398 ἀπῆλθεν
2666 1331 2758 1381 ἐπὶ
2780 1329 2848 1383 τὰ
2865 1331 3214 1402 Σαρακηνικὰ
3239 1331 3338 1384 καὶ
3357 1331 3428 1384 τὰ
3456 1331 3708 1401 Περσικὰ

2123 1417 2286 1488 μέρη.
2305 1419 2394 1472 Ἐν
2424 1419 2572 1490 αὐτῷ
2600 1420 2656 1473 δέ
2678 1419 2758 1492 τῷ
2785 1421 2964 1493 καιρῷ
2985 1421 3301 1493 προεϐλήθη
3323 1421 3706 1494 ἔξαρχοςῬωο

2123 1511 2298 1580 μαίων
2321 1511 2676 1584 Βελισσάριος
2704 1513 2810 1566 ὑπὸ
2837 1513 2930 1567 τοῦ
2966 1513 3133 1567 αὑτοῦ
3167 1514 3435 1584 βασιλέως
3453 1533 3469 1547 -
3500 1511 3569 1586 ἦν
3595 1515 3709 1586 γὰρ

2119 1601 2422 1672 διαδεχθεὶς
2449 1603 2709 1667 ’Υπάτιος
2747 1605 2776 1656 6
2805 1605 3097 1676 πατρίκιος
3120 1645 3136 1668 ,
3181 1605 3211 1658 6
3268 1605 3376 1677 πρὸ
3424 1604 3592 1660 αὑτοῦ
3631 1605 3711 1660 ῶν

435 1687 568 1742 nos,
639 1673 912 1742 ducesque
973 1680 1028 1728 et
1085 1683 1254 1726 totum
1304 1671 1436 1726 belli
1492 1669 1698 1726 Persici
1731 1674 2013 1741 negotium

2121 1666 2522 1766 στρατηλάτης,
2550 1666 3010 1760 καταπιστευθεὶς
3036 1666 3094 1750 δέ
3119 1666 3472 1766 Βελισσδιριος
3507 1698 3576 1751 τὰ
3617 1697 3710 1764 ἐξ-

436 1765 544 1822 sihi
576 1764 938 1819 commissum
973 1763 1186 1818 habuit.
1221 1762 1425 1818 Eodem
1461 1765 1630 1817 etiam
1678 1769 1927 1832 tempore
1957 1762 2012 1816 in

435 1850 719 1908 Persidem
775 1853 983 1908 missus
1029 1860 1114 1907 est
1151 1853 1526 1922 Hermogenes
1563 1853 1800 1924 Scytha,
1823 1868 2015 1908 exrna-

434 1943 632 2017 gistcr,
668 1946 752 2000 vir
802 1943 1296 2015 prudentissimus.
1353 1943 1540 1999 Mense
1599 1954 1782 1998 autem
1811 1942 2011 2009 Junin,

437 2036 760 2092 indictionis
790 2051 892 2101 vu,
941 2036 1214 2090 tumultus
1243 2036 1465 2106 gentilis
1499 2042 1728 2090 exortus
1761 2041 1882 2090 est:
1914 2034 2014 2089 Sa-

438 2129 721 2185 maritanis
759 2129 906 2184 enim
937 2126 1274 2198 Judaaisque,
1313 2143 1438 2183 cum
1469 2126 1800 2183 Christianis
1822 2125 2015 2182 conﬂi-
2042 2144 2048 2152 κ

432 2221 736 2287 ctantibus,
789 2219 1186 2290 quamplurima
1223 2219 1280 2274 in
1334 2217 1651 2290 Scythopoli
1702 2217 1931 2274 aedilicia
1983 2233 2014 2273 α

434 2311 797 2368 Samaritanis
821 2313 1108 2368 combusta
1127 2323 1276 2368 sunt.
1310 2311 1615 2382 Imperator
1634 2322 1815 2368 autem
1836 2311 1904 2368 de
1925 2311 2014 2367 his

431 2406 636 2460 certior
657 2403 859 2468 factus,
883 2403 1054 2460 Basso
1078 2404 1338 2474 praal’ecto
1355 2403 1550 2468 iratus,
1569 2403 1748 2458 ollicio
1765 2418 1889 2457 eum
1913 2403 2012 2458 ab-

433 2498 637 2554 dicavit
666 2505 975 2569 :caputque
1003 2500 1169 2552 etiam
1201 2497 1272 2560 ei,
1305 2497 1500 2552 eadem
1533 2497 1652 2566 ipsa
1683 2498 1739 2551 in
1768 2497 2010 2564 regione,

431 2589 759 2659 amputavit.
797 2587 1084 2641 Samaritae
1105 2585 1272 2659 446
1299 2587 1542 2651 interim,
1580 2587 1675 2640 ubi
1705 2587 2012 2640 intellexis-

433 2689 555 2734 sent
611 2679 996 2748 imperatorem
1053 2678 1162 2733 sibi
1211 2677 1492 2732 infensum
1528 2693 1690 2742 esse,
1722 2693 1810 2733 res
1840 2692 2010 2732 novas

435 2767 611 2822 moliti
664 2777 832 2831 sunt;
877 2777 932 2822 et
964 2763 1248 2820 Iulianum
1290 2767 1610 2836 quemdam,
1639 2766 1968 2822 Samaritam
1993 2807 2009 2833 ,

436 2860 712 2915 latronum
749 2859 1090 2930 principem,
1137 2873 1346 2914 corona
1395 2857 1750 2922 adornantes,
1784 2858 2010 2928 praediis

433 2951 642 3020 passim
691 2959 746 3006 et
797 2951 1050 3006 ecclesiis
1079 2950 1234 3020 ignes
1277 2948 1630 3019 iniecerunt,
1666 2951 2012 3020 quampluri-

434 3017 538 3097 mis
594 3042 760 3096 etiam
812 3017 1147 3098 Christianis
1193 3058 1224 3096 e
1279 3017 1459 3096 medio
1489 3017 1746 3096 sublatis.
1783 3017 1925 3106 Quin
1958 3051 2012 3096 et
2043 3017 2085 3077 (ἶ

433 3132 722 3204 Neapolim
757 3135 1044 3202 ingressus
1087 3131 1345 3187 Julianus
1382 3145 1676 3186 numerosa
1707 3129 2005 3185 Samarita-

433 3239 556 3279 rum
592 3225 755 3279 turba
812 3224 1084 3294 stipatus,
1144 3224 1418 3279 circensia
1471 3223 1636 3278 etiam
1676 3223 2006 3292 spectabat:

435 3319 527 3372 ubi
565 3316 764 3370 Niceas
811 3315 1072 3387 quidam,
1123 3315 1476 3372 Christianus
1529 3313 2008 3383 auriga,palmam

434 3411 666 3480 primam
712 3409 878 3475 tulit,
912 3410 1006 3480 qui
1041 3409 1262 3464 caeteris
1294 3409 1462 3464 etiam
1513 3407 1608 3479 qui
1653 3407 1726 3462 ibi
1783 3406 2011 3461 aderant

371 3514 374 3518 '
433 3501 727 3566 omnibus,
781 3509 892 3554 tam
945 3501 1276 3564 Samaritis,
1329 3514 1492 3570 quam
1520 3497 1723 3554 ludatis
1755 3498 2007 3567 aurigis,

434 3573 719 3662 superior.
752 3590 935 3646 factus
963 3599 1070 3646 est.
1103 3589 1422 3660 Tyrannum
1455 3589 1644 3658 itaque
1676 3587 1969 3643 adeuntem
1991 3628 2008 3656 ,

433 3683 678 3736 victoriae
715 3681 1002 3752 prtemium
1054 3681 1124 3735 ab
1155 3695 1222 3736 eo
1257 3687 1317 3734 ut
1363 3679 1677 3748 acciperet,
1711 3688 2006 3750 tyrannus,

433 3773 596 3842 cujus
651 3781 816 3828 sectae
861 3780 1048 3837 esset,
1121 3786 1247 3826 eum
1327 3770 1711 3840 interregavit.
1762 3769 2012 3840 Cumque

433 3863 812 3918 Christianum
873 3877 1003 3917 esse
1061 3859 1430 3916 intellexisset
1485 3861 1608 3929 (pro
1659 3858 1805 3913 malo
1866 3860 1918 3912 in
1951 3875 2012 3914 se

431 3955 622 4010 omine
665 3955 878 4010 habens
936 3953 1290 4010 Christianos
1345 3951 1580 4022 primam
1643 3952 1828 4006 statim
1895 3953 2012 4022 pal-

434 4064 578 4101 mam
621 4049 742 4104 suis
775 4047 1108 4118 praeripere;
1143 4044 1292 4116 quod
1321 4053 1376 4100 et
1416 4043 1622 4099 factum
1654 4047 1759 4114 est)
1788 4063 1802 4099 :
1840 4046 2011 4100 misso

431 4141 692 4196 carniﬁce
721 4181 736 4206 ,
786 4140 992 4211 auriga:
1024 4139 1082 4193 in
1114 4139 1235 4209 ipso
1285 4139 1435 4193 circo
1463 4145 1631 4207 caput
1665 4137 2008 4206 amputavit,

431 4231 526 4288 sed
567 4241 623 4288 et
679 4233 1001 4302 episcopum
1044 4243 1270 4302 quoque
1293 4228 1542 4298 ejusdem
1586 4228 1744 4284 urbis
1773 4229 2009 4297 pessime

2119 1785 2321 1855 έρκετα
2346 1788 2443 1840 καὶ
2469 1787 2597 1850 τοὺς
2619 1787 2817 1850 δοῦκας
2847 1792 2927 1852 εἰς
2947 1791 3047 1858 τὴν
3069 1790 3212 1844 κατὰ
3236 1790 3466 1861 Περσῶν
3498 1791 3706 1862 μάχην.

2131 1875 2220 1928 Ἐν
2242 1874 2392 1946 αὐτῷ
2419 1876 2478 1930 δέ
2499 1875 2576 1948 τῷ
2597 1877 2774 1949 χρόνῳ
2796 1879 3051 1950 ἐπέμφθη
3080 1882 3160 1943 είς
3181 1881 3250 1933 τὰ
3279 1878 3432 1950 [180]
3459 1880 3707 1949 Περσικά

2129 1965 2470 2039 Ἑρμογένης
2491 1970 2521 2022 ό
2539 1968 2646 2022 ἀπὸ
2674 1969 3014 2040 μαγίστρων,
3046 1973 3072 2024 6
3097 1970 3336 2040 Σκύθης,
3356 1970 3495 2041 ἀνὴρ
3519 1971 3706 2040 σοφός.

2119 2054 2210 2126 Τῷ
2237 2055 2294 2109 δὲ
2313 2056 2518 2128 Ἰουνίῳ
2555 2059 2687 2129 μηνὶ
2711 2060 2812 2129 τῆς
2843 2059 3080 2132 ἑϐδόμης
3105 2060 3436 2123 ίνδικτιῶνος
3455 2064 3710 2132 ταραχῆς

2119 2146 2420 2216 γενομένης
2453 2146 2706 2218 ἐθνικῆς·
2745 2148 3130 2220 συμϐαλόντων
3164 2150 3310 2221 γίὶιρ1⁵
3359 2151 3468 2204 τῶν
3515 2151 3712 2221 Σαμαο

2123 2237 2318 2306 ρειτῶν
2359 2238 2566 2308 μεταξὺ
2599 2241 2952 2312 Χριστιανῶν
2969 2243 3062 2294 καὶ
3085 2243 3380 2308 Ἰουδαίων,
3407 2242 3598 2295 πολλοὶ
3619 2243 3712 2294 τόν

2119 2343 2211 2382 ποι
2243 2329 2660 2401 ἐνεπρήσθησαν
2687 2333 2746 2385 ἐν
2775 2333 3204 2404 Σκυθοπόλει-ἐκ
3232 2334 3344 2386 τῶν
3384 2334 3567 2386 αὐτῶν
3599 2333 3710 2388 Σα-

2122 2421 2420 2492 μαρειτῶν.
2445 2424 2556 2476 Kal
2576 2422 2735 2478 τοῦτο
2758 2423 2892 2477 ἀκού
2902 2441 3000 2488 σας
3017 2427 3046 2478 6
3067 2425 3232 2487 αὐτὸς
3257 2423 3512 2494 βασιλεὺς
3532 2427 3710 2494 ἠγαν-

2118 2512 2325 2582 άκνησε
2355 2514 2496 2568 κατὰ
2527 2513 2621 2568 τοῦ
2653 2515 2912 2586 ἄρχοντος
2943 2516 3159 2569 Βάσσου
3179 2531 3193 2546 ο
3233 2517 3419 2569 ὅντινα
3451 2515 3712 2582 διαδεξά-

2121 2623 2283 2677 μενος
2311 2607 2723 2677 ἀπεκεφάλισεν
2751 2611 2810 2661 ἐν
2840 2609 2980 2678 αὐτῇ
3017 2611 3084 2680 τῇ
3130 2607 3308 2679 χώρᾳ.
3337 2608 3400 2662 Ol.
3429 2608 3488 2660 δὲ
3516 2609 3710 2678 Σαμα-

2119 2701 2294 2768 ρεῖται
2330 2701 2552 2768 γνόντες
2602 2699 2700 2770 τὴν
2752 2699 2874 2754 καθ’
2899 2701 3109 2753 ἑαυτῶν
3155 2701 3553 2770 ἀγανάκτησιν,
3581 2702 3711 2753 ἐτυ-

2119 2791 2394 2862 ράννησαν
2417 2793 2514 2846 καὶ
2537 2791 2770 2862 ἔστεψαν
2803 2791 3108 2863 λῄσταρχον
3134 2793 3363 2862 ὀνόματι
3383 2791 3705 2856 Ἰουλιανὺν,

2118 2875 2486 2953 Σαμαρείτην,
2515 2884 2611 2937 καὶ
2633 2883 2874 2938 ἔκαυσαν
2895 2886 3149 2955 κτήματα
3170 2885 3266 2938 καὶ
3288 2885 3586 2953 ἐκκλησίας
3608 2886 3710 2940 καὶ

2119 2975 2416 3041 ἐφόνευσαν
2465 2973 2695 3038 πολλοὺς
2740 2973 3126 3044 Χριστιανούς.
3168 2975 3284 3027 Kal
3329 2973 3590 3028 είσελθὼν
3644 2977 3706 3028 ἐν

2117 3065 2386 3118 Νεαπόλει
2415 3065 2724 3136 ἐθεώρησεν
2763 3066 3119 3135 ἱπποδρόμιον
3151 3065 3290 3136 μετὰ
3326 3066 3567 3136 πλήθους
3599 3067 3708 3120 Σα-

2121 3159 2394 3229 μαρειτῶν
2413 3173 2426 3186 ·
2460 3158 2555 3211 καὶ
2586 3158 2647 3210 τὸ
2679 3157 2893 3228 πρῶτον
2922 3157 3074 3226 βὰῖον
3098 3159 3320 3226 ἐνίκησε
3355 3158 3563 3219 Νικέας
3595 3175 3704 3221 τις,

2112 3249 2324 3318 ἡνίοχος
2371 3241 2905 3318 Χριστιανός.Ἥσαν
2953 3247 3011 3299 δὲ
3061 3247 3159 3300 καὶ
3200 3247 3349 3300 ἄλλοι
3374 3249 3432 3300 ἐν
3461 3251 3529 3317 τῇ
3564 3249 3702 3318 αὐτῇ

2112 3339 2382 3392 Νεαπόλει
2409 3339 2640 3408 ἡνίοχοι,
2667 3339 3005 3408 Σαμαρεῖται
3035 3339 3130 3390 καὶ
3152 3337 3420 3401 Ἰουδαῖοι,
3443 3337 3705 3402 οὕστινας

2111 3429 2362 3500 ἐνίκησεν
2388 3431 2416 3482 6
2435 3429 2600 3492 αὐτὸς
2625 3429 2828 3492 Νικέας
2856 3429 3088 3498 ἡνίοχος.
3111 3429 3223 3482 Kal
3247 3427 3416 3481 ἐλθὼν
3446 3429 3587 3498 πρὸς
3609 3428 3706 3482 τὸν

2109 3518 2392 3591 τύραννον,
2427 3518 2659 3586 ὀφείλων
2692 3517 3012 3588 τιμηθῆναι,
3049 3517 3411 3588 ἐπηρώτησε⁹
3441 3519 3500 3571 δὲ
3529 3519 3700 3572 αὑτὸν

2113 3609 2272 3672 ποίας
2299 3609 2535 3678 ὑπάρχει
2563 3607 2885 3678 θρησκείας.
2933 3609 3044 3662 Kal
3093 3608 3281 3678 μαθὼν
3311 3611 3396 3662 ὅτι
3429 3611 3703 3680 Χριστιατ

2110 3702 2199 3764 νός
2246 3700 2382 3762 ἐστι,
2413 3701 2508 3752 καὶ
2537 3701 2617 3763 είς
2646 3698 2917 3769 σύμϐολον
2945 3698 3242 3768 δεξάμενος
3273 3701 3372 3770 τὴν
3417 3699 3530 3752 τῶν
3560 3701 3704 3770 Χρι-

2113 3788 2346 3843 στιανῶν
2372 3785 2575 3850 εὐθέως
2621 3785 2845 3858 πρώτην
2883 3787 3192 3864 νίκηννκαε
3213 3787 3411 3855 αὑτοῦ,
3437 3789 3576 3860 ὅπερ
3605 3790 3704 3843 καὶ

2111 3876 2354 3946 γέγονεν,
2387 3874 2591 3938 εὐθέως
2626 3875 2854 3946 πέμψας
2880 3876 3253 3944 ἀπεκεφάλισε
3281 3879 3372 3931 τὸν
3401 3877 3618 3948 ήνίοχον
3640 3879 3702 3930 ἐν

2109 3969 2190 4040 τῷ
2222 3967 2583 4038 ίπποδρομίῳ.
2601 3968 2902 4039 Ἐχρήσατο
2949 3969 3135 4032 κακῶς
3170 3969 3268 4022 καὶ
3308 3969 3386 4040 τῷ
3412 3956 3702 4040 ἐπισκόπῳ

2109 4059 2210 4128 τῆς
2238 4057 2408 4128 αὐτῆς
2430 4055 2835 4119 πόλεως.Τοῦτο
2859 4057 2920 4110 δὲ
2945 4057 3165 4126 γνόντες
3185 4058 3236 4110 οἱ
3257 4055 3410 4128 [181]
3432 4058 3697 4128 ἄρχοντες

2111 4147 2473 4217 Παλαιστίνης
2509 4147 2604 4200 καὶ
2645 4146 2676 4199 6
2705 4146 2830 4212 δοὺξ
2863 4145 3140 4217 Θεόδωρος
3185 4147 3214 4199 6
3269 4148 3427 4216 σιμὸς
3477 4148 3540 4200 τὸ
3589 4149 3696 4216 τῆς

2111 4237 2424 4309 τυραννίδος
2459 4237 2720 4308 τόλμημα
2764 4239 3037 4307 ἐμήνυσεν
3057 4238 3099 4268 ¹⁹
3134 4237 3334 4300 εὐθέως
3363 4237 3439 4308 τῷ
3484 4236 3697 4307 βασιλεί

431 4323 644 4379 habuit.
679 4323 987 4378 Palaestina:
1016 4330 1198 4376 autem
1245 4318 1519 4390 praefecti,
1552 4334 1676 4373 cum
1714 4317 2006 4373 Theodoro

2124 4324 2488 4396 Ἰουστινιανῷ
2510 4342 2524 4356 ⁸
2556 4327 2652 4379 καὶ
2695 4325 2942 4380 ἀπελθὼν
2975 4328 3003 4378 6
3031 4326 3156 4392 δοὺξ
3199 4327 3320 4379 κατ’
3355 4327 3520 4379 αὑτοῦ
3555 4328 3692 4396 μετὰ

436 4414 593 4471 Simo
626 4414 766 4468 duce
787 4453 802 4478 ,
831 4413 899 4468 de
929 4413 1020 4466 his
1071 4411 1342 4466 certiores
1383 4409 1512 4464 facti
1536 4451 1552 4472 ,
1590 4410 1805 4478 tyranni
1840 4410 2007 4479 hujus

2120 4417 2314 4485 πολλῆς
2340 4415 2615 4486 βοηθείας,
2648 4415 2830 4470 λαϐὼν
2857 4416 2975 4486 μεθ’
3000 4416 3193 4468 ἐαυτοῦ
3229 4418 3324 4469 xal
3355 4417 3448 4469 τὸν
3485 4417 3693 4487 φύλαρ-

433 4507 806 4576 impudentem
842 4504 1128 4559 audaciam
1167 4499 1488 4556 Iustiniano
1521 4500 1845 4570 imperatori
1880 4514 2010 4572 pro-

414 4599 584 4676 .tinus
616 4611 713 4669 per
741 4598 962 4651 litteras
988 4599 1408 4664 repraesentant.
1440 4591 1645 4646 Contra
1691 4606 1814 4645 eum
1855 4607 2005 4657 vero,

432 4690 642 4762 ingenti
693 4704 820 4743 cum
869 4687 1114 4744 exercitu
1139 4729 1156 4754 ,
1181 4684 1464 4754 egreditur
1497 4683 1823 4740 Theodorus
1857 4683 2006 4752 dux;

432 4780 526 4850 qui
560 4778 918 4850 phylarchatu
967 4777 1131 4832 etiam
1176 4774 1481 4830 Palaestinae
1517 4775 1622 4828 sibi
1661 4773 1873 4828 socium
1915 4775 2010 4828 ad-

426 4871 634 4941 juuxit.
666 4869 786 4936 Quo
811 4867 1024 4932 audito,
1052 4864 1313 4922 Julianus
1357 4863 1628 4918 Samarita
1657 4903 1673 4928 ,
1710 4872 2008 4933 tyrannus,

433 4961 660 5032 Neapoli
695 4963 888 5017 relicta
911 5002 928 5028 ,
975 4960 1161 5033 fugam
1189 4958 1472 5028 capessit:
1502 4971 1666 5026 quem
1702 4956 2010 5012 Palaestina:

2105 4525 2200 4579 χον
2233 4506 2634 4573 Παλαιστίνης·
2667 4506 2765 4560 xal
2809 4508 2973 4574 γνοὺς
3009 4507 3168 4558 τοῦτο
3195 4509 3222 4560 ὀ
3252 4506 3514 4578 τύραννος
3555 4507 3692 4560 ’1ου-

2104 4598 2285 4660 λιανδς
2302 4599 2330 4652 6
2350 4596 2722 4668 Σαμαρείτης,
2751 4597 2937 4667 φυγὼν
2961 4597 3182 4666 ἐξῆλθεν
3205 4599 3314 4650 ἀπὸ
3339 4599 3688 4661 Νεαπόλεως.

2106 4689 2218 4743 Kal
2245 4686 2573 4752 κατεδίωξεν
2602 4687 2762 4740 αὑτὸν
2795 4687 2824 4738 6
2850 4687 2974 4752 δοὺξ
3008 4687 3145 4756 μετὰ
3177 4685 3280 4754 τῆς
3321 4685 3518 4738 ἐαυτοῦ
3562 4685 3693 4754 βοη-

2108 4776 2283 4838 θείας,
2318 4775 2414 4828 καὶ
2443 4773 2812 4845 συνέκρουσαν
2855 4775 3125 4845 πόλεμον·
3158 4775 3254 4827 καὶ
3283 4773 3479 4842 ἔκοψεν
3512 4777 3541 4827 ό
3568 4770 3691 4835 δοὺε

2111 4869 2178 4921 ἐκ
2220 4867 2330 4921 τῶν
2379 4865 2734 4937 Σαμαρειτῶν
2781 4866 3006 4936 πλῆθος,
3041 4867 3137 4919 καὶ
3180 4865 3492 4935 παρέλαϐεν
3532 4863 3693 4917 αὐτὸν

2113 4959 2463 5032 Σαμαρείτην
2485 4959 2798 5025 Ίουλιανδν,
2827 4959 2922 5013 τοῦ
2962 4959 3100 5012 Θεοῦ
3131 4959 3466 5028 παραδόντος
3509 4956 3688 5012 αὐτόν.

1701 5087 1936 5142 νΑιιιίΕ
1985 5089 2394 5147 LECTIONES.

503 5193 524 5223 '
543 5189 650 5261 γὰρ
673 5196 1013 5260 expunctum
1033 5185 1243 5240 malim.
1289 5185 1310 5215 ’
1327 5180 1654 5254 ἐπηρώτησε
1677 5183 1801 5250 Ch.,
1821 5184 2139 5256 ἐπερώτησε
2164 5185 2267 5238 Οτ.
2308 5184 2354 5218 ³ο
2377 5183 2668 5255 ἐμήνυσεν.
2698 5201 2717 5236 ι
2738 5181 2902 5238 Forte
2927 5183 3206 5240 scribend.
3232 5185 3569 5254 ἐμήνυσαν.»
3591 5183 3689 5238 Ch.

1658 5295 1770 5351 El).
1810 5295 2187 5352 CHILMEADI
2227 5294 2458 5352 ΝΟΤΕ.

505 5395 620 5470 (79)
651 5394 791 5470 Ίξοξς
831 5391 1163 5470 λεγομένους
1207 5387 1636 5470 Λυκοκρανίτας.
1694 5386 1811 5470 Non
1839 5387 2007 5458 Phry-

433 5461 556 5534 giae,
601 5461 699 5520 Sed
733 5462 1218 5534 Pisidiaeipupulus
1255 5461 1358 5514 iste
1389 5469 1528 5534 erat,
1572 5475 1600 5510 ιι
1644 5467 1830 5534 monte
1867 5472 2008 5534 quo:

437 5526 582 5599 datu,
620 5536 708 5590 cui
748 5532 928 5588 Λύκου
956 5526 1422 5600 Κρᾶνοςυηοιιιεη,
1459 5531 1534 5582 ita
1569 5526 2008 5600 appellatusiuti

433 5597 674 5661 testatur
722 5597 1050 5673 Procopius,
1104 5601 1178 5657 De
1219 5601 1336 5656 reb.
1377 5599 1540 5652 Golh.
1595 5601 1628 5651 Ι.
1675 5613 1734 5652 ιιι
1781 5616 1793 5650 :
1848 5597 2007 5651 Ἀλλὰ

2113 5388 2534 5459 Δυκοκρανίτας
2575 5387 2808 5459 καλοῦσι
2836 5387 3218 5459 τῶνᾷΠ-ισιδῶν
3239 5402 3455 5459 ⁸τιναςξ
3487 5389 3587 5458 οὐχ
3613 5389 3689 5459 ὅτι

2111 5455 2588 5528 λύκωνίκεφαλας
2635 5458 2868 5528 ἔχουσιν,
2919 5457 3035 5513 ἀλλ’
3063 5460 3148 5510 ὅτι
3178 5455 3360 5510 Λύκου
3407 5455 3602 5527 Κράνα
3629 5456 3689 5510 τὸ

2110 5527 2235 5598 ὅρος
2264 5527 2491 5599 ἐκλήθη,
2525 5527 2555 5582 6
2585 5527 2757 5600 ταύτῃ
2786 5528 2988 5598 ἀνέχει.
