3988 6136
327 388 427 455 65⁸1

1350 395 2027 457 CHRONOGRAPHIA.
2067 419 2132 429 -·-
2168 396 2314 454 LIB.
2354 396 2570 457 XVIII.

3478 399 3582 463 658

330 504 436 559 Καὶ
467 502 876 572 ἀποκεφαλίσας
906 503 1067 558 αὐτὸν
1101 503 1313 576 ἔπεμψε
1340 506 1437 576 τὴν
1463 505 1705 576 κεφαλὴν
1742 504 1905 558 αὑτοῦ

2026 505 2118 559 lux
2152 519 2278 559 cum
2319 505 2492 573 copiis
2520 505 2637 561 suis
2665 505 2954 561 insecutus
2985 546 2998 570 ,
3033 521 3270 576 cumque
3301 522 3365 562 eo
3396 508 3583 576 prwlin

328 594 463 661 μετὰ
510 593 605 646 τοῦ
654 593 984 664 διαδήματος
1012 594 1090 665 τῷ
1121 595 1330 665 βασιλεῖ
1354 597 1739 667 Ἱουστινιανῷ.
1794 597 1905 649 Καὶ

323 685 406 739 ὅτε
442 684 696 756 ἐγνώσθη
740 685 819 755 τῷ
865 686 1016 757 αὐτῷ
1038 675 1257 757 βασιλεῖ
1283 688 1353 742 τά
1378 689 1679 759 γενόμενα,
1712 688 1773 741 τὸ
1804 688 1905 756 τῆς

324 774 641 845 τυραννίδος
672 774 779 827 τῶν
814 776 1173 847 Σαμαρειτῶν
1214 778 1309 831 καὶ
1335 776 1430 831 τοῦ
1457 776 1757 846 δυστυχοῦς
1778 775 1906 828 Ἰου-

324 864 526 931 ).ιανοῦ,
567 867 600 936 ή
632 866 784 937 παρὰ
814 866 924 919 τῶν
953 868 1226 937 ἀρχόντων
1264 870 1496 938 μήνυσις
1536 867 1738 930 εὐθέως
1777 884 1910 921 κατ-

322 957 513 1010 έλαϐεν
532 959 592 1010 ὲν
613 958 1188 1012 Κωνσταντινουπόλει
1216 959 1313 1011 καὶ
1341 959 1374 1028 ή
1403 957 1498 1011 τοῢ
1524 959 1791 1029 τυράννου
1814 975 1908 1011 κε-

323 1049 737 1119 φαλή.Ἐπεσον
766 1049 823 1102 δὲ
852 1051 917 1102 ὲκ
954 1050 1063 1103 τῶν
1093 1048 1452 1122 Σαμαρειτῶν
1490 1050 1548 1101 ἐν
1581 1048 1660 1119 τῷ
1685 1048 1907 1119 πολέμῳ

324 1145 558 1216 χιλιάδες
596 1143 805 1198 εἴκοσι’
841 1144 989 1217 [182]
1024 1146 1118 1199 καὶ
1150 1146 1200 1198 οἱ
1234 1147 1332 1215 μὲν
1362 1145 1560 1213 ἔφυγον
1582 1146 1660 1209 είς
1693 1146 1756 1198 τὺ
1781 1145 1906 1215 ὅρος

325 1237 379 1289 τὸ
402 1236 701 1305 λεγόμενον
721 1236 993 1307 Ἀρπαρίξ
1000 1255 1045 1291 ιν
1061 1239 1103 1269 ¹¹
1125 1237 1258 1305 (80),
1286 1237 1433 1290 ἄλλοι
1461 1236 1518 1289 δὲ
1541 1236 1620 1298 είς
1650 1237 1741 1289 τὸν
1763 1236 1909 1306 Τρα-

323 1326 469 1396 χῶνα
507 1329 591 1390 είς
620 1328 683 1380 τὸ
721 1327 1016 1397 λεγόμενον
1059 1326 1312 1398 σιδηροῦν
1346 1325 1700 1397 6ρο;.Ἔλα6ε
1731 1326 1909 1379 δὲκαὶ

322 1421 349 1472 ὁ
378 1417 662 1489 φύλαρχος
698 1420 1014 1490 Σαρακηνὺς
1045 1418 1075 1469 ὁ
1115 1418 1224 1471 τῶν
1259 1418 1547 1487 Ῥωμαίων
1576 1418 1808 1488 πραῖδαν
1850 1417 1909 1481 ἐξ

323 1507 501 1562 αὐτῶν
539 1508 785 1578 χιλιάδας
818 1509 993 1562 είκοσι
1035 1508 1241 1561 παίδων
1269 1508 1365 1561 καὶ
1396 1508 1666 1577 κορασίων
1687 1524 1701 1538 ’
1732 1507 1912 1560 οὕστι-

234 1610 248 1627 ’
324 1616 414 1661 νας
445 1597 634 1651 λαϐὼν
662 1598 1044 1670 αἰχμαλώτους
1078 1597 1362 1669 ἐπώλησεν
1393 1600 1451 1652 ὲν
1479 1602 1594 1662 τοῖς
1623 1601 1912 1669 Περσικοῖς

325 1688 417 1741 καὶ
442 1686 689 1752 Ἰνδικοῖς
722 1687 968 1758 μέρεσιν.
1074 1707 1076 1710 '

324 1786 544 1839 niorum
595 1781 888 1850 utriusque
938 1794 1103 1836 sexus
1149 1794 1216 1835 ex
1251 1780 1334 1835 eis
1360 1796 1462 1851 pro
1491 1782 1671 1853 prada
1707 1783 1853 1853 cepit
1883 1799 1896 1848 ;

327 1875 646 1944 lndicisque
675 1872 946 1928 vendidit.

2006 613 2374 668 congressus,
2412 595 2713 653 Samaritas
2771 598 2879 652 late
2926 598 3262 668 prosternit;
3327 613 3580 668 compreo

2008 690 2238 744 hensum
2293 702 2515 758 quoque
2564 687 2848 743 Iulianum
2903 689 3109 759 ipsum,
3176 690 3284 742 Deo
3333 688 3586 744 tradente

2007 793 2170 841 eum,
2223 777 2387 851 447
2437 779 2621 849 capite
2663 786 2921 845 truncat;
2976 784 3253 847 caputque
3283 778 3438 847 ejus,
3475 795 3582 831 una

2008 884 2132 924 cum
2163 869 2501 934 diademate,
2529 868 2842 924 Justiniano
2869 869 3190 939 imperatori
3240 869 3432 924 mittit.
3464 868 3586 935 Quo

2010 967 2255 1028 tempore
2285 975 2418 1015 vero
2446 961 2632 1016 miseri
2688 960 2894 1015 Juliani
2948 959 3459 1031 Samaritarumqne
3514 971 3587 1032 ty-

2009 1050 2260 1105 rannidis
2310 1049 2451 1104 fama
2498 1052 2674 1120 prima
2724 1051 3078 1117 innotuerat;
3111 1052 3380 1106 continuo
3419 1052 3584 1106 etiam

2009 1156 2194 1195 rerum
2228 1156 2257 1196 a
2293 1142 2529 1199 ducibus
2553 1143 2607 1196 in
2632 1143 2758 1198 illos
2786 1152 3067 1214 gestarum
3092 1144 3366 1208 nuntium,
3400 1152 3587 1214 tyran—

2010 1233 2176 1303 nique
2252 1241 2414 1303 caput
2457 1273 2473 1298 ,
2539 1233 3081 1305 Constantinopolim
3145 1235 3356 1304 perlata
3435 1241 3583 1287 sunt.

2008 1326 2337 1382 Ceciderunt
2381 1336 2562 1383 autem
2615 1343 2681 1384 ex
2731 1327 3026 1384 Samaritis
3069 1329 3124 1383 in
3180 1328 3286 1382 hoc
3324 1325 3468 1380 bello
3515 1341 3583 1379 xx

2010 1419 2183 1473 millia
2230 1420 2516 1474 hominum
2550 1438 2564 1476 :
2617 1420 2798 1476 caeteri
2832 1420 3083 1475 nonnulli
3114 1419 3167 1474 in
3211 1427 3451 1473 montem
3485 1416 3589 1469 Λέγε

2011 1510 2239 1580 parizim
2274 1518 2530 1568 vocatum
2555 1553 2570 1578 ,
2609 1511 2703 1566 alii
2738 1512 2795 1567 in
2844 1509 3303 1567 Trachonitidem
3331 1550 3346 1575 ,
3391 1508 3458 1563 ad
3488 1505 3588 1563 Fe-

2011 1617 2166 1657 renm
2202 1613 2442 1658 montem
2471 1605 2805 1675 recipientes
2848 1620 2970 1660 sese
2994 1646 3009 1671 ,
3053 1610 3366 1660 evaserunt.
3422 1602 3586 1657 Sara-

2014 1706 2186 1748 cenus
2217 1693 2381 1747 etiam
2436 1693 2808 1749 Romanorum
2838 1694 3141 1766 phylarcha
3190 1709 3259 1748 xx
3293 1692 3461 1747 millia
3499 1696 3589 1762 ju-

1978 1798 2119 1855 quos
2170 1785 2420 1855 captivos
2468 1785 2757 1841 abducens
2813 1784 2866 1839 in
2948 1785 3268 1856 regionibus
3350 1783 3589 1840 Persicis

407 1968 466 2021 '0
489 1968 549 2020 δὲ
573 1967 735 2029 αὐτὸς
767 1964 1021 2036 βασιλεὺς
1041 1966 1204 2035 γνοὺς
1230 1965 1315 2018 ὅτι
1346 1965 1517 2019 πολλὰ
1536 1966 1794 2039 κτήματα
1814 1970 1912 2038 τῆς

2089 1965 2364 2021 Caeterum
2398 1965 2722 2035 imperator,
2754 1963 2943 2019 audito
2974 1962 3276 2019 Samarites
3315 1962 3420 2017 sub
3454 1962 3590 2032 ipsis

329 2057 699 2129 Παλαιστίνης
729 2057 969 2111 ἔκαυσαν
1009 2059 1058 2110 oi.
1100 2057 1441 2127 Σαμαρεῖται
1469 2057 1568 2128 τὴν
1604 2059 1778 2132 ἀρχὴν
1821 2060 1911 2112 ὅτε

330 2151 734 2222 ἐτυράννησαν,
769 2147 1125 2216 ἠγανάκτησε
1156 2146 1300 2200 κατὰ
1347 2145 1444 2199 τοῦ
1487 2147 1678 2210 δουκδς
1712 2147 1913 2201 Παλαι-

331 2243 542 2313 στίνης,
572 2241 708 2294 διότι
738 2239 845 2311 πρὸ
868 2237 965 2292 τοῦ
995 2238 1418 2308 ὲπιῤῥίψωσινη
1443 2239 1553 2308 (8|)
1583 2240 1661 2301 είς
1682 2239 1750 2292 τὰ
1779 2240 1914 2308 κτή-

334 2351 478 2404 ματα
508 2333 542 2403 ἢ
575 2334 658 2396 εἰς
689 2331 788 2403 τὴν
821 2331 998 2393 πόλιν,
1023 2330 1056 2399 ἢ
1094 2328 1253 2400 μόνον
1283 2331 1518 2399 ἤκουσεν
1541 2331 1623 2383 ὅτι
1660 2330 1918 2397 συνάγον-

330 2444 443 2489 ται,
474 2425 578 2496 οὐχ
608 2423 839 2495 ὥρμησε
871 2421 991 2475 κατ’
1013 2421 1194 2475 αὐτῶν
1224 2421 1322 2475 καὶ
1364 2422 1774 2492 ἐσκορπίζοντο.
1808 2420 1923 2473 Καὶ

331 2517 723 2585 διαδεξάμενος
754 2514 848 2566 τὸν
882 2512 1045 2566 αὑτὸν
1072 2511 1243 2566 δοῦκα
1270 2512 1532 2582 ἀσχήμως
1556 2511 1666 2581 (82)
1697 2511 1917 2565 ἐκέλευ-

333 2627 425 2664 σεν
457 2608 627 2662 αὐτὸν
664 2603 1068 2674 άσφαλισθὲντα
1106 2602 1491 2671 φυλάττεσθαι.
1523 2603 1634 2655 Καὶ
1663 2602 1916 2673 ἐπέμφθη

333 2689 457 2753 ἀντί
471 2696 642 2752 αὑτοῦ
660 2694 789 2761 δοὺξ
809 2695 1119 2764 Είρηναῖος,
1134 2690 1470 2762 Ἀντιοχεύςο
1497 2692 1646 2755 ὅστις
1671 2692 1919 2763 ὁρμήσας

333 2790 471 2845 κατὰ
512 2789 625 2843 τῶν
664 2787 1082 2857 άπομεινάντων
1118 2783 1476 2855 Σαμαρειτῶν
1506 2785 1564 2837 ὲν
1594 2786 1708 2848 τοῖς
1742 2784 1916 2855 ὄρεσι,

335 2884 564 2946 πολλοὺς
590 2878 844 2936 ἀπώλεσε
873 2877 1092 2950 πικρῶς
1121 2877 1599 2949 τιμωρησάμενος.

413 3062 474 3115 ’0
515 3061 577 3113 δὲ
619 3058 749 3111 τῶν·
776 3057 1003 3127 Περσῶν
1046 3055 1301 3126 βασιλευς
1352 3054 1580 3127 Κωάδης
1627 3053 1922 3124 δεξάμενος

351 3152 692 3224 Ἑρμογένην
722 3150 833 3219 (85)
871 3149 1194 3219 μάγιστρον,
1215 3149 1272 3200 ὲν
1295 3147 1450 3219 φιλίᾳ
1470 3145 1768 3217 πρεσϐείας
1790 3163 1924 3216 πεμ-

338 3246 547 3315 φθὲντα
575 3246 715 3314 μετὰ
748 3242 842 3296 καὶ
874 3240 1062 3312 δώρων
1106 3240 1207 3310 τῆς
1253 3238 1666 3311 ἀναγορεύσεως
1694 3235 1790 3290 τοῦ
1828 3236 1923 3308 βα-

342 3338 537 3401 σιλέως
556 3333 937 3389 Ἰουστινιανοῢ
968 3335 1027 3387 ὲν
1059 3333 1189 3404 μηνὶ
1202 3330 1433 3400 Ἰουλίῳ.

411 3428 569 3502 [185]
610 3427 823 3497 Συνέϐη
875 3426 933 3480 δὲ
984 3425 1106 3480 κατ’
1141 3426 1320 3479 ἐκεῖνο
1365 3421 1560 3495 καιροῦ
1590 3421 1784 3475 παθεῖν
1819 3421 1927 3474 ὑπὸ

343 3518 645 3589 θεομηνίας
666 3516 969 3586 ’Δμάσειαν
1002 3517 1060 3567 ὲν
1092 3517 1161 3585 τῇ
1192 3516 1429 3584 Ποντικῇ
1473 3513 1569 3566 καὶ
1615 3512 1928 3589 αὐτῆς-τῆς

343 3610 662 3681 περιχώρου
686 3608 849 3680 μέρη.
870 3609 928 3662 ’0
957 3608 1015 3662 δὲ
1036 3607 1200 3671 αὐτὸς
1230 3606 1485 3676 βασιλεὺς
1511 3608 1580 3677 τῇ
1612 3606 1750 3677 αὐτῇ
1774 3604 1928 3658 πόλει

346 3703 523 3757 πολλὰ
550 3702 870 3772 ἐχαρίσατο.

417 3794 511 3848 Ἐν
545 3793 696 3863 αὑτῷ
722 3792 779 3845 δὲ
807 3790 883 3862 τῷ
919 3790 1096 3861 χρόνῳ
1124 3789 1558 3853 άνακωδίκευσις
1586 3788 1802 3858 ἐγένετο
1823 3788 1930 3840 τῶν

349 3885 599 3940 παλαιῶν
624 3884 807 3954 νόμων
824 3898 837 3911 ·
865 3883 962 3936 καὶ
984 3882 1218 3952 ποιήσας
1247 3881 1409 3944 ἰδίους
1436 3881 1633 3951 νόμους
1656 3879 1857 3933 κατέπε
1868 3897 1934 3949 μ-

350 3975 449 4044 ψεν
468 3977 528 4029 ὲν
551 3974 757 4036 πάσαις
782 3974 902 4035 ταῖς
930 3971 1117 4025 πόλεσι
1145 3971 1281 4042 πρὸς
1304 3971 1364 4024 τὸ
1390 3972 1515 4034 τοὺς
1544 3970 1930 4039 δικαζομένους

355 4067 428 4136 μὴ
461 4065 818 4137 περιπίπτειν
851 4062 1063 4132 θλίψεσι
1100 4062 1195 4114 καὶ
1225 4062 1452 4132 ζημίαις
1476 4103 1492 4127 ,
1524 4062 1657 4115 ἀλλὰ
1709 4062 1932 4130 ταχεῖαν

355 4157 498 4228 ἔχειν
528 4157 630 4227 τὴν
660 4152 1015 4225 ἀπαλλαγή-ιδ’
1060 4154 1201 4225 ὅπερ
1236 4152 1550 4224 μονόϐιὸλον
1591 4151 1935 4207 κατασκευά-

359 4266 452 4310 σας
477 4249 728 4323 {meq/sv
760 4249 820 4302 ὲν
840 4247 1101 4317 Ἀθήναις
1121 4245 1219 4299 καὶ
1249 4246 1306 4298 ὲν
1332 4243 1585 4315 Βηρυτῷ.

433 4432 496 4485 '0
539 4432 597 4485 δὲ
640 4431 803 4494 αὐτὸς
834 4429 1088 4501 βασιλεὺς
1114 4427 1451 4499 ἀπεμέρισεν
1477 4426 1584 4480 ἀπὸ
1606 4426 1938 4497 Ἀντιοχείας

2016 2057 2232 2127 agitatae
2270 2057 2574 2127 tyrannidis
2620 2055 2790 2110 initiis
2830 2055 3062 2124 plurima
3101 2069 3196 2123 per
3232 2053 3586 2123 Palaestinam

2019 2149 2276 2219 praediola
2310 2148 2533 2219 ignibus
2560 2148 2955 2217 absumpsisse,
3011 2146 3145 2202 illud
3195 2148 3248 2201 in
3282 2145 3592 2201 Palaestina:

2016 2241 2153 2295 duce
2202 2240 2425 2310 indigne
2479 2241 2634 2306 tulit;
2668 2254 2734 2294 eo
2778 2240 2922 2309 quod
2972 2253 3080 2294 non
3133 2254 3250 2303 eos,
3300 2248 3589 2309 antequam

2026 2331 2228 2403 praedia
2254 2332 2369 2386 haec
2398 2332 2707 2400 urbemque
2749 2337 3136 2398 occupassent,
3171 2344 3447 2400 quamque
3475 2329 3591 2399 pri-

2019 2438 2164 2476 mum
2197 2424 2250 2476 in
2293 2437 2467 2477 unum
2503 2430 2726 2476 coactos
2771 2420 3247 2484 subintellexerat,
3285 2422 3404 2476 sine
3438 2433 3590 2474 mora

2021 2529 2323 2586 aggressus
2354 2514 2698 2583 dissipasset.
2731 2511 2929 2567 Ducem
2962 2511 3149 2581 itaque
3194 2511 3341 2566 hunc
3366 2525 3593 2565 munere

2022 2620 2123 2661 suo
2173 2606 2409 2674 turpiter
2460 2603 2811 2668 abdicatum,
2875 2610 3027 2656 arcte
3072 2602 3337 2657 custodiri
3390 2602 3590 2669 jussit;

2021 2695 2254 2751 suffecto
2296 2695 2351 2749 in
2394 2695 2577 2749 locum
2628 2693 2747 2764 ejus
2784 2692 3009 2754 lrenmo,
3044 2693 3451 2748 Antiochensi:
3496 2693 3589 2763 qui

2025 2785 2427 2842 Samaritarum
2504 2786 2807 2857 reliquias,
2881 2786 3165 2841 montibus
3225 2786 3592 2850 incubantes,

2024 2879 2212 2935 acrius
2246 2881 2551 2945 insecutus,
2584 2877 2694 2934 late
2727 2877 2898 2933 exitio
2923 2877 3098 2945 dedit,
3136 2877 3378 2949 graviter
3408 2876 3463 2932 in
3499 2891 3596 2933 eos

2024 2970 2164 3025 anitr
2174 2970 2486 3026 advertens.

2099 3061 2291 3117 Mense
2330 3068 2509 3117 autem
2540 3044 2687 3116 Julio
2717 3061 2949 3125 Coades,
2980 3061 3270 3116 Persarum
3307 3073 3427 3123 rex,
3461 3054 3596 3111 Her-

2029 3168 2316 3222 mogenem
2347 3153 2695 3217 magistrum,
2722 3151 2891 3225 448
2922 3153 2989 3207 ab
3036 3153 3370 3219 imperatore
3418 3146 3595 3204 Iusti-

2030 3242 2196 3296 niano
2225 3256 2349 3296 cum
2374 3242 2649 3312 legatione
2668 3243 2942 3312 donisque
2965 3240 3310 3304 salutatqriis
3338 3239 3593 3300 missum,

1930 3339 1995 3397 ‘C
2029 3334 2308 3405 peramice
2341 3333 2580 3404 excepit.

2095 3424 2341 3493 Contigit
2375 3436 2554 3479 autem
2582 3438 2679 3494 per
2726 3424 2781 3479 id
2833 3433 3072 3495 tempus,
3113 3424 3413 3491 Amasiam,
3453 3422 3600 3480 Pon-

2027 3515 2151 3571 ticae
2181 3515 2411 3570 ditionis
2449 3516 2663 3581 urbem,
2712 3529 2820 3571 una
2855 3531 2981 3570 cum
3010 3515 3330 3586 regionibus
3364 3516 3602 3571 circum-

2027 3608 2251 3672 vicinis,
2307 3606 2554 3662 divinam
2611 3608 2751 3662 iram
2816 3608 3051 3664 subire:
3112 3608 3201 3662 cui
3259 3608 3424 3664 etiam
3476 3607 3600 3662 urbi

2029 3699 2328 3769 imperator
2358 3698 2598 3769 plurima
2630 3699 2867 3769 largitus
2901 3707 3006 3755 est.

2099 3790 2306 3847 Eodem
2348 3797 2598 3862 tempore
2619 3792 2770 3861 leges
2798 3807 2990 3846 omnes
3021 3797 3235 3847 veteres
3266 3791 3322 3845 in
3355 3788 3600 3845 codicem

2030 3898 2201 3937 unum
2244 3890 2453 3937 coactae
2488 3889 2660 3937 sunt:
2707 3883 2841 3951 quin
2873 3891 2926 3937 et
2954 3884 3101 3952 leges
3136 3898 3166 3937 a
3202 3899 3262 3938 se
3307 3883 3468 3944 latas,
3503 3896 3605 3951 per

2033 3970 2278 4040 singulas
2312 3970 2529 4038 imperii
2564 3971 2727 4025 nrbes
2765 3969 3114 4026 Justinianus
3151 3974 3355 4038 emisit,
3386 3986 3604 4041 nempe,

2033 4071 2093 4117 ut
2118 4062 2172 4116 in
2200 4063 2291 4132 jus
2320 4062 2524 4124 vocati,
2557 4063 2795 4117 celerius
2826 4074 2878 4117 et
2901 4063 3101 4116 minori
3129 4077 3256 4116 cum
3289 4062 3602 4131 dispendio,

2035 4152 2337 4208 causidicis
2373 4168 2492 4208 sese
2528 4153 2875 4223 expedirent.
2905 4153 3077 4222 Leges
3106 4168 3235 4208 vero
3268 4153 3390 4219 has,
3423 4152 3477 4206 in
3510 4167 3609 4206 vo-

2036 4243 2222 4300 lumen
2291 4259 2460 4298 unum
2536 4244 2818 4322 digestas,
2907 4244 3154 4299 Athenas
3220 4252 3275 4299 et
3344 4242 3605 4313 Berytum

2038 4332 2372 4389 transmisit.

2108 4421 2252 4476 Idem
2296 4425 2600 4493 imperator
2628 4422 2993 4490 Laodicaeam,
3036 4421 3328 4489 Gabalam,
3360 4422 3607 4477 Paltum-

359 4526 455 4589 τῆς
505 4525 730 4595 πρώτης
763 4525 965 4592 Συρίας
994 4522 1337 4586 Λαοδίκειαν,
1369 4520 1464 4573 καὶ
1500 4519 1722 4573 Γάϐαλα
1745 4519 1809 4583 ¹³,
1844 4520 1917 4573 κοί

2039 4528 2146 4584 que
2181 4515 2344 4569 urbes
2374 4515 2442 4569 ab
2485 4515 2778 4570 Antiochia
2816 4515 2988 4586 Syriae
3013 4516 3227 4585 primae,
3266 4517 3334 4568 ah
3368 4516 3605 4583 Apamea

362 4616 568 4671 Πάλτον
604 4617 706 4682 τὰς
734 4616 940 4681 πόλεις,
968 4615 1063 4670 καὶ
1094 4614 1204 4670 ἀπὸ
1220 4611 1528 4683 Ἀπαμείας
1561 4611 1658 4681 τῆς
1682 4609 1917 4681 δευτέραι

2043 4617 2226 4662 autem
2263 4606 2435 4678 Syriae
2478 4608 2735 4664 secunda:
2775 4608 3042 4665 Balaneas
3087 4610 3282 4663 urbem
3320 4608 3607 4670 dirimens,

1639 4744 1878 4802 VABIAZ
1918 4742 2320 4799 LECTIONES.

438 4847 477 4877 “
511 4842 861 4913 Ἀρπαρίζιν.
888 4841 1210 4913 Ἀργαρίζιν
1231 4841 1331 4896 Ch.
1359 4840 1579 4913 quifin
1609 4845 1787 4893 autem
1815 4836 1972 4892 dicit.
2004 4834 2069 4890 ν.
2107 4837 2173 4892 ad
2200 4852 2254 4906 p.
2285 4837 2354 4891 54
2381 4840 2446 4892 Α.
2526 4838 2567 4869 ¹²
2597 4838 2965 4910 ὲ’πιρῤίψωσιν
2996 4837 3123 4901 CIL,
3154 4835 3481 4907 ὲπιρίψωσιν
3505 4834 3607 4892 Ox.

371 4917 415 4949 ¹⁸
440 4909 664 4968 Δαϐαλὰ
685 4909 813 4980 ῡχη
844 4909 1078 4966 Γάϐαλα
1096 4927 1264 4981 supra
1289 4928 1343 4982 ρ.
1376 4912 1445 4966 ’52
1479 4909 1543 4964 Β.

1604 5004 1716 5060 ED.
1746 4998 2123 5058 CHILMEADI
2147 4997 2380 5054 NOTzE.

434 5101 561 5174 (80)
583 5101 659 5154 Τδ
676 5099 969 5174 λεγόμενον
997 5099 1340 5171 Ἀρπαρίζιν.
1374 5097 1944 5174 Suspicor__anctorem
1976 5096 2021 5151 l)
2052 5096 2166 5151 tani
2226 5088 2522 5174 Amabant
2551 5092 2882 5174 sacriﬁcium
2929 5092 3200 5174 obtulisse,
3234 5098 3339 5144 etc.
3365 5087 3612 5159 Utroque

369 5160 664 5244 scripsisse
692 5160 1023 5244 ‘A'pwfaplg'tv
1054 5160 1073 5232 ξ
1122 5160 1317 5244 nempe
1343 5184 1443 5239 pro
1487 5160 1722 5238 Ταρίζιν
1749 5185 1764 5199 ο
1796 5166 1945 5244 hunc
2040 5166 2322 5244 corruptio
2337 5160 2635 5244 manifesta
2662 5171 2744 5244 est
2774 5177 2804 5215 a
2840 5176 2973 5244 vocre.
2993 5161 3254 5244 Garizim:

367 5234 511 5299 enim
586 5234 833 5295 montem
872 5234 976 5294 'hic
1010 5234 1316 5307 intelligere
1344 5234 1487 5293 'eum
1531 5234 1637 5291 non
1683 5245 1767 5292 est
1797 5234 1943 5307 quod

2114 5227 2224 5304 (81)
2248 5233 2363 5304 Πρὸ
2400 5231 2495 5284 τοῦ
2558 5232 3049 5304 ὲπιρίψωσιν.ί5‹;ι·.
3087 5227 3466 5304 ἐπιρῤίψωσιν.
3500 5229 3617 5304 Ca}.-

367 5313 708 5369 dubitemus.
756 5309 1013 5365 Occurrit
1041 5300 1229 5364 eadem
1280 5310 1431 5365 vocis
1465 5309 1632 5376 hujus
1665 5300 1947 5374 corruptio
2042 5300 2220 5363 ter—utri
2243 5300 2380 5376 nova
2406 5316 2637 5376 prorsus
2656 5300 2880 5376 'estjtaec
2910 5302 3163 5376 loquendi
3186 5300 3370 5376 forma
3398 5316 3412 5376 ξ
3439 5300 3613 5369 magis

369 5382 513 5453 apud
551 5380 812 5453 Photium
847 5379 973 5444 564,
1010 5379 1094 5453 ’19
1133 5379 1357 5453 ε-Ὄτιρ
1389 5378 1659 5453 διάδοχοὶ
1677 5376 1943 5453 Πρόκλου,

370 5452 558 5576 metu,
592 5453 622 5503 ὁ
678 5452 921 5520 Μαρῖνος

456 5539 518 5576 1c
549 5520 766 5576 πόλεως
792 5519 921 5576 πρὸς

999 5448 1115 5512 ένος
1151 5444 1218 5519 ἦν
1244 5448 1350 5501 ἀπὸ
1375 5449 1477 5517 τῆς
1517 5444 1592 5519 ἐν
1614 5444 1945 5519 Παλαιστίνῃ

2043 5379 2232 5435 Graece
2261 5372 2491 5442 dixisset
2526 5371 2632 5440 πρὸ
2682 5371 2777 5424 τοῦ
2814 5370 3215 5442 ὲπιρρίψασθαι
3249 5369 3469 5442 αὐτούς.
3500 5378 3610 5442 etc.

2114 5446 2224 5519 (82)
2250 5438 2649 5519 Διαδεξάμενος
2672 5442 2764 5495 τὸν
2789 5438 2963 5496 αὺτὸν
2979 5440 3147 5495 δοῦκα
3171 5440 3312 5509 ἀσχή
3322 5455 3458 5508 μως.
3493 5438 3612 5493 Scr.

456 5539 518 5586 ας
549 5516 927 5589 πόλεως’πρρς
953 5516 1067 5589 ὄρει
1089 5516 1503 5589 κατῳκισμένης
1524 5516 1604 5587 τῷ
1632 5516 1942 5589 ’Δργαρίζω
2043 5516 2387 5589 ἀσχημόνως.

369 5581 819 5661 καλόυμένῳήνέν
839 5581 849 5588 ’
868 5581 912 5655 ᾧ
942 5581 1064 5661 Διὸς
1089 5581 1314 5661 ὑψίστου
1338 5581 1654 5661 ’ἁγιώτατον
1699 5581 1868 5661 ἱερὸν,
1895 5583 1940 5658 ᾦ

369 5657 679 5730 καθιέρωτο
720 5658 998 5730 ’Δδραμὸς
1024 5661 1059 5730 ὁ⁸
1082 5658 1191 5730 τῶν
1219 5658 1385 5730 πάλαι
1433 5657 1701 5730 Ἐβραίων
1735 5657 1939 5729 πρόγοὲ-

369 5748 480 5792 νος.
512 5726 567 5781 In
597 5726 1305 5797 itinerario'Burdegalensi
1339 5726 1621 5792 scribitur,
1651 5726 1935 5797 Aqui-esea.

372 5800 670 5856 Νεειιοιτε.
714 5796 797 5853 Ibi
823 5807 899 5852 est
931 5813 1078 5852 mons
1105 5795 1377 5867 Agarisen.
1398 5797 1672 5852 Ibidicunt
1698 5795 1939 5852 Samari-

2115 5578 2227 5658 (33)
2281 5582 2584 5662 ᾼεξάμενος
2622 5581 2976 5662 Ἑρμογένην.
3012 5581 3233 5662 ξειιειιε.
3258 5578 3614 5662 imperfectus

2040 5648 2164 5798 2652's:
2194 5648 2512 5726 verbum'ﬁv
2534 5648 2976 5710 deess'e'videtur.
3013 5649 3103 5723 ἵει
3123 5650 3306 5723 potius
3329 5648 3621 5722 legendum

2160 5746 2273 5784 ατο.
