3988 6136
420 423 523 484 659

1713 417 2037 479 JOANNIS
2058 414 2380 477 MALAL/E

3574 398 3682 462 660

420 555 475 591 ιιι
526 535 822 608 provincia:
875 534 1105 588 formam
1143 530 1386 602 redegit;
1441 547 1602 601 quant
1650 532 1814 587 etiam
1863 533 1989 603 jure

2117 530 2292 600 logia;
2324 525 2599 589 Βαλανέας
2636 521 2809 587 πόλιν,
2846 521 2943 574 καὶ
2969 519 3225 590 ἐποίησεν
3254 516 3550 589 ἐπαρχίαν,
3585 516 3680 587 ἡνς

423 625 832 697 metropolitico
877 623 1134 678 donatam
1159 659 1173 686 ,
1199 621 1634 681 Theodoriadem
1668 622 1991 677 nominavit.

420 717 462 773 Ε
471 719 751 787 piscOpum
774 724 959 769 tamen
976 712 1372 769 Laodicensem
1392 713 1736 769 Autiocheno
1759 715 1996 784 patriar-

422 811 537 863 chze
576 807 748 865 nihilo
788 806 993 870 secius,
1033 804 1110 858 uti
1146 813 1328 867 antea,
1366 804 1593 860 subesse
1620 804 1813 860 voluit.

492 980 697 1038 Eodem
765 990 1035 1050 tempore-
1071 979 1315 1035 divinam
1377 980 1515 1034 iram
1575 994 1838 1050 perpessa
1911 988 1998 1034 est

418 1074 592 1148 Myra,
627 1073 805 1145 Lyciae
822 1073 1151 1144 metropolis
1172 1089 1187 1138 ;
1206 1071 1296 1126 cui
1326 1072 1718 1135 instauranda,
1749 1078 1807 1126 ut
1830 1071 1997 1127 etiam

421 1166 639 1225 civibus
672 1165 1087 1236 superstitibus,
1129 1163 1434 1233 imperator
1472 1162 1710 1234 plurima
1736 1161 1997 1233 suppedi-

422 1257 583 1312 tavit.

496 1346 614 1409 Sub
643 1346 698 1402 id
726 1346 908 1417 ipsum
951 1354 1169 1418 tempus
1199 1345 1509 1401 Antiochia:
1543 1359 1754 1415 magnae
1790 1343 2000 1401 tumul-

425 1447 517 1494 tus
551 1437 747 1510 ingens
774 1439 831 1493 in
876 1438 1096 1497 theatro
1135 1439 1363 1505 obortus
1395 1448 1518 1505 est;
1550 1437 1618 1495 de
1654 1453 1766 1507 quo
1795 1435 2001 1495 certior

424 1528 605 1587 factus
682 1530 1016 1601 imperator,
1078 1530 1276 1586 exinde
1336 1532 1389 1589 in
1456 1531 1595 1589 iram
1654 1536 1997 1597 commotus,

421 1614 592 1699 449
617 1617 729 1673 ludi
756 1619 1017 1677 theatrici
1045 1618 1308 1688 deinceps
1331 1618 1639 1675 Antiochiae
1661 1634 1733 1675 ne
1764 1619 2000 1688 amplius

423 1707 722 1765 ederentur
754 1709 1059 1785 prohibuit.

498 1879 702 1934 Eodem
740 1888 990 1951 tempore
1019 1879 1223 1935 Graecae
1255 1881 1537 1951 religionis
1583 1881 1834 1937 homines
1878 1897 2000 1952 per-
2030 1869 2073 1923 Β

428 1970 768 2026 secutionem
796 1984 1017 2041 gravem
1044 1971 1296 2041 perpessi
1323 1978 1475 2036 sunt,
1507 1969 1806 2041 publicatis
1834 1972 1999 2026 etiam

427 2062 970 2147 quamplurimorum
1018 2051 1416 2129 facultatibus;
1464 2063 1610 2118 inter
1644 2077 1785 2133 quos
1821 2061 2001 2119 Mace-

427 2152 648 2218 donius,
702 2152 1168 2224 Asclepiodotus,
1231 2152 1445 2209 Phocas
1506 2153 1715 2220 etiam,
1785 2151 2002 2213 Crateri

424 2245 595 2310 ﬁlius,
632 2258 757 2307 cum
805 2242 1017 2299 Thoma
1057 2243 1374 2312 Quatstore,
1414 2244 1558 2300 diem
1587 2259 1747 2303 suum
1792 2243 2004 2298 interea

426 2337 686 2390 obierunt
720 2354 734 2390 :
768 2335 967 2391 exinde
990 2350 1120 2390 vero
1166 2344 1346 2393 metus
1390 2336 1588 2407 ingens
1617 2334 1878 2391 omnibus
1915 2333 2004 2387 in-

426 2427 618 2482 cessit.
673 2425 819 2493 Quin
868 2433 924 2491 et
975 2425 1158 2482 edicto
1208 2424 1565 2496 imperatorio
1619 2432 1843 2480 cautum
1878 2432 1999 2489 est.

427 2518 799 2590 gracissantes
823 2518 878 2572 in
900 2524 1183 2588 posterum
1204 2532 1272 2572 ne
1295 2517 1576 2587 publicum
1596 2517 1816 2587 aliquod
1836 2516 1890 2571 in
1910 2530 2001 2572 re-

426 2608 651 2679 publica
674 2623 877 2663 munus
902 2609 1136 2663 obirent.
1158 2608 1520 2678 Reliquarum
1554 2624 1686 2663 vero
1709 2609 2002 2665 haeresium

427 2703 734 2752 sectatores
790 2694 1160 2767 quoscunque
1216 2695 1453 2752 Romani
1512 2698 1732 2768 imperii
1800 2697 2002 2754 ﬁnibus

427 2787 700 2844 excedere
723 2789 888 2859 jussit
923 2790 1263 2860 imperator;
1295 2787 1511 2843 indulta
1552 2797 1737 2843 tamen
1783 2787 1865 2843 eis
1907 2802 2004 2858 per

2096 640 2218 676 τινα
2253 619 2581 688 ἐπωνόμασε
2614 613 2979 682 Θεοδωριάδα,
3014 613 3140 675 δοὺς
3166 611 3307 682 αὐτῇ
3344 610 3440 664 καὶ
3477 624 3681 680 μητρο-

2097 711 2374 767 πολιτικὺν
2406 710 2634 764 δίκαιον.
2669 707 2773 760 Τὸν
2805 706 2863 759 δὲ
2890 705 3192 761 ἐπίσκοπον
3220 702 3553 764 Λαοδικείας
3584 700 3683 754 οὐκ

2095 797 2493 873 ἡλευθέρωσε¹¹⁸
2517 795 2611 849 τοῦ
2643 793 2969 848 ὑποκεῖσθαι
2994 793 3072 862 τῷ
3096 791 3416 863 πατριάρχῃ
3438 792 3542 860 τῆς
3558 790 3681 842 Ἀν-

2095 890 2322 960 τιοχέων
2349 887 2581 951 πόλεως.

2168 982 2259 1035 Ἐν
2294 980 2352 1033 δὲ
2388 978 2468 1048 τῷ
2501 976 2651 1046 αὑτῷ
2679 976 2856 1048 χρόνῳ
2890 974 3091 1028 ἔπαθεν
3123 973 3228 1026 ὑπὸ
3259 970 3559 1041 θεομηνίας
3588 988 3683 1040 μη-

2097 1068 2351 1144 τρόπολις
2370 1068 2467 1136 τῆς
2495 1067 2703 1149 Aonia;
2732 1064 2800 1118 τὰ
2827 1063 2991 1135 Μύρα
3010 1080 3024 1093 ·
3058 1064 3152 1116 καὶ
3186 1060 3359 1115 πολλὰ
3392 1060 3685 1130 ἐχαρίσατο

2098 1165 2209 1225 τοῖς
2237 1159 2610 1227 ὑπολειφθεῖσι
2641 1156 2736 1211 καὶ
2760 1158 2826 1226 τῇ
2855 1154 3009 1208 πόλει
3043 1155 3125 1218 είς
3155 1153 3436 1223 κτίσματα
3467 1153 3496 1204 ό
3523 1148 3685 1212 αὐτὸς

2102 1250 2377 1325 βασιλεύς.

2169 1339 2262 1391 Ἐν
2291 1335 2348 1389 δὲ
2387 1333 2467 1404 τῷ
2500 1333 2649 1404 αὑτῷ
2678 1333 2859 1403 χρόνῳ
2902 1332 3120 1401 ἐγένετο
3153 1329 3369 1401 ταραχὴ
3403 1331 3461 1380 ἐν
3482 1328 3682 1382 Ἀντιο-

2099 1429 2223 1502 χείᾳ.
2245 1430 2311 1499 τῇ
2339 1426 2553 1499 μεγάλῃ
2578 1428 2637 1479 ἐν
2664 1424 2741 1496 τῷ
2781 1425 3013 1495 θεάτρῳ.
3049 1423 3159 1476 Καὶ
3196 1423 3264 1476 τὰ
3297 1422 3399 1491 τῆς
3434 1418 3679 1492 ταραχῆς

2101 1518 2373 1591 ἀνηνέχθη
2420 1516 2500 1588 τῷ
2544 1517 2695 1585 αὐτῷ
2746 1515 2979 1584 βασιλεῖ.
3034 1513 3139 1567 Καὶ
3184 1514 3572 1582 ἀγανακτήσας
3627 1508 3687 1575 ἐξ

2102 1611 2310 1666 ἐκείνου
2341 1607 2580 1663 ἐκώλυσε
2616 1608 2717 1677 τὴν
2752 1607 2883 1660 θέαν
2930 1604 3025 1659 τοῦ
3070 1605 3301 1674 θεάτρου
3350 1603 3489 1673 πρὸς
3517 1604 3577 1655 τὸ
3610 1601 3684 1671 μὴ

2101 1697 2466 1755 ἐπιτελεῖσθαι
2498 1698 2593 1751 τοῦ
2637 1696 2827 1751 λοιποῦ
2874 1699 2932 1750 ἐν
2969 1700 3036 1768 τῇ
3077 1696 3187 1750 τῶν
3215 1694 3537 1765 ’Λντιοχέων
3582 1692 3684 1746 πό-

2101 1792 2205 1848 λει.

2186 1884 2277 1938 Ἐν
2316 1880 2465 1953 αὐτῷ
2488 1881 2544 1935 δέ
2573 1878 2722 1953 [184]
2743 1880 2821 1951 τῷ
2843 1880 3020 1952 χρόνῳ
3043 1880 3282 1949 διωγμὸς
3305 1879 3533 1948 γέγονεν
3568 1876 3685 1931 Ἐλ-

2100 1975 2278 2046 λήνων
2319 1974 2516 2044 μέγας,
2550 1974 2645 2027 xui.
2691 1973 2875 2027 πολλοὶ
2920 1971 3325 2043 ἐδημεύθησαν.
3357 1974 3415 2025 ἐν
3455 1967 3538 2034 οἷς
3567 1971 3683 2024 ἐτε-

2101 2066 2368 2135 λεύτησαν
2393 2064 2746 2128 Μακεδόνιος,
2783 2061 3251 2133 Ἀσκληπιόδοτος,
3269 2063 3462 2125 ama;
3491 2063 3520 2115 ὁ
3538 2063 3689 2132 Κρα-

2100 2156 2286 2227 τεροῦ,
2322 2156 2416 2210 καὶ
2443 2155 2644 2226 Θωμᾶς
2671 2154 3028 2225 ὁΚοιαίστωρ
3048 2170 3063 2184 ο
3093 2154 3184 2206 καὶ⁵
3206 2155 3271 2206 ἐκ
3304 2152 3495 2207 τούτου
3521 2151 3688 2214 πολὺς

2105 2248 2272 2318 φόϐος
2292 2247 2534 2317 γέγονεν.
2578 2247 2862 2300 Ἐθέσπισε
2894 2247 2950 2300 δὲ
2999 2247 3028 2299 ὁ
3060 2246 3222 2310 αὐτὸς
3267 2245 3521 2316 βασιλεὺς
3545 2244 3687 2298 ὥστε

2102 2338 2178 2410 μὴ
2202 2337 2581 2392 πολιτεύεσθαι
2625 2337 2755 2401 τοὺς
2803 2334 3287 2406 Ἑλληνίζόντας,
3322 2336 3450 2400 τοὺς
3487 2336 3547 2390 δέ
3577 2335 3688 2390 τῶν
3788 2406 3809 2415 θ

2099 2430 2276 2486 ἄλλων
2331 2430 2599 2503 αἱρέσεων
2652 2431 2812 2495 ὅντας
2842 2431 3070 2500 ἀφανεῖς
3102 2429 3356 2499 γενέσθαι
3407 2430 3510 2500 τῆς
3550 2429 3691 2482 Ῥω-

2100 2523 2318 2593 μαῖκῆς
2342 2523 2638 2591 πολιτείας,
2695 2522 3036 2594 προθεσμίαν
3061 2521 3228 2593 τριῶν
3274 2521 3463 2595 μηνῶν
3495 2520 3688 2576 λαϐόν-

2099 2629 2197 2675 τας
2224 2612 2267 2645 ¹⁵
2300 2613 2381 2677 είς
2405 2613 2467 2667 τὸ
2491 2612 2748 2682 γενέσθαι
2770 2613 2970 2676 αὐτοὺς
3009 2613 3301 2675 κοινωνοὺς
3322 2613 3424 2680 τῆς
3470 2610 3689 2681 ὀρθοδόο

2097 2700 2189 2768 ξου
2216 2701 2471 2766 πίστεως.
2489 2704 2680 2767 Ὅστις
2704 2702 2846 2765 θεῖος
2860 2700 3030 2766 τύπος
3053 2700 3121 2774 (t)
3141 2699 3476 2771 ἐνεφανίσθη
3503 2701 3563 2755 ἐν
3583 2699 3691 2753 πά-

2102 2806 2223 2855 σαις
2241 2795 2365 2856 ταῖς
2390 2793 2678 2859 ἐξωτικαῖς
2708 2793 2950 2861 πόλεσιν.

429 2894 544 2941 tres
598 2899 816 2945 menses
848 2884 1094 2952 licentia,
1127 2883 1174 2940 si
1218 2884 1315 2961 qui
1359 2898 1458 2953 per
1502 2881 1559 2936 id
1600 2893 1818 2952 tempus
1849 2883 2010 2939 (idem
2046 2885 2410 2943 orthodoxam
2473 2888 2961 2955 amplecterentur.
3017 2886 3175 2955 Quod
3268 2884 3494 2956 quidem
3576 2882 3691 2939 edi-

432 2990 583 3033 ctum
615 2977 669 3032 in
702 2979 963 3033 omnibus
1001 2976 1284 3032 extraneis
1315 2977 1725 3049 promulgatum
1755 2983 1862 3031 est.

503 3070 704 3127 Eodem
758 3077 1009 3140 tempore
1040 3063 1261 3127 Priscus
1294 3066 1518 3138 quidam
1544 3108 1560 3133 ,
1615 3068 1906 3131 exconsul,
1954 3068 2077 3128 etc

431 3161 787 3235 imperatoris
826 3161 994 3229 hujus
1027 3160 1161 3213 olim
1212 3158 1502 3225 notarius;
1552 3158 1649 3227 qui
1682 3160 1737 3213 in
1772 3158 2010 3228 impera-

432 3254 575 3313 toris
612 3254 751 3308 iram
804 3250 1093 3315 inciderat,
1160 3251 1325 3307 bonis
1360 3250 1683 3322 publicatis,
1736 3250 2011 3306 diaconus

436 3343 618 3401 factus
643 3352 749 3411 est,
780 3343 1152 3415 Cyzicumque
1179 3344 1477 3414 relegatus.

507 3435 708 3503 Iisdem
762 3435 1109 3505 temporibus
1176 3433 1552 3503 Hermogenes
1606 3434 1901 3505 magister,
1944 3451 2009 3487 ex

434 3524 668 3591 Perside
715 3527 911 3588 redux,
958 3540 1185 3583 munera
1224 3539 1437 3587 secum,
1470 3531 1525 3578 et
1570 3523 1774 3579 Coadis
1818 3522 2014 3578 Persa-

434 3633 560 3672 rum
590 3616 741 3689 regis
772 3614 1088 3676 Iustiniano
1134 3617 1452 3685 imperatori
1502 3630 1832 3687 responsum
1868 3623 2014 3670 retu-

435 3708 524 3775 lit,
553 3707 643 3763 his
666 3708 853 3763 verbis
881 3708 1266 3776 conscriptum
1297 3724 1311 3759 :

517 3900 539 3936 ι
567 3882 805 3947 Coades,
832 3897 928 3937 rex
963 3897 1174 3954 regum,
1200 3882 1337 3938 solis
1370 3880 1631 3945 Orientis.
1660 3880 1851 3939 Flavio
1882 3879 2014 3937 Jus-

2192 3060 2280 3116 ’Ev
2309 3061 2457 3132 αὑτῷ
2479 3062 2537 3116 δέ
2556 3061 2634 3132 τῷ
2663 3062 2839 3133 καιρῷ
2865 3061 3221 3133 ὴγανακτήθη
3284 3063 3315 3114 ὁ
3345 3060 3453 3116 ἀπὸ
3469 3060 3691 3116 ὑπάτων

2113 3155 2347 3228 Πρίσκος
2379 3154 2517 3226 (84),
2567 3155 2596 3207 ὁ
2632 3154 2740 3210 ἀπὸ
2769 3155 3028 3227 νοταρίων
3054 3154 3150 3208 τοῦ
3186 3151 3352 3209 αὐτοῦ
3402 3152 3690 3224 βασιλέως,

2112 3249 2208 3303 καὶ
2240 3248 2303 3319 δη
2313 3247 2533 3319 μευθεὶς
2561 3247 2779 3319 ἐγένετο
2806 3247 3051 3311 διάκονος
3076 3247 3171 3300 καὶ
3193 3246 3449 3317 ἐπέμφθη
3478 3247 3538 3301 ἐν
3576 3246 3692 3300 Κυ-

2114 3341 2271 3411 ζίκῳ.

2197 3434 2284 3489 Ἐν
2328 3431 2475 3501 αὐτῷ
2507 3432 2564 3485 δέ
2590 3430 2668 3502 τῷ
2702 3431 2880 3501 καιρῷ
2929 3429 3259 3503 Ἑρμογένης
3298 3430 3328 3483 ό
3363 3428 3690 3500 μάγιστρος,

2118 3522 2471 3594 ὑποστρέψας
2493 3523 2558 3580 ἐκ
2585 3522 2692 3575 τῶν
2720 3520 3025 3590 Περσικῶν,
3053 3518 3177 3582 δοὺς
3197 3518 3267 3573 τὰ
3288 3518 3462 3588 δῶρα,
3485 3517 3693 3588 ἀνήγα-

2114 3629 2211 3680 γεν
2256 3612 2577 3683 ἀποκρίσεις
2624 3612 2774 3681 παρὰ
2820 3611 3070 3675 Κωάδου,
3124 3608 3387 3680 βασιλέως
3442 3606 3691 3679 Περσῶν,

2116 3703 2252 3772 πρὸς
2292 3701 2686 3764 Ἰουστινιανδν,
2706 3702 2930 3772 βασιλέα
2960 3701 3270 3772 Ῥωμαίων,
3298 3699 3694 3773 ἐπιφερόμενος

2118 3796 2325 3865 σὰκρας
2365 3794 2724 3865 περιεχούσας
2751 3791 2924 3854 οὕτως
2941 3808 2955 3822 ’
3650 3798 3657 3803 ’

2193 3906 2210 3936 ι
2233 3886 2621 3958 [ί85]Κωὰδης
2653 3884 2901 3955 βασιλεὺς
2929 3882 3339 3954 βασιλευόντων,
3363 3880 3517 3951 ἡλίου
3540 3880 3698 3934 Ἀνα-

438 3975 675 4042 tiniano,
722 3975 947 4038 Caesari,
988 3976 1131 4030 lunae
1182 3974 1525 4030 Occidentis.
1587 3972 1798 4030 Priscis
1832 3974 2008 4027 archi-

2117 3979 2294 4049 τολῆς,
2321 3978 2534 4048 Φλαὸίῳ
2551 3975 2910 4046 Ἰουστινιανῷ
2930 3974 3190 4045 Καίσαρι,
3213 3972 3441 4042 σελήνης
3460 3969 3697 4031 Δύσεως.

436 4080 634 4121 vorurn
693 4065 851 4134 regni
891 4050 1076 4120 (nostri
1130 4080 1198 4121 ex
1249 4065 1625 4121 monumentis
1672 4073 2008 4134 compertum

2124 4087 2143 4121 ι
2176 4067 2435 4139 Ηῦραμεν
2468 4070 2526 4122 ἐν
2577 4069 2688 4128 τοῖς
2748 4066 3037 4136 ἡμετέροις
3068 4056 3316 4135 ἀρχαίοις
3344 4062 3701 4130 ἀναγεγραμ-

437 4154 739 4211 habuimus
781 4171 884 4209 nos
936 4153 1138 4209 fratres
1194 4170 1317 4211 esse
1363 4164 1468 4209 :et
1505 4154 1679 4224 quod,
1736 4155 1782 4209 si
1839 4153 2008 4210 cuivis

2122 4161 2258 4230 μένα
2287 4158 2552 4228 ἀδελφοὺς
2582 4159 2729 4229 ἡμᾶς
2769 4156 3014 4227 ἀλλήλων
3049 4150 3208 4220 εἶναι,
3240 4150 3337 4206 καὶ
3358 4150 3454 4207 ἐάν
3476 4167 3557 4213 τις
3578 4149 3698 4202 ἐπι·

440 4258 695 4302 nostrum
752 4247 838 4301 vel
881 4234 1201 4300 hominibus
1244 4247 1330 4302 vel
1382 4245 1548 4323 450
1587 4246 1835 4315 pecuniis
1877 4261 2008 4317 opus

2119 4253 2283 4325 δεηθῇ
2324 4253 2592 4324 σωμάτων
2625 4252 3004 4325 ἢχρημάτων,
3057 4249 3319 4321 παρέχειν
3352 4247 3444 4300 τὸν
3489 4245 3700 4316 ἕτερον.

440 4340 631 4404 fuerit,
660 4339 730 4391 ab
767 4339 942 4391 altero
975 4338 1484 4393 subministrandos
1517 4354 1662 4392 esse.
1691 4339 1866 4407 Quam
1897 4355 2008 4410 qur

2121 4347 2233 4402 Kal.
2263 4347 2653 4417 μεμενήκαμεν
2677 4344 2737 4409 ἐξ
2770 4345 2980 4397 ἐκείνου
3012 4342 3106 4397 καὶ
3131 4341 3293 4412 μέχρι
3316 4338 3411 4392 τοῦ
3435 4338 3703 4409 παρόντος

440 4432 565 4485 clem
612 4444 716 4484 nos
745 4428 933 4492 fidem,
965 4430 1021 4487 in
1070 4438 1391 4497 praesentem
1445 4429 2008 4502 bunc'usque.diem,

2120 4433 2294 4498 οὕτως
2333 4433 2703 4497 διατελοῦντες
2724 4450 2739 4465 ·
2775 4432 2867 4487 καί
2902 4448 3034 4486 ποτε
3086 4430 3186 4500 μὲν
3235 4428 3406 4484 ἐθνῶν
3432 4429 3571 4497 ἡμῖν
3608 4428 3706 4480 ἐπ-

442 4521 601 4574 vobis
626 4521 897 4589 integram
946 4521 1331 4590 praestitimus.
1369 4520 1638 4577 Caeterum
1667 4523 1738 4578 ab
1772 4522 2008 4579 hostibus

2121 4524 2520 4594 ανισταμένων,
2542 4525 2650 4586 τοῖς
2681 4525 2778 4594 μὲν
2808 4521 3225 4593 παρατάξασθαι
3247 4518 3702 4591 ἠναγκάσθημεν,

443 4614 776 4683 quandoque
823 4613 1084 4682 impetiti,
1149 4613 1205 4668 in
1254 4614 1503 4685 praelium
1553 4631 1678 4670 cum
1737 4617 2008 4673 nonnulli:

2120 4615 2246 4677 τοὺς
2272 4614 2329 4668 δὲ
2354 4616 2444 4668 καὶ
2465 4614 2553 4668 διὰ
2580 4614 2778 4677 δόσεως
2804 4613 3101 4685 χρημάτων
3123 4611 3472 4680 ὑποταγῆναι
3490 4611 3707 4665 ἐπείσαο

443 4718 636 4758 eorum
690 4705 1029 4759 descendere
1094 4706 1267 4761 coacti
1322 4703 1581 4762 fuimus:
1637 4707 1834 4777 reliqui
1869 4721 2008 4763 vero

2127 4724 2248 4777 μεν,
2275 4706 2351 4770 ὡς
2376 4707 2534 4776 δῆλον
2559 4701 2698 4759 εἶναι
2751 4706 2927 4759 πάντα
2950 4704 3026 4757 Ἰτὰ
3064 4707 3122 4756 ἐν
3144 4705 3256 4766 τοῖς
3282 4704 3585 4775 ἡμετέροις
3611 4701 3707 4770 θη-

445 4795 593 4849 datis
627 4793 897 4864 pecuniis,
941 4794 1232 4865 imperium
1277 4804 1531 4851 nostrum
1576 4806 1639 4851 ut
1668 4796 2008 4852 admitterem

2128 4799 2346 4867 σαυροϊς
2404 4795 2766 4864 ἀναλωθῆναι.
2795 4794 2981 4848 Ταῦτα
3010 4793 3066 4847 δὲ
3096 4792 3189 4847 καὶ
3226 4793 3573 4864 Ἀναστασίῳ
3617 4790 3708 4844 καὶ

445 4884 755 4944 eiecimus.
807 4885 967 4941 Unde
1013 4888 1207 4941 iiscum
1248 4894 1502 4943 nostrum
1544 4888 1767 4957 penitus
1805 4889 2008 4944 exhau-

2139 4887 2410 4960 Ἰουστίνῳ
2428 4891 2541 4952 τοϊς
2575 4884 2852 4959 βασιλεῦσι
2879 4886 3333 4957 γεγραφὴκαμεν.
3371 4886 3473 4939 καὶ
3510 4883 3705 4949 ἠνύσα·

448 4984 595 5031 stum
643 4991 768 5031 esse
795 5016 812 5041 ,
871 4985 957 5031 sat
1008 4976 1221 5048 liquido
1261 4984 1499 5033 constat.
1554 4976 1733 5048 Super
1774 4978 1858 5034 his
1891 4994 2008 5035 verr

2134 4998 2234 5052 μεν
2259 4981 2421 5035 πλέον
2468 4981 2650 5035 οὐδέν’
2683 4979 2806 5034 ὅθεν
2830 4978 3257 5050 ἠναγκάσθημεν
3285 4976 3707 5047 παρατάξασθαι

1740 5133 1974 5189 nam
2007 5106 2410 5193 LECTIONES.

525 5249 573 5282 “
597 5249 932 5320 ἐλευθέρωσε
973 5250 1076 5304 0x.
1154 5251 1198 5281 ¹⁵
1231 5248 1491 5315 λαϐόντας
1523 5249 1648 5315 CIL,
1678 5248 1935 5312 λαϐόντες
1972 5248 2072 5305 Ox.

1712 5384 1820 5442 El).
1846 5386 2219 5447 CHILMEADI
2241 5386 2472 5444 NOTAE.

528 5502 641 5625 (ξῖ)
692 5500 1075 5570 Ἠγανακτὴθη
1104 5501 1132 5551 ὁ
1161 5499 1268 5552 ἀπὸ
1298 5499 1519 5553 ὑπάτων
1544 5499 1884 5568 Πρίσκος.[)θ
1921 5497 2110 5556 Prisco
2164 5501 2268 5556 hoc
2312 5501 2438 5557 vide
2485 5500 2616 5574 quid
2681 5490 2983 5573 Procopius
3015 5495 3207 5558 habet,
3279 5497 3483 5549 Arcan.
3574 5487 3711 5545 litat.

457 5584 511 5638 ιι.
553 5584 639 5625 'n.

1867 5644 2060 5735 noon
2088 5678 2323 5745 NOTIE.

531 5774 602 5841 (ι)
633 5775 785 5831 Gaio;
811 5774 1002 5835 τύπος.
1032 5754 1341 5839 Decretum,
1380 5777 1437 5831 ni
1470 5775 1629 5829 lallor
1649 5815 1662 5838 ,
1699 5773 2060 5843 deperditum.
