3988 6136
356 322 426 384 ss
982 309 986 312 ’
1334 331 2015 398 CHRONOGRAPHIA.
2046 362 2109 371 —
2138 340 2285 400 LIB.
2324 340 2549 405 XVIII.

3474 351 3589 415 666

316 430 415 484 θδν
456 430 596 500 (9‘2),
628 429 773 494 ὅστις
809 431 1166 504 κελευόμενος
1198 435 1303 489 ὑπὸ
1324 437 1416 491 τοῦ
1447 438 1898 512 ἀναθρεψαμένου

2018 449 2094 516 lui
2146 447 2355 504 domini
2399 453 2464 508 ad
2522 461 2715 508 nutum
2758 456 3008 512 miranda
3058 458 3306 529 quicdam
3358 463 3585 531 perficc‘

321 521 500 576 ἐποίει
532 522 648 575 τινὰ
678 523 958 593 θαύματος
984 525 1128 590 ἄξια.
1167 526 1315 601 [190]
1362 531 1418 583 '0
1452 533 1559 603 γὰρ
1592 536 1754 588 αὑτὸν
1778 536 1906 589 ἀνα-

324 615 666 685 θρεψάμενος
694 616 868 681 ἑστὼς
887 621 943 671 ἐν
973 624 1038 691 τῇ
1059 623 1255 692 ἀγορᾷ,
1287 625 1377 675 καὶ
1411 623 1572 699 ὄχλου
1609 627 1908 696 περιεστῶ-

321 720 412 767 τος
440 707 521 767 εἰς
558 705 618 757 τὸ
679 706 1016 771 θεάσασθαι,
1050 708 1225 781 λάθρα
1264 711 1361 763 τοῦ
1413 714 1572 777 κυνὸς
1618 717 1908 786 ἐκομίζετο

323 798 473 865 παρά
525 796 637 849 τῶν
684 798 936 851 ἑστώτων
978 799 1308 866 δακτυλίδια,
1363 804 1457 856 καὶ
1512 805 1676 858 ἐτίθει
1724 811 1803 870 εἰς
1848 810 1909 862 τὸ

325 887 521 955 ἔδαφος
557 888 912 956 περισκέπων
938 889 1078 942 αὐτὰ
1107 894 1165 943 ἐν
1199 890 1436 960 χώματι.
1487 895 1595 947 Καὶ
1636 896 1906 966 ἐπέτρεπε

324 976 400 1045 τῷ
445 976 573 1029 κυνὶ
626 978 833 1047 ἐπᾶραι
880 980 975 1031 καὶ
1009 979 1191 1034 δοῦναι
1246 982 1461 1053 ἑκάστῳ
1506 983 1565 1036 τὸ
1616 985 1781 1037 ἴδιονυ
1813 989 1910 1042 καὶ

324 1067 566 1136 ἐρευνῶν
608 1070 636 1121 ὁ
684 1068 833 1121 κύων
878 1070 957 1139 τῷ
1010 1073 1237 1140 στόματι
1292 1074 1539 1127 ἐπεδίδου
1590 1076 1806 1147 ἑκάστῳ
1849 1079 1909 1130 τὸ

323 1159 750 1228 γνωριζόμενον.
798 1159 854 1211 '0
886 1160 942 1212 δὲ
971 1162 1132 1223 αὐτὸς
1167 1161 1314 1214 κύων
1335 1167 1427 1217 καί
1454 1165 1728 1235 διαφόρων
1759 1166 1910 1235 βασι-

325 1246 464 1301 λέων
490 1249 805 1318 νομίσματα
846 1251 1017 1320 μυρία
1049 1253 1093 1283 ⁸⁷
1124 1253 1369 1306 ἐπεδίδου
1392 1257 1512 1308 κατ’
1535 1255 1728 1325 ὄνομα.
1755 1260 1909 1329 Παρ-

325 1341 563 1404 εστῶτος
592 1341 649 1392 δὲ
692 1340 852 1410 ὄχλου
900 1344 1111 1415 ἀνδρῶν
1146 1363 1203 1398 τε
1240 1347 1335 1399 καὶ
1364 1348 1667 1413 γυναικῶν,
1697 1352 1910 1420 ἐπερω-

324 1431 570 1498 τώμενος
598 1432 840 1484 ἐδείκνυε
871 1432 965 1496 τὰς
1019 1437 1077 1487 ἐν
1121 1436 1319 1504 γαστρὶ
1373 1436 1605 1505 ἐχούσας
1648 1438 1741 1490 καὶ
1782 1441 1912 1503 τοὺς

326 1519 488 1582 ὄντας
544 1522 947 1592 πορνοϐοσκοὺς
990 1526 1081 1577 καὶ
1114 1528 1357 1596 «μοιχοὺς
1409 1530 1504 1581 καὶ
1540 1529 1766 1593 κνιποὺς
1816 1532 1913 1584 καὶ

329 1611 742 1681 μεγαλοψύχους
773 1631 786 1645 ·
836 1616 930 1667 καὶ
979 1617 1301 1670 ἀπεδείκνυε
1352 1618 1526 1671 πάντα
1586 1600 1723 1689 μετά
1776 1621 1914 1691 ἀλη-

324 1700 496 1764 θείας.
543 1703 706 1756 Ὅθεν
774 1704 957 1775 ἔλεγον
1019 1707 1208 1760 πολλοὶ
1274 1710 1357 1762 ὅτι
1406 1710 1622 1781 πνεῦμα
1659 1712 1913 1776 Πύθωνος

322 1793 461 1863 ἔχει.

403 1887 534 1939 Ἐπὶ
563 1887 619 1939 δὲ
654 1888 753 1958 τῆς
791 1889 964 1958 αὐτῆς
997 1890 1274 1961 βασιλείας
1310 1896 1483 1966 ἐφάνη
1516 1897 1690 1969 ἀστὴρ
1736 1898 1910 1968 μέγας

323 1980 420 2031 καὶ
461 1978 692 2049 φοϐερὸς
718 1980 859 2033 κατὰ
884 1980 944 2033 τὸ
982 1983 1196 2036 δυτικὸν
1226 1986 1271 2016 ³⁸
1308 1988 1475 2056 μέρος
1505 1989 1641 2058 (95),
1675 1990 1911 2058 πέμπων

320 2068 419 2120 ἐπὶ
442 2066 542 2138 τὴν
569 2067 613 2101 ’³
640 2067 750 2121 ἀνω
771 2069 966 2122 ἀκτῖνα
1004 2070 1228 2141 λευκὴν,
1262 2075 1290 2125 ό
1323 2074 1379 2125 δὲ
1414 2076 1705 2146 χαρακτὴρ
1744 2076 1909 2130 αὐτοῦ

320 2157 617 2227 ἀστραπὰς
643 2159 975 2231 ἀπέπεμπεν
995 2178 1008 2190 ·
1032 2163 1091 2214 ὃν
1120 2163 1307 2233 ἔλεγόν
1337 2183 1481 2229 τινες
1519 2163 1658 2220 εἶναι
1691 2166 1917 2238 λαμπα-·

321 2249 463 2305 δίαν.
492 2251 715 2321 Ἔμεινε
763 2251 818 2305 δέ
859 2254 954 2306 ἐπὶ
999 2254 1214 2325 ἡμέρας
1278 2255 1480 2310 εἴκοσιν
1509 2257 1554 2287 ³⁰
1590 2256 1907 2326 ἐκλάμπων,

321 2343 421 2394 καὶ
460 2343 712 2410 ἐγένοντο
766 2345 1017 2415 ἀνυδρίαι
1068 2348 1163 2400 καὶ
1218 2348 1361 2401 κατὰ
1410 2349 1568 2402 πόλιν
1626 2350 1911 2421 δημοτικοὶ

324 2432 476 2500 φόνοι
499 2433 594 2485 καί
620 2432 755 2486 ἄλλα
789 2436 961 2489 πολλὰ
989 2437 1223 2508 ἀπειλῆς
1244 2439 1671 2511 πεπληρωμένα.

394 2524 474 2595 Τῇ
520 2524 578 2576 δὲ
628 2527 1020 2598 συμπληρώσει
1064 2530 1158 2583 τοῦ
1209 2531 1588 2602 Σεπτεμϐρίου
1639 2532 1808 2602 μηνὸς
1859 2534 1909 2586 οί

324 2615 589 2685 πρέσϐεις
641 2617 928 2688 Ῥωμαίων
993 2619 1142 2692 [illi]
1190 2624 1238 2675 οἰ
1291 2623 1633 2693 πεμφθέντες
1682 2626 1740 2677 ἐν
1799 2627 1911 2687 τοῖς

324 2707 619 2777 Περσικοῖς
649 2710 1000 2782 ὑπέστρεψαν
1026 2715 1352 2784 ποιήσαντες
1372 2716 1579 2769 πάκτα.
1612 2717 1721 2770 Καὶ
1747 2719 1911 2785 γνοὺς

324 2796 489 2851 τοῦτο
514 2798 543 2851 ὁ
566 2798 819 2869 βασιλεὺς
842 2802 1242 2869 Ὶουστινιανδς,
1264 2805 1346 2857 ὅτι
1373 2806 1600 2876 εἰρήνην
1626 2805 1739 2876 ἔχει
1770 2806 1910 2876 πρὸς

340 2886 643 2957 Ῥωμαίους
669 2891 738 2955 ³¹,
782 2893 958 2963 χαρᾶς
988 2892 1270 2964 ἐπλήσθη.
1329 2893 1632 2965 Δεξάμενος
1678 2897 1784 2965 γὰρ
1839 2897 1910 2950 τὰ

325 2978 631 3048 γράμματα
684 2979 795 3032 τῶν
840 2981 1064 3035 πάκτων
1110 2982 1205 3035 καὶ
1249 2983 1517 3051 ἀναγνοὺς
1570 2976 1693 3053 εὗρε
1753 2999 1909 3053 περι-

327 3067 517 3139 έχοντα
548 3069 720 3133 οὕτως
739 3084 754 3097 ·

401 3176 423 3212 ε
456 3128 802 3225 Ἀνελθόνντες
836 3161 974 3233 πρὸς
998 3164 1148 3233 ἡμᾶς
1178 3164 1229 3216 οἰ
1274 3162 1532 3233 ἡμέτεροι
1572 3164 1906 3235 πρεσϐευταὶ
1932 3128 1977 3185 C

325 3254 376 3306 οἰ
408 3253 550 3325 πρὸς
582 3255 679 3325 τὴν
730 3256 829 3325 σὴν
861 3256 1148 3320 σταλέντες
1202 3257 1522 3327 ἡμερότητα
1570 3257 1912 3326 ἀπήγγειλαν

324 3346 462 3414 ήμῖν
509 3344 608 3415 τὴν
663 3347 876 3417 ἀγαθὴν
916 3347 1236 3418 προαίρεσιν
1282 3349 1381 3416 τῆς
1427 3347 1702 3418 πατρικῆς
1759 3347 1911 3416 ὑμῶν

327 3435 645 3500 διαθέσεως.
676 3440 787 3491 Καὶ
808 3440 901 3492 ἐπὶ
921 3441 1085 3491 πᾶσιν
1106 3439 1579 3508 εὐχαριστήσαμεν
1603 3437 1680 3507 τῷ
1703 3439 1912 3490 Δεσπό-

327 3543 397 3602 τῃ
424 3529 542 3600 Θεῷ
560 3532 641 3583 ὅτι
679 3532 887 3601 πρέπον
915 3534 980 3603 τῇ
1018 3532 1183 3584 αὑτοῦ
1222 3530 1521 3600 ἁγαθότητι
1557 3530 1790 3600 πρᾶγμα
1820 3529 1913 3596 γέ-

328 3635 452 3688 γονε
475 3622 568 3675 καὶ
603 3623 811 3699 προέϐη
855 3625 951 3678 σὺν
990 3622 1111 3693 Θεῷ
1148 3624 1338 3694 εἰρήνη
1379 3623 1459 3686 εἰς
1500 3622 1767 3690 ὠφέλειαν
1802 3623 1912 3675 τῶν

329 3710 418 3766 δύο
466 3713 777 3770 πολιτειῶν.
802 3717 924 3770 Ὀτι
968 3716 1024 3769 δὲ
1062 3715 1272 3787 μεγάλη
1319 3715 1447 3779 δόξα
1490 3715 1584 3767 καὶ
1609 3715 1653 3745 ³²
1691 3714 1911 3778 ἔπαινός

330 3811 475 3864 ἐστιν
504 3811 562 3863 ἐν
598 3808 751 3879 πάσῃ
795 3808 863 3877 τῇ
907 3808 976 3875 γῇ
1011 3808 1162 3877 παρὰ
1208 3805 1326 3876 Θεῷ
1371 3806 1466 3858 καὶ
1504 3804 1813 3876 ἀνθρώποις
1850 3805 1912 3858 τὸ

333 3903 552 3974 εἰρήνην
586 3899 841 3969 γενέσθαι
893 3898 1099 3968 μεταξὺ
1152 3897 1260 3950 τῶν
1296 3897 1390 3950 δύο
1425 3895 1648 3966 κόσμων
1689 3897 1781 3949 ἐπί
1812 3895 1912 3965 τῆς

334 3996 666 4067 ἡμερότητος
697 3993 791 4047 καὶ
823 3991 982 4062 ὴμῶν
1003 3991 1112 4043 τῶν
1135 3989 1373 4060 γνησίως
1399 3989 1544 4059 ὑμᾶς
1572 3987 1914 4056 ἀγαπώντων

334 4087 600 4159 πρόδηλόν
623 4088 740 4139 ἐστι
760 4100 776 4115 ·
806 4084 903 4137 καὶ
941 4082 992 4135 οἱ
1034 4081 1220 4153 ἐχθροὶ
1246 4081 1303 4133 δὲ
1332 4080 1606 4150 ἑκατέρας
1636 4077 1914 4141 πολιτείας

336 4177 775 4234 καταπεσοῖωται
822 4173 1029 4243 ταύτης
1078 4173 1176 4225 σὺν
1216 4171 1338 4242 Θεῷ
1386 4170 1688 4241 γενομένης
1714 4171 1779 4222 ³⁸.
1814 4169 1914 4223 Διὰ

336 4270 531 4340 τάχους
556 4269 735 4322 τοίνυν
760 4263 1260 4333 ἐπικαταλήψονται
1282 4265 1330 4340 οἰ
1359 4262 1621 4332 ἡμέτεροι
1648 4259 1916 4331 πρεσϐευ-

338 4338 441 4421 tat,
467 4360 775 4430 ὀφείλοντες
808 4356 1203 4427 ἀναπληρῶσαι
1226 4354 1296 4407 τὰ
1310 4338 1449 4423 πρὸς
1479 4351 1781 4422 ἀσφάλειαν
1812 4352 1915 4421 τῆς

2009 548 2112 593 ret.
2160 538 2425 598 Dominus
2459 545 2604 597 enim
2643 546 2696 599 in
2733 546 2851 602 foro
2885 556 3059 615 stans,
3093 558 3146 603 et
3189 550 3588 608 circumstante

2008 630 2253 701 undique
2279 637 2646 703 speetacnlum
2680 641 2885 707 pepulo
2913 642 3051 694 clam
3087 656 3244 707 cane,
3279 646 3584 698 astantium

2009 722 2240 775 annulos
2272 725 2599 793 accipiebat,
2641 744 2783 797 quos
2838 730 2892 782 in
2930 731 3051 783 solo
3087 729 3390 799 depositos,
3440 740 3585 785 terra

2010 818 2229 877 aggesta
2289 814 2554 882 tegebat:
2616 831 2809 871 canem
2870 817 3068 871 deinde
3115 834 3209 871 eos
3264 821 3477 880 tollere,
3533 832 3584 875 et

2010 916 2167 953 suum
2203 904 2401 972 cuique
2440 906 2666 961 reddere
2693 908 2941 976 jubebat.
2983 908 3153 963 Canis
3202 911 3386 979 itaque
3429 911 3588 964 inda-

2009 1001 2162 1059 gatos
2202 997 2435 1049 annulos
2467 1011 2562 1050 ore
2599 999 2971 1066 prehendens,
3009 1001 3208 1069 cuique
3252 1016 3413 1054 suum
3449 1001 3578 1054 red-

2011 1084 2207 1137 ltibuit.
2254 1085 2397 1140 ldem
2432 1087 2594 1141 etiam
2646 1089 2800 1144 canis
2833 1091 3176 1145 diversorum
3223 1108 3440 1161 quoque
3476 1093 3585 1146 im-

2009 1182 2322 1243 peratorum
2360 1179 2696 1232 uumismata
2746 1178 2912 1251 454
2956 1191 3229 1251 quotquot
3278 1183 3585 1252 producta,

2011 1265 2077 1316 ad
2110 1264 2375 1336 cujusque
2415 1282 2612 1322 nomen
2656 1270 2939 1326 reddidit:
2977 1273 3224 1340 quinimo
3256 1273 3412 1324 turba
3444 1273 3587 1325 viro-

2011 1369 2132 1407 rum
2193 1357 2592 1429 mulierumque
2665 1370 2916 1428 astante,
2973 1362 3347 1432 interrogatus
3406 1362 3474 1415 de
3523 1377 3585 1416 ea

2010 1445 2284 1513 gravidas,
2312 1447 2562 1511 lenones,
2595 1459 2957 1517 scortatores,
2988 1453 3261 1515 sordidos,
3300 1453 3586 1521 magnauio

2012 1551 2243 1605 mosque
2271 1538 2705 1595 demonstrabat.
2757 1539 2860 1596 Sed
2896 1551 2950 1596 et
3003 1543 3118 1596 haec
3157 1542 3339 1595 omnia
3377 1556 3473 1610 pro
3507 1543 3583 1594 rei

2010 1630 2239 1683 veritate
2271 1633 2426 1687 canis
2455 1633 2560 1686 iste
2592 1634 2856 1701 prodebat
2891 1652 2904 1688 :
2932 1635 3121 1688 multis
3151 1635 3295 1697 ideo,
3324 1634 3585 1704 Pythonis

2012 1733 2132 1774 eum
2169 1720 2361 1790 spiritu
2400 1721 2689 1792 praeditum
2727 1721 3149 1777 affirmantibus.

2080 1888 2282 1946 Eodem
2319 1890 2623 1959 imperante
2666 1893 2825 1947 stella
2865 1892 3056 1964 ingens
3098 1901 3153 1948 et
3197 1895 3482 1949 tremenda
3531 1897 3586 1950 in

2008 1983 2293 2038 occidente
2323 1986 2675 2055 comparuit,
2708 1986 2926 2040 radium
2954 1987 3142 2040 album
3176 2002 3397 2041 sursum
3425 1988 3582 2042 emit-

2010 2080 2171 2137 tens;
2224 2088 2413 2142 quam,
2458 2075 2607 2144 quod
2665 2075 2903 2144 fulguris
2953 2076 3305 2129 emissionem
3363 2092 3475 2146 pra:
3524 2091 3587 2130 se

2010 2163 2243 2227 ferebat,
2276 2163 2449 2219 facem
2483 2167 2791 2231 ardentem,
2829 2168 3083 2221 nonnulli
3108 2168 3447 2222 vocitabant.
3480 2170 3588 2222 Per

2008 2254 2126 2310 dies
2165 2264 2347 2309 autem
2378 2271 2449 2309 xx
2492 2256 2741 2323 refulsit;
2794 2256 2938 2311 unde
2967 2258 3270 2323 siccitates,
3306 2270 3365 2313 et
3399 2260 3587 2327 utique

2009 2359 2108 2414 per
2164 2344 2456 2415 imperium
2500 2346 2554 2399 in
2591 2347 2796 2416 p0pulo
2842 2346 3040 2411 caedes,
3086 2348 3304 2417 aliaque
3351 2349 3587 2418 plurima

2009 2435 2332 2489 mortalibus
2371 2434 2618 2492 infausta
2652 2439 2900 2492 insecuta
2942 2444 3092 2493 sunt.

2080 2525 2285 2581 Mensis
2336 2535 2517 2581 autem
2575 2526 2916 2597 Septembris
2973 2528 3078 2585 sub
3121 2529 3330 2583 exitum
3360 2569 3373 2592 ,
3421 2529 3586 2599 legati

2012 2615 2404 2682 Romanorum,
2433 2619 2527 2687 qui
2571 2619 2626 2672 in
2656 2620 2938 2675 Persidem
2987 2619 3144 2674 missi
3176 2620 3417 2681 fuerant,
3451 2635 3589 2689 pace

2009 2707 2154 2762 facta
2180 2711 2389 2765 reversi
2424 2718 2573 2765 sunt.
2605 2710 2726 2776 Quo
2756 2711 2946 2765 audito
2982 2711 3287 2781 imperator
3315 2710 3588 2766 Iustinia-

2008 2815 2117 2855 nus
2148 2814 2364 2855 summo
2407 2802 2609 2872 gaudio
2652 2801 2879 2858 affectus
2908 2809 3014 2858 est.
3048 2803 3305 2873 Acceptis
3345 2804 3489 2858 enim
3520 2801 3589 2857 de

2008 2906 2146 2961 pace
2196 2892 2397 2947 litteris
2438 2894 2834 2963 perlectisque,
2877 2908 2974 2950 eas
3018 2894 3076 2948 in
3108 2894 3225 2949 haec
3256 2895 3423 2949 verba
3456 2910 3590 2949 con-

2011 2987 2251 3056 scriptas
2290 2986 2519 3042 invenit.

2087 3186 2107 3219 ι
2148 3167 2488 3237 Propensum
2524 3168 2738 3237 paterni
2781 3167 2952 3222 vestri
3006 3167 3062 3222 in
3107 3181 3210 3224 nos
3263 3166 3430 3221 animi
3472 3173 3590 3234 stu-

2012 3257 2163 3312 dium
2196 3257 2416 3311 reduces
2452 3258 2645 3322 nostri,
2683 3272 2825 3327 quos
2857 3258 2923 3312 ad
2968 3257 3319 3313 clementiam
3351 3264 3589 3312 vestram

2013 3347 2282 3409 misimus,
2314 3345 2469 3413 legati
2493 3347 2651 3400 nobis
2682 3348 3099 3401 renuntiarunt.
3128 3348 3364 3400 Domino
3400 3355 3588 3398 autem

2014 3439 2127 3494 Deo
2166 3440 2371 3509 gratias
2424 3439 2628 3507 ubique
2687 3440 2927 3507 agimus,
2975 3438 3123 3508 quod
3180 3440 3427 3492 bonitate
3469 3437 3592 3505 ejus

2012 3541 2451 3586 consentaneum
2473 3545 2610 3600 Opus
2627 3530 2875 3585 effectum
2898 3540 3010 3597 est;
3035 3546 3247 3599 paxque
3267 3538 3455 3584 mutua
3475 3545 3594 3596 quae

2015 3625 2070 3678 in
2106 3624 2410 3694 utriusque
2445 3623 2763 3692 reipublicae
2794 3624 3228 3677 emolumentum
3261 3633 3312 3676 et
3348 3630 3593 3675 nostram

2014 3717 2304 3786 utriusque
2358 3716 2576 3770 laudem
2640 3730 2871 3770 cessura
2919 3724 3027 3778 est,
3092 3715 3392 3769 stabilitur.
3458 3712 3593 3766 Rem

2014 3807 2292 3861 enimvero
2333 3821 2548 3862 summe
2601 3807 2896 3876 gloriosam
2948 3823 3073 3861 esse
3127 3813 3181 3859 et
3232 3805 3374 3872 apud
3425 3802 3592 3858 Deum

2015 3897 2376 3967 hominesque
2422 3899 2713 3952 universos
2755 3897 2916 3952 laude
2960 3897 3208 3967 dignam,
3247 3895 3410 3967 455
3447 3896 3597 3965 quod

2015 3989 2320 4043 clementiae
2348 3997 2545 4043 vestrae
2583 3988 2880 4056 nostrique
2929 3988 3044 4057 (qui
3079 4002 3176 4041 vos
3217 3988 3379 4039 unice
3414 3987 3598 4053 diligi-

2017 4080 2183 4144 mus),
2218 4080 2583 4149 temporibus,
2617 4082 2763 4133 inter
2793 4079 2983 4132 orbem
3019 4086 3319 4144 utrumque
3367 4091 3472 4144 pax
3514 4076 3598 4127 fa-

2018 4181 2107 4226 cta
2138 4171 2322 4234 fuerit,
2370 4172 2629 4226 omnibus
2679 4170 3034 4224 manifestum
3066 4176 3172 4222 est.
3222 4167 3378 4231 Quod
3421 4175 3475 4220 et
3520 4166 3600 4219 fa-

2017 4270 2179 4316 vente
2239 4260 2353 4315 Deo
2415 4262 2707 4330 utriusque
2756 4267 3009 4314 nostrmn
3065 4258 3309 4311 inimicis
3368 4257 3597 4310 exitium

2019 4354 2263 4409 futurum
2297 4361 2399 4408 est.
2448 4352 2633 4425 Legati
2685 4354 2869 4421 itaque
2918 4349 3094 4405 nostri
3145 4350 3322 4419 primo
3380 4360 3602 4418 quoque

341 4450 578 4522 είρήνης.
607 4447 898 4518 Εύχόμεθα
922 4446 1052 4515 γοῦν
1079 4447 1137 4498 ἐν
1168 4444 1386 4505 πολλοῖς
1426 4442 1641 4514 χρόνοις
1683 4440 1784 4511 τὴν
1811 4457 1912 4492 πα-

2022 4455 2266 4513 tempore
2298 4441 2557 4506 aderunt,
2605 4457 2716 4513 quo
2766 4441 2833 4494 ad
2878 4441 3030 4510 pacis
3077 4437 3551 4494 confirmationem
3581 4478 3596 4501 ,

341 4545 529 4617 τρικὴν
559 4543 717 4615 ὑμῶν
736 4540 978 4597 διάθεσιν
1004 4535 1430 4610 περισώζεσθαι.
1464 4553 1484 4586 ι

406 4820 517 4873 Καὶ
549 4817 896 4890 ἐκπεμφθεὶς
938 4815 1043 4870 ὑπὸ
1081 4812 1372 4884 Ῥωμαίων
1411 4810 1572 4865 πάλιν
1609 4810 1913 4879 Ῥουφῖνος,

339 4910 596 4985 δευτέρας
623 4912 971 4984 ἀποκρίσεως
1003 4905 1154 4981 [192]
1185 4902 1677 4973 καταπεμφθείσης
1710 4904 1770 4954 ἐν
1798 4903 1915 4965 τοῖς

2011 4536 2378 4605 quodcunque
2409 4534 2790 4588 necessarium
2836 4533 2972 4597 erit,
3016 4531 3272 4585 effectum
3310 4530 3461 4582 dent.
3492 4525 3602 4581 Νο-

2010 4626 2100 4682 bis
2137 4640 2267 4680 vero
2301 4626 2379 4679 uti
2410 4630 2636 4694 paterna
2667 4632 2851 4678 vestra
2889 4621 3180 4677 affectione
3210 4635 3377 4690 quam
3401 4618 3601 4674 dimis-

2010 4715 2150 4770 sime
2183 4713 2290 4767 frui
2319 4713 2483 4767 liceat
2513 4726 2827 4782 precamur.
2863 4728 2883 4761 ι
3544 4698 3551 4701 ’

2082 4802 2284 4858 Missus
2309 4810 2493 4857 autem
2529 4799 2792 4855 secundis
2817 4813 2940 4854 cum
2974 4797 3180 4853 litteris
3215 4794 3597 4864 imperatoriis

2014 4895 2070 4950 in
2127 4894 2409 4950 Persidem
2467 4891 2703 4948 Ruﬁnus
2759 4904 2945 4962 regem
2977 4889 3190 4944 invenit
3237 4888 3397 4947 circa,
3443 4886 3596 4956 pacis

1596 5033 1834 5089 VARUE
1887 5032 2299 5089 LECTIONES.

434 5135 481 5205 ξ’
519 5133 712 5205 μυρία.
761 5131 1075 5205 μιγνύμενα
1104 5129 1499 5205 ΤΙιρορίιιιηθεΑ
1521 5142 1577 5197 p.
1635 5126 1834 5205 L99},
1867 5124 2365 5205 Gedrenusn575-A.
2444 5121 2734 5205 “_§u1:t>_cbv
2765 5121 2892 5205 Clu,
2924 5117 3280 5205 Guctxovnpx.

3388 5117 3433 5149 ιο
3469 5116 3590 5184 τήν.

338 5203 405 5257 τά
429 5185 876 5274 Theophanes
918 5185 1019 5274 1:54
1043 5201 1103 5256 Β.
1181 5185 1432 5254 “suos:
1461 5185 1563 5253 oi.
1641 5196 1685 5228 ³⁸
1725 5185 2052 5267 Ῥωμαίους.
2088 5216 2106 5247 ι
2141 5195 2379 5251 Omnino
2408 5193 2764 5249 scribendum
2796 5191 3033 5262 Πέρσας.
3070 5208 3089 5242 ι
3134 5188 3236 5245 Ch.
3312 5187 3357 5219 "
3388 5185 3593 5241 Addidi

337 5275 448 5330 καί.
525 5276 571 5308 ³³
586 5271 898 5344 γινομένης
920 5271 1024 5327 0x.

1557 5355 1664 5411 ΕΙ).
1709 5355 2087 5411 οιιιιιιΕΑῡι
2126 5353 2358 5411 NOTAE.

402 5455 515 5526 (92)
556 5456 747 5526 Ἕχων
790 5452 909 5526 μεθ’
950 5450 1161 5526 ἐαυτοῦᾼ
1202 5451 1341 5526 κύνα
1401 5449 1608 5526 ξανθόν.

337 5592 458 5651 nem
486 5599 653 5650 etiam
691 5593 827 5647 facit
852 5592 1116 5647 Zonaras.

410 5666 525 5734 (95)
572 5666 735 5717 Κατὰ
771 5664 833 5714 τὸ
875 5661 1092 5716 δυσικὸν
1132 5660 1482 5734 μέρος.
1528 5659 1767 5714 δυτικόν.
1809 5657 1917 5710 Co-

342 5729 483 5791 meta
519 5752 650 5788 vvm
702 5734 792 5786 hic
842 5734 1089 5802 apparuit
1131 5729 1422 5786 .IuStiuiani
1472 5729 1601 5800 imp.
1651 5746 1795 5784 altlth
1841 5743 1914 5790 tv,

402 5455 515 5526 (92)
556 5456 742 5525 Ἕχων
790 5452 909 5522 μεθ’
950 5450 1145 5505 ἑαυτοῦ
1202 5451 1341 5504 κύνα
1401 5449 1608 5514 ξανθόν.
1674 5447 1784 5499 Καὶ
1835 5465 1927 5500 τυ·-

336 5528 487 5595 ei»),
532 5522 1197 5595 addit_Ci-.drenns.Cauis
1224 5522 1384 5591 hujus
1416 5518 1649 5574 mirandi
1684 5519 1923 5571 mentio—

2024 5448 2327 5502 secundum
2359 5444 2669 5501 Cedrenum
2700 5461 2713 5498 :
2745 5443 2830 5498 vel
2859 5451 2915 5497 ut
2953 5441 3196 5497 Zonaras
3227 5438 3366 5498 vult,
3398 5453 3465 5503 v;
3497 5436 3594 5492 sed

2022 5517 2348 5589 Procopius,
2383 5517 2498 5589 cui
2547 5515 2679 5569 fides
2728 5515 2830 5568 hac
2875 5514 2928 5566 in
2968 5528 3027 5568 re
3078 5512 3277 5589 potius.
3314 5516 3399 5589 est
3445 5508 3600 5589 adbi-

2017 5578 2593 5713 genda'iﬁdejusdcm
2637 5600 2842 5639 annum
2870 5598 2967 5641 xui
2999 5578 3125 5638 eum
3153 5579 3326 5650 ponit.
3362 5578 3435 5633 De
3467 5578 3597 5633 bell.

2062 5676 2169 5715 crs.
2228 5674 2241 5712 ι
2289 5696 2304 5711 .
2335 5673 2396 5712 ιι.
