3988 6136
484 307 586 369 ίιθἹ

1790 310 2110 372 JOANNlS
2140 310 2464 370 MALALIE

3502 279 3517 287 ’
3630 300 3739 364 eos

481 418 605 471 illas
654 416 1001 472 conditiones
1059 414 1293 470 invicem
1360 415 1632 473 ineundas
1683 418 1845 489 longe
1890 420 2048 474 aliter

2152 421 2441 489 Περσικοῖς
2482 418 2739 489 μέρεσιν,
2781 412 2906 489 εὗρε
2952 417 3041 470 τὸν
3083 418 3304 487 βασιλέα
3342 417 3575 487 Περσῶν
3605 418 3737 469 ἀνα-

484 522 544 561 sc
605 506 916 560 habentem.
974 504 1120 558 Inter
1153 506 1269 563 hzrc
1305 506 1451 559 enim
1504 504 1812 573 Samaritaa,
1846 509 2051 580 quibus

482 598 803 664 imperator,
837 596 915 649 uti
945 596 1199 665 superius
1224 596 1433 651 dictum
1464 605 1577 665 est,
1626 597 1880 659 infensus
1903 610 2048 667 erat,

481 687 545 740 ad
582 687 780 743 Persas
807 685 1105 761 transfuga
1141 690 1372 758 (eorum
1400 699 1580 746 autem
1614 692 2053 755 numerabantur

480 793 511 831 ι.
545 777 783 847 millia),
834 778 1040 832 auxilia
1104 794 1205 835 sua
1257 780 1524 843 adversus
1559 782 1839 841 Romanos
1880 782 2051 840 Coadi

479 871 591 939 regi
645 870 1006 937 obtulerunt;
1053 871 1109 925 in
1142 887 1204 927 se
1256 873 1486 942 insuper
1517 874 1847 945 recipientcs
1880 874 2053 931 Palat-

478 955 636 1011 stinae
665 955 836 1012 totius
867 957 1241 1031 proditionem
1277 959 1662 1034 Locorumque
1718 964 1790 1019 ibi
1828 974 2053 1021 sancto-

477 1059 599 1098 rum
634 1046 979 1115 faciendam;
1034 1049 1089 1104 in
1152 1065 1259 1120 qua
1309 1053 1447 1107 urbe
1485 1054 1832 1109 diversorum
1861 1071 2048 1126 regum

476 1136 761 1189 recondita
814 1145 975 1191 erant
1030 1138 1423 1207 anathemata;
1477 1141 1572 1196 ubi
1610 1143 1775 1201 etiam
1822 1144 1943 1199 auri
1997 1150 2052 1207 et

478 1227 689 1295 argenti
739 1226 824 1282 vis
873 1229 1105 1282 maxima
1134 1269 1149 1294 ,
1202 1230 1628 1302 lapillorumque
1681 1234 2050 1302 pretiosorum

476 1316 695 1369 infinita
729 1325 850 1371 erat
901 1319 1209 1388 congeries.
1265 1317 1392 1379 Haec
1443 1320 1533 1374 ubi
1581 1321 1828 1379 audisset
1856 1319 2051 1379 Persa‘

477 1422 603 1461 rum
637 1422 733 1461 rex
757 1448 772 1471 ,
808 1408 1023 1463 illorum
1052 1410 1220 1466 dictis
1249 1411 1411 1466 fidem
1456 1412 1667 1471 habens
1692 1428 1878 1483 pacem
1914 1428 2051 1471 con-

479 1499 698 1554 ﬁrmare
736 1499 1094 1567 detrectavit,
1133 1511 1353 1573 arrepta
1399 1504 1566 1559 etiam
1608 1503 1675 1567 de
1722 1502 2052 1560 aurifodiuis

479 1592 903 1659 occasiuncula,
936 1609 1057 1663 quae
1096 1593 1373 1656 Anastasii
1405 1594 1536 1648 olim
1581 1595 1921 1663 temporibus
1969 1596 2054 1649 iu-

2148 508 2341 562 δυέντα
2388 510 2525 579 πρὸς
2570 508 2638 562 τὰ
2687 507 2915 572 δόξαντα
2957 506 3162 577 μεταξὺ
3212 506 3391 560 αὑτῶν
3420 506 3612 563 ἕνεκεν
3641 509 3736 577 τῆς

2150 601 2395 672 εἰρήνης.
2420 600 2789 670 Φημισθέντος
2825 599 2935 670 γὰρ
2963 599 3178 663 τούτου,
3210 599 3287 663 ὡς
3316 598 3425 651 τῶν
3460 600 3736 669 Σαμαρει-

2149 688 2258 741 τῶν
2290 689 2575 757 Ῥωμαίων
2627 688 3121 760 ἀγανακτηθέντων
3168 689 3273 742 ὑπὸ
3320 687 3413 740 τοῦ
3469 686 3733 758 βασιλέως

2149 780 2574 848 Ἰουστινιανοῦ,
2641 781 2718 845 ὡς
2785 783 3243 854 προγέγραπται,
3300 779 3585 853 φυγόντων
3640 790 3733 833 καὶ

2150 869 2495 923 ἀπελθόντων
2528 870 2662 939 πρὸς
2684 871 2936 941 Κωάδην,
2968 871 3195 941 βασιλέα
3225 871 3475 941 Περσῶν,
3506 870 3613 924 ἀπὸ
3635 870 3735 939 τῆς

2150 962 2360 1016 ἑαυτῶν
2400 962 2582 1032 χώρας
2630 962 3026 1033 Παλαιστίνης,
3080 966 3176 1016 καὶ
3236 961 3729 1030 ἐπαγγειλαμένων

2151 1052 2300 1122 αὑτῷ
2349 1057 2695 1125 συμμαχεῖν·
2734 1055 2796 1107 τὸ
2825 1055 2883 1107 δὲ
2922 1054 3131 1122 πλῆθος
3160 1054 3341 1107 αὑτῶν
3384 1050 3454 1124 ἦν
3498 1052 3731 1122 χιλιάδες

2152 1147 2489 1215 πεντήκοντα
2525 1162 2539 1175 ·
2581 1146 2979 1215 ἐπηγγείλαντο
3015 1146 3075 1199 δὲ
3124 1145 3203 1218 τῷ
3251 1144 3479 1218 Περσῶν
3525 1143 3733 1216 βασιλεῖ

2153 1236 2461 1308 προδιδόναι
2518 1236 2618 1308 τὴν
2674 1238 2883 1291 ἑαυτῶν
2942 1238 3159 1311 χώραν,
3217 1238 3315 1308 τὴν
3361 1235 3732 1306 Παλαιστίνην

2152 1328 2333 1380 πᾶσαν
2364 1328 2458 1379 καὶ
2491 1329 2617 1391 τοὺς
2644 1329 2834 1396 ἁγίους
2862 1329 3083 1393 τόπους,
3116 1328 3270 1382 πόλιν
3299 1329 3530 1399 ἔχουσαν
3558 1327 3734 1395 διαφό·

2157 1435 2264 1487 ρων
2313 1417 2580 1486 βασιλέων
2622 1419 2980 1489 χαρίσματαο
3026 1416 3230 1491 χρυσοῦ
3277 1433 3338 1468 τε
3390 1415 3500 1487 γὰρ
3530 1414 3731 1484 πλῆθος

2153 1509 2289 1562 πολὺ
2336 1509 2431 1563 καὶ
2472 1509 2635 1564 λίθων
2678 1511 2875 1580 τιμίων
2908 1510 3280 1581 ἀναρίθμητος
3329 1509 3565 1576 ποσότης
3591 1522 3605 1537 ο
3639 1506 3733 1559 καὶ

2154 1600 2393 1664 ἀκούσας
2418 1599 2594 1654 ταῦτα
2613 1600 2643 1652 ὁ
2672 1600 2924 1671 βασιλεὺς
2952 1601 3200 1672 Περσῶν,
3226 1600 3323 1652 καὶ
3350 1598 3597 1661 πεισθεὶς
3619 1599 3729 1660 τοῖς

478 1691 688 1747 ventae,
719 1682 921 1739 exinde
963 1683 1220 1739 Romano
1264 1692 1551 1741 cesserant
1601 1686 1871 1755 imperio;
1926 1700 2048 1741 cum

2157 1691 2288 1761 παρ’
2320 1689 2500 1744 αὐτῶν
2522 1691 2860 1761 λεγομένοις,
2898 1690 3095 1762 ἀνεδὺη
3123 1690 3252 1762 περὶ
3296 1689 3358 1742 τὸ
3398 1690 3623 1759 ποιῆσαι
3664 1687 3733 1739 τὰ

478 1775 634 1843 prius
670 1783 887 1829 montes
941 1775 1029 1829 isti
1074 1776 1222 1844 juris
1281 1777 1492 1832 Persici
1548 1777 1808 1833 fuissent.
1844 1776 2048 1833 Montes

2156 1783 2360 1837 πάκτα.
2400 1781 2679 1854 Ἀφορμὴν
2714 1783 2773 1836 δὲ
2814 1781 2994 1835 λαϐὼν
3025 1761 3157 1852 περὶ
3201 1761 3312 1834 τῶν
3343 1777 3733 1851 χρυσορρύτων

478 1876 663 1921 autem
697 1866 752 1925 hi
801 1867 1053 1929 auriferi,
1101 1868 1377 1925 Armenia:
1420 1868 1685 1927 Romane
1731 1869 2054 1937 Persarmeo

478 1960 694 2029 niaeque
723 1959 778 2012 in
812 1958 980 2034 456
1025 1959 1233 2023 ﬁnibus
1279 1960 1372 2017 siti
1408 1967 1538 2015 sunt
1583 1979 1597 2015 :
1638 1961 1718 2023 uti
1756 1960 1982 2019 tradunt
2014 1961 2052 2014 ii

475 2050 681 2120 quibus
714 2050 817 2109 hoc
865 2059 1203 2123 compertum
1254 2061 1358 2108 est.
1408 2051 1510 2119 Qui
1559 2051 1782 2122 quidem
1834 2059 2054 2121 montes

475 2156 731 2213 magnam
788 2141 975 2209 ferunt
1028 2143 1149 2211 auri
1202 2145 1469 2221 copiam:
1529 2158 1595 2198 ex
1649 2144 1853 2214 pluviis
1899 2143 2051 2198 enim

475 2234 859 2304 imbribusque
906 2234 1236 2297 cadentibus
1270 2244 1416 2293 terra
1454 2236 1523 2305 de
1571 2235 1855 2301 montibus
1886 2235 2050 2301 deor-

474 2341 597 2383 sum
643 2336 803 2393 acta,
857 2328 976 2395 auri
1037 2330 1194 2399 quasi
1240 2329 1463 2393 laminae
1506 2331 1846 2393 scaturiunt.
1884 2330 2054 2397 Caete-

471 2432 596 2472 rum
633 2429 848 2477 montes
878 2420 1046 2487 hosee
1083 2429 1245 2488 antea
1285 2422 1581 2493 temporis,
1624 2437 1776 2492 teque
1803 2438 1830 2487 a
1868 2420 2051 2485 Persis

472 2522 539 2563 ac
566 2509 854 2577 Romanis,
895 2510 1119 2581 quidam
1157 2527 1219 2571 cc
1253 2514 1376 2571 auri
1422 2513 1585 2575 libris
1643 2514 2047 2577 conduxerunt.

472 2597 553 2653 Ex
590 2615 699 2668 quo
727 2617 864 2657 vero
893 2602 950 2663 in
980 2611 1309 2673 potestatem
1364 2606 1725 2681 sacratissimi
1767 2605 2049 2669 Anastasii

472 2689 819 2753 devenerunt
866 2693 1176 2757 mercedem
1223 2694 1543 2759 condictam
1573 2695 1777 2755 exinde
1812 2696 2047 2757 Romani

473 2779 576 2835 soli
612 2789 1004 2852 perceperunt.
1035 2782 1306 2847 Caeterum
1352 2787 1483 2843 hinc
1513 2787 1693 2857 pactis
1729 2788 2047 2858 rumpendis

470 2870 659 2935 oblata
688 2874 930 2941 occasio.

542 3148 604 3204 In
633 3148 970 3218 proditionis
1004 3163 1136 3215 vero
1160 3189 1176 3215 ,
1213 3165 1381 3220 quam
1416 3149 1707 3211 Samaritae
1743 3152 2041 3217 tnoliehan-

469 3247 595 3303 tur,
653 3239 907 3297 notitiam
956 3238 1192 3303 Romani
1245 3242 1350 3298 hoc
1420 3244 1583 3311 modo
1652 3256 2043 3315 pervenerunt.

471 3329 726 3400 Quinque
780 3332 927 3387 enim
982 3348 1049 3388 ex
1098 3333 1315 3391 illorum
1365 3335 1649 3406 primariis
1707 3338 1841 3395 viris
1873 3339 2043 3409 (qui,

474 3418 641 3486 paulo
690 3426 816 3486 post
865 3421 975 3475 iter
1029 3433 1353 3493 susceptum
1394 3426 1732 3495 supradictae
1773 3428 2047 3499 proditio-

472 3510 561 3566 nis
587 3525 712 3565 cum
736 3511 920 3575 Coade
947 3512 1115 3571 Persa
1150 3514 1406 3575 ineundae
1428 3532 1617 3585 causa,
1643 3519 2045 3590 innOtuerant),

474 3601 529 3661 in
581 3602 757 3657 reditu
809 3619 912 3659 suo
958 3620 1027 3663 ex
1086 3605 1315 3663 Perside
1368 3609 1807 3678 comprehensi.
1860 3625 2047 3675 coram

473 3692 711 3748 militum
746 3695 802 3751 in
834 3694 1062 3753 Oriente
1116 3698 1387 3768 magistro
1443 3700 1667 3757 adducti
1699 3709 1864 3771 sunt;
1905 3719 2047 3774 quos

475 3784 808 3851 proditionis
855 3788 1075 3857 agitata
1124 3790 1218 3844 ubi
1292 3792 1656 3860 postulasset.
1720 3792 2047 3855 conﬁtentes

474 3873 666 3929 habuit
714 3877 901 3931 statim
952 3894 1100 3935 reos.
1156 3879 1288 3947 Quae
1335 3897 1469 3945 vero
1520 3883 1589 3940 de
1640 3884 1729 3939 his
1760 3891 1884 3941 acta
1914 3893 2047 3941 sunt

471 3964 794 4025 Iustiniano
824 3969 1140 4040 imperatori
1177 3973 1406 4046 legenda
1440 3976 1827 4037 mittebantur.

541 4241 744 4300 Eodem
771 4255 1017 4316 tempore
1056 4257 1218 4305 terra:
1260 4261 1442 4309 motus
1470 4254 1673 4324 ubique
1709 4258 2047 4328 grassaban-

469 4341 597 4400 tur;
652 4334 1241 4397 bominibus'interim
1289 4342 1501 4400 litaniis
1554 4345 1760 4415 ubique
1823 4348 2043 4407 urbium

472 4425 824 4483 vacantibus.

542 4515 749 4573 Eodem
800 4519 946 4574 enim
997 4526 1246 4592 tempore
1295 4522 1589 4581 Persarum
1645 4542 1742 4584 rex
1803 4528 2041 4596 legatum

470 4608 626 4664 misit
658 4608 727 4667 ad
773 4611 1160 4683 imperatorem
1206 4614 1552 4687 Romanum;
1581 4620 1674 4690 qui
1706 4621 1926 4677 traditis
1957 4623 2047 4679 lit-

471 4702 607 4755 teris
634 4709 689 4756 et
727 4705 1052 4762 muneribus
1083 4706 1324 4765 donatus
1351 4708 1619 4768 dimissus
1649 4720 1758 4767 est.

545 4791 655 4850 Sed
686 4794 906 4857 interim
940 4800 1244 4869 imperator
1273 4801 1344 4856 de
1371 4800 1573 4859 Coadis
1613 4803 1906 4859 Persarum
1950 4822 2041 4859 re-

468 4884 553 4955 gis
591 4887 1047 4955 praevaricatione
1079 4890 1242 4962 457
1283 4892 1489 4947 certior
1529 4907 1559 4947 a
1587 4878 1787 4949 Rufino
1810 4894 2044 4964 patricio

470 4976 690 5043 factus;
723 4979 1156 5037 Auxumitarum
1195 5000 1377 5056 regem
1410 4999 1577 5055 super
1609 4986 1693 5042 his
1729 5002 1826 5058 per
1853 5002 2042 5044 sacras

2152 1874 2263 1928 τῶν
2310 1873 2644 1943 εὑρεθέντων
2688 1872 2879 1945 πρώην
2917 1874 3009 1927 ἐπὶ
3042 1873 3400 1927 ’Δναστασίου
3441 1870 3533 1925 τοῦ
3576 1870 3731 1940 βασι-

2153 1965 2313 2029 λέως,
2348 1964 2517 2019 ὄντων
2541 1964 2645 2017 ὑπὸ
2678 1964 2984 2035 Ῥωμαίους
3007 1981 3020 1995 ·
3048 1960 3117 2036 ἦν
3141 1964 3249 2036 γὰρ
3279 1963 3468 2035 πρώην
3501 1962 3570 2016 τὰ
3595 1962 3733 2016 αὑτά

2152 2057 2255 2128 ὅρη
2286 2058 2391 2109 ὑπὸ
2418 2054 2518 2127 τὴν
2558 2054 2785 2127 Περσῶν
2820 2055 3127 2111 πολιτείαν·
3164 2055 3237 2108 τὰ
3280 2054 3337 2107 δὲ
3384 2052 3731 2125 χρυσόρρυτα

2152 2147 2253 2217 ὅρη
2285 2146 2523 2219 ὑπάρχει
2560 2145 2764 2216 μεταξὺ
2793 2146 2902 2200 τῶν
2928 2147 3070 2218 ὅρων
3099 2146 3404 2217 Ἀρμενίων
3442 2144 3733 2214 Ῥωμαίων

2152 2238 2247 2292 καὶ
2292 2235 2750 2308 Περσαρμενίων,
2807 2236 2883 2300 ὡς
2918 2236 2964 2267 ⁸⁸
3008 2236 3209 2300 είδότες
3259 2235 3510 2304 λέγουσιν
3535 2253 3546 2264 ·
3575 2235 3733 2290 ἀτινα

2150 2329 2250 2401 δρη
2304 2330 2530 2399 φέρουσι
2577 2328 2777 2398 χρυσὸν
2822 2327 3028 2382 πολύνο
3082 2329 3171 2383 ὅτε
3228 2329 3340 2400 γὰρ
3397 2328 3590 2400 βροχαὶ
3639 2327 3732 2382 καὶ

2150 2419 2347 2490 ὄμϐροι
2368 2418 2629 2486 γίνονται,
2655 2417 3025 2489 κατασύρεται
3055 2420 3089 2488 ἡ
3111 2420 3181 2490 γῆ
3199 2420 3307 2473 τῶν
3328 2419 3509 2474 αὑτῶν
3536 2420 3730 2491 ὁρέων.

2150 2508 2404 2571 λεπτίδας
2435 2508 2480 2539 ⁸⁵
2517 2506 2898 2570 ἀναϐλύζουσα
2953 2508 3160 2581 χρυσοῦ
3194 2525 3208 2539 ο
3248 2510 3317 2562 τὰ
3360 2510 3417 2563 δὲ
3440 2509 3579 2561 αὑτά
3630 2507 3729 2578 δρη

2151 2598 2472 2669 ἐμισθοῦντο
2523 2598 2584 2650 τὸ
2634 2598 2899 2670 πρότερόν
2948 2616 3093 2663 τινες
3138 2599 3246 2653 ἀπὸ
3297 2599 3584 2669 Ῥωμαίων
3640 2600 3733 2652 καὶ

2151 2690 2375 2760 Περσῶν
2399 2689 2599 2762 χρυσοῦ
2622 2690 2819 2762 λιτρῶν
2842 2691 3157 2747 διακοσίων
3185 2690 3413 2764 [1951ὲξ
3437 2686 3500 2746 οὗ
3511 2691 3569 2745 δὲ
3590 2708 3731 2762 παρ-

2149 2784 2465 2854 ελήφθησαν
2493 2782 2561 2836 τὰ
2584 2783 2723 2837 αὑτὰ
2750 2783 2850 2854 ὅρη
2889 2783 2993 2837 ὑπὸ
3022 2783 3113 2837 τοῦ
3151 2784 3431 2839 θειοτάτου
3469 2785 3730 2837 ’Δναστα-

2151 2875 2289 2940 σίου,
2326 2875 2591 2947 Ῥωμαῖοι
2620 2874 2772 2944 μόνοι
2793 2872 3113 2943 κομίζονται
3144 2873 3256 2944 (94)
3290 2873 3390 2944 τὴν
3423 2872 3731 2927 θεσπισθεῖ-

2151 2979 2251 3016 σαν
2288 2962 2625 3017 συντέλειαν.
2675 2961 2784 3017 Καὶ
2838 2963 2905 3013 ὲκ
2940 2960 3135 3014 τούτου
3174 2962 3394 3031 ἐγένετο
3434 2960 3733 3033 διαστροφὴ

2154 3074 2217 3109 πε
2225 3057 2279 3128 pl
2304 3056 2372 3109 τὰ
2407 3055 2613 3109 πάκτα.

2234 3148 2295 3201 Ὶι
2337 3146 2395 3201 δὲ
2434 3147 2545 3200 τῶν
2590 3147 2947 3217 Σαμαρειτῶν
2985 3144 3247 3215 προδοσία
3297 3143 3550 3219 ἐγνώσθη
3595 3144 3731 3196 Ῥω-

2152 3238 2358 3309 μαίοις,
2386 3235 2461 3301 ῶς
2486 3253 2648 3289 τινων
2683 3232 2743 3299 ἐξ
2773 3234 2952 3290 αὑτῶν
2984 3232 3239 3303 εὐπόρων
3279 3231 3653 3301 συσχεθέντων
3675 3232 3730 3282 ὲν

2146 3330 2225 3401 τῷ
2272 3327 2633 3400 ὑποστρέφειν
2687 3326 2885 3389 αὑτοὺς
2954 3325 3063 3383 ἀπὸ
3108 3326 3217 3381 τῶν
3286 3323 3576 3392 Περσικῶν
3636 3339 3731 3390 με·

2142 3420 2279 3493 Ρῶνν
2317 3419 2413 3474 καὶ
2456 3417 2877 3489 γνωρισθέντων
2944 3415 3085 3485 μετά
3134 3415 3196 3469 τὸ
3233 3413 3492 3468 ἀπελθεῖν
3539 3414 3733 3475 αὐτοὺς

2148 3513 2284 3585 πρὸς
2339 3511 2588 3580 Κωάδην,
2645 3508 2871 3583 βασιλέα
2915 3507 3161 3583 Περσῶν,
3216 3505 3312 3559 καὶ
3366 3501 3733 3567 συντάξασθαι

2147 3607 2298 3676 αὑτῷ
2349 3607 2523 3660 ποιεῖν
2582 3604 2682 3676 τὴν
2735 3603 3023 3675 προδοσίαν
3069 3601 3169 3672 τῆς
3215 3600 3352 3663 ἰδίας
3390 3596 3612 3668 χώρας,
3658 3596 3735 3659 ὡς

2147 3703 2510 3773 προείρηταιο
2556 3693 2698 3768 ἦσαν
2738 3695 2797 3749 δὲ
2839 3697 2889 3749 oi.
2945 3692 3343 3766 γνωρισθέντες
3392 3691 3735 3761 Σαμαρεῖται

2146 3792 2392 3863 ὀνόματα
2417 3789 2581 3845 πέντε
2604 3807 2617 3818 ·
2645 3787 2742 3843 καὶ
2788 3786 3144 3859 συσχεθέντες
3172 3783 3563 3855 ἀπηνέχθησαν
3593 3781 3732 3853 πρὸς

2147 3883 2240 3938 τὸν
2282 3880 2658 3954 στρατηλάτην
2700 3879 2799 3951 τῆς
2839 3878 3129 3949 ’Δνατολῆς
3153 3917 3169 3943 ,
3211 3878 3310 3935 καὶ
3352 3873 3734 3947 ἐξητάσθησαν

2147 3974 2279 4046 παρ’
2298 3972 2466 4044 αὐτῷ,
2496 3973 2591 4025 καὶ
2626 3969 2987 4042 ὡμολόγησαν
3016 3970 3116 4039 τὴν
3146 3968 3438 4040 προδοσίαν
3489 3966 3556 4036 ἢν
3602 3966 3732 4033 ἐμε-

2146 4066 2338 4121 λέτων.
2375 4067 2458 4120 Τὰ
2493 4066 2551 4118 δὲ
2607 4064 2980 4137 πεπραγμένα
3025 4061 3207 4121 αὑτῶν
3256 4058 3575 4128 ἀνεγνώσθη
3609 4056 3724 4127 (95)

2146 4158 2224 4229 τῷ
2251 4157 2461 4227 βασιλεῖ
2497 4153 2883 4225 Ἰουστινιανῴ.

2229 4250 2318 4304 Ἐν
2346 4247 2494 4319 αὑτῷ
2541 4248 2598 4305 δὲ
2624 4246 2701 4317 τῷ
2729 4246 2907 4318 χρόνῳ
2938 4244 3186 4314 ἐγένοντο
3224 4243 3443 4314 σεισμοὶ
3473 4240 3614 4296 κατά
3635 4241 3725 4294 τό-

2150 4346 2270 4407 πον,
2296 4340 2392 4394 καὶ
2418 4340 2594 4403 λιταῖς
2623 4337 2914 4408 ἐσχόλαζον
2935 4338 2992 4389 ὲν
3025 4336 3235 4408 ἑκάστῃ
3261 4335 3435 4387 πόλει.

2077 4428 2125 4488 Ι)
2222 4432 2313 4501 Τῷ
2340 4431 2397 4483 δὲ
2424 4428 2574 4500 αὑτῷ
2602 4427 2781 4499 καιρῷ
2820 4427 2914 4482 καὶ
2961 4425 3305 4497 πρεσϐευτὴς
3335 4423 3596 4494 ἐπέμφθη
3624 4421 3724 4475 ὑπὸ

2149 4524 2242 4578 τοῦ
2281 4523 2542 4593 βασιλέως
2571 4519 2795 4593 Περσῶν
2834 4518 2969 4590 πρὸς
3001 4519 3092 4572 τὸν
3141 4517 3367 4589 βασιλέα
3405 4515 3718 4585 Ῥωμαίων·

2150 4617 2245 4671 καὶ
2270 4615 2486 4677 ἐπιδοὺς
2504 4613 2567 4677 ἃς
2597 4610 2896 4682 ἐπεφέρετο
2920 4612 3127 4680 σάκρας
3153 4608 3398 4677 ἀπελύθη
3421 4607 3721 4676 κομισάμε-

2150 4726 2240 4773 νος
2266 4708 2437 4779 δῶρα.

2234 4801 2292 4852 '0
2319 4800 2377 4854 δὲ
2408 4797 2663 4869 βασιλεὺς
2691 4794 2979 4865 Ῥωμαίων
3016 4793 3253 4855 ἀκούσας
3296 4790 3449 4860 παρά
3487 4788 3581 4842 τοῦ
3622 4802 3714 4837 πα-

2150 4890 2360 4963 τρικίου
2393 4888 2674 4957 Ῥουφίνου
2719 4885 2818 4961 τὴν
2853 4884 3003 4954 παρὰ
3030 4882 3075 4915 ⁸⁸
3109 4881 3358 4946 Κωάδου,
3390 4878 3544 4952 [194]
3576 4879 3714 4948 βασι-

2148 4983 2289 5044 λέως
2332 4980 2576 5052 Περσῶν,
2606 4977 2943 5048 παράϐασιν,
2986 4976 3221 5045 ποιήσας
3257 4972 3409 5036 θείας
3443 4969 3715 5029 κελεύσεις

1731 5117 1965 5179 νΑΒιΑς
2013 5114 2425 5175 LECTIONES.

539 5203 584 5236 ³³
625 5207 722 5269 ὡς.
741 5203 894 5261 Adde
923 5206 996 5264 oi.
1068 5206 1115 5240 ³⁸
1166 5207 1439 5276 λεπτίδας.
1473 5209 1623 5265 Fort.
1646 5210 1888 5273 λεπίδας.
1967 5210 2012 5241 ³⁸
2050 5207 2204 5280 παρὰ
2239 5198 2471 5259 fortasse
2497 5200 2939 5272 expungendum.

1702 5367 1809 5420 En.
1837 5365 2211 5420 CHILMEADI
2230 5361 2463 5419 NOT/E.

542 5457 657 5520 (94)
698 5457 960 5527 Ῥωμαῖοι
996 5456 1147 5527 μόνοι
1199 5457 1541 5526 κομίζονται,
1579 5466 1697 5527 etc.
1736 5456 2039 5527 Procopius

471 5544 585 5583 rem
613 5528 771 5580 aliter
796 5525 1006 5591 narrat,
1034 5526 1107 5580 De
1138 5528 1242 5580 hel.
1272 5525 1437 5581 'l’ers.
1470 5531 1505 5582 l.
1538 5545 1577 5591 ι,
1612 5525 1701 5579 ubi
1734 5526 1943 5580 reditus
1973 5540 2039 5577 ex

473 5596 801 5650 aurifudinis
835 5596 986 5651 hisce
1013 5612 1123 5650 non
1169 5596 1564 5662 Romanorum,
1605 5597 1699 5653 sed
1747 5600 2039 5651 Persarum

476 5666 647 5718 tuisse
671 5667 830 5731 plane
857 5675 1110 5721 testatur.

544 5734 656 5802 (95)
692 5736 773 5787 Τὰ
827 5735 881 5785 δὲ
933 5736 1298 5806 πεπρηγμένα
1334 5737 1507 5791 αὐτῶν
1554 5735 1889 5804 άνῖγνῶτθη,
1932 5744 2035 5784 elo.

2144 5456 2225 5508 Τὰ
2248 5453 2618 5523 πεπραγμένα
2648 5460 2779 5508 sunt
2811 5462 2954 5515 acta.
2990 5452 3074 5506 vel
3105 5451 3330 5523 decreta
3362 5464 3536 5523 super
3557 5458 3717 5499 causa

2143 5519 2390 5595 qualibet
2422 5519 2508 5595 in:
2528 5533 2813 5595 conventu
2833 5521 3319 5595 agitatat‘ltaque
3363 5519 3532 5595 paulo
3563 5529 3718 5595 supra

2144 5535 2390 5595 qualibet
2422 5540 2476 5577 In
2528 5535 2800 5579 conventu
2844 5535 3070 5592 agnata.
3128 5535 3319 5587 Itaque
3360 5535 3532 5640 gaulo
3563 5535 3718 5598 supra

2144 5595 2307 5649 etiam
2344 5592 2659 5653 habuimus,
2705 5608 2756 5660 p.
2794 5592 2930 5646 171:
2973 5590 3163 5645 Λαϐὼν
3192 5590 3220 5641 ὁ
3253 5588 3353 5643 αὑτ
3395 5605 3420 5651 ς
3471 5584 3719 5657 βασιλευς

2145 5666 2211 5717 τὰ
2244 5662 2609 5735 πεπραγμένα
2634 5662 2870 5731 ἔσχισεν,
2902 5672 3008 5717 etc.
